2020-08-11,15:00:00.046000,12707,12709,12707,212
2020-08-11,15:00:00.047000,12707,12708,12708,1
2020-08-11,15:00:00.110000,12707,12708,12708,1
2020-08-11,15:00:00.200000,12707,12709,12708,1
2020-08-11,15:00:00.201000,12707,12709,12707,5
2020-08-11,15:00:00.265000,12707,12709,12707,1
2020-08-11,15:00:00.270000,12707,12709,12707,17
2020-08-11,15:00:00.285000,12706,12707,12706,11
2020-08-11,15:00:00.285000,12706,12707,12706,1
2020-08-11,15:00:00.309000,12706,12707,12706,3
2020-08-11,15:00:00.309000,12706,12707,12707,7
2020-08-11,15:00:00.309000,12706,12707,12707,10
2020-08-11,15:00:00.336000,12706,12707,12706,1
2020-08-11,15:00:00.404000,12706,12707,12706,1
2020-08-11,15:00:00.405000,12706,12707,12706,2
2020-08-11,15:00:00.455000,12706,12707,12705,2
2020-08-11,15:00:00.485000,12706,12707,12705,1
2020-08-11,15:00:00.548000,12705,12707,12705,1
2020-08-11,15:00:00.550000,12705,12707,12705,1
2020-08-11,15:00:00.610000,12705,12707,12706,1
2020-08-11,15:00:00.617000,12705,12707,12706,1
2020-08-11,15:00:00.627000,12705,12707,12705,2
2020-08-11,15:00:00.650000,12705,12707,12705,4
2020-08-11,15:00:00.663000,12704,12706,12704,8
2020-08-11,15:00:00.669000,12704,12706,12704,1
2020-08-11,15:00:00.669000,12704,12706,12703,1
2020-08-11,15:00:00.675000,12704,12706,12703,2
2020-08-11,15:00:00.677000,12704,12706,12703,4
2020-08-11,15:00:00.690000,12704,12706,12703,2
2020-08-11,15:00:00.722000,12704,12706,12703,2
2020-08-11,15:00:00.739000,12704,12706,12702,2
2020-08-11,15:00:00.763000,12704,12706,12703,1
2020-08-11,15:00:00.781000,12702,12704,12702,6
2020-08-11,15:00:00.809000,12702,12704,12701,1
2020-08-11,15:00:00.823000,12702,12704,12701,1
2020-08-11,15:00:00.838000,12702,12704,12703,5
2020-08-11,15:00:00.838000,12702,12704,12704,5
2020-08-11,15:00:00.846000,12702,12704,12702,1
2020-08-11,15:00:00.846000,12702,12704,12701,7
2020-08-11,15:00:00.847000,12702,12704,12701,1
2020-08-11,15:00:00.881000,12702,12704,12701,1
2020-08-11,15:00:00.885000,12702,12704,12701,2
2020-08-11,15:00:00.889000,12702,12704,12703,1
2020-08-11,15:00:00.895000,12702,12704,12704,1
2020-08-11,15:00:00.898000,12702,12704,12703,2
2020-08-11,15:00:00.904000,12704,12705,12703,2
2020-08-11,15:00:00.959000,12704,12705,12703,1
2020-08-11,15:00:00.968000,12704,12705,12705,1
2020-08-11,15:00:00.991000,12704,12705,12704,2
2020-08-11,15:00:00.994000,12704,12705,12704,1
2020-08-11,15:00:00.994000,12704,12705,12704,1
2020-08-11,15:00:01.015000,12704,12705,12704,1
2020-08-11,15:00:01.015000,12704,12705,12703,1
2020-08-11,15:00:01.029000,12703,12706,12703,1
2020-08-11,15:00:01.057000,12703,12706,12704,1
2020-08-11,15:00:01.070000,12703,12706,12704,4
2020-08-11,15:00:01.070000,12703,12706,12703,4
2020-08-11,15:00:01.074000,12703,12706,12704,3
2020-08-11,15:00:01.082000,12703,12706,12704,1
2020-08-11,15:00:01.122000,12703,12706,12704,1
2020-08-11,15:00:01.138000,12703,12706,12703,1
2020-08-11,15:00:01.179000,12703,12706,12705,1
2020-08-11,15:00:01.203000,12703,12706,12703,1
2020-08-11,15:00:01.263000,12703,12706,12704,1
2020-08-11,15:00:01.265000,12703,12706,12703,1
2020-08-11,15:00:01.297000,12703,12705,12703,3
2020-08-11,15:00:01.311000,12703,12705,12703,1
2020-08-11,15:00:01.325000,12703,12705,12705,3
2020-08-11,15:00:01.351000,12703,12705,12702,1
2020-08-11,15:00:01.378000,12703,12705,12702,2
2020-08-11,15:00:01.379000,12703,12705,12702,1
2020-08-11,15:00:01.379000,12703,12705,12702,1
2020-08-11,15:00:01.380000,12703,12705,12701,4
2020-08-11,15:00:01.390000,12703,12705,12700,1
2020-08-11,15:00:01.435000,12700,12703,12700,2
2020-08-11,15:00:01.436000,12700,12703,12703,4
2020-08-11,15:00:01.436000,12700,12703,12704,4
2020-08-11,15:00:01.436000,12700,12703,12705,1
2020-08-11,15:00:01.436000,12700,12703,12706,1
2020-08-11,15:00:01.438000,12700,12703,12703,1
2020-08-11,15:00:01.442000,12700,12703,12703,2
2020-08-11,15:00:01.472000,12700,12703,12706,1
2020-08-11,15:00:01.474000,12700,12703,12703,2
2020-08-11,15:00:01.477000,12700,12703,12703,2
2020-08-11,15:00:01.511000,12700,12703,12704,10
2020-08-11,15:00:01.513000,12700,12703,12701,1
2020-08-11,15:00:01.519000,12700,12703,12701,1
2020-08-11,15:00:01.521000,12700,12703,12706,1
2020-08-11,15:00:01.522000,12700,12703,12701,1
2020-08-11,15:00:01.576000,12701,12706,12701,2
2020-08-11,15:00:01.576000,12701,12706,12700,2
2020-08-11,15:00:01.638000,12701,12706,12703,1
2020-08-11,15:00:01.639000,12701,12706,12703,3
2020-08-11,15:00:01.690000,12701,12704,12701,3
2020-08-11,15:00:01.694000,12701,12704,12703,4
2020-08-11,15:00:01.705000,12701,12704,12704,5
2020-08-11,15:00:01.705000,12701,12704,12706,1
2020-08-11,15:00:01.754000,12701,12704,12704,1
2020-08-11,15:00:01.754000,12701,12704,12703,1
2020-08-11,15:00:01.782000,12703,12707,12703,4
2020-08-11,15:00:01.782000,12703,12707,12702,1
2020-08-11,15:00:01.785000,12703,12707,12704,2
2020-08-11,15:00:01.787000,12703,12707,12704,2
2020-08-11,15:00:01.798000,12703,12707,12702,1
2020-08-11,15:00:01.895000,12703,12707,12701,1
2020-08-11,15:00:01.965000,12701,12706,12706,5
2020-08-11,15:00:01.983000,12701,12706,12706,1
2020-08-11,15:00:01.983000,12701,12706,12707,7
2020-08-11,15:00:01.985000,12701,12706,12707,3
2020-08-11,15:00:02.023000,12701,12706,12705,1
2020-08-11,15:00:02.081000,12705,12707,12708,1
2020-08-11,15:00:02.083000,12705,12707,12708,1
2020-08-11,15:00:02.089000,12705,12707,12709,1
2020-08-11,15:00:02.131000,12705,12707,12707,1
2020-08-11,15:00:02.133000,12705,12707,12707,1
2020-08-11,15:00:02.151000,12707,12709,12709,11
2020-08-11,15:00:02.152000,12707,12709,12710,3
2020-08-11,15:00:02.183000,12707,12709,12709,1
2020-08-11,15:00:02.285000,12709,12711,12709,1
2020-08-11,15:00:02.285000,12709,12711,12708,4
2020-08-11,15:00:02.304000,12709,12711,12708,4
2020-08-11,15:00:02.433000,12708,12709,12708,1
2020-08-11,15:00:02.438000,12708,12709,12706,1
2020-08-11,15:00:02.531000,12706,12708,12706,2
2020-08-11,15:00:02.544000,12706,12708,12707,6
2020-08-11,15:00:02.559000,12706,12708,12707,1
2020-08-11,15:00:02.559000,12706,12708,12707,1
2020-08-11,15:00:02.559000,12706,12708,12707,1
2020-08-11,15:00:02.560000,12706,12708,12707,1
2020-08-11,15:00:02.563000,12706,12708,12706,3
2020-08-11,15:00:02.576000,12706,12708,12705,1
2020-08-11,15:00:02.583000,12706,12708,12704,1
2020-08-11,15:00:02.597000,12706,12708,12705,1
2020-08-11,15:00:02.674000,12704,12706,12705,2
2020-08-11,15:00:02.674000,12704,12706,12705,2
2020-08-11,15:00:02.674000,12704,12706,12704,1
2020-08-11,15:00:02.681000,12704,12706,12705,1
2020-08-11,15:00:02.789000,12705,12706,12705,4
2020-08-11,15:00:02.808000,12705,12706,12706,1
2020-08-11,15:00:02.834000,12705,12706,12706,5
2020-08-11,15:00:02.834000,12705,12706,12707,2
2020-08-11,15:00:02.989000,12707,12708,12707,7
2020-08-11,15:00:03.123000,12707,12708,12707,1
2020-08-11,15:00:03.195000,12707,12708,12707,2
2020-08-11,15:00:03.227000,12707,12708,12708,3
2020-08-11,15:00:03.290000,12707,12708,12707,2
2020-08-11,15:00:03.379000,12707,12708,12707,1
2020-08-11,15:00:03.392000,12707,12708,12707,1
2020-08-11,15:00:03.491000,12707,12708,12707,1
2020-08-11,15:00:03.584000,12706,12708,12709,1
2020-08-11,15:00:03.596000,12706,12708,12708,2
2020-08-11,15:00:03.596000,12706,12708,12710,7
2020-08-11,15:00:03.597000,12706,12708,12710,1
2020-08-11,15:00:03.633000,12706,12708,12709,1
2020-08-11,15:00:03.661000,12709,12711,12709,1
2020-08-11,15:00:03.804000,12708,12709,12708,1
2020-08-11,15:00:03.845000,12708,12709,12708,1
2020-08-11,15:00:03.992000,12707,12709,12707,1
2020-08-11,15:00:04.025000,12707,12709,12707,1
2020-08-11,15:00:04.031000,12707,12709,12707,1
2020-08-11,15:00:04.097000,12707,12709,12709,1
2020-08-11,15:00:04.100000,12707,12709,12710,1
2020-08-11,15:00:04.139000,12707,12709,12711,3
2020-08-11,15:00:04.163000,12710,12712,12710,1
2020-08-11,15:00:04.182000,12710,12712,12710,10
2020-08-11,15:00:04.182000,12710,12712,12709,5
2020-08-11,15:00:04.183000,12710,12712,12709,1
2020-08-11,15:00:04.222000,12710,12712,12708,1
2020-08-11,15:00:04.314000,12708,12709,12708,1
2020-08-11,15:00:04.388000,12708,12709,12707,1
2020-08-11,15:00:04.498000,12707,12708,12708,2
2020-08-11,15:00:04.498000,12707,12708,12709,1
2020-08-11,15:00:04.544000,12708,12709,12709,8
2020-08-11,15:00:05.465000,12708,12710,12710,1
2020-08-11,15:00:05.466000,12708,12710,12710,1
2020-08-11,15:00:06.122000,12708,12710,12708,2
2020-08-11,15:00:06.123000,12708,12710,12708,5
2020-08-11,15:00:06.150000,12708,12710,12708,1
2020-08-11,15:00:06.761000,12707,12709,12707,3
2020-08-11,15:00:06.761000,12707,12709,12707,1
2020-08-11,15:00:06.762000,12707,12709,12707,5
2020-08-11,15:00:06.762000,12707,12709,12707,3
2020-08-11,15:00:06.879000,12705,12708,12708,1
2020-08-11,15:00:07.039000,12705,12708,12708,1
2020-08-11,15:00:07.268000,12706,12707,12707,1
2020-08-11,15:00:07.268000,12706,12707,12708,3
2020-08-11,15:00:07.363000,12708,12709,12708,16
2020-08-11,15:00:08.764000,12706,12708,12708,1
2020-08-11,15:00:08.786000,12706,12708,12708,1
2020-08-11,15:00:08.867000,12706,12708,12708,3
2020-08-11,15:00:09.386000,12706,12708,12706,1
2020-08-11,15:00:09.514000,12706,12708,12708,1
2020-08-11,15:00:10.138000,12707,12709,12709,1
2020-08-11,15:00:10.138000,12707,12709,12709,1
2020-08-11,15:00:10.140000,12707,12709,12710,3
2020-08-11,15:00:10.253000,12709,12711,12709,1
2020-08-11,15:00:10.517000,12709,12711,12709,1
2020-08-11,15:00:10.868000,12709,12711,12711,1
2020-08-11,15:00:11.057000,12709,12711,12711,1
2020-08-11,15:00:11.772000,12709,12711,12711,7
2020-08-11,15:00:12.151000,12711,12712,12712,2
2020-08-11,15:00:12.489000,12711,12713,12711,5
2020-08-11,15:00:12.489000,12711,12713,12710,1
2020-08-11,15:00:12.660000,12709,12710,12710,5
2020-08-11,15:00:13.224000,12709,12710,12709,2
2020-08-11,15:00:13.224000,12709,12710,12709,1
2020-08-11,15:00:13.224000,12709,12710,12709,2
2020-08-11,15:00:13.308000,12708,12709,12709,1
2020-08-11,15:00:13.308000,12708,12709,12710,1
2020-08-11,15:00:13.536000,12708,12709,12708,1
2020-08-11,15:00:13.776000,12707,12708,12708,1
2020-08-11,15:00:13.992000,12707,12710,12707,2
2020-08-11,15:00:14.469000,12707,12710,12708,1
2020-08-11,15:00:15.409000,12708,12710,12708,1
2020-08-11,15:00:16.206000,12709,12711,12709,1
2020-08-11,15:00:17.027000,12709,12710,12710,1
2020-08-11,15:00:17.098000,12709,12710,12710,2
2020-08-11,15:00:17.903000,12709,12710,12709,2
2020-08-11,15:00:17.904000,12709,12710,12709,1
2020-08-11,15:00:17.904000,12709,12710,12709,6
2020-08-11,15:00:18.276000,12708,12709,12709,1
2020-08-11,15:00:18.549000,12709,12710,12710,2
2020-08-11,15:00:18.772000,12710,12711,12710,1
2020-08-11,15:00:19.094000,12710,12711,12710,2
2020-08-11,15:00:19.779000,12709,12710,12709,5
2020-08-11,15:00:20.232000,12708,12710,12710,5
2020-08-11,15:00:20.332000,12709,12710,12710,1
2020-08-11,15:00:20.332000,12709,12710,12711,4
2020-08-11,15:00:20.449000,12709,12711,12711,5
2020-08-11,15:00:20.644000,12710,12712,12711,1
2020-08-11,15:00:20.682000,12709,12711,12711,2
2020-08-11,15:00:20.844000,12710,12712,12710,1
2020-08-11,15:00:20.869000,12710,12712,12710,3
2020-08-11,15:00:21.498000,12709,12710,12709,1
2020-08-11,15:00:22.063000,12709,12711,12711,1
2020-08-11,15:00:22.385000,12709,12711,12709,2
2020-08-11,15:00:22.825000,12709,12711,12709,1
2020-08-11,15:00:23.566000,12709,12711,12711,2
2020-08-11,15:00:23.943000,12710,12712,12712,1
2020-08-11,15:00:24.026000,12711,12712,12712,1
2020-08-11,15:00:24.334000,12711,12713,12711,1
2020-08-11,15:00:25.402000,12711,12713,12713,3
2020-08-11,15:00:25.402000,12711,12713,12713,5
2020-08-11,15:00:25.544000,12712,12714,12713,2
2020-08-11,15:00:25.544000,12712,12714,12713,1
2020-08-11,15:00:25.859000,12712,12714,12712,2
2020-08-11,15:00:26.705000,12712,12714,12712,1
2020-08-11,15:00:27.084000,12712,12714,12713,1
2020-08-11,15:00:27.284000,12712,12714,12714,1
2020-08-11,15:00:27.442000,12713,12714,12714,2
2020-08-11,15:00:27.613000,12714,12715,12715,1
2020-08-11,15:00:27.619000,12714,12715,12715,1
2020-08-11,15:00:28.261000,12714,12715,12714,1
2020-08-11,15:00:29.223000,12714,12715,12715,2
2020-08-11,15:00:29.333000,12714,12715,12715,2
2020-08-11,15:00:29.445000,12714,12715,12715,1
2020-08-11,15:00:29.445000,12714,12715,12715,3
2020-08-11,15:00:29.524000,12714,12715,12715,1
2020-08-11,15:00:29.529000,12714,12715,12715,1
2020-08-11,15:00:29.973000,12714,12716,12716,1
2020-08-11,15:00:30.368000,12714,12716,12716,1
2020-08-11,15:00:30.666000,12714,12716,12714,1
2020-08-11,15:00:31.001000,12714,12716,12716,1
2020-08-11,15:00:31.710000,12713,12715,12714,1
2020-08-11,15:00:31.776000,12713,12714,12713,1
2020-08-11,15:00:33.057000,12713,12714,12714,1
2020-08-11,15:00:33.311000,12713,12714,12713,1
2020-08-11,15:00:33.315000,12713,12714,12714,4
2020-08-11,15:00:33.653000,12712,12714,12714,2
2020-08-11,15:00:34.006000,12712,12714,12714,2
2020-08-11,15:00:34.615000,12712,12714,12713,1
2020-08-11,15:00:34.615000,12712,12714,12714,4
2020-08-11,15:00:36.038000,12712,12714,12712,2
2020-08-11,15:00:36.649000,12712,12714,12712,1
2020-08-11,15:00:36.690000,12712,12714,12714,1
2020-08-11,15:00:36.815000,12713,12714,12713,2
2020-08-11,15:00:37.044000,12712,12713,12712,2
2020-08-11,15:00:37.072000,12712,12713,12712,13
2020-08-11,15:00:37.082000,12712,12713,12712,1
2020-08-11,15:00:37.473000,12711,12713,12713,4
2020-08-11,15:00:38.532000,12712,12714,12713,1
2020-08-11,15:00:39.554000,12711,12713,12713,1
2020-08-11,15:00:40.227000,12712,12713,12712,1
2020-08-11,15:00:40.267000,12712,12713,12712,1
2020-08-11,15:00:40.511000,12712,12713,12712,1
2020-08-11,15:00:40.511000,12712,12713,12711,4
2020-08-11,15:00:41.188000,12712,12714,12714,1
2020-08-11,15:00:41.553000,12712,12714,12714,1
2020-08-11,15:00:45.447000,12712,12713,12713,1
2020-08-11,15:00:45.524000,12712,12713,12712,1
2020-08-11,15:00:46.427000,12712,12714,12714,3
2020-08-11,15:00:46.718000,12712,12714,12714,1
2020-08-11,15:00:47.437000,12712,12714,12714,2
2020-08-11,15:00:47.626000,12712,12714,12714,5
2020-08-11,15:00:48.357000,12713,12714,12713,1
2020-08-11,15:00:50.349000,12713,12714,12714,6
2020-08-11,15:00:50.585000,12713,12715,12714,1
2020-08-11,15:00:51.382000,12713,12715,12713,1
2020-08-11,15:00:53.454000,12713,12714,12714,1
2020-08-11,15:00:53.727000,12713,12714,12714,1
2020-08-11,15:00:56.272000,12713,12714,12714,1
2020-08-11,15:00:56.512000,12713,12714,12713,2
2020-08-11,15:00:57.773000,12713,12714,12713,4
2020-08-11,15:00:57.773000,12713,12714,12712,10
2020-08-11,15:00:57.773000,12713,12714,12711,2
2020-08-11,15:00:57.802000,12711,12713,12711,2
2020-08-11,15:00:57.803000,12711,12713,12711,3
2020-08-11,15:00:57.807000,12711,12713,12711,2
2020-08-11,15:00:57.813000,12711,12713,12710,3
2020-08-11,15:00:57.835000,12711,12713,12713,1
2020-08-11,15:00:57.897000,12711,12713,12710,4
2020-08-11,15:00:58.130000,12709,12713,12711,1
2020-08-11,15:00:59.115000,12709,12711,12709,1
2020-08-11,15:00:59.321000,12709,12711,12709,2
2020-08-11,15:00:59.324000,12709,12711,12711,3
2020-08-11,15:00:59.353000,12709,12711,12709,2
2020-08-11,15:00:59.357000,12709,12711,12709,2
2020-08-11,15:00:59.358000,12709,12711,12709,2
2020-08-11,15:00:59.366000,12709,12711,12709,1
2020-08-11,15:00:59.390000,12709,12711,12708,1
2020-08-11,15:00:59.981000,12708,12711,12708,1
2020-08-11,15:01:00.012000,12708,12711,12708,2
2020-08-11,15:01:00.025000,12708,12711,12708,1
2020-08-11,15:01:00.029000,12708,12709,12709,2
2020-08-11,15:01:00.033000,12708,12709,12708,1
2020-08-11,15:01:00.033000,12708,12709,12708,1
2020-08-11,15:01:00.033000,12708,12709,12708,3
2020-08-11,15:01:00.042000,12708,12709,12707,1
2020-08-11,15:01:00.043000,12708,12709,12707,1
2020-08-11,15:01:00.061000,12708,12709,12707,1
2020-08-11,15:01:00.070000,12708,12709,12707,1
2020-08-11,15:01:00.095000,12708,12709,12708,2
2020-08-11,15:01:00.155000,12708,12710,12710,1
2020-08-11,15:01:00.156000,12708,12710,12710,1
2020-08-11,15:01:00.163000,12708,12710,12710,1
2020-08-11,15:01:00.163000,12708,12710,12711,1
2020-08-11,15:01:00.164000,12708,12710,12711,1
2020-08-11,15:01:00.164000,12708,12710,12712,2
2020-08-11,15:01:00.174000,12708,12710,12710,1
2020-08-11,15:01:00.181000,12708,12710,12709,1
2020-08-11,15:01:00.530000,12710,12712,12710,4
2020-08-11,15:01:00.534000,12710,12712,12710,1
2020-08-11,15:01:00.534000,12710,12712,12709,1
2020-08-11,15:01:00.536000,12710,12712,12709,2
2020-08-11,15:01:00.598000,12710,12712,12709,1
2020-08-11,15:01:00.598000,12710,12712,12708,3
2020-08-11,15:01:00.757000,12708,12711,12708,1
2020-08-11,15:01:01.388000,12709,12711,12711,1
2020-08-11,15:01:02.421000,12709,12711,12711,4
2020-08-11,15:01:02.664000,12710,12712,12710,2
2020-08-11,15:01:04.050000,12711,12713,12713,1
2020-08-11,15:01:05.071000,12712,12714,12712,1
2020-08-11,15:01:05.229000,12712,12714,12712,6
2020-08-11,15:01:05.229000,12712,12714,12711,2
2020-08-11,15:01:06.046000,12711,12712,12712,2
2020-08-11,15:01:06.129000,12711,12712,12712,1
2020-08-11,15:01:06.909000,12712,12714,12712,1
2020-08-11,15:01:08.326000,12711,12712,12711,1
2020-08-11,15:01:10.026000,12711,12712,12712,1
2020-08-11,15:01:10.327000,12711,12713,12711,1
2020-08-11,15:01:12.108000,12711,12712,12712,1
2020-08-11,15:01:13.649000,12712,12714,12714,1
2020-08-11,15:01:14.212000,12712,12714,12714,1
2020-08-11,15:01:14.341000,12713,12714,12713,1
2020-08-11,15:01:14.351000,12713,12714,12713,3
2020-08-11,15:01:14.351000,12713,12714,12712,9
2020-08-11,15:01:14.704000,12711,12713,12711,2
2020-08-11,15:01:17.016000,12710,12712,12712,3
2020-08-11,15:01:18.233000,12711,12712,12712,1
2020-08-11,15:01:18.253000,12711,12712,12712,1
2020-08-11,15:01:18.448000,12711,12712,12712,1
2020-08-11,15:01:18.702000,12711,12712,12711,1
2020-08-11,15:01:20.847000,12711,12712,12712,5
2020-08-11,15:01:23.698000,12711,12712,12712,1
2020-08-11,15:01:24.649000,12711,12712,12712,1
2020-08-11,15:01:24.776000,12712,12713,12713,3
2020-08-11,15:01:29.924000,12713,12714,12713,1
2020-08-11,15:01:30.001000,12713,12714,12712,1
2020-08-11,15:01:30.233000,12711,12713,12713,4
2020-08-11,15:01:31.702000,12711,12713,12711,1
2020-08-11,15:01:31.786000,12711,12713,12713,1
2020-08-11,15:01:32.207000,12711,12713,12713,2
2020-08-11,15:01:32.275000,12711,12713,12713,1
2020-08-11,15:01:32.526000,12712,12713,12713,1
2020-08-11,15:01:33.026000,12712,12713,12713,1
2020-08-11,15:01:33.901000,12712,12713,12713,1
2020-08-11,15:01:35.174000,12712,12714,12712,4
2020-08-11,15:01:38.244000,12713,12714,12713,1
2020-08-11,15:01:41.401000,12713,12714,12714,12
2020-08-11,15:01:41.526000,12714,12715,12715,5
2020-08-11,15:01:41.527000,12714,12715,12715,5
2020-08-11,15:01:41.800000,12715,12716,12715,5
2020-08-11,15:01:43.459000,12714,12715,12715,1
2020-08-11,15:01:45.720000,12714,12715,12715,2
2020-08-11,15:01:47.457000,12714,12715,12715,1
2020-08-11,15:01:48.027000,12714,12715,12715,1
2020-08-11,15:01:48.696000,12714,12715,12715,1
2020-08-11,15:01:48.784000,12714,12715,12715,1
2020-08-11,15:01:49.318000,12714,12715,12714,2
2020-08-11,15:01:50.343000,12713,12715,12715,1
2020-08-11,15:01:51.605000,12713,12715,12715,1
2020-08-11,15:01:52.540000,12714,12715,12715,1
2020-08-11,15:01:52.691000,12714,12715,12715,1
2020-08-11,15:01:53.134000,12714,12715,12715,2
2020-08-11,15:01:53.178000,12714,12715,12715,1
2020-08-11,15:01:53.747000,12715,12716,12716,1
2020-08-11,15:01:54.244000,12715,12716,12715,1
2020-08-11,15:01:54.276000,12714,12715,12715,2
2020-08-11,15:01:54.327000,12714,12715,12715,2
2020-08-11,15:01:54.609000,12714,12715,12715,1
2020-08-11,15:01:56.241000,12714,12716,12716,17
2020-08-11,15:01:56.241000,12714,12716,12717,3
2020-08-11,15:01:56.558000,12715,12717,12715,2
2020-08-11,15:01:56.956000,12715,12716,12716,1
2020-08-11,15:01:59.578000,12715,12716,12716,1
2020-08-11,15:02:00.115000,12716,12717,12717,1
2020-08-11,15:02:00.161000,12715,12717,12715,1
2020-08-11,15:02:00.233000,12715,12717,12715,1
2020-08-11,15:02:00.292000,12715,12716,12715,1
2020-08-11,15:02:00.341000,12715,12716,12714,7
2020-08-11,15:02:02.283000,12714,12716,12716,7
2020-08-11,15:02:02.477000,12715,12716,12716,1
2020-08-11,15:02:03.507000,12716,12717,12717,1
2020-08-11,15:02:03.914000,12716,12717,12717,3
2020-08-11,15:02:03.915000,12716,12717,12717,1
2020-08-11,15:02:03.915000,12716,12717,12717,1
2020-08-11,15:02:03.915000,12716,12717,12717,4
2020-08-11,15:02:07.421000,12716,12717,12717,1
2020-08-11,15:02:07.473000,12716,12717,12717,1
2020-08-11,15:02:07.863000,12717,12718,12718,1
2020-08-11,15:02:07.864000,12717,12718,12718,2
2020-08-11,15:02:07.864000,12717,12718,12718,9
2020-08-11,15:02:09.407000,12717,12719,12719,1
2020-08-11,15:02:09.557000,12717,12719,12719,1
2020-08-11,15:02:09.630000,12717,12719,12719,11
2020-08-11,15:02:09.630000,12717,12719,12720,22
2020-08-11,15:02:09.631000,12717,12719,12720,2
2020-08-11,15:02:09.631000,12717,12719,12720,1
2020-08-11,15:02:09.632000,12717,12719,12720,1
2020-08-11,15:02:09.632000,12717,12719,12720,1
2020-08-11,15:02:09.632000,12717,12719,12719,1
2020-08-11,15:02:09.725000,12719,12720,12719,1
2020-08-11,15:02:09.742000,12719,12720,12720,1
2020-08-11,15:02:10.069000,12718,12720,12719,1
2020-08-11,15:02:10.479000,12718,12720,12720,3
2020-08-11,15:02:10.690000,12719,12720,12719,1
2020-08-11,15:02:11.390000,12718,12720,12718,3
2020-08-11,15:02:11.554000,12718,12720,12720,1
2020-08-11,15:02:11.558000,12718,12720,12720,1
2020-08-11,15:02:11.739000,12718,12720,12720,1
2020-08-11,15:02:11.793000,12717,12719,12719,1
2020-08-11,15:02:14.358000,12717,12718,12718,1
2020-08-11,15:02:14.441000,12717,12718,12718,1
2020-08-11,15:02:14.727000,12717,12718,12718,1
2020-08-11,15:02:15.506000,12717,12718,12719,2
2020-08-11,15:02:15.709000,12717,12719,12719,1
2020-08-11,15:02:18.017000,12717,12718,12718,3
2020-08-11,15:02:19.471000,12717,12718,12718,1
2020-08-11,15:02:19.475000,12717,12718,12718,2
2020-08-11,15:02:19.624000,12717,12718,12718,2
2020-08-11,15:02:20.162000,12717,12718,12718,1
2020-08-11,15:02:20.318000,12717,12718,12718,4
2020-08-11,15:02:20.318000,12717,12718,12719,3
2020-08-11,15:02:20.319000,12717,12718,12719,1
2020-08-11,15:02:20.319000,12717,12718,12719,5
2020-08-11,15:02:20.319000,12717,12718,12719,17
2020-08-11,15:02:20.956000,12717,12718,12718,1
2020-08-11,15:02:22.153000,12718,12719,12719,1
2020-08-11,15:02:22.529000,12718,12720,12720,1
2020-08-11,15:02:23.557000,12719,12720,12720,3
2020-08-11,15:02:23.557000,12719,12720,12720,1
2020-08-11,15:02:23.626000,12719,12720,12721,1
2020-08-11,15:02:23.951000,12719,12721,12721,1
2020-08-11,15:02:25.461000,12720,12721,12721,1
2020-08-11,15:02:25.551000,12720,12721,12721,1
2020-08-11,15:02:26.128000,12720,12721,12721,1
2020-08-11,15:02:26.128000,12720,12721,12721,2
2020-08-11,15:02:27.094000,12721,12722,12722,5
2020-08-11,15:02:27.162000,12721,12722,12722,3
2020-08-11,15:02:27.341000,12721,12722,12722,1
2020-08-11,15:02:27.342000,12721,12722,12722,2
2020-08-11,15:02:27.342000,12721,12722,12722,3
2020-08-11,15:02:27.872000,12721,12722,12721,4
2020-08-11,15:02:28.500000,12720,12722,12722,2
2020-08-11,15:02:29.355000,12720,12722,12720,2
2020-08-11,15:02:30.483000,12720,12721,12721,4
2020-08-11,15:02:30.901000,12720,12721,12720,1
2020-08-11,15:02:31.936000,12720,12721,12721,3
2020-08-11,15:02:31.951000,12720,12721,12720,1
2020-08-11,15:02:32.794000,12720,12722,12722,1
2020-08-11,15:02:33.224000,12720,12722,12722,1
2020-08-11,15:02:33.537000,12720,12722,12721,1
2020-08-11,15:02:34.600000,12720,12722,12722,4
2020-08-11,15:02:34.668000,12721,12722,12722,1
2020-08-11,15:02:35.491000,12721,12722,12721,1
2020-08-11,15:02:35.740000,12721,12722,12722,1
2020-08-11,15:02:38.539000,12720,12722,12721,1
2020-08-11,15:02:39.467000,12720,12721,12721,1
2020-08-11,15:02:39.857000,12720,12722,12722,5
2020-08-11,15:02:40.368000,12721,12722,12721,1
2020-08-11,15:02:42.735000,12721,12722,12721,1
2020-08-11,15:02:43.464000,12721,12722,12721,1
2020-08-11,15:02:43.468000,12721,12722,12722,3
2020-08-11,15:02:43.956000,12721,12723,12721,1
2020-08-11,15:02:44.876000,12721,12723,12721,1
2020-08-11,15:02:46.105000,12721,12723,12723,3
2020-08-11,15:02:47.765000,12721,12722,12722,1
2020-08-11,15:02:47.776000,12722,12723,12723,1
2020-08-11,15:02:48.890000,12722,12723,12722,1
2020-08-11,15:02:49.371000,12722,12723,12723,1
2020-08-11,15:02:49.487000,12722,12723,12722,1
2020-08-11,15:02:51.525000,12722,12723,12723,1
2020-08-11,15:02:53.355000,12722,12723,12722,4
2020-08-11,15:02:53.833000,12721,12723,12723,1
2020-08-11,15:02:54.089000,12721,12723,12723,3
2020-08-11,15:02:55.941000,12721,12722,12721,3
2020-08-11,15:02:56.046000,12721,12722,12721,3
2020-08-11,15:02:56.208000,12721,12722,12721,3
2020-08-11,15:02:56.243000,12721,12722,12722,1
2020-08-11,15:02:57.352000,12720,12721,12721,1
2020-08-11,15:02:57.628000,12720,12721,12720,1
2020-08-11,15:03:00.026000,12720,12721,12720,24
2020-08-11,15:03:00.026000,12720,12721,12720,1
2020-08-11,15:03:00.048000,12720,12721,12719,2
2020-08-11,15:03:00.078000,12720,12721,12719,1
2020-08-11,15:03:00.292000,12719,12720,12719,1
2020-08-11,15:03:00.542000,12719,12720,12719,1
2020-08-11,15:03:00.789000,12719,12720,12720,1
2020-08-11,15:03:01.453000,12719,12720,12720,1
2020-08-11,15:03:01.708000,12719,12720,12720,1
2020-08-11,15:03:01.917000,12719,12721,12721,1
2020-08-11,15:03:01.999000,12719,12721,12719,1
2020-08-11,15:03:02.185000,12719,12721,12720,6
2020-08-11,15:03:02.185000,12719,12721,12721,2
2020-08-11,15:03:02.365000,12719,12721,12719,1
2020-08-11,15:03:03.205000,12720,12721,12720,1
2020-08-11,15:03:04.388000,12719,12720,12720,1
2020-08-11,15:03:05.012000,12719,12720,12719,1
2020-08-11,15:03:06.177000,12719,12720,12719,1
2020-08-11,15:03:06.888000,12719,12720,12720,3
2020-08-11,15:03:08.575000,12719,12720,12720,1
2020-08-11,15:03:09.155000,12720,12721,12721,12
2020-08-11,15:03:09.157000,12720,12721,12721,1
2020-08-11,15:03:09.422000,12721,12722,12721,3
2020-08-11,15:03:13.203000,12721,12722,12722,3
2020-08-11,15:03:13.276000,12722,12723,12723,4
2020-08-11,15:03:16.032000,12722,12724,12724,1
2020-08-11,15:03:18.252000,12723,12724,12724,1
2020-08-11,15:03:20.029000,12722,12724,12724,1
2020-08-11,15:03:21.500000,12722,12723,12723,1
2020-08-11,15:03:21.912000,12723,12724,12724,5
2020-08-11,15:03:22.143000,12723,12724,12724,1
2020-08-11,15:03:22.984000,12724,12725,12724,1
2020-08-11,15:03:23.948000,12723,12725,12724,1
2020-08-11,15:03:24.037000,12723,12724,12724,3
2020-08-11,15:03:25.474000,12724,12725,12724,1
2020-08-11,15:03:25.539000,12723,12724,12724,5
2020-08-11,15:03:25.540000,12723,12724,12723,1
2020-08-11,15:03:25.768000,12723,12725,12725,4
2020-08-11,15:03:26.946000,12723,12724,12724,1
2020-08-11,15:03:28.461000,12723,12724,12724,1
2020-08-11,15:03:29.270000,12723,12724,12724,1
2020-08-11,15:03:29.276000,12722,12724,12724,1
2020-08-11,15:03:30.832000,12722,12723,12722,5
2020-08-11,15:03:31.363000,12721,12723,12723,3
2020-08-11,15:03:31.426000,12721,12723,12723,4
2020-08-11,15:03:31.426000,12721,12723,12723,1
2020-08-11,15:03:33.937000,12723,12724,12723,1
2020-08-11,15:03:35.040000,12722,12723,12723,1
2020-08-11,15:03:35.524000,12722,12723,12722,1
2020-08-11,15:03:35.624000,12721,12723,12723,1
2020-08-11,15:03:36.732000,12722,12723,12722,1
2020-08-11,15:03:40.189000,12721,12723,12721,3
2020-08-11,15:03:40.629000,12721,12722,12722,1
2020-08-11,15:03:45.272000,12721,12722,12722,1
2020-08-11,15:03:46.047000,12721,12722,12722,1
2020-08-11,15:03:48.181000,12721,12723,12722,1
2020-08-11,15:03:50.533000,12721,12722,12722,1
2020-08-11,15:03:52.650000,12721,12722,12721,13
2020-08-11,15:03:52.753000,12720,12721,12720,2
2020-08-11,15:03:52.826000,12720,12721,12721,2
2020-08-11,15:03:57.522000,12720,12721,12721,1
2020-08-11,15:04:00.510000,12720,12721,12721,1
2020-08-11,15:04:00.980000,12720,12721,12720,2
2020-08-11,15:04:00.985000,12720,12721,12720,7
2020-08-11,15:04:01.345000,12719,12721,12719,1
2020-08-11,15:04:02.346000,12719,12720,12720,2
2020-08-11,15:04:02.443000,12719,12721,12721,9
2020-08-11,15:04:02.444000,12719,12721,12720,1
2020-08-11,15:04:03.473000,12719,12721,12721,1
2020-08-11,15:04:03.483000,12719,12721,12721,1
2020-08-11,15:04:04.976000,12719,12721,12719,1
2020-08-11,15:04:08.031000,12719,12720,12719,1
2020-08-11,15:04:08.038000,12719,12720,12720,1
2020-08-11,15:04:08.221000,12719,12720,12720,1
2020-08-11,15:04:08.544000,12719,12720,12719,1
2020-08-11,15:04:10.613000,12719,12721,12720,3
2020-08-11,15:04:12.401000,12719,12720,12719,4
2020-08-11,15:04:12.401000,12719,12720,12719,3
2020-08-11,15:04:15.761000,12719,12720,12720,1
2020-08-11,15:04:22.938000,12719,12720,12719,1
2020-08-11,15:04:23.032000,12719,12720,12720,1
2020-08-11,15:04:23.376000,12719,12720,12720,1
2020-08-11,15:04:30.117000,12719,12720,12719,7
2020-08-11,15:04:37.586000,12718,12719,12718,1
2020-08-11,15:04:38.466000,12718,12719,12718,13
2020-08-11,15:04:41.329000,12717,12719,12718,1
2020-08-11,15:04:43.069000,12718,12719,12718,1
2020-08-11,15:04:44.884000,12718,12719,12718,1
2020-08-11,15:04:48.244000,12717,12718,12718,1
2020-08-11,15:04:48.673000,12718,12719,12718,1
2020-08-11,15:04:49.762000,12718,12719,12718,1
2020-08-11,15:04:49.762000,12718,12719,12717,1
2020-08-11,15:04:49.797000,12717,12719,12717,2
2020-08-11,15:04:52.025000,12717,12718,12718,1
2020-08-11,15:04:54.997000,12717,12718,12717,1
2020-08-11,15:04:57.146000,12717,12718,12718,2
2020-08-11,15:05:00.110000,12717,12718,12718,3
2020-08-11,15:05:01.188000,12717,12718,12717,1
2020-08-11,15:05:01.546000,12717,12718,12717,2
2020-08-11,15:05:01.551000,12717,12718,12717,1
2020-08-11,15:05:01.760000,12717,12718,12717,1
2020-08-11,15:05:01.870000,12717,12718,12717,1
2020-08-11,15:05:01.874000,12717,12718,12717,1
2020-08-11,15:05:01.874000,12717,12718,12717,1
2020-08-11,15:05:01.901000,12716,12717,12717,1
2020-08-11,15:05:02.325000,12717,12718,12718,6
2020-08-11,15:05:04.632000,12718,12719,12718,1
2020-08-11,15:05:06.227000,12718,12719,12718,1
2020-08-11,15:05:06.664000,12718,12719,12719,3
2020-08-11,15:05:10.361000,12719,12720,12720,1
2020-08-11,15:05:11.901000,12719,12720,12720,3
2020-08-11,15:05:14.151000,12720,12721,12721,3
2020-08-11,15:05:15.680000,12720,12722,12722,1
2020-08-11,15:05:19.474000,12720,12721,12720,1
2020-08-11,15:05:20.580000,12720,12721,12721,1
2020-08-11,15:05:22.833000,12720,12721,12721,2
2020-08-11,15:05:24.436000,12720,12721,12721,1
2020-08-11,15:05:26.252000,12720,12722,12722,1
2020-08-11,15:05:27.678000,12720,12722,12721,1
2020-08-11,15:05:29.290000,12720,12722,12720,1
2020-08-11,15:05:30.965000,12720,12721,12721,1
2020-08-11,15:05:32.517000,12720,12722,12722,1
2020-08-11,15:05:32.530000,12720,12722,12720,5
2020-08-11,15:05:33.839000,12721,12722,12721,1
2020-08-11,15:05:42.943000,12720,12721,12720,3
2020-08-11,15:05:42.943000,12720,12721,12719,2
2020-08-11,15:05:51.482000,12720,12721,12721,1
2020-08-11,15:05:51.548000,12720,12721,12721,2
2020-08-11,15:06:00.061000,12721,12722,12721,2
2020-08-11,15:06:00.064000,12721,12722,12721,1
2020-08-11,15:06:00.065000,12721,12722,12721,1
2020-08-11,15:06:00.065000,12721,12722,12721,1
2020-08-11,15:06:00.074000,12721,12722,12720,1
2020-08-11,15:06:00.088000,12721,12722,12720,1
2020-08-11,15:06:01.072000,12720,12722,12722,1
2020-08-11,15:06:01.892000,12720,12722,12722,1
2020-08-11,15:06:01.930000,12720,12722,12722,2
2020-08-11,15:06:02.455000,12720,12722,12722,5
2020-08-11,15:06:04.121000,12720,12722,12722,1
2020-08-11,15:06:05.151000,12721,12722,12722,2
2020-08-11,15:06:07.805000,12721,12723,12721,1
2020-08-11,15:06:14.909000,12721,12722,12721,1
2020-08-11,15:06:19.630000,12720,12721,12721,1
2020-08-11,15:06:20.711000,12720,12721,12721,1
2020-08-11,15:06:21.799000,12720,12721,12721,1
2020-08-11,15:06:22.934000,12720,12721,12720,1
2020-08-11,15:06:23.064000,12720,12721,12720,1
2020-08-11,15:06:23.402000,12720,12721,12720,3
2020-08-11,15:06:30.337000,12720,12721,12720,1
2020-08-11,15:06:30.727000,12719,12721,12720,1
2020-08-11,15:06:35.254000,12719,12720,12720,1
2020-08-11,15:06:37.242000,12719,12720,12720,1
2020-08-11,15:06:38.039000,12719,12720,12719,12
2020-08-11,15:06:39.095000,12718,12720,12720,6
2020-08-11,15:06:44.576000,12719,12721,12720,1
2020-08-11,15:06:48.967000,12719,12720,12720,1
2020-08-11,15:06:52.214000,12719,12720,12719,1
2020-08-11,15:06:53.001000,12719,12720,12720,4
2020-08-11,15:06:53.375000,12720,12721,12720,2
2020-08-11,15:06:54.938000,12720,12721,12721,2
2020-08-11,15:06:54.939000,12720,12721,12721,2
2020-08-11,15:06:56.026000,12721,12722,12722,4
2020-08-11,15:06:56.266000,12722,12723,12722,5
2020-08-11,15:06:58.756000,12721,12723,12722,1
2020-08-11,15:07:01.102000,12722,12723,12723,4
2020-08-11,15:07:01.276000,12723,12724,12724,5
2020-08-11,15:07:04.146000,12723,12724,12724,1
2020-08-11,15:07:04.579000,12724,12725,12724,1
2020-08-11,15:07:04.850000,12724,12725,12725,1
2020-08-11,15:07:05.424000,12724,12725,12724,1
2020-08-11,15:07:06.827000,12722,12724,12724,1
2020-08-11,15:07:11.196000,12723,12724,12723,1
2020-08-11,15:07:11.259000,12723,12724,12724,5
2020-08-11,15:07:12.748000,12723,12725,12724,1
2020-08-11,15:07:13.282000,12723,12725,12724,1
2020-08-11,15:07:13.282000,12723,12725,12724,1
2020-08-11,15:07:13.381000,12723,12725,12724,1
2020-08-11,15:07:13.381000,12723,12725,12724,1
2020-08-11,15:07:14.491000,12724,12725,12724,4
2020-08-11,15:07:19.801000,12723,12724,12724,5
2020-08-11,15:07:20.354000,12723,12724,12724,1
2020-08-11,15:07:20.750000,12723,12724,12724,1
2020-08-11,15:07:20.951000,12723,12724,12723,1
2020-08-11,15:07:21.162000,12723,12724,12724,1
2020-08-11,15:07:21.558000,12723,12724,12724,1
2020-08-11,15:07:21.651000,12723,12724,12724,3
2020-08-11,15:07:24.582000,12724,12725,12724,1
2020-08-11,15:07:24.909000,12724,12725,12724,1
2020-08-11,15:07:25.815000,12724,12725,12725,1
2020-08-11,15:07:29.729000,12724,12725,12724,1
2020-08-11,15:07:30.357000,12724,12725,12724,1
2020-08-11,15:07:30.802000,12724,12725,12725,1
2020-08-11,15:07:31.101000,12724,12725,12724,1
2020-08-11,15:07:31.690000,12724,12725,12724,1
2020-08-11,15:07:31.825000,12724,12725,12725,1
2020-08-11,15:07:32.789000,12724,12725,12724,1
2020-08-11,15:07:32.789000,12724,12725,12724,1
2020-08-11,15:07:33.114000,12723,12724,12724,1
2020-08-11,15:07:33.365000,12723,12724,12724,1
2020-08-11,15:07:33.365000,12723,12724,12725,4
2020-08-11,15:07:35.151000,12723,12725,12725,1
2020-08-11,15:07:36.766000,12723,12725,12725,1
2020-08-11,15:07:37.969000,12723,12724,12723,1
2020-08-11,15:07:37.971000,12723,12724,12723,5
2020-08-11,15:07:37.981000,12723,12724,12724,1
2020-08-11,15:07:38.028000,12722,12724,12724,1
2020-08-11,15:07:39.102000,12723,12724,12724,1
2020-08-11,15:07:39.200000,12723,12724,12724,1
2020-08-11,15:07:40.353000,12723,12725,12725,1
2020-08-11,15:07:40.684000,12723,12724,12724,1
2020-08-11,15:07:42.442000,12723,12724,12724,1
2020-08-11,15:07:42.491000,12723,12724,12724,1
2020-08-11,15:07:47.710000,12724,12725,12725,9
2020-08-11,15:07:47.710000,12724,12725,12725,30
2020-08-11,15:07:47.710000,12724,12725,12725,4
2020-08-11,15:07:47.710000,12724,12725,12725,10
2020-08-11,15:07:47.710000,12724,12725,12725,8
2020-08-11,15:07:48.732000,12724,12725,12725,1
2020-08-11,15:07:49.842000,12724,12725,12724,2
2020-08-11,15:07:49.947000,12722,12724,12724,1
2020-08-11,15:07:50.283000,12722,12724,12723,1
2020-08-11,15:07:52.714000,12723,12724,12724,1
2020-08-11,15:07:56.568000,12723,12724,12724,1
2020-08-11,15:07:56.585000,12723,12724,12724,1
2020-08-11,15:07:58.322000,12723,12724,12723,5
2020-08-11,15:07:58.871000,12722,12723,12723,1
2020-08-11,15:07:59.273000,12722,12723,12722,5
2020-08-11,15:07:59.274000,12722,12723,12722,1
2020-08-11,15:07:59.274000,12722,12723,12722,2
2020-08-11,15:07:59.274000,12722,12723,12722,1
2020-08-11,15:07:59.625000,12721,12723,12723,5
2020-08-11,15:07:59.820000,12721,12723,12723,8
2020-08-11,15:07:59.820000,12721,12723,12724,2
2020-08-11,15:08:06.402000,12723,12724,12723,2
2020-08-11,15:08:07.273000,12722,12723,12723,1
2020-08-11,15:08:08.394000,12722,12723,12723,5
2020-08-11,15:08:10.742000,12722,12723,12722,4
2020-08-11,15:08:10.742000,12722,12723,12721,1
2020-08-11,15:08:13.198000,12721,12722,12721,1
2020-08-11,15:08:14.902000,12721,12722,12721,2
2020-08-11,15:08:15.419000,12720,12721,12721,1
2020-08-11,15:08:17.350000,12720,12721,12721,1
2020-08-11,15:08:17.515000,12720,12721,12721,1
2020-08-11,15:08:18.427000,12720,12721,12721,1
2020-08-11,15:08:19.747000,12720,12721,12721,1
2020-08-11,15:08:19.903000,12721,12722,12721,4
2020-08-11,15:08:20.150000,12720,12722,12722,1
2020-08-11,15:08:20.647000,12720,12722,12720,1
2020-08-11,15:08:22.629000,12721,12722,12721,1
2020-08-11,15:08:24.904000,12721,12722,12721,2
2020-08-11,15:08:30.134000,12720,12721,12720,1
2020-08-11,15:08:30.838000,12720,12721,12721,3
2020-08-11,15:08:34.119000,12720,12721,12720,12
2020-08-11,15:08:34.464000,12719,12721,12719,1
2020-08-11,15:08:35.677000,12719,12721,12721,5
2020-08-11,15:08:36.792000,12719,12720,12720,1
2020-08-11,15:08:40.214000,12719,12721,12719,5
2020-08-11,15:08:40.534000,12719,12721,12720,1
2020-08-11,15:08:44.263000,12719,12721,12720,1
2020-08-11,15:08:45.394000,12720,12721,12720,1
2020-08-11,15:08:45.567000,12720,12721,12721,3
2020-08-11,15:08:46.956000,12721,12722,12722,6
2020-08-11,15:08:47.076000,12722,12723,12722,5
2020-08-11,15:08:48.922000,12722,12723,12722,5
2020-08-11,15:08:54.972000,12722,12723,12722,1
2020-08-11,15:08:57.697000,12722,12723,12722,4
2020-08-11,15:08:58.519000,12722,12723,12722,4
2020-08-11,15:08:58.767000,12722,12723,12723,1
2020-08-11,15:09:01.180000,12722,12723,12722,8
2020-08-11,15:09:04.268000,12721,12723,12723,1
2020-08-11,15:09:05.540000,12721,12722,12721,2
2020-08-11,15:09:08.334000,12719,12721,12721,2
2020-08-11,15:09:17.960000,12719,12720,12720,1
2020-08-11,15:09:23.790000,12719,12721,12719,1
2020-08-11,15:09:25.300000,12719,12721,12720,1
2020-08-11,15:09:25.984000,12720,12721,12721,1
2020-08-11,15:09:27.474000,12720,12721,12720,1
2020-08-11,15:09:28.852000,12719,12721,12721,4
2020-08-11,15:09:31.300000,12719,12721,12721,1
2020-08-11,15:09:33.192000,12720,12721,12720,1
2020-08-11,15:09:38.193000,12719,12720,12720,1
2020-08-11,15:09:42.242000,12719,12720,12719,5
2020-08-11,15:09:48.248000,12718,12719,12719,1
2020-08-11,15:09:54.890000,12719,12720,12720,1
2020-08-11,15:09:56.253000,12719,12720,12719,1
2020-08-11,15:10:02.259000,12719,12720,12719,2
2020-08-11,15:10:02.412000,12719,12720,12720,1
2020-08-11,15:10:02.526000,12719,12720,12719,3
2020-08-11,15:10:02.557000,12719,12720,12719,1
2020-08-11,15:10:02.754000,12718,12720,12718,3
2020-08-11,15:10:02.963000,12718,12719,12718,3
2020-08-11,15:10:03,12718,12719,12719,1
2020-08-11,15:10:03.219000,12718,12719,12719,1
2020-08-11,15:10:04.295000,12718,12719,12718,5
2020-08-11,15:10:05.079000,12718,12719,12719,1
2020-08-11,15:10:05.328000,12719,12720,12720,5
2020-08-11,15:10:07.434000,12719,12720,12720,2
2020-08-11,15:10:08.851000,12720,12721,12721,3
2020-08-11,15:10:10.461000,12721,12722,12721,2
2020-08-11,15:10:11.920000,12721,12722,12721,1
2020-08-11,15:10:11.980000,12721,12722,12720,1
2020-08-11,15:10:16.972000,12721,12722,12722,2
2020-08-11,15:10:18.327000,12721,12723,12721,9
2020-08-11,15:10:18.327000,12721,12723,12720,1
2020-08-11,15:10:18.401000,12721,12722,12721,1
2020-08-11,15:10:23.872000,12720,12722,12722,1
2020-08-11,15:10:26.195000,12721,12722,12722,2
2020-08-11,15:10:30.071000,12722,12723,12722,1
2020-08-11,15:10:30.968000,12721,12722,12721,2
2020-08-11,15:10:34.376000,12721,12722,12722,1
2020-08-11,15:10:39.776000,12721,12722,12722,2
2020-08-11,15:10:40.276000,12722,12723,12723,3
2020-08-11,15:10:42.279000,12722,12724,12722,1
2020-08-11,15:10:50.433000,12722,12723,12722,3
2020-08-11,15:10:50.556000,12721,12722,12722,2
2020-08-11,15:10:50.556000,12721,12722,12723,3
2020-08-11,15:11:01.221000,12721,12722,12721,3
2020-08-11,15:11:02.110000,12720,12721,12721,2
2020-08-11,15:11:20.015000,12721,12722,12722,2
2020-08-11,15:11:20.016000,12721,12722,12722,3
2020-08-11,15:11:20.016000,12721,12722,12722,3
2020-08-11,15:11:21.888000,12721,12723,12723,1
2020-08-11,15:11:25.186000,12723,12724,12724,2
2020-08-11,15:11:25.187000,12723,12724,12724,1
2020-08-11,15:11:25.187000,12723,12724,12724,1
2020-08-11,15:11:25.187000,12723,12724,12724,2
2020-08-11,15:11:25.527000,12723,12725,12723,3
2020-08-11,15:11:25.651000,12723,12725,12723,2
2020-08-11,15:11:29.069000,12723,12725,12723,1
2020-08-11,15:11:31.206000,12723,12725,12725,1
2020-08-11,15:11:37.001000,12722,12724,12724,1
2020-08-11,15:11:40.852000,12723,12724,12724,1
2020-08-11,15:11:46.545000,12724,12725,12724,1
2020-08-11,15:11:46.546000,12724,12725,12724,2
2020-08-11,15:11:46.546000,12724,12725,12724,3
2020-08-11,15:11:47.276000,12723,12724,12724,1
2020-08-11,15:11:48,12723,12724,12723,1
2020-08-11,15:12:07.276000,12723,12724,12724,3
2020-08-11,15:12:07.276000,12723,12724,12724,3
2020-08-11,15:12:10.527000,12723,12724,12724,1
2020-08-11,15:12:15.660000,12724,12725,12725,5
2020-08-11,15:12:21.173000,12724,12725,12725,1
2020-08-11,15:12:21.853000,12724,12725,12725,4
2020-08-11,15:12:24.370000,12725,12726,12725,1
2020-08-11,15:12:24.549000,12724,12726,12726,3
2020-08-11,15:12:24.700000,12724,12726,12726,1
2020-08-11,15:12:24.745000,12724,12726,12726,3
2020-08-11,15:12:24.799000,12724,12726,12726,3
2020-08-11,15:12:27.439000,12724,12726,12726,1
2020-08-11,15:12:27.596000,12724,12726,12725,1
2020-08-11,15:12:33.481000,12725,12726,12726,2
2020-08-11,15:12:33.581000,12725,12726,12726,2
2020-08-11,15:12:33.582000,12725,12726,12726,1
2020-08-11,15:12:33.582000,12725,12726,12726,1
2020-08-11,15:12:36.700000,12726,12727,12726,1
2020-08-11,15:12:37.188000,12726,12727,12726,1
2020-08-11,15:12:37.505000,12725,12726,12726,1
2020-08-11,15:12:45.922000,12725,12726,12726,1
2020-08-11,15:12:47.355000,12725,12726,12726,1
2020-08-11,15:12:47.630000,12725,12726,12726,3
2020-08-11,15:12:49.067000,12725,12726,12726,1
2020-08-11,15:12:50.375000,12725,12726,12726,4
2020-08-11,15:12:50.636000,12725,12726,12725,1
2020-08-11,15:12:53.882000,12725,12726,12725,1
2020-08-11,15:12:57.008000,12725,12726,12726,2
2020-08-11,15:12:57.580000,12725,12726,12725,1
2020-08-11,15:12:58.358000,12725,12726,12725,6
2020-08-11,15:13:01.723000,12724,12725,12724,1
2020-08-11,15:13:01.733000,12724,12725,12724,3
2020-08-11,15:13:02.232000,12724,12725,12724,1
2020-08-11,15:13:02.543000,12724,12725,12724,1
2020-08-11,15:13:02.906000,12724,12725,12725,1
2020-08-11,15:13:07.612000,12724,12725,12724,1
2020-08-11,15:13:14.631000,12724,12725,12725,1
2020-08-11,15:13:14.632000,12724,12725,12725,4
2020-08-11,15:13:19.699000,12724,12725,12725,3
2020-08-11,15:13:27.246000,12725,12726,12726,3
2020-08-11,15:13:27.246000,12725,12726,12726,3
2020-08-11,15:13:27.630000,12726,12727,12726,1
2020-08-11,15:13:28.481000,12726,12727,12727,1
2020-08-11,15:13:28.774000,12726,12727,12726,1
2020-08-11,15:13:29.021000,12726,12727,12727,3
2020-08-11,15:13:29.021000,12726,12727,12727,4
2020-08-11,15:13:31.898000,12727,12728,12728,12
2020-08-11,15:13:34.299000,12728,12729,12729,1
2020-08-11,15:13:34.563000,12728,12729,12728,1
2020-08-11,15:13:34.895000,12728,12729,12729,1
2020-08-11,15:13:36.092000,12727,12729,12729,1
2020-08-11,15:13:37.110000,12727,12729,12727,1
2020-08-11,15:13:40.046000,12728,12729,12729,1
2020-08-11,15:13:40.088000,12728,12729,12729,2
2020-08-11,15:13:40.453000,12728,12729,12729,3
2020-08-11,15:13:40.559000,12729,12730,12730,1
2020-08-11,15:13:40.869000,12729,12730,12730,1
2020-08-11,15:13:41.467000,12729,12730,12730,3
2020-08-11,15:13:42.028000,12730,12731,12730,1
2020-08-11,15:13:42.451000,12730,12731,12731,1
2020-08-11,15:13:43.153000,12730,12732,12730,1
2020-08-11,15:13:43.756000,12730,12732,12732,1
2020-08-11,15:13:43.807000,12730,12732,12732,4
2020-08-11,15:13:44.093000,12731,12732,12732,1
2020-08-11,15:13:44.830000,12731,12732,12732,1
2020-08-11,15:13:44.996000,12731,12732,12731,2
2020-08-11,15:13:45.034000,12731,12732,12732,1
2020-08-11,15:13:45.425000,12731,12732,12732,7
2020-08-11,15:13:45.425000,12731,12732,12733,12
2020-08-11,15:13:45.425000,12731,12732,12734,8
2020-08-11,15:13:45.564000,12732,12734,12734,2
2020-08-11,15:13:45.572000,12732,12734,12734,2
2020-08-11,15:13:45.573000,12732,12734,12733,1
2020-08-11,15:13:46.511000,12733,12734,12733,1
2020-08-11,15:13:46.511000,12733,12734,12732,2
2020-08-11,15:13:46.597000,12732,12734,12734,1
2020-08-11,15:13:46.851000,12732,12734,12734,1
2020-08-11,15:13:46.892000,12732,12734,12732,1
2020-08-11,15:13:47.799000,12732,12733,12733,2
2020-08-11,15:13:48.526000,12733,12734,12733,1
2020-08-11,15:13:48.526000,12733,12734,12733,1
2020-08-11,15:13:48.686000,12732,12734,12732,21
2020-08-11,15:13:48.686000,12732,12734,12731,9
2020-08-11,15:13:48.776000,12731,12732,12731,1
2020-08-11,15:13:48.776000,12731,12732,12731,1
2020-08-11,15:13:48.932000,12731,12732,12732,1
2020-08-11,15:13:49.521000,12731,12732,12732,2
2020-08-11,15:13:50.638000,12731,12732,12732,1
2020-08-11,15:13:50.638000,12731,12732,12733,9
2020-08-11,15:13:50.901000,12732,12733,12733,3
2020-08-11,15:13:51.151000,12732,12733,12733,1
2020-08-11,15:13:51.151000,12732,12733,12734,2
2020-08-11,15:13:53.368000,12732,12734,12734,1
2020-08-11,15:13:53.706000,12732,12734,12732,1
2020-08-11,15:13:54.259000,12732,12734,12733,2
2020-08-11,15:13:54.259000,12732,12734,12734,1
2020-08-11,15:13:55.549000,12733,12734,12734,1
2020-08-11,15:13:56.448000,12733,12734,12733,1
2020-08-11,15:13:57.330000,12733,12734,12734,2
2020-08-11,15:13:58.022000,12733,12735,12733,1
2020-08-11,15:13:58.043000,12732,12734,12733,1
2020-08-11,15:13:58.498000,12732,12734,12733,1
2020-08-11,15:13:59.489000,12732,12734,12734,5
2020-08-11,15:13:59.490000,12732,12734,12733,1
2020-08-11,15:14:00.189000,12732,12734,12734,1
2020-08-11,15:14:01.531000,12732,12734,12733,1
2020-08-11,15:14:01.667000,12732,12734,12733,1
2020-08-11,15:14:01.984000,12732,12734,12734,1
2020-08-11,15:14:03.090000,12732,12734,12733,1
2020-08-11,15:14:03.555000,12733,12734,12734,4
2020-08-11,15:14:03.812000,12734,12735,12735,1
2020-08-11,15:14:03.962000,12734,12735,12735,1
2020-08-11,15:14:04.277000,12734,12735,12734,1
2020-08-11,15:14:04.421000,12734,12735,12735,6
2020-08-11,15:14:05.131000,12734,12735,12735,1
2020-08-11,15:14:06.582000,12734,12735,12735,3
2020-08-11,15:14:06.713000,12734,12735,12735,2
2020-08-11,15:14:06.713000,12734,12735,12735,13
2020-08-11,15:14:07.802000,12735,12736,12735,1
2020-08-11,15:14:09.700000,12735,12736,12735,1
2020-08-11,15:14:10.799000,12735,12736,12736,1
2020-08-11,15:14:10.936000,12735,12736,12736,4
2020-08-11,15:14:10.936000,12735,12736,12737,1
2020-08-11,15:14:11.065000,12735,12737,12735,1
2020-08-11,15:14:11.416000,12736,12737,12737,2
2020-08-11,15:14:11.417000,12736,12737,12737,2
2020-08-11,15:14:11.418000,12736,12737,12737,1
2020-08-11,15:14:11.429000,12736,12737,12737,1
2020-08-11,15:14:11.429000,12736,12737,12738,1
2020-08-11,15:14:11.434000,12736,12737,12738,1
2020-08-11,15:14:11.434000,12736,12737,12739,1
2020-08-11,15:14:11.518000,12736,12737,12739,1
2020-08-11,15:14:11.587000,12737,12739,12737,6
2020-08-11,15:14:11.601000,12737,12739,12736,4
2020-08-11,15:14:11.991000,12737,12738,12737,1
2020-08-11,15:14:12.084000,12737,12738,12738,1
2020-08-11,15:14:13.805000,12737,12738,12737,5
2020-08-11,15:14:14.189000,12737,12738,12737,5
2020-08-11,15:14:14.189000,12737,12738,12737,1
2020-08-11,15:14:14.911000,12736,12738,12738,1
2020-08-11,15:14:14.912000,12736,12738,12737,1
2020-08-11,15:14:14.912000,12736,12738,12737,1
2020-08-11,15:14:15.079000,12736,12738,12736,1
2020-08-11,15:14:15.482000,12736,12738,12738,2
2020-08-11,15:14:15.483000,12736,12738,12737,1
2020-08-11,15:14:16.014000,12736,12738,12736,3
2020-08-11,15:14:16.762000,12736,12738,12737,1
2020-08-11,15:14:16.762000,12736,12738,12737,1
2020-08-11,15:14:16.941000,12736,12738,12737,1
2020-08-11,15:14:16.941000,12736,12738,12737,1
2020-08-11,15:14:16.942000,12736,12738,12737,1
2020-08-11,15:14:16.942000,12736,12738,12737,1
2020-08-11,15:14:17.032000,12736,12738,12738,1
2020-08-11,15:14:17.033000,12736,12738,12737,1
2020-08-11,15:14:17.033000,12736,12738,12737,1
2020-08-11,15:14:17.333000,12736,12738,12738,3
2020-08-11,15:14:17.411000,12737,12738,12737,1
2020-08-11,15:14:17.412000,12737,12738,12737,1
2020-08-11,15:14:18.001000,12736,12738,12737,1
2020-08-11,15:14:19.075000,12737,12738,12738,1
2020-08-11,15:14:19.075000,12737,12738,12739,1
2020-08-11,15:14:19.243000,12737,12739,12737,1
2020-08-11,15:14:19.646000,12737,12739,12737,1
2020-08-11,15:14:19.794000,12738,12739,12739,5
2020-08-11,15:14:22.199000,12739,12740,12739,1
2020-08-11,15:14:22.315000,12739,12740,12739,4
2020-08-11,15:14:22.737000,12738,12740,12740,1
2020-08-11,15:14:22.856000,12738,12740,12740,3
2020-08-11,15:14:22.943000,12738,12740,12740,2
2020-08-11,15:14:23.016000,12738,12740,12740,10
2020-08-11,15:14:23.050000,12740,12741,12741,1
2020-08-11,15:14:23.218000,12740,12741,12741,2
2020-08-11,15:14:23.259000,12740,12741,12740,2
2020-08-11,15:14:23.780000,12740,12741,12740,1
2020-08-11,15:14:23.782000,12740,12741,12740,3
2020-08-11,15:14:23.786000,12740,12741,12739,1
2020-08-11,15:14:23.912000,12738,12740,12738,1
2020-08-11,15:14:24.324000,12738,12739,12739,5
2020-08-11,15:14:24.451000,12738,12740,12740,1
2020-08-11,15:14:24.810000,12738,12740,12740,1
2020-08-11,15:14:25.164000,12738,12740,12738,10
2020-08-11,15:14:25.327000,12737,12739,12739,1
2020-08-11,15:14:25.660000,12737,12738,12737,4
2020-08-11,15:14:25.660000,12737,12738,12737,6
2020-08-11,15:14:27.307000,12736,12737,12737,1
2020-08-11,15:14:28.566000,12736,12737,12736,4
2020-08-11,15:14:29.628000,12735,12736,12736,1
2020-08-11,15:14:29.770000,12735,12736,12736,1
2020-08-11,15:14:31.230000,12735,12736,12736,2
2020-08-11,15:14:31.471000,12735,12737,12737,1
2020-08-11,15:14:33.277000,12735,12737,12736,1
2020-08-11,15:14:34.966000,12735,12736,12736,1
2020-08-11,15:14:35.328000,12735,12737,12737,2
2020-08-11,15:14:37.492000,12735,12736,12736,2
2020-08-11,15:14:39.722000,12735,12736,12736,2
2020-08-11,15:14:40.524000,12735,12736,12736,1
2020-08-11,15:14:40.524000,12735,12736,12737,14
2020-08-11,15:14:40.525000,12735,12736,12737,5
2020-08-11,15:14:40.536000,12737,12738,12738,1
2020-08-11,15:14:42.796000,12737,12739,12737,1
2020-08-11,15:14:45.445000,12737,12738,12738,1
2020-08-11,15:14:46.197000,12738,12739,12738,4
2020-08-11,15:14:46.868000,12736,12738,12736,1
2020-08-11,15:14:48.542000,12736,12738,12738,1
2020-08-11,15:14:51.312000,12737,12738,12738,3
2020-08-11,15:14:51.699000,12738,12739,12738,1
2020-08-11,15:14:55.645000,12737,12739,12738,1
2020-08-11,15:14:55.688000,12738,12739,12739,4
2020-08-11,15:14:55.736000,12738,12739,12739,1
2020-08-11,15:14:58.712000,12739,12740,12740,1
2020-08-11,15:14:59.705000,12739,12740,12739,2
2020-08-11,15:14:59.872000,12739,12740,12740,2
2020-08-11,15:15:00.222000,12739,12740,12740,1
2020-08-11,15:15:00.659000,12739,12740,12740,1
2020-08-11,15:15:00.662000,12739,12740,12740,1
2020-08-11,15:15:00.689000,12739,12740,12740,1
2020-08-11,15:15:00.775000,12739,12740,12741,1
2020-08-11,15:15:00.916000,12740,12741,12741,3
2020-08-11,15:15:00.994000,12740,12741,12741,1
2020-08-11,15:15:01.022000,12740,12741,12741,2
2020-08-11,15:15:01.022000,12740,12741,12742,1
2020-08-11,15:15:02.247000,12740,12742,12742,4
2020-08-11,15:15:02.334000,12740,12742,12741,5
2020-08-11,15:15:02.334000,12740,12742,12740,1
2020-08-11,15:15:02.460000,12740,12742,12742,1
2020-08-11,15:15:02.471000,12740,12742,12742,3
2020-08-11,15:15:02.480000,12740,12742,12742,1
2020-08-11,15:15:02.509000,12740,12742,12742,2
2020-08-11,15:15:02.523000,12740,12742,12742,1
2020-08-11,15:15:02.635000,12741,12742,12742,1
2020-08-11,15:15:04.649000,12741,12742,12742,1
2020-08-11,15:15:04.680000,12741,12742,12742,1
2020-08-11,15:15:04.897000,12741,12742,12742,1
2020-08-11,15:15:04.943000,12741,12743,12743,2
2020-08-11,15:15:05.393000,12742,12743,12743,1
2020-08-11,15:15:06.421000,12742,12743,12743,1
2020-08-11,15:15:06.462000,12742,12743,12742,1
2020-08-11,15:15:06.798000,12742,12743,12743,1
2020-08-11,15:15:06.927000,12742,12743,12742,1
2020-08-11,15:15:07.766000,12740,12742,12742,5
2020-08-11,15:15:10.363000,12740,12741,12741,3
2020-08-11,15:15:10.524000,12740,12741,12741,2
2020-08-11,15:15:10.524000,12740,12741,12741,2
2020-08-11,15:15:10.768000,12740,12741,12741,2
2020-08-11,15:15:11.502000,12740,12741,12741,1
2020-08-11,15:15:11.741000,12740,12741,12740,1
2020-08-11,15:15:15.227000,12740,12741,12741,1
2020-08-11,15:15:15.858000,12740,12741,12741,1
2020-08-11,15:15:16.014000,12741,12742,12741,1
2020-08-11,15:15:16.853000,12741,12742,12741,1
2020-08-11,15:15:18.143000,12741,12742,12742,4
2020-08-11,15:15:18.161000,12742,12743,12742,1
2020-08-11,15:15:21.016000,12742,12743,12742,1
2020-08-11,15:15:21.572000,12742,12743,12742,2
2020-08-11,15:15:22.097000,12742,12743,12743,5
2020-08-11,15:15:22.098000,12742,12743,12743,4
2020-08-11,15:15:22.888000,12743,12744,12744,3
2020-08-11,15:15:23.182000,12743,12744,12744,2
2020-08-11,15:15:23.274000,12743,12744,12743,1
2020-08-11,15:15:23.358000,12743,12744,12744,2
2020-08-11,15:15:23.589000,12743,12744,12743,2
2020-08-11,15:15:25.284000,12743,12744,12744,1
2020-08-11,15:15:25.839000,12743,12744,12744,1
2020-08-11,15:15:26.412000,12743,12745,12744,1
2020-08-11,15:15:26.865000,12743,12745,12745,1
2020-08-11,15:15:27.094000,12744,12745,12745,1
2020-08-11,15:15:27.139000,12744,12745,12745,1
2020-08-11,15:15:27.240000,12744,12745,12745,1
2020-08-11,15:15:27.369000,12744,12745,12744,3
2020-08-11,15:15:28.729000,12744,12745,12744,1
2020-08-11,15:15:29.219000,12743,12744,12744,1
2020-08-11,15:15:29.617000,12743,12744,12744,1
2020-08-11,15:15:30.158000,12743,12745,12745,2
2020-08-11,15:15:30.407000,12743,12745,12745,10
2020-08-11,15:15:31.751000,12745,12746,12745,1
2020-08-11,15:15:33.187000,12745,12746,12746,1
2020-08-11,15:15:33.670000,12745,12746,12745,1
2020-08-11,15:15:33.717000,12745,12746,12746,1
2020-08-11,15:15:33.779000,12745,12746,12746,1
2020-08-11,15:15:33.941000,12745,12746,12746,1
2020-08-11,15:15:34.059000,12745,12746,12746,1
2020-08-11,15:15:34.438000,12745,12746,12746,1
2020-08-11,15:15:34.633000,12745,12746,12746,1
2020-08-11,15:15:34.776000,12745,12746,12746,1
2020-08-11,15:15:35.041000,12745,12746,12746,2
2020-08-11,15:15:35.057000,12745,12746,12746,1
2020-08-11,15:15:35.640000,12746,12747,12746,1
2020-08-11,15:15:35.747000,12746,12747,12746,1
2020-08-11,15:15:36.013000,12746,12747,12746,1
2020-08-11,15:15:36.013000,12746,12747,12745,2
2020-08-11,15:15:36.767000,12745,12746,12746,1
2020-08-11,15:15:36.932000,12745,12746,12746,2
2020-08-11,15:15:36.974000,12745,12746,12746,3
2020-08-11,15:15:37.955000,12746,12747,12746,2
2020-08-11,15:15:40.303000,12746,12747,12746,1
2020-08-11,15:15:41.202000,12745,12746,12746,4
2020-08-11,15:15:41.303000,12746,12747,12746,1
2020-08-11,15:15:42.926000,12745,12746,12745,16
2020-08-11,15:15:43.166000,12744,12745,12744,1
2020-08-11,15:15:43.208000,12744,12745,12745,1
2020-08-11,15:15:44.106000,12743,12745,12744,1
2020-08-11,15:15:48.195000,12743,12744,12743,1
2020-08-11,15:15:48.421000,12743,12744,12743,2
2020-08-11,15:15:49.794000,12743,12744,12744,7
2020-08-11,15:15:49.796000,12743,12744,12744,6
2020-08-11,15:15:49.984000,12743,12744,12743,1
2020-08-11,15:15:50.487000,12743,12744,12743,1
2020-08-11,15:15:50.764000,12743,12744,12744,1
2020-08-11,15:15:52.499000,12743,12744,12743,1
2020-08-11,15:15:53.184000,12743,12744,12743,4
2020-08-11,15:15:53.605000,12742,12743,12743,1
2020-08-11,15:15:54.229000,12743,12744,12743,1
2020-08-11,15:15:55.228000,12742,12743,12742,1
2020-08-11,15:15:55.677000,12742,12743,12742,1
2020-08-11,15:15:55.985000,12741,12743,12743,1
2020-08-11,15:15:57.054000,12741,12743,12743,3
2020-08-11,15:15:58.385000,12743,12744,12743,1
2020-08-11,15:16:00.631000,12743,12744,12744,3
2020-08-11,15:16:00.736000,12743,12745,12745,1
2020-08-11,15:16:00.791000,12744,12745,12745,1
2020-08-11,15:16:00.792000,12744,12745,12745,1
2020-08-11,15:16:00.805000,12744,12745,12746,1
2020-08-11,15:16:00.805000,12744,12745,12746,1
2020-08-11,15:16:00.805000,12744,12745,12746,2
2020-08-11,15:16:00.944000,12745,12746,12746,2
2020-08-11,15:16:00.978000,12745,12746,12746,1
2020-08-11,15:16:00.994000,12745,12746,12746,2
2020-08-11,15:16:01.027000,12745,12746,12746,2
2020-08-11,15:16:01.147000,12745,12746,12746,1
2020-08-11,15:16:01.152000,12745,12746,12746,2
2020-08-11,15:16:01.152000,12745,12746,12746,2
2020-08-11,15:16:02.186000,12744,12746,12746,4
2020-08-11,15:16:03.523000,12745,12747,12745,1
2020-08-11,15:16:05.614000,12745,12747,12747,1
2020-08-11,15:16:05.699000,12745,12747,12747,1
2020-08-11,15:16:05.820000,12745,12747,12747,1
2020-08-11,15:16:05.862000,12745,12747,12747,1
2020-08-11,15:16:07.151000,12745,12746,12745,1
2020-08-11,15:16:07.341000,12744,12746,12746,1
2020-08-11,15:16:08.310000,12744,12746,12744,1
2020-08-11,15:16:08.962000,12744,12745,12744,2
2020-08-11,15:16:09.095000,12743,12745,12745,1
2020-08-11,15:16:09.166000,12743,12745,12743,1
2020-08-11,15:16:10.519000,12743,12745,12745,1
2020-08-11,15:16:11.512000,12744,12745,12744,1
2020-08-11,15:16:11.512000,12744,12745,12743,2
2020-08-11,15:16:12.697000,12743,12744,12744,1
2020-08-11,15:16:13.971000,12743,12745,12745,5
2020-08-11,15:16:14.396000,12744,12745,12744,1
2020-08-11,15:16:15.092000,12744,12745,12744,1
2020-08-11,15:16:15.173000,12743,12745,12744,1
2020-08-11,15:16:15.972000,12744,12745,12744,1
2020-08-11,15:16:16.677000,12743,12745,12745,1
2020-08-11,15:16:17.589000,12744,12745,12744,1
2020-08-11,15:16:19.985000,12743,12745,12743,3
2020-08-11,15:16:22.905000,12743,12744,12744,1
2020-08-11,15:16:26.174000,12743,12744,12743,2
2020-08-11,15:16:26.462000,12743,12744,12744,1
2020-08-11,15:16:26.938000,12744,12745,12745,1
2020-08-11,15:16:29.011000,12744,12745,12744,3
2020-08-11,15:16:29.348000,12743,12744,12744,1
2020-08-11,15:16:30.671000,12743,12744,12743,4
2020-08-11,15:16:30.672000,12743,12744,12743,12
2020-08-11,15:16:31.468000,12742,12744,12744,1
2020-08-11,15:16:34.566000,12743,12744,12743,7
2020-08-11,15:16:34.566000,12743,12744,12742,20
2020-08-11,15:16:34.567000,12743,12744,12743,1
2020-08-11,15:16:34.567000,12743,12744,12743,1
2020-08-11,15:16:34.732000,12742,12744,12744,1
2020-08-11,15:16:40.585000,12742,12743,12742,9
2020-08-11,15:16:40.739000,12741,12742,12742,1
2020-08-11,15:16:42.309000,12741,12742,12741,1
2020-08-11,15:16:42.751000,12741,12742,12741,1
2020-08-11,15:16:42.752000,12741,12742,12741,4
2020-08-11,15:16:44.711000,12740,12741,12740,3
2020-08-11,15:16:44.711000,12740,12741,12740,4
2020-08-11,15:16:45.517000,12739,12740,12739,1
2020-08-11,15:16:45.642000,12738,12740,12738,3
2020-08-11,15:16:46.077000,12738,12740,12738,2
2020-08-11,15:16:48.060000,12738,12739,12738,6
2020-08-11,15:16:48.117000,12738,12739,12737,1
2020-08-11,15:16:48.860000,12737,12739,12737,1
2020-08-11,15:16:50.571000,12737,12739,12737,3
2020-08-11,15:16:50.687000,12737,12739,12737,1
2020-08-11,15:16:51.342000,12737,12738,12737,1
2020-08-11,15:16:53.449000,12737,12738,12737,1
2020-08-11,15:17:00.176000,12737,12738,12738,1
2020-08-11,15:17:00.298000,12737,12738,12738,1
2020-08-11,15:17:00.298000,12737,12738,12738,1
2020-08-11,15:17:00.298000,12737,12738,12739,1
2020-08-11,15:17:00.298000,12737,12738,12739,2
2020-08-11,15:17:00.298000,12737,12738,12739,3
2020-08-11,15:17:01.593000,12737,12739,12737,2
2020-08-11,15:17:11.082000,12737,12738,12738,1
2020-08-11,15:17:15.329000,12737,12738,12737,1
2020-08-11,15:17:17.105000,12737,12738,12738,2
2020-08-11,15:17:18.323000,12738,12739,12738,3
2020-08-11,15:17:20.069000,12738,12739,12739,1
2020-08-11,15:17:26.884000,12739,12740,12739,1
2020-08-11,15:17:27.129000,12738,12739,12739,1
2020-08-11,15:17:27.575000,12738,12740,12738,1
2020-08-11,15:17:28.346000,12738,12740,12740,2
2020-08-11,15:17:31.420000,12739,12740,12740,3
2020-08-11,15:17:31.420000,12739,12740,12740,1
2020-08-11,15:17:31.420000,12739,12740,12740,13
2020-08-11,15:17:35.096000,12740,12741,12740,1
2020-08-11,15:17:35.324000,12740,12741,12740,1
2020-08-11,15:17:36.272000,12740,12741,12740,1
2020-08-11,15:17:37.318000,12739,12740,12739,2
2020-08-11,15:17:37.416000,12739,12740,12739,2
2020-08-11,15:17:37.417000,12739,12740,12739,3
2020-08-11,15:17:41.565000,12738,12739,12739,1
2020-08-11,15:17:41.973000,12738,12739,12739,1
2020-08-11,15:17:42.947000,12739,12740,12739,1
2020-08-11,15:17:43.060000,12738,12739,12739,1
2020-08-11,15:17:46.817000,12738,12739,12739,5
2020-08-11,15:17:48.207000,12739,12740,12740,4
2020-08-11,15:17:48.208000,12739,12740,12740,15
2020-08-11,15:17:51.066000,12739,12740,12740,1
2020-08-11,15:17:52.588000,12739,12740,12739,1
2020-08-11,15:17:52.770000,12739,12740,12739,1
2020-08-11,15:17:52.954000,12738,12739,12739,1
2020-08-11,15:17:54.270000,12738,12739,12738,10
2020-08-11,15:17:55.481000,12737,12739,12739,2
2020-08-11,15:17:56.797000,12738,12739,12738,1
2020-08-11,15:17:57.366000,12737,12738,12739,1
2020-08-11,15:18:02.229000,12738,12740,12738,1
2020-08-11,15:18:02.736000,12738,12740,12740,2
2020-08-11,15:18:03.207000,12738,12740,12740,1
2020-08-11,15:18:03.603000,12739,12740,12740,2
2020-08-11,15:18:15.607000,12739,12740,12739,1
2020-08-11,15:18:17.796000,12738,12739,12739,1
2020-08-11,15:18:20.114000,12738,12739,12738,1
2020-08-11,15:18:20.114000,12738,12739,12738,11
2020-08-11,15:18:20.114000,12738,12739,12738,4
2020-08-11,15:18:27.173000,12737,12738,12737,3
2020-08-11,15:18:27.308000,12737,12738,12737,1
2020-08-11,15:18:34.933000,12737,12738,12737,1
2020-08-11,15:18:35.701000,12737,12738,12737,1
2020-08-11,15:18:39.727000,12737,12738,12737,1
2020-08-11,15:18:40.052000,12737,12738,12737,1
2020-08-11,15:18:58.959000,12737,12738,12737,1
2020-08-11,15:19:00.151000,12737,12738,12737,2
2020-08-11,15:19:01.063000,12737,12738,12737,3
2020-08-11,15:19:02.785000,12736,12738,12738,3
2020-08-11,15:19:02.941000,12737,12738,12738,15
2020-08-11,15:19:08.543000,12738,12739,12738,7
2020-08-11,15:19:08.544000,12738,12739,12738,6
2020-08-11,15:19:14.433000,12737,12739,12737,2
2020-08-11,15:19:19.896000,12737,12738,12738,2
2020-08-11,15:19:22.667000,12738,12739,12739,2
2020-08-11,15:19:22.668000,12738,12739,12739,1
2020-08-11,15:19:24.342000,12738,12740,12738,1
2020-08-11,15:19:29.366000,12738,12740,12738,1
2020-08-11,15:19:32.379000,12738,12739,12739,1
2020-08-11,15:19:36.076000,12739,12740,12739,1
2020-08-11,15:19:45.070000,12738,12740,12738,1
2020-08-11,15:19:51.014000,12738,12739,12738,2
2020-08-11,15:19:51.014000,12738,12739,12738,4
2020-08-11,15:19:55.883000,12738,12739,12739,2
2020-08-11,15:20:01.630000,12739,12740,12739,5
2020-08-11,15:20:01.816000,12738,12740,12738,2
2020-08-11,15:20:01.860000,12738,12740,12738,2
2020-08-11,15:20:01.905000,12738,12740,12740,1
2020-08-11,15:20:01.905000,12738,12740,12740,1
2020-08-11,15:20:01.906000,12738,12740,12740,1
2020-08-11,15:20:01.911000,12738,12740,12740,1
2020-08-11,15:20:01.911000,12738,12740,12740,1
2020-08-11,15:20:01.911000,12738,12740,12740,1
2020-08-11,15:20:01.912000,12738,12740,12740,1
2020-08-11,15:20:01.935000,12738,12740,12740,13
2020-08-11,15:20:01.935000,12738,12740,12741,2
2020-08-11,15:20:04.637000,12740,12741,12741,1
2020-08-11,15:20:06.549000,12740,12741,12741,3
2020-08-11,15:20:06.549000,12740,12741,12741,12
2020-08-11,15:20:07.776000,12741,12742,12742,1
2020-08-11,15:20:10.862000,12741,12743,12743,1
2020-08-11,15:20:11.168000,12741,12743,12743,1
2020-08-11,15:20:12.099000,12741,12743,12741,5
2020-08-11,15:20:13.095000,12742,12743,12743,2
2020-08-11,15:20:13.786000,12742,12743,12743,2
2020-08-11,15:20:13.930000,12742,12744,12743,1
2020-08-11,15:20:14.465000,12742,12744,12743,2
2020-08-11,15:20:16.086000,12743,12744,12744,1
2020-08-11,15:20:18.134000,12743,12744,12743,1
2020-08-11,15:20:18.701000,12743,12744,12744,3
2020-08-11,15:20:18.701000,12743,12744,12744,1
2020-08-11,15:20:19.543000,12744,12745,12745,1
2020-08-11,15:20:22.106000,12744,12745,12744,1
2020-08-11,15:20:26.828000,12744,12745,12745,1
2020-08-11,15:20:28.118000,12744,12745,12744,1
2020-08-11,15:20:28.476000,12744,12745,12745,8
2020-08-11,15:20:29.204000,12745,12746,12745,4
2020-08-11,15:20:29.204000,12745,12746,12744,12
2020-08-11,15:20:29.732000,12744,12746,12744,1
2020-08-11,15:20:30.659000,12744,12746,12746,1
2020-08-11,15:20:31.010000,12743,12745,12745,1
2020-08-11,15:20:31.027000,12743,12745,12745,1
2020-08-11,15:20:31.517000,12743,12745,12746,10
2020-08-11,15:20:32.162000,12744,12746,12746,1
2020-08-11,15:20:32.450000,12744,12746,12746,1
2020-08-11,15:20:33.849000,12745,12746,12745,1
2020-08-11,15:20:33.896000,12745,12746,12746,1
2020-08-11,15:20:36.760000,12744,12746,12746,1
2020-08-11,15:20:36.941000,12744,12746,12746,1
2020-08-11,15:20:37.079000,12744,12746,12746,1
2020-08-11,15:20:39.334000,12745,12746,12745,2
2020-08-11,15:20:40.039000,12744,12745,12745,1
2020-08-11,15:20:41.621000,12744,12745,12744,5
2020-08-11,15:20:43.276000,12743,12745,12745,1
2020-08-11,15:20:43.548000,12743,12745,12745,8
2020-08-11,15:20:43.905000,12743,12745,12743,1
2020-08-11,15:20:43.918000,12743,12745,12745,1
2020-08-11,15:20:45.227000,12743,12745,12745,1
2020-08-11,15:20:46.021000,12743,12745,12745,2
2020-08-11,15:20:47.422000,12743,12745,12745,1
2020-08-11,15:20:51.132000,12744,12745,12745,1
2020-08-11,15:20:52.525000,12744,12745,12745,1
2020-08-11,15:20:54.186000,12744,12745,12744,1
2020-08-11,15:20:56.465000,12744,12745,12744,1
2020-08-11,15:20:56.467000,12744,12745,12744,1
2020-08-11,15:20:57.778000,12743,12745,12745,1
2020-08-11,15:20:58.548000,12743,12745,12745,1
2020-08-11,15:21:02.314000,12744,12745,12745,2
2020-08-11,15:21:02.508000,12744,12745,12745,1
2020-08-11,15:21:03.039000,12745,12746,12745,1
2020-08-11,15:21:03.234000,12744,12746,12746,2
2020-08-11,15:21:15.159000,12745,12746,12746,1
2020-08-11,15:21:19.963000,12745,12746,12746,1
2020-08-11,15:21:20.313000,12745,12746,12746,5
2020-08-11,15:21:20.314000,12745,12746,12746,2
2020-08-11,15:21:20.383000,12745,12746,12746,4
2020-08-11,15:21:20.967000,12745,12746,12746,4
2020-08-11,15:21:21.664000,12746,12747,12746,1
2020-08-11,15:21:22.278000,12745,12747,12747,5
2020-08-11,15:21:22.477000,12745,12747,12747,1
2020-08-11,15:21:22.489000,12745,12747,12747,1
2020-08-11,15:21:23.329000,12746,12747,12747,5
2020-08-11,15:21:23.631000,12746,12747,12747,2
2020-08-11,15:21:25.062000,12747,12748,12747,1
2020-08-11,15:21:26.173000,12747,12748,12748,5
2020-08-11,15:21:26.479000,12747,12748,12748,3
2020-08-11,15:21:26.512000,12747,12748,12748,1
2020-08-11,15:21:26.515000,12747,12748,12748,2
2020-08-11,15:21:26.515000,12747,12748,12748,2
2020-08-11,15:21:26.515000,12747,12748,12748,11
2020-08-11,15:21:26.516000,12747,12748,12748,9
2020-08-11,15:21:27.173000,12747,12749,12749,2
2020-08-11,15:21:27.398000,12747,12749,12749,5
2020-08-11,15:21:29.386000,12748,12749,12749,5
2020-08-11,15:21:29.742000,12748,12749,12748,2
2020-08-11,15:21:30.194000,12748,12749,12748,3
2020-08-11,15:21:30.263000,12748,12749,12748,2
2020-08-11,15:21:30.337000,12747,12749,12749,1
2020-08-11,15:21:34.204000,12748,12749,12749,1
2020-08-11,15:21:34.644000,12748,12749,12749,5
2020-08-11,15:21:34.765000,12748,12749,12749,1
2020-08-11,15:21:34.765000,12748,12749,12749,2
2020-08-11,15:21:34.765000,12748,12749,12749,4
2020-08-11,15:21:34.765000,12748,12749,12749,4
2020-08-11,15:21:34.765000,12748,12749,12749,3
2020-08-11,15:21:34.766000,12748,12749,12749,1
2020-08-11,15:21:34.766000,12748,12749,12749,2
2020-08-11,15:21:35.131000,12749,12750,12749,1
2020-08-11,15:21:35.940000,12749,12750,12750,5
2020-08-11,15:21:36.110000,12749,12750,12750,35
2020-08-11,15:21:36.165000,12750,12751,12751,1
2020-08-11,15:21:36.305000,12750,12751,12751,1
2020-08-11,15:21:36.539000,12750,12751,12751,1
2020-08-11,15:21:36.587000,12750,12751,12751,1
2020-08-11,15:21:36.618000,12750,12751,12751,1
2020-08-11,15:21:36.875000,12750,12751,12751,2
2020-08-11,15:21:37.674000,12750,12751,12750,1
2020-08-11,15:21:37.682000,12750,12751,12750,1
2020-08-11,15:21:38.094000,12750,12751,12750,1
2020-08-11,15:21:38.631000,12748,12749,12748,1
2020-08-11,15:21:38.684000,12748,12749,12749,1
2020-08-11,15:21:38.830000,12748,12749,12750,1
2020-08-11,15:21:40.018000,12748,12749,12749,1
2020-08-11,15:21:40.534000,12748,12749,12749,1
2020-08-11,15:21:41.789000,12748,12749,12749,5
2020-08-11,15:21:41.931000,12748,12750,12750,4
2020-08-11,15:21:45.071000,12748,12750,12750,5
2020-08-11,15:21:45.351000,12748,12750,12750,1
2020-08-11,15:21:46.589000,12749,12750,12750,1
2020-08-11,15:21:47.017000,12749,12750,12750,1
2020-08-11,15:21:47.325000,12750,12751,12750,1
2020-08-11,15:21:49.148000,12749,12750,12750,1
2020-08-11,15:21:49.376000,12749,12750,12750,3
2020-08-11,15:21:50.640000,12750,12751,12750,3
2020-08-11,15:21:51.067000,12750,12751,12751,3
2020-08-11,15:21:52.430000,12751,12752,12751,1
2020-08-11,15:21:52.485000,12751,12752,12752,3
2020-08-11,15:21:52.600000,12751,12752,12752,1
2020-08-11,15:21:52.778000,12751,12752,12751,1
2020-08-11,15:21:52.937000,12750,12752,12751,1
2020-08-11,15:21:53.198000,12750,12751,12751,2
2020-08-11,15:21:53.238000,12750,12751,12751,1
2020-08-11,15:21:54.079000,12751,12752,12751,3
2020-08-11,15:21:54.663000,12751,12752,12751,2
2020-08-11,15:21:55,12750,12751,12751,3
2020-08-11,15:21:55.301000,12750,12751,12750,2
2020-08-11,15:21:55.302000,12750,12751,12750,2
2020-08-11,15:21:55.645000,12749,12751,12751,2
2020-08-11,15:21:55.963000,12749,12751,12749,2
2020-08-11,15:21:56.106000,12749,12750,12750,4
2020-08-11,15:21:56.106000,12749,12750,12751,1
2020-08-11,15:21:56.152000,12749,12751,12751,1
2020-08-11,15:21:56.358000,12749,12751,12750,1
2020-08-11,15:21:56.813000,12749,12751,12751,4
2020-08-11,15:21:56.882000,12749,12751,12751,5
2020-08-11,15:21:57.936000,12749,12751,12750,1
2020-08-11,15:22:00.096000,12749,12751,12751,3
2020-08-11,15:22:00.160000,12749,12751,12751,1
2020-08-11,15:22:00.160000,12749,12751,12751,1
2020-08-11,15:22:00.161000,12749,12751,12751,2
2020-08-11,15:22:00.163000,12749,12751,12751,1
2020-08-11,15:22:00.163000,12749,12751,12751,1
2020-08-11,15:22:00.163000,12749,12751,12751,1
2020-08-11,15:22:00.164000,12749,12751,12751,2
2020-08-11,15:22:00.164000,12749,12751,12751,2
2020-08-11,15:22:00.164000,12749,12751,12751,4
2020-08-11,15:22:00.282000,12749,12751,12751,1
2020-08-11,15:22:00.282000,12749,12751,12751,1
2020-08-11,15:22:00.283000,12749,12751,12751,1
2020-08-11,15:22:00.283000,12749,12751,12751,3
2020-08-11,15:22:00.283000,12749,12751,12751,2
2020-08-11,15:22:00.283000,12749,12751,12752,1
2020-08-11,15:22:00.293000,12749,12751,12752,1
2020-08-11,15:22:00.318000,12749,12751,12752,1
2020-08-11,15:22:00.318000,12749,12751,12752,1
2020-08-11,15:22:00.318000,12749,12751,12752,1
2020-08-11,15:22:00.318000,12749,12751,12752,1
2020-08-11,15:22:00.319000,12749,12751,12752,2
2020-08-11,15:22:01.096000,12750,12752,12750,1
2020-08-11,15:22:01.922000,12750,12752,12752,1
2020-08-11,15:22:05.297000,12750,12751,12751,1
2020-08-11,15:22:05.297000,12750,12751,12752,22
2020-08-11,15:22:05.501000,12751,12753,12751,1
2020-08-11,15:22:07.189000,12751,12753,12753,1
2020-08-11,15:22:07.420000,12751,12753,12753,1
2020-08-11,15:22:07.439000,12751,12753,12753,2
2020-08-11,15:22:07.446000,12751,12753,12753,4
2020-08-11,15:22:07.490000,12751,12753,12754,2
2020-08-11,15:22:07.492000,12751,12753,12754,2
2020-08-11,15:22:07.719000,12752,12754,12754,3
2020-08-11,15:22:07.725000,12752,12754,12754,6
2020-08-11,15:22:07.740000,12752,12754,12755,6
2020-08-11,15:22:07.777000,12754,12755,12754,4
2020-08-11,15:22:07.784000,12754,12755,12755,8
2020-08-11,15:22:07.789000,12754,12755,12755,2
2020-08-11,15:22:07.911000,12754,12755,12755,2
2020-08-11,15:22:07.912000,12754,12755,12756,8
2020-08-11,15:22:07.925000,12754,12755,12756,4
2020-08-11,15:22:07.926000,12754,12755,12756,2
2020-08-11,15:22:08,12754,12755,12756,4
2020-08-11,15:22:08.001000,12754,12755,12756,2
2020-08-11,15:22:08.048000,12754,12756,12756,1
2020-08-11,15:22:08.048000,12754,12756,12756,1
2020-08-11,15:22:08.544000,12754,12756,12756,1
2020-08-11,15:22:08.674000,12754,12756,12756,2
2020-08-11,15:22:08.740000,12754,12756,12756,2
2020-08-11,15:22:09.723000,12755,12757,12755,2
2020-08-11,15:22:10.347000,12754,12756,12755,1
2020-08-11,15:22:11.995000,12754,12756,12754,1
2020-08-11,15:22:12.160000,12754,12756,12756,1
2020-08-11,15:22:12.428000,12754,12756,12754,5
2020-08-11,15:22:14.291000,12754,12755,12755,1
2020-08-11,15:22:15.201000,12754,12755,12755,3
2020-08-11,15:22:15.633000,12754,12755,12755,3
2020-08-11,15:22:16.832000,12754,12755,12755,1
2020-08-11,15:22:17.235000,12754,12755,12754,1
2020-08-11,15:22:17.434000,12753,12755,12755,1
2020-08-11,15:22:17.846000,12753,12755,12755,5
2020-08-11,15:22:17.849000,12753,12755,12754,2
2020-08-11,15:22:18.047000,12753,12755,12754,1
2020-08-11,15:22:18.116000,12753,12755,12754,1
2020-08-11,15:22:19.034000,12753,12755,12755,1
2020-08-11,15:22:19.275000,12753,12755,12755,2
2020-08-11,15:22:20.115000,12753,12755,12755,1
2020-08-11,15:22:20.427000,12753,12754,12753,3
2020-08-11,15:22:21.309000,12752,12754,12754,1
2020-08-11,15:22:22.269000,12752,12754,12754,1
2020-08-11,15:22:22.281000,12752,12754,12754,1
2020-08-11,15:22:22.281000,12752,12754,12754,1
2020-08-11,15:22:22.281000,12752,12754,12754,1
2020-08-11,15:22:22.282000,12752,12754,12754,1
2020-08-11,15:22:24.792000,12752,12754,12753,5
2020-08-11,15:22:26.408000,12752,12754,12752,1
2020-08-11,15:22:26.643000,12751,12753,12753,3
2020-08-11,15:22:27.308000,12751,12753,12753,7
2020-08-11,15:22:27.308000,12751,12753,12754,4
2020-08-11,15:22:31.852000,12752,12753,12753,1
2020-08-11,15:22:32.241000,12752,12754,12754,1
2020-08-11,15:22:32.352000,12752,12754,12754,1
2020-08-11,15:22:32.404000,12752,12754,12752,1
2020-08-11,15:22:33.664000,12752,12754,12752,2
2020-08-11,15:22:34.969000,12752,12754,12754,8
2020-08-11,15:22:35.109000,12752,12754,12753,1
2020-08-11,15:22:35.739000,12752,12754,12752,3
2020-08-11,15:22:36.426000,12751,12753,12753,1
2020-08-11,15:22:36.815000,12751,12753,12751,1
2020-08-11,15:22:37.139000,12751,12753,12752,1
2020-08-11,15:22:38.801000,12751,12753,12751,1
2020-08-11,15:22:41.081000,12751,12752,12751,3
2020-08-11,15:22:41.596000,12751,12752,12752,3
2020-08-11,15:22:45.044000,12751,12752,12751,1
2020-08-11,15:22:46.693000,12751,12752,12751,1
2020-08-11,15:22:47.579000,12751,12752,12751,1
2020-08-11,15:22:47.580000,12751,12752,12750,1
2020-08-11,15:22:48.015000,12750,12752,12752,2
2020-08-11,15:22:50.054000,12751,12752,12751,6
2020-08-11,15:22:55.443000,12750,12751,12750,2
2020-08-11,15:22:56.361000,12750,12751,12751,8
2020-08-11,15:22:56.362000,12750,12751,12751,4
2020-08-11,15:22:58.578000,12750,12752,12752,1
2020-08-11,15:23:00.700000,12751,12752,12752,1
2020-08-11,15:23:00.701000,12751,12752,12752,2
2020-08-11,15:23:00.781000,12752,12753,12753,1
2020-08-11,15:23:00.907000,12752,12754,12754,1
2020-08-11,15:23:00.907000,12752,12754,12754,1
2020-08-11,15:23:00.907000,12752,12754,12754,1
2020-08-11,15:23:00.907000,12752,12754,12754,1
2020-08-11,15:23:00.912000,12752,12754,12754,1
2020-08-11,15:23:00.913000,12752,12754,12754,1
2020-08-11,15:23:00.913000,12752,12754,12754,2
2020-08-11,15:23:02.436000,12752,12754,12752,1
2020-08-11,15:23:03.794000,12752,12754,12752,2
2020-08-11,15:23:03.820000,12752,12754,12752,2
2020-08-11,15:23:04.115000,12752,12754,12752,1
2020-08-11,15:23:16.900000,12751,12752,12752,1
2020-08-11,15:23:18.079000,12751,12752,12751,1
2020-08-11,15:23:18.951000,12751,12752,12752,1
2020-08-11,15:23:19.254000,12751,12752,12751,3
2020-08-11,15:23:21.106000,12750,12752,12750,5
2020-08-11,15:23:23.621000,12750,12751,12750,1
2020-08-11,15:23:25.630000,12750,12751,12751,1
2020-08-11,15:23:30.827000,12750,12752,12751,1
2020-08-11,15:23:32.356000,12751,12752,12751,2
2020-08-11,15:23:35.018000,12750,12752,12751,1
2020-08-11,15:23:35.653000,12750,12751,12750,9
2020-08-11,15:23:35.653000,12750,12751,12749,1
2020-08-11,15:23:36.417000,12750,12751,12751,3
2020-08-11,15:23:40.772000,12751,12752,12751,1
2020-08-11,15:23:40.828000,12751,12752,12751,1
2020-08-11,15:23:42.428000,12750,12752,12752,1
2020-08-11,15:23:42.744000,12750,12752,12751,1
2020-08-11,15:23:43.058000,12751,12752,12752,2
2020-08-11,15:23:44.871000,12751,12752,12751,1
2020-08-11,15:23:47.501000,12751,12752,12751,1
2020-08-11,15:23:49.734000,12751,12752,12751,1
2020-08-11,15:23:50.416000,12750,12752,12752,1
2020-08-11,15:23:53.063000,12750,12751,12750,3
2020-08-11,15:23:55.351000,12749,12751,12750,1
2020-08-11,15:23:57.075000,12749,12751,12751,1
2020-08-11,15:24:00.630000,12750,12751,12750,1
2020-08-11,15:24:04.746000,12749,12750,12750,1
2020-08-11,15:24:06.342000,12749,12750,12750,1
2020-08-11,15:24:06.552000,12749,12750,12750,4
2020-08-11,15:24:06.553000,12749,12750,12750,1
2020-08-11,15:24:12.191000,12749,12750,12749,2
2020-08-11,15:24:12.191000,12749,12750,12749,12
2020-08-11,15:24:12.359000,12748,12749,12749,1
2020-08-11,15:24:13.430000,12748,12749,12749,1
2020-08-11,15:24:15.126000,12748,12749,12748,5
2020-08-11,15:24:15.718000,12748,12749,12748,3
2020-08-11,15:24:17.948000,12748,12749,12748,1
2020-08-11,15:24:19.276000,12748,12749,12748,4
2020-08-11,15:24:19.696000,12747,12749,12747,3
2020-08-11,15:24:20.898000,12747,12748,12748,2
2020-08-11,15:24:21.663000,12747,12749,12747,1
2020-08-11,15:24:22.072000,12747,12749,12749,1
2020-08-11,15:24:24.374000,12747,12748,12748,1
2020-08-11,15:24:26.977000,12747,12748,12748,1
2020-08-11,15:24:27.996000,12747,12748,12747,2
2020-08-11,15:24:29.043000,12747,12748,12747,1
2020-08-11,15:24:29.381000,12746,12747,12747,1
2020-08-11,15:24:30.177000,12746,12747,12747,1
2020-08-11,15:24:30.526000,12746,12747,12747,2
2020-08-11,15:24:32.315000,12747,12748,12747,1
2020-08-11,15:24:34.891000,12747,12748,12747,1
2020-08-11,15:24:37.893000,12747,12748,12748,1
2020-08-11,15:24:38.822000,12747,12748,12747,6
2020-08-11,15:24:44.799000,12747,12748,12748,1
2020-08-11,15:24:50.895000,12747,12748,12748,1
2020-08-11,15:24:56.034000,12747,12748,12748,1
2020-08-11,15:24:57.419000,12747,12748,12747,2
2020-08-11,15:24:57.626000,12747,12748,12747,2
2020-08-11,15:24:59.216000,12747,12748,12747,1
2020-08-11,15:25:05.135000,12747,12748,12748,17
2020-08-11,15:25:06.277000,12748,12749,12748,2
2020-08-11,15:25:06.955000,12747,12749,12747,1
2020-08-11,15:25:11.161000,12747,12748,12748,1
2020-08-11,15:25:13.106000,12747,12748,12748,1
2020-08-11,15:25:13.851000,12747,12748,12748,1
2020-08-11,15:25:17.930000,12747,12748,12748,1
2020-08-11,15:25:18.945000,12747,12748,12748,1
2020-08-11,15:25:22.410000,12748,12749,12748,1
2020-08-11,15:25:23.455000,12748,12749,12749,5
2020-08-11,15:25:23.698000,12748,12749,12749,1
2020-08-11,15:25:27.033000,12748,12749,12748,1
2020-08-11,15:25:27.387000,12747,12748,12748,1
2020-08-11,15:25:33.370000,12748,12749,12748,1
2020-08-11,15:25:33.597000,12748,12749,12749,1
2020-08-11,15:25:34.964000,12748,12749,12749,1
2020-08-11,15:25:35.185000,12748,12749,12748,7
2020-08-11,15:25:37.324000,12747,12748,12747,9
2020-08-11,15:25:40.633000,12746,12748,12746,1
2020-08-11,15:25:41.151000,12746,12748,12746,2
2020-08-11,15:25:48.708000,12747,12748,12748,1
2020-08-11,15:25:50.671000,12747,12748,12747,1
2020-08-11,15:25:51.534000,12747,12748,12747,5
2020-08-11,15:25:51.728000,12747,12748,12747,1
2020-08-11,15:25:52.477000,12747,12748,12748,1
2020-08-11,15:25:53.108000,12747,12748,12747,1
2020-08-11,15:25:54.346000,12746,12747,12746,1
2020-08-11,15:25:54.486000,12746,12747,12747,1
2020-08-11,15:25:57.587000,12747,12748,12747,1
2020-08-11,15:26:05.109000,12747,12748,12747,1
2020-08-11,15:26:08.416000,12747,12748,12748,22
2020-08-11,15:26:10.996000,12748,12749,12748,1
2020-08-11,15:26:12.885000,12748,12749,12748,1
2020-08-11,15:26:19.379000,12747,12749,12749,1
2020-08-11,15:26:21.241000,12748,12749,12748,1
2020-08-11,15:26:22.909000,12748,12749,12748,1
2020-08-11,15:26:28.283000,12748,12749,12748,1
2020-08-11,15:26:29.359000,12748,12749,12748,3
2020-08-11,15:26:29.898000,12747,12748,12748,1
2020-08-11,15:26:30.868000,12747,12748,12747,1
2020-08-11,15:26:41.782000,12747,12748,12747,8
2020-08-11,15:26:45.966000,12746,12747,12747,1
2020-08-11,15:26:48.193000,12747,12748,12747,1
2020-08-11,15:26:54.554000,12746,12747,12747,1
2020-08-11,15:26:54.554000,12746,12747,12747,4
2020-08-11,15:26:56.267000,12746,12747,12746,1
2020-08-11,15:26:56.479000,12746,12747,12747,1
2020-08-11,15:26:58.214000,12746,12748,12746,1
2020-08-11,15:27:01.811000,12746,12747,12747,2
2020-08-11,15:27:02.087000,12746,12747,12747,3
2020-08-11,15:27:02.087000,12746,12747,12748,1
2020-08-11,15:27:02.453000,12746,12747,12747,1
2020-08-11,15:27:02.461000,12746,12747,12747,4
2020-08-11,15:27:03.049000,12747,12748,12747,1
2020-08-11,15:27:05.326000,12746,12748,12748,2
2020-08-11,15:27:10.968000,12746,12747,12747,1
2020-08-11,15:27:13.553000,12747,12748,12748,1
2020-08-11,15:27:19.411000,12746,12748,12746,1
2020-08-11,15:27:19.679000,12746,12747,12747,1
2020-08-11,15:27:23.711000,12747,12748,12747,1
2020-08-11,15:27:24.084000,12747,12748,12748,19
2020-08-11,15:27:33.173000,12747,12748,12748,2
2020-08-11,15:27:40.317000,12748,12749,12749,1
2020-08-11,15:27:40.318000,12748,12749,12749,3
2020-08-11,15:27:40.318000,12748,12749,12749,5
2020-08-11,15:27:40.534000,12748,12749,12749,1
2020-08-11,15:27:45.588000,12749,12750,12749,1
2020-08-11,15:27:49.452000,12749,12750,12749,1
2020-08-11,15:27:55.284000,12749,12750,12750,3
2020-08-11,15:27:55.284000,12749,12750,12750,6
2020-08-11,15:27:55.285000,12749,12750,12750,1
2020-08-11,15:27:55.285000,12749,12750,12750,3
2020-08-11,15:27:56.034000,12749,12751,12749,1
2020-08-11,15:28:04.862000,12749,12750,12749,3
2020-08-11,15:28:05.939000,12748,12749,12748,1
2020-08-11,15:28:06.194000,12747,12749,12749,1
2020-08-11,15:28:12.116000,12747,12749,12749,1
2020-08-11,15:28:14.465000,12747,12748,12747,4
2020-08-11,15:28:16.109000,12746,12748,12747,1
2020-08-11,15:28:19.019000,12746,12748,12748,1
2020-08-11,15:28:20.169000,12746,12747,12747,1
2020-08-11,15:28:20.870000,12746,12748,12748,1
2020-08-11,15:28:23.703000,12746,12747,12747,3
2020-08-11,15:28:29.617000,12746,12747,12746,8
2020-08-11,15:28:30.694000,12746,12747,12746,7
2020-08-11,15:28:41.792000,12746,12748,12746,1
2020-08-11,15:28:44.846000,12746,12748,12746,1
2020-08-11,15:28:47.598000,12746,12748,12747,3
2020-08-11,15:28:51.532000,12746,12747,12747,3
2020-08-11,15:28:58.641000,12746,12747,12746,1
2020-08-11,15:29:03.765000,12745,12746,12745,11
2020-08-11,15:29:04.421000,12744,12746,12746,1
2020-08-11,15:29:04.700000,12744,12746,12746,3
2020-08-11,15:29:04.711000,12744,12746,12746,3
2020-08-11,15:29:07.188000,12745,12746,12746,1
2020-08-11,15:29:07.188000,12745,12746,12747,1
2020-08-11,15:29:07.287000,12745,12746,12746,1
2020-08-11,15:29:07.390000,12745,12746,12747,2
2020-08-11,15:29:09.224000,12745,12747,12747,2
2020-08-11,15:29:09.225000,12745,12747,12747,2
2020-08-11,15:29:09.322000,12745,12747,12747,2
2020-08-11,15:29:09.422000,12746,12747,12747,1
2020-08-11,15:29:09.422000,12746,12747,12748,1
2020-08-11,15:29:09.626000,12746,12748,12748,2
2020-08-11,15:29:09.725000,12746,12748,12748,4
2020-08-11,15:29:09.827000,12746,12747,12747,1
2020-08-11,15:29:09.827000,12746,12747,12748,1
2020-08-11,15:29:13.388000,12748,12749,12749,36
2020-08-11,15:29:13.388000,12748,12749,12749,1
2020-08-11,15:29:13.528000,12749,12750,12750,1
2020-08-11,15:29:13.528000,12749,12750,12750,1
2020-08-11,15:29:14.187000,12749,12750,12749,2
2020-08-11,15:29:15.449000,12749,12750,12750,3
2020-08-11,15:29:15.449000,12749,12750,12750,1
2020-08-11,15:29:16.311000,12749,12750,12750,1
2020-08-11,15:29:16.639000,12750,12751,12750,1
2020-08-11,15:29:16.639000,12750,12751,12749,1
2020-08-11,15:29:18.963000,12749,12750,12749,1
2020-08-11,15:29:21.282000,12748,12749,12749,1
2020-08-11,15:29:23.334000,12748,12750,12749,1
2020-08-11,15:29:24.221000,12748,12750,12748,1
2020-08-11,15:29:27.145000,12748,12749,12748,1
2020-08-11,15:29:31.542000,12748,12749,12749,1
2020-08-11,15:29:33.976000,12748,12749,12748,3
2020-08-11,15:29:41.288000,12748,12749,12749,1
2020-08-11,15:29:41.431000,12748,12750,12750,1
2020-08-11,15:29:45.491000,12748,12750,12748,1
2020-08-11,15:29:46.787000,12749,12750,12750,1
2020-08-11,15:29:49.366000,12748,12750,12750,1
2020-08-11,15:29:50.472000,12748,12749,12749,1
2020-08-11,15:29:51.347000,12748,12750,12749,1
2020-08-11,15:29:59.164000,12748,12750,12750,1
2020-08-11,15:30:01.517000,12749,12750,12750,1
2020-08-11,15:30:01.517000,12749,12750,12750,5
2020-08-11,15:30:01.978000,12750,12751,12751,1
2020-08-11,15:30:02.312000,12750,12751,12750,1
2020-08-11,15:30:02.365000,12750,12751,12751,1
2020-08-11,15:30:02.429000,12750,12752,12750,7
2020-08-11,15:30:04.736000,12750,12751,12751,1
2020-08-11,15:30:05.713000,12751,12752,12752,6
2020-08-11,15:30:06.157000,12751,12752,12752,4
2020-08-11,15:30:08.830000,12751,12753,12751,2
2020-08-11,15:30:10.327000,12751,12753,12753,4
2020-08-11,15:30:11.140000,12751,12753,12753,1
2020-08-11,15:30:11.142000,12751,12753,12753,2
2020-08-11,15:30:12.218000,12752,12753,12753,1
2020-08-11,15:30:13.173000,12753,12754,12753,1
2020-08-11,15:30:15.942000,12753,12754,12753,1
2020-08-11,15:30:16.513000,12753,12754,12754,1
2020-08-11,15:30:16.513000,12753,12754,12754,9
2020-08-11,15:30:16.514000,12753,12754,12754,2
2020-08-11,15:30:16.514000,12753,12754,12754,3
2020-08-11,15:30:17.022000,12754,12755,12755,1
2020-08-11,15:30:18.014000,12754,12755,12755,5
2020-08-11,15:30:18.155000,12754,12755,12754,1
2020-08-11,15:30:18.258000,12754,12755,12755,1
2020-08-11,15:30:19.436000,12753,12754,12754,1
2020-08-11,15:30:19.808000,12753,12755,12755,1
2020-08-11,15:30:21.477000,12753,12755,12755,1
2020-08-11,15:30:22.404000,12753,12755,12754,1
2020-08-11,15:30:24.871000,12753,12754,12754,2
2020-08-11,15:30:29.601000,12754,12755,12754,1
2020-08-11,15:30:30.142000,12754,12755,12754,1
2020-08-11,15:30:30.318000,12753,12755,12755,2
2020-08-11,15:30:32.456000,12753,12755,12755,1
2020-08-11,15:30:32.733000,12753,12755,12753,1
2020-08-11,15:30:32.841000,12753,12755,12755,1
2020-08-11,15:30:33.212000,12753,12755,12755,1
2020-08-11,15:30:37.819000,12754,12755,12755,6
2020-08-11,15:30:38.186000,12754,12755,12754,1
2020-08-11,15:30:39.582000,12754,12755,12755,1
2020-08-11,15:30:39.868000,12754,12755,12755,5
2020-08-11,15:30:42.556000,12754,12756,12755,1
2020-08-11,15:30:43.136000,12754,12756,12754,2
2020-08-11,15:30:45.169000,12753,12755,12755,1
2020-08-11,15:30:45.336000,12753,12755,12754,1
2020-08-11,15:30:48.023000,12754,12755,12754,2
2020-08-11,15:30:49.224000,12753,12754,12754,2
2020-08-11,15:30:53.024000,12754,12755,12754,1
2020-08-11,15:30:57.436000,12754,12755,12754,4
2020-08-11,15:30:57.436000,12754,12755,12754,2
2020-08-11,15:30:57.437000,12754,12755,12754,4
2020-08-11,15:31:01.289000,12754,12755,12755,1
2020-08-11,15:31:01.289000,12754,12755,12755,3
2020-08-11,15:31:03.100000,12755,12756,12756,10
2020-08-11,15:31:03.155000,12755,12757,12757,1
2020-08-11,15:31:03.155000,12755,12757,12757,1
2020-08-11,15:31:03.155000,12755,12757,12757,1
2020-08-11,15:31:03.155000,12755,12757,12757,1
2020-08-11,15:31:03.155000,12755,12757,12757,1
2020-08-11,15:31:03.156000,12755,12757,12757,1
2020-08-11,15:31:03.188000,12755,12757,12757,1
2020-08-11,15:31:03.210000,12755,12757,12755,1
2020-08-11,15:31:03.231000,12755,12757,12757,1
2020-08-11,15:31:03.297000,12755,12757,12757,2
2020-08-11,15:31:03.301000,12755,12757,12757,1
2020-08-11,15:31:03.301000,12755,12757,12757,2
2020-08-11,15:31:03.303000,12755,12757,12757,1
2020-08-11,15:31:03.316000,12755,12757,12757,2
2020-08-11,15:31:03.316000,12755,12757,12757,6
2020-08-11,15:31:03.529000,12756,12758,12758,1
2020-08-11,15:31:03.542000,12756,12758,12758,1
2020-08-11,15:31:03.553000,12756,12758,12758,1
2020-08-11,15:31:03.553000,12756,12758,12758,1
2020-08-11,15:31:03.653000,12756,12758,12758,3
2020-08-11,15:31:03.721000,12756,12758,12758,2
2020-08-11,15:31:03.735000,12756,12758,12758,1
2020-08-11,15:31:03.760000,12756,12758,12758,1
2020-08-11,15:31:03.762000,12756,12758,12758,1
2020-08-11,15:31:03.764000,12756,12758,12758,3
2020-08-11,15:31:03.807000,12756,12758,12758,1
2020-08-11,15:31:03.969000,12756,12758,12758,1
2020-08-11,15:31:04.016000,12756,12758,12758,1
2020-08-11,15:31:04.051000,12756,12758,12758,1
2020-08-11,15:31:04.057000,12756,12758,12758,2
2020-08-11,15:31:04.061000,12756,12758,12758,2
2020-08-11,15:31:04.093000,12756,12758,12758,1
2020-08-11,15:31:04.093000,12756,12758,12759,1
2020-08-11,15:31:04.252000,12757,12759,12759,1
2020-08-11,15:31:04.288000,12757,12759,12758,2
2020-08-11,15:31:04.311000,12757,12759,12757,2
2020-08-11,15:31:04.497000,12757,12759,12759,1
2020-08-11,15:31:04.704000,12757,12758,12758,1
2020-08-11,15:31:04.827000,12757,12758,12758,1
2020-08-11,15:31:05.470000,12757,12759,12757,1
2020-08-11,15:31:05.541000,12756,12757,12757,1
2020-08-11,15:31:06.784000,12756,12758,12756,1
2020-08-11,15:31:08.579000,12756,12757,12757,2
2020-08-11,15:31:08.583000,12756,12757,12758,1
2020-08-11,15:31:08.912000,12756,12758,12756,2
2020-08-11,15:31:09.856000,12756,12758,12758,1
2020-08-11,15:31:10.541000,12756,12757,12756,5
2020-08-11,15:31:10.541000,12756,12757,12756,1
2020-08-11,15:31:10.541000,12756,12757,12756,1
2020-08-11,15:31:10.860000,12755,12757,12757,1
2020-08-11,15:31:12.412000,12756,12757,12756,1
2020-08-11,15:31:13.116000,12756,12757,12756,1
2020-08-11,15:31:13.480000,12755,12756,12755,1
2020-08-11,15:31:13.703000,12755,12756,12756,1
2020-08-11,15:31:14.621000,12755,12757,12757,1
2020-08-11,15:31:15.428000,12755,12757,12757,1
2020-08-11,15:31:15.840000,12756,12757,12757,2
2020-08-11,15:31:16.289000,12756,12757,12756,1
2020-08-11,15:31:18.757000,12756,12757,12756,1
2020-08-11,15:31:21.780000,12756,12757,12757,1
2020-08-11,15:31:22.505000,12756,12757,12756,1
2020-08-11,15:31:22.912000,12756,12758,12758,15
2020-08-11,15:31:24.291000,12757,12758,12758,1
2020-08-11,15:31:24.920000,12757,12758,12758,4
2020-08-11,15:31:24.920000,12757,12758,12758,2
2020-08-11,15:31:25.193000,12757,12759,12759,1
2020-08-11,15:31:25.380000,12757,12759,12759,1
2020-08-11,15:31:27.407000,12757,12758,12757,1
2020-08-11,15:31:27.590000,12757,12758,12758,2
2020-08-11,15:31:28.381000,12757,12758,12757,1
2020-08-11,15:31:29.434000,12757,12758,12758,2
2020-08-11,15:31:30.327000,12757,12758,12758,1
2020-08-11,15:31:31.839000,12757,12758,12758,10
2020-08-11,15:31:31.840000,12757,12758,12758,3
2020-08-11,15:31:32.051000,12757,12759,12757,1
2020-08-11,15:31:34.546000,12757,12758,12757,2
2020-08-11,15:31:36.763000,12757,12758,12757,1
2020-08-11,15:31:39.250000,12756,12757,12756,26
2020-08-11,15:31:39.292000,12755,12756,12755,5
2020-08-11,15:31:39.292000,12755,12756,12755,1
2020-08-11,15:31:39.374000,12755,12756,12755,2
2020-08-11,15:31:39.374000,12755,12756,12755,2
2020-08-11,15:31:41.778000,12753,12755,12755,1
2020-08-11,15:31:42.499000,12753,12755,12755,1
2020-08-11,15:31:43.909000,12753,12755,12755,1
2020-08-11,15:31:44.090000,12753,12755,12753,5
2020-08-11,15:31:44.230000,12753,12755,12755,1
2020-08-11,15:31:44.917000,12753,12755,12755,1
2020-08-11,15:31:48.510000,12755,12756,12755,1
2020-08-11,15:31:48.723000,12754,12756,12755,1
2020-08-11,15:31:51.327000,12755,12756,12755,1
2020-08-11,15:31:51.327000,12755,12756,12755,4
2020-08-11,15:31:53.100000,12755,12756,12756,3
2020-08-11,15:31:54.055000,12755,12756,12755,1
2020-08-11,15:31:54.070000,12755,12756,12755,1
2020-08-11,15:31:54.225000,12754,12756,12755,1
2020-08-11,15:31:58.859000,12755,12756,12756,1
2020-08-11,15:32:01.367000,12755,12756,12755,1
2020-08-11,15:32:01.633000,12754,12756,12756,1
2020-08-11,15:32:01.655000,12754,12756,12756,1
2020-08-11,15:32:01.655000,12754,12756,12756,1
2020-08-11,15:32:01.661000,12754,12756,12756,1
2020-08-11,15:32:01.663000,12754,12756,12756,1
2020-08-11,15:32:01.942000,12755,12756,12756,4
2020-08-11,15:32:01.942000,12755,12756,12756,2
2020-08-11,15:32:01.942000,12755,12756,12756,2
2020-08-11,15:32:02.462000,12756,12757,12756,1
2020-08-11,15:32:02.876000,12756,12757,12756,1
2020-08-11,15:32:04.913000,12755,12756,12755,1
2020-08-11,15:32:06.291000,12754,12755,12755,1
2020-08-11,15:32:09.097000,12754,12755,12754,3
2020-08-11,15:32:09.953000,12753,12755,12755,1
2020-08-11,15:32:10.160000,12753,12755,12753,1
2020-08-11,15:32:11.016000,12753,12755,12753,1
2020-08-11,15:32:15.265000,12753,12755,12755,1
2020-08-11,15:32:21.583000,12754,12755,12755,1
2020-08-11,15:32:26.014000,12754,12755,12754,1
2020-08-11,15:32:26.234000,12753,12754,12754,4
2020-08-11,15:32:26.651000,12753,12755,12755,15
2020-08-11,15:32:35.828000,12754,12755,12755,1
2020-08-11,15:32:35.905000,12754,12755,12755,1
2020-08-11,15:32:35.906000,12754,12755,12755,1
2020-08-11,15:32:35.907000,12754,12755,12755,1
2020-08-11,15:32:35.908000,12754,12755,12755,1
2020-08-11,15:32:35.908000,12754,12755,12756,1
2020-08-11,15:32:37.232000,12754,12755,12755,1
2020-08-11,15:32:39.294000,12754,12756,12755,3
2020-08-11,15:32:39.417000,12754,12756,12754,1
2020-08-11,15:32:39.418000,12754,12756,12755,2
2020-08-11,15:32:39.641000,12754,12755,12755,3
2020-08-11,15:32:41.398000,12754,12755,12755,1
2020-08-11,15:32:43.940000,12755,12756,12755,1
2020-08-11,15:32:45.078000,12755,12756,12755,1
2020-08-11,15:32:46.713000,12755,12756,12755,1
2020-08-11,15:32:48.128000,12755,12756,12755,1
2020-08-11,15:32:48.715000,12755,12756,12755,12
2020-08-11,15:32:48.716000,12755,12756,12755,3
2020-08-11,15:32:48.717000,12755,12756,12755,3
2020-08-11,15:32:50.031000,12755,12756,12756,1
2020-08-11,15:32:53.689000,12755,12756,12756,1
2020-08-11,15:32:54.017000,12755,12756,12755,2
2020-08-11,15:32:54.019000,12755,12756,12755,1
2020-08-11,15:32:55.089000,12754,12756,12755,1
2020-08-11,15:32:55.796000,12754,12755,12755,1
2020-08-11,15:32:59.547000,12755,12756,12755,1
2020-08-11,15:33:00.491000,12754,12755,12755,1
2020-08-11,15:33:02.606000,12755,12756,12755,2
2020-08-11,15:33:04.175000,12755,12756,12755,12
2020-08-11,15:33:04.491000,12754,12755,12755,1
2020-08-11,15:33:05.899000,12755,12756,12755,1
2020-08-11,15:33:07.911000,12755,12756,12755,1
2020-08-11,15:33:13.576000,12755,12756,12755,1
2020-08-11,15:33:15.240000,12754,12756,12755,1
2020-08-11,15:33:18.877000,12754,12755,12755,2
2020-08-11,15:33:19.815000,12754,12755,12755,2
2020-08-11,15:33:19.815000,12754,12755,12755,5
2020-08-11,15:33:19.815000,12754,12755,12755,1
2020-08-11,15:33:21.668000,12755,12756,12755,1
2020-08-11,15:33:22.154000,12755,12756,12755,1
2020-08-11,15:33:23.082000,12755,12756,12755,1
2020-08-11,15:33:27.452000,12755,12756,12756,10
2020-08-11,15:33:27.890000,12755,12756,12756,9
2020-08-11,15:33:29.054000,12755,12756,12756,10
2020-08-11,15:33:29.151000,12755,12756,12756,4
2020-08-11,15:33:29.672000,12755,12756,12756,4
2020-08-11,15:33:32.387000,12756,12757,12756,1
2020-08-11,15:33:34.800000,12756,12757,12756,2
2020-08-11,15:33:37.857000,12756,12757,12757,3
2020-08-11,15:33:38.561000,12756,12757,12757,1
2020-08-11,15:33:38.561000,12756,12757,12757,3
2020-08-11,15:33:38.561000,12756,12757,12757,2
2020-08-11,15:33:39.906000,12757,12758,12757,1
2020-08-11,15:33:40.765000,12757,12758,12757,1
2020-08-11,15:33:40.993000,12757,12758,12758,1
2020-08-11,15:33:43.965000,12757,12758,12757,5
2020-08-11,15:33:46.386000,12756,12757,12756,6
2020-08-11,15:33:47.685000,12755,12756,12756,1
2020-08-11,15:33:48.012000,12755,12756,12755,5
2020-08-11,15:33:48.012000,12755,12756,12755,9
2020-08-11,15:33:49.531000,12754,12755,12755,1
2020-08-11,15:33:49.682000,12754,12755,12754,2
2020-08-11,15:33:51.166000,12753,12754,12753,7
2020-08-11,15:33:54.290000,12751,12752,12751,1
2020-08-11,15:33:54.633000,12750,12752,12750,1
2020-08-11,15:33:55.868000,12750,12751,12750,2
2020-08-11,15:33:55.868000,12750,12751,12750,3
2020-08-11,15:33:57.843000,12749,12751,12750,1
2020-08-11,15:33:58.311000,12749,12750,12750,1
2020-08-11,15:34:01.596000,12750,12751,12750,1
2020-08-11,15:34:02.232000,12749,12750,12750,1
2020-08-11,15:34:02.429000,12750,12751,12750,1
2020-08-11,15:34:03.445000,12750,12751,12750,1
2020-08-11,15:34:04.430000,12750,12751,12750,1
2020-08-11,15:34:04.591000,12749,12751,12749,1
2020-08-11,15:34:04.991000,12749,12751,12749,1
2020-08-11,15:34:06.258000,12749,12751,12750,2
2020-08-11,15:34:07.597000,12749,12751,12749,1
2020-08-11,15:34:09.600000,12749,12750,12750,1
2020-08-11,15:34:09.610000,12749,12750,12749,15
2020-08-11,15:34:09.620000,12749,12750,12750,6
2020-08-11,15:34:09.621000,12749,12750,12750,1
2020-08-11,15:34:09.621000,12749,12750,12750,5
2020-08-11,15:34:12.161000,12749,12750,12749,4
2020-08-11,15:34:12.162000,12749,12750,12749,2
2020-08-11,15:34:13.932000,12748,12750,12750,1
2020-08-11,15:34:14.880000,12748,12750,12749,1
2020-08-11,15:34:19.067000,12748,12749,12748,4
2020-08-11,15:34:19.992000,12748,12749,12749,1
2020-08-11,15:34:22.299000,12748,12750,12748,2
2020-08-11,15:34:26.346000,12749,12750,12749,1
2020-08-11,15:34:26.346000,12749,12750,12748,1
2020-08-11,15:34:26.958000,12748,12750,12748,1
2020-08-11,15:34:29.291000,12748,12750,12750,1
2020-08-11,15:34:30.334000,12749,12750,12750,5
2020-08-11,15:34:37.381000,12749,12750,12750,1
2020-08-11,15:34:39.167000,12750,12751,12750,1
2020-08-11,15:34:51.067000,12750,12751,12750,1
2020-08-11,15:34:55.031000,12750,12751,12751,1
2020-08-11,15:34:55.032000,12750,12751,12751,2
2020-08-11,15:34:55.032000,12750,12751,12751,1
2020-08-11,15:34:55.032000,12750,12751,12751,2
2020-08-11,15:34:55.032000,12750,12751,12751,8
2020-08-11,15:34:56.211000,12751,12752,12752,2
2020-08-11,15:34:56.648000,12752,12753,12751,1
2020-08-11,15:34:58.906000,12751,12753,12751,1
2020-08-11,15:35:00.335000,12751,12753,12752,1
2020-08-11,15:35:04.476000,12752,12753,12753,2
2020-08-11,15:35:04.477000,12752,12753,12753,1
2020-08-11,15:35:09.976000,12752,12753,12753,1
2020-08-11,15:35:12.181000,12752,12753,12753,2
2020-08-11,15:35:14.891000,12753,12754,12754,1
2020-08-11,15:35:18.149000,12753,12755,12755,1
2020-08-11,15:35:18.185000,12753,12755,12755,3
2020-08-11,15:35:22.107000,12753,12755,12755,1
2020-08-11,15:35:22.906000,12753,12755,12755,3
2020-08-11,15:35:26.717000,12753,12755,12755,1
2020-08-11,15:35:28.701000,12753,12755,12753,2
2020-08-11,15:35:42.591000,12753,12754,12754,1
2020-08-11,15:35:46.364000,12753,12755,12755,10
2020-08-11,15:35:46.365000,12753,12755,12754,1
2020-08-11,15:35:52.909000,12754,12755,12754,10
2020-08-11,15:36:01.980000,12753,12754,12754,1
2020-08-11,15:36:02.253000,12753,12755,12755,1
2020-08-11,15:36:03.308000,12754,12755,12755,2
2020-08-11,15:36:14.657000,12754,12755,12755,5
2020-08-11,15:36:14.657000,12754,12755,12755,2
2020-08-11,15:36:17.288000,12755,12756,12756,1
2020-08-11,15:36:17.288000,12755,12756,12756,5
2020-08-11,15:36:17.288000,12755,12756,12756,3
2020-08-11,15:36:17.289000,12755,12756,12756,1
2020-08-11,15:36:17.289000,12755,12756,12756,2
2020-08-11,15:36:17.289000,12755,12756,12756,1
2020-08-11,15:36:17.289000,12755,12756,12756,8
2020-08-11,15:36:17.541000,12756,12757,12757,3
2020-08-11,15:36:17.828000,12757,12758,12758,1
2020-08-11,15:36:22.394000,12757,12758,12757,2
2020-08-11,15:36:22.917000,12757,12758,12758,1
2020-08-11,15:36:25.412000,12757,12758,12757,2
2020-08-11,15:36:26.276000,12755,12757,12757,1
2020-08-11,15:36:26.851000,12755,12757,12757,2
2020-08-11,15:36:27.113000,12755,12757,12757,1
2020-08-11,15:36:28.411000,12754,12756,12756,1
2020-08-11,15:36:28.592000,12754,12756,12756,1
2020-08-11,15:36:32.441000,12754,12756,12756,1
2020-08-11,15:36:32.847000,12754,12756,12756,4
2020-08-11,15:36:32.847000,12754,12756,12757,6
2020-08-11,15:36:33.048000,12755,12757,12756,1
2020-08-11,15:36:35.233000,12755,12756,12755,1
2020-08-11,15:36:35.889000,12754,12755,12755,1
2020-08-11,15:36:36.088000,12754,12755,12754,1
2020-08-11,15:36:36.484000,12753,12755,12753,1
2020-08-11,15:36:38.480000,12753,12755,12755,1
2020-08-11,15:36:42.657000,12753,12754,12753,1
2020-08-11,15:36:42.802000,12753,12754,12754,1
2020-08-11,15:36:43.644000,12753,12754,12753,5
2020-08-11,15:36:45.148000,12752,12753,12753,1
2020-08-11,15:36:45.857000,12753,12754,12753,3
2020-08-11,15:36:47.579000,12752,12753,12752,1
2020-08-11,15:36:47.579000,12752,12753,12752,2
2020-08-11,15:36:47.579000,12752,12753,12752,4
2020-08-11,15:36:47.579000,12752,12753,12752,3
2020-08-11,15:36:50.722000,12751,12752,12751,1
2020-08-11,15:36:53.451000,12751,12752,12752,7
2020-08-11,15:36:53.451000,12751,12752,12752,1
2020-08-11,15:36:53.452000,12751,12752,12752,4
2020-08-11,15:36:53.452000,12751,12752,12752,13
2020-08-11,15:36:54.675000,12751,12753,12751,4
2020-08-11,15:37:02.200000,12752,12753,12753,3
2020-08-11,15:37:02.690000,12752,12753,12752,1
2020-08-11,15:37:07.009000,12752,12753,12752,1
2020-08-11,15:37:07.325000,12752,12753,12752,6
2020-08-11,15:37:07.812000,12752,12753,12752,5
2020-08-11,15:37:07.812000,12752,12753,12752,1
2020-08-11,15:37:07.812000,12752,12753,12752,11
