2019-08-12 15:00:00.030,10440,10441,10440,28,-28
2019-08-12 15:00:01.045,10440,10441,10440,1,-1
2019-08-12 15:00:01.096,10440,10441,10440,1,-1
2019-08-12 15:00:01.262,10440,10441,10441,5,5
2019-08-12 15:00:01.262,10440,10441,10442,3,3
2019-08-12 15:00:01.329,10440,10442,10442,3,3
2019-08-12 15:00:01.329,10440,10442,10443,1,1
2019-08-12 15:00:01.571,10442,10443,10443,4,4
2019-08-12 15:00:01.632,10442,10443,10442,1,-1
2019-08-12 15:00:01.634,10442,10443,10442,1,-1
2019-08-12 15:00:01.639,10442,10443,10441,1,-1
2019-08-12 15:00:01.642,10442,10443,10441,1,-1
2019-08-12 15:00:01.645,10442,10443,10443,4,4
2019-08-12 15:00:01.645,10442,10443,10444,1,1
2019-08-12 15:00:01.652,10441,10444,10442,1,-1
2019-08-12 15:00:01.659,10441,10444,10442,1,-1
2019-08-12 15:00:01.681,10441,10444,10444,5,5
2019-08-12 15:00:01.697,10441,10444,10444,2,2
2019-08-12 15:00:01.731,10441,10444,10444,2,2
2019-08-12 15:00:01.740,10441,10444,10442,1,-1
2019-08-12 15:00:02.607,10442,10444,10444,3,3
2019-08-12 15:00:02.611,10442,10444,10444,1,1
2019-08-12 15:00:03.193,10443,10445,10443,3,-3
2019-08-12 15:00:05.160,10443,10444,10444,2,2
2019-08-12 15:00:05.646,10443,10444,10443,1,-1
2019-08-12 15:00:09.406,10443,10444,10444,1,1
2019-08-12 15:00:09.814,10442,10444,10444,4,4
2019-08-12 15:00:11.434,10443,10444,10444,5,5
2019-08-12 15:00:12.703,10444,10445,10444,1,-1
2019-08-12 15:00:15.596,10444,10445,10444,1,-1
2019-08-12 15:00:18.829,10444,10445,10444,1,-1
2019-08-12 15:00:18.973,10443,10444,10444,2,2
2019-08-12 15:00:20.407,10443,10444,10444,1,1
2019-08-12 15:00:20.407,10443,10444,10444,3,3
2019-08-12 15:00:20.524,10443,10444,10444,2,2
2019-08-12 15:00:23.057,10444,10445,10444,3,-3
2019-08-12 15:00:24.071,10444,10445,10444,1,-1
2019-08-12 15:00:24.762,10444,10445,10444,1,-1
2019-08-12 15:00:25.749,10444,10445,10444,3,-3
2019-08-12 15:00:27.859,10444,10445,10444,1,-1
2019-08-12 15:00:28.595,10444,10445,10445,1,1
2019-08-12 15:00:29.202,10444,10445,10445,4,4
2019-08-12 15:00:29.274,10444,10445,10445,15,15
2019-08-12 15:00:29.399,10444,10445,10445,7,7
2019-08-12 15:00:32.056,10445,10446,10445,1,-1
2019-08-12 15:00:33.270,10445,10446,10445,1,-1
2019-08-12 15:00:36.858,10445,10446,10445,1,-1
2019-08-12 15:00:36.891,10445,10446,10446,1,1
2019-08-12 15:00:36.903,10445,10446,10445,1,-1
2019-08-12 15:00:37.986,10445,10446,10445,1,-1
2019-08-12 15:00:39.493,10445,10446,10446,1,1
2019-08-12 15:00:39.493,10445,10446,10446,1,1
2019-08-12 15:00:39.493,10445,10446,10446,1,1
2019-08-12 15:00:39.524,10445,10446,10446,3,3
2019-08-12 15:00:39.524,10445,10446,10446,2,2
2019-08-12 15:00:39.649,10446,10447,10447,7,7
2019-08-12 15:00:39.774,10446,10447,10447,2,2
2019-08-12 15:00:40.061,10446,10447,10447,8,8
2019-08-12 15:00:40.376,10447,10448,10447,1,-1
2019-08-12 15:00:40.936,10447,10448,10447,1,-1
2019-08-12 15:00:41.606,10447,10448,10448,1,1
2019-08-12 15:00:43.352,10447,10448,10448,1,1
2019-08-12 15:00:44.403,10447,10448,10447,1,-1
2019-08-12 15:00:44.656,10447,10448,10448,1,1
2019-08-12 15:00:44.767,10447,10448,10448,2,2
2019-08-12 15:00:44.860,10447,10448,10447,2,-2
2019-08-12 15:00:44.894,10447,10448,10448,2,2
2019-08-12 15:00:45.422,10447,10448,10447,1,-1
2019-08-12 15:00:48.557,10447,10448,10447,1,-1
2019-08-12 15:00:51.364,10447,10448,10447,1,-1
2019-08-12 15:00:52.019,10447,10448,10447,1,-1
2019-08-12 15:00:53.452,10447,10448,10448,2,2
2019-08-12 15:00:53.453,10447,10448,10448,3,3
2019-08-12 15:00:53.524,10448,10449,10449,5,5
2019-08-12 15:00:53.524,10448,10449,10449,4,4
2019-08-12 15:00:53.585,10448,10449,10449,3,3
2019-08-12 15:00:53.649,10448,10449,10449,1,1
2019-08-12 15:00:53.650,10448,10449,10449,2,2
2019-08-12 15:00:53.811,10448,10449,10449,1,1
2019-08-12 15:00:53.862,10448,10449,10448,1,-1
2019-08-12 15:00:53.889,10448,10449,10448,1,-1
2019-08-12 15:00:56.493,10448,10449,10448,2,-2
2019-08-12 15:00:57.123,10448,10449,10448,1,-1
2019-08-12 15:01:00.074,10448,10449,10448,1,-1
2019-08-12 15:01:00.286,10448,10449,10448,7,-7
2019-08-12 15:01:03.239,10448,10449,10448,1,-1
2019-08-12 15:01:03.664,10448,10449,10449,10,10
2019-08-12 15:01:04.501,10449,10450,10450,1,1
2019-08-12 15:01:04.649,10449,10450,10450,2,2
2019-08-12 15:01:04.884,10449,10451,10449,1,-1
2019-08-12 15:01:04.972,10449,10451,10449,2,-2
2019-08-12 15:01:05.269,10449,10451,10450,1,1
2019-08-12 15:01:05.404,10450,10451,10450,1,-1
2019-08-12 15:01:05.644,10450,10451,10450,1,-1
2019-08-12 15:01:05.765,10450,10451,10450,1,-1
2019-08-12 15:01:06.231,10449,10450,10450,10,10
2019-08-12 15:01:07.722,10449,10450,10449,1,-1
2019-08-12 15:01:07.987,10449,10450,10449,3,-3
2019-08-12 15:01:08.092,10449,10450,10449,4,-4
2019-08-12 15:01:08.830,10448,10449,10449,1,1
2019-08-12 15:01:10.069,10448,10449,10448,1,-1
2019-08-12 15:01:10.638,10448,10449,10448,1,-1
2019-08-12 15:01:11.156,10448,10449,10449,14,14
2019-08-12 15:01:13.686,10448,10449,10449,1,1
2019-08-12 15:01:13.719,10448,10449,10449,1,1
2019-08-12 15:01:13.820,10448,10450,10449,1,-1
2019-08-12 15:01:15.226,10449,10450,10449,2,-2
2019-08-12 15:01:16.810,10449,10450,10449,1,-1
2019-08-12 15:01:18.251,10449,10450,10449,1,-1
2019-08-12 15:01:20.366,10449,10450,10450,7,7
2019-08-12 15:01:20.366,10449,10450,10450,7,7
2019-08-12 15:01:21.461,10450,10451,10450,2,-2
2019-08-12 15:01:22.151,10450,10451,10450,1,-1
2019-08-12 15:01:22.281,10450,10451,10450,1,-1
2019-08-12 15:01:22.291,10450,10451,10451,1,1
2019-08-12 15:01:24.055,10450,10451,10451,1,1
2019-08-12 15:01:25.489,10450,10451,10451,1,1
2019-08-12 15:01:26.383,10450,10451,10451,1,1
2019-08-12 15:01:26.557,10450,10451,10450,1,-1
2019-08-12 15:01:26.752,10450,10451,10451,1,1
2019-08-12 15:01:26.928,10450,10451,10450,1,-1
2019-08-12 15:01:30.819,10450,10451,10451,1,1
2019-08-12 15:01:30.926,10450,10451,10450,1,-1
2019-08-12 15:01:31.549,10450,10451,10451,6,6
2019-08-12 15:01:31.847,10450,10451,10450,1,-1
2019-08-12 15:01:32.373,10450,10451,10450,7,-7
2019-08-12 15:01:32.724,10449,10450,10449,1,-1
2019-08-12 15:01:33.436,10448,10449,10449,1,1
2019-08-12 15:01:34.666,10448,10449,10449,4,4
2019-08-12 15:01:36.080,10448,10449,10448,1,-1
2019-08-12 15:01:39.431,10448,10449,10449,1,1
2019-08-12 15:01:39.794,10448,10450,10450,2,2
2019-08-12 15:01:39.885,10448,10450,10448,5,-5
2019-08-12 15:01:41.473,10448,10449,10449,1,1
2019-08-12 15:01:42.344,10449,10450,10450,1,1
2019-08-12 15:01:45.031,10449,10450,10449,2,-2
2019-08-12 15:01:45.032,10449,10450,10449,2,-2
2019-08-12 15:01:45.032,10449,10450,10449,1,-1
2019-08-12 15:01:45.504,10447,10449,10449,2,2
2019-08-12 15:01:50.057,10447,10448,10448,1,1
2019-08-12 15:01:52.853,10448,10449,10449,3,3
2019-08-12 15:01:54.970,10448,10449,10449,1,1
2019-08-12 15:01:55.035,10448,10449,10449,1,1
2019-08-12 15:01:55.050,10448,10449,10449,1,1
2019-08-12 15:01:55.054,10448,10449,10449,1,1
2019-08-12 15:01:55.066,10448,10449,10449,1,1
2019-08-12 15:01:55.086,10448,10449,10449,1,1
2019-08-12 15:01:56.614,10448,10449,10448,2,-2
2019-08-12 15:02:00.014,10448,10449,10449,1,1
2019-08-12 15:02:02.770,10448,10449,10449,3,3
2019-08-12 15:02:09.186,10448,10449,10449,1,1
2019-08-12 15:02:18.236,10448,10449,10449,1,1
2019-08-12 15:02:22.455,10448,10449,10449,11,11
2019-08-12 15:02:22.455,10448,10449,10450,9,9
2019-08-12 15:02:23.014,10449,10450,10449,1,-1
2019-08-12 15:02:26.434,10449,10450,10449,1,-1
2019-08-12 15:02:26.695,10449,10450,10449,4,-4
2019-08-12 15:02:30.691,10449,10450,10449,1,-1
2019-08-12 15:02:35.699,10449,10450,10449,1,-1
2019-08-12 15:02:41.515,10449,10450,10449,3,-3
2019-08-12 15:02:43.240,10449,10450,10449,3,-3
2019-08-12 15:02:44.727,10449,10450,10449,1,-1
2019-08-12 15:02:44.997,10449,10450,10449,1,-1
2019-08-12 15:02:46.595,10449,10450,10449,1,-1
2019-08-12 15:02:46.802,10449,10450,10449,1,-1
2019-08-12 15:02:47.850,10449,10450,10450,1,1
2019-08-12 15:02:51.426,10449,10450,10450,1,1
2019-08-12 15:02:54.767,10449,10450,10450,2,2
2019-08-12 15:03:00.735,10449,10450,10449,1,-1
2019-08-12 15:03:04.610,10449,10450,10450,1,1
2019-08-12 15:03:05.944,10449,10450,10450,1,1
2019-08-12 15:03:07.197,10449,10450,10449,4,-4
2019-08-12 15:03:11.502,10448,10449,10449,3,3
2019-08-12 15:03:11.503,10448,10449,10449,2,2
2019-08-12 15:03:22.851,10448,10449,10449,5,5
2019-08-12 15:03:24.342,10448,10449,10449,5,5
2019-08-12 15:03:24.987,10448,10449,10449,1,1
2019-08-12 15:03:25.664,10448,10449,10449,2,2
2019-08-12 15:03:33.676,10449,10450,10449,1,-1
2019-08-12 15:03:33.774,10449,10450,10449,3,-3
2019-08-12 15:03:35.458,10448,10449,10448,1,-1
2019-08-12 15:03:37.161,10448,10449,10449,1,1
2019-08-12 15:03:38.145,10449,10450,10449,1,-1
2019-08-12 15:03:41.851,10449,10450,10449,1,-1
2019-08-12 15:03:49.902,10449,10450,10449,1,-1
2019-08-12 15:03:51.282,10449,10450,10449,1,-1
2019-08-12 15:03:52.025,10449,10450,10450,2,2
2019-08-12 15:03:57.170,10449,10450,10449,6,-6
2019-08-12 15:04:01.296,10448,10449,10449,1,1
2019-08-12 15:04:05.563,10448,10449,10449,1,1
2019-08-12 15:04:05.563,10448,10449,10450,1,1
2019-08-12 15:04:07.667,10448,10449,10449,1,1
2019-08-12 15:04:08.004,10448,10449,10449,1,1
2019-08-12 15:04:08.024,10448,10449,10449,1,1
2019-08-12 15:04:08.276,10449,10450,10449,1,-1
2019-08-12 15:04:22.168,10448,10449,10449,3,3
2019-08-12 15:04:27.404,10449,10450,10449,2,-2
2019-08-12 15:04:28.477,10449,10450,10449,1,-1
2019-08-12 15:04:29.881,10449,10450,10449,1,-1
2019-08-12 15:04:33.947,10449,10450,10449,1,-1
2019-08-12 15:04:36.879,10449,10450,10450,2,2
2019-08-12 15:04:42.967,10449,10450,10449,1,-1
2019-08-12 15:04:52.222,10448,10449,10449,2,2
2019-08-12 15:05:00.439,10449,10450,10450,1,1
2019-08-12 15:05:17.459,10449,10450,10450,6,6
2019-08-12 15:05:17.464,10449,10450,10450,40,40
2019-08-12 15:05:17.610,10449,10451,10451,1,1
2019-08-12 15:05:17.649,10450,10451,10451,17,17
2019-08-12 15:05:17.649,10450,10451,10451,2,2
2019-08-12 15:05:17.649,10450,10451,10451,1,1
2019-08-12 15:05:17.649,10450,10451,10451,2,2
2019-08-12 15:05:17.654,10450,10451,10451,1,1
2019-08-12 15:05:17.662,10450,10451,10452,1,1
2019-08-12 15:05:17.662,10450,10451,10452,1,1
2019-08-12 15:05:17.664,10450,10451,10452,1,1
2019-08-12 15:05:17.674,10450,10451,10452,1,1
2019-08-12 15:05:17.755,10450,10451,10451,2,2
2019-08-12 15:05:19.100,10450,10452,10450,1,-1
2019-08-12 15:05:19.251,10450,10452,10451,5,5
2019-08-12 15:05:19.251,10450,10452,10452,1,1
2019-08-12 15:05:25.037,10450,10451,10451,1,1
2019-08-12 15:05:26.461,10451,10452,10451,1,-1
2019-08-12 15:05:27.400,10451,10452,10451,1,-1
2019-08-12 15:05:28.985,10451,10452,10452,4,4
2019-08-12 15:05:33.017,10451,10452,10451,1,-1
2019-08-12 15:05:33.028,10451,10452,10452,5,5
2019-08-12 15:05:38.304,10451,10452,10452,4,4
2019-08-12 15:05:39.652,10451,10452,10452,1,1
2019-08-12 15:05:39.835,10451,10452,10451,2,-2
2019-08-12 15:05:43.223,10451,10452,10452,1,1
2019-08-12 15:05:50.949,10451,10452,10452,1,1
2019-08-12 15:05:56.075,10451,10452,10452,3,3
2019-08-12 15:05:56.951,10451,10452,10452,1,1
2019-08-12 15:05:58.134,10451,10452,10452,1,1
2019-08-12 15:05:58.966,10451,10452,10451,4,-4
2019-08-12 15:05:59.079,10450,10452,10451,1,-1
2019-08-12 15:06:01.422,10450,10451,10451,1,1
2019-08-12 15:06:01.740,10450,10451,10451,1,1
2019-08-12 15:06:01.760,10450,10451,10451,1,1
2019-08-12 15:06:02.155,10450,10451,10451,2,2
2019-08-12 15:06:05.762,10451,10452,10452,2,2
2019-08-12 15:06:05.844,10451,10452,10451,1,-1
2019-08-12 15:06:09.442,10451,10452,10451,4,-4
2019-08-12 15:06:09.996,10450,10452,10450,1,-1
2019-08-12 15:06:10.075,10450,10452,10452,1,1
2019-08-12 15:06:14.924,10450,10451,10451,1,1
2019-08-12 15:06:25.649,10450,10451,10450,9,-9
2019-08-12 15:06:28.399,10449,10450,10449,19,-19
2019-08-12 15:06:28.558,10449,10450,10449,2,-2
2019-08-12 15:06:28.716,10449,10450,10450,1,1
2019-08-12 15:06:30.162,10449,10450,10450,1,1
2019-08-12 15:06:30.526,10449,10450,10449,2,-2
2019-08-12 15:06:31.553,10449,10450,10450,2,2
2019-08-12 15:06:34.399,10449,10450,10449,3,-3
2019-08-12 15:06:34.856,10449,10450,10449,4,-4
2019-08-12 15:06:34.867,10449,10450,10449,2,-2
2019-08-12 15:06:34.867,10449,10450,10449,2,-2
2019-08-12 15:06:41.063,10448,10450,10450,2,2
2019-08-12 15:06:44.176,10448,10449,10449,1,1
2019-08-12 15:06:54.271,10448,10449,10449,2,2
2019-08-12 15:06:55.354,10449,10450,10449,1,-1
2019-08-12 15:06:56.221,10449,10450,10450,8,8
2019-08-12 15:07:01.931,10449,10450,10450,1,1
2019-08-12 15:07:25.024,10449,10450,10450,7,7
2019-08-12 15:07:29.831,10449,10450,10449,1,-1
2019-08-12 15:07:36.225,10449,10450,10449,1,-1
2019-08-12 15:07:41.472,10449,10450,10450,1,1
2019-08-12 15:07:46.864,10449,10450,10450,1,1
2019-08-12 15:07:54.016,10449,10450,10450,1,1
2019-08-12 15:08:19.892,10449,10450,10450,1,1
2019-08-12 15:08:25.529,10449,10450,10450,1,1
2019-08-12 15:08:25.531,10449,10450,10450,1,1
2019-08-12 15:08:34.077,10449,10450,10449,2,-2
2019-08-12 15:08:40.369,10449,10450,10449,2,-2
2019-08-12 15:08:40.399,10449,10450,10449,11,-11
2019-08-12 15:08:53.460,10448,10449,10449,2,2
2019-08-12 15:08:56.272,10448,10449,10449,1,1
2019-08-12 15:08:59.414,10449,10450,10449,1,-1
2019-08-12 15:09:03.771,10448,10450,10450,5,5
2019-08-12 15:09:07.871,10448,10450,10448,1,-1
2019-08-12 15:09:11.384,10448,10450,10448,1,-1
2019-08-12 15:09:12.057,10448,10450,10448,1,-1
2019-08-12 15:09:20.460,10449,10450,10449,1,1
2019-08-12 15:09:27.163,10448,10449,10449,1,1
2019-08-12 15:09:28.140,10448,10449,10449,1,1
2019-08-12 15:09:32.379,10448,10449,10449,1,1
2019-08-12 15:09:38.264,10448,10449,10448,13,-13
2019-08-12 15:09:38.330,10448,10449,10448,13,-13
2019-08-12 15:09:51.686,10448,10449,10448,1,-1
2019-08-12 15:09:58.035,10448,10449,10448,1,-1
2019-08-12 15:09:59.082,10448,10449,10448,1,-1
2019-08-12 15:10:02.549,10448,10449,10448,3,-3
2019-08-12 15:10:02.791,10448,10449,10449,1,1
2019-08-12 15:10:03.675,10448,10449,10448,1,-1
2019-08-12 15:10:08.027,10447,10448,10448,2,2
2019-08-12 15:10:08.297,10448,10449,10448,1,-1
2019-08-12 15:10:10.574,10448,10449,10448,1,-1
2019-08-12 15:10:11.567,10447,10448,10447,1,-1
2019-08-12 15:10:11.586,10447,10448,10447,2,-2
2019-08-12 15:10:11.649,10447,10448,10447,4,-4
2019-08-12 15:10:13.848,10446,10447,10447,1,1
2019-08-12 15:10:14.090,10446,10447,10447,1,1
2019-08-12 15:10:19.356,10446,10447,10447,1,1
2019-08-12 15:10:22.025,10446,10447,10446,2,-2
2019-08-12 15:10:22.192,10446,10447,10446,1,-1
2019-08-12 15:10:28.107,10446,10447,10446,1,-1
2019-08-12 15:10:29.397,10446,10447,10447,3,3
2019-08-12 15:10:39.916,10446,10447,10446,1,-1
2019-08-12 15:10:42.162,10446,10447,10446,1,-1
2019-08-12 15:10:51.567,10446,10447,10446,10,-10
2019-08-12 15:10:54.413,10446,10447,10446,1,-1
2019-08-12 15:10:56.354,10446,10447,10446,1,-1
2019-08-12 15:10:58.818,10446,10447,10447,1,1
2019-08-12 15:10:59.094,10446,10447,10446,1,-1
2019-08-12 15:11:26.900,10446,10447,10446,2,-2
2019-08-12 15:11:32.350,10446,10447,10446,1,-1
2019-08-12 15:11:32.805,10446,10447,10446,1,-1
2019-08-12 15:11:33.361,10446,10447,10446,1,-1
2019-08-12 15:11:45.642,10446,10447,10446,1,-1
2019-08-12 15:11:48.674,10446,10447,10447,1,1
2019-08-12 15:11:59.149,10446,10447,10446,1,-1
2019-08-12 15:11:59.266,10446,10447,10446,1,-1
2019-08-12 15:11:59.266,10446,10447,10446,1,-1
2019-08-12 15:11:59.267,10446,10447,10446,1,-1
2019-08-12 15:11:59.274,10446,10447,10446,3,-3
2019-08-12 15:11:59.274,10446,10447,10446,1,-1
2019-08-12 15:11:59.274,10446,10447,10446,2,-2
2019-08-12 15:12:03.471,10445,10447,10447,1,1
2019-08-12 15:12:04.620,10446,10447,10446,7,-7
2019-08-12 15:12:13.810,10445,10446,10446,1,1
2019-08-12 15:12:19.568,10445,10446,10446,1,1
2019-08-12 15:12:19.916,10445,10446,10446,1,1
2019-08-12 15:12:35.117,10445,10446,10446,1,1
2019-08-12 15:12:52.765,10445,10446,10446,2,2
2019-08-12 15:13:14.866,10446,10447,10447,5,5
2019-08-12 15:13:28.202,10446,10447,10447,1,1
2019-08-12 15:13:33.164,10446,10447,10446,7,-7
2019-08-12 15:13:35.822,10446,10447,10447,1,1
2019-08-12 15:13:40.583,10445,10447,10446,1,-1
2019-08-12 15:13:43.007,10446,10447,10446,1,-1
2019-08-12 15:13:48.010,10445,10446,10446,2,2
2019-08-12 15:14:21.835,10445,10446,10446,1,1
2019-08-12 15:14:23.429,10445,10446,10446,1,1
2019-08-12 15:14:24.333,10445,10446,10446,1,1
2019-08-12 15:14:28.091,10445,10446,10446,1,1
2019-08-12 15:14:30.460,10445,10446,10446,1,1
2019-08-12 15:14:42.257,10445,10446,10445,15,-15
2019-08-12 15:14:42.257,10445,10446,10445,2,-2
2019-08-12 15:14:42.258,10445,10446,10445,11,-11
2019-08-12 15:14:42.258,10445,10446,10445,9,-9
2019-08-12 15:14:42.258,10445,10446,10445,2,-2
2019-08-12 15:14:42.258,10445,10446,10445,6,-6
2019-08-12 15:14:42.258,10445,10446,10445,4,-4
2019-08-12 15:14:42.258,10445,10446,10445,2,-2
2019-08-12 15:14:42.258,10445,10446,10445,2,-2
2019-08-12 15:14:42.314,10444,10445,10444,1,-1
2019-08-12 15:14:42.431,10444,10445,10444,3,-3
2019-08-12 15:14:42.524,10444,10445,10444,2,-2
2019-08-12 15:14:48.820,10444,10445,10445,1,1
2019-08-12 15:15:01.685,10444,10445,10444,1,-1
2019-08-12 15:15:01.763,10444,10445,10445,9,9
2019-08-12 15:15:03.639,10445,10446,10446,1,1
2019-08-12 15:15:07.868,10445,10446,10446,1,1
2019-08-12 15:15:09.735,10445,10446,10446,2,2
2019-08-12 15:15:23.163,10445,10446,10446,14,14
2019-08-12 15:15:23.852,10446,10447,10446,1,-1
2019-08-12 15:15:27.243,10446,10447,10446,1,-1
2019-08-12 15:15:34.723,10446,10447,10446,2,-2
2019-08-12 15:15:41.149,10446,10447,10447,1,1
2019-08-12 15:15:41.159,10446,10447,10447,2,2
2019-08-12 15:15:41.274,10446,10447,10447,9,9
2019-08-12 15:15:44.684,10447,10448,10448,2,2
2019-08-12 15:15:52.838,10447,10448,10448,1,1
2019-08-12 15:15:54.141,10447,10448,10448,1,1
2019-08-12 15:15:55.284,10447,10448,10448,1,1
2019-08-12 15:16:13.770,10447,10448,10447,1,-1
2019-08-12 15:16:18.095,10447,10448,10447,1,-1
2019-08-12 15:16:24.003,10447,10448,10447,4,-4
2019-08-12 15:16:48.577,10446,10447,10446,4,-4
2019-08-12 15:17:22.597,10446,10447,10446,1,-1
2019-08-12 15:17:28.768,10446,10447,10446,3,-3
2019-08-12 15:17:42.649,10446,10447,10447,2,2
2019-08-12 15:17:42.774,10446,10447,10447,1,1
2019-08-12 15:18:07.748,10446,10448,10448,1,1
2019-08-12 15:18:30.701,10446,10448,10448,1,1
2019-08-12 15:18:35.312,10447,10448,10447,1,-1
2019-08-12 15:18:40.276,10446,10447,10446,1,-1
2019-08-12 15:18:43.569,10446,10448,10448,1,1
2019-08-12 15:18:43.805,10447,10448,10448,5,5
2019-08-12 15:18:49.220,10447,10448,10448,1,1
2019-08-12 15:18:52.796,10447,10448,10447,1,-1
2019-08-12 15:19:15.531,10447,10448,10448,1,1
2019-08-12 15:19:21.094,10447,10448,10448,3,3
2019-08-12 15:19:21.149,10447,10448,10448,10,10
2019-08-12 15:19:30.311,10448,10449,10449,1,1
2019-08-12 15:19:38.274,10448,10449,10448,7,-7
2019-08-12 15:19:40.316,10447,10449,10449,9,9
2019-08-12 15:19:41.568,10447,10449,10449,3,3
2019-08-12 15:19:52.276,10447,10449,10449,1,1
2019-08-12 15:19:53.156,10447,10449,10449,1,1
2019-08-12 15:19:54.431,10448,10449,10449,1,1
2019-08-12 15:19:55.404,10448,10449,10449,2,2
2019-08-12 15:19:59.158,10448,10450,10450,2,2
2019-08-12 15:19:59.305,10448,10450,10450,1,1
2019-08-12 15:19:59.612,10448,10450,10450,1,1
2019-08-12 15:20:03.900,10448,10450,10450,1,1
2019-08-12 15:20:09.461,10449,10450,10449,1,-1
2019-08-12 15:20:15.513,10449,10450,10450,1,1
2019-08-12 15:20:24.613,10449,10450,10449,2,-2
2019-08-12 15:20:52.039,10449,10450,10450,2,2
2019-08-12 15:20:57.723,10449,10450,10450,1,1
2019-08-12 15:21:08.038,10449,10450,10450,6,6
2019-08-12 15:21:08.038,10449,10450,10450,3,3
2019-08-12 15:21:08.039,10449,10450,10450,1,1
2019-08-12 15:21:09.190,10449,10450,10450,1,1
2019-08-12 15:21:09.274,10449,10450,10450,6,6
2019-08-12 15:21:09.399,10449,10450,10450,3,3
2019-08-12 15:21:09.399,10449,10450,10450,6,6
2019-08-12 15:21:16.175,10450,10451,10451,7,7
2019-08-12 15:21:16.176,10450,10451,10451,2,2
2019-08-12 15:21:16.176,10450,10451,10451,2,2
2019-08-12 15:21:16.176,10450,10451,10451,2,2
2019-08-12 15:21:16.176,10450,10451,10451,1,1
2019-08-12 15:21:16.176,10450,10451,10451,1,1
2019-08-12 15:21:16.274,10450,10451,10451,2,2
2019-08-12 15:21:26.635,10451,10452,10451,1,-1
2019-08-12 15:21:41.948,10450,10451,10451,6,6
2019-08-12 15:21:43.473,10451,10452,10451,1,-1
2019-08-12 15:21:44.614,10451,10452,10451,1,-1
2019-08-12 15:21:52.892,10451,10452,10451,2,-2
2019-08-12 15:22:01.301,10451,10452,10452,2,2
2019-08-12 15:22:01.570,10451,10452,10452,2,2
2019-08-12 15:22:06.656,10451,10452,10452,2,2
2019-08-12 15:22:06.837,10451,10452,10452,2,2
2019-08-12 15:22:11.944,10451,10452,10452,1,1
2019-08-12 15:22:15.998,10451,10452,10452,1,1
2019-08-12 15:22:25.306,10451,10452,10452,1,1
2019-08-12 15:22:29.629,10451,10452,10451,15,-15
2019-08-12 15:22:30.439,10450,10451,10451,5,5
2019-08-12 15:22:30.618,10450,10451,10451,1,1
2019-08-12 15:22:32.751,10451,10452,10452,10,10
2019-08-12 15:22:35.840,10451,10452,10452,5,5
2019-08-12 15:22:35.993,10451,10452,10452,1,1
2019-08-12 15:22:36.229,10451,10452,10452,3,3
2019-08-12 15:22:36.576,10451,10452,10452,1,1
2019-08-12 15:22:36.627,10451,10452,10452,1,1
2019-08-12 15:22:38.024,10451,10452,10452,1,1
2019-08-12 15:22:42.793,10451,10452,10452,2,2
2019-08-12 15:23:04.579,10451,10452,10451,1,-1
2019-08-12 15:23:07.305,10451,10452,10451,24,-24
2019-08-12 15:23:30.874,10450,10451,10450,3,-3
2019-08-12 15:23:31.535,10450,10451,10451,2,2
2019-08-12 15:23:35.396,10450,10451,10451,1,1
2019-08-12 15:23:35.551,10450,10451,10451,1,1
2019-08-12 15:23:37.049,10450,10451,10451,1,1
2019-08-12 15:23:45.101,10450,10451,10451,2,2
2019-08-12 15:23:48.965,10450,10451,10450,1,-1
2019-08-12 15:24:03.702,10450,10451,10451,1,1
2019-08-12 15:24:04.200,10450,10451,10451,1,1
2019-08-12 15:24:07.026,10450,10451,10451,1,1
2019-08-12 15:24:13.159,10450,10451,10450,1,-1
2019-08-12 15:24:38.142,10450,10451,10450,3,-3
2019-08-12 15:24:39.786,10450,10451,10451,8,8
2019-08-12 15:24:39.786,10450,10451,10451,7,7
2019-08-12 15:24:39.786,10450,10451,10451,3,3
2019-08-12 15:24:40.041,10451,10452,10451,1,-1
2019-08-12 15:25:10.240,10451,10452,10451,1,-1
2019-08-12 15:25:18.310,10451,10452,10451,3,-3
2019-08-12 15:25:18.399,10451,10452,10451,7,-7
2019-08-12 15:25:24.309,10450,10451,10450,1,-1
2019-08-12 15:25:37.552,10450,10451,10451,1,1
2019-08-12 15:26:01.387,10450,10451,10451,1,1
2019-08-12 15:26:25.970,10450,10451,10450,2,-2
2019-08-12 15:26:25.971,10450,10451,10450,3,-3
2019-08-12 15:26:26.024,10450,10451,10450,8,-8
2019-08-12 15:26:26.981,10449,10450,10449,1,-1
2019-08-12 15:26:26.984,10449,10450,10449,4,-4
2019-08-12 15:26:26.986,10449,10450,10449,3,-3
2019-08-12 15:26:26.995,10449,10450,10449,1,-1
2019-08-12 15:26:39.065,10448,10449,10449,3,3
2019-08-12 15:26:48.507,10449,10450,10450,2,2
2019-08-12 15:27:00.808,10448,10450,10449,1,-1
2019-08-12 15:27:00.808,10448,10450,10449,1,-1
2019-08-12 15:27:07.194,10448,10449,10449,1,1
2019-08-12 15:27:18.293,10448,10449,10448,1,-1
2019-08-12 15:27:19.901,10448,10449,10449,1,1
2019-08-12 15:28:04.134,10448,10449,10449,3,3
2019-08-12 15:28:08.121,10448,10449,10449,1,1
2019-08-12 15:28:08.190,10448,10449,10449,9,9
2019-08-12 15:28:18.278,10449,10450,10449,1,-1
2019-08-12 15:28:20.830,10448,10450,10448,1,-1
2019-08-12 15:28:56.430,10448,10449,10449,1,1
2019-08-12 15:28:56.895,10448,10449,10449,1,1
2019-08-12 15:28:58.227,10448,10449,10449,1,1
2019-08-12 15:29:06.662,10448,10449,10448,2,-2
2019-08-12 15:29:06.663,10448,10449,10448,2,-2
2019-08-12 15:29:06.774,10448,10449,10448,8,-8
2019-08-12 15:29:06.899,10448,10449,10448,3,-3
2019-08-12 15:29:15.444,10447,10448,10447,1,-1
2019-08-12 15:29:15.589,10447,10448,10448,1,1
2019-08-12 15:29:26.264,10447,10448,10447,1,-1
2019-08-12 15:29:29.057,10446,10447,10447,1,1
2019-08-12 15:29:32.389,10446,10447,10447,2,2
2019-08-12 15:30:00.337,10447,10448,10447,3,-3
2019-08-12 15:30:00.337,10447,10448,10447,2,-2
2019-08-12 15:30:02.295,10446,10448,10448,5,5
2019-08-12 15:30:03.811,10446,10448,10448,1,1
2019-08-12 15:30:03.935,10446,10448,10448,2,2
2019-08-12 15:30:13.276,10447,10448,10447,1,-1
2019-08-12 15:30:13.276,10447,10448,10446,1,-1
2019-08-12 15:30:37.233,10446,10447,10447,2,2
2019-08-12 15:30:42.182,10446,10447,10447,3,3
2019-08-12 15:30:42.399,10446,10447,10447,2,2
2019-08-12 15:31:02.982,10446,10447,10446,6,-6
2019-08-12 15:31:03.235,10446,10447,10447,1,1
2019-08-12 15:31:24.915,10446,10447,10447,1,1
2019-08-12 15:31:33.992,10446,10447,10447,3,3
2019-08-12 15:31:38.404,10446,10447,10446,7,-7
2019-08-12 15:31:38.524,10446,10447,10446,4,-4
2019-08-12 15:31:39.215,10446,10447,10446,7,-7
2019-08-12 15:31:46.468,10445,10446,10446,1,1
2019-08-12 15:31:48.834,10445,10446,10446,1,1
2019-08-12 15:32:03.088,10445,10446,10445,8,-8
2019-08-12 15:32:15.549,10445,10446,10446,1,1
2019-08-12 15:32:42.923,10445,10446,10446,1,1
2019-08-12 15:32:52.897,10445,10446,10446,3,3
2019-08-12 15:32:57.532,10445,10446,10446,2,2
2019-08-12 15:32:57.576,10445,10446,10446,1,1
2019-08-12 15:33:01.193,10445,10446,10446,1,1
2019-08-12 15:33:02.203,10445,10446,10445,3,-3
2019-08-12 15:33:09.273,10445,10446,10446,8,8
2019-08-12 15:33:11.226,10446,10447,10446,1,-1
2019-08-12 15:33:15.252,10446,10447,10447,1,1
2019-08-12 15:33:20.922,10446,10447,10447,1,1
2019-08-12 15:33:29.271,10446,10447,10447,1,1
2019-08-12 15:33:42.284,10446,10447,10447,1,1
2019-08-12 15:33:46.471,10446,10447,10446,1,-1
2019-08-12 15:33:46.524,10446,10447,10446,2,-2
2019-08-12 15:33:54.886,10445,10446,10446,1,1
2019-08-12 15:34:13.264,10446,10447,10446,1,-1
2019-08-12 15:34:39.168,10445,10446,10445,1,-1
2019-08-12 15:34:39.168,10445,10446,10445,1,-1
2019-08-12 15:34:39.168,10445,10446,10445,3,-3
2019-08-12 15:34:39.168,10445,10446,10445,1,-1
2019-08-12 15:34:39.274,10445,10446,10445,1,-1
2019-08-12 15:34:39.274,10445,10446,10445,6,-6
2019-08-12 15:34:39.274,10445,10446,10445,2,-2
2019-08-12 15:34:39.316,10445,10446,10445,3,-3
2019-08-12 15:34:46.659,10444,10445,10444,1,-1
2019-08-12 15:34:47.423,10444,10445,10445,2,2
2019-08-12 15:34:57.854,10444,10445,10445,3,3
2019-08-12 15:35:00.028,10444,10445,10445,1,1
2019-08-12 15:35:09.219,10444,10445,10445,1,1
2019-08-12 15:35:09.783,10444,10445,10445,1,1
2019-08-12 15:35:10.601,10444,10446,10444,2,-2
2019-08-12 15:35:11.026,10444,10446,10444,1,-1
2019-08-12 15:35:11.180,10444,10446,10444,2,-2
2019-08-12 15:35:14.877,10445,10446,10445,1,1
2019-08-12 15:35:26.865,10445,10446,10445,1,-1
2019-08-12 15:35:33.871,10445,10446,10446,6,6
2019-08-12 15:35:35.150,10446,10447,10446,1,-1
2019-08-12 15:35:41.923,10446,10447,10446,1,-1
2019-08-12 15:35:45.344,10446,10447,10447,10,10
2019-08-12 15:35:59.132,10446,10447,10447,1,1
2019-08-12 15:36:01.187,10446,10447,10447,1,1
2019-08-12 15:36:10.762,10446,10447,10447,2,2
2019-08-12 15:36:13.142,10446,10447,10447,1,1
2019-08-12 15:36:21.346,10446,10447,10447,1,1
2019-08-12 15:36:21.346,10446,10447,10447,1,1
2019-08-12 15:36:21.346,10446,10447,10447,1,1
2019-08-12 15:36:21.346,10446,10447,10447,2,2
2019-08-12 15:36:21.399,10446,10447,10447,25,25
2019-08-12 15:36:21.524,10446,10447,10447,5,5
2019-08-12 15:36:23.992,10447,10448,10447,23,-23
2019-08-12 15:36:23.993,10447,10448,10447,3,-3
2019-08-12 15:36:23.993,10447,10448,10447,3,-3
2019-08-12 15:36:23.993,10447,10448,10447,3,-3
2019-08-12 15:36:23.996,10447,10448,10447,3,-3
2019-08-12 15:36:23.997,10447,10448,10447,1,-1
2019-08-12 15:36:24.004,10447,10448,10447,1,-1
2019-08-12 15:36:24.037,10446,10447,10447,2,2
2019-08-12 15:36:24.149,10446,10447,10447,2,2
2019-08-12 15:36:24.836,10446,10447,10447,1,1
2019-08-12 15:36:25.963,10446,10447,10447,1,1
2019-08-12 15:36:26.555,10446,10447,10447,1,1
2019-08-12 15:36:27.179,10446,10447,10447,1,1
2019-08-12 15:36:27.995,10446,10447,10447,1,1
2019-08-12 15:36:31.482,10447,10448,10447,3,-3
2019-08-12 15:36:31.755,10446,10447,10447,1,1
2019-08-12 15:36:43.974,10446,10447,10446,1,-1
2019-08-12 15:36:46.111,10446,10447,10446,5,-5
2019-08-12 15:36:48.403,10445,10446,10445,2,-2
2019-08-12 15:36:49.756,10445,10446,10446,3,3
2019-08-12 15:36:49.774,10446,10447,10446,3,-3
2019-08-12 15:36:49.774,10446,10447,10446,2,-2
2019-08-12 15:36:49.899,10446,10447,10446,2,-2
2019-08-12 15:38:09.182,10446,10447,10447,10,10
2019-08-12 15:38:09.274,10446,10447,10447,2,2
2019-08-12 15:38:22.176,10446,10447,10447,1,1
2019-08-12 15:38:23.339,10446,10447,10447,1,1
2019-08-12 15:38:26.814,10446,10447,10447,3,3
2019-08-12 15:38:28.245,10446,10447,10447,1,1
2019-08-12 15:38:38.578,10446,10447,10447,1,1
2019-08-12 15:38:43.886,10446,10447,10447,1,1
2019-08-12 15:38:46.077,10446,10447,10447,1,1
2019-08-12 15:38:46.077,10446,10447,10447,2,2
2019-08-12 15:38:46.078,10446,10447,10447,1,1
2019-08-12 15:38:46.078,10446,10447,10447,1,1
2019-08-12 15:39:13.549,10447,10448,10447,2,-2
2019-08-12 15:39:13.649,10447,10448,10447,1,-1
2019-08-12 15:39:38.577,10446,10447,10447,1,1
2019-08-12 15:40:04.413,10446,10447,10447,1,1
2019-08-12 15:40:13.423,10446,10447,10447,2,2
2019-08-12 15:40:46.165,10446,10447,10447,1,1
2019-08-12 15:40:56.582,10446,10447,10447,1,1
2019-08-12 15:40:56.772,10446,10447,10446,1,-1
2019-08-12 15:40:57.682,10446,10447,10447,2,2
2019-08-12 15:41:18.064,10446,10447,10447,1,1
2019-08-12 15:41:19.551,10446,10447,10447,1,1
2019-08-12 15:41:45.087,10446,10447,10447,2,2
2019-08-12 15:41:52.962,10446,10447,10447,1,1
2019-08-12 15:42:26.145,10446,10447,10447,1,1
2019-08-12 15:42:52.703,10447,10448,10447,1,-1
2019-08-12 15:43:05.181,10446,10447,10447,1,1
2019-08-12 15:43:05.181,10446,10447,10447,1,1
2019-08-12 15:43:05.181,10446,10447,10447,1,1
2019-08-12 15:43:15.068,10446,10447,10447,1,1
2019-08-12 15:43:18.283,10446,10447,10446,1,-1
2019-08-12 15:43:19.607,10446,10447,10447,2,2
2019-08-12 15:43:21.633,10446,10447,10447,1,1
2019-08-12 15:44:17.348,10447,10448,10448,17,17
2019-08-12 15:44:17.349,10447,10448,10448,1,1
2019-08-12 15:44:17.349,10447,10448,10448,1,1
2019-08-12 15:44:17.426,10448,10449,10449,1,1
2019-08-12 15:44:22.435,10448,10449,10448,2,-2
2019-08-12 15:44:26.728,10448,10449,10448,3,-3
2019-08-12 15:44:29.101,10448,10449,10449,1,1
2019-08-12 15:44:34.851,10448,10449,10448,7,-7
2019-08-12 15:44:35.481,10447,10448,10448,1,1
2019-08-12 15:44:37.914,10447,10448,10448,1,1
2019-08-12 15:44:39.538,10447,10448,10448,1,1
2019-08-12 15:44:40.562,10447,10448,10448,1,1
2019-08-12 15:44:42.058,10447,10448,10448,3,3
2019-08-12 15:44:48.055,10448,10449,10448,1,-1
2019-08-12 15:44:57.327,10447,10448,10448,1,1
2019-08-12 15:45:02.572,10448,10449,10448,1,-1
2019-08-12 15:45:09.974,10448,10449,10448,1,-1
2019-08-12 15:45:10.089,10448,10449,10448,1,-1
2019-08-12 15:45:32.055,10448,10449,10448,1,-1
2019-08-12 15:45:37.901,10448,10449,10448,1,-1
2019-08-12 15:45:40.875,10448,10449,10448,1,-1
2019-08-12 15:45:47.185,10448,10449,10449,1,1
2019-08-12 15:46:11.726,10448,10449,10448,1,-1
2019-08-12 15:46:16.486,10448,10449,10449,1,1
2019-08-12 15:46:30.790,10448,10449,10449,1,1
2019-08-12 15:46:45.158,10448,10449,10449,2,2
2019-08-12 15:46:45.158,10448,10449,10449,7,7
2019-08-12 15:46:52.992,10449,10450,10449,3,-3
2019-08-12 15:47:02.122,10448,10449,10449,2,2
2019-08-12 15:47:03.136,10448,10450,10448,1,-1
2019-08-12 15:47:03.784,10448,10449,10449,1,1
2019-08-12 15:47:03.784,10448,10449,10450,9,9
2019-08-12 15:47:05.214,10449,10450,10450,10,10
2019-08-12 15:47:05.521,10449,10450,10449,1,-1
2019-08-12 15:47:21.279,10449,10450,10449,1,-1
2019-08-12 15:47:23.609,10449,10450,10449,2,-2
2019-08-12 15:47:27.398,10448,10449,10449,1,1
2019-08-12 15:47:27.811,10449,10450,10449,1,-1
2019-08-12 15:47:41.057,10449,10450,10449,1,-1
2019-08-12 15:47:47.982,10449,10450,10449,1,-1
2019-08-12 15:47:49.274,10449,10450,10449,8,-8
2019-08-12 15:47:54.999,10448,10449,10448,1,-1
2019-08-12 15:48:02.859,10448,10449,10448,2,-2
2019-08-12 15:48:22.894,10448,10449,10448,1,-1
2019-08-12 15:48:27.042,10447,10448,10448,1,1
2019-08-12 15:48:46.718,10447,10448,10447,6,-6
2019-08-12 15:49:03.026,10446,10447,10446,5,-5
2019-08-12 15:49:17.826,10446,10447,10446,2,-2
2019-08-12 15:49:21.240,10446,10447,10447,1,1
2019-08-12 15:49:54.105,10446,10447,10446,2,-2
2019-08-12 15:49:54.149,10446,10447,10446,5,-5
2019-08-12 15:49:54.274,10446,10447,10446,6,-6
2019-08-12 15:50:01.927,10445,10446,10446,1,1
2019-08-12 15:50:03.100,10445,10446,10445,1,-1
2019-08-12 15:50:03.484,10445,10446,10446,2,2
2019-08-12 15:50:04.260,10445,10446,10446,2,2
2019-08-12 15:50:04.414,10445,10446,10445,4,-4
2019-08-12 15:50:04.455,10445,10446,10445,1,-1
2019-08-12 15:50:36.965,10444,10445,10445,1,1
2019-08-12 15:50:38.269,10444,10445,10445,2,2
2019-08-12 15:50:39.764,10444,10445,10445,1,1
2019-08-12 15:50:42.295,10444,10445,10445,1,1
2019-08-12 15:50:53.157,10445,10446,10445,1,-1
2019-08-12 15:51:02.190,10445,10446,10445,4,-4
2019-08-12 15:51:12.650,10444,10445,10445,1,1
2019-08-12 15:51:15.543,10444,10445,10445,1,1
2019-08-12 15:51:29.788,10444,10445,10444,1,-1
2019-08-12 15:51:32.547,10444,10445,10445,10,10
2019-08-12 15:51:38.560,10444,10446,10444,1,-1
2019-08-12 15:51:58.798,10445,10446,10445,1,1
2019-08-12 15:52:23.881,10445,10446,10446,1,1
2019-08-12 15:52:38.187,10445,10446,10446,1,1
2019-08-12 15:52:39.923,10445,10446,10446,1,1
2019-08-12 15:52:45.984,10445,10446,10446,1,1
2019-08-12 15:52:58.927,10445,10446,10445,1,-1
2019-08-12 15:53:02.453,10445,10446,10445,1,-1
2019-08-12 15:53:11.389,10445,10446,10445,1,-1
2019-08-12 15:53:14.619,10444,10445,10445,1,1
2019-08-12 15:54:02.468,10445,10446,10445,1,-1
2019-08-12 15:54:02.468,10445,10446,10445,2,-2
2019-08-12 15:54:02.527,10445,10446,10445,8,-8
2019-08-12 15:54:04.593,10444,10445,10445,1,1
2019-08-12 15:54:07.380,10444,10445,10445,1,1
2019-08-12 15:54:13.582,10445,10446,10445,1,-1
2019-08-12 15:54:23.371,10445,10446,10445,1,-1
2019-08-12 15:54:23.399,10445,10446,10445,1,-1
2019-08-12 15:54:31.739,10444,10445,10445,1,1
2019-08-12 15:54:35.787,10444,10445,10444,1,-1
2019-08-12 15:55:02.633,10444,10445,10444,9,-9
2019-08-12 15:55:08.135,10444,10445,10444,2,-2
2019-08-12 15:55:08.234,10444,10445,10444,2,-2
2019-08-12 15:55:08.274,10444,10445,10444,2,-2
2019-08-12 15:55:09.329,10443,10444,10443,1,-1
2019-08-12 15:55:09.329,10443,10444,10443,1,-1
2019-08-12 15:55:09.446,10443,10444,10443,1,-1
2019-08-12 15:55:09.450,10443,10444,10443,1,-1
2019-08-12 15:55:09.472,10443,10444,10443,1,-1
2019-08-12 15:55:09.607,10443,10444,10443,1,-1
2019-08-12 15:55:11.241,10443,10444,10443,1,-1
2019-08-12 15:55:11.242,10443,10444,10443,1,-1
2019-08-12 15:55:11.260,10443,10444,10443,1,-1
2019-08-12 15:55:11.650,10443,10444,10444,2,2
2019-08-12 15:55:15.321,10443,10444,10444,2,2
2019-08-12 15:55:18.119,10443,10444,10444,2,2
2019-08-12 15:55:18.119,10443,10444,10444,4,4
2019-08-12 15:55:18.119,10443,10444,10444,1,1
2019-08-12 15:55:18.557,10443,10445,10444,1,-1
2019-08-12 15:55:21.434,10444,10445,10444,1,-1
2019-08-12 15:55:23.299,10444,10445,10444,1,-1
2019-08-12 15:55:26.748,10444,10445,10444,1,-1
2019-08-12 15:55:27.483,10444,10445,10445,1,1
2019-08-12 15:55:34.738,10444,10445,10445,1,1
2019-08-12 15:55:41.587,10444,10445,10445,3,3
2019-08-12 15:55:45.186,10444,10445,10445,1,1
2019-08-12 15:55:57.305,10445,10446,10445,3,-3
2019-08-12 15:56:14.902,10444,10445,10445,1,1
2019-08-12 15:56:36.227,10444,10445,10445,16,16
2019-08-12 15:56:36.344,10444,10446,10446,1,1
2019-08-12 15:56:41.501,10445,10446,10446,1,1
2019-08-12 15:56:42.328,10445,10446,10445,1,-1
2019-08-12 15:56:45.778,10445,10446,10446,1,1
2019-08-12 15:56:57.137,10445,10446,10446,1,1
2019-08-12 15:57:09.832,10445,10446,10446,1,1
2019-08-12 15:57:11.616,10445,10446,10445,1,-1
2019-08-12 15:57:51.106,10445,10446,10446,1,1
2019-08-12 15:57:52.548,10445,10446,10446,2,2
2019-08-12 15:57:59.812,10445,10446,10445,1,-1
2019-08-12 15:58:09.451,10445,10446,10445,2,-2
2019-08-12 15:58:30.553,10445,10446,10445,4,-4
2019-08-12 15:58:34.378,10445,10446,10445,1,-1
2019-08-12 15:59:20.215,10444,10445,10445,2,2
2019-08-12 15:59:21.056,10444,10445,10444,5,-5
2019-08-12 15:59:55.242,10444,10445,10444,3,-3
2019-08-12 15:59:55.242,10444,10445,10444,12,-12
2019-08-12 16:00:03.952,10443,10444,10443,1,-1
2019-08-12 16:00:04.611,10443,10444,10443,2,-2
2019-08-12 16:00:05.345,10443,10444,10444,1,1
2019-08-12 16:00:10.789,10443,10444,10443,3,-3
2019-08-12 16:00:13.977,10443,10444,10443,1,-1
2019-08-12 16:00:15.937,10443,10444,10443,1,-1
2019-08-12 16:00:19.958,10443,10444,10443,1,-1
2019-08-12 16:00:20.184,10443,10444,10443,1,-1
2019-08-12 16:00:24.656,10443,10444,10443,2,-2
2019-08-12 16:00:44.989,10443,10444,10443,3,-3
2019-08-12 16:00:44.990,10443,10444,10443,1,-1
2019-08-12 16:00:44.990,10443,10444,10443,8,-8
2019-08-12 16:00:45.024,10443,10444,10443,4,-4
2019-08-12 16:00:48.125,10442,10443,10442,1,-1
2019-08-12 16:00:48.138,10442,10443,10442,8,-8
2019-08-12 16:00:48.149,10442,10443,10442,4,-4
2019-08-12 16:00:48.149,10442,10443,10442,1,-1
2019-08-12 16:00:48.149,10442,10443,10442,1,-1
2019-08-12 16:00:48.149,10442,10443,10442,3,-3
2019-08-12 16:00:48.149,10442,10443,10442,4,-4
2019-08-12 16:00:48.149,10442,10443,10442,2,-2
2019-08-12 16:00:48.150,10442,10443,10442,1,-1
2019-08-12 16:00:48.150,10442,10443,10442,1,-1
2019-08-12 16:00:48.150,10442,10443,10442,15,-15
2019-08-12 16:00:48.349,10441,10442,10441,1,-1
2019-08-12 16:00:48.375,10441,10442,10441,1,-1
2019-08-12 16:00:48.404,10441,10442,10441,1,-1
2019-08-12 16:00:48.528,10441,10442,10441,1,-1
2019-08-12 16:00:48.988,10441,10442,10441,1,-1
2019-08-12 16:00:49.099,10441,10442,10441,2,-2
2019-08-12 16:00:52.035,10441,10442,10441,5,-5
2019-08-12 16:00:52.395,10441,10442,10441,1,-1
2019-08-12 16:00:53.055,10441,10442,10441,1,-1
2019-08-12 16:00:55.818,10441,10442,10442,1,1
2019-08-12 16:00:56.599,10441,10442,10442,2,2
2019-08-12 16:00:56.599,10441,10442,10442,1,1
2019-08-12 16:00:57.675,10441,10442,10441,1,-1
2019-08-12 16:00:59.118,10441,10442,10441,1,-1
2019-08-12 16:01:01.486,10441,10442,10441,1,-1
2019-08-12 16:01:02.284,10441,10442,10441,10,-10
2019-08-12 16:01:02.392,10441,10442,10441,1,-1
2019-08-12 16:01:02.476,10441,10442,10441,2,-2
2019-08-12 16:01:02.502,10441,10442,10441,1,-1
2019-08-12 16:01:05.525,10441,10442,10442,1,1
2019-08-12 16:01:05.908,10441,10442,10442,1,1
2019-08-12 16:01:06.603,10441,10442,10442,1,1
2019-08-12 16:01:07.297,10441,10442,10442,1,1
2019-08-12 16:01:08.022,10441,10442,10441,1,-1
2019-08-12 16:01:08.617,10441,10442,10442,1,1
2019-08-12 16:01:09.257,10441,10442,10442,1,1
2019-08-12 16:01:09.890,10441,10442,10442,1,1
2019-08-12 16:01:10.548,10442,10443,10442,1,-1
2019-08-12 16:01:12.809,10441,10442,10442,1,1
2019-08-12 16:01:15.201,10441,10442,10442,1,1
2019-08-12 16:01:17.049,10441,10442,10442,1,1
2019-08-12 16:01:20.200,10441,10442,10442,2,2
2019-08-12 16:01:29.624,10441,10442,10442,1,1
2019-08-12 16:01:38.950,10441,10442,10442,1,1
2019-08-12 16:01:39.934,10441,10442,10441,1,-1
2019-08-12 16:01:40.481,10441,10442,10441,1,-1
2019-08-12 16:01:58.493,10441,10442,10441,2,-2
2019-08-12 16:01:59.633,10441,10442,10441,21,-21
2019-08-12 16:01:59.978,10440,10441,10440,1,-1
2019-08-12 16:01:59.979,10440,10441,10440,3,-3
2019-08-12 16:01:59.981,10440,10441,10440,2,-2
2019-08-12 16:02:00.006,10440,10441,10440,2,-2
2019-08-12 16:02:00.045,10440,10441,10440,5,-5
2019-08-12 16:02:00.187,10440,10441,10440,1,-1
2019-08-12 16:02:00.206,10440,10441,10440,2,-2
2019-08-12 16:02:10.448,10440,10441,10441,4,4
2019-08-12 16:02:10.524,10440,10441,10441,5,5
2019-08-12 16:02:13.024,10440,10441,10441,2,2
2019-08-12 16:02:16.237,10441,10442,10441,2,-2
2019-08-12 16:02:18.392,10441,10442,10441,3,-3
2019-08-12 16:02:18.392,10441,10442,10440,2,-2
2019-08-12 16:02:21.036,10441,10442,10442,1,1
2019-08-12 16:02:24.355,10441,10442,10441,3,-3
2019-08-12 16:02:25.343,10440,10441,10441,1,1
2019-08-12 16:02:26.649,10440,10441,10441,1,1
2019-08-12 16:02:28.121,10440,10441,10441,1,1
2019-08-12 16:02:28.722,10440,10441,10441,1,1
2019-08-12 16:02:29.132,10440,10441,10441,1,1
2019-08-12 16:02:29.197,10440,10441,10441,1,1
2019-08-12 16:02:31.081,10440,10441,10441,1,1
2019-08-12 16:02:32.807,10440,10441,10441,1,1
2019-08-12 16:02:34.208,10440,10441,10441,2,2
2019-08-12 16:02:45.854,10440,10441,10441,1,1
2019-08-12 16:02:47.463,10440,10441,10440,1,-1
2019-08-12 16:02:49.080,10440,10441,10441,1,1
2019-08-12 16:02:50.321,10440,10441,10441,1,1
2019-08-12 16:02:51.092,10440,10441,10441,1,1
2019-08-12 16:02:59.332,10440,10441,10441,1,1
2019-08-12 16:03:00.505,10440,10441,10441,1,1
2019-08-12 16:03:00.702,10440,10441,10440,1,-1
2019-08-12 16:03:00.722,10440,10441,10440,1,-1
2019-08-12 16:03:02.515,10440,10441,10440,7,-7
2019-08-12 16:03:04.730,10440,10441,10440,1,-1
2019-08-12 16:03:04.730,10440,10441,10440,2,-2
2019-08-12 16:03:04.730,10440,10441,10440,1,-1
2019-08-12 16:03:04.740,10440,10441,10440,1,-1
2019-08-12 16:03:05.731,10440,10441,10441,1,1
2019-08-12 16:03:07.118,10440,10441,10440,2,-2
2019-08-12 16:03:07.149,10440,10441,10440,6,-6
2019-08-12 16:03:07.337,10440,10441,10441,1,1
2019-08-12 16:03:11.049,10440,10441,10440,2,-2
2019-08-12 16:03:11.970,10440,10441,10440,1,-1
2019-08-12 16:03:14.537,10440,10441,10441,3,3
2019-08-12 16:03:14.858,10440,10441,10441,1,1
2019-08-12 16:03:17.345,10440,10441,10441,1,1
2019-08-12 16:03:28.842,10440,10441,10440,1,-1
2019-08-12 16:03:37.405,10440,10441,10440,36,-36
2019-08-12 16:03:40.419,10439,10440,10439,2,-2
2019-08-12 16:03:40.530,10439,10440,10439,2,-2
2019-08-12 16:03:40.534,10439,10440,10439,2,-2
2019-08-12 16:03:40.576,10439,10440,10439,1,-1
2019-08-12 16:03:40.666,10439,10440,10439,1,-1
2019-08-12 16:03:40.788,10439,10440,10439,1,-1
2019-08-12 16:03:40.945,10439,10440,10439,1,-1
2019-08-12 16:03:41.105,10439,10440,10440,1,1
2019-08-12 16:03:41.264,10439,10440,10439,1,-1
2019-08-12 16:03:41.353,10439,10440,10439,2,-2
2019-08-12 16:03:41.429,10439,10440,10439,2,-2
2019-08-12 16:03:41.429,10439,10440,10438,2,-2
2019-08-12 16:03:41.561,10438,10440,10438,1,-1
2019-08-12 16:03:41.564,10438,10440,10438,1,-1
2019-08-12 16:03:41.571,10438,10440,10438,1,-1
2019-08-12 16:03:41.608,10438,10440,10438,1,-1
2019-08-12 16:03:41.610,10438,10440,10438,1,-1
2019-08-12 16:03:41.717,10438,10439,10438,1,-1
2019-08-12 16:03:41.836,10438,10439,10438,1,-1
2019-08-12 16:03:42.167,10438,10439,10438,2,-2
2019-08-12 16:03:42.386,10438,10439,10439,1,1
2019-08-12 16:03:43.133,10438,10439,10438,1,-1
2019-08-12 16:03:43.799,10438,10439,10439,5,5
2019-08-12 16:03:44.655,10438,10439,10439,1,1
2019-08-12 16:03:45.794,10438,10439,10439,1,1
2019-08-12 16:03:48.114,10438,10439,10439,1,1
2019-08-12 16:03:48.805,10438,10439,10438,1,-1
2019-08-12 16:03:48.806,10438,10439,10438,1,-1
2019-08-12 16:03:48.900,10438,10439,10438,11,-11
2019-08-12 16:03:49.635,10437,10438,10437,1,-1
2019-08-12 16:03:49.659,10437,10438,10437,1,-1
2019-08-12 16:03:49.709,10437,10438,10437,1,-1
2019-08-12 16:03:49.767,10437,10438,10437,2,-2
2019-08-12 16:03:49.768,10437,10438,10437,1,-1
2019-08-12 16:03:49.859,10437,10438,10438,1,1
2019-08-12 16:03:49.884,10437,10438,10437,2,-2
2019-08-12 16:03:50.180,10437,10438,10437,1,-1
2019-08-12 16:03:50.180,10437,10438,10437,1,-1
2019-08-12 16:03:50.189,10437,10438,10437,1,-1
2019-08-12 16:03:50.190,10437,10438,10437,1,-1
2019-08-12 16:03:50.190,10437,10438,10437,1,-1
2019-08-12 16:03:50.209,10437,10438,10438,1,1
2019-08-12 16:03:50.245,10437,10438,10437,1,-1
2019-08-12 16:03:50.451,10437,10438,10437,1,-1
2019-08-12 16:03:50.495,10437,10438,10436,1,-1
2019-08-12 16:03:50.573,10436,10437,10436,1,-1
2019-08-12 16:03:50.608,10436,10437,10436,3,-3
2019-08-12 16:03:50.620,10436,10437,10436,1,-1
2019-08-12 16:03:50.746,10436,10437,10436,1,-1
2019-08-12 16:03:50.773,10436,10437,10436,1,-1
2019-08-12 16:03:50.779,10436,10437,10436,1,-1
2019-08-12 16:03:50.788,10436,10437,10436,1,-1
2019-08-12 16:03:50.830,10436,10437,10436,1,-1
2019-08-12 16:03:50.839,10436,10437,10436,1,-1
2019-08-12 16:03:50.840,10436,10437,10436,1,-1
2019-08-12 16:03:50.893,10436,10437,10436,1,-1
2019-08-12 16:03:51.191,10436,10437,10436,1,-1
2019-08-12 16:03:52.022,10436,10437,10437,1,1
2019-08-12 16:03:53.642,10436,10437,10436,1,-1
2019-08-12 16:03:54.227,10436,10437,10437,1,1
2019-08-12 16:03:56.698,10436,10437,10436,1,-1
2019-08-12 16:03:57.760,10436,10437,10436,1,-1
2019-08-12 16:03:59.815,10436,10437,10436,1,-1
2019-08-12 16:04:01.795,10436,10437,10437,1,1
2019-08-12 16:04:02.342,10436,10437,10436,2,-2
2019-08-12 16:04:02.682,10436,10437,10436,10,-10
2019-08-12 16:04:02.879,10436,10437,10436,1,-1
2019-08-12 16:04:03.950,10436,10437,10436,2,-2
2019-08-12 16:04:05.248,10436,10437,10436,1,-1
2019-08-12 16:04:05.400,10436,10437,10436,3,-3
2019-08-12 16:04:06.772,10435,10436,10435,1,-1
2019-08-12 16:04:06.801,10435,10436,10435,1,-1
2019-08-12 16:04:06.804,10435,10436,10435,1,-1
2019-08-12 16:04:06.805,10435,10436,10435,1,-1
2019-08-12 16:04:06.961,10435,10436,10435,2,-2
2019-08-12 16:04:07.004,10435,10436,10436,1,1
2019-08-12 16:04:07.151,10435,10436,10435,1,-1
2019-08-12 16:04:07.370,10435,10436,10436,3,3
2019-08-12 16:04:07.706,10435,10436,10435,3,-3
2019-08-12 16:04:07.846,10435,10436,10435,1,-1
2019-08-12 16:04:07.995,10435,10436,10435,2,-2
2019-08-12 16:04:07.995,10435,10436,10435,3,-3
2019-08-12 16:04:08.024,10435,10436,10435,4,-4
2019-08-12 16:04:10.631,10434,10435,10434,6,-6
2019-08-12 16:04:10.743,10434,10435,10434,3,-3
2019-08-12 16:04:10.743,10434,10435,10433,2,-2
2019-08-12 16:04:10.751,10434,10435,10433,2,-2
2019-08-12 16:04:10.913,10433,10434,10433,1,-1
2019-08-12 16:04:11.160,10433,10434,10434,1,1
2019-08-12 16:04:11.321,10433,10434,10433,1,-1
2019-08-12 16:04:12.883,10433,10434,10434,1,1
2019-08-12 16:04:13.316,10433,10434,10434,1,1
2019-08-12 16:04:13.509,10433,10434,10433,1,-1
2019-08-12 16:04:14.020,10433,10434,10433,1,-1
2019-08-12 16:04:14.731,10433,10434,10433,1,-1
2019-08-12 16:04:15.557,10433,10434,10433,1,-1
2019-08-12 16:04:15.689,10433,10434,10433,1,-1
2019-08-12 16:04:16.119,10433,10434,10433,1,-1
2019-08-12 16:04:16.133,10433,10434,10433,1,-1
2019-08-12 16:04:17.090,10433,10434,10433,5,-5
2019-08-12 16:04:17.880,10433,10434,10433,1,-1
2019-08-12 16:04:19.168,10433,10434,10433,2,-2
2019-08-12 16:04:20.185,10433,10434,10433,4,-4
2019-08-12 16:04:21.496,10433,10434,10433,1,-1
2019-08-12 16:04:21.927,10433,10434,10434,2,2
2019-08-12 16:04:22.365,10434,10435,10434,1,-1
2019-08-12 16:04:22.955,10434,10435,10434,1,-1
2019-08-12 16:04:24.494,10434,10435,10434,1,-1
2019-08-12 16:04:24.519,10434,10435,10435,1,1
2019-08-12 16:04:25.666,10434,10435,10435,1,1
2019-08-12 16:04:26.122,10434,10435,10435,1,1
2019-08-12 16:04:27.657,10435,10436,10435,1,-1
2019-08-12 16:04:27.813,10435,10436,10435,1,-1
2019-08-12 16:04:27.948,10435,10436,10436,1,1
2019-08-12 16:04:27.948,10435,10436,10436,2,2
2019-08-12 16:04:27.949,10435,10436,10436,2,2
2019-08-12 16:04:27.949,10435,10436,10436,1,1
2019-08-12 16:04:36.399,10436,10437,10436,1,-1
2019-08-12 16:04:37.209,10435,10436,10436,1,1
2019-08-12 16:04:37.210,10435,10436,10436,1,1
2019-08-12 16:04:40.066,10435,10436,10436,1,1
2019-08-12 16:04:40.239,10435,10436,10436,1,1
2019-08-12 16:04:40.239,10435,10436,10436,1,1
2019-08-12 16:04:42.095,10436,10437,10437,3,3
2019-08-12 16:04:42.683,10436,10437,10437,6,6
2019-08-12 16:04:46.903,10437,10438,10438,4,4
2019-08-12 16:04:46.916,10437,10438,10437,1,-1
2019-08-12 16:04:47.121,10437,10439,10439,1,1
2019-08-12 16:04:50.763,10438,10439,10438,1,-1
2019-08-12 16:04:55.955,10437,10438,10438,2,2
2019-08-12 16:04:55.955,10437,10438,10439,3,3
2019-08-12 16:05:00.164,10438,10439,10438,2,-2
2019-08-12 16:05:01.430,10437,10438,10438,1,1
2019-08-12 16:05:02.755,10438,10439,10438,1,-1
2019-08-12 16:05:02.759,10438,10439,10438,1,-1
2019-08-12 16:05:03.256,10437,10438,10437,2,-2
2019-08-12 16:05:03.904,10437,10438,10437,2,-2
2019-08-12 16:05:04.906,10437,10438,10438,1,1
2019-08-12 16:05:09.879,10437,10438,10437,2,-2
2019-08-12 16:05:11.895,10436,10438,10438,1,1
2019-08-12 16:05:13.416,10437,10438,10437,2,-2
2019-08-12 16:05:15.499,10437,10438,10437,1,-1
2019-08-12 16:05:21.797,10437,10438,10437,5,-5
2019-08-12 16:05:22.149,10437,10438,10437,1,-1
2019-08-12 16:05:26.040,10437,10438,10437,1,-1
2019-08-12 16:05:27.067,10437,10438,10437,3,-3
2019-08-12 16:05:28.095,10437,10438,10438,7,7
2019-08-12 16:05:34.608,10438,10439,10438,3,-3
2019-08-12 16:05:43.649,10437,10438,10437,1,-1
2019-08-12 16:05:44.322,10437,10438,10438,1,1
2019-08-12 16:06:02.546,10437,10438,10437,1,-1
2019-08-12 16:06:02.837,10437,10438,10437,4,-4
2019-08-12 16:06:03.012,10437,10438,10437,1,-1
2019-08-12 16:06:03.024,10437,10438,10437,2,-2
2019-08-12 16:06:12.321,10436,10437,10437,1,1
2019-08-12 16:06:18.756,10436,10437,10436,1,-1
2019-08-12 16:06:20.731,10436,10437,10436,1,-1
2019-08-12 16:06:21.171,10436,10437,10436,3,-3
2019-08-12 16:06:21.919,10435,10436,10436,1,1
2019-08-12 16:06:26.952,10435,10436,10435,1,-1
2019-08-12 16:06:27.080,10435,10436,10435,9,-9
2019-08-12 16:06:27.149,10435,10436,10435,3,-3
2019-08-12 16:06:27.539,10434,10435,10435,1,1
2019-08-12 16:06:28.472,10434,10435,10435,2,2
2019-08-12 16:06:28.673,10435,10436,10435,1,-1
2019-08-12 16:06:31.567,10434,10435,10435,1,1
2019-08-12 16:06:31.704,10434,10435,10435,1,1
2019-08-12 16:06:33.239,10434,10435,10434,2,-2
2019-08-12 16:06:39.728,10434,10435,10434,3,-3
2019-08-12 16:06:40.547,10434,10435,10434,1,-1
2019-08-12 16:06:43.902,10434,10435,10435,2,2
2019-08-12 16:06:44.820,10434,10435,10434,2,-2
2019-08-12 16:06:45.504,10434,10435,10434,1,-1
2019-08-12 16:06:46.580,10434,10435,10434,1,-1
2019-08-12 16:06:46.765,10434,10435,10434,1,-1
2019-08-12 16:06:47.830,10434,10435,10434,2,-2
2019-08-12 16:06:48.068,10434,10435,10434,1,-1
2019-08-12 16:06:48.486,10434,10435,10434,1,-1
2019-08-12 16:06:48.799,10434,10435,10435,9,9
2019-08-12 16:06:48.799,10434,10435,10436,6,6
2019-08-12 16:06:49.564,10434,10435,10434,1,-1
2019-08-12 16:06:50.722,10434,10435,10435,2,2
2019-08-12 16:06:51.640,10434,10435,10435,1,1
2019-08-12 16:06:55.020,10434,10435,10434,2,-2
2019-08-12 16:06:55.021,10434,10435,10434,1,-1
2019-08-12 16:06:55.021,10434,10435,10434,2,-2
2019-08-12 16:06:55.021,10434,10435,10434,2,-2
2019-08-12 16:06:55.024,10434,10435,10434,2,-2
2019-08-12 16:06:55.024,10434,10435,10434,1,-1
2019-08-12 16:06:55.024,10434,10435,10434,2,-2
2019-08-12 16:06:55.024,10434,10435,10434,2,-2
2019-08-12 16:06:55.025,10434,10435,10434,2,-2
2019-08-12 16:06:55.025,10434,10435,10434,7,-7
2019-08-12 16:06:55.461,10433,10434,10434,2,2
2019-08-12 16:06:55.663,10433,10434,10434,1,1
2019-08-12 16:06:56.280,10433,10434,10434,1,1
2019-08-12 16:06:56.281,10433,10434,10434,6,6
2019-08-12 16:07:00.189,10433,10434,10433,20,-20
2019-08-12 16:07:01.539,10432,10433,10432,1,-1
2019-08-12 16:07:01.846,10432,10433,10432,2,-2
2019-08-12 16:07:02.127,10432,10433,10432,1,-1
2019-08-12 16:07:02.955,10432,10433,10432,6,-6
2019-08-12 16:07:03.001,10432,10433,10432,1,-1
2019-08-12 16:07:03.019,10432,10433,10432,1,-1
2019-08-12 16:07:06.082,10432,10433,10433,1,1
2019-08-12 16:07:06.283,10432,10433,10432,1,-1
2019-08-12 16:07:06.894,10432,10433,10432,1,-1
2019-08-12 16:07:06.997,10432,10433,10433,1,1
2019-08-12 16:07:07.097,10432,10433,10432,1,-1
2019-08-12 16:07:08.022,10432,10433,10432,2,-2
2019-08-12 16:07:11.301,10432,10433,10432,2,-2
2019-08-12 16:07:11.618,10432,10433,10433,1,1
2019-08-12 16:07:12.325,10432,10433,10432,1,-1
2019-08-12 16:07:15.027,10432,10433,10433,4,4
2019-08-12 16:07:15.028,10432,10433,10433,2,2
2019-08-12 16:07:15.149,10432,10433,10433,5,5
2019-08-12 16:07:17.460,10432,10433,10433,1,1
2019-08-12 16:07:18.233,10433,10434,10433,1,-1
2019-08-12 16:07:19.685,10433,10434,10433,1,-1
2019-08-12 16:07:20.715,10432,10433,10433,1,1
2019-08-12 16:07:23.546,10432,10434,10432,2,-2
2019-08-12 16:07:25.364,10433,10434,10433,1,1
2019-08-12 16:07:26.908,10433,10434,10434,1,1
2019-08-12 16:07:27.594,10433,10434,10433,1,-1
2019-08-12 16:07:42.040,10434,10435,10434,1,1
2019-08-12 16:07:42.067,10434,10435,10433,5,-5
2019-08-12 16:07:44.044,10433,10435,10433,2,-2
2019-08-12 16:07:47.445,10433,10434,10433,5,-5
2019-08-12 16:07:48.799,10433,10434,10433,1,-1
2019-08-12 16:07:49.007,10433,10434,10433,1,-1
2019-08-12 16:07:49.024,10433,10434,10433,2,-2
2019-08-12 16:07:49.024,10433,10434,10433,5,-5
2019-08-12 16:07:50.836,10432,10433,10432,3,-3
2019-08-12 16:07:51.211,10432,10433,10433,2,2
2019-08-12 16:07:51.505,10432,10433,10432,4,-4
2019-08-12 16:07:52.354,10432,10433,10432,1,-1
2019-08-12 16:07:52.355,10432,10433,10432,2,-2
2019-08-12 16:07:52.401,10432,10433,10432,1,-1
2019-08-12 16:07:53.366,10432,10433,10432,4,-4
2019-08-12 16:07:53.381,10432,10433,10432,4,-4
2019-08-12 16:07:55.123,10431,10432,10431,3,-3
2019-08-12 16:07:55.176,10431,10432,10431,2,-2
2019-08-12 16:07:55.225,10431,10432,10431,1,-1
2019-08-12 16:07:55.483,10431,10432,10431,1,-1
2019-08-12 16:07:55.623,10431,10432,10431,2,-2
2019-08-12 16:07:57.015,10431,10432,10432,1,1
2019-08-12 16:07:57.276,10431,10432,10432,9,9
2019-08-12 16:07:57.276,10431,10432,10433,1,1
2019-08-12 16:07:57.412,10431,10433,10431,1,-1
2019-08-12 16:07:58.108,10431,10432,10432,1,1
2019-08-12 16:08:00.487,10431,10432,10432,1,1
2019-08-12 16:08:01.314,10431,10432,10431,1,-1
2019-08-12 16:08:01.676,10431,10432,10431,5,-5
2019-08-12 16:08:02.330,10430,10432,10431,1,-1
2019-08-12 16:08:02.332,10430,10432,10432,1,1
2019-08-12 16:08:03.696,10430,10431,10430,1,-1
2019-08-12 16:08:03.696,10430,10431,10430,1,-1
2019-08-12 16:08:03.702,10430,10431,10430,1,-1
2019-08-12 16:08:03.716,10430,10431,10430,1,-1
2019-08-12 16:08:03.783,10430,10431,10430,1,-1
2019-08-12 16:08:03.792,10430,10431,10430,1,-1
2019-08-12 16:08:03.796,10430,10431,10430,1,-1
2019-08-12 16:08:03.799,10430,10431,10430,1,-1
2019-08-12 16:08:03.808,10430,10431,10430,1,-1
2019-08-12 16:08:03.810,10430,10431,10430,1,-1
2019-08-12 16:08:03.815,10430,10431,10430,1,-1
2019-08-12 16:08:03.840,10430,10431,10430,2,-2
2019-08-12 16:08:03.979,10430,10431,10430,10,-10
2019-08-12 16:08:04.051,10430,10431,10430,1,-1
2019-08-12 16:08:04.096,10430,10431,10430,1,-1
2019-08-12 16:08:04.347,10430,10431,10430,1,-1
2019-08-12 16:08:04.374,10430,10431,10430,4,-4
2019-08-12 16:08:04.512,10430,10431,10431,1,1
2019-08-12 16:08:04.530,10430,10431,10430,1,-1
2019-08-12 16:08:05.373,10430,10431,10430,2,-2
2019-08-12 16:08:06.817,10430,10431,10431,2,2
2019-08-12 16:08:06.931,10430,10431,10431,1,1
2019-08-12 16:08:07.198,10430,10431,10430,9,-9
2019-08-12 16:08:07.198,10430,10431,10429,11,-11
2019-08-12 16:08:08.108,10429,10430,10429,2,-2
2019-08-12 16:08:08.128,10429,10430,10429,1,-1
2019-08-12 16:08:08.130,10429,10430,10429,1,-1
2019-08-12 16:08:08.413,10429,10430,10429,3,-3
2019-08-12 16:08:08.980,10429,10430,10429,1,-1
2019-08-12 16:08:09.349,10428,10430,10428,1,-1
2019-08-12 16:08:09.398,10428,10430,10428,1,-1
2019-08-12 16:08:09.402,10428,10429,10428,22,-22
2019-08-12 16:08:09.598,10428,10429,10428,1,-1
2019-08-12 16:08:09.606,10428,10429,10428,1,-1
2019-08-12 16:08:09.647,10428,10429,10427,1,-1
2019-08-12 16:08:09.651,10427,10428,10427,2,-2
2019-08-12 16:08:09.802,10427,10428,10427,1,-1
2019-08-12 16:08:09.833,10427,10428,10427,1,-1
2019-08-12 16:08:09.958,10427,10428,10427,1,-1
2019-08-12 16:08:10.262,10427,10429,10427,2,-2
2019-08-12 16:08:13.814,10427,10428,10427,6,-6
2019-08-12 16:08:13.935,10426,10428,10426,1,-1
2019-08-12 16:08:14.082,10426,10427,10427,1,1
2019-08-12 16:08:14.232,10426,10427,10426,1,-1
2019-08-12 16:08:16.022,10426,10427,10427,3,3
2019-08-12 16:08:16.185,10426,10427,10426,2,-2
2019-08-12 16:08:16.255,10426,10427,10427,6,6
2019-08-12 16:08:17.066,10427,10428,10427,1,-1
2019-08-12 16:08:17.247,10427,10428,10428,1,1
2019-08-12 16:08:17.345,10427,10428,10427,1,-1
2019-08-12 16:08:17.379,10427,10428,10427,2,-2
2019-08-12 16:08:17.990,10427,10428,10427,1,-1
2019-08-12 16:08:19.530,10427,10428,10428,1,1
2019-08-12 16:08:21.755,10427,10428,10427,1,-1
2019-08-12 16:08:21.810,10427,10428,10428,1,1
2019-08-12 16:08:25.861,10427,10428,10428,1,1
2019-08-12 16:08:28.006,10427,10428,10427,1,-1
2019-08-12 16:08:28.151,10427,10428,10427,7,-7
2019-08-12 16:08:28.288,10426,10427,10426,22,-22
2019-08-12 16:08:28.298,10426,10427,10426,3,-3
2019-08-12 16:08:29.120,10425,10427,10427,3,3
2019-08-12 16:08:30.516,10425,10427,10425,1,-1
2019-08-12 16:08:30.567,10425,10427,10425,10,-10
2019-08-12 16:08:30.576,10425,10427,10425,1,-1
2019-08-12 16:08:30.643,10425,10427,10425,1,-1
2019-08-12 16:08:30.702,10425,10427,10425,2,-2
2019-08-12 16:08:30.776,10425,10426,10425,2,-2
2019-08-12 16:08:31.154,10425,10426,10425,1,-1
2019-08-12 16:08:31.158,10425,10426,10425,1,-1
2019-08-12 16:08:31.166,10425,10426,10425,1,-1
2019-08-12 16:08:32.231,10425,10426,10426,1,1
2019-08-12 16:08:34.054,10425,10426,10425,4,-4
2019-08-12 16:08:34.757,10425,10426,10425,2,-2
2019-08-12 16:08:35.400,10425,10426,10425,2,-2
2019-08-12 16:08:35.659,10425,10426,10425,1,-1
2019-08-12 16:08:37.214,10425,10426,10426,1,1
2019-08-12 16:08:39.445,10425,10426,10425,1,-1
2019-08-12 16:08:40.008,10425,10426,10426,5,5
2019-08-12 16:08:40.425,10426,10427,10427,1,1
2019-08-12 16:08:40.542,10426,10427,10426,1,-1
2019-08-12 16:08:42.442,10426,10427,10427,1,1
2019-08-12 16:08:43.111,10426,10427,10427,1,1
2019-08-12 16:08:43.993,10426,10427,10426,1,-1
2019-08-12 16:08:47.788,10426,10427,10426,2,-2
2019-08-12 16:08:48.034,10425,10426,10425,10,-10
2019-08-12 16:08:48.427,10424,10426,10426,1,1
2019-08-12 16:08:48.473,10424,10426,10426,1,1
2019-08-12 16:08:48.628,10424,10426,10424,5,-5
2019-08-12 16:08:49.533,10424,10426,10426,1,1
2019-08-12 16:08:51.149,10425,10426,10425,1,-1
2019-08-12 16:08:51.454,10425,10426,10425,7,-7
2019-08-12 16:08:52.254,10424,10426,10424,2,-2
2019-08-12 16:08:52.575,10424,10426,10426,1,1
2019-08-12 16:08:52.964,10424,10426,10424,1,-1
2019-08-12 16:08:53.629,10425,10426,10425,2,2
2019-08-12 16:08:53.838,10425,10426,10426,1,1
2019-08-12 16:08:54.524,10425,10426,10426,1,1
2019-08-12 16:08:55.126,10425,10426,10425,1,-1
2019-08-12 16:08:55.154,10425,10426,10425,1,-1
2019-08-12 16:08:56.164,10425,10426,10425,2,-2
2019-08-12 16:08:56.500,10425,10426,10426,1,1
2019-08-12 16:08:57.094,10425,10426,10426,1,1
2019-08-12 16:08:58.549,10425,10426,10425,1,-1
2019-08-12 16:08:59.432,10424,10425,10425,2,2
2019-08-12 16:08:59.882,10425,10426,10425,2,-2
2019-08-12 16:08:59.919,10425,10426,10425,1,-1
2019-08-12 16:09:00.420,10425,10426,10425,2,-2
2019-08-12 16:09:00.420,10425,10426,10425,5,-5
2019-08-12 16:09:01.273,10424,10425,10424,2,-2
2019-08-12 16:09:01.666,10424,10425,10424,2,-2
2019-08-12 16:09:02.162,10424,10425,10424,2,-2
2019-08-12 16:09:02.868,10423,10424,10424,1,1
2019-08-12 16:09:03.584,10423,10424,10424,1,1
2019-08-12 16:09:03.584,10423,10424,10424,1,1
2019-08-12 16:09:04.489,10424,10425,10424,2,-2
2019-08-12 16:09:09.342,10424,10425,10425,2,2
2019-08-12 16:09:09.449,10424,10425,10425,1,1
2019-08-12 16:09:09.451,10424,10425,10425,1,1
2019-08-12 16:09:09.472,10424,10425,10425,1,1
2019-08-12 16:09:09.476,10424,10425,10425,1,1
2019-08-12 16:09:10.488,10424,10425,10424,1,-1
2019-08-12 16:09:11.679,10424,10425,10424,1,-1
2019-08-12 16:09:13.243,10424,10425,10424,6,-6
2019-08-12 16:09:13.801,10424,10425,10425,3,3
2019-08-12 16:09:14.512,10424,10425,10425,2,2
2019-08-12 16:09:15.496,10424,10425,10425,1,1
2019-08-12 16:09:16.047,10424,10425,10424,7,-7
2019-08-12 16:09:18.285,10424,10425,10425,1,1
2019-08-12 16:09:18.285,10424,10425,10425,7,7
2019-08-12 16:09:19.000,10425,10426,10425,1,-1
2019-08-12 16:09:19.043,10425,10426,10425,1,-1
2019-08-12 16:09:19.851,10424,10425,10425,2,2
2019-08-12 16:09:19.851,10424,10425,10426,3,3
2019-08-12 16:09:24.697,10425,10426,10426,2,2
2019-08-12 16:09:25.858,10425,10426,10426,1,1
2019-08-12 16:09:28.339,10425,10426,10426,4,4
2019-08-12 16:09:30.151,10426,10427,10427,1,1
2019-08-12 16:09:30.152,10426,10427,10427,1,1
2019-08-12 16:09:30.152,10426,10427,10427,4,4
2019-08-12 16:09:30.274,10426,10427,10427,3,3
2019-08-12 16:09:30.369,10426,10427,10428,1,1
2019-08-12 16:09:30.876,10426,10428,10428,4,4
2019-08-12 16:09:31.422,10426,10428,10426,6,-6
2019-08-12 16:09:32.857,10426,10428,10426,2,-2
2019-08-12 16:09:33.483,10426,10428,10426,1,-1
2019-08-12 16:09:37.028,10426,10428,10428,9,9
2019-08-12 16:09:40.027,10426,10427,10427,1,1
2019-08-12 16:09:40.353,10426,10427,10427,2,2
2019-08-12 16:09:41.996,10426,10427,10427,2,2
2019-08-12 16:09:42.057,10426,10428,10426,1,-1
2019-08-12 16:09:42.385,10426,10428,10428,2,2
2019-08-12 16:09:43.019,10426,10428,10428,1,1
2019-08-12 16:09:45.064,10427,10428,10427,1,-1
2019-08-12 16:09:45.980,10426,10428,10426,2,-2
2019-08-12 16:09:47.926,10426,10427,10426,6,-6
2019-08-12 16:09:48.582,10426,10427,10427,1,1
2019-08-12 16:09:49.659,10427,10428,10428,9,9
2019-08-12 16:09:50.268,10428,10429,10427,1,-1
2019-08-12 16:09:53.439,10427,10428,10427,2,-2
2019-08-12 16:09:53.879,10427,10428,10427,3,-3
2019-08-12 16:09:56.622,10426,10427,10427,1,1
2019-08-12 16:09:56.660,10426,10427,10427,1,1
2019-08-12 16:09:57.130,10426,10428,10426,1,-1
2019-08-12 16:09:57.887,10426,10427,10427,1,1
2019-08-12 16:10:00.332,10426,10427,10427,1,1
2019-08-12 16:10:00.486,10426,10427,10426,4,-4
2019-08-12 16:10:00.497,10426,10427,10426,2,-2
2019-08-12 16:10:00.524,10426,10427,10426,5,-5
2019-08-12 16:10:00.524,10426,10427,10426,1,-1
2019-08-12 16:10:00.560,10426,10427,10427,1,1
2019-08-12 16:10:02.316,10425,10426,10425,10,-10
2019-08-12 16:10:02.435,10425,10426,10425,2,-2
2019-08-12 16:10:02.436,10425,10426,10425,1,-1
2019-08-12 16:10:02.436,10425,10426,10425,1,-1
2019-08-12 16:10:02.436,10425,10426,10425,4,-4
2019-08-12 16:10:04.976,10424,10425,10425,5,5
2019-08-12 16:10:05.261,10424,10425,10425,1,1
2019-08-12 16:10:06.038,10424,10426,10424,4,-4
2019-08-12 16:10:06.227,10424,10426,10426,1,1
2019-08-12 16:10:07.210,10425,10426,10426,1,1
2019-08-12 16:10:07.672,10425,10426,10425,1,-1
2019-08-12 16:10:08.454,10424,10426,10424,5,-5
2019-08-12 16:10:08.550,10424,10426,10424,1,-1
2019-08-12 16:10:09.511,10424,10426,10424,1,-1
2019-08-12 16:10:12.698,10425,10426,10425,1,1
2019-08-12 16:10:12.698,10425,10426,10424,2,-2
2019-08-12 16:10:15.231,10424,10425,10425,2,2
2019-08-12 16:10:16.639,10424,10426,10426,1,1
2019-08-12 16:10:18.733,10425,10426,10425,2,-2
2019-08-12 16:10:18.733,10425,10426,10424,1,-1
2019-08-12 16:10:20.210,10424,10426,10426,2,2
2019-08-12 16:10:21.533,10424,10425,10425,3,3
2019-08-12 16:10:23.033,10424,10426,10426,1,1
2019-08-12 16:10:25.010,10424,10426,10424,1,-1
2019-08-12 16:10:25.422,10424,10426,10424,1,-1
2019-08-12 16:10:27.004,10424,10425,10424,2,-2
2019-08-12 16:10:27.796,10424,10425,10424,1,-1
2019-08-12 16:10:28.529,10424,10425,10424,1,-1
2019-08-12 16:10:28.972,10423,10425,10423,2,-2
2019-08-12 16:10:29.165,10423,10425,10423,1,-1
2019-08-12 16:10:29.765,10423,10425,10425,5,5
2019-08-12 16:10:29.768,10423,10425,10423,1,-1
2019-08-12 16:10:32.383,10424,10425,10424,2,2
2019-08-12 16:10:32.892,10423,10425,10424,1,-1
2019-08-12 16:10:34.818,10423,10424,10424,1,1
2019-08-12 16:10:35.267,10424,10425,10424,1,-1
2019-08-12 16:10:35.963,10424,10425,10424,1,-1
2019-08-12 16:10:36.066,10424,10425,10425,1,1
2019-08-12 16:10:37.526,10424,10425,10424,2,-2
2019-08-12 16:10:38.341,10424,10425,10425,3,3
2019-08-12 16:10:38.761,10424,10426,10424,2,-2
2019-08-12 16:10:38.829,10424,10426,10424,2,-2
2019-08-12 16:10:41.808,10424,10425,10425,1,1
2019-08-12 16:10:41.943,10424,10425,10426,1,1
2019-08-12 16:10:44.019,10425,10426,10425,1,-1
2019-08-12 16:10:44.019,10425,10426,10424,1,-1
2019-08-12 16:10:44.488,10424,10426,10424,1,-1
2019-08-12 16:10:44.631,10424,10426,10424,2,-2
2019-08-12 16:10:46.993,10424,10426,10424,10,-10
2019-08-12 16:10:47.619,10424,10425,10425,1,1
2019-08-12 16:10:47.619,10424,10425,10426,1,1
2019-08-12 16:10:48.425,10424,10426,10424,1,-1
2019-08-12 16:10:49.027,10424,10426,10424,1,-1
2019-08-12 16:10:50.368,10425,10426,10426,1,1
2019-08-12 16:10:51.000,10425,10426,10425,1,-1
2019-08-12 16:10:57.849,10425,10426,10426,1,1
2019-08-12 16:10:58.681,10425,10426,10426,6,6
2019-08-12 16:10:58.681,10425,10426,10426,2,2
2019-08-12 16:10:58.681,10425,10426,10426,2,2
2019-08-12 16:10:58.682,10425,10426,10426,1,1
2019-08-12 16:10:58.682,10425,10426,10426,9,9
2019-08-12 16:10:58.774,10425,10427,10426,1,-1
2019-08-12 16:10:58.805,10425,10427,10426,4,-4
2019-08-12 16:10:58.809,10425,10427,10426,1,-1
2019-08-12 16:10:58.824,10425,10427,10426,1,-1
2019-08-12 16:10:59.845,10425,10427,10427,1,1
2019-08-12 16:11:00.340,10425,10427,10425,5,-5
2019-08-12 16:11:08.223,10425,10427,10425,5,-5
2019-08-12 16:11:15.469,10426,10427,10427,1,1
2019-08-12 16:11:15.554,10426,10427,10427,1,1
2019-08-12 16:11:15.557,10426,10427,10427,1,1
2019-08-12 16:11:15.560,10426,10427,10427,1,1
2019-08-12 16:11:15.561,10426,10427,10427,1,1
2019-08-12 16:11:15.678,10426,10427,10427,1,1
2019-08-12 16:11:15.679,10426,10427,10427,1,1
2019-08-12 16:11:17.641,10426,10427,10427,1,1
2019-08-12 16:11:19.578,10426,10427,10426,2,-2
2019-08-12 16:11:21.455,10426,10427,10427,6,6
2019-08-12 16:11:27.660,10427,10428,10428,2,2
2019-08-12 16:11:28.717,10427,10428,10428,2,2
2019-08-12 16:11:28.717,10427,10428,10428,1,1
2019-08-12 16:11:29.410,10427,10428,10428,1,1
2019-08-12 16:11:30.543,10427,10428,10427,1,-1
2019-08-12 16:11:32.086,10427,10428,10428,1,1
2019-08-12 16:11:34.329,10427,10428,10428,1,1
2019-08-12 16:11:35.231,10427,10428,10428,4,4
2019-08-12 16:11:35.480,10428,10429,10428,1,-1
2019-08-12 16:11:40.030,10428,10429,10428,1,-1
2019-08-12 16:11:41.712,10428,10429,10429,1,1
2019-08-12 16:11:41.870,10428,10429,10429,1,1
2019-08-12 16:11:43.247,10428,10429,10429,1,1
2019-08-12 16:11:45.102,10428,10429,10429,5,5
2019-08-12 16:11:49.374,10428,10429,10429,1,1
2019-08-12 16:11:54.733,10428,10429,10428,1,-1
2019-08-12 16:11:56.289,10428,10429,10428,1,-1
2019-08-12 16:11:56.303,10428,10429,10428,1,-1
2019-08-12 16:11:56.673,10428,10429,10428,5,-5
2019-08-12 16:11:56.774,10428,10429,10428,2,-2
2019-08-12 16:11:58.255,10427,10428,10427,1,-1
2019-08-12 16:11:59.760,10427,10428,10428,1,1
2019-08-12 16:12:00.725,10428,10429,10428,3,-3
2019-08-12 16:12:01.966,10427,10428,10427,1,-1
2019-08-12 16:12:02.129,10427,10428,10427,2,-2
2019-08-12 16:12:02.157,10427,10428,10427,1,-1
2019-08-12 16:12:02.161,10427,10428,10427,1,-1
2019-08-12 16:12:02.890,10426,10427,10427,1,1
2019-08-12 16:12:06.603,10426,10427,10427,1,1
2019-08-12 16:12:07.098,10426,10428,10428,1,1
2019-08-12 16:12:10.001,10427,10428,10427,1,-1
2019-08-12 16:12:10.486,10427,10428,10428,1,1
2019-08-12 16:12:11.815,10426,10428,10428,1,1
2019-08-12 16:12:12.630,10427,10428,10428,1,1
2019-08-12 16:12:23.415,10427,10428,10428,1,1
2019-08-12 16:12:23.842,10427,10428,10427,1,-1
2019-08-12 16:12:23.899,10427,10428,10427,1,-1
2019-08-12 16:12:24.426,10426,10427,10426,1,-1
2019-08-12 16:12:24.715,10426,10427,10426,1,-1
2019-08-12 16:12:24.715,10426,10427,10426,2,-2
2019-08-12 16:12:31.708,10426,10427,10426,1,-1
2019-08-12 16:12:31.708,10426,10427,10426,1,-1
2019-08-12 16:12:31.774,10426,10427,10426,1,-1
2019-08-12 16:12:32.136,10426,10427,10426,3,-3
2019-08-12 16:12:34.951,10425,10426,10425,27,-27
2019-08-12 16:12:34.951,10425,10426,10424,13,-13
2019-08-12 16:12:35.707,10424,10426,10426,5,5
2019-08-12 16:12:40.649,10424,10425,10425,1,1
2019-08-12 16:12:46.599,10425,10426,10425,1,-1
2019-08-12 16:12:48.013,10425,10426,10426,1,1
2019-08-12 16:12:48.209,10425,10427,10425,1,-1
2019-08-12 16:12:49.668,10425,10426,10425,1,-1
2019-08-12 16:12:51.055,10425,10426,10426,1,1
2019-08-12 16:12:57.522,10426,10427,10427,1,1
2019-08-12 16:12:59.412,10427,10428,10427,1,-1
2019-08-12 16:13:11.128,10427,10428,10427,1,-1
2019-08-12 16:13:11.825,10426,10427,10427,1,1
2019-08-12 16:13:13.618,10426,10428,10426,1,-1
2019-08-12 16:13:16.525,10427,10428,10427,1,1
2019-08-12 16:13:27.345,10427,10428,10428,1,1
2019-08-12 16:13:29.304,10427,10428,10428,1,1
2019-08-12 16:13:37.479,10427,10428,10428,1,1
2019-08-12 16:13:38.468,10427,10428,10428,10,10
2019-08-12 16:13:38.524,10427,10428,10428,5,5
2019-08-12 16:13:42.196,10428,10429,10428,1,-1
2019-08-12 16:13:42.628,10428,10429,10428,1,-1
2019-08-12 16:13:43.821,10427,10428,10428,2,2
2019-08-12 16:13:57.963,10427,10428,10428,1,1
2019-08-12 16:14:02.191,10427,10428,10428,1,1
2019-08-12 16:14:02.945,10427,10428,10428,2,2
2019-08-12 16:14:03.499,10427,10428,10428,2,2
2019-08-12 16:14:04.240,10427,10428,10428,1,1
2019-08-12 16:14:05.051,10427,10428,10427,1,-1
2019-08-12 16:14:06.148,10427,10428,10428,2,2
2019-08-12 16:14:09.172,10427,10428,10428,5,5
2019-08-12 16:14:12.294,10427,10428,10428,1,1
2019-08-12 16:14:12.888,10427,10428,10428,1,1
2019-08-12 16:14:20.204,10427,10428,10428,1,1
2019-08-12 16:14:30.463,10427,10428,10428,1,1
2019-08-12 16:14:38.188,10427,10428,10427,1,-1
2019-08-12 16:14:40.115,10427,10428,10427,1,-1
2019-08-12 16:14:43.180,10427,10428,10427,1,-1
2019-08-12 16:14:44.137,10427,10428,10428,1,1
2019-08-12 16:14:44.775,10427,10428,10427,1,-1
2019-08-12 16:14:44.917,10427,10428,10428,3,3
2019-08-12 16:14:47.144,10427,10428,10427,2,-2
2019-08-12 16:14:49.522,10427,10428,10427,1,-1
2019-08-12 16:14:50.252,10427,10428,10427,1,-1
2019-08-12 16:14:50.464,10427,10428,10427,2,-2
2019-08-12 16:14:50.524,10427,10428,10427,13,-13
2019-08-12 16:14:57.270,10426,10427,10427,1,1
2019-08-12 16:14:57.631,10426,10428,10426,2,-2
2019-08-12 16:14:57.643,10426,10428,10426,1,-1
2019-08-12 16:15:01.190,10426,10427,10426,1,-1
2019-08-12 16:15:01.474,10426,10427,10426,1,-1
2019-08-12 16:15:01.527,10426,10427,10426,2,-2
2019-08-12 16:15:01.913,10426,10427,10427,1,1
2019-08-12 16:15:01.966,10426,10427,10427,1,1
2019-08-12 16:15:02.285,10426,10427,10426,1,-1
2019-08-12 16:15:02.676,10426,10427,10426,3,-3
2019-08-12 16:15:03.487,10426,10427,10426,4,-4
2019-08-12 16:15:03.487,10426,10427,10426,1,-1
2019-08-12 16:15:03.944,10425,10426,10425,1,-1
2019-08-12 16:15:04.093,10425,10426,10425,1,-1
2019-08-12 16:15:05.097,10425,10426,10425,2,-2
2019-08-12 16:15:05.788,10425,10426,10425,2,-2
2019-08-12 16:15:05.788,10425,10426,10425,4,-4
2019-08-12 16:15:05.797,10425,10426,10425,1,-1
2019-08-12 16:15:06.734,10424,10425,10425,1,1
2019-08-12 16:15:07.023,10424,10425,10425,1,1
2019-08-12 16:15:18.562,10424,10425,10425,1,1
2019-08-12 16:15:18.562,10424,10425,10425,1,1
2019-08-12 16:15:18.566,10424,10425,10425,1,1
2019-08-12 16:15:18.649,10424,10425,10425,4,4
2019-08-12 16:15:18.774,10424,10425,10425,1,1
2019-08-12 16:15:18.899,10424,10425,10425,2,2
2019-08-12 16:15:24.459,10425,10426,10426,1,1
2019-08-12 16:15:29.135,10425,10427,10425,4,-4
2019-08-12 16:15:30.391,10425,10427,10425,2,-2
2019-08-12 16:15:37.454,10426,10427,10426,1,1
2019-08-12 16:15:43.294,10426,10427,10426,2,-2
2019-08-12 16:15:46.859,10425,10426,10426,2,2
2019-08-12 16:15:51.461,10425,10426,10426,3,3
2019-08-12 16:15:57.061,10426,10427,10427,1,1
2019-08-12 16:15:57.506,10426,10428,10426,2,-2
2019-08-12 16:16:10.308,10427,10428,10427,1,1
2019-08-12 16:16:10.803,10427,10428,10427,1,-1
2019-08-12 16:16:10.822,10427,10428,10426,1,-1
2019-08-12 16:16:14.086,10426,10427,10427,1,1
2019-08-12 16:16:33.719,10427,10428,10427,1,-1
2019-08-12 16:16:34.427,10427,10428,10428,1,1
2019-08-12 16:16:35.476,10427,10428,10428,7,7
2019-08-12 16:16:35.524,10427,10428,10428,22,22
2019-08-12 16:16:35.649,10427,10428,10428,10,10
2019-08-12 16:16:35.649,10427,10428,10428,5,5
2019-08-12 16:16:36.864,10428,10429,10429,1,1
2019-08-12 16:16:37.216,10428,10429,10429,1,1
2019-08-12 16:16:37.237,10428,10429,10429,4,4
2019-08-12 16:16:37.238,10428,10429,10429,3,3
2019-08-12 16:16:37.238,10428,10429,10429,1,1
2019-08-12 16:16:37.238,10428,10429,10429,3,3
2019-08-12 16:16:37.238,10428,10429,10429,3,3
2019-08-12 16:16:37.243,10428,10429,10429,3,3
2019-08-12 16:16:37.274,10428,10429,10429,1,1
2019-08-12 16:16:39.559,10429,10430,10430,1,1
2019-08-12 16:16:39.620,10429,10430,10430,1,1
2019-08-12 16:16:40.519,10429,10430,10430,1,1
2019-08-12 16:16:41.150,10429,10430,10430,1,1
2019-08-12 16:16:42.152,10429,10430,10430,1,1
2019-08-12 16:16:46.849,10429,10430,10430,1,1
2019-08-12 16:16:46.932,10429,10430,10429,1,-1
2019-08-12 16:16:47.158,10429,10430,10430,1,1
2019-08-12 16:16:50.403,10429,10430,10430,1,1
2019-08-12 16:16:51.615,10429,10430,10429,2,-2
2019-08-12 16:16:53.015,10429,10430,10430,10,10
2019-08-12 16:16:56.357,10429,10430,10430,1,1
2019-08-12 16:16:58.496,10429,10430,10430,1,1
2019-08-12 16:16:59.080,10429,10430,10429,1,-1
2019-08-12 16:16:59.106,10429,10430,10429,1,-1
2019-08-12 16:17:00.009,10429,10430,10430,1,1
2019-08-12 16:17:00.014,10429,10430,10429,1,-1
2019-08-12 16:17:00.734,10429,10430,10430,1,1
2019-08-12 16:17:05.055,10429,10430,10429,2,-2
2019-08-12 16:17:08.717,10429,10430,10430,1,1
2019-08-12 16:17:10.494,10429,10430,10430,2,2
2019-08-12 16:17:12.020,10429,10430,10430,1,1
2019-08-12 16:17:12.281,10429,10430,10430,1,1
2019-08-12 16:17:12.532,10429,10431,10431,1,1
2019-08-12 16:17:12.699,10429,10431,10429,2,-2
2019-08-12 16:17:12.775,10429,10431,10431,1,1
2019-08-12 16:17:12.862,10429,10431,10431,1,1
2019-08-12 16:17:12.879,10429,10431,10431,3,3
2019-08-12 16:17:14.529,10429,10430,10430,1,1
2019-08-12 16:17:14.997,10429,10430,10429,7,-7
2019-08-12 16:17:15.875,10428,10430,10430,1,1
2019-08-12 16:17:18.670,10427,10429,10429,1,1
2019-08-12 16:17:24.056,10427,10428,10427,2,-2
2019-08-12 16:17:24.431,10426,10427,10427,1,1
2019-08-12 16:17:25.745,10426,10427,10427,1,1
2019-08-12 16:17:30.692,10427,10428,10428,1,1
2019-08-12 16:17:31.819,10427,10428,10427,1,-1
2019-08-12 16:17:31.820,10427,10428,10427,1,-1
2019-08-12 16:17:32.253,10426,10427,10426,3,-3
2019-08-12 16:17:32.255,10426,10427,10426,4,-4
2019-08-12 16:17:32.274,10426,10427,10426,12,-12
2019-08-12 16:17:33.005,10426,10427,10426,1,-1
2019-08-12 16:17:40.170,10426,10427,10426,1,-1
2019-08-12 16:17:43.173,10426,10427,10427,1,1
2019-08-12 16:17:47.603,10426,10427,10427,2,2
2019-08-12 16:17:49.648,10426,10428,10426,1,-1
2019-08-12 16:17:54.020,10426,10427,10426,1,-1
2019-08-12 16:17:57.276,10426,10427,10426,1,-1
2019-08-12 16:17:57.795,10426,10427,10426,2,-2
2019-08-12 16:17:58.386,10426,10427,10426,3,-3
2019-08-12 16:17:58.399,10426,10427,10426,2,-2
2019-08-12 16:17:59.469,10425,10426,10425,4,-4
2019-08-12 16:18:00.435,10425,10426,10426,1,1
2019-08-12 16:18:02.935,10425,10426,10425,1,-1
2019-08-12 16:18:03.570,10425,10426,10425,1,-1
2019-08-12 16:18:05.364,10425,10426,10425,1,-1
2019-08-12 16:18:06.898,10425,10426,10425,10,-10
2019-08-12 16:18:07.901,10425,10426,10425,10,-10
2019-08-12 16:18:09.157,10425,10426,10425,10,-10
2019-08-12 16:18:10.591,10425,10426,10425,3,-3
2019-08-12 16:18:11.183,10424,10425,10425,2,2
2019-08-12 16:18:11.214,10424,10425,10425,2,2
2019-08-12 16:18:11.214,10424,10425,10425,5,5
2019-08-12 16:18:11.687,10425,10426,10425,1,-1
2019-08-12 16:18:12.033,10425,10426,10425,1,-1
2019-08-12 16:18:13.636,10425,10426,10425,1,-1
2019-08-12 16:18:14.267,10425,10426,10425,3,-3
2019-08-12 16:18:18.625,10424,10425,10424,32,-32
2019-08-12 16:18:19.365,10423,10425,10425,1,1
2019-08-12 16:18:34.613,10423,10424,10423,18,-18
2019-08-12 16:18:34.613,10423,10424,10423,5,-5
2019-08-12 16:18:34.614,10423,10424,10423,1,-1
2019-08-12 16:18:34.623,10423,10424,10423,1,-1
2019-08-12 16:18:34.623,10423,10424,10423,1,-1
2019-08-12 16:18:34.860,10422,10423,10422,1,-1
2019-08-12 16:18:34.877,10422,10423,10422,3,-3
2019-08-12 16:18:34.943,10422,10423,10422,12,-12
2019-08-12 16:18:34.961,10422,10423,10422,13,-13
2019-08-12 16:18:34.961,10422,10423,10421,9,-9
2019-08-12 16:18:34.989,10422,10423,10421,8,-8
2019-08-12 16:18:35.016,10422,10423,10421,11,-11
2019-08-12 16:18:35.148,10421,10423,10421,1,-1
2019-08-12 16:18:35.274,10421,10422,10421,14,-14
2019-08-12 16:18:35.274,10421,10422,10421,4,-4
2019-08-12 16:18:35.317,10421,10422,10421,2,-2
2019-08-12 16:18:35.422,10420,10421,10420,1,-1
2019-08-12 16:18:35.568,10420,10421,10420,4,-4
2019-08-12 16:18:35.568,10420,10421,10420,2,-2
2019-08-12 16:18:35.576,10420,10421,10420,1,-1
2019-08-12 16:18:35.699,10420,10421,10420,1,-1
2019-08-12 16:18:35.725,10420,10421,10420,1,-1
2019-08-12 16:18:35.725,10420,10421,10420,1,-1
2019-08-12 16:18:35.735,10420,10421,10420,1,-1
2019-08-12 16:18:35.735,10420,10421,10420,3,-3
2019-08-12 16:18:35.735,10420,10421,10420,1,-1
2019-08-12 16:18:35.781,10420,10421,10421,5,5
2019-08-12 16:18:35.985,10420,10421,10420,1,-1
2019-08-12 16:18:36.001,10420,10421,10420,1,-1
2019-08-12 16:18:36.054,10420,10421,10420,1,-1
2019-08-12 16:18:37.414,10420,10421,10421,1,1
2019-08-12 16:18:38.171,10420,10422,10420,10,-10
2019-08-12 16:18:39.802,10420,10421,10421,1,1
2019-08-12 16:18:39.955,10420,10421,10421,1,1
2019-08-12 16:18:41.670,10420,10422,10420,1,-1
2019-08-12 16:18:42.219,10420,10422,10420,3,-3
2019-08-12 16:18:42.270,10420,10422,10420,1,-1
2019-08-12 16:18:42.506,10421,10422,10421,1,1
2019-08-12 16:18:42.641,10421,10422,10421,3,-3
2019-08-12 16:18:42.641,10421,10422,10420,1,-1
2019-08-12 16:18:42.756,10421,10422,10421,2,2
2019-08-12 16:18:42.892,10421,10422,10421,1,-1
2019-08-12 16:18:43.353,10420,10422,10420,6,-6
2019-08-12 16:18:43.649,10420,10421,10421,2,2
2019-08-12 16:18:44.304,10421,10422,10421,1,-1
2019-08-12 16:18:45.272,10420,10422,10420,3,-3
2019-08-12 16:18:45.452,10420,10421,10421,1,1
2019-08-12 16:18:45.507,10420,10421,10420,1,-1
2019-08-12 16:18:46.886,10420,10421,10420,2,-2
2019-08-12 16:18:48.311,10420,10421,10421,1,1
2019-08-12 16:18:48.821,10420,10421,10421,1,1
2019-08-12 16:18:49.803,10421,10422,10421,1,-1
2019-08-12 16:18:50.801,10421,10422,10422,1,1
2019-08-12 16:18:50.899,10421,10422,10422,3,3
2019-08-12 16:18:50.899,10421,10422,10422,1,1
2019-08-12 16:18:50.899,10421,10422,10422,2,2
2019-08-12 16:18:51.022,10421,10422,10422,1,1
2019-08-12 16:18:51.278,10421,10423,10423,1,1
2019-08-12 16:18:51.348,10421,10423,10421,1,-1
2019-08-12 16:18:52.750,10421,10423,10421,1,-1
2019-08-12 16:18:53.621,10421,10423,10421,10,-10
2019-08-12 16:18:53.639,10421,10423,10423,1,1
2019-08-12 16:18:54.877,10421,10423,10421,1,-1
2019-08-12 16:18:55.407,10421,10423,10423,1,1
2019-08-12 16:18:59.107,10421,10422,10421,2,-2
2019-08-12 16:19:02.284,10421,10422,10422,1,1
2019-08-12 16:19:02.409,10421,10423,10421,1,-1
2019-08-12 16:19:03.354,10421,10422,10421,1,-1
2019-08-12 16:19:04.176,10421,10422,10422,1,1
2019-08-12 16:19:04.219,10421,10422,10421,1,-1
2019-08-12 16:19:06.528,10421,10422,10421,1,-1
2019-08-12 16:19:07.418,10421,10422,10422,1,1
2019-08-12 16:19:07.681,10421,10422,10421,1,-1
2019-08-12 16:19:07.724,10421,10422,10422,2,2
2019-08-12 16:19:07.724,10421,10422,10423,3,3
2019-08-12 16:19:08.164,10421,10422,10422,1,1
2019-08-12 16:19:08.552,10421,10422,10422,1,1
2019-08-12 16:19:10.486,10421,10423,10421,1,-1
2019-08-12 16:19:10.829,10421,10423,10423,3,3
2019-08-12 16:19:12.055,10421,10422,10422,1,1
2019-08-12 16:19:12.149,10421,10422,10422,1,1
2019-08-12 16:19:12.726,10421,10422,10422,1,1
2019-08-12 16:19:12.727,10421,10422,10422,1,1
2019-08-12 16:19:13.252,10421,10422,10421,10,-10
2019-08-12 16:19:13.501,10421,10422,10421,1,-1
2019-08-12 16:19:13.501,10421,10422,10420,5,-5
2019-08-12 16:19:13.525,10420,10422,10420,1,-1
2019-08-12 16:19:16.771,10421,10422,10421,1,1
2019-08-12 16:19:19.125,10421,10422,10421,6,-6
2019-08-12 16:19:23.873,10421,10422,10421,1,-1
2019-08-12 16:19:23.917,10421,10422,10421,2,-2
2019-08-12 16:19:23.998,10421,10422,10421,10,-10
2019-08-12 16:19:27.079,10421,10422,10421,1,-1
2019-08-12 16:19:27.765,10420,10422,10420,1,-1
2019-08-12 16:19:29.451,10421,10422,10421,1,1
2019-08-12 16:19:31.439,10420,10421,10421,1,1
2019-08-12 16:19:36.117,10420,10421,10421,1,1
2019-08-12 16:19:39.024,10420,10421,10420,4,-4
2019-08-12 16:19:42.732,10420,10421,10420,4,-4
2019-08-12 16:19:42.756,10420,10421,10420,2,-2
2019-08-12 16:19:42.774,10420,10421,10421,1,1
2019-08-12 16:19:47.040,10420,10421,10420,1,-1
2019-08-12 16:19:48.496,10420,10421,10420,9,-9
2019-08-12 16:19:49.253,10419,10420,10420,1,1
2019-08-12 16:19:49.631,10419,10420,10420,2,2
2019-08-12 16:19:53.237,10419,10420,10419,4,-4
2019-08-12 16:19:53.329,10419,10420,10419,1,-1
2019-08-12 16:19:53.378,10419,10420,10419,1,-1
2019-08-12 16:19:53.389,10419,10420,10419,1,-1
2019-08-12 16:19:53.467,10419,10420,10419,1,-1
2019-08-12 16:19:53.759,10419,10420,10419,6,-6
2019-08-12 16:19:53.780,10419,10420,10419,1,-1
2019-08-12 16:19:53.804,10419,10420,10418,1,-1
2019-08-12 16:19:53.828,10419,10420,10418,1,-1
2019-08-12 16:19:53.853,10419,10420,10418,1,-1
2019-08-12 16:19:53.914,10418,10420,10418,1,-1
2019-08-12 16:19:53.929,10418,10420,10418,1,-1
2019-08-12 16:19:53.930,10418,10420,10418,1,-1
2019-08-12 16:19:55.307,10418,10419,10419,1,1
2019-08-12 16:19:55.458,10418,10420,10419,1,-1
2019-08-12 16:19:58.055,10419,10420,10419,1,-1
2019-08-12 16:19:59.121,10419,10420,10419,1,-1
2019-08-12 16:19:59.212,10419,10420,10420,2,2
2019-08-12 16:19:59.212,10419,10420,10420,7,7
2019-08-12 16:19:59.564,10420,10421,10420,1,-1
2019-08-12 16:19:59.845,10420,10421,10420,1,-1
2019-08-12 16:20:00.285,10420,10421,10420,1,-1
2019-08-12 16:20:00.733,10419,10421,10419,2,-2
2019-08-12 16:20:01.252,10419,10420,10420,1,1
2019-08-12 16:20:01.849,10419,10420,10419,4,-4
2019-08-12 16:20:02.370,10419,10420,10419,2,-2
2019-08-12 16:20:02.532,10419,10420,10419,1,-1
2019-08-12 16:20:02.558,10419,10420,10418,1,-1
2019-08-12 16:20:02.583,10419,10420,10419,1,1
2019-08-12 16:20:03.451,10418,10419,10419,1,1
2019-08-12 16:20:03.654,10418,10419,10418,8,-8
2019-08-12 16:20:03.655,10418,10419,10418,11,-11
2019-08-12 16:20:03.739,10418,10419,10419,2,2
2019-08-12 16:20:03.740,10418,10419,10418,4,-4
2019-08-12 16:20:04.618,10418,10419,10419,7,7
2019-08-12 16:20:04.618,10418,10419,10419,1,1
2019-08-12 16:20:04.621,10418,10419,10419,3,3
2019-08-12 16:20:06.683,10418,10419,10419,5,5
2019-08-12 16:20:08.888,10419,10420,10419,1,-1
2019-08-12 16:20:11.243,10419,10420,10419,1,-1
2019-08-12 16:20:11.764,10419,10420,10420,5,5
2019-08-12 16:20:12.899,10419,10421,10419,1,-1
2019-08-12 16:20:13.361,10420,10421,10420,1,1
2019-08-12 16:20:13.456,10419,10421,10419,4,-4
2019-08-12 16:20:17.756,10420,10421,10420,1,1
2019-08-12 16:20:23.502,10419,10420,10420,2,2
2019-08-12 16:20:24.172,10420,10421,10420,1,-1
2019-08-12 16:20:24.182,10420,10421,10420,1,-1
2019-08-12 16:20:24.254,10420,10421,10420,1,-1
2019-08-12 16:20:26.153,10420,10421,10420,1,-1
2019-08-12 16:20:26.628,10419,10420,10420,3,3
2019-08-12 16:20:26.769,10420,10421,10420,1,-1
2019-08-12 16:20:32.868,10419,10421,10421,1,1
2019-08-12 16:20:34.495,10419,10420,10420,1,1
2019-08-12 16:20:34.552,10419,10420,10420,1,1
2019-08-12 16:20:36.328,10419,10420,10420,1,1
2019-08-12 16:20:38.120,10419,10421,10421,1,1
2019-08-12 16:20:38.320,10420,10421,10421,1,1
2019-08-12 16:20:39.119,10420,10421,10420,1,-1
2019-08-12 16:20:44.640,10420,10421,10421,1,1
2019-08-12 16:20:46.754,10420,10421,10420,1,-1
2019-08-12 16:20:49.463,10420,10421,10421,1,1
2019-08-12 16:20:50.344,10420,10421,10420,1,-1
2019-08-12 16:20:55.095,10420,10421,10421,1,1
2019-08-12 16:21:01.219,10420,10421,10420,7,-7
2019-08-12 16:21:01.219,10420,10421,10420,4,-4
2019-08-12 16:21:01.322,10420,10421,10421,1,1
2019-08-12 16:21:01.349,10420,10421,10420,3,-3
2019-08-12 16:21:01.362,10420,10421,10420,3,-3
2019-08-12 16:21:01.399,10420,10421,10420,1,-1
2019-08-12 16:21:01.490,10420,10421,10419,1,-1
2019-08-12 16:21:02.087,10419,10420,10420,1,1
2019-08-12 16:21:03.924,10419,10420,10420,1,1
2019-08-12 16:21:04.104,10419,10420,10420,1,1
2019-08-12 16:21:04.298,10419,10420,10420,1,1
2019-08-12 16:21:09.674,10419,10420,10420,1,1
2019-08-12 16:21:11.363,10419,10420,10419,2,-2
2019-08-12 16:21:15.065,10419,10420,10420,1,1
2019-08-12 16:21:16.462,10419,10420,10420,1,1
2019-08-12 16:21:17.721,10419,10420,10420,1,1
2019-08-12 16:21:18.019,10419,10420,10419,2,-2
2019-08-12 16:21:18.039,10419,10420,10419,1,-1
2019-08-12 16:21:18.055,10419,10420,10419,1,-1
2019-08-12 16:21:19.035,10419,10420,10419,1,-1
2019-08-12 16:21:19.888,10419,10420,10420,10,10
2019-08-12 16:21:21.375,10419,10420,10419,1,-1
2019-08-12 16:21:22.858,10419,10420,10420,1,1
2019-08-12 16:21:23.849,10419,10420,10419,1,-1
2019-08-12 16:21:24.812,10419,10420,10419,1,-1
2019-08-12 16:21:25.370,10419,10420,10420,6,6
2019-08-12 16:21:28.135,10419,10420,10420,3,3
2019-08-12 16:21:32.506,10419,10420,10419,8,-8
2019-08-12 16:21:32.826,10418,10419,10419,1,1
2019-08-12 16:21:33.257,10419,10420,10419,1,-1
2019-08-12 16:21:33.731,10419,10420,10419,1,-1
2019-08-12 16:21:34.068,10419,10420,10420,1,1
2019-08-12 16:21:36.688,10419,10420,10420,1,1
2019-08-12 16:21:38.960,10419,10420,10420,1,1
2019-08-12 16:21:40.433,10419,10420,10419,1,-1
2019-08-12 16:21:40.645,10419,10420,10420,1,1
2019-08-12 16:21:41.003,10419,10420,10420,1,1
2019-08-12 16:21:41.413,10420,10421,10420,1,-1
2019-08-12 16:21:41.413,10420,10421,10419,7,-7
2019-08-12 16:21:44.720,10419,10420,10420,1,1
2019-08-12 16:21:45.102,10419,10421,10419,5,-5
2019-08-12 16:21:47.125,10419,10421,10419,1,-1
2019-08-12 16:21:49.417,10419,10420,10420,3,3
2019-08-12 16:21:50.492,10420,10421,10420,5,-5
2019-08-12 16:21:53.338,10419,10420,10420,2,2
2019-08-12 16:21:53.338,10419,10420,10420,2,2
2019-08-12 16:22:02.656,10419,10420,10419,10,-10
2019-08-12 16:22:02.725,10419,10420,10420,1,1
2019-08-12 16:22:02.866,10419,10420,10419,3,-3
2019-08-12 16:22:04.865,10419,10420,10420,1,1
2019-08-12 16:22:06.599,10419,10420,10419,3,-3
2019-08-12 16:22:07.566,10419,10420,10419,1,-1
2019-08-12 16:22:11.316,10419,10420,10420,7,7
2019-08-12 16:22:11.316,10419,10420,10420,1,1
2019-08-12 16:22:12.154,10420,10421,10421,1,1
2019-08-12 16:22:12.181,10420,10421,10421,12,12
2019-08-12 16:22:14.502,10421,10422,10422,1,1
2019-08-12 16:22:14.502,10421,10422,10422,7,7
2019-08-12 16:22:14.502,10421,10422,10422,1,1
2019-08-12 16:22:14.502,10421,10422,10422,5,5
2019-08-12 16:22:14.502,10421,10422,10422,2,2
2019-08-12 16:22:14.502,10421,10422,10422,3,3
2019-08-12 16:22:14.502,10421,10422,10422,1,1
2019-08-12 16:22:15.567,10422,10423,10423,1,1
2019-08-12 16:22:16.812,10422,10423,10422,2,-2
2019-08-12 16:22:20.329,10421,10423,10421,1,-1
2019-08-12 16:22:23.041,10421,10422,10422,2,2
2019-08-12 16:22:27.541,10421,10422,10421,1,-1
2019-08-12 16:22:31.606,10421,10422,10422,1,1
2019-08-12 16:22:37.530,10421,10422,10422,2,2
2019-08-12 16:22:38.369,10421,10422,10422,1,1
2019-08-12 16:22:38.524,10421,10422,10421,7,-7
2019-08-12 16:22:38.649,10421,10422,10421,15,-15
2019-08-12 16:22:39.024,10420,10421,10420,2,-2
2019-08-12 16:22:39.374,10420,10421,10420,1,-1
2019-08-12 16:22:39.374,10420,10421,10420,1,-1
2019-08-12 16:22:39.374,10420,10421,10420,1,-1
2019-08-12 16:22:39.374,10420,10421,10420,1,-1
2019-08-12 16:22:39.375,10420,10421,10420,2,-2
2019-08-12 16:22:39.384,10420,10421,10420,1,-1
2019-08-12 16:22:39.385,10420,10421,10420,1,-1
2019-08-12 16:22:39.385,10420,10421,10420,3,-3
2019-08-12 16:22:39.386,10420,10421,10420,1,-1
2019-08-12 16:22:39.929,10419,10421,10421,1,1
2019-08-12 16:22:46.751,10420,10421,10420,2,-2
2019-08-12 16:22:46.899,10420,10421,10420,2,-2
2019-08-12 16:22:53.079,10419,10420,10420,1,1
2019-08-12 16:22:54.140,10419,10420,10420,2,2
2019-08-12 16:22:54.379,10419,10420,10419,4,-4
2019-08-12 16:22:54.747,10419,10420,10419,4,-4
2019-08-12 16:22:56.969,10419,10420,10419,1,-1
2019-08-12 16:22:59.767,10419,10420,10419,1,-1
2019-08-12 16:23:00.423,10419,10420,10419,1,-1
2019-08-12 16:23:10.219,10419,10420,10419,1,-1
2019-08-12 16:23:15.533,10418,10419,10418,1,-1
2019-08-12 16:23:16.127,10418,10419,10419,1,1
2019-08-12 16:23:16.816,10418,10419,10419,1,1
2019-08-12 16:23:20.013,10418,10419,10418,1,-1
2019-08-12 16:23:21.263,10418,10419,10419,1,1
2019-08-12 16:23:21.945,10418,10419,10418,4,-4
2019-08-12 16:23:21.946,10418,10419,10418,1,-1
2019-08-12 16:23:21.983,10418,10419,10418,4,-4
2019-08-12 16:23:22.024,10418,10419,10418,2,-2
2019-08-12 16:23:22.024,10418,10419,10418,4,-4
2019-08-12 16:23:22.024,10418,10419,10418,2,-2
2019-08-12 16:23:22.025,10418,10419,10418,2,-2
2019-08-12 16:23:22.025,10418,10419,10418,8,-8
2019-08-12 16:23:31.324,10417,10418,10418,1,1
2019-08-12 16:23:31.523,10417,10418,10417,1,-1
2019-08-12 16:23:31.567,10417,10418,10417,1,-1
2019-08-12 16:23:31.634,10417,10418,10417,1,-1
2019-08-12 16:23:31.999,10417,10418,10417,1,-1
2019-08-12 16:23:32.370,10417,10418,10418,1,1
2019-08-12 16:23:36.935,10417,10418,10418,1,1
2019-08-12 16:23:37.038,10417,10418,10417,2,-2
2019-08-12 16:23:37.684,10417,10418,10417,1,-1
2019-08-12 16:23:38.509,10417,10418,10417,9,-9
2019-08-12 16:23:41.077,10416,10417,10417,2,2
2019-08-12 16:23:41.232,10416,10417,10417,1,1
2019-08-12 16:23:42.938,10416,10417,10417,1,1
2019-08-12 16:23:43.175,10417,10418,10417,1,-1
2019-08-12 16:23:44.756,10416,10417,10417,2,2
2019-08-12 16:23:44.837,10417,10418,10418,8,8
2019-08-12 16:23:44.993,10417,10419,10418,2,-2
2019-08-12 16:23:45.073,10418,10419,10418,1,-1
2019-08-12 16:23:45.775,10418,10419,10419,2,2
2019-08-12 16:23:47.265,10418,10419,10419,1,1
2019-08-12 16:23:50.747,10418,10419,10419,1,1
2019-08-12 16:23:50.748,10418,10419,10419,2,2
2019-08-12 16:23:51.552,10419,10420,10420,1,1
2019-08-12 16:23:52.622,10419,10420,10419,1,-1
2019-08-12 16:23:52.670,10419,10420,10419,5,-5
2019-08-12 16:23:54.660,10419,10420,10420,2,2
2019-08-12 16:23:54.660,10419,10420,10420,1,1
2019-08-12 16:23:55.087,10419,10420,10419,5,-5
2019-08-12 16:23:59.469,10419,10420,10420,1,1
2019-08-12 16:24:02.505,10419,10420,10420,7,7
2019-08-12 16:24:02.832,10419,10420,10419,2,-2
2019-08-12 16:24:02.968,10419,10420,10419,1,-1
2019-08-12 16:24:03.036,10418,10420,10419,1,-1
2019-08-12 16:24:03.913,10418,10419,10418,1,-1
2019-08-12 16:24:11.360,10418,10419,10418,1,-1
2019-08-12 16:24:11.361,10418,10419,10418,5,-5
2019-08-12 16:24:11.399,10418,10419,10418,1,-1
2019-08-12 16:24:11.421,10418,10419,10418,1,-1
2019-08-12 16:24:12.996,10417,10418,10418,1,1
2019-08-12 16:24:13.714,10417,10418,10419,1,1
2019-08-12 16:24:17.955,10417,10418,10418,1,1
2019-08-12 16:24:18.546,10417,10418,10418,1,1
2019-08-12 16:24:20.024,10417,10418,10417,20,-20
2019-08-12 16:24:20.354,10417,10418,10417,2,-2
2019-08-12 16:24:20.508,10417,10418,10417,2,-2
2019-08-12 16:24:28.039,10416,10417,10417,1,1
2019-08-12 16:24:28.513,10416,10418,10416,1,-1
2019-08-12 16:24:28.542,10416,10418,10416,18,-18
2019-08-12 16:24:28.563,10416,10418,10416,1,-1
2019-08-12 16:24:28.797,10416,10417,10416,1,-1
2019-08-12 16:24:29.114,10415,10417,10415,1,-1
2019-08-12 16:24:29.182,10415,10417,10415,4,-4
2019-08-12 16:24:29.190,10415,10417,10415,1,-1
2019-08-12 16:24:29.239,10415,10417,10415,1,-1
2019-08-12 16:24:29.265,10415,10417,10415,1,-1
2019-08-12 16:24:29.282,10415,10417,10417,1,1
2019-08-12 16:24:29.296,10415,10417,10417,1,1
2019-08-12 16:24:29.344,10415,10417,10415,2,-2
2019-08-12 16:24:29.358,10415,10417,10415,1,-1
2019-08-12 16:24:29.499,10415,10417,10415,12,-12
2019-08-12 16:24:29.526,10415,10417,10415,2,-2
2019-08-12 16:24:29.813,10415,10417,10415,1,-1
2019-08-12 16:24:32.933,10416,10417,10417,1,1
2019-08-12 16:24:33.662,10417,10418,10417,1,-1
2019-08-12 16:24:34.246,10417,10418,10417,1,-1
2019-08-12 16:24:36.426,10416,10417,10416,1,-1
2019-08-12 16:24:39.150,10416,10417,10416,2,-2
2019-08-12 16:24:40.626,10416,10417,10416,1,-1
2019-08-12 16:24:41.325,10416,10417,10416,1,-1
2019-08-12 16:24:41.539,10416,10417,10416,1,-1
2019-08-12 16:24:42.186,10416,10417,10416,1,-1
2019-08-12 16:24:44.852,10416,10417,10416,1,-1
2019-08-12 16:24:45.119,10416,10417,10416,2,-2
2019-08-12 16:24:45.563,10416,10417,10417,1,1
2019-08-12 16:24:49.987,10416,10417,10417,1,1
2019-08-12 16:24:50.083,10416,10417,10417,7,7
2019-08-12 16:24:54.626,10417,10418,10417,2,-2
2019-08-12 16:24:55.375,10417,10418,10417,2,-2
2019-08-12 16:24:57.284,10417,10418,10417,1,-1
2019-08-12 16:24:59.053,10417,10418,10417,1,-1
2019-08-12 16:24:59.963,10416,10417,10417,1,1
2019-08-12 16:25:03.490,10416,10417,10417,1,1
2019-08-12 16:25:03.728,10416,10417,10416,8,-8
2019-08-12 16:25:03.952,10415,10416,10415,4,-4
2019-08-12 16:25:04.024,10415,10416,10415,2,-2
2019-08-12 16:25:04.024,10415,10416,10415,4,-4
2019-08-12 16:25:04.192,10414,10415,10414,2,-2
2019-08-12 16:25:04.829,10414,10416,10416,1,1
2019-08-12 16:25:05.254,10414,10416,10416,1,1
2019-08-12 16:25:08.539,10414,10415,10415,1,1
2019-08-12 16:25:08.846,10414,10415,10415,1,1
2019-08-12 16:25:13.258,10414,10415,10415,1,1
2019-08-12 16:25:13.487,10414,10415,10415,1,1
2019-08-12 16:25:13.681,10414,10415,10415,1,1
2019-08-12 16:25:14.397,10414,10415,10414,5,-5
2019-08-12 16:25:15.874,10414,10415,10414,2,-2
2019-08-12 16:25:16.857,10414,10415,10414,3,-3
2019-08-12 16:25:18.235,10414,10415,10414,3,-3
2019-08-12 16:25:18.235,10414,10415,10414,1,-1
2019-08-12 16:25:18.236,10414,10415,10414,4,-4
2019-08-12 16:25:18.237,10414,10415,10414,1,-1
2019-08-12 16:25:18.274,10414,10415,10414,14,-14
2019-08-12 16:25:18.274,10414,10415,10414,3,-3
2019-08-12 16:25:20.057,10413,10414,10414,1,1
2019-08-12 16:25:22.000,10413,10414,10414,1,1
2019-08-12 16:25:22.000,10413,10414,10414,1,1
2019-08-12 16:25:23.024,10413,10414,10414,1,1
2019-08-12 16:25:24.482,10413,10415,10413,1,-1
2019-08-12 16:25:24.853,10414,10415,10414,1,1
2019-08-12 16:25:24.853,10414,10415,10413,15,-15
2019-08-12 16:25:25.817,10413,10414,10414,1,1
2019-08-12 16:25:25.934,10413,10415,10413,1,-1
2019-08-12 16:25:26.601,10413,10415,10415,1,1
2019-08-12 16:25:26.763,10413,10415,10415,1,1
2019-08-12 16:25:27.623,10413,10414,10414,1,1
2019-08-12 16:25:28.509,10414,10415,10414,1,-1
2019-08-12 16:25:29.000,10413,10415,10413,3,-3
2019-08-12 16:25:31.306,10414,10415,10414,7,7
2019-08-12 16:25:31.394,10414,10415,10413,1,-1
2019-08-12 16:25:31.961,10413,10414,10413,5,-5
2019-08-12 16:25:32.219,10413,10414,10414,1,1
2019-08-12 16:25:32.219,10413,10414,10414,1,1
2019-08-12 16:25:32.220,10413,10414,10414,1,1
2019-08-12 16:25:35.118,10414,10415,10414,1,-1
2019-08-12 16:25:35.118,10414,10415,10413,1,-1
2019-08-12 16:25:38.032,10413,10414,10414,1,1
2019-08-12 16:25:39.121,10413,10414,10413,1,-1
2019-08-12 16:25:40.768,10413,10414,10413,1,-1
2019-08-12 16:25:41.271,10413,10414,10414,2,2
2019-08-12 16:25:41.736,10413,10414,10414,2,2
2019-08-12 16:25:42.132,10413,10414,10413,1,-1
2019-08-12 16:25:42.774,10413,10414,10414,1,1
2019-08-12 16:25:43.499,10414,10415,10414,1,-1
2019-08-12 16:25:47.189,10414,10415,10414,4,-4
2019-08-12 16:25:47.448,10414,10415,10414,1,-1
2019-08-12 16:25:48.122,10414,10415,10414,1,-1
2019-08-12 16:25:48.208,10414,10415,10414,1,-1
2019-08-12 16:25:48.926,10413,10415,10413,1,-1
2019-08-12 16:25:49.267,10413,10415,10415,2,2
2019-08-12 16:25:49.668,10413,10414,10414,1,1
2019-08-12 16:25:49.899,10413,10414,10414,1,1
2019-08-12 16:25:50.314,10413,10414,10414,1,1
2019-08-12 16:25:51.439,10414,10415,10414,1,-1
2019-08-12 16:25:51.483,10414,10415,10414,1,-1
2019-08-12 16:25:51.483,10414,10415,10413,3,-3
2019-08-12 16:25:51.891,10413,10414,10414,1,1
2019-08-12 16:25:52.150,10413,10414,10413,2,-2
2019-08-12 16:25:52.720,10413,10414,10413,2,-2
2019-08-12 16:25:52.732,10413,10414,10413,1,-1
2019-08-12 16:25:53.721,10412,10413,10413,1,1
2019-08-12 16:25:53.756,10412,10413,10413,1,1
2019-08-12 16:25:59.736,10412,10413,10412,5,-5
2019-08-12 16:25:59.776,10412,10413,10412,2,-2
2019-08-12 16:25:59.831,10412,10413,10413,1,1
2019-08-12 16:25:59.843,10412,10413,10412,2,-2
2019-08-12 16:25:59.843,10412,10413,10411,2,-2
2019-08-12 16:25:59.858,10412,10413,10411,4,-4
2019-08-12 16:26:00.155,10411,10412,10411,1,-1
2019-08-12 16:26:00.169,10411,10412,10412,1,1
2019-08-12 16:26:00.442,10411,10412,10411,1,-1
2019-08-12 16:26:01.450,10411,10412,10411,1,-1
2019-08-12 16:26:01.864,10411,10412,10411,4,-4
2019-08-12 16:26:01.881,10411,10412,10411,1,-1
2019-08-12 16:26:01.907,10411,10412,10411,1,-1
2019-08-12 16:26:01.921,10411,10412,10411,1,-1
2019-08-12 16:26:01.928,10411,10412,10410,1,-1
2019-08-12 16:26:01.928,10411,10412,10410,1,-1
2019-08-12 16:26:01.928,10411,10412,10410,1,-1
2019-08-12 16:26:02.083,10410,10412,10410,1,-1
2019-08-12 16:26:02.101,10410,10412,10410,1,-1
2019-08-12 16:26:02.199,10410,10411,10410,1,-1
2019-08-12 16:26:02.358,10410,10411,10410,1,-1
2019-08-12 16:26:02.530,10410,10411,10411,1,1
2019-08-12 16:26:02.714,10410,10411,10411,1,1
2019-08-12 16:26:02.775,10410,10411,10410,1,-1
2019-08-12 16:26:02.798,10410,10411,10411,1,1
2019-08-12 16:26:02.799,10410,10411,10411,1,1
2019-08-12 16:26:03.132,10410,10411,10410,1,-1
2019-08-12 16:26:03.725,10410,10411,10410,1,-1
2019-08-12 16:26:03.874,10410,10411,10410,2,-2
2019-08-12 16:26:04.406,10410,10411,10411,1,1
2019-08-12 16:26:05.835,10410,10411,10410,5,-5
2019-08-12 16:26:06.561,10410,10411,10411,1,1
2019-08-12 16:26:06.691,10410,10411,10411,1,1
2019-08-12 16:26:06.694,10410,10411,10411,4,4
2019-08-12 16:26:06.695,10410,10411,10411,1,1
2019-08-12 16:26:06.696,10410,10411,10411,1,1
2019-08-12 16:26:06.697,10410,10411,10411,1,1
2019-08-12 16:26:07.184,10411,10412,10411,1,-1
2019-08-12 16:26:07.426,10411,10412,10411,4,-4
2019-08-12 16:26:07.567,10411,10412,10411,1,-1
2019-08-12 16:26:11.408,10411,10412,10411,4,-4
2019-08-12 16:26:11.451,10411,10412,10412,2,2
2019-08-12 16:26:11.774,10411,10412,10412,9,9
2019-08-12 16:26:12.029,10412,10413,10412,2,-2
2019-08-12 16:26:12.149,10411,10412,10412,2,2
2019-08-12 16:26:12.228,10411,10412,10412,1,1
2019-08-12 16:26:12.457,10412,10413,10412,3,-3
2019-08-12 16:26:12.457,10412,10413,10411,1,-1
2019-08-12 16:26:12.899,10411,10412,10412,1,1
2019-08-12 16:26:13.633,10412,10413,10412,2,-2
2019-08-12 16:26:14.090,10412,10413,10413,2,2
2019-08-12 16:26:14.821,10412,10413,10413,1,1
2019-08-12 16:26:14.942,10412,10413,10412,3,-3
2019-08-12 16:26:16.843,10412,10413,10413,2,2
2019-08-12 16:26:17.000,10412,10413,10412,1,-1
2019-08-12 16:26:18.798,10412,10413,10412,1,-1
2019-08-12 16:26:18.799,10412,10413,10412,1,-1
2019-08-12 16:26:18.802,10412,10413,10412,1,-1
2019-08-12 16:26:20.123,10412,10413,10412,1,-1
2019-08-12 16:26:20.905,10412,10413,10412,1,-1
2019-08-12 16:26:20.914,10412,10413,10412,1,-1
2019-08-12 16:26:22.365,10412,10413,10412,1,-1
2019-08-12 16:26:22.383,10412,10413,10412,1,-1
2019-08-12 16:26:22.567,10412,10413,10413,1,1
2019-08-12 16:26:22.567,10412,10413,10413,1,1
2019-08-12 16:26:22.649,10412,10413,10413,2,2
2019-08-12 16:26:22.649,10412,10413,10413,2,2
2019-08-12 16:26:22.649,10412,10413,10413,4,4
2019-08-12 16:26:22.839,10412,10414,10413,1,-1
2019-08-12 16:26:26.634,10413,10414,10414,1,1
2019-08-12 16:26:30.181,10413,10414,10413,1,-1
2019-08-12 16:26:31.172,10413,10414,10413,2,-2
2019-08-12 16:26:31.762,10413,10414,10414,1,1
2019-08-12 16:26:34.675,10413,10414,10414,6,6
2019-08-12 16:26:34.675,10413,10414,10414,1,1
2019-08-12 16:26:34.675,10413,10414,10414,6,6
2019-08-12 16:26:36.709,10413,10414,10413,1,-1
2019-08-12 16:26:41.401,10413,10414,10413,2,-2
2019-08-12 16:26:43.762,10413,10414,10413,1,-1
2019-08-12 16:26:43.925,10413,10414,10414,1,1
2019-08-12 16:26:47.876,10413,10414,10413,2,-2
2019-08-12 16:26:50.334,10413,10414,10414,2,2
2019-08-12 16:26:52.099,10413,10414,10414,1,1
2019-08-12 16:27:03.145,10414,10415,10414,3,-3
2019-08-12 16:27:03.150,10414,10415,10414,1,-1
2019-08-12 16:27:04.278,10413,10414,10413,2,-2
2019-08-12 16:27:04.409,10413,10414,10413,5,-5
2019-08-12 16:27:17.377,10413,10414,10413,1,-1
2019-08-12 16:27:22.324,10413,10414,10413,2,-2
2019-08-12 16:27:26.848,10413,10414,10414,1,1
2019-08-12 16:27:27.324,10413,10414,10413,4,-4
2019-08-12 16:27:34.617,10413,10414,10414,1,1
2019-08-12 16:27:41.885,10413,10414,10413,2,-2
2019-08-12 16:27:44.561,10413,10414,10414,1,1
2019-08-12 16:27:45.139,10413,10414,10413,2,-2
2019-08-12 16:27:50.033,10413,10414,10413,6,-6
2019-08-12 16:27:50.034,10413,10414,10413,1,-1
2019-08-12 16:27:50.205,10413,10414,10413,1,-1
2019-08-12 16:27:50.205,10413,10414,10413,1,-1
2019-08-12 16:27:50.206,10413,10414,10413,6,-6
2019-08-12 16:27:50.351,10412,10413,10413,1,1
2019-08-12 16:27:54.293,10412,10413,10413,1,1
2019-08-12 16:27:55.016,10412,10413,10413,1,1
2019-08-12 16:27:55.289,10412,10413,10412,1,-1
2019-08-12 16:27:55.560,10412,10413,10413,2,2
2019-08-12 16:27:57.077,10412,10413,10412,1,-1
2019-08-12 16:28:01.103,10412,10413,10413,1,1
2019-08-12 16:28:01.144,10412,10413,10413,2,2
2019-08-12 16:28:01.197,10412,10413,10413,2,2
2019-08-12 16:28:01.198,10412,10413,10413,1,1
2019-08-12 16:28:01.517,10413,10414,10413,1,-1
2019-08-12 16:28:01.522,10413,10414,10413,3,-3
2019-08-12 16:28:02.663,10412,10413,10412,1,-1
2019-08-12 16:28:03.392,10412,10413,10413,1,1
2019-08-12 16:28:03.400,10412,10413,10413,1,1
2019-08-12 16:28:05.288,10412,10413,10413,1,1
2019-08-12 16:28:05.518,10412,10413,10412,1,-1
2019-08-12 16:28:07.091,10412,10413,10413,8,8
2019-08-12 16:28:07.149,10412,10413,10413,1,1
2019-08-12 16:28:10.856,10413,10414,10414,14,14
2019-08-12 16:28:20.529,10414,10415,10415,1,1
2019-08-12 16:28:20.735,10414,10415,10414,1,-1
2019-08-12 16:28:24.438,10414,10415,10415,17,17
2019-08-12 16:28:25.498,10414,10415,10415,2,2
2019-08-12 16:28:27.180,10414,10416,10416,2,2
2019-08-12 16:28:27.424,10415,10416,10415,1,-1
2019-08-12 16:28:30.080,10415,10416,10416,1,1
