2024-11-22 15:00:00.041,23064,23067,23064,122,-122
2024-11-22 15:00:00.042,23063,23065,23063,2,-2
2024-11-22 15:00:00.053,23063,23065,23065,1,1
2024-11-22 15:00:00.053,23063,23065,23065,1,1
2024-11-22 15:00:00.053,23063,23065,23065,1,1
2024-11-22 15:00:00.053,23063,23065,23062,1,-1
2024-11-22 15:00:00.053,23063,23065,23061,4,-4
2024-11-22 15:00:00.053,23063,23065,23060,1,-1
2024-11-22 15:00:00.053,23063,23065,23058,1,-1
2024-11-22 15:00:00.053,23063,23065,23065,2,2
2024-11-22 15:00:00.054,23063,23065,23065,1,1
2024-11-22 15:00:00.100,23057,23065,23066,5,5
2024-11-22 15:00:00.124,23057,23066,23065,2,2
2024-11-22 15:00:00.139,23057,23066,23064,2,2
2024-11-22 15:00:00.139,23057,23066,23064,1,1
2024-11-22 15:00:00.139,23057,23066,23062,1,1
2024-11-22 15:00:00.139,23057,23066,23061,1,-1
2024-11-22 15:00:00.141,23057,23066,23065,1,1
2024-11-22 15:00:00.141,23057,23066,23065,1,1
2024-11-22 15:00:00.143,23057,23066,23065,1,1
2024-11-22 15:00:00.151,23057,23066,23064,4,4
2024-11-22 15:00:00.151,23057,23066,23065,1,1
2024-11-22 15:00:00.158,23057,23066,23065,1,1
2024-11-22 15:00:00.159,23057,23066,23065,1,1
2024-11-22 15:00:00.170,23057,23066,23061,1,-1
2024-11-22 15:00:00.175,23057,23066,23065,2,2
2024-11-22 15:00:00.190,23057,23066,23066,1,1
2024-11-22 15:00:00.190,23057,23066,23067,2,2
2024-11-22 15:00:00.192,23064,23068,23068,5,5
2024-11-22 15:00:00.192,23064,23068,23069,3,3
2024-11-22 15:00:00.196,23064,23068,23067,1,1
2024-11-22 15:00:00.212,23064,23068,23069,1,1
2024-11-22 15:00:00.213,23064,23068,23069,1,1
2024-11-22 15:00:00.220,23064,23068,23069,1,1
2024-11-22 15:00:00.231,23064,23068,23069,1,1
2024-11-22 15:00:00.237,23064,23068,23069,1,1
2024-11-22 15:00:00.242,23064,23068,23069,1,1
2024-11-22 15:00:00.276,23064,23068,23070,1,1
2024-11-22 15:00:00.299,23064,23068,23070,2,2
2024-11-22 15:00:00.313,23064,23068,23070,1,1
2024-11-22 15:00:00.321,23066,23070,23070,4,4
2024-11-22 15:00:00.322,23066,23070,23071,5,5
2024-11-22 15:00:00.324,23066,23070,23072,2,2
2024-11-22 15:00:00.324,23066,23070,23072,3,3
2024-11-22 15:00:00.337,23066,23070,23073,4,4
2024-11-22 15:00:00.337,23066,23070,23073,1,1
2024-11-22 15:00:00.350,23066,23070,23074,1,1
2024-11-22 15:00:00.350,23066,23070,23074,1,1
2024-11-22 15:00:00.356,23066,23070,23075,5,5
2024-11-22 15:00:00.357,23066,23070,23075,1,1
2024-11-22 15:00:00.358,23066,23070,23076,2,2
2024-11-22 15:00:00.359,23066,23070,23076,4,4
2024-11-22 15:00:00.373,23066,23070,23077,1,1
2024-11-22 15:00:00.373,23066,23070,23077,1,1
2024-11-22 15:00:00.383,23066,23070,23078,1,1
2024-11-22 15:00:00.383,23066,23070,23079,1,1
2024-11-22 15:00:00.398,23066,23070,23079,1,1
2024-11-22 15:00:00.414,23066,23070,23079,3,3
2024-11-22 15:00:00.415,23066,23070,23079,1,1
2024-11-22 15:00:00.418,23066,23070,23079,1,1
2024-11-22 15:00:00.418,23066,23070,23080,3,3
2024-11-22 15:00:00.425,23066,23070,23080,5,5
2024-11-22 15:00:00.426,23066,23070,23080,1,1
2024-11-22 15:00:00.438,23066,23070,23081,1,1
2024-11-22 15:00:00.445,23071,23081,23081,2,2
2024-11-22 15:00:00.445,23071,23081,23082,4,4
2024-11-22 15:00:00.445,23071,23081,23083,2,2
2024-11-22 15:00:00.454,23071,23081,23084,1,1
2024-11-22 15:00:00.457,23071,23081,23084,1,1
2024-11-22 15:00:00.458,23071,23081,23084,2,2
2024-11-22 15:00:00.461,23071,23081,23084,1,1
2024-11-22 15:00:00.473,23071,23081,23084,1,1
2024-11-22 15:00:00.474,23071,23081,23084,1,1
2024-11-22 15:00:00.503,23071,23081,23084,2,2
2024-11-22 15:00:00.504,23071,23081,23077,3,3
2024-11-22 15:00:00.508,23071,23081,23084,1,1
2024-11-22 15:00:00.539,23071,23081,23084,1,1
2024-11-22 15:00:00.547,23071,23081,23085,1,1
2024-11-22 15:00:00.549,23071,23081,23085,1,1
2024-11-22 15:00:00.559,23071,23081,23085,2,2
2024-11-22 15:00:00.570,23077,23085,23085,1,1
2024-11-22 15:00:00.573,23077,23085,23086,1,1
2024-11-22 15:00:00.573,23077,23085,23086,3,3
2024-11-22 15:00:00.573,23077,23085,23087,2,2
2024-11-22 15:00:00.601,23077,23085,23087,2,2
2024-11-22 15:00:00.601,23077,23085,23087,4,4
2024-11-22 15:00:00.621,23077,23085,23088,1,1
2024-11-22 15:00:00.621,23077,23085,23088,3,3
2024-11-22 15:00:00.636,23077,23085,23088,2,2
2024-11-22 15:00:00.638,23077,23085,23088,2,2
2024-11-22 15:00:00.638,23077,23085,23088,1,1
2024-11-22 15:00:00.645,23077,23085,23089,1,1
2024-11-22 15:00:00.659,23077,23085,23089,2,2
2024-11-22 15:00:00.661,23077,23085,23089,1,1
2024-11-22 15:00:00.685,23077,23085,23089,1,1
2024-11-22 15:00:00.692,23082,23089,23082,1,-1
2024-11-22 15:00:00.693,23082,23089,23088,2,2
2024-11-22 15:00:00.698,23082,23089,23088,1,1
2024-11-22 15:00:00.700,23082,23089,23086,1,1
2024-11-22 15:00:00.722,23082,23089,23088,1,1
2024-11-22 15:00:00.723,23082,23089,23085,4,-4
2024-11-22 15:00:00.723,23082,23089,23088,1,1
2024-11-22 15:00:00.723,23082,23089,23089,1,1
2024-11-22 15:00:00.726,23082,23089,23089,1,1
2024-11-22 15:00:00.726,23082,23089,23089,1,1
2024-11-22 15:00:00.727,23082,23089,23090,1,1
2024-11-22 15:00:00.728,23082,23089,23091,5,5
2024-11-22 15:00:00.728,23082,23089,23090,24,24
2024-11-22 15:00:00.740,23082,23089,23092,1,1
2024-11-22 15:00:00.750,23082,23089,23092,1,1
2024-11-22 15:00:00.792,23082,23089,23091,1,1
2024-11-22 15:00:00.827,23086,23092,23091,1,1
2024-11-22 15:00:00.827,23086,23092,23092,1,1
2024-11-22 15:00:00.827,23086,23092,23093,1,1
2024-11-22 15:00:00.837,23086,23092,23093,2,2
2024-11-22 15:00:00.854,23086,23092,23093,1,1
2024-11-22 15:00:00.875,23086,23092,23093,1,1
2024-11-22 15:00:00.883,23086,23092,23094,2,2
2024-11-22 15:00:00.893,23086,23092,23094,1,1
2024-11-22 15:00:00.938,23086,23092,23094,1,1
2024-11-22 15:00:00.945,23090,23094,23094,2,2
2024-11-22 15:00:00.945,23090,23094,23094,2,2
2024-11-22 15:00:00.946,23090,23094,23094,2,2
2024-11-22 15:00:00.947,23090,23094,23094,1,1
2024-11-22 15:00:00.948,23090,23094,23094,1,1
2024-11-22 15:00:00.957,23090,23094,23094,2,2
2024-11-22 15:00:00.960,23090,23094,23094,1,1
2024-11-22 15:00:00.963,23090,23094,23095,1,1
2024-11-22 15:00:00.964,23090,23094,23094,1,1
2024-11-22 15:00:00.970,23090,23094,23095,2,2
2024-11-22 15:00:01.006,23090,23094,23091,20,-20
2024-11-22 15:00:01.007,23090,23094,23091,6,-6
2024-11-22 15:00:01.009,23090,23094,23091,1,-1
2024-11-22 15:00:01.045,23090,23094,23093,4,4
2024-11-22 15:00:01.068,23086,23093,23093,1,1
2024-11-22 15:00:01.070,23086,23093,23094,1,1
2024-11-22 15:00:01.176,23086,23093,23095,4,4
2024-11-22 15:00:01.176,23086,23093,23096,1,1
2024-11-22 15:00:01.223,23089,23096,23095,1,1
2024-11-22 15:00:01.265,23089,23096,23093,1,1
2024-11-22 15:00:01.266,23089,23096,23093,1,1
2024-11-22 15:00:01.266,23089,23096,23092,1,-1
2024-11-22 15:00:01.274,23089,23096,23094,1,1
2024-11-22 15:00:01.275,23089,23096,23091,1,-1
2024-11-22 15:00:01.276,23089,23096,23094,1,1
2024-11-22 15:00:01.276,23089,23096,23095,1,1
2024-11-22 15:00:01.276,23089,23096,23096,2,2
2024-11-22 15:00:01.277,23089,23096,23091,2,-2
2024-11-22 15:00:01.320,23090,23094,23094,1,1
2024-11-22 15:00:01.321,23090,23094,23091,1,-1
2024-11-22 15:00:01.322,23090,23094,23094,1,1
2024-11-22 15:00:01.351,23090,23094,23095,1,1
2024-11-22 15:00:01.358,23090,23094,23090,7,-7
2024-11-22 15:00:01.385,23090,23094,23089,11,-11
2024-11-22 15:00:01.385,23090,23094,23090,1,-1
2024-11-22 15:00:01.385,23090,23094,23093,1,1
2024-11-22 15:00:01.452,23087,23094,23087,1,-1
2024-11-22 15:00:01.493,23087,23094,23093,1,1
2024-11-22 15:00:01.509,23087,23094,23094,1,1
2024-11-22 15:00:01.509,23087,23094,23095,3,3
2024-11-22 15:00:01.513,23087,23094,23095,1,1
2024-11-22 15:00:01.526,23087,23094,23094,1,1
2024-11-22 15:00:01.544,23087,23094,23095,1,1
2024-11-22 15:00:01.544,23087,23094,23095,1,1
2024-11-22 15:00:01.545,23087,23094,23095,1,1
2024-11-22 15:00:01.571,23086,23095,23090,1,-1
2024-11-22 15:00:01.573,23086,23095,23090,2,-2
2024-11-22 15:00:01.575,23086,23095,23095,1,1
2024-11-22 15:00:01.581,23086,23095,23095,1,1
2024-11-22 15:00:01.676,23086,23095,23095,1,1
2024-11-22 15:00:01.717,23087,23095,23087,2,-2
2024-11-22 15:00:01.727,23087,23095,23093,1,1
2024-11-22 15:00:01.909,23086,23095,23092,1,1
2024-11-22 15:00:01.914,23086,23095,23086,1,-1
2024-11-22 15:00:02.073,23082,23088,23088,1,1
2024-11-22 15:00:02.078,23082,23088,23088,1,1
2024-11-22 15:00:02.078,23082,23088,23087,1,1
2024-11-22 15:00:02.202,23082,23090,23085,1,-1
2024-11-22 15:00:02.203,23082,23090,23084,1,-1
2024-11-22 15:00:02.204,23082,23090,23083,1,-1
2024-11-22 15:00:02.204,23082,23090,23082,1,-1
2024-11-22 15:00:02.204,23082,23090,23080,3,-3
2024-11-22 15:00:02.228,23082,23090,23079,1,-1
2024-11-22 15:00:02.228,23082,23090,23078,1,-1
2024-11-22 15:00:02.245,23082,23090,23078,1,-1
2024-11-22 15:00:02.250,23082,23090,23078,1,-1
2024-11-22 15:00:02.475,23078,23082,23079,1,-1
2024-11-22 15:00:02.593,23079,23084,23079,1,-1
2024-11-22 15:00:02.670,23079,23084,23078,1,-1
2024-11-22 15:00:02.772,23078,23081,23081,1,1
2024-11-22 15:00:02.795,23078,23081,23078,2,-2
2024-11-22 15:00:03.087,23078,23082,23082,1,1
2024-11-22 15:00:03.263,23078,23083,23082,1,1
2024-11-22 15:00:03.315,23078,23083,23078,3,-3
2024-11-22 15:00:03.368,23078,23082,23078,1,-1
2024-11-22 15:00:03.453,23076,23081,23081,1,1
2024-11-22 15:00:03.453,23076,23081,23082,5,5
2024-11-22 15:00:03.455,23076,23081,23079,1,1
2024-11-22 15:00:03.555,23076,23081,23082,3,3
2024-11-22 15:00:03.679,23076,23084,23084,1,1
2024-11-22 15:00:03.745,23080,23084,23080,1,-1
2024-11-22 15:00:03.745,23080,23084,23081,1,-1
2024-11-22 15:00:03.813,23080,23084,23079,1,-1
2024-11-22 15:00:03.813,23080,23084,23076,1,-1
2024-11-22 15:00:03.906,23076,23082,23082,1,1
2024-11-22 15:00:04.124,23076,23080,23080,1,1
2024-11-22 15:00:04.196,23076,23081,23081,1,1
2024-11-22 15:00:04.285,23076,23081,23082,2,2
2024-11-22 15:00:04.341,23078,23082,23082,1,1
2024-11-22 15:00:04.341,23078,23082,23082,6,6
2024-11-22 15:00:04.342,23078,23082,23080,1,1
2024-11-22 15:00:04.342,23078,23082,23080,1,1
2024-11-22 15:00:04.342,23078,23082,23079,1,-1
2024-11-22 15:00:04.342,23078,23082,23079,1,-1
2024-11-22 15:00:04.342,23078,23082,23083,1,1
2024-11-22 15:00:04.446,23078,23084,23081,1,1
2024-11-22 15:00:04.446,23078,23084,23082,1,1
2024-11-22 15:00:04.533,23078,23084,23085,1,1
2024-11-22 15:00:04.644,23080,23087,23080,2,-2
2024-11-22 15:00:04.644,23080,23087,23079,2,-2
2024-11-22 15:00:04.644,23080,23087,23078,2,-2
2024-11-22 15:00:04.755,23077,23084,23084,1,1
2024-11-22 15:00:05.305,23077,23082,23082,1,1
2024-11-22 15:00:05.592,23079,23083,23082,1,1
2024-11-22 15:00:05.640,23079,23083,23079,1,-1
2024-11-22 15:00:05.746,23077,23080,23077,2,-2
2024-11-22 15:00:05.843,23075,23079,23077,2,-2
2024-11-22 15:00:05.846,23075,23079,23077,1,-1
2024-11-22 15:00:06.014,23075,23079,23075,4,-4
2024-11-22 15:00:06.016,23075,23079,23073,1,-1
2024-11-22 15:00:06.085,23072,23075,23072,1,-1
2024-11-22 15:00:06.165,23072,23075,23072,2,-2
2024-11-22 15:00:06.165,23072,23075,23073,1,-1
2024-11-22 15:00:06.255,23071,23075,23075,2,2
2024-11-22 15:00:06.255,23071,23075,23076,1,1
2024-11-22 15:00:06.459,23073,23077,23077,1,1
2024-11-22 15:00:06.459,23073,23077,23078,2,2
2024-11-22 15:00:07.423,23073,23077,23074,1,-1
2024-11-22 15:00:07.543,23073,23077,23073,1,-1
2024-11-22 15:00:07.686,23073,23077,23075,1,-1
2024-11-22 15:00:07.687,23073,23077,23073,1,-1
2024-11-22 15:00:07.919,23072,23075,23072,1,-1
2024-11-22 15:00:07.927,23072,23075,23072,1,-1
2024-11-22 15:00:07.927,23072,23075,23071,1,-1
2024-11-22 15:00:07.929,23072,23075,23075,1,1
2024-11-22 15:00:07.968,23073,23076,23076,2,2
2024-11-22 15:00:08.004,23073,23076,23077,1,1
2024-11-22 15:00:08.005,23073,23076,23077,9,9
2024-11-22 15:00:08.008,23073,23076,23076,1,1
2024-11-22 15:00:08.058,23073,23076,23076,1,1
2024-11-22 15:00:08.058,23073,23076,23077,1,1
2024-11-22 15:00:08.117,23074,23077,23075,1,-1
2024-11-22 15:00:08.178,23074,23077,23074,1,-1
2024-11-22 15:00:08.188,23074,23077,23074,2,-2
2024-11-22 15:00:08.188,23074,23077,23073,2,-2
2024-11-22 15:00:08.188,23074,23077,23072,2,-2
2024-11-22 15:00:08.328,23072,23075,23072,3,-3
2024-11-22 15:00:08.379,23072,23075,23075,1,1
2024-11-22 15:00:08.380,23072,23075,23075,1,1
2024-11-22 15:00:08.405,23072,23075,23076,1,1
2024-11-22 15:00:08.405,23072,23075,23077,4,4
2024-11-22 15:00:08.532,23073,23077,23077,2,2
2024-11-22 15:00:08.695,23073,23077,23077,4,4
2024-11-22 15:00:08.796,23073,23077,23076,1,1
2024-11-22 15:00:08.990,23076,23079,23076,1,-1
2024-11-22 15:00:08.990,23076,23079,23075,1,-1
2024-11-22 15:00:09.723,23074,23078,23077,1,1
2024-11-22 15:00:09.723,23074,23078,23078,2,2
2024-11-22 15:00:09.723,23074,23078,23079,2,2
2024-11-22 15:00:09.723,23074,23078,23080,3,3
2024-11-22 15:00:09.725,23074,23078,23080,1,1
2024-11-22 15:00:09.728,23074,23078,23082,1,1
2024-11-22 15:00:09.728,23074,23078,23082,1,1
2024-11-22 15:00:09.969,23081,23083,23081,1,-1
2024-11-22 15:00:09.980,23081,23083,23081,1,-1
2024-11-22 15:00:10.007,23081,23083,23080,1,-1
2024-11-22 15:00:10.007,23081,23083,23079,1,-1
2024-11-22 15:00:10.007,23081,23083,23078,2,-2
2024-11-22 15:00:10.007,23081,23083,23077,5,-5
2024-11-22 15:00:10.008,23081,23083,23077,1,-1
2024-11-22 15:00:10.084,23077,23080,23077,1,-1
2024-11-22 15:00:10.799,23077,23079,23079,3,3
2024-11-22 15:00:10.799,23077,23079,23080,4,4
2024-11-22 15:00:10.799,23077,23079,23081,1,1
2024-11-22 15:00:10.799,23077,23079,23082,2,2
2024-11-22 15:00:10.898,23079,23082,23078,1,-1
2024-11-22 15:00:10.942,23077,23081,23077,1,-1
2024-11-22 15:00:10.943,23077,23081,23077,1,-1
2024-11-22 15:00:10.961,23077,23081,23076,5,-5
2024-11-22 15:00:11.064,23077,23081,23079,1,-1
2024-11-22 15:00:11.413,23075,23079,23075,1,-1
2024-11-22 15:00:11.932,23075,23077,23075,1,-1
2024-11-22 15:00:11.974,23075,23077,23075,1,-1
2024-11-22 15:00:12.277,23075,23077,23075,6,-6
2024-11-22 15:00:13.098,23073,23076,23076,1,1
2024-11-22 15:00:14.040,23073,23077,23077,2,2
2024-11-22 15:00:14.040,23073,23077,23078,3,3
2024-11-22 15:00:14.040,23073,23077,23079,2,2
2024-11-22 15:00:14.040,23073,23077,23080,3,3
2024-11-22 15:00:14.325,23075,23077,23075,1,-1
2024-11-22 15:00:14.416,23075,23077,23074,2,-2
2024-11-22 15:00:14.446,23073,23076,23076,1,1
2024-11-22 15:00:14.458,23073,23076,23077,1,1
2024-11-22 15:00:14.586,23076,23078,23078,1,1
2024-11-22 15:00:14.740,23075,23078,23078,1,1
2024-11-22 15:00:14.764,23075,23078,23077,1,1
2024-11-22 15:00:14.930,23076,23079,23076,1,-1
2024-11-22 15:00:15.141,23075,23079,23079,1,1
2024-11-22 15:00:15.241,23076,23079,23076,1,-1
2024-11-22 15:00:15.246,23076,23079,23079,1,1
2024-11-22 15:00:15.272,23076,23079,23079,1,1
2024-11-22 15:00:15.314,23076,23079,23076,1,-1
2024-11-22 15:00:15.623,23075,23079,23079,2,2
2024-11-22 15:00:15.716,23076,23079,23076,1,-1
2024-11-22 15:00:15.801,23076,23079,23075,1,-1
2024-11-22 15:00:15.813,23076,23079,23075,1,-1
2024-11-22 15:00:16.278,23075,23077,23075,1,-1
2024-11-22 15:00:16.918,23075,23077,23075,2,-2
2024-11-22 15:00:16.946,23074,23076,23076,1,1
2024-11-22 15:00:16.948,23074,23076,23077,1,1
2024-11-22 15:00:17.070,23077,23079,23079,2,2
2024-11-22 15:00:17.070,23077,23079,23079,1,1
2024-11-22 15:00:17.092,23077,23079,23080,1,1
2024-11-22 15:00:17.092,23077,23079,23079,1,1
2024-11-22 15:00:17.197,23079,23082,23082,1,1
2024-11-22 15:00:17.205,23079,23082,23080,1,-1
2024-11-22 15:00:17.319,23080,23083,23083,1,1
2024-11-22 15:00:17.319,23080,23083,23083,1,1
2024-11-22 15:00:17.443,23081,23084,23084,2,2
2024-11-22 15:00:17.443,23081,23084,23084,1,1
2024-11-22 15:00:17.444,23081,23084,23084,1,1
2024-11-22 15:00:17.477,23081,23084,23084,1,1
2024-11-22 15:00:17.483,23081,23084,23084,1,1
2024-11-22 15:00:17.570,23082,23085,23085,4,4
2024-11-22 15:00:17.571,23082,23085,23085,4,4
2024-11-22 15:00:17.846,23084,23085,23084,10,-10
2024-11-22 15:00:17.983,23079,23083,23084,2,2
2024-11-22 15:00:18.063,23079,23083,23085,5,5
2024-11-22 15:00:18.063,23079,23083,23086,2,2
2024-11-22 15:00:18.070,23080,23086,23089,1,1
2024-11-22 15:00:18.070,23080,23086,23088,1,1
2024-11-22 15:00:18.070,23080,23086,23086,1,1
2024-11-22 15:00:18.070,23080,23086,23088,1,1
2024-11-22 15:00:18.127,23080,23086,23084,2,2
2024-11-22 15:00:18.127,23080,23086,23083,2,2
2024-11-22 15:00:18.127,23080,23086,23081,6,-6
2024-11-22 15:00:18.159,23080,23086,23082,1,-1
2024-11-22 15:00:18.194,23081,23085,23085,1,1
2024-11-22 15:00:18.194,23081,23085,23085,3,3
2024-11-22 15:00:18.195,23081,23085,23085,1,1
2024-11-22 15:00:18.195,23081,23085,23085,1,1
2024-11-22 15:00:18.266,23081,23085,23087,1,1
2024-11-22 15:00:18.266,23081,23085,23088,5,5
2024-11-22 15:00:18.266,23081,23085,23089,1,1
2024-11-22 15:00:18.266,23081,23085,23090,1,1
2024-11-22 15:00:18.391,23083,23087,23087,1,1
2024-11-22 15:00:18.405,23083,23087,23084,1,-1
2024-11-22 15:00:19.026,23084,23089,23085,1,-1
2024-11-22 15:00:19.028,23084,23089,23084,1,-1
2024-11-22 15:00:19.030,23084,23089,23083,1,-1
2024-11-22 15:00:19.255,23082,23086,23082,1,-1
2024-11-22 15:00:21.291,23080,23085,23084,1,1
2024-11-22 15:00:21.473,23080,23084,23084,1,1
2024-11-22 15:00:21.720,23084,23086,23084,1,-1
2024-11-22 15:00:21.953,23082,23086,23086,1,1
2024-11-22 15:00:22.255,23083,23087,23086,3,3
2024-11-22 15:00:22.960,23086,23087,23086,1,-1
2024-11-22 15:00:22.960,23086,23087,23085,1,-1
2024-11-22 15:00:22.960,23086,23087,23084,1,-1
2024-11-22 15:00:23.653,23083,23084,23084,1,1
2024-11-22 15:00:23.715,23085,23086,23085,1,-1
2024-11-22 15:00:23.809,23085,23086,23083,2,-2
2024-11-22 15:00:23.930,23082,23086,23087,3,3
2024-11-22 15:00:23.930,23082,23086,23086,3,3
2024-11-22 15:00:23.984,23085,23088,23084,1,-1
2024-11-22 15:00:24.098,23083,23087,23087,1,1
2024-11-22 15:00:24.098,23083,23087,23088,1,1
2024-11-22 15:00:25.580,23085,23089,23085,1,-1
2024-11-22 15:00:26.681,23084,23085,23085,1,1
2024-11-22 15:00:27.087,23084,23088,23087,1,1
2024-11-22 15:00:27.194,23084,23088,23088,1,1
2024-11-22 15:00:27.194,23084,23088,23089,1,1
2024-11-22 15:00:27.565,23084,23089,23089,5,5
2024-11-22 15:00:27.565,23084,23089,23090,3,3
2024-11-22 15:00:27.630,23084,23090,23087,1,1
2024-11-22 15:00:27.814,23086,23090,23088,1,1
2024-11-22 15:00:28.423,23085,23088,23087,1,1
2024-11-22 15:00:28.647,23085,23088,23086,1,-1
2024-11-22 15:00:28.898,23085,23088,23088,1,1
2024-11-22 15:00:29.051,23085,23089,23085,1,-1
2024-11-22 15:00:29.292,23085,23089,23088,2,2
2024-11-22 15:00:29.383,23085,23089,23088,1,1
2024-11-22 15:00:29.586,23085,23089,23088,1,1
2024-11-22 15:00:30.059,23085,23089,23085,5,-5
2024-11-22 15:00:30.061,23085,23089,23084,1,-1
2024-11-22 15:00:30.063,23085,23089,23084,2,-2
2024-11-22 15:00:30.258,23082,23086,23086,3,3
2024-11-22 15:00:30.625,23083,23087,23086,1,1
2024-11-22 15:00:30.625,23083,23087,23087,1,1
2024-11-22 15:00:30.844,23083,23087,23083,1,-1
2024-11-22 15:00:30.874,23083,23087,23087,1,1
2024-11-22 15:00:31.387,23083,23087,23087,1,1
2024-11-22 15:00:31.403,23083,23087,23090,6,6
2024-11-22 15:00:31.403,23083,23087,23089,2,2
2024-11-22 15:00:31.403,23083,23087,23088,5,5
2024-11-22 15:00:31.404,23083,23087,23090,1,1
2024-11-22 15:00:31.404,23083,23087,23090,14,14
2024-11-22 15:00:31.404,23083,23087,23091,2,2
2024-11-22 15:00:31.405,23083,23087,23090,2,2
2024-11-22 15:00:31.689,23088,23091,23087,1,-1
2024-11-22 15:00:31.974,23084,23088,23088,1,1
2024-11-22 15:00:33.197,23084,23088,23084,1,-1
2024-11-22 15:00:33.247,23084,23088,23087,1,1
2024-11-22 15:00:34.395,23083,23087,23083,1,-1
2024-11-22 15:00:34.825,23083,23087,23086,5,5
2024-11-22 15:00:35.033,23083,23087,23084,1,-1
2024-11-22 15:00:36.286,23085,23087,23087,1,1
2024-11-22 15:00:36.320,23085,23088,23088,1,1
2024-11-22 15:00:36.320,23085,23088,23088,1,1
2024-11-22 15:00:36.321,23085,23088,23088,2,2
2024-11-22 15:00:36.850,23087,23090,23087,3,-3
2024-11-22 15:00:37.062,23086,23088,23088,1,1
2024-11-22 15:00:37.669,23087,23090,23087,1,-1
2024-11-22 15:00:38.515,23087,23090,23088,1,-1
2024-11-22 15:00:38.529,23087,23090,23091,1,1
2024-11-22 15:00:38.701,23089,23091,23091,1,1
2024-11-22 15:00:38.702,23089,23091,23092,1,1
2024-11-22 15:00:38.702,23089,23091,23093,3,3
2024-11-22 15:00:39.016,23092,23094,23094,1,1
2024-11-22 15:00:39.199,23092,23094,23092,1,-1
2024-11-22 15:00:39.435,23091,23094,23094,1,1
2024-11-22 15:00:39.607,23091,23094,23091,1,-1
2024-11-22 15:00:39.774,23091,23094,23095,1,1
2024-11-22 15:00:39.774,23091,23094,23094,1,1
2024-11-22 15:00:40.190,23092,23095,23092,1,-1
2024-11-22 15:00:40.196,23091,23094,23091,1,-1
2024-11-22 15:00:40.431,23090,23094,23090,1,-1
2024-11-22 15:00:40.622,23090,23093,23093,1,1
2024-11-22 15:00:41.156,23090,23093,23090,1,-1
2024-11-22 15:00:42.027,23090,23094,23094,1,1
2024-11-22 15:00:43.787,23090,23093,23093,4,4
2024-11-22 15:00:43.787,23090,23093,23093,5,5
2024-11-22 15:00:44.526,23091,23093,23091,1,-1
2024-11-22 15:00:45.660,23091,23092,23092,2,2
2024-11-22 15:00:46.805,23091,23092,23091,1,-1
2024-11-22 15:00:47.599,23090,23092,23092,1,1
2024-11-22 15:00:48.604,23091,23092,23092,2,2
2024-11-22 15:00:49.418,23091,23092,23092,1,1
2024-11-22 15:00:51.620,23092,23094,23094,1,1
2024-11-22 15:00:52.205,23092,23094,23094,1,1
2024-11-22 15:00:52.226,23092,23094,23094,1,1
2024-11-22 15:00:52.238,23092,23094,23094,1,1
2024-11-22 15:00:52.238,23092,23094,23094,11,11
2024-11-22 15:00:52.341,23093,23095,23093,2,-2
2024-11-22 15:00:53.905,23092,23093,23092,1,-1
2024-11-22 15:00:54.932,23091,23093,23092,2,-2
2024-11-22 15:00:54.932,23091,23093,23093,1,1
2024-11-22 15:00:55.283,23091,23094,23094,1,1
2024-11-22 15:00:55.337,23091,23094,23092,1,-1
2024-11-22 15:00:55.809,23091,23095,23093,2,-2
2024-11-22 15:00:56.504,23091,23094,23091,2,-2
2024-11-22 15:00:57.077,23091,23094,23094,1,1
2024-11-22 15:00:59.406,23092,23093,23092,1,-1
2024-11-22 15:00:59.999,23091,23093,23093,4,4
2024-11-22 15:01:00.000,23091,23093,23093,2,2
2024-11-22 15:01:00.017,23091,23093,23094,1,1
2024-11-22 15:01:00.017,23091,23093,23094,1,1
2024-11-22 15:01:00.054,23091,23093,23095,2,2
2024-11-22 15:01:00.058,23091,23093,23095,1,1
2024-11-22 15:01:00.058,23091,23093,23095,1,1
2024-11-22 15:01:00.059,23091,23093,23095,2,2
2024-11-22 15:01:00.059,23091,23093,23095,6,6
2024-11-22 15:01:00.059,23091,23093,23095,1,1
2024-11-22 15:01:00.062,23091,23093,23096,2,2
2024-11-22 15:01:00.071,23094,23097,23097,1,1
2024-11-22 15:01:00.105,23094,23097,23097,1,1
2024-11-22 15:01:00.105,23094,23097,23097,1,1
2024-11-22 15:01:00.105,23094,23097,23097,2,2
2024-11-22 15:01:00.106,23094,23097,23098,2,2
2024-11-22 15:01:00.106,23094,23097,23098,2,2
2024-11-22 15:01:00.106,23094,23097,23098,4,4
2024-11-22 15:01:00.107,23094,23097,23098,2,2
2024-11-22 15:01:00.111,23094,23097,23098,1,1
2024-11-22 15:01:00.111,23094,23097,23098,7,7
2024-11-22 15:01:00.114,23094,23097,23099,1,1
2024-11-22 15:01:00.114,23094,23097,23098,4,4
2024-11-22 15:01:00.114,23094,23097,23099,1,1
2024-11-22 15:01:00.117,23094,23097,23097,1,1
2024-11-22 15:01:00.129,23094,23097,23098,1,1
2024-11-22 15:01:00.129,23094,23097,23098,1,1
2024-11-22 15:01:00.130,23094,23097,23098,1,1
2024-11-22 15:01:00.130,23094,23097,23099,2,2
2024-11-22 15:01:00.132,23094,23097,23098,3,3
2024-11-22 15:01:00.135,23094,23097,23099,99,99
2024-11-22 15:01:00.135,23094,23097,23100,3,3
2024-11-22 15:01:00.135,23094,23097,23099,1,1
2024-11-22 15:01:00.135,23094,23097,23099,5,5
2024-11-22 15:01:00.136,23094,23097,23101,1,1
2024-11-22 15:01:00.136,23094,23097,23100,1,1
2024-11-22 15:01:00.136,23094,23097,23100,2,2
2024-11-22 15:01:00.137,23094,23097,23102,1,1
2024-11-22 15:01:00.138,23094,23097,23103,1,1
2024-11-22 15:01:00.153,23094,23097,23103,1,1
2024-11-22 15:01:00.153,23094,23097,23104,2,2
2024-11-22 15:01:00.161,23094,23097,23103,2,2
2024-11-22 15:01:00.183,23094,23097,23104,2,2
2024-11-22 15:01:00.183,23094,23097,23105,2,2
2024-11-22 15:01:00.200,23101,23105,23101,2,-2
2024-11-22 15:01:00.207,23101,23105,23104,1,1
2024-11-22 15:01:00.219,23101,23105,23100,1,-1
2024-11-22 15:01:00.293,23101,23105,23101,1,-1
2024-11-22 15:01:00.379,23099,23103,23099,1,-1
2024-11-22 15:01:00.412,23099,23103,23099,2,-2
2024-11-22 15:01:00.471,23098,23099,23098,1,-1
2024-11-22 15:01:00.527,23098,23099,23099,1,1
2024-11-22 15:01:00.546,23098,23099,23101,1,1
2024-11-22 15:01:00.698,23097,23100,23097,1,-1
2024-11-22 15:01:00.703,23097,23100,23100,1,1
2024-11-22 15:01:00.796,23097,23100,23098,1,-1
2024-11-22 15:01:00.905,23096,23098,23098,1,1
2024-11-22 15:01:00.905,23096,23098,23100,6,6
2024-11-22 15:01:00.905,23096,23098,23101,4,4
2024-11-22 15:01:00.905,23096,23098,23102,2,2
2024-11-22 15:01:00.908,23096,23098,23102,2,2
2024-11-22 15:01:00.909,23096,23098,23103,3,3
2024-11-22 15:01:00.910,23096,23098,23103,2,2
2024-11-22 15:01:00.917,23096,23098,23104,1,1
2024-11-22 15:01:01.044,23098,23105,23099,1,-1
2024-11-22 15:01:01.069,23098,23102,23102,1,1
2024-11-22 15:01:01.243,23097,23101,23097,2,-2
2024-11-22 15:01:01.369,23095,23099,23099,1,1
2024-11-22 15:01:01.373,23095,23099,23099,2,2
2024-11-22 15:01:01.540,23096,23099,23099,3,3
2024-11-22 15:01:01.997,23095,23097,23095,1,-1
2024-11-22 15:01:02.069,23095,23097,23095,1,-1
2024-11-22 15:01:03.088,23095,23098,23095,1,-1
2024-11-22 15:01:05.159,23096,23098,23096,1,-1
2024-11-22 15:01:06.380,23095,23098,23098,5,5
2024-11-22 15:01:06.516,23095,23098,23095,1,-1
2024-11-22 15:01:06.518,23095,23098,23095,2,-2
2024-11-22 15:01:06.879,23094,23096,23094,2,-2
2024-11-22 15:01:07.118,23092,23095,23092,2,-2
2024-11-22 15:01:07.182,23092,23095,23092,2,-2
2024-11-22 15:01:07.195,23091,23094,23094,1,1
2024-11-22 15:01:07.195,23091,23094,23094,1,1
2024-11-22 15:01:09.536,23091,23093,23093,2,2
2024-11-22 15:01:09.805,23091,23093,23093,2,2
2024-11-22 15:01:09.832,23093,23094,23093,2,-2
2024-11-22 15:01:09.954,23091,23094,23094,1,1
2024-11-22 15:01:11.891,23091,23094,23094,1,1
2024-11-22 15:01:12.149,23091,23094,23094,1,1
2024-11-22 15:01:12.556,23091,23094,23091,3,-3
2024-11-22 15:01:12.557,23091,23094,23091,4,-4
2024-11-22 15:01:12.558,23091,23094,23090,1,-1
2024-11-22 15:01:12.558,23091,23094,23090,3,-3
2024-11-22 15:01:12.558,23091,23094,23090,16,-16
2024-11-22 15:01:12.558,23091,23094,23090,14,-14
2024-11-22 15:01:12.558,23091,23094,23090,9,-9
2024-11-22 15:01:12.558,23091,23094,23090,6,-6
2024-11-22 15:01:12.560,23091,23094,23090,2,-2
2024-11-22 15:01:12.560,23091,23094,23090,1,-1
2024-11-22 15:01:12.560,23091,23094,23089,1,-1
2024-11-22 15:01:12.654,23087,23090,23089,3,3
2024-11-22 15:01:12.699,23087,23090,23087,1,-1
2024-11-22 15:01:13.477,23087,23090,23090,3,3
2024-11-22 15:01:13.914,23088,23090,23090,1,1
2024-11-22 15:01:14.009,23088,23091,23088,1,-1
2024-11-22 15:01:14.009,23088,23091,23088,1,-1
2024-11-22 15:01:14.131,23087,23091,23091,2,2
2024-11-22 15:01:14.846,23086,23090,23086,1,-1
2024-11-22 15:01:16.793,23087,23090,23087,3,-3
2024-11-22 15:01:16.793,23087,23090,23086,5,-5
2024-11-22 15:01:16.793,23087,23090,23085,6,-6
2024-11-22 15:01:16.794,23087,23090,23085,1,-1
2024-11-22 15:01:16.854,23085,23088,23085,1,-1
2024-11-22 15:01:17.770,23084,23087,23087,4,4
2024-11-22 15:01:17.770,23084,23087,23086,3,3
2024-11-22 15:01:17.953,23085,23088,23085,1,-1
2024-11-22 15:01:17.963,23085,23088,23085,1,-1
2024-11-22 15:01:17.993,23085,23088,23087,1,1
2024-11-22 15:01:18.772,23084,23087,23084,1,-1
2024-11-22 15:01:18.819,23084,23087,23087,1,1
2024-11-22 15:01:18.819,23084,23087,23088,1,1
2024-11-22 15:01:18.825,23084,23087,23088,1,1
2024-11-22 15:01:19.154,23086,23089,23086,1,-1
2024-11-22 15:01:19.163,23086,23089,23086,1,-1
2024-11-22 15:01:21.217,23085,23086,23085,1,-1
2024-11-22 15:01:21.910,23084,23086,23086,1,1
2024-11-22 15:01:21.910,23084,23086,23087,3,3
2024-11-22 15:01:22.495,23084,23087,23084,1,-1
2024-11-22 15:01:22.495,23084,23087,23083,1,-1
2024-11-22 15:01:23.548,23084,23087,23085,1,-1
2024-11-22 15:01:26.349,23084,23086,23084,2,-2
2024-11-22 15:01:27.003,23082,23084,23082,1,-1
2024-11-22 15:01:27.068,23082,23084,23084,1,1
2024-11-22 15:01:27.068,23082,23084,23085,1,1
2024-11-22 15:01:27.069,23082,23084,23086,1,1
2024-11-22 15:01:29.797,23083,23086,23083,2,-2
2024-11-22 15:01:31.267,23083,23085,23083,1,-1
2024-11-22 15:01:31.267,23083,23085,23082,6,-6
2024-11-22 15:01:31.310,23083,23085,23081,1,-1
2024-11-22 15:01:31.310,23083,23085,23081,1,-1
2024-11-22 15:01:31.310,23083,23085,23081,1,-1
2024-11-22 15:01:31.626,23080,23082,23082,1,1
2024-11-22 15:01:32.463,23080,23082,23082,1,1
2024-11-22 15:01:32.810,23080,23082,23082,4,4
2024-11-22 15:01:33.841,23081,23082,23081,1,-1
2024-11-22 15:01:35.157,23080,23081,23080,5,-5
2024-11-22 15:01:36.822,23080,23082,23082,1,1
2024-11-22 15:01:37.648,23080,23081,23080,4,-4
2024-11-22 15:01:37.720,23080,23081,23080,2,-2
2024-11-22 15:01:37.722,23080,23081,23079,34,-34
2024-11-22 15:01:37.723,23080,23081,23078,3,-3
2024-11-22 15:01:37.723,23080,23081,23077,2,-2
2024-11-22 15:01:38.781,23076,23078,23076,1,-1
2024-11-22 15:01:38.841,23075,23077,23075,2,-2
2024-11-22 15:01:38.841,23075,23077,23075,4,-4
2024-11-22 15:01:38.841,23075,23077,23075,1,-1
2024-11-22 15:01:38.910,23075,23077,23073,1,-1
2024-11-22 15:01:38.910,23075,23077,23072,1,-1
2024-11-22 15:01:38.910,23075,23077,23071,1,-1
2024-11-22 15:01:38.917,23075,23077,23072,2,-2
2024-11-22 15:01:38.930,23075,23077,23071,2,-2
2024-11-22 15:01:38.930,23075,23077,23072,3,-3
2024-11-22 15:01:39.008,23071,23074,23071,1,-1
2024-11-22 15:01:39.592,23072,23075,23073,1,-1
2024-11-22 15:01:40.124,23072,23073,23072,2,-2
2024-11-22 15:01:40.124,23072,23073,23071,6,-6
2024-11-22 15:01:40.198,23071,23073,23071,4,-4
2024-11-22 15:01:40.539,23069,23072,23072,1,1
2024-11-22 15:01:40.554,23069,23072,23069,1,-1
2024-11-22 15:01:40.617,23069,23072,23069,1,-1
2024-11-22 15:01:40.972,23068,23072,23068,1,-1
2024-11-22 15:01:41.082,23068,23072,23072,1,1
2024-11-22 15:01:41.679,23068,23071,23071,1,1
2024-11-22 15:01:41.897,23068,23071,23071,1,1
2024-11-22 15:01:41.897,23068,23071,23072,1,1
2024-11-22 15:01:42.879,23070,23072,23070,1,-1
2024-11-22 15:01:43.379,23070,23072,23072,2,2
2024-11-22 15:01:43.745,23070,23072,23070,1,-1
2024-11-22 15:01:44.136,23069,23072,23070,1,-1
2024-11-22 15:01:44.491,23069,23072,23069,1,-1
2024-11-22 15:01:44.660,23069,23072,23069,1,-1
2024-11-22 15:01:45.133,23070,23072,23070,1,-1
2024-11-22 15:01:45.194,23070,23072,23072,1,1
2024-11-22 15:01:46.337,23071,23073,23073,1,1
2024-11-22 15:01:46.385,23071,23073,23072,2,2
2024-11-22 15:01:47.221,23070,23072,23072,1,1
2024-11-22 15:01:48.664,23071,23073,23073,1,1
2024-11-22 15:01:48.970,23072,23074,23072,4,-4
2024-11-22 15:01:49.655,23071,23074,23074,1,1
2024-11-22 15:01:51.131,23072,23075,23072,2,-2
2024-11-22 15:01:53.560,23072,23074,23074,1,1
2024-11-22 15:01:53.561,23072,23074,23074,1,1
2024-11-22 15:01:53.565,23072,23074,23073,2,2
2024-11-22 15:01:54.228,23073,23075,23075,3,3
2024-11-22 15:01:55.095,23074,23076,23074,3,-3
2024-11-22 15:01:55.420,23072,23075,23072,1,-1
2024-11-22 15:01:56.548,23072,23075,23072,1,-1
2024-11-22 15:01:56.549,23072,23075,23071,2,-2
2024-11-22 15:01:56.616,23070,23071,23070,2,-2
2024-11-22 15:01:56.616,23070,23071,23070,1,-1
2024-11-22 15:01:56.617,23070,23071,23070,6,-6
2024-11-22 15:01:56.618,23070,23071,23069,8,-8
2024-11-22 15:01:57.416,23068,23070,23070,1,1
2024-11-22 15:01:57.416,23068,23070,23071,4,4
2024-11-22 15:01:57.416,23068,23070,23072,4,4
2024-11-22 15:01:57.416,23068,23070,23073,1,1
2024-11-22 15:01:58.401,23068,23071,23068,1,-1
2024-11-22 15:01:59.214,23069,23070,23070,1,1
2024-11-22 15:01:59.559,23069,23070,23069,1,-1
2024-11-22 15:02:00.071,23069,23070,23069,1,-1
2024-11-22 15:02:00.094,23069,23070,23068,5,-5
2024-11-22 15:02:00.094,23069,23070,23067,1,-1
2024-11-22 15:02:00.175,23069,23070,23067,1,-1
2024-11-22 15:02:00.471,23067,23069,23069,1,1
2024-11-22 15:02:00.771,23067,23069,23069,2,2
2024-11-22 15:02:01.202,23067,23069,23069,1,1
2024-11-22 15:02:01.597,23067,23069,23069,1,1
2024-11-22 15:02:02.892,23067,23069,23069,1,1
2024-11-22 15:02:03.639,23068,23070,23068,3,-3
2024-11-22 15:02:05.351,23068,23070,23070,8,8
2024-11-22 15:02:05.351,23068,23070,23070,2,2
2024-11-22 15:02:05.351,23068,23070,23071,5,5
2024-11-22 15:02:05.352,23068,23070,23072,3,3
2024-11-22 15:02:05.352,23068,23070,23072,1,1
2024-11-22 15:02:05.394,23068,23070,23073,1,1
2024-11-22 15:02:05.817,23072,23073,23073,1,1
2024-11-22 15:02:07.983,23071,23074,23071,1,-1
2024-11-22 15:02:09.050,23071,23073,23071,1,-1
2024-11-22 15:02:09.134,23071,23073,23073,2,2
2024-11-22 15:02:09.134,23071,23073,23073,1,1
2024-11-22 15:02:12.225,23072,23073,23072,2,-2
2024-11-22 15:02:12.225,23072,23073,23071,1,-1
2024-11-22 15:02:14.296,23070,23071,23071,1,1
2024-11-22 15:02:16.677,23070,23071,23070,1,-1
2024-11-22 15:02:16.678,23070,23071,23070,2,-2
2024-11-22 15:02:16.678,23070,23071,23070,2,-2
2024-11-22 15:02:16.678,23070,23071,23070,3,-3
2024-11-22 15:02:16.696,23068,23070,23070,1,1
2024-11-22 15:02:17.301,23068,23069,23068,4,-4
2024-11-22 15:02:17.301,23068,23069,23068,1,-1
2024-11-22 15:02:17.303,23068,23069,23067,1,-1
2024-11-22 15:02:17.309,23068,23069,23067,1,-1
2024-11-22 15:02:17.424,23067,23068,23067,1,-1
2024-11-22 15:02:17.613,23067,23068,23067,6,-6
2024-11-22 15:02:17.613,23067,23068,23067,2,-2
2024-11-22 15:02:17.613,23067,23068,23067,3,-3
2024-11-22 15:02:17.613,23067,23068,23067,3,-3
2024-11-22 15:02:18.028,23066,23067,23067,1,1
2024-11-22 15:02:18.215,23066,23068,23068,1,1
2024-11-22 15:02:18.695,23066,23068,23066,1,-1
2024-11-22 15:02:19.469,23066,23068,23066,1,-1
2024-11-22 15:02:22.708,23066,23068,23066,1,-1
2024-11-22 15:02:23.698,23066,23068,23068,1,1
2024-11-22 15:02:24.750,23066,23067,23066,1,-1
2024-11-22 15:02:25.013,23066,23067,23067,1,1
2024-11-22 15:02:25.088,23066,23067,23066,1,-1
2024-11-22 15:02:27.089,23066,23067,23066,1,-1
2024-11-22 15:02:27.289,23066,23067,23067,3,3
2024-11-22 15:02:28.699,23066,23067,23066,1,-1
2024-11-22 15:02:28.945,23066,23067,23066,8,-8
2024-11-22 15:02:28.945,23066,23067,23065,5,-5
2024-11-22 15:02:29.130,23065,23067,23065,1,-1
2024-11-22 15:02:29.731,23065,23067,23065,1,-1
2024-11-22 15:02:30.200,23065,23067,23065,1,-1
2024-11-22 15:02:31.985,23064,23067,23064,2,-2
2024-11-22 15:02:32.045,23064,23067,23064,1,-1
2024-11-22 15:02:32.121,23064,23067,23064,6,-6
2024-11-22 15:02:32.121,23064,23067,23063,2,-2
2024-11-22 15:02:32.166,23064,23067,23066,3,3
2024-11-22 15:02:32.166,23064,23067,23065,2,-2
2024-11-22 15:02:32.289,23063,23066,23063,1,-1
2024-11-22 15:02:33.009,23063,23067,23067,1,1
2024-11-22 15:02:37.045,23065,23067,23065,1,-1
2024-11-22 15:02:37.087,23064,23067,23067,3,3
2024-11-22 15:02:37.726,23064,23067,23065,2,-2
2024-11-22 15:02:37.727,23064,23067,23065,3,-3
2024-11-22 15:02:37.790,23064,23067,23067,1,1
2024-11-22 15:02:38.174,23064,23067,23067,1,1
2024-11-22 15:02:42.142,23065,23067,23065,1,-1
2024-11-22 15:02:42.644,23065,23067,23067,1,1
2024-11-22 15:02:42.753,23066,23068,23068,1,1
2024-11-22 15:02:42.753,23066,23068,23068,1,1
2024-11-22 15:02:42.754,23066,23068,23068,1,1
2024-11-22 15:02:43.693,23067,23069,23069,1,1
2024-11-22 15:02:43.790,23067,23069,23069,1,1
2024-11-22 15:02:44.336,23068,23070,23070,1,1
2024-11-22 15:02:44.337,23068,23070,23070,3,3
2024-11-22 15:02:44.337,23068,23070,23070,3,3
2024-11-22 15:02:44.337,23068,23070,23070,1,1
2024-11-22 15:02:44.338,23068,23070,23070,2,2
2024-11-22 15:02:44.338,23068,23070,23070,11,11
2024-11-22 15:02:44.597,23070,23072,23070,1,-1
2024-11-22 15:02:44.871,23070,23072,23070,1,-1
2024-11-22 15:02:46.686,23070,23071,23071,1,1
2024-11-22 15:02:47.785,23070,23071,23070,1,-1
2024-11-22 15:02:48.291,23069,23071,23071,1,1
2024-11-22 15:02:49.802,23069,23072,23072,1,1
2024-11-22 15:02:49.803,23069,23072,23072,3,3
2024-11-22 15:02:49.803,23069,23072,23073,2,2
2024-11-22 15:02:50.215,23072,23074,23074,1,1
2024-11-22 15:02:50.360,23073,23075,23075,1,1
2024-11-22 15:02:50.360,23073,23075,23076,3,3
2024-11-22 15:02:50.901,23074,23076,23076,1,1
2024-11-22 15:02:51.967,23076,23078,23076,1,-1
2024-11-22 15:02:52.473,23076,23078,23076,1,-1
2024-11-22 15:02:52.912,23076,23078,23078,1,1
2024-11-22 15:02:52.912,23076,23078,23079,1,1
2024-11-22 15:02:53.546,23077,23079,23077,1,-1
2024-11-22 15:02:53.821,23077,23079,23079,2,2
2024-11-22 15:02:53.821,23077,23079,23080,5,5
2024-11-22 15:02:55.058,23077,23079,23079,1,1
2024-11-22 15:02:55.518,23078,23080,23080,1,1
2024-11-22 15:02:55.518,23078,23080,23081,4,4
2024-11-22 15:02:55.518,23078,23080,23082,1,1
2024-11-22 15:02:55.700,23079,23081,23079,1,-1
2024-11-22 15:02:56.384,23078,23081,23078,1,-1
2024-11-22 15:02:56.694,23078,23081,23081,1,1
2024-11-22 15:02:57.449,23078,23082,23078,1,-1
2024-11-22 15:02:58.657,23078,23082,23081,1,1
2024-11-22 15:02:59.500,23078,23082,23082,1,1
2024-11-22 15:02:59.520,23078,23082,23079,1,-1
2024-11-22 15:02:59.549,23078,23082,23082,2,2
2024-11-22 15:02:59.549,23078,23082,23083,1,1
2024-11-22 15:02:59.568,23080,23083,23080,1,-1
2024-11-22 15:03:00.034,23079,23082,23082,1,1
2024-11-22 15:03:00.034,23079,23082,23083,1,1
2024-11-22 15:03:00.048,23079,23082,23083,1,1
2024-11-22 15:03:00.048,23079,23082,23084,2,2
2024-11-22 15:03:00.053,23079,23082,23084,1,1
2024-11-22 15:03:00.053,23079,23082,23084,2,2
2024-11-22 15:03:00.066,23081,23084,23084,2,2
2024-11-22 15:03:00.131,23081,23084,23085,1,1
2024-11-22 15:03:00.142,23081,23084,23086,1,1
2024-11-22 15:03:00.152,23081,23084,23086,1,1
2024-11-22 15:03:00.222,23083,23086,23085,1,1
2024-11-22 15:03:01.808,23082,23086,23082,1,-1
2024-11-22 15:03:02.859,23083,23086,23086,1,1
2024-11-22 15:03:03.917,23083,23085,23083,1,-1
2024-11-22 15:03:04.581,23083,23085,23083,1,-1
2024-11-22 15:03:05.309,23083,23085,23085,1,1
2024-11-22 15:03:05.309,23083,23085,23086,2,2
2024-11-22 15:03:05.810,23083,23086,23083,3,-3
2024-11-22 15:03:05.968,23081,23084,23081,1,-1
2024-11-22 15:03:07.084,23080,23083,23080,1,-1
2024-11-22 15:03:07.086,23080,23083,23080,1,-1
2024-11-22 15:03:07.305,23080,23083,23083,1,1
2024-11-22 15:03:09.465,23080,23082,23080,1,-1
2024-11-22 15:03:13.109,23080,23082,23080,4,-4
2024-11-22 15:03:14.883,23077,23080,23080,1,1
2024-11-22 15:03:16.492,23077,23080,23077,1,-1
2024-11-22 15:03:17.741,23077,23080,23077,1,-1
2024-11-22 15:03:19.320,23075,23078,23078,3,3
2024-11-22 15:03:19.320,23075,23078,23079,4,4
2024-11-22 15:03:19.905,23077,23080,23080,1,1
2024-11-22 15:03:20.121,23077,23080,23077,1,-1
2024-11-22 15:03:20.123,23077,23080,23077,2,-2
2024-11-22 15:03:20.213,23076,23079,23077,1,-1
2024-11-22 15:03:23.424,23075,23078,23077,1,1
2024-11-22 15:03:24.369,23075,23078,23075,3,-3
2024-11-22 15:03:24.369,23075,23078,23074,2,-2
2024-11-22 15:03:26.416,23073,23075,23073,1,-1
2024-11-22 15:03:30.159,23072,23075,23073,1,-1
2024-11-22 15:03:32.928,23072,23075,23075,1,1
2024-11-22 15:03:34.778,23072,23074,23072,2,-2
2024-11-22 15:03:34.778,23072,23074,23072,1,-1
2024-11-22 15:03:36.065,23072,23073,23072,2,-2
2024-11-22 15:03:36.262,23071,23073,23071,31,-31
2024-11-22 15:03:36.262,23071,23073,23070,2,-2
2024-11-22 15:03:36.262,23071,23073,23070,1,-1
2024-11-22 15:03:36.843,23069,23071,23069,12,-12
2024-11-22 15:03:36.844,23069,23071,23068,1,-1
2024-11-22 15:03:36.936,23069,23071,23067,1,-1
2024-11-22 15:03:39.546,23066,23069,23066,1,-1
2024-11-22 15:03:44.523,23066,23068,23066,4,-4
2024-11-22 15:03:44.523,23066,23068,23066,2,-2
2024-11-22 15:03:44.896,23065,23067,23065,7,-7
2024-11-22 15:03:44.896,23065,23067,23063,5,-5
2024-11-22 15:03:46.505,23063,23065,23065,1,1
2024-11-22 15:03:50.187,23063,23066,23063,1,-1
2024-11-22 15:03:51.441,23064,23065,23065,2,2
2024-11-22 15:03:51.442,23064,23065,23066,1,1
2024-11-22 15:03:52.022,23065,23068,23065,1,-1
2024-11-22 15:03:52.436,23065,23068,23068,1,1
2024-11-22 15:03:52.820,23065,23068,23068,1,1
2024-11-22 15:03:55.741,23065,23067,23067,1,1
2024-11-22 15:03:56.397,23065,23068,23068,2,2
2024-11-22 15:03:56.397,23065,23068,23069,2,2
2024-11-22 15:03:58.217,23066,23069,23069,1,1
2024-11-22 15:04:00.576,23066,23068,23068,1,1
2024-11-22 15:04:00.768,23066,23069,23069,5,5
2024-11-22 15:04:00.768,23066,23069,23070,5,5
2024-11-22 15:04:03.691,23069,23071,23069,1,-1
2024-11-22 15:04:09.116,23068,23070,23068,2,-2
2024-11-22 15:04:09.220,23067,23070,23070,1,1
2024-11-22 15:04:10.811,23068,23070,23068,1,-1
2024-11-22 15:04:11.002,23068,23070,23070,1,1
2024-11-22 15:04:12.872,23069,23071,23071,2,2
2024-11-22 15:04:12.873,23069,23071,23071,1,1
2024-11-22 15:04:12.932,23069,23071,23070,1,1
2024-11-22 15:04:14.451,23070,23073,23070,1,-1
2024-11-22 15:04:15.077,23070,23073,23070,1,-1
2024-11-22 15:04:16.491,23070,23073,23070,1,-1
2024-11-22 15:04:19.455,23070,23073,23070,4,-4
2024-11-22 15:04:19.455,23070,23073,23069,1,-1
2024-11-22 15:04:20.586,23070,23072,23070,1,-1
2024-11-22 15:04:21.189,23069,23071,23071,4,4
2024-11-22 15:04:21.189,23069,23071,23072,5,5
2024-11-22 15:04:21.581,23069,23073,23070,1,-1
2024-11-22 15:04:24.943,23070,23073,23073,1,1
2024-11-22 15:04:26.682,23070,23073,23073,2,2
2024-11-22 15:04:26.769,23070,23073,23070,1,-1
2024-11-22 15:04:27.225,23070,23073,23073,4,4
2024-11-22 15:04:27.349,23071,23074,23071,3,-3
2024-11-22 15:04:27.964,23071,23074,23071,1,-1
2024-11-22 15:04:37.790,23073,23075,23074,1,-1
2024-11-22 15:04:37.868,23073,23075,23073,5,-5
2024-11-22 15:04:37.869,23073,23075,23072,2,-2
2024-11-22 15:04:44.695,23071,23072,23072,1,1
2024-11-22 15:04:48.127,23071,23073,23073,2,2
2024-11-22 15:04:49.358,23072,23075,23075,12,12
2024-11-22 15:04:49.359,23072,23075,23076,2,2
2024-11-22 15:04:49.360,23072,23075,23077,4,4
2024-11-22 15:04:50.276,23077,23078,23078,2,2
2024-11-22 15:04:50.310,23077,23078,23079,1,1
2024-11-22 15:04:50.311,23077,23078,23080,3,3
2024-11-22 15:04:50.312,23077,23078,23080,1,1
2024-11-22 15:04:50.332,23079,23081,23078,1,-1
2024-11-22 15:04:50.349,23079,23081,23078,1,-1
2024-11-22 15:04:52.434,23081,23082,23082,1,1
2024-11-22 15:04:52.728,23081,23083,23081,1,-1
2024-11-22 15:04:54.583,23081,23082,23082,3,3
2024-11-22 15:04:54.931,23081,23083,23082,2,2
2024-11-22 15:04:56.447,23082,23083,23082,1,-1
2024-11-22 15:04:59.315,23078,23081,23078,3,-3
2024-11-22 15:05:00.248,23076,23078,23076,1,-1
2024-11-22 15:05:00.511,23075,23078,23079,1,1
2024-11-22 15:05:01.598,23078,23080,23079,1,1
2024-11-22 15:05:03.543,23079,23081,23080,1,1
2024-11-22 15:05:05.165,23080,23081,23081,1,1
2024-11-22 15:05:05.165,23080,23081,23081,1,1
2024-11-22 15:05:05.165,23080,23081,23081,2,2
2024-11-22 15:05:05.165,23080,23081,23081,1,1
2024-11-22 15:05:05.360,23081,23082,23082,1,1
2024-11-22 15:05:05.442,23081,23082,23082,1,1
2024-11-22 15:05:07.239,23081,23083,23083,1,1
2024-11-22 15:05:07.680,23081,23083,23082,1,1
2024-11-22 15:05:07.984,23081,23083,23081,2,-2
2024-11-22 15:05:08.267,23081,23083,23083,1,1
2024-11-22 15:05:11.309,23081,23083,23082,4,4
2024-11-22 15:05:12.590,23081,23083,23081,1,-1
2024-11-22 15:05:12.633,23081,23083,23080,1,-1
2024-11-22 15:05:13.207,23078,23080,23080,1,1
2024-11-22 15:05:13.207,23078,23080,23081,9,9
2024-11-22 15:05:13.207,23078,23080,23082,3,3
2024-11-22 15:05:13.208,23078,23080,23082,4,4
2024-11-22 15:05:14.418,23080,23083,23080,2,-2
2024-11-22 15:05:15.060,23079,23082,23081,1,1
2024-11-22 15:05:19.283,23079,23083,23079,5,-5
2024-11-22 15:05:19.283,23079,23083,23078,6,-6
2024-11-22 15:05:19.283,23079,23083,23077,4,-4
2024-11-22 15:05:19.391,23077,23079,23078,3,-3
2024-11-22 15:05:19.896,23076,23079,23079,1,1
2024-11-22 15:05:20.295,23076,23079,23079,1,1
2024-11-22 15:05:23.060,23074,23077,23074,1,-1
2024-11-22 15:05:23.168,23074,23076,23074,2,-2
2024-11-22 15:05:25.939,23073,23076,23073,1,-1
2024-11-22 15:05:27.448,23075,23076,23075,2,-2
2024-11-22 15:05:28.542,23073,23076,23073,2,-2
2024-11-22 15:05:28.971,23073,23076,23073,2,-2
2024-11-22 15:05:28.972,23073,23076,23072,3,-3
2024-11-22 15:05:29.584,23071,23072,23071,1,-1
2024-11-22 15:05:31.341,23070,23071,23071,1,1
2024-11-22 15:05:32.561,23070,23071,23071,1,1
2024-11-22 15:05:33.554,23070,23072,23070,3,-3
2024-11-22 15:05:33.978,23070,23072,23070,1,-1
2024-11-22 15:05:35.631,23070,23072,23070,2,-2
2024-11-22 15:05:36.548,23069,23070,23069,1,-1
2024-11-22 15:05:36.548,23069,23070,23069,4,-4
2024-11-22 15:05:36.549,23069,23070,23068,3,-3
2024-11-22 15:05:38.168,23067,23068,23068,1,1
2024-11-22 15:05:39.589,23067,23068,23067,3,-3
2024-11-22 15:05:39.892,23066,23068,23068,1,1
2024-11-22 15:05:40.283,23066,23068,23066,1,-1
2024-11-22 15:05:41.336,23066,23068,23066,2,-2
2024-11-22 15:05:41.435,23066,23068,23065,1,-1
2024-11-22 15:05:42.132,23066,23068,23066,1,-1
2024-11-22 15:05:42.501,23066,23068,23068,1,1
2024-11-22 15:05:44.331,23067,23069,23067,1,-1
2024-11-22 15:05:45.526,23066,23069,23068,1,1
2024-11-22 15:05:47.532,23068,23069,23069,1,1
2024-11-22 15:05:50.750,23068,23070,23070,2,2
2024-11-22 15:05:50.775,23068,23070,23070,1,1
2024-11-22 15:05:51.002,23069,23072,23069,1,-1
2024-11-22 15:05:54.056,23069,23072,23069,3,-3
2024-11-22 15:05:55.138,23068,23070,23070,1,1
2024-11-22 15:05:57.649,23068,23071,23071,2,2
2024-11-22 15:06:01.960,23071,23072,23071,1,-1
2024-11-22 15:06:02.298,23069,23072,23069,1,-1
2024-11-22 15:06:02.333,23069,23072,23069,1,-1
2024-11-22 15:06:02.381,23069,23072,23069,1,-1
2024-11-22 15:06:02.381,23069,23072,23069,5,-5
2024-11-22 15:06:02.426,23069,23072,23067,1,-1
2024-11-22 15:06:02.493,23066,23068,23066,1,-1
2024-11-22 15:06:02.702,23065,23068,23065,2,-2
2024-11-22 15:06:03.083,23065,23067,23065,1,-1
2024-11-22 15:06:06.239,23069,23072,23069,1,-1
2024-11-22 15:06:10.939,23070,23072,23070,3,-3
2024-11-22 15:06:15.989,23068,23071,23068,2,-2
2024-11-22 15:06:16.210,23067,23070,23070,2,2
2024-11-22 15:06:20.942,23068,23070,23068,1,-1
2024-11-22 15:06:20.942,23068,23070,23067,1,-1
2024-11-22 15:06:22.597,23067,23070,23070,2,2
2024-11-22 15:06:26.322,23070,23072,23072,1,1
2024-11-22 15:06:26.810,23070,23072,23070,2,-2
2024-11-22 15:06:27.093,23070,23071,23071,1,1
2024-11-22 15:06:28.908,23072,23073,23073,2,2
2024-11-22 15:06:28.908,23072,23073,23073,2,2
2024-11-22 15:06:28.908,23072,23073,23073,1,1
2024-11-22 15:06:28.908,23072,23073,23073,1,1
2024-11-22 15:06:28.908,23072,23073,23073,7,7
2024-11-22 15:06:31.329,23073,23075,23075,1,1
2024-11-22 15:06:31.329,23073,23075,23076,3,3
2024-11-22 15:06:31.796,23073,23077,23073,1,-1
2024-11-22 15:06:33.629,23074,23077,23077,1,1
2024-11-22 15:06:39.984,23075,23078,23078,1,1
2024-11-22 15:06:43.839,23076,23079,23079,1,1
2024-11-22 15:06:49.976,23075,23076,23075,2,-2
2024-11-22 15:06:54.071,23072,23075,23072,1,-1
2024-11-22 15:06:56.349,23071,23074,23071,2,-2
2024-11-22 15:06:57.387,23071,23072,23071,1,-1
2024-11-22 15:07:00.035,23071,23072,23072,1,1
2024-11-22 15:07:00.200,23071,23072,23071,2,-2
2024-11-22 15:07:00.459,23070,23071,23071,1,1
2024-11-22 15:07:00.603,23070,23071,23071,1,1
2024-11-22 15:07:00.766,23070,23071,23071,1,1
2024-11-22 15:07:00.936,23070,23071,23071,1,1
2024-11-22 15:07:01.092,23070,23072,23072,1,1
2024-11-22 15:07:01.255,23070,23072,23072,1,1
2024-11-22 15:07:01.412,23070,23072,23073,1,1
2024-11-22 15:07:01.568,23071,23073,23073,1,1
2024-11-22 15:07:01.735,23071,23074,23074,1,1
2024-11-22 15:07:01.896,23071,23074,23074,1,1
2024-11-22 15:07:02.088,23071,23074,23074,1,1
2024-11-22 15:07:02.277,23072,23075,23075,1,1
2024-11-22 15:07:02.455,23072,23075,23075,1,1
2024-11-22 15:07:02.619,23072,23076,23076,1,1
2024-11-22 15:07:02.798,23072,23076,23076,1,1
2024-11-22 15:07:02.961,23072,23076,23076,1,1
2024-11-22 15:07:03.112,23073,23076,23076,1,1
2024-11-22 15:07:03.284,23073,23076,23076,1,1
2024-11-22 15:07:03.460,23073,23076,23076,1,1
2024-11-22 15:07:03.584,23073,23076,23073,1,-1
2024-11-22 15:07:03.608,23073,23076,23076,1,1
2024-11-22 15:07:04.721,23073,23076,23073,2,-2
2024-11-22 15:07:06.826,23072,23076,23072,1,-1
2024-11-22 15:07:07.168,23072,23075,23072,1,-1
2024-11-22 15:07:07.914,23072,23073,23072,1,-1
2024-11-22 15:07:08.426,23071,23073,23071,4,-4
2024-11-22 15:07:11.409,23070,23071,23070,1,-1
2024-11-22 15:07:12.023,23070,23071,23070,2,-2
2024-11-22 15:07:12.025,23070,23071,23070,27,-27
2024-11-22 15:07:12.025,23070,23071,23069,1,-1
2024-11-22 15:07:12.026,23070,23071,23068,1,-1
2024-11-22 15:07:12.028,23070,23071,23067,1,-1
2024-11-22 15:07:12.282,23066,23069,23068,3,3
2024-11-22 15:07:13.503,23066,23068,23066,1,-1
2024-11-22 15:07:14.720,23066,23067,23066,1,-1
2024-11-22 15:07:14.776,23066,23067,23066,1,-1
2024-11-22 15:07:15.501,23065,23066,23065,6,-6
2024-11-22 15:07:15.502,23065,23066,23065,1,-1
2024-11-22 15:07:15.504,23065,23066,23064,2,-2
2024-11-22 15:07:15.505,23065,23066,23063,6,-6
2024-11-22 15:07:15.507,23065,23066,23062,2,-2
2024-11-22 15:07:15.507,23065,23066,23062,1,-1
2024-11-22 15:07:15.508,23065,23066,23062,8,-8
2024-11-22 15:07:15.509,23065,23066,23061,1,-1
2024-11-22 15:07:16.988,23061,23063,23061,1,-1
2024-11-22 15:07:18.953,23060,23062,23062,1,1
2024-11-22 15:07:21.165,23060,23062,23062,1,1
2024-11-22 15:07:21.165,23060,23062,23062,1,1
2024-11-22 15:07:21.906,23061,23063,23061,1,-1
2024-11-22 15:07:22.169,23060,23063,23063,1,1
2024-11-22 15:07:22.341,23061,23063,23063,1,1
2024-11-22 15:07:23.747,23061,23064,23061,4,-4
2024-11-22 15:07:23.747,23061,23064,23060,2,-2
2024-11-22 15:07:23.909,23060,23063,23060,1,-1
2024-11-22 15:07:25.419,23061,23063,23063,2,2
2024-11-22 15:07:25.908,23062,23064,23062,1,-1
2024-11-22 15:07:27.364,23064,23067,23065,1,-1
2024-11-22 15:07:29.810,23066,23067,23066,1,-1
2024-11-22 15:07:30.404,23066,23067,23067,2,2
2024-11-22 15:07:30.404,23066,23067,23068,3,3
2024-11-22 15:07:32.729,23068,23069,23068,1,-1
2024-11-22 15:07:33.712,23067,23069,23067,1,-1
2024-11-22 15:07:37.412,23066,23068,23068,1,1
2024-11-22 15:07:38.233,23066,23068,23066,1,-1
2024-11-22 15:07:40.041,23066,23067,23067,3,3
2024-11-22 15:07:40.041,23066,23067,23068,4,4
2024-11-22 15:07:41.715,23068,23069,23068,1,-1
2024-11-22 15:07:41.716,23068,23069,23068,2,-2
2024-11-22 15:07:42.244,23066,23069,23069,1,1
2024-11-22 15:07:45.218,23066,23068,23066,1,-1
2024-11-22 15:07:48.718,23066,23068,23066,1,-1
2024-11-22 15:07:51.342,23066,23068,23068,3,3
2024-11-22 15:07:52.220,23067,23069,23067,1,-1
2024-11-22 15:07:52.222,23067,23069,23067,1,-1
2024-11-22 15:07:52.439,23067,23069,23069,2,2
2024-11-22 15:07:54.419,23067,23069,23069,1,1
2024-11-22 15:07:54.419,23067,23069,23069,4,4
2024-11-22 15:07:54.420,23067,23069,23070,6,6
2024-11-22 15:07:54.421,23067,23069,23071,3,3
2024-11-22 15:07:54.421,23067,23069,23071,2,2
2024-11-22 15:07:54.618,23070,23073,23070,2,-2
2024-11-22 15:07:55.921,23070,23073,23070,1,-1
2024-11-22 15:07:56.762,23070,23073,23073,3,3
2024-11-22 15:07:59.623,23070,23073,23070,1,-1
2024-11-22 15:07:59.745,23070,23073,23073,2,2
2024-11-22 15:08:03.325,23072,23075,23072,1,-1
2024-11-22 15:08:06.458,23072,23073,23073,2,2
2024-11-22 15:08:07.006,23073,23074,23073,1,-1
2024-11-22 15:08:10.181,23073,23074,23073,2,-2
2024-11-22 15:08:11.428,23073,23074,23073,1,-1
2024-11-22 15:08:11.429,23073,23074,23073,1,-1
2024-11-22 15:08:11.429,23073,23074,23073,1,-1
2024-11-22 15:08:12.708,23073,23074,23073,1,-1
2024-11-22 15:08:12.709,23073,23074,23073,1,-1
2024-11-22 15:08:13.538,23070,23072,23070,1,-1
2024-11-22 15:08:14.197,23068,23070,23070,1,1
2024-11-22 15:08:14.265,23068,23070,23070,1,1
2024-11-22 15:08:15.830,23068,23070,23068,1,-1
2024-11-22 15:08:18.820,23068,23069,23068,1,-1
2024-11-22 15:08:21.721,23067,23068,23067,1,-1
2024-11-22 15:08:23.134,23066,23068,23068,1,1
2024-11-22 15:08:26.911,23067,23068,23067,1,-1
2024-11-22 15:08:26.913,23067,23068,23067,1,-1
2024-11-22 15:08:29.181,23066,23068,23066,1,-1
2024-11-22 15:08:29.402,23066,23068,23066,2,-2
2024-11-22 15:08:29.404,23066,23068,23065,1,-1
2024-11-22 15:08:31.775,23064,23067,23067,1,1
2024-11-22 15:08:34.300,23064,23065,23065,1,1
2024-11-22 15:08:34.725,23064,23065,23065,1,1
2024-11-22 15:08:38.796,23065,23067,23067,1,1
2024-11-22 15:08:39.010,23067,23070,23068,1,-1
2024-11-22 15:08:39.076,23068,23071,23068,1,-1
2024-11-22 15:08:42.043,23068,23071,23071,1,1
2024-11-22 15:08:42.302,23068,23071,23068,1,-1
2024-11-22 15:08:42.555,23068,23071,23068,1,-1
2024-11-22 15:08:45.605,23069,23071,23071,1,1
2024-11-22 15:08:47.454,23070,23072,23072,1,1
2024-11-22 15:08:47.660,23071,23073,23073,6,6
2024-11-22 15:08:47.661,23071,23073,23074,2,2
2024-11-22 15:08:47.663,23071,23073,23074,1,1
2024-11-22 15:08:48.118,23072,23075,23072,1,-1
2024-11-22 15:08:51.646,23072,23075,23075,1,1
2024-11-22 15:08:59.388,23073,23075,23075,1,1
2024-11-22 15:09:00.338,23073,23075,23075,4,4
2024-11-22 15:09:00.339,23073,23075,23076,2,2
2024-11-22 15:09:00.537,23075,23077,23076,1,1
2024-11-22 15:09:02.617,23076,23077,23076,1,-1
2024-11-22 15:09:03.351,23075,23077,23075,1,-1
2024-11-22 15:09:03.533,23075,23077,23075,1,-1
2024-11-22 15:09:05.377,23075,23077,23077,2,2
2024-11-22 15:09:06.220,23076,23078,23076,1,-1
2024-11-22 15:09:08.924,23076,23078,23078,2,2
2024-11-22 15:09:09.811,23077,23080,23077,1,-1
2024-11-22 15:09:11.106,23077,23080,23078,1,-1
2024-11-22 15:09:13.241,23078,23080,23078,1,-1
2024-11-22 15:09:13.390,23078,23080,23078,2,-2
2024-11-22 15:09:14.011,23077,23080,23080,1,1
2024-11-22 15:09:22.523,23077,23080,23080,1,1
2024-11-22 15:09:22.843,23078,23080,23080,2,2
2024-11-22 15:09:22.844,23078,23080,23079,2,2
2024-11-22 15:09:23.888,23078,23081,23080,1,1
2024-11-22 15:09:29.580,23079,23082,23080,1,-1
2024-11-22 15:09:29.591,23079,23082,23082,5,5
2024-11-22 15:09:30.369,23080,23083,23083,4,4
2024-11-22 15:09:30.599,23083,23085,23085,1,1
2024-11-22 15:09:31.395,23083,23085,23083,1,-1
2024-11-22 15:09:33.082,23082,23084,23084,1,1
2024-11-22 15:09:33.082,23082,23084,23085,5,5
2024-11-22 15:09:38.186,23085,23087,23087,1,1
2024-11-22 15:09:39.485,23085,23087,23087,1,1
2024-11-22 15:09:39.500,23085,23087,23088,6,6
2024-11-22 15:09:39.610,23086,23088,23088,10,10
2024-11-22 15:09:39.684,23086,23088,23088,1,1
2024-11-22 15:09:39.733,23088,23089,23088,1,-1
2024-11-22 15:09:40.755,23087,23089,23089,2,2
2024-11-22 15:09:41.704,23089,23090,23089,1,-1
2024-11-22 15:09:42.138,23088,23090,23090,2,2
2024-11-22 15:09:42.400,23088,23091,23091,1,1
2024-11-22 15:09:42.588,23088,23091,23091,1,1
2024-11-22 15:09:43.970,23088,23091,23089,2,-2
2024-11-22 15:09:43.986,23088,23091,23088,4,-4
2024-11-22 15:09:44.259,23088,23089,23089,1,1
2024-11-22 15:09:45.034,23088,23089,23088,1,-1
2024-11-22 15:09:45.234,23088,23089,23088,1,-1
2024-11-22 15:09:45.349,23088,23089,23088,2,-2
2024-11-22 15:09:45.349,23088,23089,23088,2,-2
2024-11-22 15:09:49.261,23085,23088,23088,2,2
2024-11-22 15:09:50.271,23085,23088,23087,1,1
2024-11-22 15:09:50.626,23085,23087,23085,1,-1
2024-11-22 15:09:50.626,23085,23087,23085,1,-1
2024-11-22 15:09:53.376,23083,23085,23085,1,1
2024-11-22 15:09:55.142,23084,23086,23086,1,1
2024-11-22 15:09:56.700,23084,23086,23086,2,2
2024-11-22 15:09:58.556,23083,23085,23085,1,1
2024-11-22 15:10:00.730,23084,23086,23086,1,1
2024-11-22 15:10:01.128,23085,23087,23087,1,1
2024-11-22 15:10:01.147,23085,23087,23085,1,-1
2024-11-22 15:10:01.223,23085,23088,23088,1,1
2024-11-22 15:10:01.234,23085,23088,23088,1,1
2024-11-22 15:10:01.300,23085,23088,23085,3,-3
2024-11-22 15:10:04.784,23086,23088,23086,1,-1
2024-11-22 15:10:04.791,23086,23088,23088,4,4
2024-11-22 15:10:05.699,23087,23089,23089,1,1
2024-11-22 15:10:07.112,23087,23089,23089,1,1
2024-11-22 15:10:07.425,23088,23089,23089,1,1
2024-11-22 15:10:07.701,23089,23090,23090,1,1
2024-11-22 15:10:07.701,23089,23090,23090,2,2
2024-11-22 15:10:08.031,23090,23091,23090,1,-1
2024-11-22 15:10:08.380,23089,23091,23089,6,-6
2024-11-22 15:10:08.642,23089,23091,23091,1,1
2024-11-22 15:10:09.392,23089,23091,23089,1,-1
2024-11-22 15:10:10.618,23089,23091,23089,1,-1
2024-11-22 15:10:11.155,23089,23091,23091,2,2
2024-11-22 15:10:11.466,23090,23091,23090,1,-1
2024-11-22 15:10:12.767,23089,23090,23090,1,1
2024-11-22 15:10:13.457,23089,23090,23090,1,1
2024-11-22 15:10:13.598,23089,23091,23090,2,2
2024-11-22 15:10:13.615,23089,23091,23089,4,-4
2024-11-22 15:10:13.615,23089,23091,23089,6,-6
2024-11-22 15:10:13.615,23089,23091,23089,2,-2
2024-11-22 15:10:13.702,23087,23090,23090,3,3
2024-11-22 15:10:15.257,23088,23090,23089,1,1
2024-11-22 15:10:17.082,23088,23091,23091,1,1
2024-11-22 15:10:19.136,23089,23092,23092,1,1
2024-11-22 15:10:20.238,23089,23092,23092,2,2
2024-11-22 15:10:21.450,23089,23092,23091,1,1
2024-11-22 15:10:22.221,23090,23092,23092,1,1
2024-11-22 15:10:23.175,23091,23093,23093,1,1
2024-11-22 15:10:23.873,23091,23093,23093,1,1
2024-11-22 15:10:23.973,23092,23094,23092,1,-1
2024-11-22 15:10:25.689,23091,23094,23094,1,1
2024-11-22 15:10:25.744,23091,23094,23094,1,1
2024-11-22 15:10:27.280,23091,23094,23094,1,1
2024-11-22 15:10:27.486,23091,23094,23094,1,1
2024-11-22 15:10:27.569,23092,23094,23094,1,1
2024-11-22 15:10:27.764,23093,23094,23094,1,1
2024-11-22 15:10:27.884,23092,23095,23094,1,1
2024-11-22 15:10:28.052,23092,23095,23095,1,1
2024-11-22 15:10:28.210,23093,23095,23095,1,1
2024-11-22 15:10:28.319,23093,23095,23093,1,-1
2024-11-22 15:10:29.464,23093,23095,23095,1,1
2024-11-22 15:10:30.797,23094,23096,23093,1,-1
2024-11-22 15:10:31.394,23093,23096,23095,1,1
2024-11-22 15:10:32.006,23093,23096,23093,1,-1
2024-11-22 15:10:38.079,23093,23095,23095,4,4
2024-11-22 15:10:38.079,23093,23095,23096,2,2
2024-11-22 15:10:40.337,23093,23095,23093,1,-1
2024-11-22 15:10:40.337,23093,23095,23093,1,-1
2024-11-22 15:10:40.338,23093,23095,23093,2,-2
2024-11-22 15:10:40.338,23093,23095,23092,5,-5
2024-11-22 15:10:40.381,23093,23095,23091,1,-1
2024-11-22 15:10:41.196,23088,23090,23090,1,1
2024-11-22 15:10:41.916,23088,23089,23088,1,-1
2024-11-22 15:10:43.540,23088,23090,23088,4,-4
2024-11-22 15:10:43.540,23088,23090,23087,2,-2
2024-11-22 15:10:43.540,23088,23090,23086,2,-2
2024-11-22 15:10:44.128,23086,23088,23086,1,-1
2024-11-22 15:10:45.147,23085,23087,23086,1,-1
2024-11-22 15:10:46.876,23086,23087,23086,2,-2
2024-11-22 15:10:48.580,23086,23087,23087,1,1
2024-11-22 15:10:49.278,23086,23087,23087,1,1
2024-11-22 15:10:51.057,23086,23088,23088,1,1
2024-11-22 15:10:51.349,23087,23089,23088,1,1
2024-11-22 15:10:51.413,23087,23089,23088,1,1
2024-11-22 15:10:51.413,23087,23089,23089,2,2
2024-11-22 15:10:51.413,23087,23089,23090,7,7
2024-11-22 15:10:51.413,23087,23089,23090,1,1
2024-11-22 15:10:51.502,23088,23090,23088,2,-2
2024-11-22 15:10:52.521,23087,23091,23087,1,-1
2024-11-22 15:10:53.546,23087,23089,23089,1,1
2024-11-22 15:10:56.073,23088,23090,23090,2,2
2024-11-22 15:10:56.778,23090,23091,23090,1,-1
2024-11-22 15:10:56.850,23090,23091,23091,1,1
2024-11-22 15:10:57.830,23091,23094,23091,1,-1
2024-11-22 15:11:00.029,23091,23094,23094,2,2
2024-11-22 15:11:00.629,23091,23093,23092,1,1
2024-11-22 15:11:01.148,23092,23093,23093,1,1
2024-11-22 15:11:01.184,23092,23093,23093,1,1
2024-11-22 15:11:03.214,23093,23095,23095,1,1
2024-11-22 15:11:04.950,23094,23095,23094,1,-1
2024-11-22 15:11:04.994,23094,23095,23094,1,-1
2024-11-22 15:11:05.457,23094,23095,23094,1,-1
2024-11-22 15:11:05.766,23094,23095,23094,1,-1
2024-11-22 15:11:05.767,23094,23095,23094,1,-1
2024-11-22 15:11:06.596,23094,23095,23095,2,2
2024-11-22 15:11:06.596,23094,23095,23096,7,7
2024-11-22 15:11:06.596,23094,23095,23097,8,8
2024-11-22 15:11:06.596,23094,23095,23098,3,3
2024-11-22 15:11:07.855,23095,23098,23098,2,2
2024-11-22 15:11:08.546,23095,23098,23098,1,1
2024-11-22 15:11:09.855,23095,23098,23098,6,6
2024-11-22 15:11:10.701,23097,23099,23099,1,1
2024-11-22 15:11:12.491,23097,23099,23099,10,10
2024-11-22 15:11:12.491,23097,23099,23100,2,2
2024-11-22 15:11:12.493,23097,23099,23100,2,2
2024-11-22 15:11:12.493,23097,23099,23100,1,1
2024-11-22 15:11:12.493,23097,23099,23100,1,1
2024-11-22 15:11:12.493,23097,23099,23100,1,1
2024-11-22 15:11:12.493,23097,23099,23100,8,8
2024-11-22 15:11:12.493,23097,23099,23100,4,4
2024-11-22 15:11:12.494,23097,23099,23101,1,1
2024-11-22 15:11:12.524,23097,23099,23100,2,2
2024-11-22 15:11:13.326,23100,23101,23101,1,1
2024-11-22 15:11:14.838,23100,23101,23100,1,-1
2024-11-22 15:11:15.619,23100,23101,23098,1,-1
2024-11-22 15:11:15.619,23100,23101,23100,1,-1
2024-11-22 15:11:17.312,23098,23101,23101,1,1
2024-11-22 15:11:19.160,23098,23101,23101,1,1
2024-11-22 15:11:19.997,23098,23102,23102,1,1
2024-11-22 15:11:22.224,23098,23101,23098,1,-1
2024-11-22 15:11:24.599,23099,23100,23099,1,-1
2024-11-22 15:11:25.630,23098,23100,23100,2,2
2024-11-22 15:11:25.837,23098,23101,23101,1,1
2024-11-22 15:11:27.588,23098,23101,23101,2,2
2024-11-22 15:11:28.707,23098,23101,23101,1,1
2024-11-22 15:11:28.707,23098,23101,23102,4,4
2024-11-22 15:11:30.230,23099,23102,23099,1,-1
2024-11-22 15:11:32.355,23100,23101,23101,1,1
2024-11-22 15:11:32.355,23100,23101,23102,4,4
2024-11-22 15:11:34.080,23100,23103,23100,4,-4
2024-11-22 15:11:35.218,23099,23102,23102,1,1
2024-11-22 15:11:37.744,23100,23102,23102,1,1
2024-11-22 15:11:37.744,23100,23102,23103,3,3
2024-11-22 15:11:41.411,23102,23103,23102,1,-1
2024-11-22 15:11:41.593,23101,23103,23103,1,1
2024-11-22 15:11:43.010,23101,23103,23103,1,1
2024-11-22 15:11:47.160,23102,23103,23102,1,-1
2024-11-22 15:11:47.530,23101,23103,23103,1,1
2024-11-22 15:11:48.386,23101,23103,23103,3,3
2024-11-22 15:11:49.552,23101,23104,23101,1,-1
2024-11-22 15:11:49.560,23101,23104,23104,2,2
2024-11-22 15:11:50.975,23101,23103,23103,1,1
2024-11-22 15:11:52.052,23101,23102,23102,1,1
2024-11-22 15:11:52.258,23101,23103,23103,1,1
2024-11-22 15:11:53.837,23103,23104,23104,2,2
2024-11-22 15:11:54.087,23104,23105,23104,1,-1
2024-11-22 15:11:54.426,23103,23105,23103,1,-1
2024-11-22 15:11:54.627,23103,23105,23103,1,-1
2024-11-22 15:11:54.628,23103,23105,23103,1,-1
2024-11-22 15:11:54.710,23102,23104,23104,1,1
2024-11-22 15:11:54.785,23102,23104,23104,3,3
2024-11-22 15:11:54.786,23102,23104,23104,1,1
2024-11-22 15:11:56.289,23102,23104,23104,1,1
2024-11-22 15:11:56.290,23102,23104,23102,1,-1
2024-11-22 15:11:56.408,23102,23105,23105,1,1
2024-11-22 15:11:56.455,23102,23105,23105,1,1
2024-11-22 15:11:56.455,23102,23105,23105,8,8
2024-11-22 15:11:56.462,23102,23105,23105,1,1
2024-11-22 15:11:56.464,23102,23105,23105,1,1
2024-11-22 15:11:56.466,23102,23105,23106,1,1
2024-11-22 15:11:56.479,23102,23105,23104,2,2
2024-11-22 15:11:56.502,23102,23105,23106,1,1
2024-11-22 15:11:56.502,23102,23105,23106,1,1
2024-11-22 15:11:56.643,23105,23107,23107,2,2
2024-11-22 15:11:56.709,23105,23107,23107,1,1
2024-11-22 15:11:56.739,23105,23107,23107,2,2
2024-11-22 15:11:56.741,23105,23107,23108,6,6
2024-11-22 15:11:56.742,23105,23107,23109,2,2
2024-11-22 15:11:56.863,23108,23110,23110,1,1
2024-11-22 15:11:56.901,23108,23110,23110,1,1
2024-11-22 15:11:56.978,23108,23110,23110,3,3
2024-11-22 15:11:56.979,23108,23110,23110,1,1
2024-11-22 15:11:56.979,23108,23110,23110,1,1
2024-11-22 15:11:56.979,23108,23110,23110,1,1
2024-11-22 15:11:56.979,23108,23110,23110,2,2
2024-11-22 15:11:57.048,23108,23110,23111,2,2
2024-11-22 15:11:57.048,23108,23110,23111,4,4
2024-11-22 15:11:57.048,23108,23110,23111,4,4
2024-11-22 15:11:57.050,23108,23110,23109,2,2
2024-11-22 15:11:57.053,23108,23110,23111,1,1
2024-11-22 15:11:57.216,23108,23112,23111,1,1
2024-11-22 15:11:57.217,23108,23112,23109,2,-2
2024-11-22 15:11:57.226,23108,23112,23111,1,1
2024-11-22 15:11:57.260,23108,23112,23108,1,-1
2024-11-22 15:11:57.374,23108,23111,23111,1,1
2024-11-22 15:11:57.529,23108,23111,23108,1,-1
2024-11-22 15:11:58.443,23106,23109,23109,2,2
2024-11-22 15:11:59.131,23106,23109,23109,2,2
2024-11-22 15:11:59.304,23106,23109,23109,1,1
2024-11-22 15:12:00.729,23106,23109,23106,1,-1
2024-11-22 15:12:00.844,23106,23109,23109,2,2
2024-11-22 15:12:01.051,23106,23110,23110,1,1
2024-11-22 15:12:01.085,23107,23110,23110,1,1
2024-11-22 15:12:03.372,23106,23108,23108,1,1
2024-11-22 15:12:04.001,23106,23109,23109,8,8
2024-11-22 15:12:04.001,23106,23109,23110,8,8
2024-11-22 15:12:04.001,23106,23109,23111,9,9
2024-11-22 15:12:04.151,23108,23111,23111,2,2
2024-11-22 15:12:05.665,23108,23111,23110,2,2
2024-11-22 15:12:06.602,23109,23111,23109,1,-1
2024-11-22 15:12:06.711,23109,23110,23110,1,1
2024-11-22 15:12:07.209,23109,23111,23111,2,2
2024-11-22 15:12:07.209,23109,23111,23112,14,14
2024-11-22 15:12:07.209,23109,23111,23113,7,7
2024-11-22 15:12:07.209,23109,23111,23114,2,2
2024-11-22 15:12:07.306,23109,23111,23111,2,2
2024-11-22 15:12:07.348,23110,23114,23109,3,-3
2024-11-22 15:12:07.348,23110,23114,23110,4,-4
2024-11-22 15:12:07.353,23110,23114,23110,1,-1
2024-11-22 15:12:07.466,23110,23113,23110,1,-1
2024-11-22 15:12:08.671,23110,23111,23111,1,1
2024-11-22 15:12:10.949,23109,23110,23110,1,1
2024-11-22 15:12:11.126,23109,23112,23112,1,1
2024-11-22 15:12:11.964,23109,23110,23110,1,1
2024-11-22 15:12:12.459,23109,23111,23109,1,-1
2024-11-22 15:12:13.291,23109,23111,23111,1,1
2024-11-22 15:12:13.981,23109,23112,23112,1,1
2024-11-22 15:12:14.869,23109,23110,23110,1,1
2024-11-22 15:12:15.268,23110,23112,23112,4,4
2024-11-22 15:12:15.268,23110,23112,23113,10,10
2024-11-22 15:12:15.268,23110,23112,23114,2,2
2024-11-22 15:12:15.392,23112,23114,23113,1,1
2024-11-22 15:12:16.205,23112,23114,23112,1,-1
2024-11-22 15:12:16.417,23112,23114,23114,1,1
2024-11-22 15:12:17.261,23112,23114,23115,4,4
2024-11-22 15:12:17.261,23112,23114,23114,1,1
2024-11-22 15:12:19.048,23114,23116,23114,1,-1
2024-11-22 15:12:19.060,23114,23116,23114,1,-1
2024-11-22 15:12:19.069,23113,23116,23113,1,-1
2024-11-22 15:12:19.072,23113,23116,23113,2,-2
2024-11-22 15:12:19.216,23111,23113,23111,1,-1
2024-11-22 15:12:19.294,23111,23113,23111,1,-1
2024-11-22 15:12:19.296,23111,23113,23111,1,-1
2024-11-22 15:12:19.348,23110,23111,23110,1,-1
2024-11-22 15:12:20.152,23110,23111,23111,1,1
2024-11-22 15:12:20.152,23110,23111,23113,1,1
2024-11-22 15:12:20.464,23110,23113,23110,1,-1
2024-11-22 15:12:21.104,23110,23113,23113,1,1
2024-11-22 15:12:21.104,23110,23113,23114,1,1
2024-11-22 15:12:21.161,23110,23113,23114,1,1
2024-11-22 15:12:22.121,23112,23115,23115,1,1
2024-11-22 15:12:22.461,23112,23115,23112,1,-1
2024-11-22 15:12:22.890,23113,23114,23114,2,2
2024-11-22 15:12:23.054,23113,23114,23113,1,-1
2024-11-22 15:12:23.379,23113,23114,23113,1,-1
2024-11-22 15:12:23.902,23112,23114,23114,1,1
2024-11-22 15:12:24.883,23113,23114,23114,1,1
2024-11-22 15:12:25.097,23113,23114,23113,1,-1
2024-11-22 15:12:26.009,23113,23114,23114,1,1
2024-11-22 15:12:27.785,23112,23114,23112,1,-1
2024-11-22 15:12:27.959,23112,23114,23114,1,1
2024-11-22 15:12:30.151,23113,23115,23115,4,4
2024-11-22 15:12:30.151,23113,23115,23116,2,2
2024-11-22 15:12:30.418,23114,23117,23114,1,-1
2024-11-22 15:12:31.572,23115,23117,23117,1,1
2024-11-22 15:12:31.839,23115,23117,23114,1,-1
2024-11-22 15:12:31.839,23115,23117,23115,2,-2
2024-11-22 15:12:33.083,23114,23117,23117,1,1
2024-11-22 15:12:33.975,23115,23117,23117,1,1
2024-11-22 15:12:33.975,23115,23117,23118,1,1
2024-11-22 15:12:34.126,23115,23118,23118,1,1
2024-11-22 15:12:34.390,23115,23118,23118,1,1
2024-11-22 15:12:35.655,23116,23118,23118,3,3
2024-11-22 15:12:35.655,23116,23118,23119,1,1
2024-11-22 15:12:35.746,23116,23119,23116,1,-1
2024-11-22 15:12:35.749,23116,23119,23118,1,1
2024-11-22 15:12:35.984,23115,23118,23118,1,1
2024-11-22 15:12:36.821,23115,23118,23118,1,1
2024-11-22 15:12:37.471,23115,23118,23118,2,2
2024-11-22 15:12:37.471,23115,23118,23119,1,1
2024-11-22 15:12:37.709,23116,23119,23119,1,1
2024-11-22 15:12:37.709,23116,23119,23120,3,3
2024-11-22 15:12:38.590,23117,23119,23117,1,-1
2024-11-22 15:12:39.310,23116,23119,23116,1,-1
2024-11-22 15:12:39.970,23115,23118,23117,1,1
2024-11-22 15:12:40.681,23115,23118,23115,4,-4
2024-11-22 15:12:41.145,23114,23117,23114,1,-1
2024-11-22 15:12:41.603,23114,23117,23117,1,1
2024-11-22 15:12:42.565,23114,23116,23116,1,1
2024-11-22 15:12:42.650,23114,23117,23116,2,2
2024-11-22 15:12:44.251,23114,23117,23117,1,1
2024-11-22 15:12:45.077,23115,23117,23116,5,5
2024-11-22 15:12:45.078,23115,23117,23115,1,-1
2024-11-22 15:12:48.123,23114,23117,23117,1,1
2024-11-22 15:12:48.559,23114,23115,23115,2,2
2024-11-22 15:12:49.330,23115,23117,23117,2,2
2024-11-22 15:12:50.145,23115,23117,23115,1,-1
2024-11-22 15:12:50.423,23115,23117,23115,1,-1
2024-11-22 15:12:55.090,23116,23117,23116,1,-1
2024-11-22 15:12:55.360,23115,23117,23115,3,-3
2024-11-22 15:12:55.360,23115,23117,23115,4,-4
2024-11-22 15:12:55.804,23114,23116,23115,1,-1
2024-11-22 15:12:55.804,23114,23116,23116,1,1
2024-11-22 15:12:57.143,23114,23116,23116,1,1
2024-11-22 15:12:58.948,23114,23115,23114,7,-7
2024-11-22 15:12:58.949,23114,23115,23114,1,-1
2024-11-22 15:12:59.090,23113,23114,23114,1,1
2024-11-22 15:12:59.090,23113,23114,23115,2,2
2024-11-22 15:12:59.090,23113,23114,23116,1,1
2024-11-22 15:12:59.504,23113,23115,23113,1,-1
2024-11-22 15:13:00.771,23113,23115,23113,1,-1
2024-11-22 15:13:00.771,23113,23115,23113,6,-6
2024-11-22 15:13:00.772,23113,23115,23112,2,-2
2024-11-22 15:13:00.773,23113,23115,23112,1,-1
2024-11-22 15:13:00.774,23113,23115,23112,4,-4
2024-11-22 15:13:00.774,23113,23115,23112,5,-5
2024-11-22 15:13:00.868,23111,23113,23113,2,2
2024-11-22 15:13:00.910,23111,23113,23111,1,-1
2024-11-22 15:13:00.983,23110,23113,23113,1,1
2024-11-22 15:13:01.765,23110,23113,23111,1,-1
2024-11-22 15:13:02.109,23110,23113,23110,1,-1
2024-11-22 15:13:02.116,23110,23113,23113,2,2
2024-11-22 15:13:02.215,23110,23113,23110,1,-1
2024-11-22 15:13:05.550,23110,23111,23110,1,-1
2024-11-22 15:13:06.061,23110,23112,23112,3,3
2024-11-22 15:13:06.061,23110,23112,23113,3,3
2024-11-22 15:13:06.159,23110,23113,23111,1,-1
2024-11-22 15:13:06.348,23111,23114,23111,1,-1
2024-11-22 15:13:06.619,23111,23114,23111,1,-1
2024-11-22 15:13:07.161,23110,23114,23112,1,-1
2024-11-22 15:13:07.194,23111,23114,23114,1,1
2024-11-22 15:13:07.360,23112,23115,23112,1,-1
2024-11-22 15:13:08.647,23112,23115,23112,1,-1
2024-11-22 15:13:12.219,23112,23115,23113,1,-1
2024-11-22 15:13:14.148,23112,23114,23112,1,-1
2024-11-22 15:13:14.960,23111,23114,23114,1,1
2024-11-22 15:13:16.198,23112,23114,23114,1,1
2024-11-22 15:13:18.360,23112,23114,23112,1,-1
2024-11-22 15:13:18.725,23111,23112,23111,1,-1
2024-11-22 15:13:19.786,23110,23112,23110,1,-1
2024-11-22 15:13:20.100,23110,23112,23112,1,1
2024-11-22 15:13:21.655,23110,23112,23110,6,-6
2024-11-22 15:13:21.655,23110,23112,23110,6,-6
2024-11-22 15:13:21.656,23110,23112,23110,1,-1
2024-11-22 15:13:21.656,23110,23112,23110,2,-2
2024-11-22 15:13:21.656,23110,23112,23110,2,-2
2024-11-22 15:13:21.656,23110,23112,23110,1,-1
2024-11-22 15:13:21.681,23110,23112,23109,3,-3
2024-11-22 15:13:22.239,23108,23110,23108,1,-1
2024-11-22 15:13:22.862,23107,23108,23108,2,2
2024-11-22 15:13:23.275,23106,23109,23106,1,-1
2024-11-22 15:13:24.171,23105,23108,23105,1,-1
2024-11-22 15:13:24.505,23105,23108,23105,1,-1
2024-11-22 15:13:25.230,23105,23108,23105,5,-5
2024-11-22 15:13:25.649,23103,23105,23103,1,-1
2024-11-22 15:13:26.258,23102,23105,23105,1,1
2024-11-22 15:13:26.552,23103,23105,23103,1,-1
2024-11-22 15:13:26.552,23103,23105,23102,1,-1
2024-11-22 15:13:26.597,23102,23105,23103,1,-1
2024-11-22 15:13:26.697,23103,23104,23104,1,1
2024-11-22 15:13:27.635,23104,23105,23105,2,2
2024-11-22 15:13:27.694,23105,23108,23108,1,1
2024-11-22 15:13:28.419,23105,23108,23108,2,2
2024-11-22 15:13:28.419,23105,23108,23109,1,1
2024-11-22 15:13:28.649,23108,23109,23109,1,1
2024-11-22 15:13:28.685,23108,23109,23108,1,-1
2024-11-22 15:13:28.747,23107,23108,23107,1,-1
2024-11-22 15:13:28.788,23107,23108,23107,1,-1
2024-11-22 15:13:28.965,23105,23108,23105,1,-1
2024-11-22 15:13:28.967,23105,23108,23105,1,-1
2024-11-22 15:13:32.485,23105,23108,23108,3,3
2024-11-22 15:13:32.768,23106,23109,23106,2,-2
2024-11-22 15:13:33.939,23105,23108,23108,1,1
2024-11-22 15:13:36.563,23105,23107,23107,3,3
2024-11-22 15:13:36.873,23105,23108,23105,1,-1
2024-11-22 15:13:37.671,23105,23108,23105,2,-2
2024-11-22 15:13:37.965,23104,23107,23104,1,-1
2024-11-22 15:13:38.078,23102,23105,23105,5,5
2024-11-22 15:13:39.106,23103,23105,23105,2,2
2024-11-22 15:13:41.046,23103,23104,23104,3,3
2024-11-22 15:13:41.047,23103,23104,23105,5,5
2024-11-22 15:13:47.870,23105,23107,23105,1,-1
2024-11-22 15:13:48.707,23105,23107,23107,4,4
2024-11-22 15:13:52.727,23107,23108,23107,1,-1
2024-11-22 15:13:53.703,23105,23107,23107,1,1
2024-11-22 15:13:53.721,23105,23107,23107,1,1
2024-11-22 15:13:54.427,23105,23107,23105,2,-2
2024-11-22 15:13:54.634,23103,23106,23105,2,2
2024-11-22 15:13:55.211,23102,23105,23102,1,-1
2024-11-22 15:13:56.570,23102,23105,23102,2,-2
2024-11-22 15:13:56.709,23101,23105,23105,3,3
2024-11-22 15:13:57.312,23103,23106,23103,1,-1
2024-11-22 15:13:57.857,23103,23106,23106,1,1
2024-11-22 15:13:58.057,23103,23106,23103,1,-1
2024-11-22 15:13:58.312,23103,23105,23104,1,-1
2024-11-22 15:14:05.190,23104,23105,23104,1,-1
2024-11-22 15:14:07.627,23103,23104,23103,1,-1
2024-11-22 15:14:07.788,23103,23104,23103,1,-1
2024-11-22 15:14:08.305,23102,23104,23104,1,1
2024-11-22 15:14:09.000,23102,23104,23104,1,1
2024-11-22 15:14:10.600,23102,23104,23102,1,-1
2024-11-22 15:14:12.863,23101,23102,23101,1,-1
2024-11-22 15:14:12.863,23101,23102,23101,3,-3
2024-11-22 15:14:13.019,23100,23101,23101,2,2
2024-11-22 15:14:13.019,23100,23101,23102,1,1
2024-11-22 15:14:13.526,23100,23102,23100,1,-1
2024-11-22 15:14:14.964,23100,23101,23100,3,-3
2024-11-22 15:14:14.964,23100,23101,23100,1,-1
2024-11-22 15:14:16.583,23098,23100,23098,1,-1
2024-11-22 15:14:17.176,23098,23100,23098,1,-1
2024-11-22 15:14:17.226,23098,23100,23098,1,-1
2024-11-22 15:14:18.226,23097,23099,23097,3,-3
2024-11-22 15:14:19.440,23097,23099,23097,1,-1
2024-11-22 15:14:19.440,23097,23099,23096,1,-1
2024-11-22 15:14:20.269,23095,23097,23097,1,1
2024-11-22 15:14:20.654,23095,23097,23097,2,2
2024-11-22 15:14:20.654,23095,23097,23097,1,1
2024-11-22 15:14:20.654,23095,23097,23098,1,1
2024-11-22 15:14:20.656,23095,23097,23099,1,1
2024-11-22 15:14:20.656,23095,23097,23099,1,1
2024-11-22 15:14:20.690,23095,23097,23099,2,2
2024-11-22 15:14:21.269,23098,23100,23100,1,1
2024-11-22 15:14:22.242,23098,23100,23100,1,1
2024-11-22 15:14:23.039,23098,23100,23100,1,1
2024-11-22 15:14:23.040,23098,23100,23101,2,2
2024-11-22 15:14:23.064,23098,23100,23101,1,1
2024-11-22 15:14:23.302,23101,23102,23102,1,1
2024-11-22 15:14:23.668,23101,23103,23102,2,2
2024-11-22 15:14:26.281,23101,23103,23103,1,1
2024-11-22 15:14:27.286,23103,23105,23105,2,2
2024-11-22 15:14:27.286,23103,23105,23106,7,7
2024-11-22 15:14:27.739,23106,23107,23107,1,1
2024-11-22 15:14:27.896,23106,23108,23108,1,1
2024-11-22 15:14:27.973,23107,23108,23107,2,-2
2024-11-22 15:14:31.751,23105,23106,23106,2,2
2024-11-22 15:14:31.751,23105,23106,23107,3,3
2024-11-22 15:14:32.015,23105,23107,23107,1,1
2024-11-22 15:14:32.039,23105,23107,23107,1,1
2024-11-22 15:14:32.049,23105,23107,23108,2,2
2024-11-22 15:14:33.544,23107,23109,23107,1,-1
2024-11-22 15:14:33.656,23107,23109,23107,1,-1
2024-11-22 15:14:34.368,23107,23109,23109,2,2
2024-11-22 15:14:34.368,23107,23109,23110,3,3
2024-11-22 15:14:34.369,23107,23109,23110,2,2
2024-11-22 15:14:34.406,23107,23109,23109,1,1
2024-11-22 15:14:35.070,23108,23110,23110,1,1
2024-11-22 15:14:35.070,23108,23110,23111,4,4
2024-11-22 15:14:36.338,23110,23112,23112,5,5
2024-11-22 15:14:37.315,23110,23112,23112,2,2
2024-11-22 15:14:37.429,23112,23113,23112,5,-5
2024-11-22 15:14:37.507,23110,23113,23110,1,-1
2024-11-22 15:14:38.490,23109,23111,23111,1,1
2024-11-22 15:14:39.327,23109,23111,23111,1,1
2024-11-22 15:14:40.652,23110,23111,23110,1,-1
2024-11-22 15:14:40.653,23110,23111,23110,1,-1
2024-11-22 15:14:41.889,23107,23110,23107,1,-1
2024-11-22 15:14:41.889,23107,23110,23107,12,-12
2024-11-22 15:14:41.889,23107,23110,23106,1,-1
2024-11-22 15:14:41.988,23105,23107,23107,2,2
2024-11-22 15:14:42.174,23105,23108,23109,1,1
2024-11-22 15:14:42.467,23106,23109,23109,2,2
2024-11-22 15:14:42.467,23106,23109,23110,3,3
2024-11-22 15:14:47.036,23106,23108,23106,1,-1
2024-11-22 15:14:48.013,23105,23108,23105,1,-1
2024-11-22 15:14:48.573,23104,23108,23108,1,1
2024-11-22 15:14:48.827,23105,23108,23105,2,-2
2024-11-22 15:14:48.827,23105,23108,23104,2,-2
2024-11-22 15:14:57.648,23106,23108,23106,1,-1
2024-11-22 15:15:03.795,23105,23107,23107,2,2
2024-11-22 15:15:03.825,23106,23108,23108,1,1
2024-11-22 15:15:03.826,23106,23108,23108,1,1
2024-11-22 15:15:04.182,23107,23109,23109,1,1
2024-11-22 15:15:04.195,23108,23110,23110,1,1
2024-11-22 15:15:04.195,23108,23110,23110,1,1
2024-11-22 15:15:04.196,23108,23110,23110,1,1
2024-11-22 15:15:04.196,23108,23110,23110,6,6
2024-11-22 15:15:04.196,23108,23110,23110,1,1
2024-11-22 15:15:04.347,23109,23112,23112,1,1
2024-11-22 15:15:04.463,23109,23112,23112,2,2
2024-11-22 15:15:04.517,23109,23112,23110,1,-1
2024-11-22 15:15:04.718,23110,23112,23110,1,-1
2024-11-22 15:15:04.718,23110,23112,23110,1,-1
2024-11-22 15:15:06.542,23107,23110,23110,1,1
2024-11-22 15:15:09.279,23110,23111,23111,1,1
2024-11-22 15:15:09.319,23110,23112,23112,1,1
2024-11-22 15:15:10.843,23110,23113,23110,1,-1
2024-11-22 15:15:11.426,23110,23112,23110,1,-1
2024-11-22 15:15:11.427,23110,23112,23110,2,-2
2024-11-22 15:15:16.312,23109,23112,23109,1,-1
2024-11-22 15:15:18.602,23109,23110,23109,6,-6
2024-11-22 15:15:20.202,23108,23110,23108,1,-1
2024-11-22 15:15:20.319,23107,23110,23110,1,1
2024-11-22 15:15:20.319,23107,23110,23110,1,1
2024-11-22 15:15:20.473,23107,23111,23108,1,-1
2024-11-22 15:15:20.684,23107,23110,23110,2,2
2024-11-22 15:15:21.127,23109,23111,23109,1,-1
2024-11-22 15:15:24.032,23110,23112,23112,1,1
2024-11-22 15:15:24.816,23111,23112,23111,1,-1
2024-11-22 15:15:24.817,23111,23112,23111,1,-1
2024-11-22 15:15:25.881,23110,23112,23110,1,-1
2024-11-22 15:15:33.450,23110,23112,23110,8,-8
2024-11-22 15:15:33.946,23107,23111,23110,1,1
2024-11-22 15:15:35.361,23107,23110,23107,1,-1
2024-11-22 15:15:38.807,23107,23109,23107,2,-2
2024-11-22 15:15:39.928,23106,23108,23108,1,1
2024-11-22 15:15:40.041,23106,23108,23108,1,1
2024-11-22 15:15:40.042,23106,23108,23108,2,2
2024-11-22 15:15:40.454,23106,23108,23108,1,1
2024-11-22 15:15:41.078,23106,23109,23106,1,-1
2024-11-22 15:15:44.188,23106,23109,23106,4,-4
2024-11-22 15:15:44.724,23106,23109,23106,1,-1
2024-11-22 15:15:49.101,23105,23108,23105,2,-2
2024-11-22 15:15:51.774,23101,23103,23101,1,-1
2024-11-22 15:15:52.348,23101,23102,23102,1,1
2024-11-22 15:15:53.102,23101,23102,23102,1,1
2024-11-22 15:15:54.344,23102,23104,23102,1,-1
2024-11-22 15:15:56.109,23103,23106,23107,1,1
2024-11-22 15:16:00.147,23105,23107,23107,1,1
2024-11-22 15:16:01.746,23105,23107,23107,1,1
2024-11-22 15:16:07.910,23107,23110,23107,2,-2
2024-11-22 15:16:09.994,23107,23109,23109,1,1
2024-11-22 15:16:12.133,23109,23110,23110,1,1
2024-11-22 15:16:12.133,23109,23110,23110,1,1
2024-11-22 15:16:14.405,23110,23111,23110,2,-2
2024-11-22 15:16:14.945,23108,23111,23111,1,1
2024-11-22 15:16:19.265,23109,23112,23111,1,1
2024-11-22 15:16:24.701,23109,23112,23112,1,1
2024-11-22 15:16:28.119,23109,23110,23109,1,-1
2024-11-22 15:16:28.183,23109,23110,23110,1,1
2024-11-22 15:16:28.245,23108,23110,23111,1,1
2024-11-22 15:16:28.245,23108,23110,23112,2,2
2024-11-22 15:16:28.245,23108,23110,23110,2,2
2024-11-22 15:16:28.714,23109,23112,23112,1,1
2024-11-22 15:16:28.717,23109,23112,23109,1,-1
2024-11-22 15:16:37.512,23110,23112,23112,1,1
2024-11-22 15:16:38.511,23111,23113,23113,6,6
2024-11-22 15:16:39.584,23112,23114,23114,1,1
2024-11-22 15:16:39.900,23112,23114,23112,1,-1
2024-11-22 15:16:41.663,23113,23114,23113,1,-1
2024-11-22 15:16:42.610,23112,23114,23114,1,1
2024-11-22 15:16:43.621,23112,23114,23114,1,1
2024-11-22 15:16:45.554,23112,23113,23112,1,-1
2024-11-22 15:16:45.592,23112,23113,23113,2,2
2024-11-22 15:16:47.638,23112,23113,23112,1,-1
2024-11-22 15:16:47.682,23112,23113,23110,3,-3
2024-11-22 15:16:48.849,23108,23111,23108,1,-1
2024-11-22 15:16:48.982,23107,23111,23111,1,1
2024-11-22 15:16:50.132,23108,23111,23111,1,1
2024-11-22 15:16:52.650,23108,23111,23111,1,1
2024-11-22 15:16:54.193,23108,23110,23108,1,-1
2024-11-22 15:16:54.193,23108,23110,23108,1,-1
2024-11-22 15:16:54.194,23108,23110,23107,3,-3
2024-11-22 15:16:55.664,23105,23107,23105,1,-1
2024-11-22 15:16:57.753,23104,23105,23105,1,1
2024-11-22 15:16:59.438,23104,23106,23106,1,1
2024-11-22 15:16:59.991,23104,23107,23104,1,-1
2024-11-22 15:17:00.776,23105,23107,23105,1,-1
2024-11-22 15:17:30.387,23105,23108,23105,1,-1
2024-11-22 15:17:30.716,23105,23108,23105,1,-1
2024-11-22 15:17:31.009,23104,23106,23104,1,-1
2024-11-22 15:17:31.287,23103,23106,23105,6,6
2024-11-22 15:17:32.564,23103,23106,23106,2,2
2024-11-22 15:17:37.135,23104,23105,23105,1,1
2024-11-22 15:17:37.456,23105,23106,23105,2,-2
2024-11-22 15:17:40.674,23105,23108,23105,1,-1
2024-11-22 15:17:45.819,23104,23107,23104,1,-1
2024-11-22 15:17:45.819,23104,23107,23104,1,-1
2024-11-22 15:17:47.442,23103,23106,23103,1,-1
2024-11-22 15:17:50.539,23104,23105,23104,1,-1
2024-11-22 15:17:50.540,23104,23105,23104,3,-3
2024-11-22 15:17:52.443,23103,23105,23103,2,-2
2024-11-22 15:17:53.292,23101,23104,23109,9,9
2024-11-22 15:17:53.292,23101,23104,23108,9,9
2024-11-22 15:17:53.292,23101,23104,23107,6,6
2024-11-22 15:17:53.292,23101,23104,23110,7,7
2024-11-22 15:17:53.292,23101,23104,23105,4,4
2024-11-22 15:17:53.292,23101,23104,23104,5,5
2024-11-22 15:17:53.292,23101,23104,23106,10,10
2024-11-22 15:17:53.295,23101,23104,23108,1,1
2024-11-22 15:17:53.452,23107,23110,23110,1,1
2024-11-22 15:17:53.454,23107,23110,23111,1,1
2024-11-22 15:17:53.493,23107,23110,23111,1,1
2024-11-22 15:17:53.721,23109,23112,23109,1,-1
2024-11-22 15:17:53.919,23109,23112,23109,1,-1
2024-11-22 15:17:56.790,23110,23112,23112,1,1
2024-11-22 15:17:56.790,23110,23112,23112,1,1
2024-11-22 15:17:57.499,23111,23113,23111,1,-1
2024-11-22 15:18:00.574,23110,23111,23110,1,-1
2024-11-22 15:18:00.924,23109,23112,23112,1,1
2024-11-22 15:18:06.141,23109,23112,23112,1,1
2024-11-22 15:18:11.846,23109,23111,23109,2,-2
2024-11-22 15:18:13.996,23107,23109,23109,1,1
2024-11-22 15:18:15.103,23108,23111,23108,1,-1
2024-11-22 15:18:17.528,23109,23112,23109,2,-2
2024-11-22 15:18:31.770,23108,23110,23108,2,-2
2024-11-22 15:18:31.820,23105,23108,23108,1,1
2024-11-22 15:18:31.853,23105,23108,23108,1,1
2024-11-22 15:18:32.332,23106,23109,23106,1,-1
2024-11-22 15:18:36.185,23105,23108,23108,1,1
2024-11-22 15:18:41.981,23106,23108,23108,1,1
2024-11-22 15:18:42.551,23108,23109,23109,1,1
2024-11-22 15:18:44.229,23108,23111,23108,1,-1
2024-11-22 15:18:44.744,23108,23110,23108,2,-2
2024-11-22 15:18:44.744,23108,23110,23107,1,-1
2024-11-22 15:18:50.586,23108,23110,23110,1,1
2024-11-22 15:18:50.586,23108,23110,23111,1,1
2024-11-22 15:18:51.142,23110,23112,23110,1,-1
2024-11-22 15:18:56.705,23108,23111,23111,1,1
2024-11-22 15:19:01.795,23109,23111,23111,1,1
2024-11-22 15:19:01.818,23111,23112,23111,1,-1
2024-11-22 15:19:02.087,23110,23112,23111,1,-1
2024-11-22 15:19:02.087,23110,23112,23110,1,-1
2024-11-22 15:19:02.367,23109,23112,23112,1,1
2024-11-22 15:19:02.367,23109,23112,23112,1,1
2024-11-22 15:19:06.833,23110,23112,23112,1,1
2024-11-22 15:19:06.833,23110,23112,23112,2,2
2024-11-22 15:19:06.880,23110,23112,23112,2,2
2024-11-22 15:19:07.348,23112,23113,23112,1,-1
2024-11-22 15:19:07.989,23112,23113,23113,1,1
2024-11-22 15:19:07.991,23112,23113,23113,1,1
2024-11-22 15:19:08.795,23112,23113,23113,1,1
2024-11-22 15:19:10.608,23112,23113,23112,1,-1
2024-11-22 15:19:10.608,23112,23113,23112,1,-1
2024-11-22 15:19:13.138,23110,23113,23110,3,-3
2024-11-22 15:19:13.140,23110,23113,23109,1,-1
2024-11-22 15:19:13.201,23108,23110,23108,1,-1
2024-11-22 15:19:14.799,23106,23108,23106,2,-2
2024-11-22 15:19:15.102,23105,23107,23105,2,-2
2024-11-22 15:19:15.102,23105,23107,23105,1,-1
2024-11-22 15:19:15.329,23104,23105,23105,1,1
2024-11-22 15:19:18.994,23103,23105,23103,1,-1
2024-11-22 15:19:18.995,23103,23105,23103,1,-1
2024-11-22 15:19:18.995,23103,23105,23103,1,-1
2024-11-22 15:19:22.434,23101,23103,23101,1,-1
2024-11-22 15:19:23.657,23101,23103,23103,1,1
2024-11-22 15:19:24.570,23101,23104,23101,1,-1
2024-11-22 15:19:32.792,23103,23104,23103,1,-1
2024-11-22 15:19:36.813,23102,23104,23102,2,-2
2024-11-22 15:19:37.014,23102,23104,23104,1,1
2024-11-22 15:19:37.100,23102,23104,23102,1,-1
2024-11-22 15:19:37.104,23102,23104,23101,12,-12
2024-11-22 15:19:37.105,23102,23104,23100,9,-9
2024-11-22 15:19:37.105,23102,23104,23100,1,-1
2024-11-22 15:19:37.167,23102,23104,23101,1,-1
2024-11-22 15:19:42.665,23101,23104,23101,1,-1
2024-11-22 15:19:44.565,23099,23101,23101,1,1
2024-11-22 15:19:44.565,23099,23101,23101,1,1
2024-11-22 15:19:44.627,23100,23102,23102,1,1
2024-11-22 15:19:50.024,23102,23104,23104,2,2
2024-11-22 15:19:51.345,23104,23106,23104,1,-1
2024-11-22 15:19:55.237,23103,23104,23104,1,1
2024-11-22 15:19:55.431,23103,23106,23103,2,-2
2024-11-22 15:20:00.346,23104,23105,23104,1,-1
2024-11-22 15:20:00.793,23102,23105,23102,3,-3
2024-11-22 15:20:00.794,23102,23105,23101,6,-6
2024-11-22 15:20:00.795,23102,23105,23100,3,-3
2024-11-22 15:20:00.974,23099,23101,23099,5,-5
2024-11-22 15:20:00.974,23099,23101,23099,4,-4
2024-11-22 15:20:00.982,23099,23101,23098,1,-1
2024-11-22 15:20:04.533,23097,23099,23099,1,1
2024-11-22 15:20:04.838,23099,23102,23099,1,-1
2024-11-22 15:20:05.550,23100,23101,23101,1,1
2024-11-22 15:20:05.589,23101,23102,23101,1,-1
2024-11-22 15:20:10.152,23101,23102,23102,5,5
2024-11-22 15:20:10.153,23101,23102,23102,9,9
2024-11-22 15:20:10.154,23101,23102,23103,1,1
2024-11-22 15:20:13.388,23102,23104,23101,1,-1
2024-11-22 15:20:16.600,23103,23104,23103,1,-1
2024-11-22 15:20:35.618,23101,23103,23101,3,-3
2024-11-22 15:20:35.618,23101,23103,23100,2,-2
2024-11-22 15:20:35.618,23101,23103,23099,5,-5
2024-11-22 15:20:36.201,23097,23100,23100,1,1
2024-11-22 15:20:36.743,23097,23100,23097,1,-1
2024-11-22 15:20:47.719,23099,23101,23099,2,-2
2024-11-22 15:20:52.585,23097,23100,23097,1,-1
2024-11-22 15:20:55.478,23098,23100,23098,1,-1
2024-11-22 15:20:55.666,23097,23099,23097,1,-1
2024-11-22 15:20:55.709,23097,23099,23097,5,-5
2024-11-22 15:20:59.371,23096,23098,23096,1,-1
2024-11-22 15:20:59.504,23096,23098,23096,1,-1
2024-11-22 15:20:59.679,23096,23098,23096,1,-1
2024-11-22 15:20:59.767,23096,23098,23096,1,-1
2024-11-22 15:20:59.858,23096,23098,23096,1,-1
2024-11-22 15:21:00.009,23096,23098,23096,1,-1
2024-11-22 15:21:00.018,23096,23098,23096,1,-1
2024-11-22 15:21:00.099,23096,23098,23097,1,-1
2024-11-22 15:21:00.224,23096,23097,23096,1,-1
2024-11-22 15:21:00.317,23095,23097,23095,1,-1
2024-11-22 15:21:00.904,23095,23097,23097,2,2
2024-11-22 15:21:01.351,23095,23098,23095,6,-6
2024-11-22 15:21:01.364,23095,23098,23094,1,-1
2024-11-22 15:21:01.996,23094,23097,23094,1,-1
2024-11-22 15:21:03.419,23094,23097,23094,1,-1
2024-11-22 15:21:04.967,23095,23096,23095,1,-1
2024-11-22 15:21:07.090,23095,23096,23095,1,-1
2024-11-22 15:21:07.398,23094,23096,23096,5,5
2024-11-22 15:21:07.398,23094,23096,23096,2,2
2024-11-22 15:21:07.399,23094,23096,23097,1,1
2024-11-22 15:21:07.400,23094,23096,23096,2,2
2024-11-22 15:21:07.400,23094,23096,23095,3,3
2024-11-22 15:21:09.863,23094,23097,23094,1,-1
2024-11-22 15:21:11.974,23094,23096,23094,5,-5
2024-11-22 15:21:11.974,23094,23096,23093,1,-1
2024-11-22 15:21:13.195,23093,23095,23093,1,-1
2024-11-22 15:21:14.110,23093,23095,23093,4,-4
2024-11-22 15:21:14.497,23092,23093,23093,1,1
2024-11-22 15:21:16.530,23092,23093,23092,1,-1
2024-11-22 15:21:20.974,23092,23093,23093,1,1
2024-11-22 15:21:22.459,23092,23094,23092,1,-1
2024-11-22 15:21:23.957,23092,23093,23092,1,-1
2024-11-22 15:21:24.645,23092,23093,23092,1,-1
2024-11-22 15:21:26.358,23091,23093,23092,1,-1
2024-11-22 15:21:26.359,23091,23093,23093,3,3
2024-11-22 15:21:35.758,23095,23096,23095,1,-1
2024-11-22 15:21:35.758,23095,23096,23094,2,-2
2024-11-22 15:21:36.116,23094,23096,23094,1,-1
2024-11-22 15:21:37.449,23093,23095,23093,4,-4
2024-11-22 15:21:37.644,23091,23093,23091,1,-1
2024-11-22 15:21:37.763,23090,23092,23090,4,-4
2024-11-22 15:21:39.153,23091,23094,23091,2,-2
2024-11-22 15:21:43.854,23090,23091,23091,3,3
2024-11-22 15:21:43.854,23090,23091,23091,1,1
2024-11-22 15:21:43.854,23090,23091,23091,1,1
2024-11-22 15:21:45.224,23091,23093,23091,1,-1
2024-11-22 15:21:45.224,23091,23093,23090,2,-2
2024-11-22 15:21:47.880,23090,23092,23090,3,-3
2024-11-22 15:21:47.880,23090,23092,23089,5,-5
2024-11-22 15:21:47.883,23090,23092,23088,3,-3
2024-11-22 15:21:47.975,23087,23089,23087,1,-1
2024-11-22 15:21:48.033,23087,23089,23087,1,-1
2024-11-22 15:21:48.033,23087,23089,23086,1,-1
2024-11-22 15:21:48.289,23086,23087,23086,3,-3
2024-11-22 15:21:48.583,23085,23087,23085,2,-2
2024-11-22 15:21:48.719,23085,23087,23085,1,-1
2024-11-22 15:21:48.727,23085,23087,23084,1,-1
2024-11-22 15:21:48.727,23085,23087,23085,1,-1
2024-11-22 15:21:48.730,23085,23087,23084,1,-1
2024-11-22 15:21:48.991,23084,23086,23084,1,-1
2024-11-22 15:21:48.992,23084,23086,23083,4,-4
2024-11-22 15:21:49.041,23084,23086,23082,1,-1
2024-11-22 15:21:49.041,23084,23086,23081,2,-2
2024-11-22 15:21:49.126,23080,23083,23080,4,-4
2024-11-22 15:21:49.165,23080,23083,23080,2,-2
2024-11-22 15:21:49.340,23080,23083,23083,1,1
2024-11-22 15:21:49.352,23080,23083,23080,1,-1
2024-11-22 15:21:49.955,23080,23083,23080,1,-1
2024-11-22 15:21:50.369,23080,23083,23080,1,-1
2024-11-22 15:21:51.151,23082,23083,23082,1,-1
2024-11-22 15:21:51.522,23080,23083,23083,1,1
2024-11-22 15:21:51.590,23080,23083,23080,1,-1
2024-11-22 15:21:52.375,23080,23083,23080,2,-2
2024-11-22 15:21:53.894,23081,23084,23081,2,-2
2024-11-22 15:21:54.478,23081,23084,23084,1,1
2024-11-22 15:21:54.988,23083,23085,23085,1,1
2024-11-22 15:21:54.988,23083,23085,23086,2,2
2024-11-22 15:21:55.600,23085,23087,23085,1,-1
2024-11-22 15:21:55.892,23085,23087,23085,1,-1
2024-11-22 15:21:55.892,23085,23087,23084,5,-5
2024-11-22 15:21:55.892,23085,23087,23084,1,-1
2024-11-22 15:21:56.708,23083,23086,23083,1,-1
2024-11-22 15:21:59.294,23083,23086,23083,1,-1
2024-11-22 15:22:00.364,23082,23085,23083,2,-2
2024-11-22 15:22:00.489,23082,23085,23082,2,-2
2024-11-22 15:22:02.695,23083,23085,23083,1,-1
2024-11-22 15:22:07.419,23082,23085,23083,2,-2
2024-11-22 15:22:08.888,23082,23085,23082,3,-3
2024-11-22 15:22:08.888,23082,23085,23081,2,-2
2024-11-22 15:22:11.850,23081,23083,23083,1,1
2024-11-22 15:22:13.992,23081,23083,23081,1,-1
2024-11-22 15:22:13.993,23081,23083,23081,1,-1
2024-11-22 15:22:15.511,23080,23082,23080,2,-2
2024-11-22 15:22:15.561,23080,23082,23080,1,-1
2024-11-22 15:22:15.561,23080,23082,23080,1,-1
2024-11-22 15:22:15.561,23080,23082,23080,2,-2
2024-11-22 15:22:15.750,23078,23080,23080,1,1
2024-11-22 15:22:16.824,23078,23080,23078,1,-1
2024-11-22 15:22:16.866,23078,23080,23078,1,-1
2024-11-22 15:22:17.328,23076,23079,23079,1,1
2024-11-22 15:22:17.346,23076,23079,23079,3,3
2024-11-22 15:22:17.346,23076,23079,23080,5,5
2024-11-22 15:22:17.347,23076,23079,23080,1,1
2024-11-22 15:22:17.347,23076,23079,23080,1,1
2024-11-22 15:22:18.338,23078,23080,23080,1,1
2024-11-22 15:22:20.617,23077,23080,23079,1,1
2024-11-22 15:22:22.577,23076,23078,23076,1,-1
2024-11-22 15:22:22.801,23076,23078,23076,2,-2
2024-11-22 15:22:22.801,23076,23078,23075,6,-6
2024-11-22 15:22:22.863,23075,23077,23075,1,-1
2024-11-22 15:22:23.408,23074,23076,23076,1,1
2024-11-22 15:22:23.890,23076,23078,23076,1,-1
2024-11-22 15:22:24.507,23076,23077,23076,1,-1
2024-11-22 15:22:24.507,23076,23077,23075,1,-1
2024-11-22 15:22:24.507,23076,23077,23074,3,-3
2024-11-22 15:22:28.900,23074,23077,23075,6,-6
2024-11-22 15:22:29.263,23076,23078,23078,4,4
2024-11-22 15:22:30.161,23078,23080,23078,1,-1
2024-11-22 15:22:32.389,23077,23080,23077,1,-1
2024-11-22 15:22:33.117,23077,23080,23077,1,-1
2024-11-22 15:22:33.755,23078,23080,23080,6,6
2024-11-22 15:22:35.903,23080,23082,23080,1,-1
2024-11-22 15:22:36.429,23079,23081,23081,1,1
2024-11-22 15:22:37.809,23080,23083,23083,3,3
2024-11-22 15:22:37.809,23080,23083,23083,3,3
2024-11-22 15:22:38.317,23083,23084,23084,1,1
2024-11-22 15:22:42.094,23083,23085,23085,1,1
2024-11-22 15:22:42.453,23084,23086,23086,1,1
2024-11-22 15:22:44.474,23085,23088,23085,1,-1
2024-11-22 15:22:44.955,23085,23088,23085,1,-1
2024-11-22 15:22:46.346,23087,23088,23088,2,2
2024-11-22 15:22:47.222,23087,23088,23087,1,-1
2024-11-22 15:22:47.581,23086,23088,23088,1,1
2024-11-22 15:22:47.672,23086,23088,23088,1,1
2024-11-22 15:22:52.894,23087,23089,23089,3,3
2024-11-22 15:22:53.616,23088,23090,23090,1,1
2024-11-22 15:22:54.582,23088,23090,23090,2,2
2024-11-22 15:22:55.291,23088,23090,23090,2,2
2024-11-22 15:22:55.291,23088,23090,23090,1,1
2024-11-22 15:22:55.382,23090,23092,23090,1,-1
2024-11-22 15:22:55.650,23090,23092,23090,1,-1
2024-11-22 15:22:57.790,23090,23092,23092,1,1
2024-11-22 15:23:01.791,23090,23093,23093,2,2
2024-11-22 15:23:02.118,23091,23094,23091,1,-1
2024-11-22 15:23:02.128,23091,23094,23091,1,-1
2024-11-22 15:23:02.131,23091,23094,23090,1,-1
2024-11-22 15:23:02.937,23092,23095,23092,1,-1
2024-11-22 15:23:03.187,23091,23094,23091,1,-1
2024-11-22 15:23:04.769,23092,23094,23092,1,-1
2024-11-22 15:23:04.798,23092,23094,23092,1,-1
2024-11-22 15:23:07.395,23092,23093,23093,4,4
2024-11-22 15:23:07.395,23092,23093,23094,1,1
2024-11-22 15:23:07.782,23092,23093,23092,1,-1
2024-11-22 15:23:08.867,23092,23093,23093,2,2
2024-11-22 15:23:08.879,23092,23093,23092,1,-1
2024-11-22 15:23:12.269,23092,23095,23095,1,1
2024-11-22 15:23:12.951,23095,23096,23095,1,-1
2024-11-22 15:23:16.185,23094,23096,23094,1,-1
2024-11-22 15:23:17.627,23094,23095,23094,1,-1
2024-11-22 15:23:23.511,23093,23095,23094,1,-1
2024-11-22 15:23:28.386,23093,23094,23094,1,1
2024-11-22 15:23:28.386,23093,23094,23094,3,3
2024-11-22 15:23:28.387,23093,23094,23094,1,1
2024-11-22 15:23:28.387,23093,23094,23094,1,1
2024-11-22 15:23:28.989,23094,23095,23095,1,1
2024-11-22 15:23:28.989,23094,23095,23097,1,1
2024-11-22 15:23:33.955,23095,23097,23097,2,2
2024-11-22 15:23:35.059,23096,23098,23098,2,2
2024-11-22 15:23:39.340,23098,23099,23099,1,1
2024-11-22 15:23:39.366,23098,23099,23099,1,1
2024-11-22 15:23:39.366,23098,23099,23099,1,1
2024-11-22 15:23:40.172,23098,23100,23100,1,1
2024-11-22 15:23:40.214,23098,23100,23100,1,1
2024-11-22 15:23:40.731,23099,23100,23099,1,-1
2024-11-22 15:23:42.253,23098,23100,23100,1,1
2024-11-22 15:23:42.374,23098,23100,23100,1,1
2024-11-22 15:23:44.880,23098,23100,23100,4,4
2024-11-22 15:23:48.568,23100,23101,23101,1,1
2024-11-22 15:23:50.844,23100,23101,23101,1,1
2024-11-22 15:23:52.002,23100,23103,23100,1,-1
2024-11-22 15:23:53.844,23101,23103,23101,1,-1
2024-11-22 15:23:54.468,23100,23102,23101,1,-1
2024-11-22 15:23:59.289,23101,23102,23101,1,-1
2024-11-22 15:24:00.138,23101,23102,23102,1,1
2024-11-22 15:24:00.138,23101,23102,23102,1,1
2024-11-22 15:24:00.138,23101,23102,23102,5,5
2024-11-22 15:24:02.036,23101,23103,23101,4,-4
2024-11-22 15:24:02.036,23101,23103,23100,2,-2
2024-11-22 15:24:02.140,23100,23103,23103,1,1
2024-11-22 15:24:02.144,23100,23103,23103,1,1
2024-11-22 15:24:03.350,23100,23102,23102,3,3
2024-11-22 15:24:04.351,23101,23102,23101,1,-1
2024-11-22 15:24:04.622,23100,23102,23102,1,1
2024-11-22 15:24:05.416,23100,23103,23100,1,-1
2024-11-22 15:24:05.867,23100,23103,23100,1,-1
2024-11-22 15:24:06.385,23102,23103,23102,1,-1
2024-11-22 15:24:07.399,23102,23103,23103,3,3
2024-11-22 15:24:07.400,23102,23103,23103,1,1
2024-11-22 15:24:09.866,23102,23104,23104,1,1
2024-11-22 15:24:10.736,23103,23105,23103,2,-2
2024-11-22 15:24:11.533,23103,23105,23105,1,1
2024-11-22 15:24:11.595,23104,23106,23106,1,1
2024-11-22 15:24:11.738,23104,23108,23108,1,1
2024-11-22 15:24:14.602,23107,23108,23108,4,4
2024-11-22 15:24:16.077,23107,23109,23107,4,-4
2024-11-22 15:24:19.248,23104,23106,23106,1,1
2024-11-22 15:24:21.349,23104,23108,23108,1,1
2024-11-22 15:24:28.889,23105,23107,23105,4,-4
2024-11-22 15:24:32.385,23104,23106,23105,1,-1
2024-11-22 15:24:34.102,23104,23106,23105,1,-1
2024-11-22 15:24:36.327,23105,23106,23106,1,1
2024-11-22 15:24:36.327,23105,23106,23106,2,2
2024-11-22 15:24:36.327,23105,23106,23106,1,1
2024-11-22 15:24:38.851,23105,23107,23105,1,-1
2024-11-22 15:24:39.428,23105,23106,23106,1,1
2024-11-22 15:24:42.272,23106,23107,23107,2,2
2024-11-22 15:24:43.376,23106,23107,23107,1,1
2024-11-22 15:24:45.497,23106,23108,23108,1,1
2024-11-22 15:24:49.961,23107,23108,23108,3,3
2024-11-22 15:24:52.885,23108,23109,23109,1,1
2024-11-22 15:24:53.586,23108,23109,23108,1,-1
2024-11-22 15:24:55.911,23107,23108,23108,2,2
2024-11-22 15:24:57.251,23107,23108,23107,1,-1
2024-11-22 15:24:57.251,23107,23108,23107,2,-2
2024-11-22 15:24:57.253,23107,23108,23106,2,-2
2024-11-22 15:24:57.253,23107,23108,23106,1,-1
2024-11-22 15:24:58.020,23105,23107,23105,2,-2
2024-11-22 15:24:58.808,23104,23105,23104,3,-3
2024-11-22 15:24:58.896,23103,23104,23104,1,1
2024-11-22 15:25:00.052,23103,23105,23103,1,-1
2024-11-22 15:25:00.393,23102,23105,23103,1,-1
2024-11-22 15:25:02.357,23103,23104,23103,1,-1
2024-11-22 15:25:02.678,23102,23104,23102,1,-1
2024-11-22 15:25:02.719,23102,23103,23102,1,-1
2024-11-22 15:25:02.719,23102,23103,23102,1,-1
2024-11-22 15:25:03.799,23101,23102,23102,1,1
2024-11-22 15:25:04.936,23101,23102,23102,1,1
2024-11-22 15:25:06.621,23101,23103,23103,1,1
2024-11-22 15:25:07.264,23102,23103,23103,1,1
2024-11-22 15:25:08.547,23102,23103,23103,1,1
2024-11-22 15:25:09.526,23102,23103,23103,1,1
2024-11-22 15:25:11.506,23102,23103,23103,1,1
2024-11-22 15:25:11.506,23102,23103,23103,3,3
2024-11-22 15:25:13.409,23104,23107,23104,1,-1
2024-11-22 15:25:15.567,23104,23107,23104,1,-1
2024-11-22 15:25:16.565,23103,23105,23105,1,1
2024-11-22 15:25:23.559,23103,23104,23103,1,-1
2024-11-22 15:25:23.729,23102,23103,23102,1,-1
2024-11-22 15:25:24.859,23101,23102,23101,2,-2
2024-11-22 15:25:25.005,23100,23101,23100,1,-1
2024-11-22 15:25:25.005,23100,23101,23100,1,-1
2024-11-22 15:25:26.962,23100,23102,23100,2,-2
2024-11-22 15:25:26.962,23100,23102,23099,5,-5
2024-11-22 15:25:26.963,23100,23102,23099,3,-3
2024-11-22 15:25:29.106,23098,23099,23098,1,-1
2024-11-22 15:25:29.106,23098,23099,23098,3,-3
2024-11-22 15:25:30.233,23097,23099,23097,1,-1
2024-11-22 15:25:35.122,23098,23100,23098,1,-1
2024-11-22 15:25:36.004,23098,23100,23100,1,1
2024-11-22 15:25:44.814,23098,23100,23098,1,-1
2024-11-22 15:25:45.495,23098,23099,23099,2,2
2024-11-22 15:25:47.427,23098,23099,23098,2,-2
2024-11-22 15:25:49.116,23098,23099,23098,1,-1
2024-11-22 15:25:50.993,23098,23099,23099,1,1
2024-11-22 15:25:50.994,23098,23099,23099,1,1
2024-11-22 15:25:51.200,23098,23100,23100,1,1
2024-11-22 15:25:52.435,23099,23100,23099,1,-1
2024-11-22 15:25:53.011,23099,23100,23100,3,3
2024-11-22 15:25:58.920,23099,23101,23101,1,1
2024-11-22 15:26:01.870,23100,23102,23100,1,-1
2024-11-22 15:26:01.911,23100,23102,23098,5,-5
2024-11-22 15:26:01.913,23100,23102,23096,4,-4
2024-11-22 15:26:03.576,23095,23097,23095,1,-1
2024-11-22 15:26:03.576,23095,23097,23095,1,-1
2024-11-22 15:26:05.061,23093,23095,23095,1,1
2024-11-22 15:26:05.987,23093,23095,23093,1,-1
2024-11-22 15:26:09.337,23092,23095,23095,1,1
2024-11-22 15:26:09.498,23093,23095,23095,3,3
2024-11-22 15:26:14.962,23096,23099,23096,1,-1
2024-11-22 15:26:16.499,23092,23095,23092,1,-1
2024-11-22 15:26:16.687,23092,23094,23095,2,2
2024-11-22 15:26:17.113,23092,23094,23092,1,-1
2024-11-22 15:26:18.188,23093,23095,23095,1,1
2024-11-22 15:26:20.671,23092,23093,23092,1,-1
2024-11-22 15:26:20.956,23091,23092,23091,1,-1
2024-11-22 15:26:21.721,23090,23092,23092,1,1
2024-11-22 15:26:22.323,23090,23093,23090,1,-1
2024-11-22 15:26:23.064,23090,23092,23090,3,-3
2024-11-22 15:26:23.065,23090,23092,23089,1,-1
2024-11-22 15:26:23.095,23090,23092,23088,3,-3
2024-11-22 15:26:23.150,23090,23092,23088,1,-1
2024-11-22 15:26:24.627,23087,23089,23087,1,-1
2024-11-22 15:26:25.683,23087,23088,23087,2,-2
2024-11-22 15:26:27.117,23085,23087,23087,1,1
2024-11-22 15:26:27.720,23086,23089,23087,4,-4
2024-11-22 15:26:27.908,23086,23089,23086,1,-1
2024-11-22 15:26:28.666,23086,23088,23086,1,-1
2024-11-22 15:26:29.317,23085,23087,23085,2,-2
2024-11-22 15:26:29.679,23084,23086,23084,2,-2
2024-11-22 15:26:34.216,23084,23087,23085,1,-1
2024-11-22 15:26:36.616,23085,23087,23085,2,-2
2024-11-22 15:26:37.933,23084,23086,23084,1,-1
2024-11-22 15:26:39.002,23083,23084,23084,1,1
2024-11-22 15:26:41.760,23083,23084,23083,1,-1
2024-11-22 15:26:42.642,23083,23084,23084,1,1
2024-11-22 15:26:47.819,23084,23086,23085,1,1
2024-11-22 15:26:48.556,23084,23087,23084,1,-1
2024-11-22 15:26:51.177,23086,23087,23086,1,-1
2024-11-22 15:26:52.631,23084,23086,23086,1,1
2024-11-22 15:26:53.255,23084,23086,23086,1,1
2024-11-22 15:26:53.534,23084,23086,23084,1,-1
2024-11-22 15:26:54.900,23083,23086,23086,2,2
2024-11-22 15:26:54.900,23083,23086,23086,3,3
2024-11-22 15:26:54.901,23083,23086,23087,1,1
2024-11-22 15:26:55.646,23089,23090,23090,1,1
2024-11-22 15:26:56.516,23090,23093,23093,1,1
2024-11-22 15:26:57.042,23090,23093,23093,2,2
2024-11-22 15:26:57.042,23090,23093,23094,3,3
2024-11-22 15:26:58.996,23093,23095,23093,1,-1
