2020-05-11 15:00:00.024,10985,10986,10985,37
2020-05-11 15:00:00.025,10985,10986,10985,1
2020-05-11 15:00:00.183,10985,10986,10986,1
2020-05-11 15:00:00.255,10985,10986,10986,2
2020-05-11 15:00:00.545,10985,10986,10986,1
2020-05-11 15:00:00.572,10985,10986,10986,2
2020-05-11 15:00:00.628,10985,10986,10986,1
2020-05-11 15:00:00.829,10985,10986,10985,1
2020-05-11 15:00:00.850,10985,10986,10985,1
2020-05-11 15:00:00.947,10985,10986,10985,1
2020-05-11 15:00:00.948,10985,10986,10985,1
2020-05-11 15:00:01.068,10985,10986,10985,2
2020-05-11 15:00:01.324,10985,10986,10985,1
2020-05-11 15:00:01.475,10985,10986,10985,2
2020-05-11 15:00:04.199,10985,10986,10986,12
2020-05-11 15:00:04.335,10985,10987,10987,1
2020-05-11 15:00:04.617,10986,10987,10987,3
2020-05-11 15:00:04.850,10986,10987,10986,1
2020-05-11 15:00:05.550,10986,10987,10986,1
2020-05-11 15:00:05.632,10986,10987,10986,2
2020-05-11 15:00:07.124,10986,10987,10987,2
2020-05-11 15:00:08.439,10987,10988,10987,1
2020-05-11 15:00:08.543,10987,10988,10987,1
2020-05-11 15:00:08.818,10986,10987,10987,2
2020-05-11 15:00:09.289,10986,10988,10988,1
2020-05-11 15:00:09.816,10986,10987,10986,1
2020-05-11 15:00:10.267,10986,10987,10987,2
2020-05-11 15:00:10.267,10986,10987,10988,8
2020-05-11 15:00:10.830,10987,10988,10988,1
2020-05-11 15:00:10.830,10987,10988,10989,2
2020-05-11 15:00:11.022,10987,10989,10987,2
2020-05-11 15:00:12.141,10987,10988,10988,1
2020-05-11 15:00:12.234,10987,10988,10987,1
2020-05-11 15:00:14.263,10986,10987,10986,1
2020-05-11 15:00:14.689,10986,10987,10986,2
2020-05-11 15:00:14.762,10986,10987,10986,1
2020-05-11 15:00:14.762,10986,10987,10986,1
2020-05-11 15:00:14.870,10985,10987,10986,1
2020-05-11 15:00:15.446,10985,10986,10985,1
2020-05-11 15:00:15.488,10985,10986,10985,1
2020-05-11 15:00:16.118,10985,10986,10985,1
2020-05-11 15:00:16.118,10985,10986,10985,1
2020-05-11 15:00:16.119,10985,10986,10985,2
2020-05-11 15:00:16.119,10985,10986,10985,3
2020-05-11 15:00:16.119,10985,10986,10985,8
2020-05-11 15:00:16.119,10985,10986,10985,7
2020-05-11 15:00:16.119,10985,10986,10985,2
2020-05-11 15:00:16.119,10985,10986,10985,5
2020-05-11 15:00:16.119,10985,10986,10985,2
2020-05-11 15:00:16.119,10985,10986,10985,4
2020-05-11 15:00:16.119,10985,10986,10985,1
2020-05-11 15:00:16.119,10985,10986,10985,12
2020-05-11 15:00:16.120,10985,10986,10984,1
2020-05-11 15:00:16.254,10984,10985,10984,1
2020-05-11 15:00:16.849,10984,10985,10985,1
2020-05-11 15:00:17.027,10984,10985,10985,1
2020-05-11 15:00:17.211,10984,10985,10984,2
2020-05-11 15:00:17.297,10984,10985,10985,2
2020-05-11 15:00:17.795,10984,10985,10985,1
2020-05-11 15:00:17.873,10984,10985,10985,1
2020-05-11 15:00:18.385,10984,10985,10984,2
2020-05-11 15:00:18.682,10984,10985,10984,1
2020-05-11 15:00:18.926,10983,10985,10983,1
2020-05-11 15:00:19.690,10983,10985,10983,1
2020-05-11 15:00:20.401,10983,10984,10983,5
2020-05-11 15:00:20.488,10983,10984,10983,1
2020-05-11 15:00:21.180,10982,10983,10983,1
2020-05-11 15:00:22.323,10983,10984,10983,2
2020-05-11 15:00:22.323,10983,10984,10983,2
2020-05-11 15:00:23.016,10982,10984,10982,1
2020-05-11 15:00:23.276,10982,10984,10982,1
2020-05-11 15:00:25.234,10983,10984,10983,1
2020-05-11 15:00:25.676,10982,10984,10984,1
2020-05-11 15:00:26.878,10983,10985,10983,1
2020-05-11 15:00:27.458,10983,10984,10984,1
2020-05-11 15:00:29.245,10983,10984,10984,1
2020-05-11 15:00:29.451,10983,10985,10983,1
2020-05-11 15:00:31.218,10983,10985,10983,4
2020-05-11 15:00:32.591,10983,10984,10983,1
2020-05-11 15:00:35.451,10982,10984,10982,10
2020-05-11 15:00:35.454,10982,10984,10981,1
2020-05-11 15:00:36.933,10981,10983,10981,1
2020-05-11 15:00:38.667,10981,10983,10983,1
2020-05-11 15:00:40.148,10981,10982,10982,2
2020-05-11 15:00:40.149,10981,10982,10982,1
2020-05-11 15:00:40.805,10981,10983,10981,3
2020-05-11 15:00:41.742,10981,10983,10981,2
2020-05-11 15:00:42.445,10981,10983,10981,1
2020-05-11 15:00:42.705,10981,10983,10981,1
2020-05-11 15:00:42.866,10980,10981,10981,1
2020-05-11 15:00:42.866,10980,10981,10981,1
2020-05-11 15:00:45.485,10981,10982,10982,1
2020-05-11 15:00:48.383,10982,10983,10982,1
2020-05-11 15:00:48.536,10982,10983,10982,3
2020-05-11 15:00:50.969,10982,10983,10982,1
2020-05-11 15:00:51.196,10982,10983,10982,3
2020-05-11 15:00:51.196,10982,10983,10981,12
2020-05-11 15:00:51.257,10982,10983,10983,2
2020-05-11 15:00:51.454,10981,10983,10981,3
2020-05-11 15:00:51.603,10981,10983,10981,1
2020-05-11 15:00:52.743,10981,10982,10982,1
2020-05-11 15:00:53.511,10981,10982,10982,1
2020-05-11 15:00:56.697,10981,10982,10982,3
2020-05-11 15:00:57.128,10981,10983,10981,2
2020-05-11 15:00:57.673,10981,10983,10981,2
2020-05-11 15:00:59.158,10981,10982,10982,1
2020-05-11 15:00:59.158,10981,10982,10983,1
2020-05-11 15:01:00.043,10981,10983,10981,5
2020-05-11 15:01:00.058,10981,10983,10980,1
2020-05-11 15:01:00.108,10980,10982,10980,1
2020-05-11 15:01:00.128,10980,10982,10980,1
2020-05-11 15:01:00.894,10980,10982,10980,1
2020-05-11 15:01:01.323,10980,10982,10980,1
2020-05-11 15:01:01.551,10980,10982,10981,2
2020-05-11 15:01:01.576,10981,10982,10982,2
2020-05-11 15:01:01.576,10981,10982,10982,1
2020-05-11 15:01:01.579,10981,10982,10982,2
2020-05-11 15:01:01.581,10981,10982,10983,2
2020-05-11 15:01:01.587,10981,10982,10983,1
2020-05-11 15:01:01.590,10981,10982,10983,1
2020-05-11 15:01:01.591,10981,10982,10983,1
2020-05-11 15:01:01.593,10981,10982,10984,2
2020-05-11 15:01:01.595,10981,10982,10984,1
2020-05-11 15:01:01.595,10981,10982,10984,1
2020-05-11 15:01:01.597,10981,10982,10984,1
2020-05-11 15:01:01.599,10981,10982,10984,8
2020-05-11 15:01:01.604,10981,10982,10985,2
2020-05-11 15:01:01.608,10981,10982,10985,1
2020-05-11 15:01:01.891,10984,10985,10984,1
2020-05-11 15:01:02.864,10982,10984,10982,1
2020-05-11 15:01:04.317,10982,10984,10982,1
2020-05-11 15:01:07.098,10982,10983,10982,3
2020-05-11 15:01:07.149,10982,10983,10982,4
2020-05-11 15:01:07.149,10982,10983,10981,1
2020-05-11 15:01:11.930,10981,10982,10981,5
2020-05-11 15:01:12.786,10980,10981,10981,1
2020-05-11 15:01:13.655,10981,10982,10981,1
2020-05-11 15:01:13.896,10980,10982,10982,1
2020-05-11 15:01:15.392,10980,10981,10980,10
2020-05-11 15:01:15.393,10980,10981,10980,8
2020-05-11 15:01:15.393,10980,10981,10980,8
2020-05-11 15:01:15.394,10980,10981,10979,2
2020-05-11 15:01:15.394,10980,10981,10978,2
2020-05-11 15:01:16.321,10977,10978,10978,1
2020-05-11 15:01:16.321,10977,10978,10978,1
2020-05-11 15:01:17.020,10978,10979,10978,1
2020-05-11 15:01:17.124,10978,10979,10979,2
2020-05-11 15:01:17.124,10978,10979,10980,2
2020-05-11 15:01:17.678,10978,10979,10978,1
2020-05-11 15:01:17.792,10978,10979,10979,2
2020-05-11 15:01:19.302,10978,10979,10979,2
2020-05-11 15:01:19.620,10979,10981,10979,5
2020-05-11 15:01:19.961,10978,10980,10978,2
2020-05-11 15:01:20.717,10978,10979,10978,2
2020-05-11 15:01:21.659,10978,10979,10978,1
2020-05-11 15:01:23.165,10977,10978,10977,1
2020-05-11 15:01:23.292,10977,10978,10977,1
2020-05-11 15:01:23.825,10977,10978,10978,1
2020-05-11 15:01:23.878,10977,10978,10977,1
2020-05-11 15:01:24.161,10977,10978,10977,5
2020-05-11 15:01:24.192,10977,10978,10977,1
2020-05-11 15:01:24.510,10976,10978,10976,2
2020-05-11 15:01:24.789,10976,10978,10978,1
2020-05-11 15:01:25.193,10976,10978,10976,3
2020-05-11 15:01:27.273,10977,10978,10977,1
2020-05-11 15:01:28.902,10977,10978,10978,1
2020-05-11 15:01:29.340,10977,10978,10977,8
2020-05-11 15:01:29.340,10977,10978,10976,14
2020-05-11 15:01:29.953,10976,10977,10977,1
2020-05-11 15:01:30.962,10976,10977,10976,1
2020-05-11 15:01:31.416,10975,10977,10977,1
2020-05-11 15:01:33.137,10975,10977,10975,1
2020-05-11 15:01:33.257,10975,10976,10975,1
2020-05-11 15:01:33.351,10975,10976,10975,1
2020-05-11 15:01:33.353,10975,10976,10975,3
2020-05-11 15:01:33.449,10975,10976,10975,1
2020-05-11 15:01:33.483,10975,10976,10975,1
2020-05-11 15:01:33.512,10975,10976,10974,1
2020-05-11 15:01:33.597,10974,10976,10974,1
2020-05-11 15:01:33.768,10974,10976,10974,11
2020-05-11 15:01:33.768,10974,10976,10973,1
2020-05-11 15:01:33.768,10974,10976,10973,1
2020-05-11 15:01:33.791,10974,10976,10974,1
2020-05-11 15:01:33.922,10973,10975,10973,1
2020-05-11 15:01:34.102,10973,10975,10973,1
2020-05-11 15:01:34.118,10973,10975,10973,3
2020-05-11 15:01:34.122,10973,10975,10973,1
2020-05-11 15:01:34.122,10973,10975,10972,1
2020-05-11 15:01:34.170,10973,10975,10972,1
2020-05-11 15:01:34.191,10973,10975,10972,1
2020-05-11 15:01:34.198,10972,10973,10972,2
2020-05-11 15:01:34.219,10972,10973,10972,1
2020-05-11 15:01:34.255,10972,10973,10972,1
2020-05-11 15:01:34.301,10972,10973,10972,2
2020-05-11 15:01:34.305,10972,10973,10972,2
2020-05-11 15:01:34.307,10972,10973,10972,1
2020-05-11 15:01:34.307,10972,10973,10971,14
2020-05-11 15:01:34.307,10972,10973,10971,1
2020-05-11 15:01:34.308,10972,10973,10972,5
2020-05-11 15:01:34.320,10971,10973,10971,5
2020-05-11 15:01:34.320,10971,10973,10970,2
2020-05-11 15:01:34.385,10971,10973,10973,1
2020-05-11 15:01:34.411,10971,10973,10971,1
2020-05-11 15:01:34.498,10971,10973,10971,1
2020-05-11 15:01:34.522,10971,10973,10971,1
2020-05-11 15:01:34.573,10971,10973,10971,1
2020-05-11 15:01:34.604,10971,10973,10970,2
2020-05-11 15:01:34.635,10971,10973,10970,1
2020-05-11 15:01:34.714,10970,10972,10970,1
2020-05-11 15:01:34.748,10970,10972,10970,5
2020-05-11 15:01:34.754,10970,10972,10972,1
2020-05-11 15:01:34.757,10970,10972,10970,1
2020-05-11 15:01:34.763,10970,10972,10970,1
2020-05-11 15:01:34.805,10970,10972,10970,1
2020-05-11 15:01:34.821,10970,10972,10970,1
2020-05-11 15:01:34.844,10970,10972,10970,4
2020-05-11 15:01:34.849,10970,10972,10970,1
2020-05-11 15:01:34.852,10970,10972,10970,4
2020-05-11 15:01:34.903,10970,10972,10969,6
2020-05-11 15:01:34.904,10970,10972,10970,2
2020-05-11 15:01:34.933,10970,10972,10970,2
2020-05-11 15:01:34.952,10969,10971,10969,1
2020-05-11 15:01:34.954,10969,10971,10971,1
2020-05-11 15:01:34.954,10969,10971,10970,2
2020-05-11 15:01:34.965,10969,10971,10971,1
2020-05-11 15:01:34.993,10969,10971,10970,2
2020-05-11 15:01:35.023,10969,10971,10970,2
2020-05-11 15:01:35.080,10969,10971,10970,2
2020-05-11 15:01:35.146,10969,10971,10970,1
2020-05-11 15:01:35.159,10969,10971,10971,1
2020-05-11 15:01:35.179,10969,10971,10969,1
2020-05-11 15:01:35.185,10969,10971,10969,1
2020-05-11 15:01:35.202,10969,10971,10969,1
2020-05-11 15:01:35.485,10969,10971,10969,1
2020-05-11 15:01:35.575,10970,10971,10970,1
2020-05-11 15:01:36.127,10969,10970,10970,1
2020-05-11 15:01:36.774,10970,10971,10970,1
2020-05-11 15:01:37.027,10970,10971,10970,1
2020-05-11 15:01:37.317,10970,10971,10971,2
2020-05-11 15:01:37.442,10971,10972,10972,1
2020-05-11 15:01:37.965,10971,10973,10971,1
2020-05-11 15:01:38.627,10972,10973,10973,1
2020-05-11 15:01:38.749,10972,10974,10972,2
2020-05-11 15:01:38.773,10972,10974,10972,1
2020-05-11 15:01:39.157,10972,10973,10973,1
2020-05-11 15:01:39.354,10972,10974,10972,1
2020-05-11 15:01:40.465,10973,10975,10973,1
2020-05-11 15:01:41.145,10972,10974,10974,3
2020-05-11 15:01:41.573,10973,10974,10973,2
2020-05-11 15:01:41.573,10973,10974,10972,3
2020-05-11 15:01:42.376,10972,10973,10973,1
2020-05-11 15:01:43.428,10972,10974,10972,3
2020-05-11 15:01:44.530,10972,10973,10972,4
2020-05-11 15:01:44.530,10972,10973,10971,1
2020-05-11 15:01:44.571,10972,10973,10973,1
2020-05-11 15:01:46.066,10972,10974,10972,1
2020-05-11 15:01:47.052,10972,10974,10972,3
2020-05-11 15:01:49.937,10972,10973,10973,1
2020-05-11 15:01:50.743,10972,10974,10972,1
2020-05-11 15:01:51.379,10973,10974,10973,1
2020-05-11 15:01:51.541,10973,10974,10973,1
2020-05-11 15:01:53.449,10972,10973,10973,1
2020-05-11 15:01:54.935,10973,10974,10973,3
2020-05-11 15:01:54.935,10973,10974,10972,2
2020-05-11 15:01:56.101,10973,10974,10974,1
2020-05-11 15:01:56.330,10973,10974,10973,1
2020-05-11 15:01:56.655,10973,10974,10973,1
2020-05-11 15:01:56.974,10973,10974,10974,1
2020-05-11 15:01:57.693,10973,10974,10973,5
2020-05-11 15:01:58.329,10973,10974,10973,5
2020-05-11 15:01:58.467,10972,10974,10974,1
2020-05-11 15:01:59.242,10972,10974,10973,1
2020-05-11 15:02:00.042,10972,10974,10972,1
2020-05-11 15:02:00.045,10972,10974,10972,1
2020-05-11 15:02:03.913,10973,10974,10974,2
2020-05-11 15:02:04.303,10973,10974,10974,1
2020-05-11 15:02:06.377,10973,10974,10973,1
2020-05-11 15:02:06.528,10973,10974,10973,2
2020-05-11 15:02:07.485,10973,10974,10973,5
2020-05-11 15:02:08.387,10973,10974,10973,3
2020-05-11 15:02:08.525,10972,10974,10974,1
2020-05-11 15:02:18.542,10974,10975,10974,2
2020-05-11 15:02:18.542,10974,10975,10973,1
2020-05-11 15:02:19.299,10973,10975,10973,1
2020-05-11 15:02:24.237,10974,10975,10975,1
2020-05-11 15:02:28.160,10974,10975,10975,2
2020-05-11 15:02:29.478,10975,10976,10975,1
2020-05-11 15:02:30.706,10974,10975,10975,1
2020-05-11 15:02:30.830,10974,10975,10975,1
2020-05-11 15:02:31.267,10974,10976,10975,1
2020-05-11 15:02:35.833,10974,10975,10975,4
2020-05-11 15:02:36.844,10975,10976,10975,4
2020-05-11 15:02:37.704,10975,10976,10975,1
2020-05-11 15:02:37.856,10974,10976,10975,3
2020-05-11 15:02:37.944,10975,10976,10975,1
2020-05-11 15:02:37.969,10975,10976,10975,1
2020-05-11 15:02:37.969,10975,10976,10975,1
2020-05-11 15:02:37.969,10975,10976,10975,2
2020-05-11 15:02:37.970,10975,10976,10975,1
2020-05-11 15:02:37.970,10975,10976,10975,1
2020-05-11 15:02:41.016,10974,10975,10974,10
2020-05-11 15:02:41.017,10974,10975,10974,3
2020-05-11 15:02:45.138,10973,10975,10975,1
2020-05-11 15:02:48.084,10974,10975,10974,3
2020-05-11 15:02:49.127,10974,10975,10974,1
2020-05-11 15:02:51.240,10974,10975,10975,1
2020-05-11 15:02:51.501,10974,10975,10974,1
2020-05-11 15:02:52.982,10974,10975,10974,4
2020-05-11 15:02:52.982,10974,10975,10973,6
2020-05-11 15:02:53.960,10973,10975,10973,1
2020-05-11 15:02:57.653,10973,10974,10973,2
2020-05-11 15:02:57.653,10973,10974,10973,9
2020-05-11 15:02:57.653,10973,10974,10973,1
2020-05-11 15:02:57.653,10973,10974,10973,1
2020-05-11 15:03:00.889,10972,10973,10972,6
2020-05-11 15:03:01.433,10972,10973,10972,1
2020-05-11 15:03:04.640,10972,10973,10972,3
2020-05-11 15:03:04.700,10972,10973,10972,1
2020-05-11 15:03:04.702,10972,10973,10972,1
2020-05-11 15:03:04.703,10972,10973,10972,1
2020-05-11 15:03:04.704,10972,10973,10972,1
2020-05-11 15:03:04.704,10972,10973,10972,1
2020-05-11 15:03:04.706,10972,10973,10972,1
2020-05-11 15:03:04.707,10972,10973,10972,1
2020-05-11 15:03:04.708,10972,10973,10972,2
2020-05-11 15:03:04.709,10972,10973,10971,1
2020-05-11 15:03:04.716,10972,10973,10971,1
2020-05-11 15:03:04.722,10972,10973,10971,1
2020-05-11 15:03:04.732,10972,10973,10971,1
2020-05-11 15:03:05.577,10971,10973,10971,3
2020-05-11 15:03:06.493,10971,10972,10972,1
2020-05-11 15:03:14.206,10971,10972,10971,2
2020-05-11 15:03:17.275,10971,10972,10971,2
2020-05-11 15:03:17.485,10971,10972,10972,2
2020-05-11 15:03:19.356,10971,10972,10972,1
2020-05-11 15:03:19.357,10971,10972,10972,2
2020-05-11 15:03:20.265,10972,10973,10972,3
2020-05-11 15:03:23.039,10972,10973,10972,1
2020-05-11 15:03:23.039,10972,10973,10971,4
2020-05-11 15:03:23.186,10971,10972,10972,1
2020-05-11 15:03:23.312,10971,10973,10971,1
2020-05-11 15:03:23.879,10971,10972,10971,1
2020-05-11 15:03:24.903,10970,10972,10972,1
2020-05-11 15:03:27.809,10971,10973,10971,1
2020-05-11 15:03:30.306,10971,10973,10971,1
2020-05-11 15:03:32.688,10971,10973,10971,1
2020-05-11 15:03:35.967,10971,10972,10972,1
2020-05-11 15:03:36.370,10971,10973,10973,1
2020-05-11 15:03:44.042,10972,10973,10973,1
2020-05-11 15:03:47.658,10972,10973,10973,9
2020-05-11 15:03:48.388,10973,10975,10974,1
2020-05-11 15:03:49.113,10973,10975,10973,1
2020-05-11 15:03:49.637,10973,10975,10973,1
2020-05-11 15:03:51.679,10973,10975,10973,1
2020-05-11 15:03:52.894,10973,10975,10973,5
2020-05-11 15:03:53.199,10973,10974,10973,1
2020-05-11 15:03:53.929,10973,10974,10974,1
2020-05-11 15:03:54.681,10973,10975,10973,1
2020-05-11 15:03:56.584,10973,10975,10975,1
2020-05-11 15:04:01.515,10973,10974,10973,5
2020-05-11 15:04:01.947,10972,10973,10973,1
2020-05-11 15:04:01.973,10972,10973,10973,1
2020-05-11 15:04:02.767,10972,10973,10973,1
2020-05-11 15:04:06.022,10972,10973,10973,1
2020-05-11 15:04:10.620,10972,10973,10973,1
2020-05-11 15:04:11.461,10972,10973,10973,2
2020-05-11 15:04:13.458,10973,10974,10974,8
2020-05-11 15:04:13.458,10973,10974,10974,8
2020-05-11 15:04:13.459,10973,10974,10974,7
2020-05-11 15:04:13.459,10973,10974,10974,6
2020-05-11 15:04:13.459,10973,10974,10974,2
2020-05-11 15:04:13.459,10973,10974,10974,1
2020-05-11 15:04:13.461,10973,10974,10975,2
2020-05-11 15:04:13.618,10974,10975,10975,2
2020-05-11 15:04:13.778,10974,10975,10975,1
2020-05-11 15:04:14.530,10974,10976,10974,1
2020-05-11 15:04:16.979,10974,10975,10974,1
2020-05-11 15:04:21.276,10974,10975,10974,1
2020-05-11 15:04:24.063,10974,10975,10975,2
2020-05-11 15:04:27.817,10974,10975,10975,3
2020-05-11 15:04:27.817,10974,10975,10975,1
2020-05-11 15:04:27.817,10974,10975,10975,2
2020-05-11 15:04:27.817,10974,10975,10975,1
2020-05-11 15:04:27.817,10974,10975,10975,1
2020-05-11 15:04:27.817,10974,10975,10975,2
2020-05-11 15:04:27.818,10974,10975,10975,3
2020-05-11 15:04:27.818,10974,10975,10975,4
2020-05-11 15:04:27.818,10974,10975,10975,8
2020-05-11 15:04:29.442,10975,10976,10976,2
2020-05-11 15:04:29.598,10975,10976,10976,1
2020-05-11 15:04:34.581,10975,10976,10976,1
2020-05-11 15:04:36.357,10975,10976,10975,1
2020-05-11 15:04:36.837,10975,10976,10976,2
2020-05-11 15:04:37.773,10975,10976,10975,2
2020-05-11 15:04:37.783,10975,10976,10975,1
2020-05-11 15:04:39.697,10975,10976,10975,1
2020-05-11 15:04:47.702,10975,10976,10975,1
2020-05-11 15:04:48.155,10975,10976,10976,1
2020-05-11 15:04:56.992,10975,10976,10976,1
2020-05-11 15:04:57.407,10975,10976,10976,1
2020-05-11 15:04:58.820,10975,10976,10975,2
2020-05-11 15:04:58.966,10975,10976,10976,1
2020-05-11 15:05:03.804,10975,10976,10975,2
2020-05-11 15:05:04.083,10975,10976,10975,1
2020-05-11 15:05:05.040,10975,10976,10975,1
2020-05-11 15:05:06.348,10974,10975,10975,1
2020-05-11 15:05:11.044,10974,10975,10974,8
2020-05-11 15:05:11.045,10974,10975,10974,1
2020-05-11 15:05:13.618,10973,10974,10974,1
2020-05-11 15:05:16.366,10973,10974,10974,1
2020-05-11 15:05:17.105,10973,10974,10973,1
2020-05-11 15:05:18.092,10973,10974,10973,1
2020-05-11 15:05:21.072,10973,10974,10973,5
2020-05-11 15:05:21.319,10973,10974,10973,1
2020-05-11 15:05:21.326,10973,10974,10973,1
2020-05-11 15:05:23.521,10973,10974,10974,1
2020-05-11 15:05:29.428,10973,10974,10974,1
2020-05-11 15:05:34.622,10973,10974,10973,5
2020-05-11 15:05:36.217,10972,10973,10972,6
2020-05-11 15:05:38.424,10971,10972,10971,1
2020-05-11 15:05:38.944,10971,10972,10971,1
2020-05-11 15:05:39.932,10971,10972,10971,18
2020-05-11 15:05:44.354,10970,10971,10971,1
2020-05-11 15:05:47.885,10970,10971,10970,2
2020-05-11 15:05:48.043,10970,10971,10971,1
2020-05-11 15:05:51.313,10970,10972,10970,1
2020-05-11 15:05:53.038,10971,10972,10971,1
2020-05-11 15:05:56.520,10970,10971,10970,4
2020-05-11 15:05:56.546,10970,10971,10971,2
2020-05-11 15:05:56.567,10970,10971,10971,2
2020-05-11 15:05:56.568,10970,10971,10971,2
2020-05-11 15:05:56.568,10970,10971,10971,2
2020-05-11 15:05:56.593,10970,10971,10971,2
2020-05-11 15:06:00.002,10970,10972,10970,8
2020-05-11 15:06:00.089,10970,10971,10970,1
2020-05-11 15:06:00.093,10970,10971,10970,2
2020-05-11 15:06:00.103,10970,10971,10970,1
2020-05-11 15:06:00.103,10970,10971,10970,1
2020-05-11 15:06:00.107,10970,10971,10970,2
2020-05-11 15:06:00.135,10970,10971,10970,1
2020-05-11 15:06:00.139,10970,10971,10970,1
2020-05-11 15:06:07.740,10970,10971,10970,2
2020-05-11 15:06:08.455,10970,10971,10971,1
2020-05-11 15:06:09.791,10970,10971,10971,1
2020-05-11 15:06:13.818,10970,10971,10971,1
2020-05-11 15:06:14.953,10971,10972,10972,1
2020-05-11 15:06:16.357,10971,10972,10972,1
2020-05-11 15:06:17.973,10970,10972,10972,1
2020-05-11 15:06:19.538,10971,10972,10971,1
2020-05-11 15:06:19.885,10970,10971,10971,1
2020-05-11 15:06:23.601,10970,10971,10971,2
2020-05-11 15:06:25.849,10970,10971,10971,1
2020-05-11 15:06:25.864,10970,10971,10971,2
2020-05-11 15:06:28.232,10970,10971,10970,3
2020-05-11 15:06:28.232,10970,10971,10970,7
2020-05-11 15:06:28.712,10969,10971,10969,3
2020-05-11 15:06:29.028,10969,10971,10969,1
2020-05-11 15:06:29.034,10969,10971,10969,1
2020-05-11 15:06:29.041,10969,10971,10969,1
2020-05-11 15:06:29.063,10969,10971,10969,1
2020-05-11 15:06:29.875,10969,10970,10970,1
2020-05-11 15:06:29.936,10969,10970,10969,1
2020-05-11 15:06:30.479,10969,10970,10969,4
2020-05-11 15:06:30.716,10969,10970,10970,1
2020-05-11 15:06:30.966,10969,10970,10970,1
2020-05-11 15:06:32.552,10969,10970,10969,3
2020-05-11 15:06:32.553,10969,10970,10969,5
2020-05-11 15:06:34.711,10968,10969,10969,1
2020-05-11 15:06:35.967,10968,10969,10968,1
2020-05-11 15:06:36.041,10968,10969,10968,1
2020-05-11 15:06:36.043,10968,10969,10969,1
2020-05-11 15:06:36.106,10968,10969,10968,3
2020-05-11 15:06:36.119,10968,10969,10968,5
2020-05-11 15:06:36.217,10968,10969,10968,2
2020-05-11 15:06:36.412,10968,10969,10968,1
2020-05-11 15:06:36.722,10968,10969,10968,2
2020-05-11 15:06:36.734,10968,10969,10968,1
2020-05-11 15:06:36.752,10968,10969,10968,2
2020-05-11 15:06:36.752,10968,10969,10967,1
2020-05-11 15:06:36.799,10968,10969,10967,1
2020-05-11 15:06:36.853,10967,10969,10967,1
2020-05-11 15:06:36.861,10967,10969,10967,2
2020-05-11 15:06:36.863,10967,10969,10967,2
2020-05-11 15:06:36.895,10967,10969,10967,4
2020-05-11 15:06:37.268,10967,10969,10967,1
2020-05-11 15:06:37.270,10967,10969,10967,1
2020-05-11 15:06:37.274,10967,10969,10967,1
2020-05-11 15:06:37.291,10967,10969,10966,1
2020-05-11 15:06:37.297,10967,10969,10966,1
2020-05-11 15:06:37.366,10966,10968,10966,1
2020-05-11 15:06:37.501,10966,10968,10966,1
2020-05-11 15:06:37.510,10966,10968,10966,1
2020-05-11 15:06:37.521,10966,10968,10966,3
2020-05-11 15:06:37.556,10966,10968,10966,1
2020-05-11 15:06:37.657,10966,10968,10966,2
2020-05-11 15:06:37.718,10966,10968,10966,1
2020-05-11 15:06:37.720,10966,10968,10966,1
2020-05-11 15:06:37.745,10966,10968,10966,4
2020-05-11 15:06:37.821,10966,10968,10966,4
2020-05-11 15:06:38.215,10966,10968,10966,1
2020-05-11 15:06:38.323,10966,10968,10966,1
2020-05-11 15:06:38.327,10966,10968,10965,1
2020-05-11 15:06:38.328,10966,10968,10965,2
2020-05-11 15:06:38.329,10966,10968,10965,1
2020-05-11 15:06:38.332,10966,10968,10965,1
2020-05-11 15:06:38.593,10965,10967,10965,3
2020-05-11 15:06:38.635,10965,10967,10965,2
2020-05-11 15:06:38.657,10965,10967,10965,1
2020-05-11 15:06:38.658,10965,10967,10965,1
2020-05-11 15:06:38.684,10965,10967,10965,12
2020-05-11 15:06:38.685,10965,10967,10965,2
2020-05-11 15:06:38.848,10964,10966,10964,1
2020-05-11 15:06:38.888,10964,10966,10964,1
2020-05-11 15:06:38.952,10964,10965,10964,2
2020-05-11 15:06:38.952,10964,10965,10963,2
2020-05-11 15:06:38.968,10964,10965,10963,2
2020-05-11 15:06:38.984,10964,10965,10963,1
2020-05-11 15:06:38.991,10964,10965,10963,2
2020-05-11 15:06:39.017,10964,10965,10965,1
2020-05-11 15:06:39.078,10964,10965,10964,2
2020-05-11 15:06:39.079,10964,10965,10963,1
2020-05-11 15:06:39.343,10964,10965,10964,1
2020-05-11 15:06:39.386,10964,10965,10964,1
2020-05-11 15:06:39.575,10963,10965,10963,2
2020-05-11 15:06:39.585,10963,10965,10963,1
2020-05-11 15:06:39.603,10963,10965,10963,1
2020-05-11 15:06:39.888,10963,10965,10963,1
2020-05-11 15:06:40.196,10963,10965,10963,2
2020-05-11 15:06:41.032,10963,10964,10964,1
2020-05-11 15:06:41.049,10963,10964,10964,2
2020-05-11 15:06:41.300,10964,10965,10964,2
2020-05-11 15:06:41.505,10963,10965,10964,2
2020-05-11 15:06:41.589,10964,10965,10964,1
2020-05-11 15:06:41.589,10964,10965,10963,1
2020-05-11 15:06:41.824,10964,10965,10964,2
2020-05-11 15:06:42.058,10963,10965,10963,2
2020-05-11 15:06:43.020,10963,10965,10963,2
2020-05-11 15:06:43.809,10963,10965,10965,1
2020-05-11 15:06:45.140,10964,10965,10964,9
2020-05-11 15:06:46.207,10964,10965,10965,1
2020-05-11 15:06:46.369,10965,10967,10967,1
2020-05-11 15:06:46.782,10965,10967,10965,1
2020-05-11 15:06:47.088,10965,10967,10967,1
2020-05-11 15:06:48.185,10966,10967,10966,1
2020-05-11 15:06:48.542,10966,10967,10966,1
2020-05-11 15:06:50.000,10966,10967,10966,2
2020-05-11 15:06:50.775,10966,10967,10967,1
2020-05-11 15:06:52.234,10966,10967,10966,1
2020-05-11 15:06:53.350,10966,10967,10966,1
2020-05-11 15:06:57.051,10966,10967,10966,3
2020-05-11 15:06:57.051,10966,10967,10965,2
2020-05-11 15:06:59.288,10966,10967,10966,1
2020-05-11 15:07:01.870,10966,10967,10967,2
2020-05-11 15:07:02.042,10966,10967,10967,1
2020-05-11 15:07:02.043,10966,10967,10967,2
2020-05-11 15:07:02.867,10966,10968,10966,15
2020-05-11 15:07:03.451,10965,10966,10965,1
2020-05-11 15:07:04.123,10965,10966,10966,1
2020-05-11 15:07:05.300,10965,10966,10966,9
2020-05-11 15:07:05.313,10965,10966,10966,1
2020-05-11 15:07:08.341,10966,10967,10966,2
2020-05-11 15:07:10.617,10966,10967,10967,1
2020-05-11 15:07:16.599,10966,10967,10966,1
2020-05-11 15:07:17.605,10966,10967,10966,1
2020-05-11 15:07:17.606,10966,10967,10966,2
2020-05-11 15:07:17.702,10965,10967,10967,1
2020-05-11 15:07:17.705,10965,10967,10967,1
2020-05-11 15:07:17.711,10965,10967,10967,1
2020-05-11 15:07:17.715,10965,10967,10967,1
2020-05-11 15:07:19.890,10966,10967,10967,1
2020-05-11 15:07:19.903,10966,10967,10967,1
2020-05-11 15:07:20.619,10966,10967,10966,1
2020-05-11 15:07:25.691,10966,10967,10966,1
2020-05-11 15:07:25.701,10966,10967,10967,1
2020-05-11 15:07:27.462,10966,10967,10966,2
2020-05-11 15:07:28.063,10966,10967,10966,1
2020-05-11 15:07:28.063,10966,10967,10966,2
2020-05-11 15:07:31.110,10966,10967,10966,1
2020-05-11 15:07:31.110,10966,10967,10966,2
2020-05-11 15:07:31.199,10965,10966,10966,2
2020-05-11 15:07:31.199,10965,10966,10967,2
2020-05-11 15:07:31.710,10966,10967,10966,1
2020-05-11 15:07:33.504,10966,10967,10966,1
2020-05-11 15:07:37.875,10965,10966,10966,2
2020-05-11 15:07:38.043,10965,10966,10966,2
2020-05-11 15:07:39.265,10965,10966,10966,3
2020-05-11 15:07:39.331,10965,10966,10966,1
2020-05-11 15:07:40.679,10965,10966,10966,3
2020-05-11 15:07:41.562,10965,10966,10966,1
2020-05-11 15:07:42.648,10965,10966,10966,2
2020-05-11 15:07:43.666,10965,10966,10965,1
2020-05-11 15:07:45.469,10965,10966,10965,1
2020-05-11 15:07:46.433,10965,10966,10966,1
2020-05-11 15:07:48.557,10965,10966,10966,2
2020-05-11 15:07:49.456,10965,10966,10965,1
2020-05-11 15:07:50.066,10965,10966,10966,1
2020-05-11 15:07:51.743,10965,10966,10966,1
2020-05-11 15:07:52.789,10965,10966,10965,2
2020-05-11 15:07:52.789,10965,10966,10965,5
2020-05-11 15:07:52.790,10965,10966,10965,6
2020-05-11 15:07:53.364,10964,10965,10965,1
2020-05-11 15:07:53.749,10964,10965,10964,2
2020-05-11 15:07:54.999,10964,10965,10964,1
2020-05-11 15:07:55.000,10964,10965,10964,3
2020-05-11 15:07:55.853,10963,10965,10963,1
2020-05-11 15:07:56.644,10963,10964,10963,1
2020-05-11 15:07:56.930,10963,10964,10963,1
2020-05-11 15:07:58.934,10963,10964,10964,2
2020-05-11 15:07:59.281,10964,10965,10965,1
2020-05-11 15:07:59.311,10964,10965,10964,1
2020-05-11 15:08:00.190,10965,10966,10965,1
2020-05-11 15:08:04.260,10965,10966,10965,1
2020-05-11 15:08:04.699,10965,10966,10966,1
2020-05-11 15:08:07.090,10965,10966,10965,1
2020-05-11 15:08:07.953,10965,10966,10965,1
2020-05-11 15:08:08.714,10965,10966,10965,2
2020-05-11 15:08:11.434,10964,10966,10965,1
2020-05-11 15:08:13.451,10964,10965,10964,1
2020-05-11 15:08:15.021,10964,10965,10964,1
2020-05-11 15:08:15.115,10964,10965,10965,2
2020-05-11 15:08:15.402,10964,10965,10964,1
2020-05-11 15:08:15.402,10964,10965,10964,1
2020-05-11 15:08:15.402,10964,10965,10964,1
2020-05-11 15:08:15.402,10964,10965,10964,1
2020-05-11 15:08:15.402,10964,10965,10964,2
2020-05-11 15:08:15.840,10963,10964,10964,2
2020-05-11 15:08:15.850,10963,10964,10963,10
2020-05-11 15:08:15.943,10963,10964,10963,1
2020-05-11 15:08:20.015,10962,10963,10962,1
2020-05-11 15:08:20.104,10962,10963,10963,1
2020-05-11 15:08:20.183,10962,10963,10962,1
2020-05-11 15:08:20.266,10962,10963,10962,1
2020-05-11 15:08:20.352,10962,10963,10962,1
2020-05-11 15:08:22.577,10962,10963,10963,2
2020-05-11 15:08:26.211,10963,10965,10963,1
2020-05-11 15:08:30.885,10963,10964,10963,1
2020-05-11 15:08:31.596,10963,10964,10963,3
2020-05-11 15:08:32.744,10963,10964,10963,1
2020-05-11 15:08:33.977,10963,10964,10963,2
2020-05-11 15:08:36.345,10963,10964,10964,1
2020-05-11 15:08:40.949,10964,10965,10965,12
2020-05-11 15:08:51.341,10964,10965,10965,1
2020-05-11 15:08:51.439,10964,10965,10965,1
2020-05-11 15:08:51.540,10964,10965,10965,1
2020-05-11 15:08:53.660,10964,10965,10965,1
2020-05-11 15:08:53.843,10965,10966,10965,1
2020-05-11 15:09:03.755,10964,10965,10965,1
2020-05-11 15:09:04.052,10964,10965,10964,4
2020-05-11 15:09:04.054,10964,10965,10964,1
2020-05-11 15:09:04.054,10964,10965,10963,1
2020-05-11 15:09:04.207,10963,10965,10963,1
2020-05-11 15:09:04.311,10963,10965,10963,1
2020-05-11 15:09:04.336,10963,10965,10963,1
2020-05-11 15:09:04.364,10963,10965,10963,1
2020-05-11 15:09:06.442,10963,10965,10963,2
2020-05-11 15:09:17.800,10963,10964,10964,2
2020-05-11 15:09:21.348,10964,10965,10965,2
2020-05-11 15:09:22.936,10963,10964,10964,1
2020-05-11 15:09:23.766,10964,10965,10964,1
2020-05-11 15:09:28.616,10964,10965,10964,2
2020-05-11 15:09:34.193,10964,10965,10964,1
2020-05-11 15:09:34.193,10964,10965,10964,1
2020-05-11 15:09:34.193,10964,10965,10964,1
2020-05-11 15:09:35.522,10964,10965,10964,3
2020-05-11 15:09:39.538,10963,10964,10964,2
2020-05-11 15:09:48.677,10963,10964,10963,1
2020-05-11 15:09:51.014,10963,10964,10963,2
2020-05-11 15:09:56.782,10963,10964,10963,1
2020-05-11 15:09:57.167,10963,10964,10963,1
2020-05-11 15:09:59.167,10963,10964,10963,5
2020-05-11 15:09:59.940,10963,10964,10963,3
2020-05-11 15:09:59.940,10963,10964,10962,2
2020-05-11 15:10:00.583,10962,10963,10963,11
2020-05-11 15:10:00.583,10962,10963,10963,2
2020-05-11 15:10:00.583,10962,10963,10963,9
2020-05-11 15:10:00.720,10963,10964,10963,5
2020-05-11 15:10:00.924,10963,10964,10963,2
2020-05-11 15:10:01.407,10963,10964,10963,5
2020-05-11 15:10:01.531,10963,10964,10964,1
2020-05-11 15:10:01.587,10963,10964,10963,2
2020-05-11 15:10:01.587,10963,10964,10962,7
2020-05-11 15:10:01.611,10963,10964,10962,1
2020-05-11 15:10:01.932,10963,10964,10963,1
2020-05-11 15:10:01.932,10963,10964,10962,5
2020-05-11 15:10:01.935,10963,10964,10962,4
2020-05-11 15:10:01.955,10962,10963,10962,4
2020-05-11 15:10:02.107,10962,10963,10962,1
2020-05-11 15:10:02.142,10962,10963,10962,2
2020-05-11 15:10:02.142,10962,10963,10961,3
2020-05-11 15:10:02.245,10961,10963,10963,1
2020-05-11 15:10:02.257,10961,10963,10962,1
2020-05-11 15:10:02.486,10962,10963,10962,1
2020-05-11 15:10:02.603,10962,10963,10962,1
2020-05-11 15:10:02.757,10962,10963,10962,2
2020-05-11 15:10:02.914,10962,10963,10962,5
2020-05-11 15:10:03.007,10962,10963,10962,1
2020-05-11 15:10:03.100,10961,10963,10963,1
2020-05-11 15:10:03.285,10961,10963,10963,5
2020-05-11 15:10:03.828,10962,10963,10962,1
2020-05-11 15:10:05.693,10962,10963,10962,1
2020-05-11 15:10:05.693,10962,10963,10961,2
2020-05-11 15:10:05.839,10961,10962,10961,5
2020-05-11 15:10:06.542,10961,10963,10961,5
2020-05-11 15:10:07.467,10961,10962,10961,1
2020-05-11 15:10:07.849,10960,10962,10962,1
2020-05-11 15:10:08.876,10961,10962,10961,1
2020-05-11 15:10:09.025,10961,10962,10961,1
2020-05-11 15:10:09.294,10961,10962,10962,1
2020-05-11 15:10:09.454,10961,10962,10961,1
2020-05-11 15:10:10.360,10961,10962,10961,1
2020-05-11 15:10:10.500,10960,10961,10961,1
2020-05-11 15:10:11.024,10960,10961,10960,1
2020-05-11 15:10:11.152,10960,10961,10960,10
2020-05-11 15:10:11.171,10960,10961,10961,1
2020-05-11 15:10:11.206,10960,10961,10960,3
2020-05-11 15:10:11.348,10960,10961,10960,1
2020-05-11 15:10:11.350,10960,10961,10960,12
2020-05-11 15:10:11.357,10960,10961,10960,6
2020-05-11 15:10:11.358,10960,10961,10960,1
2020-05-11 15:10:11.358,10960,10961,10960,1
2020-05-11 15:10:11.358,10960,10961,10960,1
2020-05-11 15:10:11.825,10960,10961,10960,1
2020-05-11 15:10:12.010,10960,10961,10961,3
2020-05-11 15:10:15.795,10960,10961,10960,1
2020-05-11 15:10:16.196,10960,10961,10960,1
2020-05-11 15:10:17.187,10960,10961,10960,1
2020-05-11 15:10:19.690,10960,10961,10960,1
2020-05-11 15:10:19.879,10960,10961,10961,5
2020-05-11 15:10:22.143,10961,10962,10962,1
2020-05-11 15:10:23.341,10961,10962,10961,1
2020-05-11 15:10:27.339,10960,10961,10960,2
2020-05-11 15:10:27.614,10960,10961,10960,1
2020-05-11 15:10:28.466,10960,10961,10960,1
2020-05-11 15:10:28.757,10960,10961,10960,2
2020-05-11 15:10:29.745,10960,10961,10961,1
2020-05-11 15:10:31.452,10960,10961,10960,1
2020-05-11 15:10:32.396,10960,10961,10961,1
2020-05-11 15:10:34.916,10960,10961,10961,1
2020-05-11 15:10:35.015,10961,10962,10962,14
2020-05-11 15:10:35.015,10961,10962,10962,1
2020-05-11 15:10:35.015,10961,10962,10962,4
2020-05-11 15:10:35.015,10961,10962,10962,1
2020-05-11 15:10:35.015,10961,10962,10962,1
2020-05-11 15:10:35.015,10961,10962,10962,2
2020-05-11 15:10:35.175,10962,10963,10962,1
2020-05-11 15:10:36.012,10962,10963,10963,1
2020-05-11 15:10:39.076,10962,10963,10963,3
2020-05-11 15:10:43.318,10963,10964,10964,6
2020-05-11 15:10:46.042,10963,10964,10964,1
2020-05-11 15:10:48.752,10964,10965,10965,1
2020-05-11 15:10:48.752,10964,10965,10965,4
2020-05-11 15:10:52.215,10965,10966,10965,1
2020-05-11 15:10:54.136,10965,10966,10965,1
2020-05-11 15:10:59.626,10964,10965,10965,4
2020-05-11 15:11:00.548,10965,10966,10966,1
2020-05-11 15:11:00.912,10965,10966,10965,1
2020-05-11 15:11:01.503,10965,10966,10965,1
2020-05-11 15:11:02.207,10965,10966,10965,3
2020-05-11 15:11:06.439,10965,10966,10966,2
2020-05-11 15:11:08.382,10965,10966,10966,1
2020-05-11 15:11:08.435,10965,10966,10966,1
2020-05-11 15:11:17.234,10965,10966,10966,1
2020-05-11 15:11:21.319,10966,10967,10967,1
2020-05-11 15:11:26.535,10966,10967,10967,1
2020-05-11 15:11:27.669,10966,10967,10966,1
2020-05-11 15:11:28.040,10966,10967,10967,7
2020-05-11 15:11:33.412,10967,10968,10968,2
2020-05-11 15:11:33.774,10967,10968,10968,7
2020-05-11 15:11:33.774,10967,10968,10968,4
2020-05-11 15:11:33.774,10967,10968,10968,1
2020-05-11 15:11:33.774,10967,10968,10968,4
2020-05-11 15:11:33.972,10968,10969,10969,3
2020-05-11 15:11:35.563,10968,10969,10969,1
2020-05-11 15:11:35.563,10968,10969,10969,1
2020-05-11 15:11:37.040,10969,10970,10969,2
2020-05-11 15:11:37.040,10969,10970,10968,1
2020-05-11 15:11:40.077,10968,10969,10969,1
2020-05-11 15:11:40.077,10968,10969,10970,2
2020-05-11 15:11:40.238,10969,10970,10970,1
2020-05-11 15:11:40.733,10969,10970,10970,10
2020-05-11 15:11:40.990,10969,10971,10969,1
2020-05-11 15:11:43.852,10968,10969,10969,1
2020-05-11 15:11:44.846,10968,10969,10968,1
2020-05-11 15:11:45.082,10967,10968,10968,1
2020-05-11 15:11:49.304,10967,10968,10968,2
2020-05-11 15:11:49.304,10967,10968,10968,2
2020-05-11 15:11:49.305,10967,10968,10968,2
2020-05-11 15:11:49.305,10967,10968,10968,3
2020-05-11 15:11:49.305,10967,10968,10968,1
2020-05-11 15:11:50.029,10967,10968,10968,1
2020-05-11 15:11:50.439,10968,10969,10969,1
2020-05-11 15:11:51.036,10968,10969,10968,2
2020-05-11 15:11:56.355,10968,10969,10969,1
2020-05-11 15:11:58.939,10968,10969,10968,1
2020-05-11 15:11:59.112,10968,10969,10969,1
2020-05-11 15:12:00.723,10968,10969,10968,1
2020-05-11 15:12:01.399,10968,10969,10969,1
2020-05-11 15:12:01.408,10968,10969,10969,7
2020-05-11 15:12:02.000,10969,10970,10969,1
2020-05-11 15:12:02.105,10969,10970,10970,1
2020-05-11 15:12:03.665,10968,10970,10968,1
2020-05-11 15:12:04.892,10968,10970,10970,1
2020-05-11 15:12:10.708,10969,10970,10970,1
2020-05-11 15:12:12.836,10969,10970,10969,1
2020-05-11 15:12:13.945,10969,10970,10970,1
2020-05-11 15:12:14.644,10969,10970,10970,3
2020-05-11 15:12:14.656,10969,10970,10970,1
2020-05-11 15:12:17.490,10970,10971,10970,1
2020-05-11 15:12:19.548,10970,10971,10971,1
2020-05-11 15:12:19.735,10970,10971,10971,1
2020-05-11 15:12:20.090,10970,10971,10971,2
2020-05-11 15:12:20.405,10970,10971,10970,3
2020-05-11 15:12:22.534,10970,10971,10971,1
2020-05-11 15:12:24.923,10970,10971,10971,1
2020-05-11 15:12:26.674,10971,10972,10971,1
2020-05-11 15:12:29.124,10971,10972,10971,1
2020-05-11 15:12:34.716,10971,10972,10971,1
2020-05-11 15:12:36.471,10971,10972,10971,2
2020-05-11 15:12:38.718,10971,10972,10972,1
2020-05-11 15:12:38.719,10971,10972,10972,6
2020-05-11 15:12:39.150,10972,10973,10972,1
2020-05-11 15:12:40.610,10972,10973,10973,1
2020-05-11 15:12:40.611,10972,10973,10973,2
2020-05-11 15:12:40.611,10972,10973,10973,1
2020-05-11 15:12:40.611,10972,10973,10973,4
2020-05-11 15:12:40.611,10972,10973,10973,2
2020-05-11 15:12:42.790,10973,10974,10974,2
2020-05-11 15:12:44.318,10973,10974,10973,2
2020-05-11 15:12:46.787,10973,10974,10973,1
2020-05-11 15:12:48.953,10973,10974,10974,1
2020-05-11 15:12:49.782,10973,10974,10974,1
2020-05-11 15:12:50.073,10973,10974,10974,2
2020-05-11 15:12:50.098,10973,10974,10974,2
2020-05-11 15:12:50.124,10973,10974,10974,2
2020-05-11 15:12:53.568,10973,10974,10973,1
2020-05-11 15:12:53.726,10973,10974,10974,1
2020-05-11 15:12:54.351,10973,10974,10974,1
2020-05-11 15:12:55.688,10973,10974,10974,1
2020-05-11 15:12:55.713,10973,10974,10974,1
2020-05-11 15:12:55.806,10973,10974,10974,1
2020-05-11 15:12:57.639,10973,10974,10974,1
2020-05-11 15:13:00.074,10973,10974,10974,2
2020-05-11 15:13:00.842,10973,10974,10974,1
2020-05-11 15:13:02.113,10973,10974,10974,1
2020-05-11 15:13:02.377,10973,10974,10973,1
2020-05-11 15:13:04.163,10973,10974,10974,1
2020-05-11 15:13:04.673,10973,10974,10973,1
2020-05-11 15:13:05.795,10973,10974,10974,1
2020-05-11 15:13:07.925,10973,10974,10974,4
2020-05-11 15:13:10.026,10973,10974,10974,2
2020-05-11 15:13:12.190,10974,10975,10974,2
2020-05-11 15:13:12.191,10974,10975,10974,6
2020-05-11 15:13:12.191,10974,10975,10974,1
2020-05-11 15:13:12.766,10973,10974,10974,1
2020-05-11 15:13:14.471,10973,10974,10974,3
2020-05-11 15:13:14.828,10973,10974,10974,1
2020-05-11 15:13:20.440,10973,10974,10974,1
2020-05-11 15:13:22.278,10973,10974,10974,1
2020-05-11 15:13:22.278,10973,10974,10974,2
2020-05-11 15:13:22.278,10973,10974,10974,2
2020-05-11 15:13:22.278,10973,10974,10974,2
2020-05-11 15:13:22.278,10973,10974,10974,1
2020-05-11 15:13:24.595,10974,10975,10974,2
2020-05-11 15:13:24.595,10974,10975,10974,1
2020-05-11 15:13:25.967,10973,10974,10974,1
2020-05-11 15:13:27.033,10973,10974,10973,1
2020-05-11 15:13:27.484,10973,10974,10974,2
2020-05-11 15:13:28.395,10973,10974,10974,1
2020-05-11 15:13:34.371,10973,10974,10974,2
2020-05-11 15:13:34.371,10973,10974,10974,1
2020-05-11 15:13:36.340,10974,10975,10974,1
2020-05-11 15:13:37.624,10974,10975,10974,1
2020-05-11 15:13:38.259,10974,10975,10974,1
2020-05-11 15:13:39.545,10974,10975,10974,1
2020-05-11 15:13:40.977,10974,10975,10974,1
2020-05-11 15:13:41.072,10974,10975,10974,1
2020-05-11 15:13:42.308,10973,10974,10974,1
2020-05-11 15:13:44.618,10973,10974,10974,2
2020-05-11 15:13:44.856,10974,10975,10974,1
2020-05-11 15:13:46.775,10974,10975,10974,1
2020-05-11 15:13:52.493,10974,10975,10974,1
2020-05-11 15:13:53.665,10974,10975,10974,1
2020-05-11 15:14:06.176,10974,10975,10974,1
2020-05-11 15:14:06.726,10974,10975,10975,1
2020-05-11 15:14:08.579,10974,10975,10974,1
2020-05-11 15:14:09.098,10974,10975,10974,6
2020-05-11 15:14:14.162,10973,10974,10974,3
2020-05-11 15:14:14.424,10973,10974,10973,2
2020-05-11 15:14:14.712,10973,10974,10974,2
2020-05-11 15:14:14.712,10973,10974,10975,1
2020-05-11 15:14:17.234,10974,10975,10974,1
2020-05-11 15:14:20.788,10974,10975,10974,2
2020-05-11 15:14:24.711,10974,10975,10974,2
2020-05-11 15:14:24.712,10974,10975,10974,3
2020-05-11 15:14:24.712,10974,10975,10974,1
2020-05-11 15:14:34.867,10973,10974,10974,1
2020-05-11 15:14:38.268,10973,10974,10973,11
2020-05-11 15:14:41.964,10973,10974,10973,1
2020-05-11 15:14:45.584,10972,10973,10973,1
2020-05-11 15:14:46.280,10972,10974,10973,1
2020-05-11 15:14:47.952,10973,10974,10973,1
2020-05-11 15:14:48.781,10972,10973,10973,1
2020-05-11 15:14:50.348,10973,10974,10973,3
2020-05-11 15:14:53.059,10973,10974,10974,8
2020-05-11 15:14:53.059,10973,10974,10974,1
2020-05-11 15:14:53.352,10974,10975,10974,1
2020-05-11 15:14:53.773,10974,10975,10974,1
2020-05-11 15:14:54.584,10974,10975,10975,11
2020-05-11 15:14:54.584,10974,10975,10975,6
2020-05-11 15:14:54.989,10975,10976,10976,1
2020-05-11 15:14:55.311,10975,10976,10976,2
2020-05-11 15:14:55.620,10975,10976,10975,1
2020-05-11 15:15:02.219,10975,10976,10976,5
2020-05-11 15:15:02.446,10976,10977,10977,1
2020-05-11 15:15:02.526,10976,10977,10976,1
2020-05-11 15:15:02.860,10976,10977,10976,1
2020-05-11 15:15:03.056,10976,10977,10976,1
2020-05-11 15:15:03.137,10976,10977,10976,2
2020-05-11 15:15:03.137,10976,10977,10975,3
2020-05-11 15:15:04.737,10975,10976,10976,2
2020-05-11 15:15:07.192,10976,10977,10976,1
2020-05-11 15:15:07.518,10976,10977,10976,1
2020-05-11 15:15:08.378,10975,10977,10977,1
2020-05-11 15:15:11.732,10976,10977,10977,1
2020-05-11 15:15:12.133,10976,10977,10977,1
2020-05-11 15:15:13.958,10976,10977,10976,1
2020-05-11 15:15:14.338,10975,10976,10976,1
2020-05-11 15:15:14.851,10975,10977,10977,3
2020-05-11 15:15:16.210,10976,10977,10977,1
2020-05-11 15:15:18.567,10976,10977,10976,1
2020-05-11 15:15:21.373,10976,10977,10976,5
2020-05-11 15:15:22.664,10975,10976,10976,1
2020-05-11 15:15:22.664,10975,10976,10977,9
2020-05-11 15:15:22.911,10976,10977,10976,1
2020-05-11 15:15:26.921,10977,10978,10978,1
2020-05-11 15:15:28.096,10977,10978,10977,1
2020-05-11 15:15:29.456,10976,10977,10977,1
2020-05-11 15:15:31.786,10976,10977,10976,2
2020-05-11 15:15:31.814,10976,10977,10976,1
2020-05-11 15:15:32.003,10975,10976,10976,1
2020-05-11 15:15:32.038,10975,10976,10976,3
2020-05-11 15:15:32.039,10975,10976,10976,1
2020-05-11 15:15:32.061,10975,10976,10976,1
2020-05-11 15:15:33.048,10975,10976,10976,1
2020-05-11 15:15:35.806,10975,10976,10976,3
2020-05-11 15:15:35.806,10975,10976,10976,2
2020-05-11 15:15:37.531,10975,10976,10976,1
2020-05-11 15:15:45.166,10975,10976,10975,6
2020-05-11 15:15:45.166,10975,10976,10975,2
2020-05-11 15:15:45.166,10975,10976,10975,2
2020-05-11 15:15:45.411,10974,10975,10975,1
2020-05-11 15:15:50.266,10974,10975,10975,1
2020-05-11 15:15:54.095,10974,10975,10975,2
2020-05-11 15:15:55.415,10974,10975,10975,1
2020-05-11 15:15:58.204,10974,10975,10975,2
2020-05-11 15:15:58.204,10974,10975,10976,3
2020-05-11 15:15:58.415,10975,10976,10975,1
2020-05-11 15:16:06.605,10975,10976,10976,2
2020-05-11 15:16:12.121,10975,10976,10975,5
2020-05-11 15:16:12.122,10975,10976,10975,3
2020-05-11 15:16:12.422,10974,10975,10975,1
2020-05-11 15:16:20.109,10974,10975,10975,2
2020-05-11 15:16:22.370,10974,10975,10975,2
2020-05-11 15:16:27.968,10974,10975,10975,1
2020-05-11 15:16:29.917,10974,10975,10975,1
2020-05-11 15:16:30.751,10974,10975,10974,1
2020-05-11 15:16:34.796,10974,10975,10975,1
2020-05-11 15:16:34.796,10974,10975,10975,4
2020-05-11 15:16:37.127,10975,10976,10975,2
2020-05-11 15:16:45.663,10975,10976,10975,2
2020-05-11 15:16:48.684,10975,10976,10976,1
2020-05-11 15:16:48.685,10975,10976,10976,4
2020-05-11 15:16:55.269,10975,10976,10976,1
2020-05-11 15:17:04.694,10976,10977,10976,1
2020-05-11 15:17:08.055,10976,10977,10977,1
2020-05-11 15:17:08.540,10976,10977,10977,1
2020-05-11 15:17:11.646,10976,10977,10977,6
2020-05-11 15:17:11.792,10977,10978,10977,2
2020-05-11 15:17:14.980,10977,10978,10977,1
2020-05-11 15:17:15.337,10976,10978,10978,4
2020-05-11 15:17:15.622,10976,10978,10978,1
2020-05-11 15:17:21.073,10977,10978,10977,1
2020-05-11 15:17:32.133,10977,10978,10978,2
2020-05-11 15:17:34.417,10977,10978,10978,1
2020-05-11 15:17:36.087,10977,10978,10978,1
2020-05-11 15:17:37.165,10977,10978,10977,1
2020-05-11 15:17:38.585,10977,10978,10978,1
2020-05-11 15:17:40.947,10977,10978,10977,6
2020-05-11 15:17:44.392,10977,10978,10977,1
2020-05-11 15:17:50.344,10977,10978,10978,1
2020-05-11 15:17:51.809,10977,10978,10978,1
2020-05-11 15:17:51.809,10977,10978,10978,3
2020-05-11 15:17:51.809,10977,10978,10978,2
2020-05-11 15:17:51.834,10978,10979,10978,2
2020-05-11 15:17:55.145,10977,10978,10978,1
2020-05-11 15:17:55.145,10977,10978,10979,3
2020-05-11 15:17:55.207,10978,10979,10979,1
2020-05-11 15:17:56.081,10978,10979,10978,1
2020-05-11 15:17:56.470,10978,10979,10979,2
2020-05-11 15:18:03.378,10978,10979,10979,5
2020-05-11 15:18:04.818,10978,10979,10979,1
2020-05-11 15:18:06.835,10978,10979,10979,1
2020-05-11 15:18:08.155,10978,10979,10979,5
2020-05-11 15:18:13.085,10979,10980,10979,2
2020-05-11 15:18:13.086,10979,10980,10979,2
2020-05-11 15:18:14.838,10978,10979,10979,5
2020-05-11 15:18:18.638,10978,10980,10978,1
2020-05-11 15:18:23.789,10978,10980,10978,1
2020-05-11 15:18:28.442,10979,10980,10979,1
2020-05-11 15:18:29.897,10979,10980,10979,1
2020-05-11 15:18:30.548,10979,10980,10979,1
2020-05-11 15:18:36.249,10979,10980,10980,6
2020-05-11 15:18:36.333,10979,10980,10980,1
2020-05-11 15:18:36.346,10979,10980,10980,1
2020-05-11 15:18:36.346,10979,10980,10980,16
2020-05-11 15:18:36.527,10980,10981,10981,1
2020-05-11 15:18:36.576,10980,10981,10981,1
2020-05-11 15:18:38.357,10980,10981,10981,4
2020-05-11 15:18:39.355,10981,10982,10981,1
2020-05-11 15:18:39.554,10981,10982,10981,1
2020-05-11 15:18:41.853,10981,10982,10981,2
2020-05-11 15:18:44.806,10981,10982,10981,1
2020-05-11 15:18:48.418,10981,10982,10981,1
2020-05-11 15:18:49.607,10981,10982,10981,2
2020-05-11 15:18:49.732,10981,10982,10981,1
2020-05-11 15:18:49.732,10981,10982,10980,3
2020-05-11 15:18:51.770,10980,10981,10981,1
2020-05-11 15:18:51.815,10980,10981,10981,1
2020-05-11 15:18:52.581,10980,10981,10981,1
2020-05-11 15:18:52.827,10981,10982,10981,1
2020-05-11 15:18:53.755,10981,10982,10981,1
2020-05-11 15:18:55.602,10981,10982,10981,1
2020-05-11 15:18:55.756,10981,10982,10982,9
2020-05-11 15:18:55.825,10982,10983,10983,1
2020-05-11 15:18:56.411,10981,10983,10983,1
2020-05-11 15:18:58.783,10982,10983,10982,2
2020-05-11 15:18:59.004,10981,10982,10982,1
2020-05-11 15:18:59.961,10981,10982,10982,1
2020-05-11 15:19:00.442,10981,10982,10982,1
2020-05-11 15:19:00.864,10982,10983,10983,1
2020-05-11 15:19:01.642,10982,10983,10982,1
2020-05-11 15:19:03.949,10982,10983,10983,2
2020-05-11 15:19:07.057,10982,10983,10983,1
2020-05-11 15:19:07.670,10982,10983,10983,1
2020-05-11 15:19:08.096,10982,10984,10983,1
2020-05-11 15:19:08.506,10982,10984,10983,1
2020-05-11 15:19:10.120,10983,10984,10983,1
2020-05-11 15:19:10.220,10983,10984,10984,1
2020-05-11 15:19:10.451,10983,10984,10984,2
2020-05-11 15:19:12.187,10983,10984,10984,1
2020-05-11 15:19:13.973,10984,10985,10984,1
2020-05-11 15:19:14.721,10983,10985,10983,2
2020-05-11 15:19:15.973,10984,10985,10985,4
2020-05-11 15:19:18.309,10984,10985,10985,1
2020-05-11 15:19:18.579,10984,10985,10985,5
2020-05-11 15:19:18.947,10984,10985,10984,1
2020-05-11 15:19:19.068,10984,10985,10984,1
2020-05-11 15:19:19.400,10984,10985,10985,1
2020-05-11 15:19:19.794,10984,10985,10985,1
2020-05-11 15:19:20.322,10984,10985,10985,1
2020-05-11 15:19:23.061,10984,10985,10985,5
2020-05-11 15:19:23.187,10984,10985,10985,10
2020-05-11 15:19:24.513,10985,10986,10985,1
2020-05-11 15:19:24.924,10984,10985,10985,1
2020-05-11 15:19:25.388,10985,10986,10985,1
2020-05-11 15:19:28.035,10984,10985,10985,1
2020-05-11 15:19:29.003,10984,10985,10985,2
2020-05-11 15:19:29.949,10985,10986,10985,1
2020-05-11 15:19:31.682,10985,10986,10985,1
2020-05-11 15:19:31.823,10985,10986,10985,2
2020-05-11 15:19:31.837,10985,10986,10986,1
2020-05-11 15:19:32.709,10985,10986,10986,8
2020-05-11 15:19:33.097,10986,10987,10986,1
2020-05-11 15:19:33.276,10986,10987,10987,1
2020-05-11 15:19:33.286,10986,10987,10986,1
2020-05-11 15:19:33.373,10986,10987,10987,3
2020-05-11 15:19:33.569,10986,10987,10987,3
2020-05-11 15:19:33.569,10986,10987,10988,2
2020-05-11 15:19:33.778,10986,10988,10988,1
2020-05-11 15:19:35.344,10987,10988,10988,1
2020-05-11 15:19:35.874,10987,10988,10987,3
2020-05-11 15:19:36.054,10987,10988,10988,3
2020-05-11 15:19:36.277,10987,10988,10988,1
2020-05-11 15:19:36.351,10987,10988,10988,3
2020-05-11 15:19:38.142,10987,10988,10987,1
2020-05-11 15:19:38.432,10987,10988,10988,1
2020-05-11 15:19:39.599,10987,10988,10988,1
2020-05-11 15:19:41.321,10987,10988,10988,1
2020-05-11 15:19:41.557,10987,10988,10988,1
2020-05-11 15:19:41.709,10987,10988,10988,2
2020-05-11 15:19:41.740,10987,10988,10988,1
2020-05-11 15:19:44.553,10987,10988,10988,1
2020-05-11 15:19:45.046,10987,10988,10988,1
2020-05-11 15:19:45.928,10987,10989,10988,1
2020-05-11 15:19:46.555,10987,10988,10988,1
2020-05-11 15:19:47.475,10987,10988,10988,1
2020-05-11 15:19:48.118,10988,10989,10988,1
2020-05-11 15:19:51.274,10987,10988,10988,1
2020-05-11 15:19:52.034,10987,10988,10988,1
2020-05-11 15:19:52.498,10988,10989,10988,2
2020-05-11 15:19:53.918,10987,10988,10987,1
2020-05-11 15:19:54.012,10987,10988,10988,1
2020-05-11 15:19:54.012,10987,10988,10989,1
2020-05-11 15:19:54.102,10987,10989,10989,2
2020-05-11 15:19:54.261,10988,10989,10989,1
2020-05-11 15:19:54.481,10988,10989,10989,1
2020-05-11 15:19:54.485,10988,10989,10989,1
2020-05-11 15:19:54.541,10988,10989,10988,1
2020-05-11 15:19:55.447,10988,10989,10988,1
2020-05-11 15:19:55.762,10988,10989,10989,1
2020-05-11 15:19:58.513,10988,10989,10989,10
2020-05-11 15:20:00.752,10988,10989,10988,1
2020-05-11 15:20:00.987,10988,10989,10989,1
2020-05-11 15:20:01.246,10988,10989,10988,3
2020-05-11 15:20:01.333,10988,10989,10989,1
2020-05-11 15:20:01.495,10988,10989,10989,1
2020-05-11 15:20:01.782,10988,10989,10989,1
2020-05-11 15:20:01.784,10988,10989,10989,1
2020-05-11 15:20:02.506,10988,10989,10988,1
2020-05-11 15:20:03.600,10988,10989,10989,2
2020-05-11 15:20:06.039,10988,10989,10989,1
2020-05-11 15:20:07.766,10988,10989,10988,3
2020-05-11 15:20:09.694,10988,10989,10988,1
2020-05-11 15:20:10.968,10988,10989,10989,1
2020-05-11 15:20:17.270,10988,10989,10989,3
2020-05-11 15:20:18.922,10988,10989,10989,2
2020-05-11 15:20:19.897,10988,10989,10989,1
2020-05-11 15:20:21.528,10988,10989,10989,1
2020-05-11 15:20:24.269,10988,10989,10988,11
2020-05-11 15:20:24.850,10987,10988,10988,1
2020-05-11 15:20:27.904,10988,10989,10988,2
2020-05-11 15:20:27.904,10988,10989,10987,1
2020-05-11 15:20:29.680,10987,10988,10988,1
2020-05-11 15:20:33.125,10987,10988,10987,1
2020-05-11 15:20:43.965,10987,10988,10987,1
2020-05-11 15:20:44.455,10987,10988,10987,1
2020-05-11 15:20:45.050,10987,10988,10987,4
2020-05-11 15:20:47.349,10986,10987,10987,1
2020-05-11 15:20:51.528,10986,10987,10987,1
2020-05-11 15:20:51.690,10987,10988,10987,1
2020-05-11 15:20:55.220,10986,10987,10987,2
2020-05-11 15:20:57.328,10986,10987,10987,2
2020-05-11 15:21:06.569,10986,10987,10986,5
2020-05-11 15:21:08.437,10985,10987,10986,1
2020-05-11 15:21:08.546,10985,10987,10987,1
2020-05-11 15:21:17.412,10985,10986,10985,7
2020-05-11 15:21:17.412,10985,10986,10985,3
2020-05-11 15:21:17.412,10985,10986,10985,3
2020-05-11 15:21:20.370,10983,10984,10983,3
2020-05-11 15:21:20.370,10983,10984,10983,1
2020-05-11 15:21:20.370,10983,10984,10983,2
2020-05-11 15:21:20.370,10983,10984,10983,2
2020-05-11 15:21:20.525,10983,10984,10983,1
2020-05-11 15:21:21.208,10983,10984,10984,1
2020-05-11 15:21:24.542,10983,10985,10983,1
2020-05-11 15:21:24.786,10983,10985,10983,1
2020-05-11 15:21:27.463,10983,10984,10984,3
2020-05-11 15:21:29.337,10983,10984,10983,1
2020-05-11 15:21:33.500,10983,10984,10983,3
2020-05-11 15:21:33.721,10983,10984,10983,1
2020-05-11 15:21:36.064,10983,10984,10983,1
2020-05-11 15:21:38.321,10983,10984,10983,1
2020-05-11 15:21:38.363,10983,10984,10983,1
2020-05-11 15:21:38.641,10982,10984,10982,3
2020-05-11 15:21:39.930,10983,10984,10983,1
2020-05-11 15:21:46.963,10982,10983,10982,7
2020-05-11 15:21:46.963,10982,10983,10981,19
2020-05-11 15:21:47.767,10981,10983,10983,1
2020-05-11 15:21:47.833,10981,10983,10983,1
2020-05-11 15:21:48.110,10981,10983,10981,4
2020-05-11 15:21:48.318,10981,10983,10981,1
2020-05-11 15:21:50.740,10982,10983,10982,4
2020-05-11 15:21:51.209,10982,10983,10982,1
2020-05-11 15:21:53.637,10982,10983,10982,4
2020-05-11 15:21:56.008,10982,10983,10982,1
2020-05-11 15:21:57.275,10982,10983,10982,4
2020-05-11 15:21:58.907,10981,10982,10982,1
2020-05-11 15:21:58.997,10981,10982,10982,5
2020-05-11 15:22:01.175,10981,10982,10982,3
2020-05-11 15:22:03.687,10982,10983,10982,1
2020-05-11 15:22:04.217,10982,10983,10982,1
2020-05-11 15:22:07.673,10982,10983,10982,1
2020-05-11 15:22:07.902,10982,10983,10982,1
2020-05-11 15:22:07.920,10982,10983,10982,1
2020-05-11 15:22:10.270,10982,10983,10983,1
2020-05-11 15:22:10.270,10982,10983,10983,3
2020-05-11 15:22:10.455,10983,10984,10983,1
2020-05-11 15:22:10.561,10983,10984,10983,1
2020-05-11 15:22:10.731,10983,10984,10983,1
2020-05-11 15:22:11.919,10983,10984,10984,1
2020-05-11 15:22:13.657,10984,10985,10984,1
2020-05-11 15:22:13.729,10984,10985,10985,1
2020-05-11 15:22:13.729,10984,10985,10985,2
2020-05-11 15:22:14.327,10984,10985,10985,1
2020-05-11 15:22:14.682,10984,10985,10985,1
2020-05-11 15:22:23.967,10983,10984,10984,1
2020-05-11 15:22:25.299,10983,10984,10984,3
2020-05-11 15:22:27.414,10983,10985,10984,2
2020-05-11 15:22:32.223,10984,10985,10985,4
2020-05-11 15:22:33.686,10985,10986,10985,1
2020-05-11 15:22:34.563,10985,10986,10985,3
2020-05-11 15:22:36.152,10984,10985,10985,1
2020-05-11 15:22:36.782,10984,10985,10984,3
2020-05-11 15:22:40.098,10984,10985,10985,1
2020-05-11 15:22:41.321,10984,10985,10984,3
2020-05-11 15:22:43.273,10984,10985,10984,1
2020-05-11 15:22:55.972,10984,10985,10984,1
2020-05-11 15:23:03.641,10984,10985,10985,2
2020-05-11 15:23:04.196,10984,10985,10984,2
2020-05-11 15:23:04.416,10984,10985,10985,2
2020-05-11 15:23:04.416,10984,10985,10985,6
2020-05-11 15:23:05.285,10985,10986,10986,5
2020-05-11 15:23:13.830,10985,10986,10985,1
2020-05-11 15:23:16.802,10984,10986,10986,1
2020-05-11 15:23:21.692,10986,10987,10986,1
2020-05-11 15:23:25.275,10984,10986,10986,1
2020-05-11 15:23:39.257,10984,10986,10984,1
2020-05-11 15:23:49.212,10984,10985,10985,1
2020-05-11 15:23:49.857,10984,10986,10984,3
2020-05-11 15:23:58.277,10985,10986,10986,2
2020-05-11 15:23:58.278,10985,10986,10986,1
2020-05-11 15:23:58.278,10985,10986,10986,1
2020-05-11 15:24:07.312,10986,10987,10987,4
2020-05-11 15:24:07.898,10986,10987,10986,1
2020-05-11 15:24:08.195,10986,10987,10987,2
2020-05-11 15:24:15.792,10986,10987,10986,1
2020-05-11 15:24:15.828,10986,10987,10986,3
2020-05-11 15:24:15.828,10986,10987,10986,1
2020-05-11 15:24:15.830,10986,10987,10986,3
2020-05-11 15:24:15.830,10986,10987,10985,6
2020-05-11 15:24:15.834,10986,10987,10985,1
2020-05-11 15:24:15.836,10986,10987,10985,3
2020-05-11 15:24:15.843,10986,10987,10985,1
2020-05-11 15:24:15.847,10986,10987,10985,1
2020-05-11 15:24:15.848,10986,10987,10985,2
2020-05-11 15:24:15.849,10986,10987,10985,1
2020-05-11 15:24:15.855,10986,10987,10985,1
2020-05-11 15:24:15.861,10986,10987,10985,1
2020-05-11 15:24:15.861,10986,10987,10984,2
2020-05-11 15:24:16.347,10984,10986,10986,3
2020-05-11 15:24:16.978,10985,10986,10985,1
2020-05-11 15:24:18.083,10985,10986,10986,2
2020-05-11 15:24:18.083,10985,10986,10986,3
2020-05-11 15:24:23.113,10985,10986,10986,1
2020-05-11 15:24:23.344,10985,10986,10986,1
2020-05-11 15:24:23.764,10985,10986,10985,1
2020-05-11 15:24:24.721,10984,10986,10984,1
2020-05-11 15:24:24.724,10984,10986,10986,1
2020-05-11 15:24:36.991,10984,10985,10984,1
2020-05-11 15:24:44.477,10984,10985,10984,1
2020-05-11 15:24:44.478,10984,10985,10984,5
2020-05-11 15:24:49.869,10984,10985,10984,1
2020-05-11 15:24:56.380,10984,10985,10984,1
2020-05-11 15:24:59.363,10984,10985,10985,5
2020-05-11 15:24:59.363,10984,10985,10986,17
2020-05-11 15:25:05.676,10984,10986,10986,1
2020-05-11 15:25:11.496,10985,10986,10986,3
2020-05-11 15:25:18.752,10985,10986,10986,1
2020-05-11 15:25:18.752,10985,10986,10987,4
2020-05-11 15:25:20.290,10985,10986,10986,1
2020-05-11 15:25:21.571,10986,10987,10986,1
2020-05-11 15:25:24.092,10985,10986,10986,1
2020-05-11 15:25:24.431,10986,10987,10986,1
2020-05-11 15:25:25.893,10986,10987,10986,1
2020-05-11 15:25:34.898,10985,10986,10986,1
2020-05-11 15:25:35.331,10985,10986,10985,1
2020-05-11 15:25:35.550,10984,10985,10984,1
2020-05-11 15:25:41.201,10984,10985,10984,1
2020-05-11 15:25:42.934,10984,10986,10984,1
2020-05-11 15:25:46.979,10984,10985,10984,11
2020-05-11 15:25:46.979,10984,10985,10984,2
2020-05-11 15:25:47.291,10984,10986,10984,1
2020-05-11 15:25:48.158,10985,10986,10985,1
2020-05-11 15:25:50.848,10985,10986,10985,2
2020-05-11 15:25:58.039,10985,10986,10985,1
2020-05-11 15:26:03.052,10985,10986,10986,2
2020-05-11 15:26:03.052,10985,10986,10986,5
2020-05-11 15:26:03.052,10985,10986,10986,2
2020-05-11 15:26:03.053,10985,10986,10986,1
2020-05-11 15:26:03.053,10985,10986,10986,2
2020-05-11 15:26:03.053,10985,10986,10986,3
2020-05-11 15:26:07.032,10986,10987,10986,1
2020-05-11 15:26:12.491,10986,10987,10986,1
2020-05-11 15:26:22.913,10986,10987,10986,5
2020-05-11 15:26:23.798,10985,10986,10986,1
2020-05-11 15:26:27.795,10985,10987,10987,20
2020-05-11 15:26:29.064,10986,10987,10986,1
2020-05-11 15:26:30.035,10986,10987,10987,3
2020-05-11 15:26:31.599,10986,10987,10987,1
2020-05-11 15:26:31.599,10986,10987,10987,1
2020-05-11 15:26:31.599,10986,10987,10987,2
2020-05-11 15:26:31.600,10986,10987,10987,4
2020-05-11 15:26:46.216,10987,10988,10988,1
2020-05-11 15:26:50.308,10987,10988,10987,3
2020-05-11 15:26:51.817,10987,10988,10987,1
2020-05-11 15:26:51.817,10987,10988,10987,3
2020-05-11 15:26:51.817,10987,10988,10987,5
2020-05-11 15:26:56.964,10986,10987,10987,1
2020-05-11 15:27:00.005,10986,10987,10987,1
2020-05-11 15:27:02.269,10986,10987,10987,2
2020-05-11 15:27:02.469,10986,10988,10987,1
2020-05-11 15:27:03.638,10987,10988,10987,1
2020-05-11 15:27:03.825,10986,10987,10987,2
2020-05-11 15:27:03.825,10986,10987,10987,1
2020-05-11 15:27:07.507,10987,10988,10987,1
2020-05-11 15:27:07.510,10987,10988,10987,1
2020-05-11 15:27:07.654,10986,10987,10986,1
2020-05-11 15:27:11.558,10985,10987,10987,1
2020-05-11 15:27:17.237,10986,10987,10986,1
2020-05-11 15:27:23.075,10985,10986,10986,1
2020-05-11 15:27:23.216,10985,10986,10985,1
2020-05-11 15:27:27.180,10985,10986,10986,1
2020-05-11 15:27:27.877,10986,10987,10987,1
2020-05-11 15:27:29.513,10986,10987,10987,1
2020-05-11 15:27:40.446,10985,10986,10986,1
2020-05-11 15:28:02.391,10986,10987,10986,2
2020-05-11 15:28:02.754,10986,10987,10986,2
2020-05-11 15:28:06.510,10986,10987,10986,1
2020-05-11 15:28:07.565,10986,10987,10986,1
2020-05-11 15:28:13.207,10986,10987,10987,1
2020-05-11 15:28:15.270,10986,10987,10987,1
2020-05-11 15:28:15.270,10986,10987,10987,5
2020-05-11 15:28:27.863,10986,10987,10987,1
2020-05-11 15:28:43.108,10986,10987,10987,2
2020-05-11 15:28:50.549,10986,10987,10987,1
2020-05-11 15:28:58.449,10987,10988,10987,1
2020-05-11 15:29:03.229,10987,10988,10988,3
2020-05-11 15:29:05.812,10987,10988,10988,19
2020-05-11 15:29:07.294,10988,10989,10989,1
2020-05-11 15:29:07.817,10988,10989,10989,3
2020-05-11 15:29:07.818,10988,10989,10989,1
2020-05-11 15:29:12.969,10988,10990,10990,1
2020-05-11 15:29:16.521,10989,10990,10989,1
2020-05-11 15:29:20.328,10989,10990,10990,1
2020-05-11 15:29:22.795,10989,10990,10989,4
2020-05-11 15:29:22.854,10989,10990,10989,1
2020-05-11 15:29:22.854,10989,10990,10989,1
2020-05-11 15:29:23.037,10988,10990,10990,1
2020-05-11 15:29:26.617,10988,10990,10990,5
2020-05-11 15:29:28.005,10989,10990,10990,1
2020-05-11 15:29:29.391,10989,10990,10990,8
2020-05-11 15:29:29.941,10989,10990,10989,9
2020-05-11 15:29:31.989,10988,10989,10989,1
2020-05-11 15:29:33.404,10988,10989,10989,3
2020-05-11 15:29:33.404,10988,10989,10989,1
2020-05-11 15:29:36.711,10989,10990,10990,1
2020-05-11 15:29:36.953,10989,10990,10990,1
2020-05-11 15:29:39.082,10989,10990,10989,1
2020-05-11 15:29:43.382,10989,10990,10990,2
2020-05-11 15:29:45.110,10989,10990,10990,1
2020-05-11 15:29:46.826,10989,10990,10990,1
2020-05-11 15:29:47.019,10989,10990,10990,1
2020-05-11 15:29:47.209,10989,10990,10990,1
2020-05-11 15:29:47.282,10989,10990,10990,2
2020-05-11 15:29:47.411,10989,10990,10990,1
2020-05-11 15:29:47.600,10989,10990,10990,1
2020-05-11 15:29:47.821,10989,10990,10990,1
2020-05-11 15:29:49.544,10989,10990,10990,1
2020-05-11 15:29:49.798,10989,10990,10990,1
2020-05-11 15:29:50.902,10989,10990,10990,2
2020-05-11 15:29:51.530,10989,10990,10990,4
2020-05-11 15:29:53.912,10989,10990,10990,1
2020-05-11 15:29:57.380,10989,10990,10990,4
2020-05-11 15:29:58.628,10990,10991,10990,1
2020-05-11 15:29:59.360,10990,10991,10991,1
2020-05-11 15:29:59.646,10990,10991,10991,2
2020-05-11 15:30:00.009,10990,10991,10991,1
2020-05-11 15:30:00.293,10990,10991,10990,2
2020-05-11 15:30:01.713,10990,10991,10990,2
2020-05-11 15:30:01.722,10990,10991,10990,1
2020-05-11 15:30:01.722,10990,10991,10990,2
2020-05-11 15:30:02.342,10989,10990,10990,2
2020-05-11 15:30:02.783,10990,10991,10990,1
2020-05-11 15:30:04.241,10989,10990,10990,1
2020-05-11 15:30:05.202,10989,10990,10990,1
2020-05-11 15:30:06.060,10989,10990,10989,9
2020-05-11 15:30:06.061,10989,10990,10989,1
2020-05-11 15:30:06.061,10989,10990,10989,8
2020-05-11 15:30:06.141,10988,10989,10988,7
2020-05-11 15:30:07.737,10987,10988,10988,5
2020-05-11 15:30:07.737,10987,10988,10989,4
2020-05-11 15:30:14.682,10987,10989,10989,9
2020-05-11 15:30:16.658,10987,10989,10988,1
2020-05-11 15:30:18.000,10988,10989,10989,1
2020-05-11 15:30:22.122,10988,10989,10989,5
2020-05-11 15:30:25.700,10989,10990,10989,1
2020-05-11 15:30:26.021,10989,10990,10989,1
2020-05-11 15:30:27.097,10989,10990,10989,1
2020-05-11 15:30:28.827,10989,10990,10989,1
2020-05-11 15:30:30.083,10989,10990,10989,1
2020-05-11 15:30:31.781,10989,10990,10989,1
2020-05-11 15:30:35.426,10988,10989,10989,3
2020-05-11 15:30:43.023,10988,10989,10989,2
2020-05-11 15:30:43.803,10989,10990,10989,2
2020-05-11 15:30:58.768,10988,10989,10989,2
2020-05-11 15:31:02.115,10988,10989,10988,1
2020-05-11 15:31:02.115,10988,10989,10988,1
2020-05-11 15:31:02.115,10988,10989,10988,1
2020-05-11 15:31:05.345,10987,10988,10988,3
2020-05-11 15:31:07.066,10987,10988,10988,1
2020-05-11 15:31:10.370,10987,10988,10988,2
2020-05-11 15:31:10.692,10988,10989,10988,1
2020-05-11 15:31:21.434,10988,10989,10988,1
2020-05-11 15:31:35.911,10988,10989,10988,1
2020-05-11 15:31:40.251,10988,10989,10988,8
2020-05-11 15:31:50.076,10987,10988,10987,5
2020-05-11 15:31:50.262,10987,10988,10987,1
2020-05-11 15:31:53.939,10987,10988,10987,1
2020-05-11 15:31:58.801,10987,10988,10987,2
2020-05-11 15:32:03.393,10987,10988,10988,1
2020-05-11 15:32:03.830,10987,10988,10987,1
2020-05-11 15:32:07.901,10986,10987,10987,1
2020-05-11 15:32:11.781,10986,10988,10986,2
2020-05-11 15:32:15.892,10987,10988,10988,1
2020-05-11 15:32:17.046,10988,10989,10988,1
2020-05-11 15:32:17.650,10988,10989,10988,1
2020-05-11 15:32:19.555,10988,10989,10988,1
2020-05-11 15:32:20.624,10988,10989,10988,1
2020-05-11 15:32:21.065,10988,10989,10988,1
2020-05-11 15:32:30.145,10987,10988,10988,1
2020-05-11 15:32:31.026,10987,10988,10987,1
2020-05-11 15:32:37.796,10987,10988,10987,1
2020-05-11 15:32:38.412,10987,10988,10988,1
2020-05-11 15:33:03.817,10987,10988,10987,1
2020-05-11 15:33:08.483,10987,10988,10987,2
2020-05-11 15:33:08.484,10987,10988,10987,1
2020-05-11 15:33:08.484,10987,10988,10987,5
2020-05-11 15:33:16.083,10986,10987,10986,2
2020-05-11 15:33:16.083,10986,10987,10986,8
2020-05-11 15:33:16.083,10986,10987,10986,10
2020-05-11 15:33:16.083,10986,10987,10986,2
2020-05-11 15:33:16.084,10986,10987,10986,1
2020-05-11 15:33:16.084,10986,10987,10986,5
2020-05-11 15:33:16.084,10986,10987,10986,24
2020-05-11 15:33:16.084,10986,10987,10986,7
2020-05-11 15:33:17.311,10985,10986,10985,1
2020-05-11 15:33:17.311,10985,10986,10985,3
2020-05-11 15:33:17.311,10985,10986,10985,1
2020-05-11 15:33:17.311,10985,10986,10985,2
2020-05-11 15:33:17.312,10985,10986,10985,2
2020-05-11 15:33:17.312,10985,10986,10985,1
2020-05-11 15:33:17.317,10985,10986,10985,6
2020-05-11 15:33:17.580,10984,10985,10984,1
2020-05-11 15:33:17.585,10984,10985,10984,1
2020-05-11 15:33:17.590,10984,10985,10984,2
2020-05-11 15:33:17.595,10984,10985,10984,1
2020-05-11 15:33:17.725,10984,10985,10984,1
2020-05-11 15:33:18.175,10984,10985,10984,2
2020-05-11 15:33:28.085,10984,10985,10984,1
2020-05-11 15:33:28.510,10984,10985,10984,1
2020-05-11 15:33:29.003,10984,10985,10984,1
2020-05-11 15:33:29.743,10984,10985,10984,1
2020-05-11 15:33:30.092,10984,10985,10984,2
2020-05-11 15:33:30.092,10984,10985,10983,8
2020-05-11 15:33:30.423,10983,10985,10983,2
2020-05-11 15:33:31.797,10983,10985,10984,1
2020-05-11 15:33:32.407,10984,10985,10985,1
2020-05-11 15:33:37.145,10984,10985,10984,1
2020-05-11 15:33:37.235,10984,10985,10984,1
2020-05-11 15:33:40.448,10983,10984,10983,2
2020-05-11 15:33:47.135,10984,10985,10984,1
2020-05-11 15:33:47.135,10984,10985,10984,1
2020-05-11 15:33:49.547,10983,10984,10983,10
2020-05-11 15:33:51.156,10983,10984,10984,5
2020-05-11 15:33:52.420,10983,10984,10983,1
2020-05-11 15:33:56.149,10983,10984,10983,1
2020-05-11 15:34:01.583,10983,10984,10983,1
2020-05-11 15:34:04.829,10983,10984,10983,1
2020-05-11 15:34:04.948,10983,10984,10984,2
2020-05-11 15:34:04.951,10983,10984,10984,1
2020-05-11 15:34:14.007,10983,10984,10983,1
2020-05-11 15:34:19.426,10983,10984,10983,1
2020-05-11 15:34:23.924,10983,10984,10983,2
2020-05-11 15:34:25.044,10983,10984,10983,1
2020-05-11 15:34:25.046,10983,10984,10983,1
2020-05-11 15:34:29.468,10982,10983,10982,20
2020-05-11 15:34:29.469,10982,10983,10982,1
2020-05-11 15:34:29.469,10982,10983,10982,1
2020-05-11 15:34:30.995,10982,10983,10982,4
2020-05-11 15:34:31.180,10982,10983,10983,1
2020-05-11 15:34:31.364,10982,10983,10982,1
2020-05-11 15:34:35.528,10982,10983,10982,1
2020-05-11 15:34:37.302,10982,10983,10982,1
2020-05-11 15:34:37.562,10982,10983,10982,3
2020-05-11 15:34:38.613,10982,10983,10982,1
2020-05-11 15:34:43.092,10982,10983,10982,1
2020-05-11 15:34:43.401,10981,10982,10982,1
2020-05-11 15:34:43.538,10981,10982,10982,1
2020-05-11 15:34:44.182,10981,10983,10981,1
2020-05-11 15:34:44.218,10981,10983,10981,1
2020-05-11 15:34:45.806,10981,10982,10982,1
2020-05-11 15:34:55.192,10982,10983,10982,1
2020-05-11 15:34:56.090,10982,10983,10983,1
2020-05-11 15:34:56.100,10982,10983,10982,3
2020-05-11 15:35:00.806,10981,10982,10982,1
2020-05-11 15:35:07.390,10981,10982,10982,1
2020-05-11 15:35:07.963,10981,10982,10982,1
2020-05-11 15:35:08.387,10981,10982,10982,1
2020-05-11 15:35:10.626,10981,10982,10981,1
2020-05-11 15:35:14.570,10981,10982,10981,2
2020-05-11 15:35:21.714,10981,10982,10981,1
2020-05-11 15:35:23.698,10981,10982,10981,15
2020-05-11 15:35:24.177,10980,10982,10981,1
2020-05-11 15:35:26.219,10981,10982,10981,1
2020-05-11 15:35:26.755,10981,10982,10982,1
2020-05-11 15:35:26.755,10981,10982,10982,4
2020-05-11 15:35:26.755,10981,10982,10982,3
2020-05-11 15:35:28.027,10982,10983,10983,2
2020-05-11 15:35:32.874,10982,10983,10982,5
2020-05-11 15:35:33.516,10982,10983,10982,2
2020-05-11 15:35:33.516,10982,10983,10981,3
2020-05-11 15:35:34.977,10982,10983,10982,1
2020-05-11 15:35:43.970,10981,10982,10982,1
2020-05-11 15:35:47.678,10982,10983,10982,1
2020-05-11 15:35:55.321,10981,10983,10982,1
2020-05-11 15:35:57.077,10982,10983,10982,1
2020-05-11 15:35:57.455,10982,10983,10982,1
2020-05-11 15:35:58.762,10982,10983,10982,1
2020-05-11 15:36:15.775,10982,10983,10982,3
2020-05-11 15:36:22.103,10982,10983,10982,1
2020-05-11 15:36:23.661,10982,10983,10982,2
2020-05-11 15:36:31.310,10982,10983,10983,2
2020-05-11 15:36:31.311,10982,10983,10983,2
2020-05-11 15:36:31.311,10982,10983,10983,1
2020-05-11 15:36:31.311,10982,10983,10983,1
2020-05-11 15:36:34.042,10982,10984,10984,1
2020-05-11 15:36:38.955,10982,10984,10982,1
2020-05-11 15:36:42.267,10983,10984,10984,2
2020-05-11 15:36:52.493,10983,10984,10984,2
2020-05-11 15:37:01.261,10983,10984,10984,1
2020-05-11 15:37:02.014,10983,10984,10983,1
2020-05-11 15:37:02.322,10982,10984,10984,2
2020-05-11 15:37:02.513,10982,10984,10984,1
2020-05-11 15:37:09.548,10982,10983,10983,1
2020-05-11 15:37:10.216,10982,10983,10983,2
2020-05-11 15:37:13.840,10982,10983,10983,1
2020-05-11 15:37:14.589,10982,10984,10982,1
2020-05-11 15:37:17.588,10983,10984,10983,1
2020-05-11 15:37:19.886,10983,10984,10983,2
2020-05-11 15:37:24.552,10982,10984,10983,1
2020-05-11 15:37:27.691,10983,10984,10984,4
2020-05-11 15:37:29.107,10984,10985,10985,1
2020-05-11 15:37:32.239,10984,10985,10984,5
2020-05-11 15:37:37.618,10983,10984,10984,1
2020-05-11 15:37:47.781,10983,10985,10983,1
2020-05-11 15:37:52.056,10983,10984,10983,4
2020-05-11 15:37:53.651,10982,10983,10983,1
2020-05-11 15:38:01.748,10982,10983,10983,1
2020-05-11 15:38:01.748,10982,10983,10983,2
2020-05-11 15:38:01.749,10982,10983,10983,2
2020-05-11 15:38:10.993,10983,10984,10983,5
2020-05-11 15:38:11.226,10983,10984,10983,2
2020-05-11 15:38:11.938,10982,10983,10983,1
2020-05-11 15:38:11.938,10982,10983,10983,4
2020-05-11 15:38:11.938,10982,10983,10983,3
2020-05-11 15:38:15.093,10983,10985,10983,5
2020-05-11 15:38:18.998,10982,10984,10984,1
2020-05-11 15:38:19.494,10982,10984,10984,1
2020-05-11 15:38:20.846,10982,10984,10984,1
2020-05-11 15:38:30.288,10984,10985,10984,5
2020-05-11 15:38:31.111,10984,10985,10985,1
2020-05-11 15:38:31.111,10984,10985,10985,9
2020-05-11 15:38:31.111,10984,10985,10985,3
2020-05-11 15:38:31.111,10984,10985,10985,5
2020-05-11 15:38:32.204,10985,10986,10986,2
2020-05-11 15:38:32.204,10985,10986,10986,4
2020-05-11 15:38:32.204,10985,10986,10986,4
2020-05-11 15:38:40.981,10986,10987,10987,5
2020-05-11 15:38:41.343,10987,10988,10988,1
2020-05-11 15:38:41.498,10987,10988,10988,8
2020-05-11 15:38:41.519,10987,10988,10988,1
2020-05-11 15:38:43.350,10988,10989,10988,1
2020-05-11 15:38:51.038,10988,10989,10989,2
2020-05-11 15:38:51.303,10988,10989,10989,1
2020-05-11 15:38:51.726,10988,10989,10989,1
2020-05-11 15:38:51.817,10988,10989,10989,7
2020-05-11 15:38:51.818,10988,10989,10989,2
2020-05-11 15:38:53.719,10989,10990,10989,8
2020-05-11 15:38:54.928,10988,10989,10989,5
2020-05-11 15:38:55.219,10989,10990,10990,2
2020-05-11 15:38:56.775,10989,10990,10989,1
2020-05-11 15:38:56.775,10989,10990,10989,4
2020-05-11 15:38:58.896,10988,10989,10989,1
2020-05-11 15:38:59.128,10988,10989,10989,1
2020-05-11 15:39:01.765,10989,10990,10989,1
2020-05-11 15:39:02.336,10988,10989,10988,1
2020-05-11 15:39:02.525,10988,10989,10989,1
2020-05-11 15:39:03.633,10989,10990,10990,1
2020-05-11 15:39:04.339,10989,10990,10990,2
2020-05-11 15:39:04.998,10989,10990,10990,1
2020-05-11 15:39:08.064,10989,10990,10990,10
2020-05-11 15:39:09.415,10989,10990,10989,1
2020-05-11 15:39:09.819,10989,10990,10990,9
2020-05-11 15:39:11.236,10990,10991,10990,1
2020-05-11 15:39:13.055,10990,10991,10990,2
2020-05-11 15:39:13.055,10990,10991,10989,1
2020-05-11 15:39:13.567,10989,10990,10990,1
2020-05-11 15:39:14.602,10990,10991,10990,5
2020-05-11 15:39:15.394,10990,10991,10991,1
2020-05-11 15:39:15.394,10990,10991,10991,1
2020-05-11 15:39:15.394,10990,10991,10991,2
2020-05-11 15:39:15.394,10990,10991,10991,2
2020-05-11 15:39:15.394,10990,10991,10991,1
2020-05-11 15:39:15.394,10990,10991,10991,1
2020-05-11 15:39:16.149,10991,10992,10992,8
2020-05-11 15:39:16.149,10991,10992,10992,3
2020-05-11 15:39:16.150,10991,10992,10992,3
2020-05-11 15:39:16.150,10991,10992,10992,2
2020-05-11 15:39:16.547,10992,10993,10993,1
2020-05-11 15:39:16.606,10992,10993,10993,3
2020-05-11 15:39:16.701,10992,10993,10993,1
2020-05-11 15:39:16.713,10992,10993,10993,1
2020-05-11 15:39:16.722,10992,10993,10993,3
2020-05-11 15:39:16.723,10992,10993,10993,2
2020-05-11 15:39:16.723,10992,10993,10993,4
2020-05-11 15:39:16.731,10992,10993,10994,1
2020-05-11 15:39:16.752,10992,10993,10994,1
2020-05-11 15:39:16.799,10992,10993,10994,5
2020-05-11 15:39:16.839,10993,10994,10994,1
2020-05-11 15:39:16.945,10993,10994,10994,1
2020-05-11 15:39:18.848,10993,10994,10994,5
2020-05-11 15:39:19.374,10993,10994,10994,1
2020-05-11 15:39:19.444,10994,10995,10994,1
2020-05-11 15:39:19.444,10994,10995,10994,1
2020-05-11 15:39:19.642,10994,10995,10994,2
2020-05-11 15:39:19.642,10994,10995,10994,5
2020-05-11 15:39:20.557,10993,10994,10994,8
2020-05-11 15:39:20.557,10993,10994,10994,2
2020-05-11 15:39:21.751,10993,10995,10995,1
2020-05-11 15:39:21.784,10993,10995,10995,2
2020-05-11 15:39:22.085,10993,10995,10995,1
2020-05-11 15:39:22.144,10993,10995,10995,1
2020-05-11 15:39:22.659,10994,10995,10994,4
2020-05-11 15:39:22.659,10994,10995,10993,2
2020-05-11 15:39:23.298,10993,10995,10995,1
2020-05-11 15:39:23.861,10994,10995,10994,1
2020-05-11 15:39:24.861,10993,10995,10995,1
2020-05-11 15:39:26.640,10994,10995,10995,1
2020-05-11 15:39:26.873,10994,10995,10995,13
2020-05-11 15:39:29.342,10994,10995,10994,1
2020-05-11 15:39:31.151,10993,10994,10993,1
2020-05-11 15:39:31.407,10993,10994,10993,1
2020-05-11 15:39:31.971,10993,10994,10994,1
2020-05-11 15:39:32.058,10993,10994,10994,1
2020-05-11 15:39:35.911,10993,10994,10994,1
2020-05-11 15:39:39.151,10993,10994,10994,1
2020-05-11 15:39:40.973,10993,10995,10995,1
2020-05-11 15:39:42.187,10994,10995,10994,1
2020-05-11 15:39:42.992,10994,10995,10994,2
2020-05-11 15:39:45.240,10993,10995,10995,2
2020-05-11 15:39:48.039,10993,10994,10993,7
2020-05-11 15:39:48.040,10993,10994,10993,2
2020-05-11 15:39:48.782,10992,10993,10993,5
2020-05-11 15:39:49.788,10992,10993,10993,1
2020-05-11 15:39:52.052,10992,10994,10992,1
2020-05-11 15:39:53.731,10991,10993,10993,1
2020-05-11 15:39:54.813,10991,10993,10991,1
2020-05-11 15:39:55.520,10991,10993,10993,1
2020-05-11 15:39:57.200,10991,10993,10993,1
2020-05-11 15:39:57.296,10991,10993,10993,2
2020-05-11 15:39:58.956,10992,10993,10993,2
2020-05-11 15:40:04.032,10992,10993,10993,1
2020-05-11 15:40:09.115,10992,10993,10993,1
2020-05-11 15:40:10.439,10992,10993,10992,1
2020-05-11 15:40:12.826,10992,10993,10993,1
2020-05-11 15:40:15.146,10992,10993,10992,1
2020-05-11 15:40:15.776,10992,10993,10992,2
2020-05-11 15:40:21.335,10991,10992,10992,2
2020-05-11 15:40:22.729,10991,10992,10992,1
2020-05-11 15:40:22.730,10991,10992,10992,1
2020-05-11 15:40:33.962,10992,10993,10992,1
2020-05-11 15:40:37.389,10992,10993,10992,5
2020-05-11 15:40:38.541,10992,10993,10992,2
2020-05-11 15:40:42.087,10992,10993,10992,1
2020-05-11 15:40:42.640,10992,10993,10992,1
2020-05-11 15:40:50.626,10992,10993,10992,1
2020-05-11 15:40:59.871,10992,10993,10992,1
2020-05-11 15:41:00.709,10992,10993,10992,1
2020-05-11 15:41:07.672,10992,10993,10992,3
2020-05-11 15:41:17.156,10991,10992,10992,1
2020-05-11 15:41:22.632,10991,10992,10992,1
2020-05-11 15:41:27.968,10991,10992,10991,2
2020-05-11 15:41:27.968,10991,10992,10990,1
2020-05-11 15:41:34.490,10990,10992,10990,1
2020-05-11 15:41:37.108,10990,10992,10990,3
2020-05-11 15:41:40.263,10990,10991,10991,5
2020-05-11 15:41:40.790,10990,10991,10990,3
2020-05-11 15:41:41.074,10990,10991,10990,6
2020-05-11 15:41:42.013,10989,10990,10990,5
2020-05-11 15:41:43.656,10989,10990,10990,1
2020-05-11 15:42:18.729,10989,10990,10990,1
2020-05-11 15:42:30.121,10989,10990,10990,1
2020-05-11 15:42:30.121,10989,10990,10990,3
2020-05-11 15:42:33.891,10990,10991,10991,1
2020-05-11 15:42:35.707,10991,10993,10991,1
2020-05-11 15:42:37.923,10991,10993,10991,3
2020-05-11 15:42:40.413,10991,10992,10991,2
2020-05-11 15:42:40.413,10991,10992,10990,1
2020-05-11 15:42:43.923,10990,10991,10990,3
2020-05-11 15:42:52.218,10990,10991,10991,1
2020-05-11 15:42:52.219,10990,10991,10991,1
2020-05-11 15:42:52.219,10990,10991,10991,2
2020-05-11 15:43:04.338,10991,10992,10991,1
2020-05-11 15:43:14.343,10990,10991,10991,1
2020-05-11 15:43:16.767,10990,10991,10990,1
2020-05-11 15:43:19.815,10990,10991,10990,1
2020-05-11 15:43:20.063,10990,10991,10991,1
2020-05-11 15:43:26.248,10990,10992,10992,5
2020-05-11 15:43:27.386,10990,10992,10992,1
2020-05-11 15:43:30.764,10990,10992,10992,1
2020-05-11 15:43:40.399,10990,10992,10990,3
2020-05-11 15:43:40.876,10990,10991,10991,5
2020-05-11 15:43:43.471,10991,10992,10991,1
2020-05-11 15:43:43.471,10991,10992,10990,2
2020-05-11 15:43:45.119,10990,10992,10992,5
2020-05-11 15:43:46.425,10991,10992,10991,1
2020-05-11 15:43:46.598,10990,10992,10990,3
2020-05-11 15:43:50.267,10990,10992,10992,1
2020-05-11 15:43:51.906,10990,10991,10990,1
2020-05-11 15:44:01.395,10989,10990,10989,1
2020-05-11 15:44:02.207,10989,10990,10989,1
2020-05-11 15:44:04.254,10989,10990,10990,1
2020-05-11 15:44:04.854,10989,10990,10989,1
2020-05-11 15:44:09.406,10989,10990,10989,2
2020-05-11 15:44:09.406,10989,10990,10989,1
2020-05-11 15:44:09.406,10989,10990,10989,2
2020-05-11 15:44:12.638,10988,10989,10988,3
2020-05-11 15:44:12.751,10988,10989,10988,1
2020-05-11 15:44:13.698,10988,10989,10988,1
2020-05-11 15:44:14.030,10987,10988,10987,6
2020-05-11 15:44:17.623,10986,10988,10987,1
2020-05-11 15:44:28.445,10986,10987,10987,1
2020-05-11 15:44:32.580,10986,10987,10986,5
2020-05-11 15:44:32.580,10986,10987,10986,4
2020-05-11 15:44:39.505,10986,10987,10987,1
2020-05-11 15:44:41.010,10987,10988,10988,3
2020-05-11 15:44:41.764,10987,10989,10987,1
2020-05-11 15:44:46.003,10986,10987,10986,3
2020-05-11 15:44:50.314,10986,10987,10986,1
2020-05-11 15:45:02.270,10986,10987,10986,1
2020-05-11 15:45:07.039,10986,10987,10986,1
2020-05-11 15:45:15.220,10985,10986,10985,1
2020-05-11 15:45:15.220,10985,10986,10985,9
2020-05-11 15:45:15.220,10985,10986,10985,1
2020-05-11 15:45:15.353,10984,10985,10984,1
2020-05-11 15:45:19.447,10984,10985,10984,1
2020-05-11 15:45:23.033,10984,10986,10984,3
2020-05-11 15:45:23.376,10984,10985,10984,1
2020-05-11 15:45:34.029,10984,10985,10984,1
2020-05-11 15:45:39.710,10984,10985,10985,1
2020-05-11 15:45:43.568,10985,10986,10986,1
2020-05-11 15:46:08.376,10985,10986,10986,3
2020-05-11 15:46:09.300,10985,10986,10985,2
2020-05-11 15:46:14.765,10984,10985,10984,2
2020-05-11 15:46:14.765,10984,10985,10984,1
2020-05-11 15:46:14.765,10984,10985,10984,8
2020-05-11 15:46:18.175,10983,10984,10984,2
2020-05-11 15:46:20.562,10983,10984,10984,1
2020-05-11 15:46:29.327,10983,10984,10984,1
2020-05-11 15:46:29.715,10983,10984,10984,1
2020-05-11 15:46:30.269,10984,10985,10984,2
2020-05-11 15:46:41.201,10983,10984,10984,3
2020-05-11 15:46:43.581,10983,10984,10983,3
2020-05-11 15:46:43.728,10983,10984,10983,2
2020-05-11 15:47:01.466,10983,10984,10983,1
2020-05-11 15:47:02.367,10983,10984,10983,3
2020-05-11 15:47:03.400,10983,10984,10983,1
2020-05-11 15:47:06.455,10983,10984,10983,1
2020-05-11 15:47:06.832,10983,10984,10983,2
2020-05-11 15:47:31.953,10982,10983,10982,1
2020-05-11 15:47:36.044,10982,10983,10983,1
2020-05-11 15:47:37.717,10982,10983,10982,1
2020-05-11 15:47:37.717,10982,10983,10982,1
2020-05-11 15:47:37.717,10982,10983,10982,5
2020-05-11 15:47:37.717,10982,10983,10982,7
2020-05-11 15:47:37.717,10982,10983,10982,3
2020-05-11 15:47:37.717,10982,10983,10982,2
2020-05-11 15:47:37.717,10982,10983,10982,1
2020-05-11 15:47:37.717,10982,10983,10982,2
2020-05-11 15:47:37.717,10982,10983,10982,9
2020-05-11 15:47:37.717,10982,10983,10982,5
2020-05-11 15:47:37.718,10982,10983,10982,4
2020-05-11 15:47:37.718,10982,10983,10982,7
2020-05-11 15:47:37.718,10982,10983,10982,1
2020-05-11 15:47:38.605,10981,10982,10981,10
2020-05-11 15:47:38.794,10981,10982,10981,10
2020-05-11 15:47:39.425,10981,10982,10982,1
2020-05-11 15:47:39.494,10981,10982,10982,6
2020-05-11 15:47:40.059,10981,10983,10983,1
2020-05-11 15:47:41.972,10981,10982,10982,1
2020-05-11 15:47:46.599,10982,10983,10982,1
2020-05-11 15:47:47.285,10982,10983,10983,1
2020-05-11 15:47:47.285,10982,10983,10984,3
2020-05-11 15:47:47.666,10983,10984,10983,1
2020-05-11 15:47:47.666,10983,10984,10982,1
2020-05-11 15:47:53.707,10983,10984,10983,2
2020-05-11 15:48:02.103,10983,10984,10984,1
2020-05-11 15:48:02.302,10983,10984,10983,1
2020-05-11 15:48:14.157,10982,10983,10983,1
2020-05-11 15:48:18.043,10982,10983,10983,2
2020-05-11 15:48:18.871,10983,10984,10983,1
2020-05-11 15:48:22.453,10983,10984,10983,1
2020-05-11 15:48:38.604,10983,10984,10984,9
2020-05-11 15:48:49.701,10983,10984,10984,1
2020-05-11 15:48:54.404,10984,10985,10985,1
2020-05-11 15:48:56.654,10984,10985,10985,2
2020-05-11 15:48:59.450,10984,10985,10985,2
2020-05-11 15:49:01.677,10985,10987,10987,4
2020-05-11 15:49:17.053,10986,10987,10987,1
2020-05-11 15:49:26.668,10986,10987,10986,2
2020-05-11 15:49:26.669,10986,10987,10986,1
2020-05-11 15:49:58.485,10984,10985,10985,1
2020-05-11 15:49:59.123,10985,10986,10985,1
2020-05-11 15:50:10.967,10984,10985,10984,1
2020-05-11 15:50:14.013,10984,10985,10985,2
2020-05-11 15:50:21.523,10985,10987,10985,1
2020-05-11 15:50:22.727,10985,10987,10985,1
2020-05-11 15:50:32.690,10985,10987,10986,1
2020-05-11 15:50:34.347,10986,10987,10987,14
2020-05-11 15:50:53.515,10986,10987,10987,2
2020-05-11 15:50:59.887,10986,10987,10986,2
2020-05-11 15:51:02.342,10985,10986,10986,5
2020-05-11 15:51:04.247,10985,10986,10985,2
2020-05-11 15:51:04.247,10985,10986,10985,1
2020-05-11 15:51:04.426,10984,10985,10985,1
2020-05-11 15:51:15.767,10984,10985,10984,1
2020-05-11 15:51:20.027,10984,10985,10985,3
2020-05-11 15:51:34.950,10985,10986,10985,1
2020-05-11 15:51:56.122,10985,10986,10985,5
2020-05-11 15:51:57.439,10984,10985,10985,1
2020-05-11 15:52:10.724,10985,10986,10985,1
2020-05-11 15:52:15.111,10984,10985,10985,10
2020-05-11 15:52:21.627,10985,10986,10985,3
2020-05-11 15:52:23.421,10984,10986,10986,1
2020-05-11 15:53:05.688,10985,10986,10986,5
2020-05-11 15:53:05.688,10985,10986,10986,2
2020-05-11 15:53:05.688,10985,10986,10986,3
2020-05-11 15:53:05.689,10985,10986,10986,1
2020-05-11 15:53:05.689,10985,10986,10986,1
2020-05-11 15:53:09.983,10986,10987,10986,1
2020-05-11 15:53:13.080,10986,10987,10987,1
2020-05-11 15:53:30.496,10986,10987,10986,1
2020-05-11 15:53:53.466,10985,10987,10987,1
2020-05-11 15:54:02.352,10986,10987,10986,1
2020-05-11 15:54:05.887,10986,10987,10987,1
2020-05-11 15:54:09.879,10986,10987,10987,4
2020-05-11 15:54:09.879,10986,10987,10988,17
2020-05-11 15:54:13.794,10987,10988,10988,1
2020-05-11 15:54:13.796,10987,10988,10988,1
2020-05-11 15:54:14.505,10987,10989,10987,10
2020-05-11 15:54:16.228,10987,10988,10988,1
2020-05-11 15:54:17.365,10987,10988,10988,1
2020-05-11 15:54:28.333,10987,10988,10988,1
2020-05-11 15:54:29.614,10987,10988,10988,2
2020-05-11 15:54:40.195,10988,10989,10989,2
2020-05-11 15:54:40.496,10988,10989,10989,1
2020-05-11 15:54:41.770,10988,10989,10989,1
2020-05-11 15:54:46.834,10988,10989,10989,1
2020-05-11 15:54:49.436,10988,10989,10989,1
2020-05-11 15:54:54.320,10988,10989,10989,1
2020-05-11 15:54:57.542,10988,10989,10988,6
2020-05-11 15:54:59.996,10987,10988,10987,1
2020-05-11 15:55:41.955,10987,10988,10987,4
2020-05-11 15:55:46.967,10986,10987,10986,7
2020-05-11 15:55:48.994,10985,10986,10985,1
2020-05-11 15:55:58.445,10985,10986,10985,1
2020-05-11 15:56:02.334,10985,10986,10985,3
2020-05-11 15:56:12.563,10985,10986,10985,1
2020-05-11 15:56:19.798,10985,10986,10985,1
2020-05-11 15:56:23.912,10985,10986,10985,1
2020-05-11 15:56:24.091,10985,10986,10985,1
2020-05-11 15:56:28.270,10985,10986,10985,1
2020-05-11 15:56:49.695,10985,10986,10985,3
2020-05-11 15:56:57.108,10985,10986,10986,4
2020-05-11 15:56:57.108,10985,10986,10986,8
2020-05-11 15:56:59.859,10986,10987,10987,1
2020-05-11 15:57:05.837,10986,10987,10987,2
2020-05-11 15:57:05.837,10986,10987,10987,2
2020-05-11 15:57:05.837,10986,10987,10987,2
2020-05-11 15:57:09.137,10987,10988,10988,1
2020-05-11 15:57:12.684,10988,10989,10988,1
2020-05-11 15:57:44.317,10987,10988,10988,1
2020-05-11 15:57:55.914,10987,10988,10988,1
2020-05-11 15:57:57.753,10987,10988,10987,8
2020-05-11 15:57:57.753,10987,10988,10987,2
2020-05-11 15:57:57.753,10987,10988,10987,5
2020-05-11 15:57:57.753,10987,10988,10987,2
2020-05-11 15:57:57.753,10987,10988,10987,1
2020-05-11 15:58:04.080,10986,10987,10987,1
2020-05-11 15:58:20.392,10986,10987,10986,1
2020-05-11 15:58:29.639,10985,10986,10985,2
2020-05-11 15:58:29.639,10985,10986,10985,2
2020-05-11 15:58:39.035,10984,10985,10985,1
2020-05-11 15:59:01.752,10985,10986,10985,1
2020-05-11 15:59:03.125,10985,10986,10986,1
2020-05-11 15:59:13.791,10985,10986,10985,1
2020-05-11 15:59:13.791,10985,10986,10985,4
2020-05-11 15:59:13.791,10985,10986,10985,1
2020-05-11 15:59:54.526,10985,10986,10985,5
2020-05-11 16:00:04.079,10984,10985,10985,1
2020-05-11 16:00:04.451,10984,10985,10985,1
2020-05-11 16:00:04.623,10984,10986,10986,1
2020-05-11 16:00:04.659,10984,10986,10985,1
2020-05-11 16:00:04.911,10984,10986,10984,1
2020-05-11 16:00:04.942,10984,10986,10984,1
2020-05-11 16:00:05.110,10984,10986,10984,1
2020-05-11 16:00:06.237,10984,10985,10984,2
2020-05-11 16:00:08.264,10984,10985,10985,1
2020-05-11 16:00:11.521,10984,10985,10984,1
2020-05-11 16:00:11.709,10984,10985,10984,2
2020-05-11 16:00:11.710,10984,10985,10984,1
2020-05-11 16:00:15.350,10983,10984,10983,1
2020-05-11 16:00:15.350,10983,10984,10983,4
2020-05-11 16:00:15.350,10983,10984,10983,5
2020-05-11 16:00:16.239,10982,10984,10984,1
2020-05-11 16:00:29.782,10982,10983,10983,1
2020-05-11 16:00:33.507,10983,10984,10983,1
2020-05-11 16:00:38.125,10983,10984,10983,1
2020-05-11 16:00:42.599,10983,10984,10983,1
2020-05-11 16:00:45.831,10983,10984,10983,1
2020-05-11 16:00:46.966,10983,10984,10983,1
2020-05-11 16:01:00.227,10983,10984,10984,2
2020-05-11 16:01:02.280,10984,10985,10984,1
2020-05-11 16:01:02.520,10984,10985,10984,1
2020-05-11 16:01:03.540,10983,10985,10985,1
2020-05-11 16:01:12.889,10983,10984,10984,2
2020-05-11 16:01:12.890,10983,10984,10984,1
2020-05-11 16:01:25.316,10983,10984,10983,4
2020-05-11 16:01:25.316,10983,10984,10982,11
2020-05-11 16:01:35.884,10983,10984,10983,3
2020-05-11 16:01:35.884,10983,10984,10982,2
2020-05-11 16:01:49.556,10982,10983,10983,1
2020-05-11 16:01:49.860,10983,10984,10983,1
2020-05-11 16:02:08.718,10983,10984,10983,1
2020-05-11 16:02:12.690,10983,10984,10984,2
2020-05-11 16:02:22.751,10984,10985,10984,1
2020-05-11 16:02:31.012,10983,10984,10984,1
2020-05-11 16:02:56.152,10983,10984,10983,5
2020-05-11 16:02:59.037,10983,10984,10983,1
2020-05-11 16:03:10.584,10983,10984,10983,1
2020-05-11 16:03:10.584,10983,10984,10983,1
2020-05-11 16:03:14.923,10982,10983,10983,1
2020-05-11 16:03:15.556,10982,10983,10982,3
2020-05-11 16:03:15.557,10982,10983,10982,10
2020-05-11 16:03:15.557,10982,10983,10982,1
2020-05-11 16:03:15.557,10982,10983,10982,3
2020-05-11 16:03:23.654,10981,10982,10982,1
2020-05-11 16:03:27.661,10981,10982,10981,1
2020-05-11 16:03:27.732,10981,10982,10981,1
2020-05-11 16:03:27.845,10981,10982,10982,1
2020-05-11 16:03:28.577,10981,10982,10982,1
2020-05-11 16:03:30.005,10982,10983,10982,1
2020-05-11 16:03:32.119,10982,10983,10982,1
2020-05-11 16:03:38.923,10982,10983,10982,1
2020-05-11 16:03:39.979,10982,10983,10982,6
2020-05-11 16:03:49.468,10981,10982,10981,1
2020-05-11 16:03:52.459,10981,10982,10981,1
2020-05-11 16:03:52.651,10981,10982,10981,1
2020-05-11 16:04:02.237,10981,10982,10981,2
2020-05-11 16:04:02.898,10981,10982,10982,1
2020-05-11 16:04:05.968,10981,10982,10982,1
2020-05-11 16:04:09.884,10981,10982,10982,9
2020-05-11 16:04:34.758,10982,10983,10982,1
2020-05-11 16:04:35.867,10982,10983,10982,1
2020-05-11 16:04:41.917,10982,10983,10982,1
2020-05-11 16:04:46.784,10981,10982,10982,1
2020-05-11 16:04:52.203,10981,10982,10982,8
2020-05-11 16:04:52.203,10981,10982,10982,1
2020-05-11 16:04:52.203,10981,10982,10982,3
2020-05-11 16:05:01.716,10982,10983,10983,3
2020-05-11 16:05:06.701,10983,10984,10983,1
2020-05-11 16:05:39.667,10983,10984,10983,1
2020-05-11 16:05:49.652,10982,10983,10982,1
2020-05-11 16:05:55.583,10982,10983,10982,1
2020-05-11 16:05:59.373,10982,10983,10982,1
2020-05-11 16:06:00.041,10982,10983,10982,2
2020-05-11 16:06:05.945,10981,10982,10982,1
2020-05-11 16:06:11.312,10982,10984,10982,1
2020-05-11 16:06:17.326,10982,10983,10982,2
2020-05-11 16:06:26.885,10982,10983,10982,1
2020-05-11 16:06:32.554,10982,10983,10983,1
2020-05-11 16:06:54.587,10983,10984,10983,2
2020-05-11 16:07:01.151,10983,10984,10984,4
2020-05-11 16:07:16.466,10983,10984,10983,2
2020-05-11 16:07:38.586,10983,10984,10983,1
2020-05-11 16:07:47.315,10982,10983,10982,3
2020-05-11 16:07:47.315,10982,10983,10982,1
2020-05-11 16:07:47.315,10982,10983,10982,3
2020-05-11 16:07:47.315,10982,10983,10982,1
2020-05-11 16:07:47.315,10982,10983,10982,2
2020-05-11 16:08:02.802,10982,10983,10982,1
2020-05-11 16:08:12.350,10982,10983,10982,4
2020-05-11 16:08:16.178,10982,10983,10982,1
2020-05-11 16:08:24.012,10982,10983,10982,1
2020-05-11 16:08:41.437,10982,10983,10982,1
2020-05-11 16:09:02.189,10982,10983,10982,5
2020-05-11 16:09:03.162,10982,10983,10982,1
2020-05-11 16:09:06.537,10982,10983,10982,2
2020-05-11 16:09:14.007,10981,10982,10981,2
2020-05-11 16:09:14.007,10981,10982,10981,3
2020-05-11 16:09:14.007,10981,10982,10981,4
2020-05-11 16:09:14.007,10981,10982,10981,2
2020-05-11 16:09:14.007,10981,10982,10981,3
2020-05-11 16:09:14.008,10981,10982,10981,2
2020-05-11 16:09:14.008,10981,10982,10981,5
2020-05-11 16:09:14.008,10981,10982,10981,1
2020-05-11 16:09:14.008,10981,10982,10981,3
2020-05-11 16:09:14.008,10981,10982,10981,4
2020-05-11 16:09:14.008,10981,10982,10981,2
2020-05-11 16:09:16.932,10980,10981,10980,5
2020-05-11 16:09:16.933,10980,10981,10980,9
2020-05-11 16:09:16.933,10980,10981,10980,4
2020-05-11 16:09:16.933,10980,10981,10980,1
2020-05-11 16:09:16.933,10980,10981,10980,1
2020-05-11 16:09:16.933,10980,10981,10980,2
2020-05-11 16:09:16.934,10980,10981,10980,2
2020-05-11 16:09:17.043,10979,10980,10980,1
2020-05-11 16:09:17.113,10979,10980,10979,1
2020-05-11 16:09:17.226,10979,10980,10979,1
2020-05-11 16:09:17.233,10979,10980,10979,1
2020-05-11 16:09:18.625,10979,10980,10979,3
2020-05-11 16:09:18.752,10979,10980,10979,1
2020-05-11 16:09:21.913,10979,10980,10979,1
2020-05-11 16:09:22.323,10979,10980,10979,1
2020-05-11 16:09:25.450,10979,10980,10979,1
2020-05-11 16:09:25.469,10979,10980,10979,1
2020-05-11 16:09:26.367,10978,10979,10978,1
2020-05-11 16:09:26.927,10978,10979,10979,1
2020-05-11 16:09:31.118,10978,10979,10979,4
2020-05-11 16:09:40.334,10978,10979,10978,1
2020-05-11 16:09:42.817,10978,10979,10978,13
2020-05-11 16:09:43.067,10978,10979,10978,2
2020-05-11 16:09:43.317,10978,10979,10978,2
2020-05-11 16:09:44.129,10978,10979,10979,1
2020-05-11 16:09:44.827,10978,10979,10978,1
2020-05-11 16:09:46.863,10978,10979,10978,1
2020-05-11 16:09:48.395,10978,10979,10978,7
2020-05-11 16:09:48.395,10978,10979,10977,1
2020-05-11 16:09:48.473,10977,10979,10977,1
2020-05-11 16:09:49.032,10977,10979,10977,2
2020-05-11 16:09:51.875,10977,10979,10977,1
2020-05-11 16:09:52.617,10977,10979,10977,1
2020-05-11 16:09:53.236,10977,10979,10977,1
2020-05-11 16:09:57.434,10978,10979,10978,3
2020-05-11 16:10:02.054,10977,10979,10977,1
2020-05-11 16:10:13.794,10977,10978,10978,1
2020-05-11 16:10:14.927,10977,10978,10978,1
2020-05-11 16:10:16.294,10977,10978,10978,1
2020-05-11 16:10:21.823,10978,10979,10978,1
2020-05-11 16:10:24.050,10977,10978,10978,1
2020-05-11 16:10:26.274,10977,10978,10978,1
2020-05-11 16:10:27.690,10977,10978,10977,1
2020-05-11 16:10:30.899,10977,10978,10977,5
2020-05-11 16:10:34.789,10977,10978,10977,1
2020-05-11 16:10:38.722,10977,10978,10977,2
2020-05-11 16:10:40.663,10977,10978,10977,1
2020-05-11 16:10:42.582,10977,10978,10978,1
2020-05-11 16:10:47.878,10977,10978,10977,10
2020-05-11 16:10:52.976,10977,10978,10977,1
2020-05-11 16:10:54.451,10977,10978,10977,1
2020-05-11 16:10:57.676,10977,10978,10977,2
2020-05-11 16:11:10.234,10977,10978,10978,5
2020-05-11 16:11:18.406,10977,10978,10978,1
2020-05-11 16:11:20.081,10977,10978,10978,1
2020-05-11 16:11:21.759,10977,10978,10978,28
2020-05-11 16:11:21.761,10977,10978,10979,3
2020-05-11 16:11:21.761,10977,10978,10979,4
2020-05-11 16:11:21.761,10977,10978,10979,4
2020-05-11 16:11:21.761,10977,10978,10979,2
2020-05-11 16:11:31.572,10978,10979,10979,1
2020-05-11 16:11:43.009,10979,10980,10979,2
2020-05-11 16:11:43.738,10978,10979,10979,1
2020-05-11 16:12:03.684,10979,10980,10979,2
2020-05-11 16:12:10.637,10979,10980,10979,2
2020-05-11 16:12:10.637,10979,10980,10979,3
2020-05-11 16:12:26.717,10978,10979,10979,1
2020-05-11 16:12:33.295,10978,10979,10979,4
2020-05-11 16:12:34.822,10978,10980,10978,1
2020-05-11 16:12:45.988,10978,10979,10979,1
2020-05-11 16:12:48.002,10979,10980,10979,1
2020-05-11 16:13:03.132,10978,10979,10978,1
2020-05-11 16:13:03.437,10978,10979,10979,1
2020-05-11 16:13:03.562,10978,10979,10979,1
2020-05-11 16:13:03.580,10978,10979,10978,1
2020-05-11 16:13:10.643,10978,10979,10979,3
2020-05-11 16:13:25.585,10978,10979,10978,5
2020-05-11 16:13:25.585,10978,10979,10978,5
2020-05-11 16:13:25.585,10978,10979,10978,3
2020-05-11 16:13:35.165,10977,10978,10977,1
2020-05-11 16:13:35.528,10977,10978,10977,3
2020-05-11 16:13:41.027,10977,10978,10977,1
2020-05-11 16:13:41.344,10977,10978,10977,4
2020-05-11 16:13:42.183,10977,10978,10978,1
2020-05-11 16:13:47.460,10977,10978,10977,2
2020-05-11 16:13:58.706,10976,10977,10976,2
2020-05-11 16:13:58.842,10976,10977,10976,1
2020-05-11 16:13:58.845,10976,10977,10976,2
2020-05-11 16:13:59.112,10976,10977,10976,1
2020-05-11 16:14:05.913,10976,10977,10976,17
2020-05-11 16:14:06.015,10975,10976,10975,3
2020-05-11 16:14:06.051,10975,10976,10976,1
2020-05-11 16:14:07.617,10975,10976,10975,2
2020-05-11 16:14:07.629,10975,10976,10975,2
2020-05-11 16:14:07.629,10975,10976,10975,2
2020-05-11 16:14:07.629,10975,10976,10975,1
2020-05-11 16:14:07.629,10975,10976,10975,2
2020-05-11 16:14:07.629,10975,10976,10975,4
2020-05-11 16:14:09.118,10974,10975,10975,1
2020-05-11 16:14:10.900,10974,10975,10974,6
2020-05-11 16:14:11.266,10973,10975,10973,1
2020-05-11 16:14:11.528,10973,10974,10973,1
2020-05-11 16:14:12.053,10973,10974,10973,4
2020-05-11 16:14:12.232,10973,10974,10973,2
2020-05-11 16:14:12.232,10973,10974,10972,2
2020-05-11 16:14:12.360,10972,10974,10972,4
2020-05-11 16:14:12.531,10972,10974,10972,2
2020-05-11 16:14:12.589,10972,10974,10972,2
2020-05-11 16:14:12.710,10972,10974,10972,1
2020-05-11 16:14:12.715,10972,10974,10972,1
2020-05-11 16:14:13.914,10972,10973,10972,2
2020-05-11 16:14:16.140,10972,10973,10973,1
2020-05-11 16:14:16.750,10972,10973,10972,4
2020-05-11 16:14:16.750,10972,10973,10972,9
2020-05-11 16:14:16.826,10971,10972,10971,2
2020-05-11 16:14:17.985,10971,10972,10972,2
2020-05-11 16:14:18.234,10971,10972,10971,1
2020-05-11 16:14:20.916,10971,10972,10971,2
2020-05-11 16:14:21.046,10971,10972,10971,1
2020-05-11 16:14:21.130,10971,10972,10971,1
2020-05-11 16:14:21.197,10971,10972,10971,1
2020-05-11 16:14:23.633,10971,10972,10972,1
2020-05-11 16:14:28.827,10971,10972,10971,1
2020-05-11 16:14:29.305,10971,10972,10972,1
2020-05-11 16:14:30.242,10971,10972,10972,2
2020-05-11 16:14:30.779,10971,10972,10972,1
2020-05-11 16:14:30.987,10971,10972,10972,1
2020-05-11 16:14:34.894,10971,10972,10972,1
2020-05-11 16:14:35.691,10971,10972,10971,10
2020-05-11 16:14:40.875,10971,10972,10971,10
2020-05-11 16:14:42.666,10971,10972,10971,1
2020-05-11 16:14:43.866,10970,10971,10971,1
2020-05-11 16:14:51.850,10971,10972,10971,1
2020-05-11 16:14:57.732,10970,10971,10971,1
2020-05-11 16:14:58.175,10970,10971,10971,1
2020-05-11 16:14:58.175,10970,10971,10971,2
2020-05-11 16:14:58.175,10970,10971,10971,3
2020-05-11 16:14:59.914,10971,10972,10971,1
2020-05-11 16:15:01.619,10971,10972,10971,1
2020-05-11 16:15:02.628,10971,10972,10971,1
2020-05-11 16:15:03.363,10971,10972,10971,2
2020-05-11 16:15:04.675,10971,10972,10971,1
2020-05-11 16:15:06.785,10971,10972,10971,2
2020-05-11 16:15:06.785,10971,10972,10971,1
2020-05-11 16:15:06.806,10971,10972,10971,5
2020-05-11 16:15:09.087,10971,10972,10971,1
2020-05-11 16:15:15.186,10970,10971,10970,5
2020-05-11 16:15:15.337,10970,10971,10970,1
2020-05-11 16:15:15.443,10970,10971,10970,1
2020-05-11 16:15:15.504,10970,10971,10970,1
2020-05-11 16:15:17.723,10970,10971,10971,3
2020-05-11 16:15:17.724,10970,10971,10971,3
2020-05-11 16:15:17.812,10970,10971,10970,3
2020-05-11 16:15:19.263,10970,10971,10971,2
2020-05-11 16:15:19.482,10971,10972,10971,1
2020-05-11 16:15:19.831,10971,10972,10971,1
2020-05-11 16:15:20.294,10971,10972,10971,1
2020-05-11 16:15:23.542,10971,10972,10972,1
2020-05-11 16:15:24.586,10971,10972,10971,1
2020-05-11 16:15:27.724,10971,10972,10972,10
2020-05-11 16:15:28.574,10972,10973,10973,1
2020-05-11 16:15:28.844,10972,10973,10973,1
2020-05-11 16:15:30.108,10972,10974,10972,1
2020-05-11 16:15:30.214,10972,10974,10972,1
2020-05-11 16:15:34.327,10972,10973,10973,1
2020-05-11 16:15:39.855,10972,10973,10973,1
2020-05-11 16:15:44.482,10972,10973,10972,2
2020-05-11 16:15:45.666,10972,10973,10972,1
2020-05-11 16:15:49.466,10972,10973,10973,1
2020-05-11 16:15:52.095,10972,10973,10973,1
2020-05-11 16:15:58.354,10972,10973,10972,1
2020-05-11 16:15:59.697,10972,10973,10973,1
2020-05-11 16:16:01.685,10972,10973,10972,2
2020-05-11 16:16:02.312,10972,10973,10972,6
2020-05-11 16:16:06.190,10972,10973,10972,2
2020-05-11 16:16:06.201,10972,10973,10972,1
2020-05-11 16:16:06.203,10972,10973,10972,1
2020-05-11 16:16:06.203,10972,10973,10972,1
2020-05-11 16:16:06.203,10972,10973,10971,3
2020-05-11 16:16:06.205,10972,10973,10971,12
2020-05-11 16:16:06.212,10972,10973,10971,1
2020-05-11 16:16:06.214,10972,10973,10971,4
2020-05-11 16:16:06.216,10972,10973,10971,1
2020-05-11 16:16:06.217,10972,10973,10971,1
2020-05-11 16:16:06.219,10972,10973,10971,1
2020-05-11 16:16:06.222,10972,10973,10971,1
2020-05-11 16:16:06.225,10972,10973,10971,2
2020-05-11 16:16:06.226,10972,10973,10971,1
2020-05-11 16:16:06.229,10972,10973,10971,1
2020-05-11 16:16:06.233,10972,10973,10971,4
2020-05-11 16:16:06.233,10972,10973,10971,1
2020-05-11 16:16:06.233,10972,10973,10971,2
2020-05-11 16:16:06.233,10972,10973,10971,6
2020-05-11 16:16:06.236,10972,10973,10970,2
2020-05-11 16:16:06.246,10972,10973,10970,4
2020-05-11 16:16:07.980,10970,10971,10971,1
2020-05-11 16:16:08.359,10971,10972,10971,1
2020-05-11 16:16:10.164,10971,10972,10971,1
2020-05-11 16:16:11.083,10971,10972,10971,1
2020-05-11 16:16:12.162,10971,10972,10971,1
2020-05-11 16:16:13.621,10970,10972,10970,1
2020-05-11 16:16:19.793,10971,10972,10971,1
2020-05-11 16:16:23.202,10971,10972,10971,1
2020-05-11 16:16:23.427,10971,10972,10972,1
2020-05-11 16:16:25.560,10971,10972,10972,1
2020-05-11 16:16:26.043,10971,10972,10972,1
2020-05-11 16:16:29.693,10971,10972,10971,1
2020-05-11 16:16:35.887,10971,10972,10972,8
2020-05-11 16:16:46.578,10972,10973,10973,8
2020-05-11 16:16:47.703,10973,10974,10973,1
2020-05-11 16:16:52.729,10973,10974,10973,1
2020-05-11 16:16:59.014,10973,10974,10974,3
2020-05-11 16:16:59.979,10973,10974,10973,1
2020-05-11 16:17:02.194,10973,10974,10974,10
2020-05-11 16:17:02.216,10973,10974,10973,2
2020-05-11 16:17:03.893,10973,10974,10974,1
2020-05-11 16:17:12.846,10973,10974,10974,2
2020-05-11 16:17:12.935,10973,10974,10974,2
2020-05-11 16:17:17.949,10974,10975,10974,1
2020-05-11 16:17:30.393,10974,10975,10975,1
2020-05-11 16:17:30.557,10974,10976,10976,1
2020-05-11 16:17:30.565,10974,10976,10976,1
2020-05-11 16:17:31.867,10974,10975,10975,5
2020-05-11 16:17:32.592,10974,10975,10974,1
2020-05-11 16:17:32.592,10974,10975,10974,2
2020-05-11 16:17:37.269,10974,10975,10976,1
2020-05-11 16:17:37.451,10974,10976,10974,1
2020-05-11 16:17:43.641,10974,10975,10975,1
2020-05-11 16:17:45.825,10975,10976,10976,1
2020-05-11 16:17:51.927,10975,10976,10975,1
2020-05-11 16:17:51.927,10975,10976,10975,2
2020-05-11 16:17:51.927,10975,10976,10975,2
2020-05-11 16:18:07.661,10974,10975,10975,2
2020-05-11 16:18:22.115,10975,10976,10976,8
2020-05-11 16:18:22.115,10975,10976,10977,2
2020-05-11 16:18:22.904,10975,10976,10976,3
2020-05-11 16:18:23.481,10975,10976,10976,2
2020-05-11 16:18:24.408,10976,10977,10976,6
2020-05-11 16:18:30.172,10975,10976,10975,3
2020-05-11 16:18:39.108,10975,10976,10975,1
2020-05-11 16:18:39.735,10975,10976,10976,5
2020-05-11 16:18:40.071,10975,10976,10976,2
2020-05-11 16:18:40.071,10975,10976,10977,1
2020-05-11 16:18:59.106,10975,10977,10977,5
2020-05-11 16:19:02.315,10976,10977,10977,2
2020-05-11 16:19:02.601,10976,10977,10977,1
2020-05-11 16:19:02.790,10976,10978,10976,2
2020-05-11 16:19:05.819,10977,10978,10978,1
2020-05-11 16:19:05.975,10977,10978,10978,1
2020-05-11 16:19:08.539,10977,10978,10977,1
2020-05-11 16:19:09.074,10977,10978,10978,5
2020-05-11 16:19:16.708,10977,10978,10978,11
2020-05-11 16:19:17.510,10978,10979,10979,5
2020-05-11 16:19:20.613,10977,10978,10978,1
2020-05-11 16:19:20.882,10977,10978,10977,1
2020-05-11 16:19:20.904,10977,10978,10977,1
2020-05-11 16:19:20.904,10977,10978,10978,2
2020-05-11 16:19:20.905,10977,10978,10977,1
2020-05-11 16:19:21.661,10976,10977,10976,2
2020-05-11 16:19:39.469,10976,10977,10977,3
2020-05-11 16:19:45.136,10977,10979,10977,2
2020-05-11 16:19:52.645,10978,10979,10978,8
