2021-07-30 15:00:00.094,17174,17175,17174,80,-80
2021-07-30 15:00:00.095,17174,17175,17174,3,-3
2021-07-30 15:00:00.133,17173,17175,17173,1,-1
2021-07-30 15:00:00.267,17173,17175,17175,1,1
2021-07-30 15:00:00.276,17173,17175,17173,1,-1
2021-07-30 15:00:00.314,17173,17175,17175,2,2
2021-07-30 15:00:00.318,17173,17175,17173,1,-1
2021-07-30 15:00:00.352,17173,17175,17175,5,5
2021-07-30 15:00:00.367,17173,17175,17175,1,1
2021-07-30 15:00:00.367,17173,17175,17175,1,1
2021-07-30 15:00:00.367,17173,17175,17175,1,1
2021-07-30 15:00:00.401,17173,17175,17175,4,4
2021-07-30 15:00:00.405,17173,17175,17173,1,-1
2021-07-30 15:00:00.407,17173,17175,17175,2,2
2021-07-30 15:00:00.431,17173,17175,17173,2,-2
2021-07-30 15:00:00.452,17173,17175,17175,4,4
2021-07-30 15:00:00.457,17173,17175,17173,1,-1
2021-07-30 15:00:00.495,17173,17175,17173,1,-1
2021-07-30 15:00:00.501,17173,17175,17175,1,1
2021-07-30 15:00:00.507,17173,17175,17173,1,-1
2021-07-30 15:00:00.507,17173,17175,17172,1,-1
2021-07-30 15:00:00.508,17173,17175,17172,1,-1
2021-07-30 15:00:00.541,17173,17175,17175,1,1
2021-07-30 15:00:00.542,17173,17175,17175,3,3
2021-07-30 15:00:00.547,17173,17175,17175,2,2
2021-07-30 15:00:00.556,17173,17175,17174,1,-1
2021-07-30 15:00:00.566,17172,17175,17175,1,1
2021-07-30 15:00:00.581,17172,17175,17172,2,-2
2021-07-30 15:00:00.596,17172,17175,17175,2,2
2021-07-30 15:00:00.628,17172,17175,17175,1,1
2021-07-30 15:00:00.657,17172,17175,17175,1,1
2021-07-30 15:00:00.677,17172,17175,17175,1,1
2021-07-30 15:00:00.689,17172,17175,17175,1,1
2021-07-30 15:00:00.690,17172,17175,17175,4,4
2021-07-30 15:00:00.697,17172,17175,17172,6,-6
2021-07-30 15:00:00.711,17172,17175,17172,1,-1
2021-07-30 15:00:00.719,17172,17175,17173,1,1
2021-07-30 15:00:00.729,17172,17175,17175,1,1
2021-07-30 15:00:00.736,17172,17175,17175,2,2
2021-07-30 15:00:00.744,17172,17175,17175,3,3
2021-07-30 15:00:00.744,17172,17175,17175,8,8
2021-07-30 15:00:00.747,17172,17175,17176,1,1
2021-07-30 15:00:00.755,17172,17175,17177,2,2
2021-07-30 15:00:00.766,17172,17175,17177,1,1
2021-07-30 15:00:00.794,17172,17175,17177,1,1
2021-07-30 15:00:00.794,17172,17175,17178,3,3
2021-07-30 15:00:00.860,17176,17179,17176,1,-1
2021-07-30 15:00:00.862,17176,17179,17175,1,-1
2021-07-30 15:00:00.909,17176,17179,17178,2,2
2021-07-30 15:00:00.909,17176,17179,17176,2,-2
2021-07-30 15:00:00.909,17176,17179,17175,2,-2
2021-07-30 15:00:00.931,17176,17179,17179,1,1
2021-07-30 15:00:00.947,17177,17179,17177,1,-1
2021-07-30 15:00:00.977,17177,17179,17179,1,1
2021-07-30 15:00:01.004,17177,17179,17179,1,1
2021-07-30 15:00:01.005,17177,17179,17177,1,-1
2021-07-30 15:00:01.005,17177,17179,17176,1,-1
2021-07-30 15:00:01.039,17177,17179,17179,3,3
2021-07-30 15:00:01.039,17177,17179,17180,1,1
2021-07-30 15:00:01.057,17177,17179,17179,1,1
2021-07-30 15:00:01.072,17178,17181,17181,1,1
2021-07-30 15:00:01.088,17178,17181,17181,1,1
2021-07-30 15:00:01.132,17178,17181,17181,1,1
2021-07-30 15:00:01.133,17178,17181,17178,2,-2
2021-07-30 15:00:01.136,17178,17181,17178,1,-1
2021-07-30 15:00:01.141,17178,17181,17179,1,1
2021-07-30 15:00:01.147,17178,17181,17178,1,-1
2021-07-30 15:00:01.174,17178,17181,17181,1,1
2021-07-30 15:00:01.175,17178,17181,17180,1,-1
2021-07-30 15:00:01.189,17179,17181,17179,1,-1
2021-07-30 15:00:01.189,17179,17181,17179,1,-1
2021-07-30 15:00:01.196,17179,17181,17178,1,-1
2021-07-30 15:00:01.202,17179,17181,17178,1,-1
2021-07-30 15:00:01.212,17179,17181,17177,1,-1
2021-07-30 15:00:01.217,17179,17181,17179,1,1
2021-07-30 15:00:01.222,17179,17181,17179,1,-1
2021-07-30 15:00:01.309,17178,17180,17178,1,-1
2021-07-30 15:00:01.312,17178,17180,17180,2,2
2021-07-30 15:00:01.334,17178,17180,17181,1,1
2021-07-30 15:00:01.339,17178,17180,17177,1,-1
2021-07-30 15:00:01.342,17178,17180,17177,1,-1
2021-07-30 15:00:01.343,17178,17180,17181,2,2
2021-07-30 15:00:01.343,17178,17180,17182,1,1
2021-07-30 15:00:01.351,17178,17180,17177,1,-1
2021-07-30 15:00:01.375,17178,17180,17180,1,1
2021-07-30 15:00:01.375,17178,17180,17181,1,1
2021-07-30 15:00:01.421,17178,17180,17181,2,2
2021-07-30 15:00:01.536,17178,17180,17180,2,2
2021-07-30 15:00:01.559,17179,17180,17179,1,-1
2021-07-30 15:00:01.559,17179,17180,17178,1,-1
2021-07-30 15:00:01.660,17179,17180,17178,1,-1
2021-07-30 15:00:01.690,17177,17178,17178,1,1
2021-07-30 15:00:01.732,17177,17178,17175,1,-1
2021-07-30 15:00:01.748,17177,17178,17175,1,-1
2021-07-30 15:00:01.752,17177,17178,17177,3,3
2021-07-30 15:00:01.752,17177,17178,17178,1,1
2021-07-30 15:00:01.765,17177,17178,17178,2,2
2021-07-30 15:00:01.794,17177,17178,17179,4,4
2021-07-30 15:00:01.808,17177,17180,17177,1,-1
2021-07-30 15:00:01.812,17177,17180,17177,1,-1
2021-07-30 15:00:01.814,17177,17180,17180,2,2
2021-07-30 15:00:01.815,17177,17180,17180,1,1
2021-07-30 15:00:01.897,17177,17180,17179,1,-1
2021-07-30 15:00:01.904,17177,17180,17177,1,-1
2021-07-30 15:00:01.919,17177,17180,17180,1,1
2021-07-30 15:00:01.924,17177,17180,17180,1,1
2021-07-30 15:00:01.932,17177,17180,17178,1,-1
2021-07-30 15:00:02.017,17177,17180,17180,1,1
2021-07-30 15:00:02.110,17177,17179,17179,1,1
2021-07-30 15:00:02.110,17177,17179,17180,1,1
2021-07-30 15:00:02.131,17177,17179,17180,1,1
2021-07-30 15:00:02.137,17177,17179,17181,1,1
2021-07-30 15:00:02.244,17179,17181,17180,1,-1
2021-07-30 15:00:02.361,17178,17181,17178,1,-1
2021-07-30 15:00:02.389,17178,17181,17177,1,-1
2021-07-30 15:00:02.542,17177,17180,17180,2,2
2021-07-30 15:00:02.749,17178,17181,17181,1,1
2021-07-30 15:00:02.758,17178,17181,17179,1,-1
2021-07-30 15:00:02.934,17177,17179,17177,2,-2
2021-07-30 15:00:02.990,17177,17179,17179,4,4
2021-07-30 15:00:02.990,17177,17179,17179,1,1
2021-07-30 15:00:02.991,17177,17179,17180,1,1
2021-07-30 15:00:02.999,17177,17179,17180,4,4
2021-07-30 15:00:03.062,17177,17180,17179,1,-1
2021-07-30 15:00:03.099,17177,17180,17177,1,-1
2021-07-30 15:00:04.493,17176,17178,17178,1,1
2021-07-30 15:00:04.580,17176,17179,17176,1,-1
2021-07-30 15:00:04.929,17176,17179,17176,1,-1
2021-07-30 15:00:05.151,17174,17176,17174,1,-1
2021-07-30 15:00:05.409,17174,17176,17176,1,1
2021-07-30 15:00:06.424,17174,17176,17175,1,-1
2021-07-30 15:00:08.099,17174,17176,17174,1,-1
2021-07-30 15:00:08.118,17174,17176,17175,1,1
2021-07-30 15:00:08.118,17174,17176,17176,3,3
2021-07-30 15:00:08.184,17176,17177,17177,2,2
2021-07-30 15:00:09.162,17176,17178,17176,1,-1
2021-07-30 15:00:09.644,17176,17178,17178,1,1
2021-07-30 15:00:09.645,17176,17178,17178,1,1
2021-07-30 15:00:09.888,17177,17179,17176,1,-1
2021-07-30 15:00:10.030,17176,17179,17176,3,-3
2021-07-30 15:00:10.403,17176,17178,17176,1,-1
2021-07-30 15:00:10.860,17176,17177,17177,1,1
2021-07-30 15:00:12.631,17177,17179,17177,1,-1
2021-07-30 15:00:12.647,17177,17179,17177,2,-2
2021-07-30 15:00:12.849,17177,17179,17177,1,-1
2021-07-30 15:00:13.038,17176,17177,17177,1,1
2021-07-30 15:00:14.009,17176,17177,17177,6,6
2021-07-30 15:00:14.286,17176,17179,17179,1,1
2021-07-30 15:00:15.758,17177,17178,17178,1,1
2021-07-30 15:00:16.298,17178,17179,17178,1,-1
2021-07-30 15:00:16.298,17178,17179,17177,4,-4
2021-07-30 15:00:17.462,17178,17179,17179,4,4
2021-07-30 15:00:18.288,17178,17179,17179,4,4
2021-07-30 15:00:18.298,17178,17179,17180,3,3
2021-07-30 15:00:18.298,17178,17179,17180,1,1
2021-07-30 15:00:18.298,17178,17179,17180,1,1
2021-07-30 15:00:19.699,17178,17180,17178,3,-3
2021-07-30 15:00:19.699,17178,17180,17177,2,-2
2021-07-30 15:00:20.587,17178,17180,17178,1,1
2021-07-30 15:00:21.697,17178,17180,17178,1,-1
2021-07-30 15:00:21.946,17177,17179,17177,1,-1
2021-07-30 15:00:22.589,17178,17179,17179,1,1
2021-07-30 15:00:23.272,17179,17180,17179,1,-1
2021-07-30 15:00:25.194,17178,17179,17178,1,-1
2021-07-30 15:00:27.836,17177,17178,17177,1,-1
2021-07-30 15:00:27.837,17177,17178,17177,1,-1
2021-07-30 15:00:27.861,17177,17178,17178,2,2
2021-07-30 15:00:31.166,17176,17177,17177,1,1
2021-07-30 15:00:31.377,17176,17178,17176,1,-1
2021-07-30 15:00:31.377,17176,17178,17175,4,-4
2021-07-30 15:00:33.059,17177,17178,17178,3,3
2021-07-30 15:00:33.452,17176,17177,17177,1,1
2021-07-30 15:00:33.533,17176,17177,17176,2,-2
2021-07-30 15:00:33.672,17176,17177,17177,4,4
2021-07-30 15:00:34.159,17176,17178,17176,2,-2
2021-07-30 15:00:34.455,17176,17177,17177,1,1
2021-07-30 15:00:34.591,17176,17178,17178,1,1
2021-07-30 15:00:37.686,17178,17179,17178,1,-1
2021-07-30 15:00:38.338,17178,17179,17178,2,-2
2021-07-30 15:00:38.434,17178,17179,17178,2,-2
2021-07-30 15:00:38.808,17177,17178,17177,1,-1
2021-07-30 15:00:39.387,17177,17178,17178,1,1
2021-07-30 15:00:39.892,17177,17178,17178,2,2
2021-07-30 15:00:40.201,17178,17179,17179,2,2
2021-07-30 15:00:40.201,17178,17179,17179,1,1
2021-07-30 15:00:40.225,17178,17179,17179,2,2
2021-07-30 15:00:40.226,17178,17179,17179,2,2
2021-07-30 15:00:40.226,17178,17179,17179,2,2
2021-07-30 15:00:40.226,17178,17179,17179,1,1
2021-07-30 15:00:40.226,17178,17179,17179,2,2
2021-07-30 15:00:40.838,17179,17180,17180,12,12
2021-07-30 15:00:41.372,17180,17181,17180,1,-1
2021-07-30 15:00:41.881,17179,17181,17181,2,2
2021-07-30 15:00:42.328,17180,17181,17180,1,-1
2021-07-30 15:00:43.149,17180,17181,17181,1,1
2021-07-30 15:00:43.995,17181,17182,17181,2,-2
2021-07-30 15:00:43.995,17181,17182,17180,3,-3
2021-07-30 15:00:43.995,17181,17182,17179,4,-4
2021-07-30 15:00:43.995,17181,17182,17178,3,-3
2021-07-30 15:00:44.043,17181,17182,17179,3,3
2021-07-30 15:00:44.043,17181,17182,17178,9,-9
2021-07-30 15:00:44.072,17178,17179,17178,3,-3
2021-07-30 15:00:44.072,17178,17179,17177,4,-4
2021-07-30 15:00:44.072,17178,17179,17176,1,-1
2021-07-30 15:00:44.072,17178,17179,17175,4,-4
2021-07-30 15:00:44.121,17178,17179,17178,1,1
2021-07-30 15:00:44.310,17177,17180,17180,3,3
2021-07-30 15:00:44.310,17177,17180,17180,2,2
2021-07-30 15:00:45.632,17178,17181,17180,1,-1
2021-07-30 15:00:48.523,17180,17182,17180,1,-1
2021-07-30 15:00:48.820,17180,17181,17180,1,-1
2021-07-30 15:00:48.820,17180,17181,17179,2,-2
2021-07-30 15:00:48.820,17180,17181,17178,2,-2
2021-07-30 15:00:50.807,17179,17181,17180,1,1
2021-07-30 15:00:51.004,17180,17181,17180,1,-1
2021-07-30 15:00:51.790,17180,17181,17181,4,4
2021-07-30 15:00:52.508,17180,17181,17181,1,1
2021-07-30 15:00:52.536,17180,17181,17181,9,9
2021-07-30 15:00:52.642,17180,17181,17181,18,18
2021-07-30 15:00:52.791,17181,17182,17182,6,6
2021-07-30 15:00:52.792,17181,17182,17182,3,3
2021-07-30 15:00:54.983,17181,17182,17182,1,1
2021-07-30 15:00:55.230,17181,17183,17182,1,-1
2021-07-30 15:00:55.636,17181,17183,17181,1,-1
2021-07-30 15:00:56.458,17182,17183,17182,1,1
2021-07-30 15:00:56.585,17181,17182,17182,1,1
2021-07-30 15:00:57.566,17182,17183,17182,5,-5
2021-07-30 15:00:58.626,17181,17183,17181,1,-1
2021-07-30 15:01:00.067,17181,17183,17183,2,2
2021-07-30 15:01:00.083,17181,17183,17183,1,1
2021-07-30 15:01:00.105,17181,17183,17181,1,-1
2021-07-30 15:01:00.232,17181,17183,17183,5,5
2021-07-30 15:01:00.232,17181,17183,17184,14,14
2021-07-30 15:01:00.232,17181,17183,17185,6,6
2021-07-30 15:01:00.428,17183,17185,17185,1,1
2021-07-30 15:01:00.428,17183,17185,17185,1,1
2021-07-30 15:01:00.429,17183,17185,17185,1,1
2021-07-30 15:01:00.449,17183,17185,17185,1,1
2021-07-30 15:01:00.535,17183,17185,17184,1,-1
2021-07-30 15:01:00.536,17183,17185,17184,5,-5
2021-07-30 15:01:00.539,17183,17185,17185,6,6
2021-07-30 15:01:00.566,17185,17186,17185,1,-1
2021-07-30 15:01:00.880,17184,17186,17186,1,1
2021-07-30 15:01:00.880,17184,17186,17186,1,1
2021-07-30 15:01:01.112,17185,17187,17187,2,2
2021-07-30 15:01:01.112,17185,17187,17187,1,1
2021-07-30 15:01:01.185,17186,17188,17188,1,1
2021-07-30 15:01:01.185,17186,17188,17188,1,1
2021-07-30 15:01:01.186,17186,17188,17188,1,1
2021-07-30 15:01:01.186,17186,17188,17188,1,1
2021-07-30 15:01:01.186,17186,17188,17188,1,1
2021-07-30 15:01:01.437,17186,17188,17188,2,2
2021-07-30 15:01:01.633,17186,17188,17188,1,1
2021-07-30 15:01:01.838,17186,17188,17186,2,-2
2021-07-30 15:01:01.998,17186,17188,17188,2,2
2021-07-30 15:01:02.344,17186,17188,17186,1,-1
2021-07-30 15:01:02.344,17186,17188,17186,1,-1
2021-07-30 15:01:02.361,17186,17188,17186,2,-2
2021-07-30 15:01:02.361,17186,17188,17187,1,1
2021-07-30 15:01:02.657,17184,17187,17187,2,2
2021-07-30 15:01:03.558,17185,17188,17188,1,1
2021-07-30 15:01:04.461,17185,17187,17185,1,-1
2021-07-30 15:01:04.798,17185,17187,17185,1,-1
2021-07-30 15:01:05.084,17185,17187,17185,1,-1
2021-07-30 15:01:05.402,17185,17186,17186,2,2
2021-07-30 15:01:06.183,17185,17187,17187,1,1
2021-07-30 15:01:06.475,17185,17187,17187,1,1
2021-07-30 15:01:06.809,17187,17188,17188,1,1
2021-07-30 15:01:07.098,17187,17189,17187,2,-2
2021-07-30 15:01:07.098,17187,17189,17186,3,-3
2021-07-30 15:01:07.185,17186,17188,17188,1,1
2021-07-30 15:01:07.186,17186,17188,17188,1,1
2021-07-30 15:01:08.818,17185,17188,17188,1,1
2021-07-30 15:01:09.628,17186,17188,17188,2,2
2021-07-30 15:01:09.912,17186,17188,17188,1,1
2021-07-30 15:01:09.948,17188,17189,17188,1,-1
2021-07-30 15:01:10.586,17188,17189,17188,3,-3
2021-07-30 15:01:11.536,17188,17189,17189,12,12
2021-07-30 15:01:13.041,17189,17190,17189,1,-1
2021-07-30 15:01:13.041,17189,17190,17189,1,-1
2021-07-30 15:01:13.091,17188,17190,17188,1,-1
2021-07-30 15:01:13.203,17188,17190,17190,1,1
2021-07-30 15:01:13.725,17188,17190,17190,1,1
2021-07-30 15:01:13.725,17188,17190,17190,1,1
2021-07-30 15:01:13.726,17188,17190,17190,1,1
2021-07-30 15:01:13.726,17188,17190,17190,1,1
2021-07-30 15:01:13.775,17188,17190,17190,2,2
2021-07-30 15:01:13.776,17188,17190,17190,3,3
2021-07-30 15:01:13.794,17188,17190,17191,2,2
2021-07-30 15:01:13.879,17189,17191,17191,4,4
2021-07-30 15:01:14.026,17189,17192,17192,1,1
2021-07-30 15:01:14.196,17189,17192,17192,1,1
2021-07-30 15:01:15.496,17188,17189,17188,2,-2
2021-07-30 15:01:15.496,17188,17189,17187,3,-3
2021-07-30 15:01:16.678,17187,17189,17189,5,5
2021-07-30 15:01:16.679,17187,17189,17189,1,1
2021-07-30 15:01:17.060,17187,17189,17189,1,1
2021-07-30 15:01:17.186,17188,17190,17190,1,1
2021-07-30 15:01:17.186,17188,17190,17190,1,1
2021-07-30 15:01:17.186,17188,17190,17190,1,1
2021-07-30 15:01:17.186,17188,17190,17190,1,1
2021-07-30 15:01:17.187,17188,17190,17190,1,1
2021-07-30 15:01:17.187,17188,17190,17190,1,1
2021-07-30 15:01:17.579,17189,17190,17189,1,-1
2021-07-30 15:01:17.977,17189,17190,17190,45,45
2021-07-30 15:01:18.047,17189,17190,17192,1,1
2021-07-30 15:01:19.840,17189,17190,17189,1,-1
2021-07-30 15:01:20.052,17188,17190,17190,1,1
2021-07-30 15:01:22.008,17189,17191,17189,2,-2
2021-07-30 15:01:22.290,17189,17191,17189,2,-2
2021-07-30 15:01:22.291,17189,17191,17189,2,-2
2021-07-30 15:01:23.539,17190,17191,17191,1,1
2021-07-30 15:01:23.719,17190,17191,17190,1,-1
2021-07-30 15:01:24.850,17189,17191,17191,1,1
2021-07-30 15:01:24.957,17189,17191,17189,3,-3
2021-07-30 15:01:25.730,17188,17189,17188,1,-1
2021-07-30 15:01:25.730,17188,17189,17188,1,-1
2021-07-30 15:01:25.730,17188,17189,17188,1,-1
2021-07-30 15:01:25.792,17188,17189,17187,1,-1
2021-07-30 15:01:26.281,17187,17188,17188,1,1
2021-07-30 15:01:26.454,17187,17188,17188,2,2
2021-07-30 15:01:28.238,17188,17189,17189,1,1
2021-07-30 15:01:28.310,17188,17189,17189,1,1
2021-07-30 15:01:28.310,17188,17189,17189,1,1
2021-07-30 15:01:28.310,17188,17189,17189,1,1
2021-07-30 15:01:28.311,17188,17189,17189,1,1
2021-07-30 15:01:28.438,17188,17189,17189,1,1
2021-07-30 15:01:29.145,17188,17189,17188,1,-1
2021-07-30 15:01:29.599,17187,17188,17187,1,-1
2021-07-30 15:01:30.275,17186,17188,17188,3,3
2021-07-30 15:01:30.275,17186,17188,17189,2,2
2021-07-30 15:01:32.313,17187,17188,17187,3,-3
2021-07-30 15:01:32.313,17187,17188,17186,2,-2
2021-07-30 15:01:33.294,17186,17188,17186,2,-2
2021-07-30 15:01:33.343,17186,17188,17188,1,1
2021-07-30 15:01:35.281,17186,17188,17186,2,-2
2021-07-30 15:01:35.304,17186,17188,17186,1,-1
2021-07-30 15:01:36.563,17185,17188,17187,2,2
2021-07-30 15:01:37.427,17185,17188,17185,20,-20
2021-07-30 15:01:37.428,17185,17188,17185,1,-1
2021-07-30 15:01:37.428,17185,17188,17185,1,-1
2021-07-30 15:01:37.449,17185,17187,17185,1,-1
2021-07-30 15:01:37.681,17185,17186,17185,1,-1
2021-07-30 15:01:37.980,17184,17186,17186,2,2
2021-07-30 15:01:38.418,17184,17185,17185,2,2
2021-07-30 15:01:40.498,17184,17186,17186,3,3
2021-07-30 15:01:40.499,17184,17186,17186,7,7
2021-07-30 15:01:41.231,17184,17187,17184,1,-1
2021-07-30 15:01:42.808,17184,17185,17185,1,1
2021-07-30 15:01:44.430,17184,17185,17184,1,-1
2021-07-30 15:01:45.128,17183,17184,17184,4,4
2021-07-30 15:01:45.180,17183,17184,17185,1,1
2021-07-30 15:01:46.825,17184,17186,17184,1,-1
2021-07-30 15:01:47.145,17184,17186,17184,1,-1
2021-07-30 15:01:47.241,17183,17186,17186,1,1
2021-07-30 15:01:49.177,17183,17186,17183,5,-5
2021-07-30 15:01:51.420,17183,17185,17183,2,-2
2021-07-30 15:01:53.523,17182,17183,17183,1,1
2021-07-30 15:01:53.524,17182,17183,17183,1,1
2021-07-30 15:01:54.940,17182,17183,17183,1,1
2021-07-30 15:01:55.779,17182,17183,17183,1,1
2021-07-30 15:01:56.547,17182,17185,17182,5,-5
2021-07-30 15:01:58.790,17182,17183,17183,1,1
2021-07-30 15:02:00.038,17182,17185,17185,1,1
2021-07-30 15:02:00.118,17183,17185,17183,2,-2
2021-07-30 15:02:00.667,17182,17184,17183,1,-1
2021-07-30 15:02:06.325,17182,17183,17183,1,1
2021-07-30 15:02:06.435,17182,17183,17183,1,1
2021-07-30 15:02:06.435,17182,17183,17183,1,1
2021-07-30 15:02:06.436,17182,17183,17184,1,1
2021-07-30 15:02:06.437,17182,17183,17184,1,1
2021-07-30 15:02:06.437,17182,17183,17184,1,1
2021-07-30 15:02:06.437,17182,17183,17185,1,1
2021-07-30 15:02:06.437,17182,17183,17185,1,1
2021-07-30 15:02:06.437,17182,17183,17185,1,1
2021-07-30 15:02:06.877,17183,17185,17183,1,-1
2021-07-30 15:02:07.216,17183,17185,17183,1,-1
2021-07-30 15:02:08.759,17183,17185,17183,1,-1
2021-07-30 15:02:09.184,17182,17183,17182,8,-8
2021-07-30 15:02:15.254,17181,17183,17181,1,-1
2021-07-30 15:02:16.013,17181,17183,17183,1,1
2021-07-30 15:02:17.834,17182,17184,17184,1,1
2021-07-30 15:02:17.935,17182,17183,17183,1,1
2021-07-30 15:02:17.935,17182,17183,17184,1,1
2021-07-30 15:02:17.935,17182,17183,17184,1,1
2021-07-30 15:02:17.935,17182,17183,17184,1,1
2021-07-30 15:02:17.936,17182,17183,17185,1,1
2021-07-30 15:02:17.936,17182,17183,17185,1,1
2021-07-30 15:02:17.936,17182,17183,17185,1,1
2021-07-30 15:02:17.936,17182,17183,17185,1,1
2021-07-30 15:02:17.936,17182,17183,17185,1,1
2021-07-30 15:02:17.936,17182,17183,17185,1,1
2021-07-30 15:02:17.936,17182,17183,17185,1,1
2021-07-30 15:02:17.937,17182,17183,17186,1,1
2021-07-30 15:02:17.937,17182,17183,17186,1,1
2021-07-30 15:02:19.282,17183,17186,17183,1,-1
2021-07-30 15:02:22.300,17184,17185,17184,1,1
2021-07-30 15:02:22.394,17183,17185,17183,1,-1
2021-07-30 15:02:24.249,17183,17185,17183,1,-1
2021-07-30 15:02:24.249,17183,17185,17183,1,-1
2021-07-30 15:02:25.613,17182,17183,17182,1,-1
2021-07-30 15:02:26.074,17181,17183,17182,1,-1
2021-07-30 15:02:26.152,17181,17183,17181,3,-3
2021-07-30 15:02:28.597,17180,17181,17181,2,2
2021-07-30 15:02:28.686,17181,17182,17182,1,1
2021-07-30 15:02:30.123,17180,17182,17181,1,-1
2021-07-30 15:02:33.332,17180,17181,17180,17,-17
2021-07-30 15:02:33.333,17180,17181,17179,7,-7
2021-07-30 15:02:33.735,17178,17180,17180,1,1
2021-07-30 15:02:33.843,17178,17180,17178,2,-2
2021-07-30 15:02:34.056,17177,17179,17179,3,3
2021-07-30 15:02:34.056,17177,17179,17180,1,1
2021-07-30 15:02:34.056,17177,17179,17181,5,5
2021-07-30 15:02:34.057,17177,17179,17181,1,1
2021-07-30 15:02:34.688,17179,17180,17180,1,1
2021-07-30 15:02:35.439,17179,17181,17179,5,-5
2021-07-30 15:02:35.439,17179,17181,17178,7,-7
2021-07-30 15:02:35.904,17179,17180,17179,1,1
2021-07-30 15:02:36.318,17178,17180,17180,1,1
2021-07-30 15:02:38.220,17178,17181,17178,1,-1
2021-07-30 15:02:38.987,17177,17179,17177,1,-1
2021-07-30 15:02:41.267,17179,17181,17179,1,1
2021-07-30 15:02:41.979,17178,17181,17181,2,2
2021-07-30 15:02:42.047,17178,17181,17178,1,-1
2021-07-30 15:02:42.360,17179,17180,17180,2,2
2021-07-30 15:02:42.360,17179,17180,17181,5,5
2021-07-30 15:02:42.361,17179,17180,17181,1,1
2021-07-30 15:02:42.361,17179,17180,17181,2,2
2021-07-30 15:02:44.756,17179,17180,17179,2,-2
2021-07-30 15:02:45.685,17178,17179,17178,1,-1
2021-07-30 15:02:45.766,17178,17179,17179,10,10
2021-07-30 15:02:46.488,17178,17179,17179,7,7
2021-07-30 15:02:46.489,17178,17179,17179,1,1
2021-07-30 15:02:46.490,17178,17179,17180,1,1
2021-07-30 15:02:48.746,17179,17181,17180,1,-1
2021-07-30 15:02:51.059,17181,17182,17182,2,2
2021-07-30 15:02:52.371,17180,17182,17180,1,-1
2021-07-30 15:02:53.421,17180,17183,17181,1,1
2021-07-30 15:02:54.251,17182,17183,17182,1,1
2021-07-30 15:02:54.309,17182,17183,17183,13,13
2021-07-30 15:02:54.309,17182,17183,17183,4,4
2021-07-30 15:02:56.130,17184,17185,17185,1,1
2021-07-30 15:02:58.515,17185,17186,17186,1,1
2021-07-30 15:02:58.515,17185,17186,17186,1,1
2021-07-30 15:02:58.849,17185,17187,17185,1,-1
2021-07-30 15:02:59.315,17186,17187,17187,3,3
2021-07-30 15:03:00.042,17186,17188,17188,3,3
2021-07-30 15:03:00.719,17187,17188,17188,1,1
2021-07-30 15:03:01.259,17187,17189,17187,4,-4
2021-07-30 15:03:03.057,17186,17189,17189,1,1
2021-07-30 15:03:03.403,17186,17189,17189,1,1
2021-07-30 15:03:05.210,17188,17189,17188,1,-1
2021-07-30 15:03:05.210,17188,17189,17187,2,-2
2021-07-30 15:03:05.211,17188,17189,17187,7,-7
2021-07-30 15:03:09.362,17186,17187,17186,2,-2
2021-07-30 15:03:09.933,17185,17187,17187,1,1
2021-07-30 15:03:12.043,17185,17186,17185,1,-1
2021-07-30 15:03:12.043,17185,17186,17185,1,-1
2021-07-30 15:03:12.580,17184,17186,17186,1,1
2021-07-30 15:03:12.774,17184,17186,17186,1,1
2021-07-30 15:03:12.774,17184,17186,17187,1,1
2021-07-30 15:03:14.407,17186,17187,17187,2,2
2021-07-30 15:03:15.831,17187,17188,17187,2,-2
2021-07-30 15:03:17.500,17186,17187,17187,2,2
2021-07-30 15:03:17.500,17186,17187,17187,2,2
2021-07-30 15:03:18.066,17186,17188,17186,1,-1
2021-07-30 15:03:18.185,17186,17188,17188,1,1
2021-07-30 15:03:18.187,17186,17188,17188,1,1
2021-07-30 15:03:23.104,17187,17188,17188,1,1
2021-07-30 15:03:26.097,17187,17188,17187,1,-1
2021-07-30 15:03:26.110,17187,17188,17185,1,-1
2021-07-30 15:03:26.468,17185,17187,17186,1,1
2021-07-30 15:03:26.790,17185,17187,17185,1,-1
2021-07-30 15:03:26.790,17185,17187,17185,2,-2
2021-07-30 15:03:31.460,17184,17186,17185,1,-1
2021-07-30 15:03:35.067,17184,17185,17185,1,1
2021-07-30 15:03:37.597,17184,17186,17186,1,1
2021-07-30 15:03:38.250,17186,17187,17186,1,-1
2021-07-30 15:03:38.250,17186,17187,17185,3,-3
2021-07-30 15:03:38.250,17186,17187,17184,5,-5
2021-07-30 15:03:38.251,17186,17187,17184,1,-1
2021-07-30 15:03:38.311,17184,17185,17185,1,1
2021-07-30 15:03:39.378,17184,17186,17184,3,-3
2021-07-30 15:03:39.378,17184,17186,17183,1,-1
2021-07-30 15:03:41.970,17183,17185,17183,1,-1
2021-07-30 15:03:42.256,17183,17185,17185,1,1
2021-07-30 15:03:42.747,17183,17185,17183,2,-2
2021-07-30 15:03:42.747,17183,17185,17183,5,-5
2021-07-30 15:03:42.748,17183,17185,17183,1,-1
2021-07-30 15:03:42.748,17183,17185,17183,2,-2
2021-07-30 15:03:46.913,17182,17185,17185,3,3
2021-07-30 15:03:47.308,17182,17185,17182,5,-5
2021-07-30 15:03:47.308,17181,17182,17182,5,5
2021-07-30 15:03:48.565,17181,17184,17184,5,5
2021-07-30 15:03:48.565,17181,17184,17184,11,11
2021-07-30 15:03:50.523,17180,17183,17180,2,-2
2021-07-30 15:03:51.479,17182,17183,17182,1,1
2021-07-30 15:03:51.479,17182,17183,17181,1,-1
2021-07-30 15:03:53.529,17180,17183,17183,1,1
2021-07-30 15:03:57.194,17180,17183,17180,5,-5
2021-07-30 15:03:57.195,17180,17183,17180,2,-2
2021-07-30 15:03:57.196,17180,17183,17180,1,-1
2021-07-30 15:03:58.437,17179,17180,17180,1,1
2021-07-30 15:03:58.542,17179,17180,17179,2,-2
2021-07-30 15:03:58.542,17179,17180,17178,8,-8
2021-07-30 15:03:58.769,17177,17179,17179,1,1
2021-07-30 15:03:59.537,17177,17179,17178,1,-1
2021-07-30 15:03:59.896,17177,17179,17177,2,-2
2021-07-30 15:04:00.179,17177,17179,17179,3,3
2021-07-30 15:04:00.402,17177,17179,17179,1,1
2021-07-30 15:04:00.800,17177,17178,17178,1,1
2021-07-30 15:04:01.212,17177,17178,17177,1,-1
2021-07-30 15:04:01.212,17177,17178,17177,2,-2
2021-07-30 15:04:04.219,17176,17177,17177,1,1
2021-07-30 15:04:04.464,17176,17177,17176,1,-1
2021-07-30 15:04:07.125,17176,17179,17179,1,1
2021-07-30 15:04:07.535,17177,17180,17177,1,-1
2021-07-30 15:04:08.433,17178,17179,17179,1,1
2021-07-30 15:04:10.442,17179,17180,17179,2,-2
2021-07-30 15:04:12.465,17179,17180,17179,1,-1
2021-07-30 15:04:14.566,17177,17178,17177,3,-3
2021-07-30 15:04:14.587,17177,17178,17177,2,-2
2021-07-30 15:04:14.622,17177,17178,17177,1,-1
2021-07-30 15:04:14.660,17177,17178,17177,1,-1
2021-07-30 15:04:16.253,17176,17178,17176,1,-1
2021-07-30 15:04:16.325,17176,17178,17176,2,-2
2021-07-30 15:04:17.862,17176,17178,17176,2,-2
2021-07-30 15:04:18.992,17176,17178,17176,1,-1
2021-07-30 15:04:19.401,17175,17177,17175,1,-1
2021-07-30 15:04:20.234,17176,17177,17176,2,2
2021-07-30 15:04:20.264,17176,17177,17177,1,1
2021-07-30 15:04:22.287,17175,17177,17175,3,-3
2021-07-30 15:04:24.389,17175,17176,17175,1,-1
2021-07-30 15:04:24.425,17175,17176,17176,4,4
2021-07-30 15:04:24.425,17175,17176,17176,1,1
2021-07-30 15:04:25.126,17175,17176,17176,1,1
2021-07-30 15:04:25.126,17175,17176,17177,5,5
2021-07-30 15:04:25.127,17175,17176,17177,2,2
2021-07-30 15:04:25.127,17175,17176,17177,2,2
2021-07-30 15:04:25.362,17175,17176,17175,1,-1
2021-07-30 15:04:25.503,17175,17176,17176,1,1
2021-07-30 15:04:25.503,17175,17176,17178,9,9
2021-07-30 15:04:25.505,17175,17176,17176,1,1
2021-07-30 15:04:25.948,17176,17178,17176,1,-1
2021-07-30 15:04:26.929,17176,17177,17176,1,-1
2021-07-30 15:04:28.744,17175,17177,17177,2,2
2021-07-30 15:04:28.745,17175,17177,17177,1,1
2021-07-30 15:04:28.745,17175,17177,17177,4,4
2021-07-30 15:04:28.745,17175,17177,17177,3,3
2021-07-30 15:04:29.271,17175,17177,17177,2,2
2021-07-30 15:04:31.674,17175,17177,17176,5,-5
2021-07-30 15:04:31.867,17175,17177,17175,1,-1
2021-07-30 15:04:32.380,17175,17177,17177,1,1
2021-07-30 15:04:32.931,17175,17177,17175,2,-2
2021-07-30 15:04:33.311,17175,17176,17175,1,-1
2021-07-30 15:04:39.739,17174,17175,17175,1,1
2021-07-30 15:04:40.272,17174,17175,17175,1,1
2021-07-30 15:04:40.272,17174,17175,17175,1,1
2021-07-30 15:04:40.456,17175,17176,17176,1,1
2021-07-30 15:04:45.177,17174,17175,17175,1,1
2021-07-30 15:04:46.019,17175,17176,17175,1,-1
2021-07-30 15:04:46.036,17175,17176,17175,1,-1
2021-07-30 15:04:46.993,17174,17176,17174,1,-1
2021-07-30 15:04:47.558,17174,17175,17174,3,-3
2021-07-30 15:04:49.567,17173,17174,17173,1,-1
2021-07-30 15:04:49.683,17173,17174,17173,3,-3
2021-07-30 15:04:49.746,17173,17174,17172,1,-1
2021-07-30 15:04:49.792,17173,17174,17172,1,-1
2021-07-30 15:04:49.809,17172,17173,17172,8,-8
2021-07-30 15:04:49.864,17172,17173,17171,1,-1
2021-07-30 15:04:50.014,17171,17173,17171,7,-7
2021-07-30 15:04:50.014,17171,17173,17171,2,-2
2021-07-30 15:04:50.022,17171,17173,17170,7,-7
2021-07-30 15:04:50.027,17171,17173,17170,1,-1
2021-07-30 15:04:50.030,17171,17173,17170,6,-6
2021-07-30 15:04:50.060,17169,17170,17169,1,-1
2021-07-30 15:04:50.060,17169,17170,17168,6,-6
2021-07-30 15:04:50.177,17169,17170,17167,1,-1
2021-07-30 15:04:50.197,17167,17169,17167,2,-2
2021-07-30 15:04:50.200,17167,17169,17167,1,-1
2021-07-30 15:04:50.244,17167,17169,17168,1,1
2021-07-30 15:04:50.302,17167,17169,17167,1,-1
2021-07-30 15:04:50.302,17167,17169,17166,2,-2
2021-07-30 15:04:50.357,17166,17169,17166,1,-1
2021-07-30 15:04:50.373,17166,17169,17166,1,-1
2021-07-30 15:04:50.436,17166,17168,17166,1,-1
2021-07-30 15:04:50.437,17166,17168,17168,1,1
2021-07-30 15:04:50.489,17166,17168,17166,2,-2
2021-07-30 15:04:50.497,17166,17168,17166,2,-2
2021-07-30 15:04:50.562,17166,17168,17166,1,-1
2021-07-30 15:04:50.562,17166,17168,17165,5,-5
2021-07-30 15:04:50.589,17166,17168,17165,4,-4
2021-07-30 15:04:50.589,17166,17168,17164,2,-2
2021-07-30 15:04:50.590,17166,17168,17166,3,3
2021-07-30 15:04:50.613,17166,17168,17164,1,-1
2021-07-30 15:04:50.664,17166,17168,17164,1,-1
2021-07-30 15:04:50.787,17164,17167,17164,1,-1
2021-07-30 15:04:50.809,17164,17166,17166,1,1
2021-07-30 15:04:50.889,17164,17166,17164,1,-1
2021-07-30 15:04:51.038,17164,17167,17164,1,-1
2021-07-30 15:04:51.043,17164,17167,17164,1,-1
2021-07-30 15:04:51.045,17164,17167,17163,2,-2
2021-07-30 15:04:51.045,17164,17167,17163,1,-1
2021-07-30 15:04:51.051,17164,17167,17163,1,-1
2021-07-30 15:04:51.090,17163,17165,17163,1,-1
2021-07-30 15:04:51.106,17163,17165,17163,1,-1
2021-07-30 15:04:51.106,17163,17165,17162,1,-1
2021-07-30 15:04:51.934,17162,17165,17162,1,-1
2021-07-30 15:04:52.268,17162,17165,17165,4,4
2021-07-30 15:04:52.269,17162,17165,17166,3,3
2021-07-30 15:04:52.303,17162,17165,17167,4,4
2021-07-30 15:04:52.303,17162,17165,17166,1,1
2021-07-30 15:04:52.465,17167,17170,17168,2,2
2021-07-30 15:04:53.109,17169,17171,17171,3,3
2021-07-30 15:04:53.192,17170,17172,17171,1,-1
2021-07-30 15:04:53.192,17170,17172,17171,1,-1
2021-07-30 15:04:53.286,17170,17172,17171,1,-1
2021-07-30 15:04:54.183,17171,17172,17171,1,-1
2021-07-30 15:04:54.184,17171,17172,17171,1,-1
2021-07-30 15:04:54.675,17170,17171,17171,1,1
2021-07-30 15:04:54.748,17171,17172,17172,1,1
2021-07-30 15:04:54.748,17171,17172,17173,3,3
2021-07-30 15:04:54.748,17171,17172,17174,1,1
2021-07-30 15:04:54.875,17172,17174,17173,2,-2
2021-07-30 15:04:54.875,17172,17174,17172,3,-3
2021-07-30 15:05:00.112,17171,17173,17172,1,-1
2021-07-30 15:05:00.653,17170,17172,17172,3,3
2021-07-30 15:05:02.126,17170,17173,17170,1,-1
2021-07-30 15:05:02.618,17170,17173,17170,1,-1
2021-07-30 15:05:06.414,17171,17174,17171,1,1
2021-07-30 15:05:08.788,17172,17174,17174,7,7
2021-07-30 15:05:08.809,17174,17175,17175,3,3
2021-07-30 15:05:09.100,17175,17176,17176,1,1
2021-07-30 15:05:09.582,17176,17177,17177,1,1
2021-07-30 15:05:10.976,17176,17177,17176,1,-1
2021-07-30 15:05:10.976,17176,17177,17176,2,-2
2021-07-30 15:05:11.615,17174,17176,17176,2,2
2021-07-30 15:05:11.615,17174,17176,17177,3,3
2021-07-30 15:05:16.081,17173,17175,17175,1,1
2021-07-30 15:05:17.486,17173,17176,17176,1,1
2021-07-30 15:05:17.766,17173,17176,17173,1,-1
2021-07-30 15:05:18.026,17173,17175,17173,1,-1
2021-07-30 15:05:23.913,17171,17172,17172,1,1
2021-07-30 15:05:24.074,17171,17172,17172,1,1
2021-07-30 15:05:24.324,17171,17172,17171,1,-1
2021-07-30 15:05:24.324,17171,17172,17171,1,-1
2021-07-30 15:05:24.324,17171,17172,17171,5,-5
2021-07-30 15:05:25.261,17170,17171,17170,2,-2
2021-07-30 15:05:25.731,17169,17171,17171,1,1
2021-07-30 15:05:25.829,17169,17172,17171,1,-1
2021-07-30 15:05:26.115,17169,17172,17170,1,-1
2021-07-30 15:05:26.384,17170,17172,17172,1,1
2021-07-30 15:05:27.719,17170,17172,17172,1,1
2021-07-30 15:05:28.829,17171,17173,17171,1,-1
2021-07-30 15:05:29.923,17171,17173,17171,2,-2
2021-07-30 15:05:33.200,17170,17172,17172,1,1
2021-07-30 15:05:36.434,17171,17172,17172,1,1
2021-07-30 15:05:38.960,17171,17173,17172,1,-1
2021-07-30 15:05:39.038,17171,17173,17173,3,3
2021-07-30 15:05:41.430,17173,17174,17174,1,1
2021-07-30 15:05:43.132,17174,17175,17175,1,1
2021-07-30 15:05:43.133,17174,17175,17175,1,1
2021-07-30 15:05:43.742,17175,17176,17175,1,-1
2021-07-30 15:05:47.414,17174,17176,17174,1,-1
2021-07-30 15:05:55.718,17174,17176,17176,1,1
2021-07-30 15:05:57.015,17175,17176,17175,1,-1
2021-07-30 15:05:57.211,17173,17175,17175,1,1
2021-07-30 15:06:01.726,17173,17174,17173,5,-5
2021-07-30 15:06:06.622,17171,17173,17173,2,2
2021-07-30 15:06:07.243,17171,17173,17173,1,1
2021-07-30 15:06:15.183,17172,17173,17173,1,1
2021-07-30 15:06:15.404,17172,17174,17174,1,1
2021-07-30 15:06:17.732,17174,17175,17174,1,-1
2021-07-30 15:06:20.433,17173,17174,17173,4,-4
2021-07-30 15:06:20.433,17173,17174,17172,1,-1
2021-07-30 15:06:20.633,17172,17173,17172,1,-1
2021-07-30 15:06:22.451,17171,17172,17171,4,-4
2021-07-30 15:06:22.983,17170,17171,17171,1,1
2021-07-30 15:06:29.875,17170,17171,17170,5,-5
2021-07-30 15:06:29.875,17170,17171,17170,1,-1
2021-07-30 15:06:31.054,17169,17170,17170,1,1
2021-07-30 15:06:33.358,17169,17170,17170,1,1
2021-07-30 15:06:34.512,17169,17170,17169,4,-4
2021-07-30 15:06:35.297,17168,17169,17168,4,-4
2021-07-30 15:06:35.309,17167,17169,17169,1,1
2021-07-30 15:06:36.183,17167,17169,17169,2,2
2021-07-30 15:06:36.808,17167,17168,17168,1,1
2021-07-30 15:06:37.016,17167,17169,17169,1,1
2021-07-30 15:06:37.709,17167,17169,17167,3,-3
2021-07-30 15:06:42.169,17167,17169,17169,1,1
2021-07-30 15:06:42.847,17168,17170,17168,1,-1
2021-07-30 15:06:43.531,17168,17170,17168,3,-3
2021-07-30 15:06:46.276,17169,17170,17169,1,1
2021-07-30 15:06:46.276,17169,17170,17168,2,-2
2021-07-30 15:06:46.276,17169,17170,17167,10,-10
2021-07-30 15:06:46.776,17167,17169,17167,2,-2
2021-07-30 15:06:49.434,17168,17169,17168,1,1
2021-07-30 15:06:51.684,17166,17167,17167,1,1
2021-07-30 15:06:53.773,17166,17168,17168,3,3
2021-07-30 15:06:54.270,17167,17169,17169,1,1
2021-07-30 15:06:54.270,17167,17169,17169,1,1
2021-07-30 15:06:56.358,17167,17169,17167,1,-1
2021-07-30 15:06:57.573,17167,17168,17168,1,1
2021-07-30 15:06:58.287,17167,17170,17167,2,-2
2021-07-30 15:06:59.695,17168,17170,17168,1,1
2021-07-30 15:07:02.713,17167,17168,17168,1,1
2021-07-30 15:07:03.067,17167,17170,17167,2,-2
2021-07-30 15:07:03.084,17167,17170,17167,1,-1
2021-07-30 15:07:03.091,17167,17170,17167,1,-1
2021-07-30 15:07:03.091,17167,17170,17166,1,-1
2021-07-30 15:07:03.108,17167,17170,17166,2,-2
2021-07-30 15:07:06.183,17166,17167,17167,1,1
2021-07-30 15:07:06.264,17166,17167,17168,4,4
2021-07-30 15:07:06.286,17166,17167,17168,1,1
2021-07-30 15:07:07.666,17168,17170,17170,1,1
2021-07-30 15:07:14.814,17169,17170,17169,1,-1
2021-07-30 15:07:18.230,17168,17169,17168,1,-1
2021-07-30 15:07:18.230,17168,17169,17168,2,-2
2021-07-30 15:07:18.606,17167,17168,17167,1,-1
2021-07-30 15:07:20.516,17168,17169,17168,1,1
2021-07-30 15:07:20.653,17168,17169,17168,3,-3
2021-07-30 15:07:20.653,17168,17169,17168,1,-1
2021-07-30 15:07:21.703,17167,17168,17168,2,2
2021-07-30 15:07:23.982,17167,17169,17167,3,-3
2021-07-30 15:07:24.230,17167,17169,17168,1,1
2021-07-30 15:07:24.234,17167,17169,17167,1,-1
2021-07-30 15:07:24.552,17167,17169,17167,7,-7
2021-07-30 15:07:30.344,17166,17167,17167,3,3
2021-07-30 15:07:32.370,17166,17167,17167,1,1
2021-07-30 15:07:33.374,17166,17167,17166,3,-3
2021-07-30 15:07:33.375,17166,17167,17165,3,-3
2021-07-30 15:07:33.434,17165,17166,17165,4,-4
2021-07-30 15:07:33.441,17165,17166,17165,1,-1
2021-07-30 15:07:33.559,17165,17166,17165,1,-1
2021-07-30 15:07:33.559,17165,17166,17165,1,-1
2021-07-30 15:07:33.559,17165,17166,17165,3,-3
2021-07-30 15:07:33.559,17165,17166,17165,1,-1
2021-07-30 15:07:33.560,17165,17166,17165,4,-4
2021-07-30 15:07:34.203,17164,17165,17165,4,4
2021-07-30 15:07:36.272,17164,17165,17165,2,2
2021-07-30 15:07:37.020,17164,17165,17165,2,2
2021-07-30 15:07:37.071,17164,17165,17164,1,-1
2021-07-30 15:07:37.072,17164,17165,17164,12,-12
2021-07-30 15:07:40.118,17163,17164,17163,1,-1
2021-07-30 15:07:40.119,17163,17164,17163,3,-3
2021-07-30 15:07:40.119,17163,17164,17163,2,-2
2021-07-30 15:07:41.677,17162,17163,17162,1,-1
2021-07-30 15:07:42.580,17162,17163,17162,1,-1
2021-07-30 15:07:44.364,17162,17163,17163,5,5
2021-07-30 15:07:45.893,17162,17164,17164,2,2
2021-07-30 15:07:45.993,17163,17165,17163,4,-4
2021-07-30 15:07:45.993,17163,17165,17162,1,-1
2021-07-30 15:07:47.465,17163,17164,17164,1,1
2021-07-30 15:07:48.040,17163,17165,17163,1,-1
2021-07-30 15:07:49.323,17163,17165,17163,1,-1
2021-07-30 15:07:51.897,17163,17165,17165,5,5
2021-07-30 15:07:52.853,17163,17165,17165,1,1
2021-07-30 15:07:53.272,17163,17165,17163,1,-1
2021-07-30 15:07:54.753,17164,17165,17164,1,1
2021-07-30 15:07:54.923,17164,17165,17165,1,1
2021-07-30 15:07:56.922,17164,17165,17164,1,-1
2021-07-30 15:08:02.995,17163,17165,17165,6,6
2021-07-30 15:08:05.031,17163,17166,17163,1,-1
2021-07-30 15:08:05.437,17163,17166,17163,2,-2
2021-07-30 15:08:10.919,17164,17165,17164,1,1
2021-07-30 15:08:11.059,17164,17165,17165,4,4
2021-07-30 15:08:11.445,17164,17166,17166,21,21
2021-07-30 15:08:11.445,17164,17166,17166,2,2
2021-07-30 15:08:11.446,17164,17166,17166,1,1
2021-07-30 15:08:11.559,17165,17166,17166,16,16
2021-07-30 15:08:11.560,17165,17166,17166,3,3
2021-07-30 15:08:11.560,17165,17166,17166,8,8
2021-07-30 15:08:11.713,17166,17167,17166,1,-1
2021-07-30 15:08:14.326,17166,17167,17166,1,-1
2021-07-30 15:08:14.673,17166,17167,17166,1,-1
2021-07-30 15:08:14.751,17166,17167,17167,1,1
2021-07-30 15:08:15.790,17166,17168,17168,4,4
2021-07-30 15:08:21.847,17167,17168,17167,1,-1
2021-07-30 15:08:28.069,17167,17168,17168,1,1
2021-07-30 15:08:28.321,17167,17168,17168,4,4
2021-07-30 15:08:28.321,17167,17168,17168,7,7
2021-07-30 15:08:29.580,17168,17169,17168,1,-1
2021-07-30 15:08:29.838,17168,17169,17169,1,1
2021-07-30 15:08:36.000,17169,17170,17169,2,-2
2021-07-30 15:08:39.611,17169,17170,17170,5,5
2021-07-30 15:08:40.256,17169,17171,17171,1,1
2021-07-30 15:08:40.774,17170,17171,17170,1,-1
2021-07-30 15:08:41.568,17169,17171,17171,1,1
2021-07-30 15:08:42.416,17169,17170,17170,1,1
2021-07-30 15:08:44.224,17170,17171,17171,1,1
2021-07-30 15:08:45.783,17170,17172,17172,1,1
2021-07-30 15:08:49.438,17172,17173,17173,1,1
2021-07-30 15:08:54.033,17173,17174,17174,10,10
2021-07-30 15:08:54.553,17174,17175,17175,2,2
2021-07-30 15:08:55.537,17174,17175,17175,16,16
2021-07-30 15:08:55.537,17174,17175,17175,1,1
2021-07-30 15:08:55.538,17174,17175,17175,2,2
2021-07-30 15:08:55.538,17174,17175,17175,5,5
2021-07-30 15:08:55.538,17174,17175,17175,1,1
2021-07-30 15:08:55.538,17174,17175,17175,1,1
2021-07-30 15:08:55.538,17174,17175,17175,1,1
2021-07-30 15:08:55.538,17174,17175,17175,1,1
2021-07-30 15:08:55.539,17174,17175,17175,4,4
2021-07-30 15:08:55.908,17175,17176,17175,1,-1
2021-07-30 15:08:56.741,17174,17176,17176,10,10
2021-07-30 15:08:56.948,17174,17176,17176,1,1
2021-07-30 15:08:57.270,17174,17176,17176,1,1
2021-07-30 15:09:01.721,17175,17176,17175,1,-1
2021-07-30 15:09:01.880,17174,17175,17174,1,-1
2021-07-30 15:09:01.881,17174,17175,17174,1,-1
2021-07-30 15:09:01.981,17172,17175,17175,1,1
2021-07-30 15:09:02.252,17172,17175,17175,1,1
2021-07-30 15:09:02.841,17172,17175,17175,10,10
2021-07-30 15:09:08.373,17173,17174,17174,1,1
2021-07-30 15:09:08.547,17173,17175,17175,1,1
2021-07-30 15:09:10.328,17173,17174,17173,2,-2
2021-07-30 15:09:11.208,17173,17174,17173,1,-1
2021-07-30 15:09:12.131,17172,17173,17173,1,1
2021-07-30 15:09:14.029,17173,17174,17174,1,1
2021-07-30 15:09:18.091,17174,17175,17174,2,-2
2021-07-30 15:09:21.709,17174,17175,17174,1,-1
2021-07-30 15:09:25.753,17174,17175,17174,1,-1
2021-07-30 15:09:25.753,17174,17175,17174,1,-1
2021-07-30 15:09:28.161,17173,17174,17174,1,1
2021-07-30 15:09:28.519,17173,17175,17174,1,-1
2021-07-30 15:09:29.317,17173,17175,17174,1,-1
2021-07-30 15:09:30.404,17173,17175,17173,1,-1
2021-07-30 15:09:30.436,17172,17174,17174,2,2
2021-07-30 15:09:31.796,17173,17175,17173,1,-1
2021-07-30 15:09:35.954,17172,17173,17172,1,-1
2021-07-30 15:09:36.273,17171,17173,17172,1,-1
2021-07-30 15:09:36.889,17171,17173,17173,1,1
2021-07-30 15:09:43.054,17171,17172,17171,1,-1
2021-07-30 15:09:43.054,17171,17172,17171,2,-2
2021-07-30 15:09:44.446,17170,17172,17170,1,-1
2021-07-30 15:09:45.706,17170,17172,17170,1,-1
2021-07-30 15:09:45.933,17169,17171,17171,1,1
2021-07-30 15:09:50.377,17170,17171,17171,1,1
2021-07-30 15:09:56.098,17171,17172,17172,1,1
2021-07-30 15:09:56.454,17172,17173,17173,1,1
2021-07-30 15:09:57.168,17173,17174,17173,1,-1
2021-07-30 15:09:59.290,17172,17174,17174,1,1
2021-07-30 15:10:06.663,17172,17174,17172,1,-1
2021-07-30 15:10:10.946,17171,17173,17173,1,1
2021-07-30 15:10:11.062,17171,17173,17173,1,1
2021-07-30 15:10:11.064,17171,17173,17173,1,1
2021-07-30 15:10:11.064,17171,17173,17173,1,1
2021-07-30 15:10:11.064,17171,17173,17173,1,1
2021-07-30 15:10:16.772,17171,17173,17171,1,-1
2021-07-30 15:10:18.656,17170,17173,17173,1,1
2021-07-30 15:10:18.686,17171,17173,17173,1,1
2021-07-30 15:10:18.686,17171,17173,17173,1,1
2021-07-30 15:10:18.686,17171,17173,17173,1,1
2021-07-30 15:10:28.953,17171,17172,17172,1,1
2021-07-30 15:10:36.450,17170,17171,17170,1,-1
2021-07-30 15:10:36.751,17170,17171,17170,2,-2
2021-07-30 15:10:42.012,17170,17171,17170,1,-1
2021-07-30 15:10:46.009,17170,17171,17171,2,2
2021-07-30 15:10:53.318,17172,17173,17173,1,1
2021-07-30 15:10:53.923,17171,17173,17173,1,1
2021-07-30 15:10:55.863,17170,17172,17172,1,1
2021-07-30 15:10:55.959,17170,17172,17172,1,1
2021-07-30 15:10:55.959,17170,17172,17172,1,1
2021-07-30 15:10:55.960,17170,17172,17172,8,8
2021-07-30 15:10:55.962,17170,17172,17172,2,2
2021-07-30 15:10:55.962,17170,17172,17173,10,10
2021-07-30 15:10:59.884,17170,17172,17170,2,-2
2021-07-30 15:11:04.305,17171,17172,17171,1,1
2021-07-30 15:11:16.032,17170,17172,17172,1,1
2021-07-30 15:11:16.033,17170,17172,17172,1,1
2021-07-30 15:11:28.101,17171,17172,17171,1,-1
2021-07-30 15:11:29.494,17170,17171,17170,8,-8
2021-07-30 15:11:29.495,17170,17171,17169,7,-7
2021-07-30 15:11:29.933,17169,17170,17169,1,-1
2021-07-30 15:11:31.070,17168,17170,17168,1,-1
2021-07-30 15:11:31.445,17168,17170,17170,1,1
2021-07-30 15:11:35.860,17168,17169,17168,3,-3
2021-07-30 15:11:35.868,17168,17169,17167,1,-1
2021-07-30 15:11:35.934,17167,17168,17167,5,-5
2021-07-30 15:11:36.048,17167,17168,17168,3,3
2021-07-30 15:11:36.049,17167,17168,17168,3,3
2021-07-30 15:11:36.049,17167,17168,17168,3,3
2021-07-30 15:11:36.098,17167,17169,17169,1,1
2021-07-30 15:11:43.172,17168,17170,17168,1,-1
2021-07-30 15:11:49.189,17168,17169,17168,1,-1
2021-07-30 15:11:51.058,17167,17169,17167,2,-2
2021-07-30 15:11:54.664,17166,17169,17169,1,1
2021-07-30 15:11:59.567,17167,17168,17167,1,-1
2021-07-30 15:12:02.298,17166,17168,17168,1,1
2021-07-30 15:12:02.298,17166,17168,17168,1,1
2021-07-30 15:12:07.548,17166,17167,17167,1,1
2021-07-30 15:12:09.171,17166,17168,17168,1,1
2021-07-30 15:12:10.488,17166,17168,17168,1,1
2021-07-30 15:12:13.894,17167,17168,17168,1,1
2021-07-30 15:12:18.219,17167,17169,17167,1,-1
2021-07-30 15:12:23.376,17167,17168,17167,1,-1
2021-07-30 15:12:30.078,17167,17169,17167,1,-1
2021-07-30 15:12:36.435,17167,17169,17167,4,-4
2021-07-30 15:12:36.559,17166,17167,17166,8,-8
2021-07-30 15:12:40.458,17165,17166,17165,1,-1
2021-07-30 15:12:41.606,17165,17166,17165,1,-1
2021-07-30 15:12:42.307,17165,17166,17166,1,1
2021-07-30 15:12:43.142,17165,17166,17166,1,1
2021-07-30 15:12:43.142,17165,17166,17167,1,1
2021-07-30 15:12:44.053,17166,17168,17166,1,-1
2021-07-30 15:12:49.401,17166,17167,17167,1,1
2021-07-30 15:12:51.380,17167,17169,17167,1,-1
2021-07-30 15:12:52.846,17168,17169,17169,1,1
2021-07-30 15:12:52.846,17168,17169,17170,2,2
2021-07-30 15:12:53.082,17168,17170,17168,1,-1
2021-07-30 15:12:56.880,17169,17170,17169,1,1
2021-07-30 15:12:57.895,17169,17170,17170,2,2
2021-07-30 15:12:59.235,17169,17170,17170,1,1
2021-07-30 15:12:59.235,17169,17170,17170,1,1
2021-07-30 15:13:00.167,17170,17172,17170,1,-1
2021-07-30 15:13:00.724,17170,17172,17171,1,1
2021-07-30 15:13:00.942,17170,17172,17170,3,-3
2021-07-30 15:13:02.111,17169,17170,17169,1,-1
2021-07-30 15:13:02.562,17168,17169,17169,1,1
2021-07-30 15:13:02.562,17168,17169,17170,1,1
2021-07-30 15:13:03.464,17168,17171,17171,2,2
2021-07-30 15:13:08.367,17169,17171,17169,1,-1
2021-07-30 15:13:09.886,17170,17171,17171,2,2
2021-07-30 15:13:09.936,17170,17172,17172,1,1
2021-07-30 15:13:09.937,17170,17172,17172,1,1
2021-07-30 15:13:14.324,17171,17173,17172,1,-1
2021-07-30 15:13:19.613,17171,17173,17171,2,-2
2021-07-30 15:13:23.670,17172,17173,17173,1,1
2021-07-30 15:13:23.670,17172,17173,17173,1,1
2021-07-30 15:13:23.670,17172,17173,17173,2,2
2021-07-30 15:13:27.550,17172,17174,17174,1,1
2021-07-30 15:13:27.550,17172,17174,17174,1,1
2021-07-30 15:13:28.013,17172,17174,17174,1,1
2021-07-30 15:13:29.388,17173,17175,17175,1,1
2021-07-30 15:13:29.433,17174,17175,17175,6,6
2021-07-30 15:13:29.461,17174,17175,17176,1,1
2021-07-30 15:13:29.461,17174,17175,17176,1,1
2021-07-30 15:13:31.497,17174,17176,17176,1,1
2021-07-30 15:13:31.586,17174,17176,17175,1,-1
2021-07-30 15:13:33.987,17174,17176,17175,1,-1
2021-07-30 15:13:36.324,17175,17176,17176,1,1
2021-07-30 15:13:37.274,17175,17176,17175,1,-1
2021-07-30 15:13:38.825,17175,17176,17176,5,5
2021-07-30 15:13:38.934,17175,17176,17176,1,1
2021-07-30 15:13:40.022,17176,17177,17176,1,-1
2021-07-30 15:13:40.023,17176,17177,17176,1,-1
2021-07-30 15:13:41.933,17175,17176,17176,3,3
2021-07-30 15:13:42.726,17175,17177,17177,1,1
2021-07-30 15:13:43.153,17176,17177,17176,1,-1
2021-07-30 15:13:43.153,17176,17177,17176,2,-2
2021-07-30 15:13:45.317,17175,17176,17175,2,-2
2021-07-30 15:13:45.764,17174,17175,17174,1,-1
2021-07-30 15:13:52.152,17173,17175,17173,1,-1
2021-07-30 15:13:52.323,17173,17175,17173,4,-4
2021-07-30 15:13:52.323,17173,17175,17173,6,-6
2021-07-30 15:13:53.424,17173,17175,17173,2,-2
2021-07-30 15:14:02.039,17174,17175,17174,1,1
2021-07-30 15:14:02.039,17174,17175,17174,1,-1
2021-07-30 15:14:02.229,17173,17174,17173,1,-1
2021-07-30 15:14:12.320,17171,17172,17171,1,-1
2021-07-30 15:14:14.384,17170,17171,17171,1,1
2021-07-30 15:14:20.598,17172,17173,17172,1,1
2021-07-30 15:14:39.609,17171,17172,17172,1,1
2021-07-30 15:14:39.683,17171,17172,17172,6,6
2021-07-30 15:14:39.685,17171,17172,17173,1,1
2021-07-30 15:14:39.685,17171,17172,17173,1,1
2021-07-30 15:14:41.560,17173,17174,17173,1,-1
2021-07-30 15:14:44.380,17171,17172,17172,1,1
2021-07-30 15:14:45.693,17172,17173,17172,1,-1
2021-07-30 15:14:47.853,17171,17172,17171,1,-1
2021-07-30 15:14:47.853,17171,17172,17171,1,-1
2021-07-30 15:14:47.853,17171,17172,17171,2,-2
2021-07-30 15:14:49.499,17170,17171,17171,2,2
2021-07-30 15:14:50.859,17170,17171,17170,15,-15
2021-07-30 15:14:50.906,17170,17171,17170,1,-1
2021-07-30 15:15:03.139,17169,17170,17170,2,2
2021-07-30 15:15:27.917,17170,17172,17170,1,-1
2021-07-30 15:15:27.935,17170,17172,17172,1,1
2021-07-30 15:15:28.075,17170,17172,17170,3,-3
2021-07-30 15:15:28.125,17170,17172,17170,2,-2
2021-07-30 15:15:28.130,17170,17172,17170,4,-4
2021-07-30 15:15:28.185,17169,17172,17172,1,1
2021-07-30 15:15:28.185,17169,17172,17172,1,1
2021-07-30 15:15:28.186,17169,17172,17172,1,1
2021-07-30 15:15:40.755,17170,17171,17171,1,1
2021-07-30 15:15:43.169,17170,17172,17171,1,-1
2021-07-30 15:15:43.185,17170,17171,17171,1,1
2021-07-30 15:15:44.677,17170,17171,17171,1,1
2021-07-30 15:15:51.715,17170,17172,17170,4,-4
2021-07-30 15:15:54.303,17170,17172,17172,1,1
2021-07-30 15:15:54.701,17170,17171,17171,1,1
2021-07-30 15:16:00.536,17170,17171,17170,7,-7
2021-07-30 15:16:01.231,17169,17170,17169,2,-2
2021-07-30 15:16:01.231,17169,17170,17169,1,-1
2021-07-30 15:16:01.310,17168,17169,17169,1,1
2021-07-30 15:16:01.311,17168,17169,17170,1,1
2021-07-30 15:16:01.311,17168,17169,17170,1,1
2021-07-30 15:16:01.311,17168,17169,17170,1,1
2021-07-30 15:16:01.502,17168,17170,17170,1,1
2021-07-30 15:16:07.591,17168,17169,17169,5,5
2021-07-30 15:16:14.875,17168,17169,17169,1,1
2021-07-30 15:16:14.935,17168,17170,17170,1,1
2021-07-30 15:16:14.936,17168,17170,17170,1,1
2021-07-30 15:16:14.936,17168,17170,17170,1,1
2021-07-30 15:16:14.937,17168,17170,17170,1,1
2021-07-30 15:16:14.938,17168,17170,17170,10,10
2021-07-30 15:16:14.938,17168,17170,17170,4,4
2021-07-30 15:16:14.938,17168,17170,17171,1,1
2021-07-30 15:16:20.596,17169,17170,17170,2,2
2021-07-30 15:16:22.196,17169,17170,17170,2,2
2021-07-30 15:16:22.310,17169,17170,17170,1,1
2021-07-30 15:16:22.310,17169,17170,17170,1,1
2021-07-30 15:16:22.310,17169,17170,17170,1,1
2021-07-30 15:16:22.310,17169,17170,17171,1,1
2021-07-30 15:16:22.310,17169,17170,17171,1,1
2021-07-30 15:16:22.311,17169,17170,17171,1,1
2021-07-30 15:16:22.311,17169,17170,17171,1,1
2021-07-30 15:16:22.311,17169,17170,17171,1,1
2021-07-30 15:16:30.315,17170,17171,17170,6,-6
2021-07-30 15:16:30.316,17170,17171,17171,1,1
2021-07-30 15:16:32.072,17171,17173,17171,1,-1
2021-07-30 15:16:32.185,17171,17173,17173,1,1
2021-07-30 15:16:32.185,17171,17173,17173,1,1
2021-07-30 15:16:32.185,17171,17173,17173,1,1
2021-07-30 15:16:32.185,17171,17173,17173,1,1
2021-07-30 15:16:32.185,17171,17173,17173,1,1
2021-07-30 15:16:32.185,17171,17173,17173,1,1
2021-07-30 15:16:32.186,17171,17173,17173,1,1
2021-07-30 15:16:32.186,17171,17173,17173,1,1
2021-07-30 15:16:32.186,17171,17173,17173,1,1
2021-07-30 15:16:32.186,17171,17173,17173,1,1
2021-07-30 15:16:32.186,17171,17173,17174,1,1
2021-07-30 15:16:32.186,17171,17173,17174,1,1
2021-07-30 15:16:32.186,17171,17173,17174,1,1
2021-07-30 15:16:32.186,17171,17173,17174,1,1
2021-07-30 15:16:32.186,17171,17173,17174,1,1
2021-07-30 15:16:32.186,17171,17173,17174,1,1
2021-07-30 15:16:32.187,17171,17173,17174,1,1
2021-07-30 15:16:32.402,17172,17174,17174,2,2
2021-07-30 15:16:32.525,17172,17174,17174,1,1
2021-07-30 15:16:34.392,17173,17174,17174,1,1
2021-07-30 15:16:35.490,17173,17174,17174,7,7
2021-07-30 15:16:35.559,17174,17175,17175,7,7
2021-07-30 15:16:35.559,17174,17175,17175,4,4
2021-07-30 15:16:36.001,17174,17176,17174,1,-1
2021-07-30 15:16:37.553,17175,17176,17176,2,2
2021-07-30 15:16:37.560,17175,17176,17176,1,1
2021-07-30 15:16:37.809,17175,17176,17176,4,4
2021-07-30 15:16:38.644,17176,17177,17177,1,1
2021-07-30 15:16:38.872,17176,17177,17176,1,-1
2021-07-30 15:16:38.872,17176,17177,17176,3,-3
2021-07-30 15:16:40.017,17175,17177,17177,1,1
2021-07-30 15:16:41.967,17175,17176,17176,3,3
2021-07-30 15:16:41.967,17175,17176,17177,2,2
2021-07-30 15:16:43.273,17176,17177,17177,2,2
2021-07-30 15:16:43.273,17176,17177,17177,1,1
2021-07-30 15:16:44.483,17176,17177,17177,1,1
2021-07-30 15:16:44.483,17176,17177,17177,1,1
2021-07-30 15:16:47.700,17176,17177,17177,1,1
2021-07-30 15:16:47.700,17176,17177,17177,1,1
2021-07-30 15:16:47.809,17176,17177,17177,2,2
2021-07-30 15:16:51.324,17177,17178,17178,1,1
2021-07-30 15:16:51.435,17178,17179,17179,1,1
2021-07-30 15:16:51.693,17178,17179,17179,2,2
2021-07-30 15:16:51.713,17178,17179,17179,1,1
2021-07-30 15:16:51.728,17178,17179,17179,1,1
2021-07-30 15:16:51.783,17178,17179,17179,1,1
2021-07-30 15:16:51.783,17178,17179,17179,1,1
2021-07-30 15:16:51.801,17178,17179,17179,1,1
2021-07-30 15:16:51.802,17178,17179,17180,1,1
2021-07-30 15:16:51.862,17178,17180,17180,1,1
2021-07-30 15:16:52.051,17178,17180,17180,1,1
2021-07-30 15:16:52.357,17178,17180,17180,1,1
2021-07-30 15:16:53.870,17179,17180,17180,2,2
2021-07-30 15:16:55.042,17180,17181,17180,1,-1
2021-07-30 15:16:55.137,17180,17181,17180,2,-2
2021-07-30 15:16:55.281,17179,17180,17180,2,2
2021-07-30 15:16:55.309,17179,17181,17181,2,2
2021-07-30 15:16:56.059,17180,17181,17181,2,2
2021-07-30 15:16:56.059,17180,17181,17181,1,1
2021-07-30 15:16:56.744,17180,17182,17181,2,-2
2021-07-30 15:16:57.361,17180,17182,17181,1,-1
2021-07-30 15:16:57.695,17181,17182,17181,1,-1
2021-07-30 15:16:58.019,17180,17182,17181,1,-1
2021-07-30 15:16:59.013,17181,17182,17182,2,2
2021-07-30 15:16:59.943,17181,17182,17182,1,1
2021-07-30 15:17:00.161,17181,17182,17182,2,2
2021-07-30 15:17:00.162,17181,17182,17182,1,1
2021-07-30 15:17:00.302,17181,17183,17182,4,-4
2021-07-30 15:17:00.506,17182,17183,17182,1,-1
2021-07-30 15:17:02.103,17181,17182,17181,1,-1
2021-07-30 15:17:02.103,17181,17182,17181,1,-1
2021-07-30 15:17:02.770,17180,17181,17180,2,-2
2021-07-30 15:17:04.346,17179,17181,17181,2,2
2021-07-30 15:17:05.146,17180,17181,17180,2,-2
2021-07-30 15:17:05.704,17179,17181,17181,2,2
2021-07-30 15:17:05.989,17180,17181,17181,1,1
2021-07-30 15:17:05.990,17180,17181,17181,1,1
2021-07-30 15:17:06.266,17179,17181,17180,1,-1
2021-07-30 15:17:06.384,17179,17181,17180,3,-3
2021-07-30 15:17:07.106,17179,17181,17180,6,-6
2021-07-30 15:17:07.169,17179,17181,17181,1,1
2021-07-30 15:17:08.956,17181,17182,17181,1,-1
2021-07-30 15:17:08.957,17181,17182,17181,1,-1
2021-07-30 15:17:10.394,17180,17181,17181,1,1
2021-07-30 15:17:10.394,17180,17181,17182,1,1
2021-07-30 15:17:11.147,17180,17182,17182,4,4
2021-07-30 15:17:11.147,17180,17182,17182,1,1
2021-07-30 15:17:12.626,17181,17182,17181,1,-1
2021-07-30 15:17:13.951,17181,17182,17182,2,2
2021-07-30 15:17:14.229,17182,17183,17182,1,-1
2021-07-30 15:17:15.074,17182,17183,17182,1,-1
2021-07-30 15:17:15.319,17182,17183,17183,7,7
2021-07-30 15:17:15.320,17182,17183,17183,5,5
2021-07-30 15:17:16.217,17183,17184,17184,1,1
2021-07-30 15:17:16.488,17183,17184,17184,2,2
2021-07-30 15:17:16.887,17184,17185,17185,1,1
2021-07-30 15:17:16.972,17184,17185,17184,3,-3
2021-07-30 15:17:16.972,17184,17185,17183,7,-7
2021-07-30 15:17:17.041,17184,17185,17185,1,1
2021-07-30 15:17:17.116,17184,17185,17185,1,1
2021-07-30 15:17:17.416,17184,17185,17185,1,1
2021-07-30 15:17:17.633,17184,17185,17185,1,1
2021-07-30 15:17:18.571,17184,17185,17185,1,1
2021-07-30 15:17:19.012,17184,17185,17185,1,1
2021-07-30 15:17:19.100,17184,17185,17185,5,5
2021-07-30 15:17:19.700,17184,17185,17184,2,-2
2021-07-30 15:17:19.833,17184,17185,17185,1,1
2021-07-30 15:17:19.849,17184,17185,17185,4,4
2021-07-30 15:17:20.506,17184,17186,17185,1,-1
2021-07-30 15:17:22.087,17185,17186,17185,2,-2
2021-07-30 15:17:22.973,17185,17186,17186,2,2
2021-07-30 15:17:23.090,17185,17186,17186,1,1
2021-07-30 15:17:23.090,17185,17186,17186,1,1
2021-07-30 15:17:24.122,17185,17186,17185,1,-1
2021-07-30 15:17:24.178,17185,17186,17186,2,2
2021-07-30 15:17:24.179,17185,17186,17186,1,1
2021-07-30 15:17:24.480,17185,17186,17186,2,2
2021-07-30 15:17:24.860,17185,17187,17187,1,1
2021-07-30 15:17:25.046,17185,17187,17186,1,-1
2021-07-30 15:17:27.316,17186,17187,17186,1,-1
2021-07-30 15:17:27.427,17186,17187,17186,1,-1
2021-07-30 15:17:27.857,17186,17187,17187,1,1
2021-07-30 15:17:27.857,17186,17187,17187,3,3
2021-07-30 15:17:28.114,17187,17188,17188,7,7
2021-07-30 15:17:28.114,17187,17188,17189,6,6
2021-07-30 15:17:29.147,17188,17189,17188,1,-1
2021-07-30 15:17:29.240,17188,17189,17188,1,-1
2021-07-30 15:17:29.756,17187,17189,17187,1,-1
2021-07-30 15:17:29.785,17187,17189,17188,2,2
2021-07-30 15:17:30.020,17187,17189,17189,5,5
2021-07-30 15:17:30.112,17187,17189,17187,1,-1
2021-07-30 15:17:30.331,17186,17188,17188,2,2
2021-07-30 15:17:33.036,17189,17190,17189,1,1
2021-07-30 15:17:33.043,17189,17190,17188,1,-1
2021-07-30 15:17:34.565,17188,17189,17189,1,1
2021-07-30 15:17:34.882,17188,17189,17189,1,1
2021-07-30 15:17:34.985,17188,17190,17189,1,-1
2021-07-30 15:17:35.984,17189,17190,17189,1,-1
2021-07-30 15:17:37.116,17189,17190,17189,2,-2
2021-07-30 15:17:37.822,17189,17190,17189,1,-1
2021-07-30 15:17:37.822,17189,17190,17189,1,-1
2021-07-30 15:17:38.024,17188,17189,17189,1,1
2021-07-30 15:17:38.676,17189,17190,17189,1,-1
2021-07-30 15:17:39.162,17189,17190,17190,2,2
2021-07-30 15:17:39.211,17189,17190,17190,1,1
2021-07-30 15:17:39.356,17189,17190,17190,13,13
2021-07-30 15:17:39.357,17189,17190,17190,18,18
2021-07-30 15:17:39.357,17189,17190,17190,4,4
2021-07-30 15:17:39.357,17189,17190,17190,3,3
2021-07-30 15:17:39.357,17189,17190,17190,1,1
2021-07-30 15:17:39.357,17189,17190,17190,1,1
2021-07-30 15:17:39.358,17189,17190,17190,1,1
2021-07-30 15:17:39.358,17189,17190,17190,8,8
2021-07-30 15:17:39.358,17189,17190,17190,3,3
2021-07-30 15:17:39.358,17189,17190,17190,3,3
2021-07-30 15:17:39.358,17189,17190,17190,1,1
2021-07-30 15:17:39.358,17189,17190,17190,3,3
2021-07-30 15:17:39.358,17189,17190,17190,1,1
2021-07-30 15:17:39.358,17189,17190,17190,4,4
2021-07-30 15:17:39.358,17189,17190,17190,5,5
2021-07-30 15:17:39.682,17190,17191,17190,1,-1
2021-07-30 15:17:39.753,17190,17191,17190,1,-1
2021-07-30 15:17:40.623,17190,17191,17191,1,1
2021-07-30 15:17:40.648,17190,17191,17191,8,8
2021-07-30 15:17:41.305,17190,17192,17191,1,-1
2021-07-30 15:17:41.310,17190,17191,17190,4,-4
2021-07-30 15:17:41.310,17190,17191,17189,12,-12
2021-07-30 15:17:41.310,17190,17191,17188,4,-4
2021-07-30 15:17:41.499,17188,17190,17190,2,2
2021-07-30 15:17:42.070,17188,17190,17190,2,2
2021-07-30 15:17:43.259,17189,17190,17190,1,1
2021-07-30 15:17:44.553,17190,17191,17190,2,-2
2021-07-30 15:17:44.667,17190,17191,17191,1,1
2021-07-30 15:17:45.036,17190,17192,17191,1,-1
2021-07-30 15:17:46.241,17191,17192,17191,3,-3
2021-07-30 15:17:46.241,17191,17192,17190,2,-2
2021-07-30 15:17:46.669,17190,17192,17190,2,-2
2021-07-30 15:17:49.058,17190,17191,17190,1,-1
2021-07-30 15:17:49.271,17189,17190,17190,1,1
2021-07-30 15:17:49.508,17189,17190,17190,1,1
2021-07-30 15:17:49.561,17189,17191,17191,3,3
2021-07-30 15:17:50.330,17189,17191,17191,2,2
2021-07-30 15:17:50.331,17189,17191,17191,1,1
2021-07-30 15:17:50.855,17189,17191,17190,1,-1
2021-07-30 15:17:51.108,17189,17190,17189,1,-1
2021-07-30 15:17:51.108,17189,17190,17189,1,-1
2021-07-30 15:17:52.840,17189,17190,17189,1,-1
2021-07-30 15:17:53.333,17188,17190,17190,1,1
2021-07-30 15:17:55.164,17189,17190,17190,1,1
2021-07-30 15:17:56.411,17189,17190,17190,1,1
2021-07-30 15:17:56.411,17189,17190,17190,1,1
2021-07-30 15:17:56.714,17189,17190,17190,1,1
2021-07-30 15:17:56.715,17189,17190,17190,1,1
2021-07-30 15:17:57.395,17189,17190,17190,1,1
2021-07-30 15:17:57.396,17189,17190,17190,1,1
2021-07-30 15:17:57.651,17189,17190,17190,1,1
2021-07-30 15:17:58.404,17189,17190,17190,1,1
2021-07-30 15:17:59.055,17189,17190,17190,1,1
2021-07-30 15:17:59.259,17189,17190,17190,5,5
2021-07-30 15:17:59.808,17189,17190,17190,3,3
2021-07-30 15:18:00.017,17189,17191,17189,4,-4
2021-07-30 15:18:00.018,17189,17191,17189,5,-5
2021-07-30 15:18:01.802,17189,17190,17189,2,-2
2021-07-30 15:18:01.810,17188,17190,17190,1,1
2021-07-30 15:18:01.810,17188,17190,17190,1,1
2021-07-30 15:18:04.444,17188,17189,17188,3,-3
2021-07-30 15:18:04.716,17187,17188,17188,1,1
2021-07-30 15:18:05.269,17187,17188,17187,3,-3
2021-07-30 15:18:05.269,17187,17188,17186,2,-2
2021-07-30 15:18:07.665,17186,17188,17188,1,1
2021-07-30 15:18:08.110,17186,17188,17188,2,2
2021-07-30 15:18:08.185,17186,17188,17188,1,1
2021-07-30 15:18:08.185,17186,17188,17188,1,1
2021-07-30 15:18:08.185,17186,17188,17188,1,1
2021-07-30 15:18:08.186,17186,17188,17188,1,1
2021-07-30 15:18:08.186,17186,17188,17189,1,1
2021-07-30 15:18:08.495,17187,17189,17187,1,-1
2021-07-30 15:18:10.099,17186,17188,17188,1,1
2021-07-30 15:18:10.388,17186,17188,17188,1,1
2021-07-30 15:18:13.011,17187,17188,17188,1,1
2021-07-30 15:18:14.483,17187,17188,17188,1,1
2021-07-30 15:18:14.483,17187,17188,17189,4,4
2021-07-30 15:18:14.763,17187,17189,17189,1,1
2021-07-30 15:18:15.277,17187,17189,17189,1,1
2021-07-30 15:18:17.309,17188,17189,17189,2,2
2021-07-30 15:18:17.338,17188,17189,17189,3,3
2021-07-30 15:18:17.707,17189,17190,17190,1,1
2021-07-30 15:18:19.092,17189,17190,17190,1,1
2021-07-30 15:18:19.185,17189,17190,17190,1,1
2021-07-30 15:18:19.185,17189,17190,17190,1,1
2021-07-30 15:18:19.185,17189,17190,17190,1,1
2021-07-30 15:18:19.185,17189,17190,17191,1,1
2021-07-30 15:18:19.186,17189,17190,17191,1,1
2021-07-30 15:18:19.186,17189,17190,17191,1,1
2021-07-30 15:18:19.186,17189,17190,17191,1,1
2021-07-30 15:18:19.499,17189,17191,17191,13,13
2021-07-30 15:18:19.538,17189,17191,17189,1,-1
2021-07-30 15:18:20.047,17189,17192,17189,1,-1
2021-07-30 15:18:22.824,17190,17192,17192,5,5
2021-07-30 15:18:22.867,17190,17192,17192,3,3
2021-07-30 15:18:23.442,17191,17192,17192,5,5
2021-07-30 15:18:23.442,17191,17192,17192,1,1
2021-07-30 15:18:23.442,17191,17192,17192,1,1
2021-07-30 15:18:24.253,17191,17193,17193,1,1
2021-07-30 15:18:24.383,17191,17193,17193,2,2
2021-07-30 15:18:24.383,17191,17193,17194,1,1
2021-07-30 15:18:24.402,17191,17193,17194,2,2
2021-07-30 15:18:24.410,17191,17193,17194,1,1
2021-07-30 15:18:24.459,17192,17194,17194,3,3
2021-07-30 15:18:24.459,17192,17194,17194,4,4
2021-07-30 15:18:24.459,17192,17194,17194,3,3
2021-07-30 15:18:24.465,17192,17194,17194,2,2
2021-07-30 15:18:24.478,17192,17194,17194,2,2
2021-07-30 15:18:24.738,17193,17194,17194,1,1
2021-07-30 15:18:24.745,17193,17194,17194,1,1
2021-07-30 15:18:24.746,17193,17194,17194,2,2
2021-07-30 15:18:24.747,17193,17194,17194,2,2
2021-07-30 15:18:24.748,17193,17194,17194,1,1
2021-07-30 15:18:24.755,17193,17194,17195,1,1
2021-07-30 15:18:24.760,17193,17194,17195,1,1
2021-07-30 15:18:24.868,17193,17195,17195,1,1
2021-07-30 15:18:24.987,17193,17195,17195,1,1
2021-07-30 15:18:25.039,17193,17195,17195,1,1
2021-07-30 15:18:25.358,17193,17195,17195,1,1
2021-07-30 15:18:25.461,17193,17195,17195,1,1
2021-07-30 15:18:25.963,17194,17195,17195,1,1
2021-07-30 15:18:26.211,17194,17195,17195,1,1
2021-07-30 15:18:26.214,17194,17195,17195,4,4
2021-07-30 15:18:26.215,17194,17195,17195,4,4
2021-07-30 15:18:26.215,17194,17195,17195,5,5
2021-07-30 15:18:26.251,17194,17195,17195,1,1
2021-07-30 15:18:26.302,17194,17195,17195,1,1
2021-07-30 15:18:26.331,17194,17195,17195,1,1
2021-07-30 15:18:26.358,17194,17195,17196,2,2
2021-07-30 15:18:26.388,17194,17195,17196,1,1
2021-07-30 15:18:26.448,17194,17196,17196,1,1
2021-07-30 15:18:26.485,17194,17196,17195,1,-1
2021-07-30 15:18:26.588,17194,17196,17196,1,1
2021-07-30 15:18:26.635,17194,17196,17196,1,1
2021-07-30 15:18:26.679,17194,17196,17196,2,2
2021-07-30 15:18:26.700,17194,17196,17196,2,2
2021-07-30 15:18:26.788,17194,17196,17196,2,2
2021-07-30 15:18:26.806,17194,17196,17196,2,2
2021-07-30 15:18:26.807,17194,17196,17196,1,1
2021-07-30 15:18:26.807,17194,17196,17197,2,2
2021-07-30 15:18:26.817,17194,17197,17197,2,2
2021-07-30 15:18:26.828,17194,17197,17197,1,1
2021-07-30 15:18:26.845,17194,17197,17197,4,4
2021-07-30 15:18:27.580,17195,17196,17196,1,1
2021-07-30 15:18:27.685,17195,17196,17196,1,1
2021-07-30 15:18:27.685,17195,17196,17197,1,1
2021-07-30 15:18:27.686,17195,17196,17197,1,1
2021-07-30 15:18:27.754,17195,17196,17197,1,1
2021-07-30 15:18:27.795,17195,17196,17197,1,1
2021-07-30 15:18:27.835,17195,17197,17197,1,1
2021-07-30 15:18:27.857,17195,17197,17197,2,2
2021-07-30 15:18:27.884,17195,17197,17197,1,1
2021-07-30 15:18:27.946,17195,17197,17197,1,1
2021-07-30 15:18:28.230,17195,17197,17197,2,2
2021-07-30 15:18:28.272,17195,17197,17197,1,1
2021-07-30 15:18:28.537,17195,17197,17197,3,3
2021-07-30 15:18:28.602,17195,17197,17197,1,1
2021-07-30 15:18:29.075,17196,17197,17196,3,-3
2021-07-30 15:18:29.075,17196,17197,17195,11,-11
2021-07-30 15:18:29.076,17196,17197,17194,1,-1
2021-07-30 15:18:29.076,17196,17197,17195,1,1
2021-07-30 15:18:29.612,17194,17195,17194,1,-1
2021-07-30 15:18:30.234,17194,17195,17194,1,-1
2021-07-30 15:18:32.391,17193,17195,17195,1,1
2021-07-30 15:18:33.347,17194,17195,17195,1,1
2021-07-30 15:18:34.292,17194,17195,17195,1,1
2021-07-30 15:18:35.285,17193,17194,17194,1,1
2021-07-30 15:18:35.876,17193,17194,17194,2,2
2021-07-30 15:18:36.032,17193,17195,17194,1,-1
2021-07-30 15:18:37.389,17193,17194,17194,1,1
2021-07-30 15:18:37.435,17193,17194,17194,1,1
2021-07-30 15:18:37.436,17193,17194,17195,1,1
2021-07-30 15:18:37.917,17193,17194,17194,1,1
2021-07-30 15:18:39.029,17193,17195,17194,1,-1
2021-07-30 15:18:40.702,17193,17194,17193,1,-1
2021-07-30 15:18:41.452,17193,17194,17193,1,-1
2021-07-30 15:18:41.948,17193,17194,17194,1,1
2021-07-30 15:18:42.035,17193,17194,17195,2,2
2021-07-30 15:18:42.852,17194,17195,17194,1,-1
2021-07-30 15:18:42.921,17194,17195,17195,1,1
2021-07-30 15:18:44.683,17193,17194,17194,1,1
2021-07-30 15:18:45.255,17194,17195,17195,1,1
2021-07-30 15:18:45.255,17194,17195,17195,4,4
2021-07-30 15:18:45.255,17194,17195,17195,1,1
2021-07-30 15:18:45.255,17194,17195,17195,16,16
2021-07-30 15:18:45.255,17194,17195,17195,1,1
2021-07-30 15:18:45.255,17194,17195,17195,1,1
2021-07-30 15:18:45.255,17194,17195,17195,1,1
2021-07-30 15:18:45.255,17194,17195,17195,4,4
2021-07-30 15:18:45.255,17194,17195,17195,2,2
2021-07-30 15:18:45.255,17194,17195,17195,1,1
2021-07-30 15:18:45.255,17194,17195,17195,4,4
2021-07-30 15:18:45.255,17194,17195,17195,1,1
2021-07-30 15:18:45.255,17194,17195,17195,1,1
2021-07-30 15:18:45.255,17194,17195,17195,1,1
2021-07-30 15:18:45.256,17194,17195,17195,2,2
2021-07-30 15:18:49.715,17194,17195,17194,4,-4
2021-07-30 15:18:50.085,17193,17194,17193,1,-1
2021-07-30 15:18:50.086,17193,17194,17193,2,-2
2021-07-30 15:18:50.398,17192,17193,17193,1,1
2021-07-30 15:18:52.068,17192,17193,17193,2,2
2021-07-30 15:18:52.068,17192,17193,17194,2,2
2021-07-30 15:18:53.847,17193,17194,17193,1,-1
2021-07-30 15:18:55.275,17193,17194,17193,1,-1
2021-07-30 15:18:58.787,17193,17194,17194,1,1
2021-07-30 15:19:01.059,17194,17195,17194,1,-1
2021-07-30 15:19:01.074,17194,17195,17194,1,-1
2021-07-30 15:19:01.187,17194,17195,17195,1,1
2021-07-30 15:19:01.187,17194,17195,17195,2,2
2021-07-30 15:19:01.188,17194,17195,17195,1,1
2021-07-30 15:19:01.188,17194,17195,17195,1,1
2021-07-30 15:19:01.188,17194,17195,17195,1,1
2021-07-30 15:19:01.188,17194,17195,17195,1,1
2021-07-30 15:19:01.188,17194,17195,17195,1,1
2021-07-30 15:19:01.188,17194,17195,17195,1,1
2021-07-30 15:19:01.189,17194,17195,17195,1,1
2021-07-30 15:19:01.189,17194,17195,17195,3,3
2021-07-30 15:19:01.522,17195,17196,17196,2,2
2021-07-30 15:19:01.641,17194,17196,17196,5,5
2021-07-30 15:19:01.930,17193,17196,17196,1,1
2021-07-30 15:19:02.084,17194,17196,17196,1,1
2021-07-30 15:19:02.084,17194,17196,17196,1,1
2021-07-30 15:19:02.185,17194,17196,17196,1,1
2021-07-30 15:19:02.185,17194,17196,17196,1,1
2021-07-30 15:19:02.185,17194,17196,17196,1,1
2021-07-30 15:19:02.642,17193,17196,17196,2,2
2021-07-30 15:19:03.067,17193,17196,17196,1,1
2021-07-30 15:19:03.223,17194,17196,17194,1,-1
2021-07-30 15:19:03.657,17193,17196,17195,2,2
2021-07-30 15:19:03.912,17193,17195,17194,1,-1
2021-07-30 15:19:04.227,17195,17196,17196,3,3
2021-07-30 15:19:04.227,17195,17196,17197,7,7
2021-07-30 15:19:05.935,17195,17196,17196,3,3
2021-07-30 15:19:06.057,17195,17196,17195,2,-2
2021-07-30 15:19:06.180,17195,17197,17197,14,14
2021-07-30 15:19:06.180,17195,17197,17198,1,1
2021-07-30 15:19:06.524,17195,17196,17196,1,1
2021-07-30 15:19:06.582,17195,17197,17198,1,1
2021-07-30 15:19:07.973,17196,17198,17198,1,1
2021-07-30 15:19:09.302,17197,17198,17198,1,1
2021-07-30 15:19:09.643,17197,17198,17197,1,-1
2021-07-30 15:19:10.022,17197,17198,17198,4,4
2021-07-30 15:19:10.838,17197,17198,17197,4,-4
2021-07-30 15:19:10.838,17197,17198,17197,1,-1
2021-07-30 15:19:10.838,17197,17198,17197,1,-1
2021-07-30 15:19:11.248,17196,17198,17196,3,-3
2021-07-30 15:19:14.659,17197,17198,17198,1,1
2021-07-30 15:19:14.659,17197,17198,17198,2,2
2021-07-30 15:19:14.659,17197,17198,17198,3,3
2021-07-30 15:19:14.659,17197,17198,17198,1,1
2021-07-30 15:19:14.660,17197,17198,17198,1,1
2021-07-30 15:19:14.660,17197,17198,17198,1,1
2021-07-30 15:19:14.660,17197,17198,17198,5,5
2021-07-30 15:19:14.660,17197,17198,17198,1,1
2021-07-30 15:19:14.660,17197,17198,17198,1,1
2021-07-30 15:19:14.660,17197,17198,17198,4,4
2021-07-30 15:19:14.660,17197,17198,17198,3,3
2021-07-30 15:19:14.660,17197,17198,17198,1,1
2021-07-30 15:19:14.965,17198,17199,17199,3,3
2021-07-30 15:19:15.077,17198,17199,17198,3,-3
2021-07-30 15:19:15.102,17198,17199,17199,3,3
2021-07-30 15:19:15.198,17198,17199,17198,1,-1
2021-07-30 15:19:15.273,17198,17199,17199,1,1
2021-07-30 15:19:15.288,17198,17199,17199,1,1
2021-07-30 15:19:15.694,17197,17199,17197,1,-1
2021-07-30 15:19:16.136,17197,17199,17199,2,2
2021-07-30 15:19:16.533,17198,17199,17198,1,-1
2021-07-30 15:19:17.014,17198,17199,17199,2,2
2021-07-30 15:19:17.128,17198,17199,17199,3,3
2021-07-30 15:19:17.128,17198,17199,17200,1,1
2021-07-30 15:19:17.184,17198,17200,17200,3,3
2021-07-30 15:19:17.234,17198,17200,17200,2,2
2021-07-30 15:19:17.238,17198,17200,17200,1,1
2021-07-30 15:19:17.544,17198,17200,17200,1,1
2021-07-30 15:19:18.102,17199,17200,17200,3,3
2021-07-30 15:19:18.719,17199,17200,17199,1,-1
2021-07-30 15:19:18.936,17198,17199,17198,2,-2
2021-07-30 15:19:18.936,17198,17199,17197,14,-14
2021-07-30 15:19:18.936,17198,17199,17196,9,-9
2021-07-30 15:19:19.034,17198,17199,17198,1,1
2021-07-30 15:19:19.137,17197,17198,17198,2,2
2021-07-30 15:19:21.423,17198,17199,17198,1,-1
2021-07-30 15:19:21.972,17197,17198,17197,1,-1
2021-07-30 15:19:22.416,17196,17198,17196,1,-1
2021-07-30 15:19:24.039,17196,17197,17197,2,2
2021-07-30 15:19:25.146,17196,17198,17198,1,1
2021-07-30 15:19:26.252,17197,17198,17198,1,1
2021-07-30 15:19:26.858,17197,17199,17197,1,-1
2021-07-30 15:19:27.634,17197,17199,17197,3,-3
2021-07-30 15:19:27.634,17197,17199,17196,2,-2
2021-07-30 15:19:27.685,17197,17199,17199,1,1
2021-07-30 15:19:27.685,17197,17199,17199,1,1
2021-07-30 15:19:27.685,17197,17199,17199,1,1
2021-07-30 15:19:28.961,17197,17198,17198,1,1
2021-07-30 15:19:29.241,17197,17198,17198,1,1
2021-07-30 15:19:29.241,17197,17198,17199,1,1
2021-07-30 15:19:29.277,17197,17198,17197,1,-1
2021-07-30 15:19:31.292,17197,17198,17198,1,1
2021-07-30 15:19:32.277,17197,17198,17198,1,1
2021-07-30 15:19:32.325,17197,17198,17198,1,1
2021-07-30 15:19:34.219,17197,17198,17198,2,2
2021-07-30 15:19:35.859,17197,17199,17199,1,1
2021-07-30 15:19:36.489,17197,17198,17197,4,-4
2021-07-30 15:19:38.820,17197,17198,17197,1,-1
2021-07-30 15:19:40.185,17196,17197,17196,2,-2
2021-07-30 15:19:40.206,17196,17197,17196,1,-1
2021-07-30 15:19:40.206,17196,17197,17196,1,-1
2021-07-30 15:19:42.219,17195,17196,17196,1,1
2021-07-30 15:19:47.010,17195,17196,17196,2,2
2021-07-30 15:19:47.010,17195,17196,17196,1,1
2021-07-30 15:19:47.933,17196,17197,17196,2,-2
2021-07-30 15:19:48.058,17196,17197,17196,1,-1
2021-07-30 15:19:48.186,17195,17197,17197,1,1
2021-07-30 15:19:51.829,17195,17197,17195,3,-3
2021-07-30 15:19:52.808,17196,17197,17196,3,3
2021-07-30 15:19:53.036,17195,17197,17195,1,-1
2021-07-30 15:19:53.512,17195,17197,17195,1,-1
2021-07-30 15:19:54.061,17195,17197,17195,1,-1
2021-07-30 15:19:54.570,17195,17197,17195,4,-4
2021-07-30 15:19:55.102,17195,17197,17195,38,-38
2021-07-30 15:19:55.102,17195,17197,17195,8,-8
2021-07-30 15:19:55.102,17195,17197,17195,1,-1
2021-07-30 15:19:55.102,17195,17197,17195,6,-6
2021-07-30 15:19:55.102,17195,17197,17195,16,-16
2021-07-30 15:19:55.102,17195,17197,17195,1,-1
2021-07-30 15:19:55.102,17195,17197,17195,3,-3
2021-07-30 15:19:55.102,17195,17197,17195,1,-1
2021-07-30 15:19:55.103,17195,17197,17195,1,-1
2021-07-30 15:19:55.103,17195,17197,17195,3,-3
2021-07-30 15:19:55.103,17195,17197,17195,3,-3
2021-07-30 15:19:55.103,17195,17197,17195,3,-3
2021-07-30 15:19:55.103,17195,17197,17195,1,-1
2021-07-30 15:19:55.103,17195,17197,17195,2,-2
2021-07-30 15:19:55.103,17195,17197,17195,1,-1
2021-07-30 15:19:55.103,17195,17197,17195,4,-4
2021-07-30 15:19:55.103,17195,17197,17195,1,-1
2021-07-30 15:19:55.103,17195,17197,17195,2,-2
2021-07-30 15:19:55.103,17195,17197,17195,1,-1
2021-07-30 15:19:55.103,17195,17197,17195,1,-1
2021-07-30 15:19:55.103,17195,17197,17195,1,-1
2021-07-30 15:19:55.103,17195,17197,17195,2,-2
2021-07-30 15:19:55.104,17195,17197,17195,1,-1
2021-07-30 15:19:55.205,17194,17195,17194,1,-1
2021-07-30 15:19:55.205,17194,17195,17194,1,-1
2021-07-30 15:19:55.460,17193,17194,17194,1,1
2021-07-30 15:19:57.189,17193,17195,17193,1,-1
2021-07-30 15:19:58.338,17193,17195,17195,1,1
2021-07-30 15:19:59.825,17193,17196,17194,1,-1
2021-07-30 15:20:01.177,17193,17195,17193,2,-2
2021-07-30 15:20:03.165,17193,17195,17193,1,-1
2021-07-30 15:20:03.185,17193,17195,17195,1,1
2021-07-30 15:20:04.027,17193,17195,17195,1,1
2021-07-30 15:20:05.926,17194,17195,17195,1,1
2021-07-30 15:20:07.246,17194,17196,17195,1,-1
2021-07-30 15:20:09.416,17193,17196,17195,1,-1
2021-07-30 15:20:09.417,17193,17196,17195,1,-1
2021-07-30 15:20:09.435,17193,17196,17196,1,1
2021-07-30 15:20:10.224,17194,17196,17196,5,5
2021-07-30 15:20:11.586,17194,17196,17196,1,1
2021-07-30 15:20:13.601,17194,17197,17194,1,-1
2021-07-30 15:20:16.784,17195,17197,17195,1,1
2021-07-30 15:20:20.145,17194,17195,17195,1,1
2021-07-30 15:20:20.185,17194,17196,17196,1,1
2021-07-30 15:20:23.596,17195,17197,17197,2,2
2021-07-30 15:20:23.598,17195,17197,17197,3,3
2021-07-30 15:20:24.135,17196,17197,17197,5,5
2021-07-30 15:20:26.059,17197,17198,17197,1,-1
2021-07-30 15:20:27.190,17197,17198,17198,1,1
2021-07-30 15:20:30.888,17197,17198,17198,1,1
2021-07-30 15:20:30.889,17197,17198,17198,1,1
2021-07-30 15:20:30.934,17198,17199,17199,6,6
2021-07-30 15:20:30.934,17198,17199,17199,5,5
2021-07-30 15:20:35.249,17199,17200,17199,2,-2
2021-07-30 15:20:37.479,17198,17199,17199,1,1
2021-07-30 15:20:37.589,17198,17200,17200,1,1
2021-07-30 15:20:37.970,17198,17200,17200,2,2
2021-07-30 15:20:39.263,17198,17200,17200,1,1
2021-07-30 15:20:40.115,17199,17200,17200,1,1
2021-07-30 15:20:41.469,17199,17200,17199,1,-1
2021-07-30 15:20:43.432,17199,17200,17199,1,-1
2021-07-30 15:20:46.006,17199,17200,17199,44,-44
2021-07-30 15:20:46.007,17199,17200,17198,1,-1
2021-07-30 15:20:46.007,17199,17200,17198,1,-1
2021-07-30 15:20:48.730,17198,17199,17199,6,6
2021-07-30 15:20:48.743,17198,17199,17198,2,-2
2021-07-30 15:20:48.811,17197,17199,17199,1,1
2021-07-30 15:20:49.712,17197,17199,17197,3,-3
2021-07-30 15:20:49.712,17197,17199,17196,2,-2
2021-07-30 15:20:49.933,17196,17198,17198,2,2
2021-07-30 15:20:50.110,17197,17199,17199,1,1
2021-07-30 15:20:52.376,17197,17198,17197,1,-1
2021-07-30 15:20:52.391,17197,17198,17198,1,1
2021-07-30 15:20:55.274,17198,17199,17199,2,2
2021-07-30 15:20:55.915,17198,17199,17198,3,-3
2021-07-30 15:20:59.390,17197,17199,17199,1,1
2021-07-30 15:21:02.288,17197,17198,17198,4,4
2021-07-30 15:21:02.313,17198,17199,17199,1,1
2021-07-30 15:21:02.961,17198,17199,17199,2,2
2021-07-30 15:21:04.366,17198,17199,17199,1,1
2021-07-30 15:21:04.366,17198,17199,17199,4,4
2021-07-30 15:21:04.435,17199,17200,17200,1,1
2021-07-30 15:21:04.436,17199,17200,17200,1,1
2021-07-30 15:21:04.436,17199,17200,17200,1,1
2021-07-30 15:21:04.927,17199,17200,17200,1,1
2021-07-30 15:21:07.393,17198,17199,17199,1,1
2021-07-30 15:21:08.207,17198,17200,17198,1,-1
2021-07-30 15:21:08.257,17198,17200,17198,1,-1
2021-07-30 15:21:08.311,17198,17200,17200,1,1
2021-07-30 15:21:08.311,17198,17200,17200,1,1
2021-07-30 15:21:08.311,17198,17200,17200,1,1
2021-07-30 15:21:08.311,17198,17200,17200,1,1
2021-07-30 15:21:12.125,17199,17200,17199,1,-1
2021-07-30 15:21:14.194,17199,17200,17200,1,1
2021-07-30 15:21:14.194,17199,17200,17200,4,4
2021-07-30 15:21:14.194,17199,17200,17200,2,2
2021-07-30 15:21:14.195,17199,17200,17200,9,9
2021-07-30 15:21:14.195,17199,17200,17200,1,1
2021-07-30 15:21:14.195,17199,17200,17200,4,4
2021-07-30 15:21:14.195,17199,17200,17200,4,4
2021-07-30 15:21:14.195,17199,17200,17200,2,2
2021-07-30 15:21:14.195,17199,17200,17200,4,4
2021-07-30 15:21:14.195,17199,17200,17200,5,5
2021-07-30 15:21:14.195,17199,17200,17200,4,4
2021-07-30 15:21:14.195,17199,17200,17200,1,1
2021-07-30 15:21:14.195,17199,17200,17200,10,10
2021-07-30 15:21:14.333,17200,17201,17201,1,1
2021-07-30 15:21:14.333,17200,17201,17201,1,1
2021-07-30 15:21:14.333,17200,17201,17201,2,2
2021-07-30 15:21:14.639,17201,17202,17201,1,-1
2021-07-30 15:21:14.639,17201,17202,17200,11,-11
2021-07-30 15:21:14.709,17199,17200,17200,1,1
2021-07-30 15:21:14.739,17199,17200,17200,1,1
2021-07-30 15:21:14.741,17199,17200,17200,1,1
2021-07-30 15:21:14.857,17199,17200,17200,1,1
2021-07-30 15:21:15.882,17199,17200,17199,2,-2
2021-07-30 15:21:17.454,17198,17200,17200,1,1
2021-07-30 15:21:19.561,17199,17200,17199,1,-1
2021-07-30 15:21:19.685,17199,17200,17200,1,1
2021-07-30 15:21:19.685,17199,17200,17200,1,1
2021-07-30 15:21:19.685,17199,17200,17200,1,1
2021-07-30 15:21:19.686,17199,17200,17200,1,1
2021-07-30 15:21:19.686,17199,17200,17200,1,1
2021-07-30 15:21:21.133,17199,17200,17199,5,-5
2021-07-30 15:21:21.265,17198,17199,17199,2,2
2021-07-30 15:21:21.644,17198,17200,17200,2,2
2021-07-30 15:21:23.106,17199,17200,17200,4,4
2021-07-30 15:21:23.352,17199,17200,17199,1,-1
2021-07-30 15:21:25.264,17199,17200,17199,1,-1
2021-07-30 15:21:25.264,17199,17200,17199,2,-2
2021-07-30 15:21:33.140,17198,17199,17198,5,-5
2021-07-30 15:21:33.933,17197,17198,17197,16,-16
2021-07-30 15:21:33.934,17197,17198,17197,6,-6
2021-07-30 15:21:33.934,17197,17198,17197,2,-2
2021-07-30 15:21:33.934,17197,17198,17197,12,-12
2021-07-30 15:21:33.935,17197,17198,17196,1,-1
2021-07-30 15:21:33.935,17197,17198,17196,1,-1
2021-07-30 15:21:33.936,17197,17198,17196,1,-1
2021-07-30 15:21:33.976,17197,17198,17196,1,-1
2021-07-30 15:21:36.987,17195,17196,17195,1,-1
2021-07-30 15:21:37.060,17195,17196,17196,1,1
2021-07-30 15:21:37.060,17195,17196,17196,1,1
2021-07-30 15:21:37.060,17195,17196,17196,1,1
2021-07-30 15:21:37.264,17195,17196,17196,3,3
2021-07-30 15:21:37.329,17195,17196,17196,1,1
2021-07-30 15:21:40.544,17195,17197,17197,1,1
2021-07-30 15:21:40.789,17195,17197,17196,1,-1
2021-07-30 15:21:41.940,17196,17197,17197,1,1
2021-07-30 15:21:42.186,17196,17199,17196,1,-1
2021-07-30 15:21:43.331,17196,17197,17197,1,1
2021-07-30 15:21:43.982,17196,17199,17196,1,-1
2021-07-30 15:21:47.802,17196,17198,17196,1,-1
2021-07-30 15:21:48.600,17196,17198,17198,1,1
2021-07-30 15:21:48.685,17196,17199,17199,1,1
2021-07-30 15:21:49.962,17196,17199,17199,5,5
2021-07-30 15:21:51.638,17197,17198,17198,1,1
2021-07-30 15:21:52.203,17198,17199,17199,2,2
2021-07-30 15:21:53.843,17197,17199,17197,1,-1
2021-07-30 15:22:02.200,17198,17199,17198,1,1
2021-07-30 15:22:03.513,17197,17199,17197,1,-1
2021-07-30 15:22:05.964,17196,17199,17199,2,2
2021-07-30 15:22:07.370,17196,17199,17196,1,-1
2021-07-30 15:22:08.946,17196,17199,17196,1,-1
2021-07-30 15:22:09.351,17197,17198,17197,1,1
2021-07-30 15:22:09.475,17197,17198,17197,2,-2
2021-07-30 15:22:10.837,17196,17197,17196,1,-1
2021-07-30 15:22:11.012,17196,17197,17197,2,2
2021-07-30 15:22:11.012,17196,17197,17198,1,1
2021-07-30 15:22:11.755,17196,17197,17196,2,-2
2021-07-30 15:22:11.757,17196,17197,17196,5,-5
2021-07-30 15:22:11.868,17195,17197,17195,1,-1
2021-07-30 15:22:12.638,17195,17197,17197,2,2
2021-07-30 15:22:13.406,17195,17197,17195,1,-1
2021-07-30 15:22:14.524,17196,17197,17196,1,1
2021-07-30 15:22:15.121,17195,17196,17195,1,-1
2021-07-30 15:22:16.733,17196,17197,17196,1,1
2021-07-30 15:22:19.151,17195,17197,17195,1,-1
2021-07-30 15:22:19.185,17195,17197,17197,1,1
2021-07-30 15:22:19.185,17195,17197,17197,1,1
2021-07-30 15:22:19.185,17195,17197,17198,1,1
2021-07-30 15:22:19.185,17195,17197,17198,1,1
2021-07-30 15:22:19.185,17195,17197,17198,1,1
2021-07-30 15:22:19.186,17195,17197,17198,1,1
2021-07-30 15:22:19.186,17195,17197,17198,1,1
2021-07-30 15:22:19.186,17195,17197,17198,1,1
2021-07-30 15:22:19.187,17195,17197,17198,1,1
2021-07-30 15:22:19.187,17195,17197,17198,1,1
2021-07-30 15:22:19.187,17195,17197,17198,1,1
2021-07-30 15:22:19.187,17195,17197,17198,1,1
2021-07-30 15:22:20.817,17196,17198,17196,1,-1
2021-07-30 15:22:22.675,17195,17198,17198,1,1
2021-07-30 15:22:23.340,17195,17197,17195,1,-1
2021-07-30 15:22:25.247,17195,17197,17195,1,-1
2021-07-30 15:22:26.329,17195,17197,17195,1,-1
2021-07-30 15:22:27.578,17195,17197,17195,1,-1
2021-07-30 15:22:27.685,17195,17197,17197,1,1
2021-07-30 15:22:27.686,17195,17197,17197,1,1
2021-07-30 15:22:28.681,17196,17197,17196,1,-1
2021-07-30 15:22:32.084,17195,17197,17197,1,1
2021-07-30 15:22:34.380,17195,17196,17195,3,-3
2021-07-30 15:22:34.380,17195,17196,17195,12,-12
2021-07-30 15:22:34.380,17195,17196,17195,6,-6
2021-07-30 15:22:34.380,17195,17196,17195,7,-7
2021-07-30 15:22:34.380,17195,17196,17195,1,-1
2021-07-30 15:22:34.381,17195,17196,17195,2,-2
2021-07-30 15:22:34.381,17195,17196,17195,12,-12
2021-07-30 15:22:37.227,17194,17196,17194,1,-1
2021-07-30 15:22:37.537,17193,17196,17196,3,3
2021-07-30 15:22:39.215,17193,17196,17195,1,-1
2021-07-30 15:22:44.688,17194,17195,17195,1,1
2021-07-30 15:22:48.799,17194,17195,17194,3,-3
2021-07-30 15:22:48.900,17194,17195,17194,1,-1
2021-07-30 15:22:49.054,17193,17195,17195,3,3
2021-07-30 15:22:56.565,17193,17194,17193,1,-1
2021-07-30 15:22:57.049,17193,17194,17193,2,-2
2021-07-30 15:22:57.049,17193,17194,17193,1,-1
2021-07-30 15:22:57.050,17193,17194,17193,6,-6
2021-07-30 15:22:58.648,17192,17194,17194,5,5
2021-07-30 15:23:00.267,17194,17195,17194,1,-1
2021-07-30 15:23:00.313,17194,17195,17195,1,1
2021-07-30 15:23:00.582,17194,17195,17195,3,3
2021-07-30 15:23:01.961,17194,17196,17194,1,-1
2021-07-30 15:23:02.060,17194,17196,17196,1,1
2021-07-30 15:23:02.061,17194,17196,17196,1,1
2021-07-30 15:23:02.061,17194,17196,17196,1,1
2021-07-30 15:23:12.394,17193,17195,17195,1,1
2021-07-30 15:23:14.044,17193,17195,17195,8,8
2021-07-30 15:23:14.061,17193,17195,17195,1,1
2021-07-30 15:23:14.061,17193,17195,17195,1,1
2021-07-30 15:23:14.061,17193,17195,17196,1,1
2021-07-30 15:23:19.769,17194,17195,17194,1,-1
2021-07-30 15:23:20.047,17193,17195,17195,1,1
2021-07-30 15:23:20.060,17193,17195,17195,1,1
2021-07-30 15:23:20.245,17193,17194,17193,1,-1
2021-07-30 15:23:23.112,17193,17194,17193,3,-3
2021-07-30 15:23:23.139,17193,17194,17193,1,-1
2021-07-30 15:23:30.078,17192,17193,17192,1,-1
2021-07-30 15:23:30.398,17192,17193,17193,1,1
2021-07-30 15:23:30.611,17192,17194,17193,1,-1
2021-07-30 15:23:32.976,17193,17194,17193,1,-1
2021-07-30 15:23:33.060,17192,17194,17194,1,1
2021-07-30 15:23:33.060,17192,17194,17194,1,1
2021-07-30 15:23:33.060,17192,17194,17194,1,1
2021-07-30 15:23:33.061,17192,17194,17194,1,1
2021-07-30 15:23:37.491,17193,17194,17194,2,2
2021-07-30 15:23:43.002,17193,17194,17194,1,1
2021-07-30 15:23:43.061,17193,17194,17194,1,1
2021-07-30 15:23:43.061,17193,17194,17194,1,1
2021-07-30 15:23:43.235,17193,17194,17194,1,1
2021-07-30 15:23:43.945,17193,17195,17193,1,-1
2021-07-30 15:23:44.796,17194,17195,17194,1,1
2021-07-30 15:23:52.290,17193,17194,17194,1,1
2021-07-30 15:23:54.838,17194,17195,17195,2,2
2021-07-30 15:23:54.838,17194,17195,17195,1,1
2021-07-30 15:23:54.838,17194,17195,17195,1,1
2021-07-30 15:23:54.838,17194,17195,17195,4,4
2021-07-30 15:23:57.402,17195,17196,17196,1,1
2021-07-30 15:24:01.405,17195,17196,17196,16,16
2021-07-30 15:24:03.823,17195,17197,17196,1,-1
2021-07-30 15:24:09.864,17195,17196,17195,2,-2
2021-07-30 15:24:09.864,17195,17196,17195,1,-1
2021-07-30 15:24:09.970,17193,17195,17193,1,-1
2021-07-30 15:24:13.967,17193,17195,17195,1,1
2021-07-30 15:24:16.411,17194,17195,17195,1,1
2021-07-30 15:24:16.412,17194,17195,17195,2,2
2021-07-30 15:24:16.412,17194,17195,17195,2,2
2021-07-30 15:24:23.235,17195,17196,17195,1,-1
2021-07-30 15:24:25.367,17195,17196,17196,1,1
2021-07-30 15:24:25.853,17195,17197,17195,1,-1
2021-07-30 15:24:27.233,17195,17196,17196,1,1
2021-07-30 15:24:27.861,17195,17197,17197,1,1
2021-07-30 15:24:31.185,17196,17197,17197,1,1
2021-07-30 15:24:32.461,17196,17197,17196,1,-1
2021-07-30 15:24:34.057,17195,17197,17197,1,1
2021-07-30 15:24:38.650,17195,17197,17197,1,1
2021-07-30 15:24:44.049,17195,17197,17197,1,1
2021-07-30 15:24:46.095,17195,17197,17197,2,2
2021-07-30 15:24:49.642,17195,17197,17197,3,3
2021-07-30 15:24:49.642,17195,17197,17197,8,8
2021-07-30 15:24:49.771,17197,17198,17198,2,2
2021-07-30 15:24:49.771,17197,17198,17198,1,1
2021-07-30 15:24:49.772,17197,17198,17198,1,1
2021-07-30 15:24:49.772,17197,17198,17198,1,1
2021-07-30 15:24:49.772,17197,17198,17198,3,3
2021-07-30 15:24:53.183,17198,17199,17198,1,-1
2021-07-30 15:24:56.933,17198,17199,17199,16,16
2021-07-30 15:24:56.934,17198,17199,17199,1,1
2021-07-30 15:24:57.150,17199,17200,17200,1,1
2021-07-30 15:24:57.635,17199,17200,17200,3,3
2021-07-30 15:24:57.635,17199,17200,17200,30,30
2021-07-30 15:24:57.635,17199,17200,17200,1,1
2021-07-30 15:24:57.635,17199,17200,17200,1,1
2021-07-30 15:24:57.841,17201,17202,17202,1,1
2021-07-30 15:24:57.841,17201,17202,17202,1,1
2021-07-30 15:24:58.013,17201,17202,17202,2,2
2021-07-30 15:24:58.097,17201,17202,17202,1,1
2021-07-30 15:24:58.136,17201,17202,17202,1,1
2021-07-30 15:24:58.189,17201,17202,17202,1,1
2021-07-30 15:24:58.189,17201,17202,17202,1,1
2021-07-30 15:24:58.916,17201,17202,17202,1,1
2021-07-30 15:24:59.459,17201,17202,17202,1,1
2021-07-30 15:25:00.738,17201,17202,17201,1,-1
2021-07-30 15:25:00.966,17200,17201,17200,1,-1
2021-07-30 15:25:01.476,17198,17201,17201,1,1
2021-07-30 15:25:03.038,17199,17201,17201,1,1
2021-07-30 15:25:05.269,17199,17202,17202,1,1
2021-07-30 15:25:06.549,17199,17201,17199,3,-3
2021-07-30 15:25:07.880,17200,17201,17201,1,1
2021-07-30 15:25:07.895,17200,17201,17200,1,-1
2021-07-30 15:25:07.936,17198,17201,17201,1,1
2021-07-30 15:25:07.937,17198,17201,17201,1,1
2021-07-30 15:25:09.003,17198,17201,17200,2,-2
2021-07-30 15:25:09.003,17198,17201,17200,16,-16
2021-07-30 15:25:10.999,17198,17199,17199,1,1
2021-07-30 15:25:12.953,17198,17199,17198,1,-1
2021-07-30 15:25:14.084,17197,17198,17198,1,1
2021-07-30 15:25:15.089,17197,17198,17197,1,-1
2021-07-30 15:25:15.089,17197,17198,17197,1,-1
2021-07-30 15:25:15.676,17196,17197,17196,1,-1
2021-07-30 15:25:16.082,17195,17196,17196,1,1
2021-07-30 15:25:19.770,17195,17196,17195,3,-3
2021-07-30 15:25:24.634,17194,17195,17194,1,-1
2021-07-30 15:25:24.683,17194,17195,17194,1,-1
2021-07-30 15:25:25.921,17193,17194,17194,1,1
2021-07-30 15:25:26.032,17194,17195,17194,1,-1
2021-07-30 15:25:28.518,17193,17195,17194,1,-1
2021-07-30 15:25:28.560,17193,17195,17195,1,1
2021-07-30 15:25:29.193,17194,17195,17195,1,1
2021-07-30 15:25:29.324,17195,17196,17196,1,1
2021-07-30 15:25:29.325,17195,17196,17196,1,1
2021-07-30 15:25:29.325,17195,17196,17196,1,1
2021-07-30 15:25:34.926,17195,17197,17195,2,-2
2021-07-30 15:25:36.713,17196,17197,17196,1,1
2021-07-30 15:25:37.204,17196,17197,17196,3,-3
2021-07-30 15:25:37.310,17195,17197,17197,1,1
2021-07-30 15:25:37.310,17195,17197,17197,1,1
2021-07-30 15:25:40.817,17195,17198,17195,1,-1
2021-07-30 15:25:42.859,17195,17197,17197,2,2
2021-07-30 15:25:57.120,17196,17197,17197,1,1
2021-07-30 15:25:57.973,17197,17198,17198,1,1
2021-07-30 15:25:57.973,17197,17198,17198,1,1
2021-07-30 15:26:06.044,17198,17199,17198,1,-1
2021-07-30 15:26:07.528,17198,17199,17198,1,-1
2021-07-30 15:26:08.131,17197,17199,17199,4,4
2021-07-30 15:26:08.369,17197,17200,17200,1,1
2021-07-30 15:26:13.844,17197,17199,17199,1,1
2021-07-30 15:26:16.539,17197,17199,17199,1,1
2021-07-30 15:26:22.244,17199,17200,17200,1,1
2021-07-30 15:26:22.543,17199,17200,17199,1,-1
2021-07-30 15:26:22.980,17198,17200,17198,1,-1
2021-07-30 15:26:33.449,17199,17200,17199,1,1
2021-07-30 15:26:37.933,17198,17199,17199,1,1
2021-07-30 15:26:38.060,17198,17200,17200,1,1
2021-07-30 15:26:44.932,17198,17199,17198,1,-1
2021-07-30 15:26:51.231,17198,17199,17199,1,1
2021-07-30 15:26:58.615,17198,17199,17199,1,1
2021-07-30 15:26:58.615,17198,17199,17200,4,4
2021-07-30 15:27:03.089,17198,17200,17198,5,-5
2021-07-30 15:27:03.142,17198,17200,17198,1,-1
2021-07-30 15:27:09.663,17198,17199,17199,1,1
2021-07-30 15:27:18.459,17198,17199,17198,2,-2
2021-07-30 15:27:18.460,17198,17199,17198,2,-2
2021-07-30 15:27:23.282,17198,17199,17198,2,-2
2021-07-30 15:27:30.299,17197,17199,17199,1,1
2021-07-30 15:27:35.898,17198,17199,17199,1,1
2021-07-30 15:27:35.935,17198,17200,17200,1,1
2021-07-30 15:27:39.935,17198,17199,17198,1,-1
2021-07-30 15:27:42.358,17197,17199,17199,1,1
2021-07-30 15:27:43.799,17198,17199,17198,1,-1
2021-07-30 15:27:43.799,17198,17199,17198,1,-1
2021-07-30 15:27:45.013,17197,17198,17198,2,2
2021-07-30 15:27:47.887,17197,17198,17197,5,-5
2021-07-30 15:27:56.026,17196,17197,17197,1,1
2021-07-30 15:28:04.902,17196,17198,17198,3,3
2021-07-30 15:28:05.480,17196,17198,17198,2,2
2021-07-30 15:28:08.094,17196,17197,17196,2,-2
2021-07-30 15:28:08.213,17195,17197,17195,1,-1
2021-07-30 15:28:08.603,17195,17196,17195,1,-1
2021-07-30 15:28:11.161,17195,17196,17196,1,1
2021-07-30 15:28:19.705,17196,17197,17196,1,-1
2021-07-30 15:28:31.615,17195,17196,17195,2,-2
2021-07-30 15:28:31.615,17195,17196,17195,6,-6
2021-07-30 15:28:32.371,17194,17195,17194,2,-2
2021-07-30 15:28:32.371,17194,17195,17194,1,-1
2021-07-30 15:28:32.371,17194,17195,17194,1,-1
2021-07-30 15:28:32.371,17194,17195,17194,1,-1
2021-07-30 15:28:32.371,17194,17195,17194,1,-1
2021-07-30 15:28:32.435,17193,17194,17194,1,1
2021-07-30 15:28:32.436,17193,17194,17194,1,1
2021-07-30 15:28:32.436,17193,17194,17195,1,1
2021-07-30 15:28:34.226,17193,17194,17194,1,1
2021-07-30 15:28:34.226,17193,17194,17194,1,1
2021-07-30 15:28:35.119,17194,17195,17195,1,1
2021-07-30 15:28:48.683,17194,17195,17195,1,1
2021-07-30 15:28:52.637,17194,17195,17194,3,-3
2021-07-30 15:28:53.770,17193,17194,17193,2,-2
2021-07-30 15:28:53.770,17193,17194,17193,1,-1
2021-07-30 15:28:53.770,17193,17194,17193,1,-1
2021-07-30 15:28:59.547,17192,17193,17193,1,1
2021-07-30 15:28:59.550,17192,17193,17192,1,-1
2021-07-30 15:28:59.933,17192,17193,17192,1,-1
2021-07-30 15:29:00.092,17192,17193,17192,2,-2
2021-07-30 15:29:01.863,17192,17193,17192,1,-1
2021-07-30 15:29:02.151,17192,17193,17192,2,-2
2021-07-30 15:29:08.713,17191,17192,17191,1,-1
2021-07-30 15:29:08.751,17191,17192,17191,2,-2
2021-07-30 15:29:11.095,17191,17192,17191,2,-2
2021-07-30 15:29:11.183,17191,17192,17191,2,-2
2021-07-30 15:29:15.693,17190,17192,17192,1,1
2021-07-30 15:29:15.829,17191,17192,17192,2,2
2021-07-30 15:29:15.829,17191,17192,17192,2,2
2021-07-30 15:29:15.923,17191,17192,17193,3,3
2021-07-30 15:29:19.249,17192,17194,17192,8,-8
2021-07-30 15:29:19.249,17192,17194,17191,21,-21
2021-07-30 15:29:19.249,17192,17194,17190,21,-21
2021-07-30 15:29:25.427,17190,17191,17191,1,1
2021-07-30 15:29:25.602,17190,17192,17190,1,-1
2021-07-30 15:29:25.774,17190,17191,17190,2,-2
2021-07-30 15:29:27.480,17189,17192,17189,1,-1
2021-07-30 15:29:27.794,17189,17191,17189,1,-1
2021-07-30 15:29:30.335,17189,17191,17191,1,1
2021-07-30 15:29:37.801,17189,17190,17190,1,1
2021-07-30 15:29:38.486,17190,17191,17191,1,1
2021-07-30 15:29:38.486,17190,17191,17191,4,4
2021-07-30 15:29:38.486,17190,17191,17191,1,1
2021-07-30 15:29:39.236,17191,17193,17193,1,1
2021-07-30 15:29:39.363,17192,17194,17192,2,-2
2021-07-30 15:29:41.334,17191,17193,17193,1,1
2021-07-30 15:29:48.518,17190,17191,17190,1,-1
2021-07-30 15:29:50.004,17189,17190,17190,1,1
2021-07-30 15:29:50.625,17189,17190,17189,2,-2
2021-07-30 15:29:54.856,17188,17189,17188,2,-2
2021-07-30 15:29:54.856,17188,17189,17188,1,-1
2021-07-30 15:29:54.856,17188,17189,17188,4,-4
2021-07-30 15:29:54.857,17188,17189,17188,1,-1
2021-07-30 15:29:54.857,17188,17189,17188,3,-3
2021-07-30 15:29:55.458,17187,17189,17189,1,1
2021-07-30 15:29:58.055,17187,17188,17187,2,-2
2021-07-30 15:29:58.092,17186,17188,17186,1,-1
2021-07-30 15:29:58.096,17186,17188,17186,1,-1
2021-07-30 15:30:01.972,17187,17188,17188,1,1
2021-07-30 15:30:02.254,17187,17189,17189,2,2
2021-07-30 15:30:02.310,17187,17189,17189,1,1
2021-07-30 15:30:02.310,17187,17189,17189,1,1
2021-07-30 15:30:02.310,17187,17189,17189,1,1
2021-07-30 15:30:02.324,17187,17189,17187,3,-3
2021-07-30 15:30:02.329,17187,17189,17187,1,-1
2021-07-30 15:30:02.536,17187,17189,17189,1,1
2021-07-30 15:30:02.589,17187,17189,17189,1,1
2021-07-30 15:30:02.591,17187,17189,17189,1,1
2021-07-30 15:30:02.601,17187,17189,17189,4,4
2021-07-30 15:30:03.029,17187,17190,17190,1,1
2021-07-30 15:30:03.461,17187,17189,17187,1,-1
2021-07-30 15:30:05.866,17188,17189,17189,1,1
2021-07-30 15:30:05.867,17188,17189,17189,1,1
2021-07-30 15:30:05.963,17188,17190,17188,1,-1
2021-07-30 15:30:07.400,17187,17189,17188,1,-1
2021-07-30 15:30:10.017,17187,17188,17187,1,-1
2021-07-30 15:30:10.060,17186,17187,17186,3,-3
2021-07-30 15:30:10.061,17186,17187,17187,1,1
2021-07-30 15:30:10.062,17186,17187,17187,1,1
2021-07-30 15:30:10.063,17186,17187,17187,1,1
2021-07-30 15:30:10.064,17186,17187,17188,1,1
2021-07-30 15:30:11.633,17186,17188,17187,1,-1
2021-07-30 15:30:14.595,17186,17188,17188,9,9
2021-07-30 15:30:14.596,17186,17188,17189,1,1
2021-07-30 15:30:14.596,17186,17188,17188,1,1
2021-07-30 15:30:14.596,17186,17188,17188,20,20
2021-07-30 15:30:14.597,17186,17188,17188,7,7
2021-07-30 15:30:14.597,17186,17188,17188,3,3
2021-07-30 15:30:20.888,17190,17192,17192,1,1
2021-07-30 15:30:22.008,17192,17194,17193,1,1
2021-07-30 15:30:22.060,17192,17194,17194,1,1
2021-07-30 15:30:22.060,17192,17194,17194,1,1
2021-07-30 15:30:22.060,17192,17194,17195,1,1
2021-07-30 15:30:22.060,17192,17194,17195,1,1
2021-07-30 15:30:22.060,17192,17194,17195,1,1
2021-07-30 15:30:22.060,17192,17194,17195,1,1
2021-07-30 15:30:22.064,17192,17194,17195,1,1
2021-07-30 15:30:22.065,17192,17194,17195,1,1
2021-07-30 15:30:27.205,17193,17194,17193,2,-2
2021-07-30 15:30:27.475,17192,17194,17193,2,-2
2021-07-30 15:30:27.894,17193,17194,17194,1,1
2021-07-30 15:30:30.325,17193,17194,17193,1,-1
2021-07-30 15:30:30.436,17192,17194,17194,1,1
2021-07-30 15:30:30.436,17192,17194,17194,1,1
2021-07-30 15:30:30.436,17192,17194,17194,1,1
2021-07-30 15:30:33.538,17192,17193,17193,1,1
2021-07-30 15:30:34.765,17191,17193,17192,1,-1
2021-07-30 15:30:35.657,17192,17193,17192,2,-2
2021-07-30 15:30:37.678,17191,17192,17192,1,1
2021-07-30 15:30:37.858,17191,17192,17191,1,-1
2021-07-30 15:30:39.196,17190,17191,17191,1,1
2021-07-30 15:30:39.310,17190,17192,17192,1,1
2021-07-30 15:30:39.310,17190,17192,17192,1,1
2021-07-30 15:30:39.310,17190,17192,17192,1,1
2021-07-30 15:30:39.310,17190,17192,17192,1,1
2021-07-30 15:30:39.310,17190,17192,17192,1,1
2021-07-30 15:30:39.311,17190,17192,17193,1,1
2021-07-30 15:30:39.311,17190,17192,17193,1,1
2021-07-30 15:30:39.311,17190,17192,17193,1,1
2021-07-30 15:30:39.311,17190,17192,17193,1,1
2021-07-30 15:30:39.312,17190,17192,17193,1,1
2021-07-30 15:30:39.312,17190,17192,17193,1,1
2021-07-30 15:30:39.355,17190,17192,17191,1,-1
2021-07-30 15:30:42.084,17190,17191,17191,1,1
2021-07-30 15:30:43.976,17190,17192,17190,1,-1
2021-07-30 15:30:44.978,17190,17192,17192,1,1
2021-07-30 15:30:48.729,17189,17191,17191,1,1
2021-07-30 15:30:48.875,17189,17191,17190,1,-1
2021-07-30 15:30:49.430,17190,17191,17190,1,-1
2021-07-30 15:30:49.567,17189,17190,17190,1,1
2021-07-30 15:30:52.015,17189,17191,17190,1,-1
2021-07-30 15:30:52.106,17190,17191,17190,1,-1
2021-07-30 15:30:52.245,17189,17191,17191,1,1
2021-07-30 15:30:52.975,17189,17191,17190,1,-1
2021-07-30 15:30:53.967,17189,17191,17189,1,-1
2021-07-30 15:30:56.963,17189,17190,17190,3,3
2021-07-30 15:30:57.233,17189,17191,17189,2,-2
2021-07-30 15:30:57.787,17189,17191,17190,1,1
2021-07-30 15:30:58.943,17190,17191,17191,1,1
2021-07-30 15:31:01.579,17191,17192,17192,1,1
2021-07-30 15:31:01.579,17191,17192,17193,4,4
2021-07-30 15:31:04.643,17193,17194,17193,1,-1
2021-07-30 15:31:04.685,17192,17194,17194,1,1
2021-07-30 15:31:04.685,17192,17194,17195,1,1
2021-07-30 15:31:04.685,17192,17194,17195,1,1
2021-07-30 15:31:04.686,17192,17194,17195,1,1
2021-07-30 15:31:04.686,17192,17194,17195,1,1
2021-07-30 15:31:04.686,17192,17194,17195,1,1
2021-07-30 15:31:04.686,17192,17194,17195,1,1
2021-07-30 15:31:04.687,17192,17194,17195,1,1
2021-07-30 15:31:05.096,17193,17195,17193,2,-2
2021-07-30 15:31:12.700,17193,17194,17193,1,-1
2021-07-30 15:31:18.638,17192,17194,17193,2,-2
2021-07-30 15:31:18.685,17193,17194,17194,1,1
2021-07-30 15:31:18.685,17193,17194,17194,1,1
2021-07-30 15:31:18.685,17193,17194,17195,1,1
2021-07-30 15:31:18.687,17193,17194,17195,1,1
2021-07-30 15:31:22.703,17193,17195,17194,1,-1
2021-07-30 15:31:22.811,17192,17194,17194,1,1
2021-07-30 15:31:22.811,17192,17194,17194,1,1
2021-07-30 15:31:22.811,17192,17194,17194,1,1
2021-07-30 15:31:22.811,17192,17194,17195,1,1
2021-07-30 15:31:22.811,17192,17194,17195,1,1
2021-07-30 15:31:22.812,17192,17194,17195,1,1
2021-07-30 15:31:29.887,17193,17194,17194,1,1
2021-07-30 15:31:37.071,17194,17195,17195,4,4
2021-07-30 15:31:37.185,17194,17196,17196,1,1
2021-07-30 15:31:37.186,17194,17196,17196,1,1
2021-07-30 15:31:37.338,17194,17196,17196,2,2
2021-07-30 15:31:40.761,17194,17195,17195,1,1
2021-07-30 15:31:40.810,17194,17195,17195,1,1
2021-07-30 15:31:40.810,17194,17195,17195,1,1
2021-07-30 15:31:40.811,17194,17195,17195,1,1
2021-07-30 15:31:40.811,17194,17195,17196,1,1
2021-07-30 15:31:40.812,17194,17195,17196,1,1
2021-07-30 15:31:47.584,17195,17196,17196,1,1
2021-07-30 15:31:52.053,17195,17196,17195,1,-1
2021-07-30 15:31:52.108,17195,17196,17195,1,-1
2021-07-30 15:31:52.109,17195,17196,17195,1,-1
2021-07-30 15:31:54.956,17194,17195,17195,1,1
2021-07-30 15:31:56.310,17194,17196,17194,1,-1
2021-07-30 15:31:57.686,17194,17197,17195,1,1
2021-07-30 15:32:04.372,17195,17196,17195,3,-3
2021-07-30 15:32:04.438,17194,17196,17196,1,1
2021-07-30 15:32:04.438,17194,17196,17196,2,2
2021-07-30 15:32:04.438,17194,17196,17196,1,1
2021-07-30 15:32:04.438,17194,17196,17196,1,1
2021-07-30 15:32:04.551,17194,17196,17194,1,-1
2021-07-30 15:32:04.669,17194,17197,17197,1,1
2021-07-30 15:32:04.946,17194,17197,17197,1,1
2021-07-30 15:32:04.961,17194,17197,17197,1,1
2021-07-30 15:32:07.763,17195,17196,17195,2,-2
2021-07-30 15:32:07.810,17193,17196,17196,1,1
2021-07-30 15:32:07.810,17193,17196,17196,1,1
2021-07-30 15:32:07.812,17193,17196,17196,1,1
2021-07-30 15:32:10.346,17194,17195,17195,1,1
2021-07-30 15:32:10.435,17194,17196,17196,1,1
2021-07-30 15:32:10.435,17194,17196,17196,1,1
2021-07-30 15:32:10.435,17194,17196,17197,1,1
2021-07-30 15:32:10.437,17194,17196,17197,1,1
2021-07-30 15:32:10.437,17194,17196,17197,1,1
2021-07-30 15:32:10.437,17194,17196,17197,1,1
2021-07-30 15:32:16.821,17195,17197,17197,1,1
2021-07-30 15:32:16.821,17195,17197,17197,1,1
2021-07-30 15:32:16.821,17195,17197,17197,1,1
2021-07-30 15:32:16.935,17197,17198,17198,1,1
2021-07-30 15:32:16.935,17197,17198,17198,2,2
2021-07-30 15:32:16.935,17197,17198,17198,12,12
2021-07-30 15:32:16.936,17197,17198,17198,4,4
2021-07-30 15:32:18.088,17198,17199,17198,2,-2
2021-07-30 15:32:18.088,17198,17199,17197,1,-1
2021-07-30 15:32:18.185,17197,17199,17199,1,1
2021-07-30 15:32:18.185,17197,17199,17199,1,1
2021-07-30 15:32:18.185,17197,17199,17199,1,1
2021-07-30 15:32:18.186,17197,17199,17199,1,1
2021-07-30 15:32:18.186,17197,17199,17199,1,1
2021-07-30 15:32:23.074,17197,17199,17199,1,1
2021-07-30 15:32:27.394,17197,17199,17199,1,1
2021-07-30 15:32:29.163,17198,17199,17199,6,6
2021-07-30 15:32:29.183,17199,17200,17200,2,2
2021-07-30 15:32:29.185,17199,17200,17200,1,1
2021-07-30 15:32:29.186,17199,17200,17200,1,1
2021-07-30 15:32:29.186,17199,17200,17200,1,1
2021-07-30 15:32:29.204,17199,17200,17199,1,-1
2021-07-30 15:32:31.254,17199,17200,17200,5,5
2021-07-30 15:32:31.307,17199,17200,17200,2,2
2021-07-30 15:32:31.307,17199,17200,17200,4,4
2021-07-30 15:32:31.307,17199,17200,17200,9,9
2021-07-30 15:32:31.307,17199,17200,17200,2,2
2021-07-30 15:32:31.307,17199,17200,17200,7,7
2021-07-30 15:32:31.307,17199,17200,17200,2,2
2021-07-30 15:32:31.307,17199,17200,17200,14,14
2021-07-30 15:32:31.308,17199,17200,17200,3,3
2021-07-30 15:32:31.308,17199,17200,17200,1,1
2021-07-30 15:32:31.308,17199,17200,17200,5,5
2021-07-30 15:32:31.308,17199,17200,17200,1,1
2021-07-30 15:32:31.308,17199,17200,17200,3,3
2021-07-30 15:32:31.308,17199,17200,17200,1,1
2021-07-30 15:32:31.308,17199,17200,17200,1,1
2021-07-30 15:32:31.308,17199,17200,17200,1,1
2021-07-30 15:32:31.308,17199,17200,17200,1,1
2021-07-30 15:32:33.072,17200,17201,17200,1,-1
2021-07-30 15:32:34.655,17200,17201,17200,1,-1
2021-07-30 15:32:35.483,17199,17201,17201,1,1
2021-07-30 15:32:36.911,17199,17200,17199,1,-1
2021-07-30 15:32:36.912,17199,17200,17199,18,-18
2021-07-30 15:32:36.912,17199,17200,17199,13,-13
2021-07-30 15:32:37.582,17198,17199,17199,1,1
2021-07-30 15:32:37.685,17198,17199,17199,1,1
2021-07-30 15:32:38.087,17198,17199,17199,1,1
2021-07-30 15:32:38.232,17198,17199,17199,1,1
2021-07-30 15:32:39.566,17198,17199,17199,1,1
2021-07-30 15:32:42.024,17198,17199,17199,1,1
2021-07-30 15:32:46.758,17199,17200,17200,2,2
2021-07-30 15:32:46.758,17199,17200,17201,8,8
2021-07-30 15:32:48.710,17200,17201,17201,1,1
2021-07-30 15:32:49.117,17200,17202,17200,1,-1
2021-07-30 15:32:49.367,17200,17202,17200,1,-1
2021-07-30 15:32:49.465,17200,17202,17202,1,1
2021-07-30 15:32:49.663,17200,17202,17202,2,2
2021-07-30 15:32:49.687,17200,17202,17202,2,2
2021-07-30 15:32:49.738,17200,17202,17202,1,1
2021-07-30 15:32:49.772,17200,17202,17202,2,2
2021-07-30 15:32:49.904,17201,17202,17202,4,4
2021-07-30 15:32:49.943,17201,17202,17202,1,1
2021-07-30 15:32:49.943,17201,17202,17202,1,1
2021-07-30 15:32:50.007,17201,17202,17203,1,1
2021-07-30 15:32:50.292,17202,17203,17202,1,-1
2021-07-30 15:32:50.320,17202,17203,17203,2,2
2021-07-30 15:32:50.467,17202,17203,17203,1,1
2021-07-30 15:32:50.596,17202,17203,17203,1,1
2021-07-30 15:32:50.648,17202,17203,17203,1,1
2021-07-30 15:32:50.694,17202,17203,17202,1,-1
2021-07-30 15:32:50.768,17202,17203,17203,1,1
2021-07-30 15:32:50.769,17202,17203,17203,8,8
2021-07-30 15:32:52.254,17203,17204,17204,1,1
2021-07-30 15:32:53.393,17203,17204,17203,2,-2
2021-07-30 15:32:55.393,17203,17204,17204,1,1
2021-07-30 15:32:55.464,17203,17204,17204,1,1
2021-07-30 15:32:56.555,17203,17204,17204,2,2
2021-07-30 15:32:56.849,17203,17204,17204,1,1
2021-07-30 15:32:57.649,17203,17204,17204,2,2
2021-07-30 15:32:58.646,17203,17204,17204,1,1
2021-07-30 15:32:58.724,17203,17204,17204,1,1
2021-07-30 15:32:59.547,17203,17204,17203,1,-1
2021-07-30 15:33:00.004,17203,17204,17203,1,-1
