2024-03-29 15:00:00.096,20285,20286,20287,135,135
2024-03-29 15:00:00.108,20286,20287,20287,2,2
2024-03-29 15:00:00.170,20286,20287,20286,6,-6
2024-03-29 15:00:00.243,20286,20287,20287,1,1
2024-03-29 15:00:00.261,20286,20287,20287,1,1
2024-03-29 15:00:00.288,20285,20287,20287,1,1
2024-03-29 15:00:00.347,20285,20287,20285,1,-1
2024-03-29 15:00:00.451,20286,20288,20288,2,2
2024-03-29 15:00:00.489,20286,20288,20288,1,1
2024-03-29 15:00:00.608,20286,20288,20288,1,1
2024-03-29 15:00:00.609,20286,20288,20286,2,-2
2024-03-29 15:00:00.610,20286,20288,20288,4,4
2024-03-29 15:00:00.631,20286,20288,20288,1,1
2024-03-29 15:00:00.661,20285,20288,20288,2,2
2024-03-29 15:00:00.740,20285,20288,20288,5,5
2024-03-29 15:00:00.743,20285,20288,20288,5,5
2024-03-29 15:00:00.779,20285,20288,20285,2,-2
2024-03-29 15:00:00.883,20285,20288,20288,1,1
2024-03-29 15:00:01.007,20286,20288,20288,2,2
2024-03-29 15:00:01.155,20286,20288,20288,4,4
2024-03-29 15:00:01.155,20286,20288,20288,2,2
2024-03-29 15:00:01.155,20286,20288,20288,1,1
2024-03-29 15:00:01.180,20287,20289,20289,1,1
2024-03-29 15:00:01.186,20287,20289,20287,1,-1
2024-03-29 15:00:01.361,20287,20289,20289,1,1
2024-03-29 15:00:01.375,20287,20289,20289,6,6
2024-03-29 15:00:01.697,20287,20290,20289,1,1
2024-03-29 15:00:02.282,20287,20290,20288,1,-1
2024-03-29 15:00:02.732,20287,20289,20289,1,1
2024-03-29 15:00:02.732,20287,20289,20290,1,1
2024-03-29 15:00:03.114,20288,20290,20290,1,1
2024-03-29 15:00:03.590,20288,20289,20289,1,1
2024-03-29 15:00:03.673,20288,20290,20288,3,-3
2024-03-29 15:00:03.673,20288,20290,20287,2,-2
2024-03-29 15:00:05.228,20286,20287,20287,1,1
2024-03-29 15:00:05.616,20286,20288,20288,1,1
2024-03-29 15:00:05.728,20287,20289,20287,1,-1
2024-03-29 15:00:05.894,20286,20288,20286,1,-1
2024-03-29 15:00:06.020,20286,20289,20288,2,2
2024-03-29 15:00:06.021,20286,20289,20289,4,4
2024-03-29 15:00:06.022,20286,20289,20289,1,1
2024-03-29 15:00:06.023,20286,20289,20290,2,2
2024-03-29 15:00:06.088,20289,20291,20291,16,16
2024-03-29 15:00:06.089,20289,20291,20292,8,8
2024-03-29 15:00:06.090,20289,20291,20293,2,2
2024-03-29 15:00:06.092,20289,20291,20293,4,4
2024-03-29 15:00:06.213,20290,20292,20292,1,1
2024-03-29 15:00:06.230,20290,20292,20292,1,1
2024-03-29 15:00:06.264,20290,20292,20292,1,1
2024-03-29 15:00:06.366,20290,20292,20290,1,-1
2024-03-29 15:00:06.924,20289,20291,20291,2,2
2024-03-29 15:00:06.926,20289,20291,20291,1,1
2024-03-29 15:00:07.303,20289,20291,20291,1,1
2024-03-29 15:00:07.423,20290,20292,20290,1,-1
2024-03-29 15:00:07.622,20290,20292,20292,1,1
2024-03-29 15:00:09.024,20290,20292,20292,1,1
2024-03-29 15:00:09.088,20290,20292,20291,1,1
2024-03-29 15:00:09.660,20290,20292,20292,4,4
2024-03-29 15:00:10.442,20291,20292,20291,1,-1
2024-03-29 15:00:10.987,20290,20291,20291,1,1
2024-03-29 15:00:11.025,20290,20291,20291,1,1
2024-03-29 15:00:11.025,20290,20291,20292,1,1
2024-03-29 15:00:11.825,20290,20291,20290,1,-1
2024-03-29 15:00:11.826,20290,20291,20291,1,1
2024-03-29 15:00:11.826,20290,20291,20290,5,-5
2024-03-29 15:00:12.246,20289,20291,20289,2,-2
2024-03-29 15:00:12.506,20289,20291,20291,3,3
2024-03-29 15:00:13.172,20289,20291,20291,2,2
2024-03-29 15:00:13.868,20289,20290,20290,1,1
2024-03-29 15:00:14.137,20290,20291,20291,1,1
2024-03-29 15:00:14.571,20289,20291,20289,4,-4
2024-03-29 15:00:14.571,20289,20291,20288,1,-1
2024-03-29 15:00:16.871,20290,20291,20290,2,-2
2024-03-29 15:00:16.872,20290,20291,20290,4,-4
2024-03-29 15:00:16.872,20290,20291,20290,3,-3
2024-03-29 15:00:17.360,20289,20291,20291,1,1
2024-03-29 15:00:19.259,20289,20291,20291,1,1
2024-03-29 15:00:19.371,20289,20291,20289,4,-4
2024-03-29 15:00:24.050,20289,20290,20289,1,-1
2024-03-29 15:00:24.593,20289,20290,20290,1,1
2024-03-29 15:00:25.754,20290,20291,20290,1,-1
2024-03-29 15:00:25.764,20290,20291,20289,5,-5
2024-03-29 15:00:27.660,20290,20291,20290,1,-1
2024-03-29 15:00:28.847,20290,20291,20290,1,-1
2024-03-29 15:00:29.054,20290,20291,20290,1,-1
2024-03-29 15:00:29.868,20290,20291,20291,5,5
2024-03-29 15:00:30.533,20290,20291,20290,1,-1
2024-03-29 15:00:33.242,20290,20291,20291,2,2
2024-03-29 15:00:34.257,20290,20291,20290,4,-4
2024-03-29 15:00:34.316,20289,20291,20290,4,-4
2024-03-29 15:00:36.558,20290,20291,20291,4,4
2024-03-29 15:00:36.972,20290,20291,20290,1,-1
2024-03-29 15:00:38.968,20290,20291,20290,1,-1
2024-03-29 15:00:39.614,20290,20291,20290,2,-2
2024-03-29 15:00:41.689,20290,20291,20290,1,-1
2024-03-29 15:00:42.678,20290,20291,20290,1,-1
2024-03-29 15:00:44.400,20290,20291,20290,1,-1
2024-03-29 15:00:45.070,20289,20290,20290,1,1
2024-03-29 15:00:46.894,20290,20291,20291,1,1
2024-03-29 15:00:50.293,20290,20291,20291,9,9
2024-03-29 15:00:50.293,20290,20291,20292,29,29
2024-03-29 15:00:50.293,20290,20291,20293,19,19
2024-03-29 15:00:50.293,20290,20291,20294,27,27
2024-03-29 15:00:50.293,20290,20291,20295,16,16
2024-03-29 15:00:50.294,20290,20291,20292,1,1
2024-03-29 15:00:50.323,20290,20291,20292,2,2
2024-03-29 15:00:50.324,20290,20291,20291,1,1
2024-03-29 15:00:50.340,20290,20291,20293,1,1
2024-03-29 15:00:50.436,20291,20293,20291,1,-1
2024-03-29 15:00:50.436,20291,20293,20293,1,1
2024-03-29 15:00:50.525,20291,20293,20294,1,1
2024-03-29 15:00:50.560,20292,20294,20294,7,7
2024-03-29 15:00:50.560,20292,20294,20295,6,6
2024-03-29 15:00:50.564,20292,20294,20293,2,2
2024-03-29 15:00:52.254,20292,20293,20292,1,-1
2024-03-29 15:00:52.630,20292,20293,20292,2,-2
2024-03-29 15:00:52.661,20292,20293,20293,1,1
2024-03-29 15:00:56.344,20293,20294,20293,1,-1
2024-03-29 15:00:57.736,20293,20294,20293,1,-1
2024-03-29 15:00:58.674,20293,20294,20294,1,1
2024-03-29 15:00:58.674,20293,20294,20294,1,1
2024-03-29 15:00:58.860,20293,20295,20293,1,-1
2024-03-29 15:00:59.164,20295,20296,20295,4,-4
2024-03-29 15:00:59.529,20294,20296,20294,1,-1
2024-03-29 15:00:59.536,20294,20295,20294,1,-1
2024-03-29 15:00:59.992,20294,20296,20296,1,1
2024-03-29 15:01:00.006,20294,20296,20296,1,1
2024-03-29 15:01:00.007,20294,20296,20296,1,1
2024-03-29 15:01:00.357,20295,20296,20295,1,-1
2024-03-29 15:01:00.745,20294,20296,20295,1,-1
2024-03-29 15:01:01.010,20294,20296,20296,1,1
2024-03-29 15:01:01.011,20294,20296,20296,9,9
2024-03-29 15:01:03.063,20294,20296,20296,1,1
2024-03-29 15:01:03.668,20294,20296,20296,2,2
2024-03-29 15:01:03.942,20295,20297,20297,2,2
2024-03-29 15:01:04.171,20295,20297,20297,1,1
2024-03-29 15:01:06.060,20295,20297,20297,4,4
2024-03-29 15:01:06.812,20295,20297,20297,1,1
2024-03-29 15:01:06.884,20295,20297,20297,1,1
2024-03-29 15:01:08.696,20296,20297,20296,1,-1
2024-03-29 15:01:09.343,20296,20297,20297,3,3
2024-03-29 15:01:09.343,20296,20297,20298,41,41
2024-03-29 15:01:10.297,20297,20298,20297,1,-1
2024-03-29 15:01:10.995,20296,20298,20298,1,1
2024-03-29 15:01:11.898,20297,20298,20298,2,2
2024-03-29 15:01:12.182,20297,20298,20298,1,1
2024-03-29 15:01:12.480,20297,20298,20298,2,2
2024-03-29 15:01:14.467,20297,20298,20298,2,2
2024-03-29 15:01:14.647,20297,20298,20298,1,1
2024-03-29 15:01:15.204,20297,20298,20298,12,12
2024-03-29 15:01:17.611,20297,20298,20298,1,1
2024-03-29 15:01:17.778,20297,20298,20298,18,18
2024-03-29 15:01:17.778,20297,20298,20298,2,2
2024-03-29 15:01:18.971,20298,20299,20299,1,1
2024-03-29 15:01:19.038,20298,20299,20299,1,1
2024-03-29 15:01:19.039,20298,20299,20299,1,1
2024-03-29 15:01:19.060,20298,20299,20299,2,2
2024-03-29 15:01:19.066,20298,20299,20299,5,5
2024-03-29 15:01:19.066,20298,20299,20300,3,3
2024-03-29 15:01:19.080,20298,20299,20300,8,8
2024-03-29 15:01:19.081,20298,20299,20300,1,1
2024-03-29 15:01:19.082,20298,20299,20300,1,1
2024-03-29 15:01:19.088,20298,20299,20299,1,1
2024-03-29 15:01:19.100,20298,20299,20300,3,3
2024-03-29 15:01:19.108,20298,20299,20300,2,2
2024-03-29 15:01:19.114,20298,20299,20300,1,1
2024-03-29 15:01:19.122,20298,20299,20300,1,1
2024-03-29 15:01:19.122,20298,20299,20301,1,1
2024-03-29 15:01:19.125,20298,20299,20301,1,1
2024-03-29 15:01:19.142,20298,20299,20301,2,2
2024-03-29 15:01:19.150,20298,20299,20301,1,1
2024-03-29 15:01:19.165,20299,20301,20301,2,2
2024-03-29 15:01:19.166,20299,20301,20301,1,1
2024-03-29 15:01:19.171,20299,20301,20301,1,1
2024-03-29 15:01:19.173,20299,20301,20301,1,1
2024-03-29 15:01:19.183,20299,20301,20301,1,1
2024-03-29 15:01:19.183,20299,20301,20302,2,2
2024-03-29 15:01:19.184,20299,20301,20302,1,1
2024-03-29 15:01:19.184,20299,20301,20301,1,1
2024-03-29 15:01:19.184,20299,20301,20301,2,2
2024-03-29 15:01:19.187,20299,20301,20303,5,5
2024-03-29 15:01:19.187,20299,20301,20304,5,5
2024-03-29 15:01:19.187,20299,20301,20301,1,1
2024-03-29 15:01:19.188,20299,20301,20303,2,2
2024-03-29 15:01:19.188,20299,20301,20304,1,1
2024-03-29 15:01:19.189,20299,20301,20305,5,5
2024-03-29 15:01:19.190,20299,20301,20303,2,2
2024-03-29 15:01:19.191,20299,20301,20306,1,1
2024-03-29 15:01:19.195,20299,20301,20306,1,1
2024-03-29 15:01:19.207,20299,20301,20306,4,4
2024-03-29 15:01:19.208,20299,20301,20304,1,1
2024-03-29 15:01:19.209,20299,20301,20307,1,1
2024-03-29 15:01:19.228,20299,20301,20305,2,2
2024-03-29 15:01:19.245,20299,20301,20307,1,1
2024-03-29 15:01:19.252,20299,20301,20305,1,1
2024-03-29 15:01:19.255,20299,20301,20307,3,3
2024-03-29 15:01:19.276,20299,20301,20307,2,2
2024-03-29 15:01:19.310,20304,20307,20307,6,6
2024-03-29 15:01:19.321,20304,20307,20308,1,1
2024-03-29 15:01:19.323,20304,20307,20308,1,1
2024-03-29 15:01:19.323,20304,20307,20308,1,1
2024-03-29 15:01:19.323,20304,20307,20308,1,1
2024-03-29 15:01:19.333,20304,20307,20306,1,1
2024-03-29 15:01:19.333,20304,20307,20308,3,3
2024-03-29 15:01:19.333,20304,20307,20308,1,1
2024-03-29 15:01:19.338,20304,20307,20310,1,1
2024-03-29 15:01:19.339,20304,20307,20310,1,1
2024-03-29 15:01:19.340,20304,20307,20310,5,5
2024-03-29 15:01:19.341,20304,20307,20311,5,5
2024-03-29 15:01:19.351,20304,20307,20311,1,1
2024-03-29 15:01:19.351,20304,20307,20311,2,2
2024-03-29 15:01:19.352,20304,20307,20311,2,2
2024-03-29 15:01:19.358,20304,20307,20311,4,4
2024-03-29 15:01:19.358,20304,20307,20312,1,1
2024-03-29 15:01:19.362,20304,20307,20312,1,1
2024-03-29 15:01:19.367,20304,20307,20312,1,1
2024-03-29 15:01:19.371,20304,20307,20313,1,1
2024-03-29 15:01:19.372,20304,20307,20313,1,1
2024-03-29 15:01:19.378,20304,20307,20315,2,2
2024-03-29 15:01:19.396,20304,20307,20315,3,3
2024-03-29 15:01:19.396,20304,20307,20316,2,2
2024-03-29 15:01:19.401,20304,20307,20316,1,1
2024-03-29 15:01:19.407,20304,20307,20316,1,1
2024-03-29 15:01:19.410,20314,20316,20316,1,1
2024-03-29 15:01:19.415,20314,20316,20314,1,-1
2024-03-29 15:01:19.416,20314,20316,20314,1,-1
2024-03-29 15:01:19.416,20314,20316,20314,1,-1
2024-03-29 15:01:19.416,20314,20316,20314,1,-1
2024-03-29 15:01:19.417,20314,20316,20314,1,-1
2024-03-29 15:01:19.417,20314,20316,20314,1,-1
2024-03-29 15:01:19.417,20314,20316,20314,1,-1
2024-03-29 15:01:19.417,20314,20316,20314,1,-1
2024-03-29 15:01:19.433,20314,20316,20316,1,1
2024-03-29 15:01:19.447,20314,20316,20317,1,1
2024-03-29 15:01:19.447,20314,20316,20316,2,2
2024-03-29 15:01:19.455,20314,20316,20316,1,1
2024-03-29 15:01:19.455,20314,20316,20317,1,1
2024-03-29 15:01:19.464,20314,20316,20317,3,3
2024-03-29 15:01:19.464,20314,20316,20317,1,1
2024-03-29 15:01:19.467,20314,20316,20318,3,3
2024-03-29 15:01:19.467,20314,20316,20319,5,5
2024-03-29 15:01:19.484,20314,20316,20319,1,1
2024-03-29 15:01:19.484,20314,20316,20319,2,2
2024-03-29 15:01:19.491,20314,20316,20319,1,1
2024-03-29 15:01:19.506,20314,20316,20319,1,1
2024-03-29 15:01:19.506,20314,20316,20319,2,2
2024-03-29 15:01:19.516,20314,20316,20319,1,1
2024-03-29 15:01:19.516,20314,20316,20320,1,1
2024-03-29 15:01:19.526,20314,20316,20321,1,1
2024-03-29 15:01:19.528,20314,20316,20322,1,1
2024-03-29 15:01:19.530,20314,20316,20322,1,1
2024-03-29 15:01:19.533,20314,20316,20322,2,2
2024-03-29 15:01:19.537,20319,20322,20322,1,1
2024-03-29 15:01:19.543,20319,20322,20323,2,2
2024-03-29 15:01:19.544,20319,20322,20323,1,1
2024-03-29 15:01:19.551,20319,20322,20324,2,2
2024-03-29 15:01:19.552,20319,20322,20324,2,2
2024-03-29 15:01:19.552,20319,20322,20325,3,3
2024-03-29 15:01:19.557,20319,20322,20326,1,1
2024-03-29 15:01:19.559,20319,20322,20326,1,1
2024-03-29 15:01:19.561,20319,20322,20327,1,1
2024-03-29 15:01:19.562,20319,20322,20327,1,1
2024-03-29 15:01:19.563,20319,20322,20327,1,1
2024-03-29 15:01:19.565,20319,20322,20319,1,-1
2024-03-29 15:01:19.568,20319,20322,20327,2,2
2024-03-29 15:01:19.568,20319,20322,20328,1,1
2024-03-29 15:01:19.578,20319,20322,20328,1,1
2024-03-29 15:01:19.586,20319,20322,20329,1,1
2024-03-29 15:01:19.587,20319,20322,20329,1,1
2024-03-29 15:01:19.592,20319,20322,20329,1,1
2024-03-29 15:01:19.594,20319,20322,20329,2,2
2024-03-29 15:01:19.602,20319,20322,20330,1,1
2024-03-29 15:01:19.603,20319,20322,20330,1,1
2024-03-29 15:01:19.610,20319,20322,20330,2,2
2024-03-29 15:01:19.616,20319,20322,20331,3,3
2024-03-29 15:01:19.628,20319,20322,20331,1,1
2024-03-29 15:01:19.629,20319,20322,20320,2,-2
2024-03-29 15:01:19.636,20319,20322,20331,1,1
2024-03-29 15:01:19.665,20319,20331,20321,1,-1
2024-03-29 15:01:19.670,20319,20331,20325,1,-1
2024-03-29 15:01:19.671,20319,20331,20330,1,1
2024-03-29 15:01:19.671,20319,20331,20331,4,4
2024-03-29 15:01:19.688,20319,20331,20333,5,5
2024-03-29 15:01:19.688,20319,20331,20333,2,2
2024-03-29 15:01:19.697,20319,20331,20334,1,1
2024-03-29 15:01:19.702,20319,20331,20334,2,2
2024-03-29 15:01:19.726,20319,20331,20325,1,1
2024-03-29 15:01:19.726,20319,20331,20334,1,1
2024-03-29 15:01:19.726,20319,20331,20335,2,2
2024-03-29 15:01:19.737,20319,20331,20335,1,1
2024-03-29 15:01:19.741,20319,20331,20335,2,2
2024-03-29 15:01:19.746,20319,20331,20325,1,1
2024-03-29 15:01:19.747,20319,20331,20337,1,1
2024-03-29 15:01:19.748,20319,20331,20337,4,4
2024-03-29 15:01:19.748,20319,20331,20338,1,1
2024-03-29 15:01:19.748,20319,20331,20340,1,1
2024-03-29 15:01:19.769,20319,20331,20340,1,1
2024-03-29 15:01:19.769,20319,20331,20341,1,1
2024-03-29 15:01:19.797,20325,20341,20341,4,4
2024-03-29 15:01:19.797,20325,20341,20343,1,1
2024-03-29 15:01:19.807,20325,20341,20326,1,-1
2024-03-29 15:01:19.838,20325,20341,20344,1,1
2024-03-29 15:01:19.860,20325,20341,20344,2,2
2024-03-29 15:01:19.864,20325,20341,20345,2,2
2024-03-29 15:01:19.892,20325,20341,20345,1,1
2024-03-29 15:01:19.904,20325,20341,20345,2,2
2024-03-29 15:01:19.914,20326,20346,20336,1,1
2024-03-29 15:01:19.914,20326,20346,20326,1,-1
2024-03-29 15:01:19.915,20326,20346,20326,1,-1
2024-03-29 15:01:19.918,20326,20346,20346,2,2
2024-03-29 15:01:19.929,20326,20346,20347,1,1
2024-03-29 15:01:19.930,20326,20346,20339,1,1
2024-03-29 15:01:19.949,20326,20346,20347,3,3
2024-03-29 15:01:20.082,20336,20347,20341,4,-4
2024-03-29 15:01:20.086,20336,20347,20347,2,2
2024-03-29 15:01:20.098,20336,20347,20341,4,-4
2024-03-29 15:01:20.104,20336,20347,20343,2,2
2024-03-29 15:01:20.105,20336,20347,20344,2,2
2024-03-29 15:01:20.109,20336,20347,20344,2,2
2024-03-29 15:01:20.146,20336,20347,20341,2,-2
2024-03-29 15:01:20.146,20336,20347,20344,1,1
2024-03-29 15:01:20.162,20338,20343,20343,2,2
2024-03-29 15:01:20.167,20338,20343,20340,1,-1
2024-03-29 15:01:20.189,20338,20343,20341,3,3
2024-03-29 15:01:20.190,20338,20343,20342,2,2
2024-03-29 15:01:20.190,20338,20343,20341,2,2
2024-03-29 15:01:20.190,20338,20343,20342,3,3
2024-03-29 15:01:20.191,20338,20343,20342,2,2
2024-03-29 15:01:20.191,20338,20343,20341,1,1
2024-03-29 15:01:20.192,20338,20343,20341,3,3
2024-03-29 15:01:20.214,20338,20343,20342,2,2
2024-03-29 15:01:20.214,20338,20343,20344,1,1
2024-03-29 15:01:20.214,20338,20343,20344,1,1
2024-03-29 15:01:20.219,20338,20343,20341,1,1
2024-03-29 15:01:20.222,20338,20343,20341,3,3
2024-03-29 15:01:20.224,20338,20343,20342,2,2
2024-03-29 15:01:20.224,20338,20343,20340,2,-2
2024-03-29 15:01:20.280,20338,20343,20341,1,1
2024-03-29 15:01:20.290,20341,20343,20341,1,-1
2024-03-29 15:01:20.291,20341,20343,20341,1,-1
2024-03-29 15:01:20.295,20341,20343,20339,1,-1
2024-03-29 15:01:20.295,20341,20343,20340,7,-7
2024-03-29 15:01:20.295,20341,20343,20341,4,-4
2024-03-29 15:01:20.295,20341,20343,20342,4,-4
2024-03-29 15:01:20.295,20341,20343,20342,1,-1
2024-03-29 15:01:20.296,20341,20343,20337,1,-1
2024-03-29 15:01:20.296,20341,20343,20338,1,-1
2024-03-29 15:01:20.298,20341,20343,20338,2,-2
2024-03-29 15:01:20.298,20341,20343,20338,1,-1
2024-03-29 15:01:20.300,20341,20343,20338,3,-3
2024-03-29 15:01:20.300,20341,20343,20342,9,-9
2024-03-29 15:01:20.342,20341,20343,20335,1,-1
2024-03-29 15:01:20.342,20341,20343,20335,2,-2
2024-03-29 15:01:20.342,20341,20343,20334,1,-1
2024-03-29 15:01:20.342,20341,20343,20334,1,-1
2024-03-29 15:01:20.343,20341,20343,20334,2,-2
2024-03-29 15:01:20.364,20341,20343,20343,1,1
2024-03-29 15:01:20.371,20341,20343,20336,2,-2
2024-03-29 15:01:20.375,20341,20343,20343,1,1
2024-03-29 15:01:20.380,20341,20343,20343,1,1
2024-03-29 15:01:20.381,20341,20343,20343,1,1
2024-03-29 15:01:20.389,20341,20343,20335,3,-3
2024-03-29 15:01:20.389,20341,20343,20335,3,-3
2024-03-29 15:01:20.390,20341,20343,20335,3,-3
2024-03-29 15:01:20.400,20341,20343,20335,3,-3
2024-03-29 15:01:20.403,20341,20343,20330,1,-1
2024-03-29 15:01:20.403,20341,20343,20330,1,-1
2024-03-29 15:01:20.415,20327,20328,20328,1,1
2024-03-29 15:01:20.429,20327,20328,20328,1,1
2024-03-29 15:01:20.446,20327,20328,20328,1,1
2024-03-29 15:01:20.447,20327,20328,20328,1,1
2024-03-29 15:01:20.455,20327,20328,20328,2,2
2024-03-29 15:01:20.469,20327,20328,20328,1,1
2024-03-29 15:01:20.473,20327,20328,20327,16,-16
2024-03-29 15:01:20.477,20327,20328,20325,4,-4
2024-03-29 15:01:20.477,20327,20328,20326,4,-4
2024-03-29 15:01:20.477,20327,20328,20327,1,-1
2024-03-29 15:01:20.483,20327,20328,20327,1,-1
2024-03-29 15:01:20.483,20327,20328,20327,4,-4
2024-03-29 15:01:20.483,20327,20328,20327,1,-1
2024-03-29 15:01:20.514,20327,20328,20325,1,-1
2024-03-29 15:01:20.523,20327,20328,20328,1,1
2024-03-29 15:01:20.644,20323,20328,20328,2,2
2024-03-29 15:01:20.795,20324,20327,20324,2,-2
2024-03-29 15:01:20.800,20324,20327,20324,5,-5
2024-03-29 15:01:20.800,20324,20327,20323,2,-2
2024-03-29 15:01:20.904,20324,20327,20326,2,2
2024-03-29 15:01:20.904,20324,20327,20326,1,1
2024-03-29 15:01:20.905,20324,20327,20326,2,2
2024-03-29 15:01:20.905,20324,20327,20323,1,-1
2024-03-29 15:01:20.905,20324,20327,20326,1,1
2024-03-29 15:01:20.905,20324,20327,20326,1,1
2024-03-29 15:01:21.069,20322,20326,20325,1,1
2024-03-29 15:01:21.167,20320,20325,20325,1,1
2024-03-29 15:01:21.212,20320,20325,20319,1,-1
2024-03-29 15:01:21.215,20320,20325,20319,1,-1
2024-03-29 15:01:21.220,20320,20325,20321,1,-1
2024-03-29 15:01:21.319,20316,20321,20316,1,-1
2024-03-29 15:01:21.365,20316,20321,20316,1,-1
2024-03-29 15:01:21.420,20305,20311,20305,5,-5
2024-03-29 15:01:21.420,20305,20311,20304,1,-1
2024-03-29 15:01:21.449,20305,20311,20303,3,-3
2024-03-29 15:01:21.470,20305,20311,20303,4,-4
2024-03-29 15:01:21.486,20305,20311,20302,1,-1
2024-03-29 15:01:21.509,20305,20311,20305,2,-2
2024-03-29 15:01:21.512,20305,20311,20305,3,-3
2024-03-29 15:01:21.512,20305,20311,20304,4,-4
2024-03-29 15:01:21.512,20305,20311,20303,3,-3
2024-03-29 15:01:21.512,20305,20311,20302,2,-2
2024-03-29 15:01:21.619,20303,20307,20303,1,-1
2024-03-29 15:01:21.619,20303,20307,20302,1,-1
2024-03-29 15:01:21.621,20303,20307,20306,1,1
2024-03-29 15:01:21.622,20303,20307,20307,5,5
2024-03-29 15:01:21.623,20303,20307,20308,5,5
2024-03-29 15:01:21.693,20308,20311,20308,2,-2
2024-03-29 15:01:21.693,20308,20311,20309,1,-1
2024-03-29 15:01:21.695,20308,20311,20307,2,-2
2024-03-29 15:01:21.695,20308,20311,20306,3,-3
2024-03-29 15:01:21.695,20308,20311,20305,2,-2
2024-03-29 15:01:21.749,20308,20311,20305,1,-1
2024-03-29 15:01:21.749,20308,20311,20304,1,-1
2024-03-29 15:01:21.769,20308,20311,20311,1,1
2024-03-29 15:01:21.971,20304,20311,20311,3,3
2024-03-29 15:01:21.971,20304,20311,20312,2,2
2024-03-29 15:01:22.269,20305,20312,20305,2,-2
2024-03-29 15:01:22.269,20305,20312,20304,2,-2
2024-03-29 15:01:22.331,20304,20308,20307,1,1
2024-03-29 15:01:22.344,20304,20308,20307,2,2
2024-03-29 15:01:22.429,20305,20308,20307,1,1
2024-03-29 15:01:22.432,20305,20308,20307,3,3
2024-03-29 15:01:22.435,20305,20308,20307,5,5
2024-03-29 15:01:22.505,20305,20308,20308,6,6
2024-03-29 15:01:22.914,20306,20308,20308,1,1
2024-03-29 15:01:22.923,20306,20308,20308,1,1
2024-03-29 15:01:22.923,20306,20308,20309,1,1
2024-03-29 15:01:22.926,20306,20308,20306,4,-4
2024-03-29 15:01:22.930,20306,20308,20309,5,5
2024-03-29 15:01:22.945,20306,20308,20306,2,-2
2024-03-29 15:01:22.963,20306,20308,20308,1,1
2024-03-29 15:01:23.042,20305,20308,20308,1,1
2024-03-29 15:01:23.057,20305,20308,20305,2,-2
2024-03-29 15:01:23.058,20305,20308,20308,1,1
2024-03-29 15:01:23.113,20305,20308,20308,1,1
2024-03-29 15:01:23.174,20305,20308,20308,1,1
2024-03-29 15:01:23.185,20305,20308,20309,1,1
2024-03-29 15:01:23.295,20307,20310,20310,1,1
2024-03-29 15:01:23.681,20306,20310,20306,1,-1
2024-03-29 15:01:24.018,20306,20309,20306,1,-1
2024-03-29 15:01:24.184,20306,20309,20306,3,-3
2024-03-29 15:01:24.185,20306,20309,20305,3,-3
2024-03-29 15:01:24.185,20306,20309,20305,3,-3
2024-03-29 15:01:24.603,20305,20307,20307,1,1
2024-03-29 15:01:25.018,20305,20307,20305,1,-1
2024-03-29 15:01:25.058,20304,20307,20307,2,2
2024-03-29 15:01:25.058,20304,20307,20308,3,3
2024-03-29 15:01:25.243,20306,20309,20306,1,-1
2024-03-29 15:01:25.347,20306,20308,20306,1,-1
2024-03-29 15:01:25.646,20305,20308,20307,1,1
2024-03-29 15:01:25.782,20304,20307,20305,1,-1
2024-03-29 15:01:26.272,20304,20307,20307,1,1
2024-03-29 15:01:26.272,20304,20307,20308,3,3
2024-03-29 15:01:26.310,20305,20308,20306,1,-1
2024-03-29 15:01:26.368,20305,20308,20305,1,-1
2024-03-29 15:01:27.657,20306,20307,20307,1,1
2024-03-29 15:01:27.657,20306,20307,20308,1,1
2024-03-29 15:01:27.663,20306,20308,20308,1,1
2024-03-29 15:01:27.683,20306,20308,20306,1,-1
2024-03-29 15:01:27.861,20305,20307,20305,2,-2
2024-03-29 15:01:27.936,20304,20305,20305,4,4
2024-03-29 15:01:28.679,20306,20307,20306,1,-1
2024-03-29 15:01:28.713,20306,20307,20304,1,-1
2024-03-29 15:01:28.713,20306,20307,20305,1,-1
2024-03-29 15:01:28.827,20304,20307,20307,1,1
2024-03-29 15:01:29.679,20305,20307,20305,1,-1
2024-03-29 15:01:30.358,20305,20307,20305,1,-1
2024-03-29 15:01:30.969,20305,20307,20305,2,-2
2024-03-29 15:01:30.969,20305,20307,20304,1,-1
2024-03-29 15:01:31.733,20304,20307,20307,1,1
2024-03-29 15:01:32.113,20305,20307,20305,1,-1
2024-03-29 15:01:32.984,20305,20306,20306,1,1
2024-03-29 15:01:33.072,20305,20306,20306,3,3
2024-03-29 15:01:33.488,20305,20306,20306,6,6
2024-03-29 15:01:33.757,20305,20307,20307,5,5
2024-03-29 15:01:33.757,20305,20307,20307,10,10
2024-03-29 15:01:33.918,20307,20308,20307,1,-1
2024-03-29 15:01:34.119,20307,20308,20308,6,6
2024-03-29 15:01:34.524,20307,20310,20310,2,2
2024-03-29 15:01:34.525,20307,20310,20310,3,3
2024-03-29 15:01:34.534,20307,20310,20311,2,2
2024-03-29 15:01:34.535,20308,20311,20311,4,4
2024-03-29 15:01:34.778,20309,20312,20312,1,1
2024-03-29 15:01:36.838,20311,20313,20311,2,-2
2024-03-29 15:01:38.083,20311,20312,20312,1,1
2024-03-29 15:01:38.083,20311,20312,20313,3,3
2024-03-29 15:01:38.423,20312,20313,20313,1,1
2024-03-29 15:01:38.627,20312,20313,20312,1,-1
2024-03-29 15:01:39.054,20312,20313,20313,1,1
2024-03-29 15:01:39.054,20312,20313,20314,1,1
2024-03-29 15:01:39.657,20313,20314,20313,1,-1
2024-03-29 15:01:39.939,20312,20314,20314,2,2
2024-03-29 15:01:39.939,20312,20314,20315,3,3
2024-03-29 15:01:39.939,20312,20314,20316,4,4
2024-03-29 15:01:39.939,20312,20314,20317,14,14
2024-03-29 15:01:39.939,20312,20314,20318,4,4
2024-03-29 15:01:39.939,20312,20314,20319,3,3
2024-03-29 15:01:39.939,20312,20314,20320,7,7
2024-03-29 15:01:39.939,20312,20314,20321,14,14
2024-03-29 15:01:39.939,20312,20314,20322,5,5
2024-03-29 15:01:39.939,20312,20314,20323,2,2
2024-03-29 15:01:39.940,20312,20314,20318,1,1
2024-03-29 15:01:39.941,20312,20314,20323,1,1
2024-03-29 15:01:39.941,20312,20314,20323,1,1
2024-03-29 15:01:39.943,20312,20314,20322,1,1
2024-03-29 15:01:39.943,20312,20314,20322,5,5
2024-03-29 15:01:39.943,20312,20314,20323,5,5
2024-03-29 15:01:39.943,20312,20314,20322,1,1
2024-03-29 15:01:39.945,20312,20314,20322,1,1
2024-03-29 15:01:39.945,20312,20314,20321,1,1
2024-03-29 15:01:39.946,20312,20314,20321,1,1
2024-03-29 15:01:39.981,20312,20314,20322,1,1
2024-03-29 15:01:40.025,20312,20314,20322,1,1
2024-03-29 15:01:40.111,20320,20322,20322,1,1
2024-03-29 15:01:40.115,20320,20322,20322,1,1
2024-03-29 15:01:40.508,20324,20326,20326,1,1
2024-03-29 15:01:40.508,20324,20326,20324,1,-1
2024-03-29 15:01:40.539,20324,20327,20328,3,3
2024-03-29 15:01:40.542,20324,20327,20326,1,1
2024-03-29 15:01:40.542,20324,20327,20326,1,1
2024-03-29 15:01:40.549,20324,20327,20327,1,1
2024-03-29 15:01:40.742,20325,20328,20326,4,-4
2024-03-29 15:01:40.913,20326,20327,20327,1,1
2024-03-29 15:01:40.913,20326,20327,20326,2,-2
2024-03-29 15:01:40.914,20326,20327,20325,1,-1
2024-03-29 15:01:40.914,20326,20327,20326,1,-1
2024-03-29 15:01:40.914,20326,20327,20325,2,-2
2024-03-29 15:01:40.914,20326,20327,20324,2,-2
2024-03-29 15:01:40.915,20326,20327,20325,1,-1
2024-03-29 15:01:40.915,20326,20327,20326,2,-2
2024-03-29 15:01:40.916,20326,20327,20327,1,1
2024-03-29 15:01:40.917,20326,20327,20326,2,-2
2024-03-29 15:01:40.973,20326,20327,20329,2,2
2024-03-29 15:01:40.974,20326,20327,20327,2,2
2024-03-29 15:01:41.033,20326,20327,20326,2,-2
2024-03-29 15:01:41.033,20326,20327,20326,6,-6
2024-03-29 15:01:41.097,20326,20327,20326,2,-2
2024-03-29 15:01:41.097,20326,20327,20326,1,-1
2024-03-29 15:01:41.098,20326,20327,20326,1,-1
2024-03-29 15:01:41.099,20326,20327,20326,1,-1
2024-03-29 15:01:41.154,20326,20327,20326,1,-1
2024-03-29 15:01:41.186,20326,20327,20326,8,-8
2024-03-29 15:01:41.186,20326,20327,20325,1,-1
2024-03-29 15:01:41.186,20326,20327,20324,1,-1
2024-03-29 15:01:41.241,20326,20327,20325,2,-2
2024-03-29 15:01:41.257,20326,20327,20327,1,1
2024-03-29 15:01:41.402,20325,20327,20327,12,12
2024-03-29 15:01:41.414,20327,20329,20329,1,1
2024-03-29 15:01:41.537,20328,20330,20330,1,1
2024-03-29 15:01:41.663,20329,20331,20331,1,1
2024-03-29 15:01:41.718,20329,20331,20330,1,1
2024-03-29 15:01:41.788,20330,20332,20332,1,1
2024-03-29 15:01:41.892,20330,20332,20332,1,1
2024-03-29 15:01:41.913,20331,20333,20333,1,1
2024-03-29 15:01:42.038,20332,20333,20333,1,1
2024-03-29 15:01:42.069,20332,20333,20334,1,1
2024-03-29 15:01:42.241,20333,20335,20337,1,1
2024-03-29 15:01:42.241,20333,20335,20345,4,4
2024-03-29 15:01:42.241,20333,20335,20342,1,1
2024-03-29 15:01:42.241,20333,20335,20340,3,3
2024-03-29 15:01:42.241,20333,20335,20339,2,2
2024-03-29 15:01:42.241,20333,20335,20338,2,2
2024-03-29 15:01:42.241,20333,20335,20337,2,2
2024-03-29 15:01:42.241,20333,20335,20336,1,1
2024-03-29 15:01:42.241,20333,20335,20335,1,1
2024-03-29 15:01:42.242,20333,20335,20339,1,1
2024-03-29 15:01:42.242,20333,20335,20340,1,1
2024-03-29 15:01:42.242,20333,20335,20341,1,1
2024-03-29 15:01:42.243,20333,20335,20338,2,2
2024-03-29 15:01:42.243,20333,20335,20337,1,1
2024-03-29 15:01:42.243,20333,20335,20337,1,1
2024-03-29 15:01:42.291,20338,20343,20340,1,-1
2024-03-29 15:01:42.385,20338,20343,20340,2,-2
2024-03-29 15:01:42.389,20338,20343,20340,1,-1
2024-03-29 15:01:42.413,20340,20343,20340,2,-2
2024-03-29 15:01:42.419,20340,20343,20341,1,-1
2024-03-29 15:01:42.419,20340,20343,20341,1,-1
2024-03-29 15:01:42.419,20340,20343,20341,2,-2
2024-03-29 15:01:42.486,20340,20343,20341,1,-1
2024-03-29 15:01:42.540,20341,20343,20343,2,2
2024-03-29 15:01:42.541,20341,20343,20343,2,2
2024-03-29 15:01:42.555,20341,20343,20341,1,-1
2024-03-29 15:01:42.567,20341,20343,20341,1,-1
2024-03-29 15:01:42.664,20341,20342,20342,1,1
2024-03-29 15:01:42.790,20342,20343,20343,1,1
2024-03-29 15:01:42.809,20342,20343,20343,1,1
2024-03-29 15:01:42.813,20342,20343,20342,1,-1
2024-03-29 15:01:42.815,20342,20343,20342,1,-1
2024-03-29 15:01:42.816,20342,20343,20342,4,-4
2024-03-29 15:01:42.816,20342,20343,20342,1,-1
2024-03-29 15:01:42.903,20342,20343,20342,1,-1
2024-03-29 15:01:42.941,20342,20343,20342,2,-2
2024-03-29 15:01:43.042,20342,20343,20343,1,1
2024-03-29 15:01:43.079,20342,20343,20342,1,-1
2024-03-29 15:01:43.087,20342,20343,20342,1,-1
2024-03-29 15:01:43.158,20342,20343,20342,1,-1
2024-03-29 15:01:43.158,20342,20343,20342,1,-1
2024-03-29 15:01:43.158,20342,20343,20342,12,-12
2024-03-29 15:01:43.276,20338,20341,20338,1,-1
2024-03-29 15:01:43.280,20338,20341,20338,1,-1
2024-03-29 15:01:43.288,20338,20340,20340,1,1
2024-03-29 15:01:43.289,20338,20340,20340,1,1
2024-03-29 15:01:43.413,20339,20340,20340,1,1
2024-03-29 15:01:43.415,20339,20340,20340,1,1
2024-03-29 15:01:43.551,20339,20340,20340,1,1
2024-03-29 15:01:43.551,20339,20340,20341,3,3
2024-03-29 15:01:43.970,20339,20340,20340,2,2
2024-03-29 15:01:44.200,20339,20340,20340,2,2
2024-03-29 15:01:44.491,20339,20342,20342,1,1
2024-03-29 15:01:44.580,20339,20342,20339,6,-6
2024-03-29 15:01:44.580,20339,20342,20338,4,-4
2024-03-29 15:01:44.748,20334,20337,20333,1,-1
2024-03-29 15:01:44.748,20334,20337,20332,2,-2
2024-03-29 15:01:44.753,20334,20337,20329,1,-1
2024-03-29 15:01:44.853,20328,20331,20329,1,-1
2024-03-29 15:01:44.940,20326,20330,20326,2,-2
2024-03-29 15:01:44.940,20326,20330,20326,3,-3
2024-03-29 15:01:45.374,20326,20329,20326,1,-1
2024-03-29 15:01:45.579,20326,20329,20329,1,1
2024-03-29 15:01:45.630,20326,20329,20329,1,1
2024-03-29 15:01:46.087,20328,20331,20328,2,-2
2024-03-29 15:01:46.560,20328,20331,20331,2,2
2024-03-29 15:01:47.318,20330,20331,20330,1,-1
2024-03-29 15:01:47.644,20329,20331,20332,1,1
2024-03-29 15:01:48.266,20330,20332,20330,1,-1
2024-03-29 15:01:48.337,20330,20332,20330,1,-1
2024-03-29 15:01:48.381,20330,20332,20329,1,-1
2024-03-29 15:01:48.457,20329,20331,20329,1,-1
2024-03-29 15:01:48.458,20329,20331,20329,1,-1
2024-03-29 15:01:48.459,20329,20331,20329,1,-1
2024-03-29 15:01:48.459,20329,20331,20329,2,-2
2024-03-29 15:01:48.459,20329,20331,20329,2,-2
2024-03-29 15:01:48.460,20329,20331,20328,1,-1
2024-03-29 15:01:48.783,20328,20329,20329,1,1
2024-03-29 15:01:48.968,20328,20329,20328,5,-5
2024-03-29 15:01:48.968,20328,20329,20328,1,-1
2024-03-29 15:01:49.288,20328,20329,20328,1,-1
2024-03-29 15:01:49.551,20323,20325,20323,1,-1
2024-03-29 15:01:49.559,20323,20325,20323,1,-1
2024-03-29 15:01:49.675,20321,20323,20321,1,-1
2024-03-29 15:01:49.732,20321,20323,20320,1,-1
2024-03-29 15:01:49.938,20317,20321,20321,1,1
2024-03-29 15:01:50.118,20317,20322,20322,1,1
2024-03-29 15:01:50.272,20317,20323,20322,3,3
2024-03-29 15:01:50.274,20317,20323,20324,2,2
2024-03-29 15:01:50.433,20323,20325,20326,1,1
2024-03-29 15:01:50.564,20324,20327,20324,1,-1
2024-03-29 15:01:50.789,20325,20328,20325,2,-2
2024-03-29 15:01:50.800,20325,20328,20328,9,9
2024-03-29 15:01:50.800,20325,20328,20329,1,1
2024-03-29 15:01:50.825,20325,20328,20326,1,-1
2024-03-29 15:01:51.486,20324,20327,20324,1,-1
2024-03-29 15:01:51.996,20324,20327,20327,6,6
2024-03-29 15:01:51.996,20324,20327,20328,1,1
2024-03-29 15:01:52.871,20325,20327,20327,1,1
2024-03-29 15:01:53.266,20324,20327,20327,1,1
2024-03-29 15:01:53.274,20324,20327,20327,1,1
2024-03-29 15:01:53.411,20324,20327,20322,8,-8
2024-03-29 15:01:53.411,20324,20327,20324,2,-2
2024-03-29 15:01:53.411,20324,20327,20323,10,-10
2024-03-29 15:01:53.432,20324,20327,20323,1,-1
2024-03-29 15:01:53.432,20324,20327,20324,2,-2
2024-03-29 15:01:53.443,20324,20327,20324,1,-1
2024-03-29 15:01:54.718,20321,20324,20324,3,3
2024-03-29 15:01:54.718,20321,20324,20325,2,2
2024-03-29 15:01:54.801,20321,20325,20325,4,4
2024-03-29 15:01:55.900,20322,20326,20324,1,1
2024-03-29 15:01:56.002,20324,20326,20326,1,1
2024-03-29 15:01:56.120,20324,20327,20324,4,-4
2024-03-29 15:01:56.120,20324,20327,20323,1,-1
2024-03-29 15:01:56.574,20324,20325,20324,1,-1
2024-03-29 15:01:57.172,20323,20324,20323,1,-1
2024-03-29 15:01:57.367,20323,20324,20324,1,1
2024-03-29 15:01:58.286,20322,20324,20322,1,-1
2024-03-29 15:01:59.231,20323,20324,20324,1,1
2024-03-29 15:01:59.345,20323,20324,20323,1,-1
2024-03-29 15:01:59.518,20322,20324,20322,2,-2
2024-03-29 15:01:59.518,20322,20324,20321,4,-4
2024-03-29 15:01:59.542,20321,20323,20323,1,1
2024-03-29 15:01:59.658,20321,20323,20323,1,1
2024-03-29 15:02:00.077,20321,20324,20324,1,1
2024-03-29 15:02:00.078,20321,20324,20324,4,4
2024-03-29 15:02:00.248,20322,20325,20325,2,2
2024-03-29 15:02:00.251,20322,20325,20323,2,-2
2024-03-29 15:02:00.252,20322,20325,20325,1,1
2024-03-29 15:02:00.296,20322,20325,20322,1,-1
2024-03-29 15:02:00.402,20322,20325,20325,1,1
2024-03-29 15:02:00.483,20322,20325,20322,2,-2
2024-03-29 15:02:00.483,20322,20325,20321,2,-2
2024-03-29 15:02:00.653,20321,20325,20325,1,1
2024-03-29 15:02:00.761,20323,20325,20323,1,-1
2024-03-29 15:02:01.302,20323,20325,20325,2,2
2024-03-29 15:02:01.309,20323,20325,20325,1,1
2024-03-29 15:02:01.551,20323,20324,20323,1,-1
2024-03-29 15:02:01.613,20323,20324,20324,1,1
2024-03-29 15:02:01.682,20323,20325,20323,1,-1
2024-03-29 15:02:01.785,20324,20325,20325,1,1
2024-03-29 15:02:01.785,20324,20325,20326,2,2
2024-03-29 15:02:02.195,20323,20326,20323,1,-1
2024-03-29 15:02:02.570,20323,20325,20324,1,-1
2024-03-29 15:02:02.733,20323,20326,20325,2,2
2024-03-29 15:02:03.704,20324,20326,20326,1,1
2024-03-29 15:02:04.491,20325,20327,20327,1,1
2024-03-29 15:02:04.577,20325,20327,20325,1,-1
2024-03-29 15:02:05.062,20325,20327,20327,1,1
2024-03-29 15:02:05.121,20325,20327,20325,5,-5
2024-03-29 15:02:05.704,20326,20328,20328,1,1
2024-03-29 15:02:05.788,20326,20328,20328,1,1
2024-03-29 15:02:05.789,20326,20328,20329,2,2
2024-03-29 15:02:05.918,20329,20330,20330,1,1
2024-03-29 15:02:05.919,20329,20330,20330,2,2
2024-03-29 15:02:06.040,20330,20331,20330,3,-3
2024-03-29 15:02:06.040,20330,20331,20331,1,1
2024-03-29 15:02:06.040,20330,20331,20329,1,-1
2024-03-29 15:02:06.041,20330,20331,20330,1,-1
2024-03-29 15:02:06.151,20330,20331,20330,1,-1
2024-03-29 15:02:06.156,20330,20331,20330,4,-4
2024-03-29 15:02:06.258,20328,20330,20330,1,1
2024-03-29 15:02:06.315,20328,20330,20328,1,-1
2024-03-29 15:02:06.315,20328,20330,20327,4,-4
2024-03-29 15:02:06.370,20328,20330,20330,1,1
2024-03-29 15:02:06.466,20327,20330,20327,1,-1
2024-03-29 15:02:06.704,20327,20330,20330,3,3
2024-03-29 15:02:06.725,20327,20330,20330,1,1
2024-03-29 15:02:07.011,20328,20331,20331,1,1
2024-03-29 15:02:07.542,20329,20331,20331,1,1
2024-03-29 15:02:08.326,20330,20331,20330,1,-1
2024-03-29 15:02:08.367,20330,20331,20330,1,-1
2024-03-29 15:02:08.405,20330,20331,20329,1,-1
2024-03-29 15:02:09.208,20326,20328,20328,1,1
2024-03-29 15:02:09.370,20326,20329,20329,2,2
2024-03-29 15:02:09.371,20326,20329,20329,2,2
2024-03-29 15:02:09.371,20326,20329,20329,1,1
2024-03-29 15:02:09.371,20326,20329,20327,1,-1
2024-03-29 15:02:09.371,20326,20329,20326,1,-1
2024-03-29 15:02:10.269,20326,20328,20326,1,-1
2024-03-29 15:02:10.393,20326,20328,20326,1,-1
2024-03-29 15:02:10.571,20325,20327,20325,2,-2
2024-03-29 15:02:10.694,20325,20327,20327,1,1
2024-03-29 15:02:10.979,20325,20327,20327,1,1
2024-03-29 15:02:10.979,20325,20327,20327,1,1
2024-03-29 15:02:11.181,20325,20327,20325,1,-1
2024-03-29 15:02:11.778,20325,20326,20325,3,-3
2024-03-29 15:02:11.923,20325,20326,20326,2,2
2024-03-29 15:02:14.055,20325,20326,20326,3,3
2024-03-29 15:02:14.308,20325,20326,20325,2,-2
2024-03-29 15:02:14.425,20324,20326,20326,1,1
2024-03-29 15:02:14.425,20324,20326,20324,1,-1
2024-03-29 15:02:14.680,20324,20325,20325,1,1
2024-03-29 15:02:14.759,20324,20325,20324,1,-1
2024-03-29 15:02:14.812,20323,20326,20325,4,4
2024-03-29 15:02:15.127,20323,20325,20323,1,-1
2024-03-29 15:02:15.731,20324,20325,20325,1,1
2024-03-29 15:02:15.768,20324,20325,20323,1,-1
2024-03-29 15:02:15.768,20324,20325,20324,1,-1
2024-03-29 15:02:16.168,20323,20324,20324,1,1
2024-03-29 15:02:17.116,20323,20325,20323,2,-2
2024-03-29 15:02:17.159,20323,20325,20325,1,1
2024-03-29 15:02:17.770,20323,20325,20323,1,-1
2024-03-29 15:02:17.770,20323,20325,20322,3,-3
2024-03-29 15:02:17.770,20323,20325,20321,1,-1
2024-03-29 15:02:18.332,20321,20324,20324,1,1
2024-03-29 15:02:18.333,20321,20324,20324,7,7
2024-03-29 15:02:18.333,20321,20324,20325,4,4
2024-03-29 15:02:18.333,20321,20324,20323,1,1
2024-03-29 15:02:18.413,20321,20323,20323,1,1
2024-03-29 15:02:19.345,20322,20323,20322,1,-1
2024-03-29 15:02:19.997,20321,20323,20321,1,-1
2024-03-29 15:02:20.060,20321,20323,20323,1,1
2024-03-29 15:02:20.734,20321,20323,20321,1,-1
2024-03-29 15:02:21.667,20321,20323,20321,2,-2
2024-03-29 15:02:21.761,20321,20323,20321,1,-1
2024-03-29 15:02:22.173,20321,20322,20321,1,-1
2024-03-29 15:02:22.289,20320,20321,20320,1,-1
2024-03-29 15:02:22.404,20320,20321,20320,1,-1
2024-03-29 15:02:22.427,20320,20321,20320,1,-1
2024-03-29 15:02:22.427,20320,20321,20320,1,-1
2024-03-29 15:02:22.714,20320,20321,20321,1,1
2024-03-29 15:02:22.772,20320,20321,20322,5,5
2024-03-29 15:02:22.772,20320,20321,20323,5,5
2024-03-29 15:02:22.797,20321,20323,20321,1,-1
2024-03-29 15:02:23.337,20321,20323,20321,1,-1
2024-03-29 15:02:25.346,20321,20322,20321,1,-1
2024-03-29 15:02:25.446,20321,20322,20321,1,-1
2024-03-29 15:02:25.558,20321,20322,20322,2,2
2024-03-29 15:02:25.560,20321,20322,20323,1,1
2024-03-29 15:02:25.560,20321,20322,20323,1,1
2024-03-29 15:02:25.560,20321,20322,20323,3,3
2024-03-29 15:02:26.070,20322,20324,20324,1,1
2024-03-29 15:02:26.071,20322,20324,20325,1,1
2024-03-29 15:02:26.071,20322,20324,20325,4,4
2024-03-29 15:02:26.314,20325,20326,20326,2,2
2024-03-29 15:02:26.315,20325,20326,20327,1,1
2024-03-29 15:02:26.815,20326,20328,20326,1,-1
2024-03-29 15:02:28.969,20326,20328,20326,1,-1
2024-03-29 15:02:30.937,20326,20328,20328,1,1
2024-03-29 15:02:31.013,20326,20328,20328,1,1
2024-03-29 15:02:31.550,20326,20328,20326,2,-2
2024-03-29 15:02:31.861,20325,20327,20327,1,1
2024-03-29 15:02:32.538,20326,20327,20326,3,-3
2024-03-29 15:02:32.631,20326,20327,20327,1,1
2024-03-29 15:02:32.878,20326,20327,20326,1,-1
2024-03-29 15:02:33.016,20326,20327,20327,1,1
2024-03-29 15:02:33.419,20326,20327,20327,1,1
2024-03-29 15:02:34.100,20326,20328,20327,1,1
2024-03-29 15:02:34.122,20326,20328,20328,1,1
2024-03-29 15:02:35.158,20326,20328,20328,1,1
2024-03-29 15:02:35.416,20327,20328,20328,2,2
2024-03-29 15:02:36.041,20327,20328,20329,6,6
2024-03-29 15:02:36.041,20327,20328,20328,4,4
2024-03-29 15:02:37.855,20328,20329,20328,1,-1
2024-03-29 15:02:38.045,20327,20328,20328,1,1
2024-03-29 15:02:38.210,20327,20328,20328,1,1
2024-03-29 15:02:38.521,20327,20328,20328,3,3
2024-03-29 15:02:38.664,20327,20329,20327,1,-1
2024-03-29 15:02:39.525,20327,20328,20327,1,-1
2024-03-29 15:02:40.099,20325,20328,20325,1,-1
2024-03-29 15:02:40.158,20325,20328,20328,1,1
2024-03-29 15:02:40.439,20327,20328,20327,1,-1
2024-03-29 15:02:44.005,20326,20327,20327,1,1
2024-03-29 15:02:44.174,20326,20327,20327,2,2
2024-03-29 15:02:44.286,20326,20327,20326,2,-2
2024-03-29 15:02:45.213,20325,20327,20325,1,-1
2024-03-29 15:02:46.271,20325,20326,20325,1,-1
2024-03-29 15:02:46.407,20325,20326,20326,1,1
2024-03-29 15:02:46.517,20325,20327,20326,1,1
2024-03-29 15:02:46.519,20325,20327,20325,1,-1
2024-03-29 15:02:46.704,20325,20326,20325,1,-1
2024-03-29 15:02:47.207,20325,20326,20326,1,1
2024-03-29 15:02:47.655,20325,20326,20326,1,1
2024-03-29 15:02:48.299,20325,20326,20326,1,1
2024-03-29 15:02:48.491,20325,20326,20325,1,-1
2024-03-29 15:02:49.010,20325,20326,20326,1,1
2024-03-29 15:02:49.873,20325,20326,20325,1,-1
2024-03-29 15:02:49.894,20325,20326,20325,1,-1
2024-03-29 15:02:49.920,20324,20325,20324,1,-1
2024-03-29 15:02:49.944,20324,20325,20323,3,-3
2024-03-29 15:02:49.956,20324,20325,20325,1,1
2024-03-29 15:02:50.730,20322,20325,20322,1,-1
2024-03-29 15:02:50.972,20322,20325,20322,20,-20
2024-03-29 15:02:51.811,20321,20324,20321,1,-1
2024-03-29 15:02:54.030,20321,20323,20321,5,-5
2024-03-29 15:02:54.217,20321,20322,20321,1,-1
2024-03-29 15:02:54.333,20321,20322,20321,1,-1
2024-03-29 15:02:55.816,20320,20321,20320,1,-1
2024-03-29 15:02:55.829,20320,20321,20321,1,1
2024-03-29 15:02:55.927,20320,20322,20320,1,-1
2024-03-29 15:02:57.427,20320,20322,20322,1,1
2024-03-29 15:02:58.000,20320,20322,20322,1,1
2024-03-29 15:02:58.082,20320,20322,20319,2,-2
2024-03-29 15:02:58.082,20320,20322,20320,2,-2
2024-03-29 15:02:58.267,20319,20321,20319,1,-1
2024-03-29 15:02:58.926,20319,20321,20319,1,-1
2024-03-29 15:02:59.613,20319,20321,20319,1,-1
2024-03-29 15:03:00.053,20319,20321,20319,1,-1
2024-03-29 15:03:00.056,20319,20321,20319,1,-1
2024-03-29 15:03:00.059,20319,20321,20319,2,-2
2024-03-29 15:03:00.060,20319,20321,20321,1,1
2024-03-29 15:03:00.061,20319,20321,20320,1,1
2024-03-29 15:03:00.061,20319,20321,20321,1,1
2024-03-29 15:03:00.062,20319,20321,20322,1,1
2024-03-29 15:03:00.062,20319,20321,20319,1,-1
2024-03-29 15:03:00.067,20319,20321,20319,1,-1
2024-03-29 15:03:00.068,20319,20321,20319,2,-2
2024-03-29 15:03:00.112,20319,20321,20318,1,-1
2024-03-29 15:03:00.342,20318,20321,20318,1,-1
2024-03-29 15:03:00.345,20318,20321,20318,1,-1
2024-03-29 15:03:00.650,20318,20320,20320,1,1
2024-03-29 15:03:01.177,20318,20321,20321,1,1
2024-03-29 15:03:01.938,20319,20322,20319,2,-2
2024-03-29 15:03:02.053,20319,20321,20319,2,-2
2024-03-29 15:03:02.053,20319,20321,20318,3,-3
2024-03-29 15:03:04.172,20319,20320,20320,1,1
2024-03-29 15:03:04.759,20319,20321,20319,1,-1
2024-03-29 15:03:05.263,20319,20321,20321,1,1
2024-03-29 15:03:05.725,20319,20321,20321,1,1
2024-03-29 15:03:05.832,20319,20321,20319,1,-1
2024-03-29 15:03:06.032,20319,20321,20319,2,-2
2024-03-29 15:03:06.059,20318,20320,20318,5,-5
2024-03-29 15:03:06.317,20317,20320,20320,3,3
2024-03-29 15:03:06.494,20318,20320,20318,1,-1
2024-03-29 15:03:07.081,20317,20319,20319,2,2
2024-03-29 15:03:07.291,20317,20319,20319,2,2
2024-03-29 15:03:07.291,20317,20319,20320,1,1
2024-03-29 15:03:07.484,20318,20320,20318,1,-1
2024-03-29 15:03:08.380,20318,20320,20318,2,-2
2024-03-29 15:03:08.944,20318,20320,20319,1,-1
2024-03-29 15:03:09.068,20318,20319,20319,1,1
2024-03-29 15:03:09.103,20318,20319,20319,1,1
2024-03-29 15:03:10.164,20318,20320,20320,1,1
2024-03-29 15:03:10.948,20318,20320,20318,2,-2
2024-03-29 15:03:10.948,20318,20320,20318,1,-1
2024-03-29 15:03:10.948,20318,20320,20318,1,-1
2024-03-29 15:03:11.141,20317,20318,20318,1,1
2024-03-29 15:03:11.363,20317,20318,20317,2,-2
2024-03-29 15:03:11.457,20317,20318,20317,5,-5
2024-03-29 15:03:11.458,20317,20318,20317,1,-1
2024-03-29 15:03:11.458,20317,20318,20316,2,-2
2024-03-29 15:03:11.874,20315,20317,20315,1,-1
2024-03-29 15:03:12.006,20315,20317,20317,1,1
2024-03-29 15:03:12.856,20315,20317,20315,1,-1
2024-03-29 15:03:13.801,20316,20317,20316,1,-1
2024-03-29 15:03:13.842,20316,20317,20317,3,3
2024-03-29 15:03:14.263,20316,20317,20316,4,-4
2024-03-29 15:03:14.263,20316,20317,20316,1,-1
2024-03-29 15:03:14.602,20315,20317,20317,1,1
2024-03-29 15:03:15.483,20315,20317,20315,1,-1
2024-03-29 15:03:15.947,20315,20317,20315,1,-1
2024-03-29 15:03:16.322,20315,20317,20315,2,-2
2024-03-29 15:03:16.413,20315,20316,20316,1,1
2024-03-29 15:03:17.147,20315,20316,20315,2,-2
2024-03-29 15:03:17.147,20315,20316,20314,3,-3
2024-03-29 15:03:17.389,20313,20316,20316,1,1
2024-03-29 15:03:18.930,20315,20316,20315,1,-1
2024-03-29 15:03:19.071,20313,20315,20315,1,1
2024-03-29 15:03:19.440,20313,20315,20315,1,1
2024-03-29 15:03:19.482,20313,20315,20315,1,1
2024-03-29 15:03:19.483,20313,20315,20315,2,2
2024-03-29 15:03:20.561,20315,20316,20315,1,-1
2024-03-29 15:03:21.568,20315,20316,20315,1,-1
2024-03-29 15:03:23.066,20314,20315,20314,2,-2
2024-03-29 15:03:23.442,20313,20315,20315,1,1
2024-03-29 15:03:24.179,20313,20315,20315,2,2
2024-03-29 15:03:24.320,20313,20315,20315,1,1
2024-03-29 15:03:26.245,20315,20316,20315,1,-1
2024-03-29 15:03:26.400,20314,20315,20315,2,2
2024-03-29 15:03:26.922,20315,20316,20316,1,1
2024-03-29 15:03:26.927,20315,20316,20316,5,5
2024-03-29 15:03:28.198,20315,20317,20317,1,1
2024-03-29 15:03:28.805,20315,20318,20316,1,-1
2024-03-29 15:03:28.813,20315,20318,20316,3,-3
2024-03-29 15:03:28.890,20315,20318,20316,1,-1
2024-03-29 15:03:30.640,20315,20316,20316,1,1
2024-03-29 15:03:31.812,20316,20317,20316,1,-1
2024-03-29 15:03:32.195,20316,20317,20317,1,1
2024-03-29 15:03:32.364,20316,20317,20317,2,2
2024-03-29 15:03:34.047,20316,20318,20318,1,1
2024-03-29 15:03:36.116,20316,20318,20316,2,-2
2024-03-29 15:03:38.208,20316,20318,20318,3,3
2024-03-29 15:03:38.209,20316,20318,20318,1,1
2024-03-29 15:03:38.209,20316,20318,20318,1,1
2024-03-29 15:03:38.209,20316,20318,20318,1,1
2024-03-29 15:03:38.209,20316,20318,20318,1,1
2024-03-29 15:03:38.209,20316,20318,20318,1,1
2024-03-29 15:03:38.210,20316,20318,20318,9,9
2024-03-29 15:03:38.211,20316,20318,20319,1,1
2024-03-29 15:03:38.308,20318,20320,20318,1,-1
2024-03-29 15:03:40.743,20318,20320,20321,2,2
2024-03-29 15:03:40.743,20318,20320,20320,3,3
2024-03-29 15:03:40.947,20318,20321,20321,1,1
2024-03-29 15:03:42.423,20319,20321,20319,2,-2
2024-03-29 15:03:42.423,20319,20321,20318,1,-1
2024-03-29 15:03:42.740,20320,20321,20321,5,5
2024-03-29 15:03:42.757,20320,20321,20320,1,-1
2024-03-29 15:03:45.138,20320,20321,20321,1,1
2024-03-29 15:03:45.307,20320,20321,20321,1,1
2024-03-29 15:03:45.315,20320,20321,20321,1,1
2024-03-29 15:03:45.410,20320,20322,20320,1,-1
2024-03-29 15:03:47.176,20321,20322,20321,2,-2
2024-03-29 15:03:47.198,20321,20322,20321,3,-3
2024-03-29 15:03:47.363,20320,20322,20320,2,-2
2024-03-29 15:03:49.018,20320,20321,20321,1,1
2024-03-29 15:03:49.620,20320,20322,20320,1,-1
2024-03-29 15:03:50.418,20320,20322,20322,2,2
2024-03-29 15:03:52.990,20320,20321,20320,1,-1
2024-03-29 15:03:53.003,20320,20321,20321,3,3
2024-03-29 15:03:53.003,20320,20321,20322,2,2
2024-03-29 15:03:53.733,20320,20322,20322,1,1
2024-03-29 15:03:56.346,20320,20321,20320,1,-1
2024-03-29 15:03:57.164,20320,20321,20321,1,1
2024-03-29 15:03:58.862,20320,20321,20320,1,-1
2024-03-29 15:03:59.189,20320,20321,20321,1,1
2024-03-29 15:03:59.912,20320,20321,20320,1,-1
2024-03-29 15:04:02.845,20320,20321,20321,1,1
2024-03-29 15:04:03.105,20320,20322,20322,1,1
2024-03-29 15:04:03.831,20320,20322,20320,3,-3
2024-03-29 15:04:08.208,20320,20321,20320,1,-1
2024-03-29 15:04:08.917,20320,20321,20320,1,-1
2024-03-29 15:04:11.963,20320,20321,20320,1,-1
2024-03-29 15:04:12.797,20320,20321,20321,1,1
2024-03-29 15:04:13.370,20320,20321,20320,1,-1
2024-03-29 15:04:14.166,20320,20321,20320,1,-1
2024-03-29 15:04:17.674,20320,20321,20320,2,-2
2024-03-29 15:04:18.769,20320,20321,20321,1,1
2024-03-29 15:04:22.442,20320,20321,20320,1,-1
2024-03-29 15:04:22.794,20320,20321,20321,3,3
2024-03-29 15:04:22.794,20320,20321,20322,2,2
2024-03-29 15:04:23.590,20320,20321,20321,1,1
2024-03-29 15:04:23.722,20320,20322,20322,1,1
2024-03-29 15:04:24.108,20320,20322,20322,1,1
2024-03-29 15:04:24.222,20320,20322,20320,1,-1
2024-03-29 15:04:28.964,20320,20322,20320,1,-1
2024-03-29 15:04:34.364,20320,20322,20321,1,-1
2024-03-29 15:04:36.609,20320,20321,20320,2,-2
2024-03-29 15:04:36.611,20320,20321,20320,1,-1
2024-03-29 15:04:37.327,20320,20321,20320,4,-4
2024-03-29 15:04:37.623,20319,20320,20320,2,2
2024-03-29 15:04:38.343,20319,20321,20319,1,-1
2024-03-29 15:04:38.562,20319,20321,20321,1,1
2024-03-29 15:04:38.952,20319,20321,20319,1,-1
2024-03-29 15:04:38.977,20319,20321,20319,4,-4
2024-03-29 15:04:39.373,20318,20320,20320,1,1
2024-03-29 15:04:39.650,20318,20320,20320,4,4
2024-03-29 15:04:42.026,20318,20320,20318,3,-3
2024-03-29 15:04:42.026,20318,20320,20317,2,-2
2024-03-29 15:04:43.282,20317,20319,20317,1,-1
2024-03-29 15:04:43.324,20317,20319,20317,1,-1
2024-03-29 15:04:43.971,20316,20318,20316,1,-1
2024-03-29 15:04:43.971,20316,20318,20316,3,-3
2024-03-29 15:04:43.971,20316,20318,20316,4,-4
2024-03-29 15:04:43.971,20316,20318,20316,3,-3
2024-03-29 15:04:44.903,20315,20317,20315,1,-1
2024-03-29 15:04:45.008,20315,20317,20317,1,1
2024-03-29 15:04:46.759,20315,20316,20316,1,1
2024-03-29 15:04:48.292,20315,20316,20316,3,3
2024-03-29 15:04:49.530,20315,20317,20315,4,-4
2024-03-29 15:04:49.715,20315,20316,20316,1,1
2024-03-29 15:04:49.804,20315,20317,20315,1,-1
2024-03-29 15:04:49.804,20315,20317,20314,1,-1
2024-03-29 15:04:50.454,20314,20316,20316,1,1
2024-03-29 15:04:53.056,20314,20316,20314,1,-1
2024-03-29 15:04:54.751,20315,20316,20316,2,2
2024-03-29 15:04:54.751,20315,20316,20317,3,3
2024-03-29 15:04:54.870,20315,20317,20316,2,2
2024-03-29 15:04:54.870,20315,20317,20315,5,-5
2024-03-29 15:04:55.430,20316,20317,20316,1,-1
2024-03-29 15:04:55.822,20315,20317,20315,1,-1
2024-03-29 15:04:56.544,20315,20317,20317,1,1
2024-03-29 15:04:57.543,20315,20316,20316,1,1
2024-03-29 15:04:59.653,20315,20316,20316,1,1
2024-03-29 15:05:00.572,20315,20316,20316,2,2
2024-03-29 15:05:00.673,20316,20317,20317,1,1
2024-03-29 15:05:01.074,20316,20317,20317,1,1
2024-03-29 15:05:01.074,20316,20317,20318,2,2
2024-03-29 15:05:01.081,20316,20317,20319,3,3
2024-03-29 15:05:01.092,20316,20317,20319,1,1
2024-03-29 15:05:01.237,20317,20319,20317,1,-1
2024-03-29 15:05:01.524,20316,20319,20319,2,2
2024-03-29 15:05:01.553,20317,20319,20319,2,2
2024-03-29 15:05:01.589,20317,20319,20319,2,2
2024-03-29 15:05:02.242,20317,20319,20319,1,1
2024-03-29 15:05:02.873,20318,20319,20319,2,2
2024-03-29 15:05:02.873,20318,20319,20319,1,1
2024-03-29 15:05:02.905,20318,20319,20318,1,-1
2024-03-29 15:05:03.279,20318,20320,20320,1,1
2024-03-29 15:05:03.305,20318,20320,20320,1,1
2024-03-29 15:05:04.308,20318,20320,20318,1,-1
2024-03-29 15:05:04.694,20318,20320,20320,2,2
2024-03-29 15:05:05.226,20318,20320,20320,1,1
2024-03-29 15:05:05.897,20318,20320,20319,1,1
2024-03-29 15:05:06.380,20318,20320,20320,1,1
2024-03-29 15:05:07.599,20318,20320,20320,2,2
2024-03-29 15:05:07.663,20318,20320,20320,1,1
2024-03-29 15:05:07.663,20318,20320,20320,1,1
2024-03-29 15:05:08.623,20319,20320,20320,1,1
2024-03-29 15:05:10.504,20319,20320,20320,1,1
2024-03-29 15:05:11.150,20319,20320,20320,4,4
2024-03-29 15:05:11.150,20319,20320,20320,1,1
2024-03-29 15:05:12.035,20319,20321,20321,3,3
2024-03-29 15:05:12.146,20319,20321,20319,3,-3
2024-03-29 15:05:16.288,20319,20320,20319,1,-1
2024-03-29 15:05:16.810,20319,20320,20320,1,1
2024-03-29 15:05:16.956,20319,20320,20320,3,3
2024-03-29 15:05:16.956,20319,20320,20321,1,1
2024-03-29 15:05:18.771,20319,20320,20320,1,1
2024-03-29 15:05:19.830,20319,20320,20319,1,-1
2024-03-29 15:05:19.912,20319,20320,20320,1,1
2024-03-29 15:05:19.919,20319,20320,20320,1,1
2024-03-29 15:05:20.083,20319,20320,20320,5,5
2024-03-29 15:05:20.639,20319,20320,20319,1,-1
2024-03-29 15:05:20.912,20319,20320,20320,5,5
2024-03-29 15:05:21.034,20319,20320,20321,2,2
2024-03-29 15:05:21.034,20319,20320,20320,1,1
2024-03-29 15:05:21.052,20319,20321,20319,1,-1
2024-03-29 15:05:22.717,20320,20321,20321,4,4
2024-03-29 15:05:22.717,20320,20321,20322,1,1
2024-03-29 15:05:23.500,20320,20322,20322,1,1
2024-03-29 15:05:23.522,20320,20322,20322,5,5
2024-03-29 15:05:23.523,20320,20322,20322,1,1
2024-03-29 15:05:23.523,20320,20322,20322,3,3
2024-03-29 15:05:26.922,20321,20322,20322,1,1
2024-03-29 15:05:27.385,20321,20322,20322,2,2
2024-03-29 15:05:27.412,20322,20323,20323,1,1
2024-03-29 15:05:27.413,20322,20323,20323,1,1
2024-03-29 15:05:27.413,20322,20323,20323,1,1
2024-03-29 15:05:27.817,20322,20324,20322,1,-1
2024-03-29 15:05:29.348,20322,20324,20322,2,-2
2024-03-29 15:05:29.348,20322,20324,20322,1,-1
2024-03-29 15:05:29.522,20321,20323,20323,1,1
2024-03-29 15:05:29.543,20321,20323,20323,1,1
2024-03-29 15:05:30.292,20321,20323,20322,1,1
2024-03-29 15:05:31.521,20321,20323,20323,1,1
2024-03-29 15:05:31.521,20321,20323,20322,1,1
2024-03-29 15:05:31.521,20321,20323,20323,1,1
2024-03-29 15:05:31.522,20321,20323,20323,1,1
2024-03-29 15:05:33.479,20322,20324,20324,1,1
2024-03-29 15:05:33.480,20322,20324,20324,3,3
2024-03-29 15:05:35.802,20323,20324,20324,1,1
2024-03-29 15:05:36.080,20323,20324,20324,1,1
2024-03-29 15:05:36.163,20323,20324,20324,6,6
2024-03-29 15:05:36.163,20323,20324,20324,1,1
2024-03-29 15:05:36.163,20323,20324,20324,1,1
2024-03-29 15:05:36.164,20323,20324,20324,1,1
2024-03-29 15:05:36.492,20324,20325,20325,1,1
2024-03-29 15:05:36.697,20324,20325,20325,1,1
2024-03-29 15:05:36.887,20324,20325,20325,1,1
2024-03-29 15:05:37.426,20324,20325,20325,10,10
2024-03-29 15:05:37.427,20324,20325,20325,3,3
2024-03-29 15:05:37.429,20324,20325,20326,8,8
2024-03-29 15:05:37.948,20326,20327,20326,4,-4
2024-03-29 15:05:37.948,20326,20327,20325,16,-16
2024-03-29 15:05:38.320,20325,20326,20326,1,1
2024-03-29 15:05:38.320,20325,20326,20327,4,4
2024-03-29 15:05:38.444,20325,20327,20327,1,1
2024-03-29 15:05:38.806,20325,20327,20327,5,5
2024-03-29 15:05:39.352,20325,20327,20327,1,1
2024-03-29 15:05:39.352,20325,20327,20328,1,1
2024-03-29 15:05:39.643,20325,20327,20325,1,-1
2024-03-29 15:05:40.191,20325,20327,20326,1,-1
2024-03-29 15:05:40.191,20325,20327,20327,1,1
2024-03-29 15:05:40.223,20325,20327,20325,1,-1
2024-03-29 15:05:42.019,20325,20327,20327,1,1
2024-03-29 15:05:43.584,20325,20327,20327,1,1
2024-03-29 15:05:43.652,20325,20327,20326,1,1
2024-03-29 15:05:44.245,20326,20327,20327,1,1
2024-03-29 15:05:45.049,20326,20327,20327,1,1
2024-03-29 15:05:49.527,20326,20327,20326,1,-1
2024-03-29 15:05:50.289,20326,20327,20327,1,1
2024-03-29 15:05:50.289,20326,20327,20326,1,-1
2024-03-29 15:05:50.291,20326,20327,20327,3,3
2024-03-29 15:05:50.418,20326,20327,20327,1,1
2024-03-29 15:05:50.804,20326,20327,20327,1,1
2024-03-29 15:05:52.861,20327,20328,20327,1,-1
2024-03-29 15:05:53.504,20327,20328,20327,1,-1
2024-03-29 15:05:54.057,20327,20328,20327,1,-1
2024-03-29 15:05:54.212,20327,20328,20328,5,5
2024-03-29 15:05:54.802,20327,20328,20327,1,-1
2024-03-29 15:05:55.117,20327,20328,20327,4,-4
2024-03-29 15:05:55.117,20327,20328,20326,4,-4
2024-03-29 15:05:55.117,20327,20328,20325,8,-8
2024-03-29 15:05:55.364,20325,20327,20327,2,2
2024-03-29 15:05:55.365,20325,20327,20327,2,2
2024-03-29 15:05:56.113,20325,20327,20328,2,2
2024-03-29 15:05:56.113,20325,20327,20327,1,1
2024-03-29 15:05:57.187,20325,20327,20325,1,-1
2024-03-29 15:05:57.558,20325,20326,20326,1,1
2024-03-29 15:05:58.590,20325,20326,20325,1,-1
2024-03-29 15:06:00.384,20325,20326,20325,1,-1
2024-03-29 15:06:00.581,20325,20326,20326,1,1
2024-03-29 15:06:00.602,20325,20326,20326,1,1
2024-03-29 15:06:00.604,20325,20326,20326,1,1
2024-03-29 15:06:00.619,20325,20326,20326,1,1
2024-03-29 15:06:00.639,20325,20326,20327,1,1
2024-03-29 15:06:01.991,20325,20327,20327,3,3
2024-03-29 15:06:02.531,20325,20327,20328,2,2
2024-03-29 15:06:02.531,20325,20327,20327,1,1
2024-03-29 15:06:02.683,20325,20327,20328,1,1
2024-03-29 15:06:02.683,20325,20327,20327,1,1
2024-03-29 15:06:03.190,20325,20327,20327,1,1
2024-03-29 15:06:04.403,20325,20327,20327,1,1
2024-03-29 15:06:05.120,20325,20328,20328,1,1
2024-03-29 15:06:05.944,20326,20328,20326,2,-2
2024-03-29 15:06:05.944,20326,20328,20325,11,-11
2024-03-29 15:06:05.944,20326,20328,20324,2,-2
2024-03-29 15:06:11.623,20325,20327,20327,1,1
2024-03-29 15:06:11.623,20325,20327,20328,1,1
2024-03-29 15:06:12.132,20326,20328,20326,1,-1
2024-03-29 15:06:12.251,20326,20328,20328,1,1
2024-03-29 15:06:12.713,20326,20328,20328,2,2
2024-03-29 15:06:13.987,20326,20327,20325,4,-4
2024-03-29 15:06:13.987,20326,20327,20326,1,-1
2024-03-29 15:06:15.800,20325,20327,20327,1,1
2024-03-29 15:06:19.580,20326,20327,20326,1,-1
2024-03-29 15:06:20.814,20326,20327,20327,4,4
2024-03-29 15:06:22.792,20327,20328,20328,5,5
2024-03-29 15:06:23.191,20327,20328,20327,1,-1
2024-03-29 15:06:23.855,20327,20328,20327,1,-1
2024-03-29 15:06:24.642,20327,20328,20328,1,1
2024-03-29 15:06:24.848,20327,20328,20327,1,-1
2024-03-29 15:06:24.848,20327,20328,20326,2,-2
2024-03-29 15:06:25.045,20326,20328,20328,1,1
2024-03-29 15:06:25.448,20326,20327,20328,3,3
2024-03-29 15:06:25.448,20326,20327,20329,1,1
2024-03-29 15:06:25.448,20326,20327,20327,1,1
2024-03-29 15:06:27.958,20327,20329,20328,1,1
2024-03-29 15:06:27.965,20327,20329,20329,5,5
2024-03-29 15:06:29.836,20328,20329,20328,1,-1
2024-03-29 15:06:31.007,20328,20329,20329,1,1
2024-03-29 15:06:31.379,20328,20329,20329,2,2
2024-03-29 15:06:32.170,20328,20329,20328,1,-1
2024-03-29 15:06:32.170,20328,20329,20328,1,-1
2024-03-29 15:06:32.671,20327,20328,20328,1,1
2024-03-29 15:06:32.928,20327,20328,20328,1,1
2024-03-29 15:06:33.918,20327,20328,20328,6,6
2024-03-29 15:06:34.885,20328,20329,20329,10,10
2024-03-29 15:06:34.885,20328,20329,20329,1,1
2024-03-29 15:06:35.147,20329,20330,20329,1,-1
2024-03-29 15:06:35.204,20329,20330,20329,1,-1
2024-03-29 15:06:35.683,20328,20329,20329,1,1
2024-03-29 15:06:35.782,20328,20329,20329,1,1
2024-03-29 15:06:36.236,20329,20330,20329,1,-1
2024-03-29 15:06:36.928,20329,20330,20329,1,-1
2024-03-29 15:06:38.120,20329,20330,20330,2,2
2024-03-29 15:06:38.169,20329,20330,20330,1,1
2024-03-29 15:06:38.719,20329,20330,20330,1,1
2024-03-29 15:06:40.302,20329,20330,20329,1,-1
2024-03-29 15:06:40.374,20329,20330,20329,1,-1
2024-03-29 15:06:40.427,20329,20330,20329,1,-1
2024-03-29 15:06:40.635,20328,20330,20328,1,-1
2024-03-29 15:06:43.663,20328,20329,20329,1,1
2024-03-29 15:06:45.137,20328,20329,20328,2,-2
2024-03-29 15:06:45.137,20328,20329,20328,6,-6
2024-03-29 15:06:45.137,20328,20329,20328,1,-1
2024-03-29 15:06:45.137,20328,20329,20328,2,-2
2024-03-29 15:06:45.137,20328,20329,20328,1,-1
2024-03-29 15:06:45.380,20327,20329,20328,2,-2
2024-03-29 15:06:45.380,20327,20329,20328,2,-2
2024-03-29 15:06:45.771,20327,20329,20327,1,-1
2024-03-29 15:06:45.794,20327,20329,20329,5,5
2024-03-29 15:06:47.674,20327,20329,20329,3,3
2024-03-29 15:06:47.679,20327,20329,20329,3,3
2024-03-29 15:06:53.445,20328,20329,20329,1,1
2024-03-29 15:06:54.816,20328,20329,20329,1,1
2024-03-29 15:06:55.750,20328,20329,20329,1,1
2024-03-29 15:06:56.839,20328,20329,20329,2,2
2024-03-29 15:06:58.192,20328,20329,20328,1,-1
2024-03-29 15:06:59.337,20328,20329,20328,1,-1
2024-03-29 15:07:01.891,20327,20328,20328,4,4
2024-03-29 15:07:02.194,20327,20328,20328,1,1
2024-03-29 15:07:03.390,20327,20329,20327,1,-1
2024-03-29 15:07:04.919,20327,20329,20329,13,13
2024-03-29 15:07:04.919,20327,20329,20330,12,12
2024-03-29 15:07:07.419,20327,20330,20330,1,1
2024-03-29 15:07:10.266,20328,20330,20330,2,2
2024-03-29 15:07:15.570,20328,20329,20329,1,1
2024-03-29 15:07:15.570,20328,20329,20329,2,2
2024-03-29 15:07:15.964,20328,20330,20330,1,1
2024-03-29 15:07:18.388,20329,20330,20329,2,-2
2024-03-29 15:07:18.388,20329,20330,20328,2,-2
2024-03-29 15:07:19.993,20329,20330,20328,3,-3
2024-03-29 15:07:19.993,20329,20330,20329,1,-1
2024-03-29 15:07:21.176,20329,20330,20329,1,-1
2024-03-29 15:07:21.313,20328,20330,20330,1,1
2024-03-29 15:07:22.076,20328,20329,20328,4,-4
2024-03-29 15:07:24.737,20328,20329,20328,1,-1
2024-03-29 15:07:25.135,20327,20329,20328,3,-3
2024-03-29 15:07:25.135,20327,20329,20327,1,-1
2024-03-29 15:07:26.330,20327,20329,20327,1,-1
2024-03-29 15:07:27.650,20327,20329,20327,4,-4
2024-03-29 15:07:30.057,20328,20329,20328,2,-2
2024-03-29 15:07:30.057,20328,20329,20327,2,-2
2024-03-29 15:07:32.354,20327,20329,20327,4,-4
2024-03-29 15:07:34.165,20328,20329,20329,4,4
2024-03-29 15:07:37.125,20329,20330,20329,1,-1
2024-03-29 15:07:39.031,20328,20330,20330,5,5
2024-03-29 15:07:40.390,20329,20330,20329,1,-1
2024-03-29 15:07:40.448,20328,20329,20328,1,-1
2024-03-29 15:07:41.241,20328,20329,20329,1,1
2024-03-29 15:07:42.210,20328,20329,20329,1,1
2024-03-29 15:07:44.753,20328,20329,20328,1,-1
2024-03-29 15:07:46.791,20328,20329,20328,1,-1
2024-03-29 15:07:46.846,20328,20329,20329,5,5
2024-03-29 15:07:47.142,20328,20329,20329,3,3
2024-03-29 15:07:47.511,20328,20329,20329,1,1
2024-03-29 15:07:47.579,20329,20330,20330,10,10
2024-03-29 15:07:47.580,20329,20330,20330,12,12
2024-03-29 15:07:47.581,20329,20330,20331,3,3
2024-03-29 15:07:47.581,20329,20330,20331,1,1
2024-03-29 15:07:47.581,20329,20330,20331,3,3
2024-03-29 15:07:47.607,20329,20330,20331,1,1
2024-03-29 15:07:47.812,20331,20332,20332,3,3
2024-03-29 15:07:47.858,20331,20332,20331,1,-1
2024-03-29 15:07:47.881,20331,20332,20331,1,-1
2024-03-29 15:07:47.931,20330,20332,20332,1,1
2024-03-29 15:07:48.463,20330,20331,20331,1,1
2024-03-29 15:07:48.463,20330,20331,20332,1,1
2024-03-29 15:07:48.649,20330,20332,20330,1,-1
2024-03-29 15:07:48.752,20330,20332,20330,1,-1
2024-03-29 15:07:49.012,20330,20332,20330,1,-1
2024-03-29 15:07:50.947,20330,20331,20330,1,-1
2024-03-29 15:07:53.019,20330,20331,20332,2,2
2024-03-29 15:07:53.019,20330,20331,20331,3,3
2024-03-29 15:07:53.245,20330,20332,20330,1,-1
2024-03-29 15:07:55.544,20330,20332,20330,1,-1
2024-03-29 15:07:57.188,20331,20332,20331,1,-1
2024-03-29 15:07:57.795,20330,20332,20330,1,-1
2024-03-29 15:07:58.043,20330,20332,20330,1,-1
2024-03-29 15:07:58.237,20330,20332,20332,5,5
2024-03-29 15:07:59.801,20331,20332,20331,1,-1
2024-03-29 15:08:02.170,20330,20331,20330,1,-1
2024-03-29 15:08:02.441,20330,20331,20331,1,1
2024-03-29 15:08:05.509,20331,20332,20332,3,3
2024-03-29 15:08:05.509,20331,20332,20332,2,2
2024-03-29 15:08:05.510,20331,20332,20332,11,11
2024-03-29 15:08:05.510,20331,20332,20332,1,1
2024-03-29 15:08:05.869,20332,20333,20333,1,1
2024-03-29 15:08:05.870,20332,20333,20333,12,12
2024-03-29 15:08:05.870,20332,20333,20333,1,1
2024-03-29 15:08:05.871,20332,20333,20332,1,-1
2024-03-29 15:08:06.822,20333,20334,20333,1,-1
2024-03-29 15:08:08.970,20333,20334,20334,5,5
2024-03-29 15:08:08.971,20333,20334,20334,9,9
2024-03-29 15:08:09.194,20333,20335,20335,5,5
2024-03-29 15:08:10.308,20333,20335,20334,1,1
2024-03-29 15:08:11.444,20333,20334,20333,1,-1
2024-03-29 15:08:11.445,20333,20334,20334,1,1
2024-03-29 15:08:12.045,20333,20334,20334,1,1
2024-03-29 15:08:12.494,20334,20335,20335,1,1
2024-03-29 15:08:14.829,20334,20335,20335,5,5
2024-03-29 15:08:15.610,20334,20335,20335,1,1
2024-03-29 15:08:15.767,20334,20335,20335,1,1
2024-03-29 15:08:16.864,20334,20335,20335,1,1
2024-03-29 15:08:17.345,20334,20335,20335,4,4
2024-03-29 15:08:17.345,20334,20335,20335,1,1
2024-03-29 15:08:17.595,20334,20336,20335,2,2
2024-03-29 15:08:17.696,20334,20336,20336,4,4
2024-03-29 15:08:17.998,20335,20336,20335,1,-1
2024-03-29 15:08:17.999,20335,20336,20335,1,-1
2024-03-29 15:08:18.191,20334,20336,20335,1,-1
2024-03-29 15:08:18.796,20335,20336,20335,1,-1
2024-03-29 15:08:19.234,20335,20336,20336,1,1
2024-03-29 15:08:19.235,20335,20336,20336,1,1
2024-03-29 15:08:19.741,20335,20337,20335,1,-1
2024-03-29 15:08:19.894,20335,20337,20337,1,1
2024-03-29 15:08:20.387,20335,20337,20337,2,2
2024-03-29 15:08:20.901,20335,20337,20337,1,1
2024-03-29 15:08:21.825,20335,20337,20337,1,1
2024-03-29 15:08:21.883,20335,20337,20336,1,1
2024-03-29 15:08:21.915,20335,20337,20335,1,-1
2024-03-29 15:08:22.463,20336,20337,20336,1,-1
2024-03-29 15:08:23.044,20336,20337,20337,1,1
2024-03-29 15:08:23.948,20336,20337,20337,2,2
2024-03-29 15:08:24.706,20336,20337,20337,1,1
2024-03-29 15:08:24.845,20336,20337,20337,1,1
2024-03-29 15:08:24.937,20336,20337,20337,2,2
2024-03-29 15:08:25.406,20336,20337,20337,2,2
2024-03-29 15:08:25.407,20336,20337,20337,1,1
2024-03-29 15:08:25.533,20337,20338,20337,1,-1
2024-03-29 15:08:25.536,20337,20338,20336,2,-2
2024-03-29 15:08:26.387,20336,20337,20337,1,1
2024-03-29 15:08:27.303,20336,20337,20337,1,1
2024-03-29 15:08:27.303,20336,20337,20338,4,4
2024-03-29 15:08:28.264,20336,20337,20336,1,-1
2024-03-29 15:08:28.786,20336,20337,20337,1,1
2024-03-29 15:08:28.799,20336,20337,20336,1,-1
2024-03-29 15:08:30.328,20336,20337,20337,3,3
2024-03-29 15:08:30.357,20336,20337,20336,1,-1
2024-03-29 15:08:30.941,20336,20338,20338,1,1
2024-03-29 15:08:32.799,20336,20338,20338,1,1
2024-03-29 15:08:34.756,20337,20338,20338,1,1
2024-03-29 15:08:35.242,20337,20338,20338,1,1
2024-03-29 15:08:35.713,20337,20338,20338,1,1
2024-03-29 15:08:37.051,20337,20338,20338,1,1
2024-03-29 15:08:38.400,20337,20338,20338,1,1
2024-03-29 15:08:39.408,20337,20338,20337,2,-2
2024-03-29 15:08:40.298,20337,20338,20337,1,-1
2024-03-29 15:08:40.298,20337,20338,20337,2,-2
2024-03-29 15:08:40.300,20337,20338,20336,1,-1
2024-03-29 15:08:40.341,20337,20338,20336,11,-11
2024-03-29 15:08:40.776,20335,20336,20335,3,-3
2024-03-29 15:08:40.776,20335,20336,20335,1,-1
2024-03-29 15:08:40.776,20335,20336,20335,15,-15
2024-03-29 15:08:40.776,20335,20336,20335,2,-2
2024-03-29 15:08:40.776,20335,20336,20335,2,-2
2024-03-29 15:08:40.776,20335,20336,20335,4,-4
2024-03-29 15:08:40.777,20335,20336,20334,1,-1
2024-03-29 15:08:40.780,20335,20336,20334,1,-1
2024-03-29 15:08:40.827,20334,20335,20335,1,1
2024-03-29 15:08:40.851,20334,20335,20336,5,5
2024-03-29 15:08:41.066,20334,20337,20337,1,1
2024-03-29 15:08:41.448,20334,20336,20334,1,-1
2024-03-29 15:08:41.622,20334,20336,20336,4,4
2024-03-29 15:08:41.622,20334,20336,20337,6,6
2024-03-29 15:08:41.727,20335,20337,20337,4,4
2024-03-29 15:08:42.087,20335,20336,20336,1,1
2024-03-29 15:08:42.098,20335,20336,20335,2,-2
2024-03-29 15:08:44.896,20335,20336,20336,1,1
2024-03-29 15:08:45.833,20335,20336,20336,1,1
2024-03-29 15:08:47.190,20335,20336,20335,1,-1
2024-03-29 15:08:47.933,20335,20336,20335,3,-3
2024-03-29 15:08:47.933,20335,20336,20334,2,-2
2024-03-29 15:08:48.512,20334,20336,20335,6,-6
2024-03-29 15:08:48.513,20334,20336,20334,1,-1
2024-03-29 15:08:48.524,20334,20336,20334,1,-1
2024-03-29 15:08:48.853,20333,20334,20334,1,1
2024-03-29 15:08:48.901,20333,20334,20334,1,1
2024-03-29 15:08:49.662,20333,20335,20335,1,1
2024-03-29 15:08:49.941,20333,20336,20333,1,-1
2024-03-29 15:08:50.385,20333,20336,20336,1,1
2024-03-29 15:08:50.894,20333,20335,20333,1,-1
2024-03-29 15:08:50.894,20333,20335,20333,1,-1
2024-03-29 15:08:53.944,20333,20335,20333,2,-2
2024-03-29 15:08:54.526,20333,20334,20333,1,-1
2024-03-29 15:08:54.970,20333,20334,20333,10,-10
2024-03-29 15:08:54.972,20333,20334,20332,1,-1
2024-03-29 15:08:54.972,20333,20334,20332,3,-3
2024-03-29 15:08:55.787,20331,20332,20332,1,1
2024-03-29 15:08:55.787,20331,20332,20333,4,4
2024-03-29 15:08:56.083,20332,20333,20332,1,-1
2024-03-29 15:08:56.120,20332,20333,20332,2,-2
2024-03-29 15:08:56.120,20332,20333,20332,2,-2
2024-03-29 15:08:56.210,20331,20333,20333,1,1
2024-03-29 15:08:58.436,20331,20332,20332,1,1
2024-03-29 15:08:59.392,20331,20333,20331,1,-1
2024-03-29 15:08:59.475,20331,20333,20331,1,-1
2024-03-29 15:09:01.116,20331,20333,20333,1,1
2024-03-29 15:09:02.050,20331,20333,20331,2,-2
2024-03-29 15:09:05.498,20331,20333,20331,1,-1
2024-03-29 15:09:05.837,20331,20333,20331,1,-1
2024-03-29 15:09:06.440,20331,20333,20333,1,1
2024-03-29 15:09:09.394,20331,20332,20332,1,1
2024-03-29 15:09:12.283,20331,20332,20331,2,-2
2024-03-29 15:09:16.446,20331,20332,20331,1,-1
2024-03-29 15:09:18.364,20331,20332,20332,4,4
2024-03-29 15:09:24.598,20331,20332,20332,5,5
2024-03-29 15:09:25.557,20331,20333,20331,3,-3
2024-03-29 15:09:27.950,20331,20332,20332,2,2
2024-03-29 15:09:30.938,20332,20333,20332,2,-2
2024-03-29 15:09:31.641,20332,20333,20333,3,3
2024-03-29 15:09:32.382,20332,20333,20332,1,-1
2024-03-29 15:09:32.587,20332,20333,20333,1,1
2024-03-29 15:09:32.962,20332,20333,20332,1,-1
2024-03-29 15:09:33.100,20332,20333,20332,1,-1
2024-03-29 15:09:33.180,20332,20333,20332,3,-3
2024-03-29 15:09:33.961,20332,20333,20333,2,2
2024-03-29 15:09:40.440,20332,20333,20333,4,4
2024-03-29 15:09:40.440,20332,20333,20334,11,11
2024-03-29 15:09:40.655,20333,20335,20335,1,1
2024-03-29 15:09:40.748,20333,20335,20335,2,2
2024-03-29 15:09:43.843,20333,20335,20334,3,3
2024-03-29 15:09:45.012,20333,20335,20335,1,1
2024-03-29 15:09:49.964,20333,20334,20333,5,-5
2024-03-29 15:09:49.964,20333,20334,20333,3,-3
2024-03-29 15:09:52.089,20332,20334,20335,8,8
2024-03-29 15:09:52.089,20332,20334,20334,7,7
2024-03-29 15:09:52.283,20333,20335,20335,1,1
2024-03-29 15:09:52.386,20334,20335,20334,1,-1
2024-03-29 15:09:52.419,20333,20335,20333,1,-1
2024-03-29 15:09:52.643,20333,20335,20335,1,1
2024-03-29 15:09:54.956,20333,20334,20334,2,2
2024-03-29 15:09:55.291,20334,20335,20335,1,1
2024-03-29 15:09:56.920,20334,20335,20335,3,3
2024-03-29 15:09:57.451,20334,20336,20336,1,1
2024-03-29 15:09:58.567,20334,20336,20336,2,2
2024-03-29 15:10:00.468,20335,20336,20335,1,-1
2024-03-29 15:10:00.721,20334,20336,20336,6,6
2024-03-29 15:10:00.721,20334,20336,20337,1,1
2024-03-29 15:10:00.782,20334,20336,20337,2,2
2024-03-29 15:10:00.782,20334,20336,20336,1,1
2024-03-29 15:10:00.863,20335,20337,20337,1,1
2024-03-29 15:10:00.892,20335,20337,20337,1,1
2024-03-29 15:10:01.897,20335,20337,20337,1,1
2024-03-29 15:10:01.901,20335,20337,20337,1,1
2024-03-29 15:10:01.904,20335,20337,20337,1,1
2024-03-29 15:10:01.905,20335,20337,20337,1,1
2024-03-29 15:10:03.023,20336,20337,20337,1,1
2024-03-29 15:10:03.263,20336,20337,20337,1,1
2024-03-29 15:10:03.867,20336,20337,20337,4,4
2024-03-29 15:10:06.285,20337,20338,20337,1,-1
2024-03-29 15:10:06.286,20337,20338,20338,5,5
2024-03-29 15:10:07.361,20337,20338,20337,1,-1
2024-03-29 15:10:10.787,20337,20338,20337,3,-3
2024-03-29 15:10:11.324,20337,20338,20337,1,-1
2024-03-29 15:10:11.325,20337,20338,20337,7,-7
2024-03-29 15:10:11.511,20335,20337,20337,1,1
2024-03-29 15:10:11.647,20335,20337,20337,1,1
2024-03-29 15:10:11.682,20335,20337,20337,1,1
2024-03-29 15:10:12.419,20335,20337,20337,1,1
2024-03-29 15:10:15.337,20335,20336,20336,1,1
2024-03-29 15:10:16.170,20335,20336,20336,1,1
2024-03-29 15:10:16.723,20335,20336,20336,1,1
2024-03-29 15:10:19.597,20335,20336,20335,3,-3
2024-03-29 15:10:20.697,20334,20335,20334,1,-1
2024-03-29 15:10:22.561,20333,20335,20333,5,-5
2024-03-29 15:10:22.779,20333,20334,20334,1,1
2024-03-29 15:10:22.879,20333,20334,20334,1,1
2024-03-29 15:10:25.709,20333,20334,20334,1,1
2024-03-29 15:10:26.263,20333,20334,20334,1,1
2024-03-29 15:10:26.274,20333,20334,20334,3,3
2024-03-29 15:10:26.457,20333,20335,20334,1,1
2024-03-29 15:10:26.566,20333,20335,20333,1,-1
2024-03-29 15:10:27.510,20333,20335,20333,1,-1
2024-03-29 15:10:27.510,20333,20335,20333,1,-1
2024-03-29 15:10:27.799,20333,20335,20333,3,-3
2024-03-29 15:10:27.801,20333,20335,20333,1,-1
2024-03-29 15:10:27.944,20333,20334,20334,1,1
2024-03-29 15:10:30.060,20333,20334,20333,5,-5
2024-03-29 15:10:30.698,20333,20334,20333,3,-3
2024-03-29 15:10:31.327,20333,20334,20333,1,-1
2024-03-29 15:10:33.801,20333,20334,20333,4,-4
2024-03-29 15:10:33.801,20333,20334,20333,1,-1
2024-03-29 15:10:33.802,20333,20334,20333,1,-1
2024-03-29 15:10:33.802,20333,20334,20333,3,-3
2024-03-29 15:10:35.126,20332,20333,20333,1,1
2024-03-29 15:10:35.952,20332,20333,20333,1,1
2024-03-29 15:10:37.668,20333,20334,20333,2,-2
2024-03-29 15:10:38.191,20333,20334,20333,1,-1
2024-03-29 15:10:40.522,20333,20334,20333,1,-1
2024-03-29 15:10:41.947,20333,20334,20334,1,1
2024-03-29 15:10:41.971,20333,20334,20334,1,1
2024-03-29 15:10:42.896,20333,20334,20333,1,-1
2024-03-29 15:10:43.540,20333,20334,20333,1,-1
2024-03-29 15:10:45.247,20332,20334,20332,1,-1
2024-03-29 15:10:45.937,20333,20334,20333,1,-1
2024-03-29 15:10:48.556,20332,20333,20333,2,2
2024-03-29 15:10:48.775,20333,20334,20333,1,-1
2024-03-29 15:10:50.928,20332,20333,20333,1,1
2024-03-29 15:10:51.236,20332,20334,20334,2,2
2024-03-29 15:10:51.251,20332,20334,20332,1,-1
2024-03-29 15:10:51.438,20332,20333,20333,1,1
2024-03-29 15:10:51.968,20332,20334,20332,1,-1
2024-03-29 15:10:53.427,20332,20333,20333,1,1
2024-03-29 15:10:53.427,20332,20333,20334,2,2
2024-03-29 15:10:57.231,20332,20333,20333,1,1
2024-03-29 15:11:00.014,20332,20333,20333,1,1
2024-03-29 15:11:00.709,20332,20333,20333,3,3
2024-03-29 15:11:01.760,20332,20334,20332,2,-2
2024-03-29 15:11:02.234,20332,20333,20333,1,1
2024-03-29 15:11:02.234,20332,20333,20334,6,6
2024-03-29 15:11:03.261,20333,20334,20334,3,3
2024-03-29 15:11:04.649,20333,20334,20334,1,1
2024-03-29 15:11:04.826,20333,20334,20333,2,-2
2024-03-29 15:11:13.394,20333,20334,20333,2,-2
2024-03-29 15:11:15.556,20333,20334,20334,1,1
2024-03-29 15:11:16.261,20333,20334,20334,3,3
2024-03-29 15:11:18.675,20333,20334,20334,1,1
2024-03-29 15:11:19.486,20334,20335,20335,2,2
2024-03-29 15:11:20.357,20334,20335,20334,1,-1
2024-03-29 15:11:21.666,20334,20335,20334,1,-1
2024-03-29 15:11:22.506,20334,20335,20334,1,-1
2024-03-29 15:11:24.650,20333,20334,20334,1,1
2024-03-29 15:11:26.154,20333,20334,20334,1,1
2024-03-29 15:11:28.645,20333,20334,20334,1,1
2024-03-29 15:11:28.645,20333,20334,20334,2,2
2024-03-29 15:11:30.615,20334,20335,20334,1,-1
2024-03-29 15:11:30.947,20334,20335,20334,1,-1
2024-03-29 15:11:33.331,20334,20335,20335,2,2
2024-03-29 15:11:40.107,20334,20335,20334,1,-1
2024-03-29 15:11:40.420,20334,20335,20334,1,-1
2024-03-29 15:11:41.725,20334,20335,20334,1,-1
2024-03-29 15:11:41.831,20334,20335,20334,1,-1
2024-03-29 15:11:44.655,20334,20335,20334,1,-1
2024-03-29 15:11:51.580,20334,20335,20334,1,-1
2024-03-29 15:11:51.580,20334,20335,20334,1,-1
2024-03-29 15:11:51.608,20334,20335,20334,8,-8
2024-03-29 15:11:54.076,20333,20334,20334,1,1
2024-03-29 15:11:55.798,20333,20334,20333,2,-2
2024-03-29 15:11:59.024,20333,20334,20333,2,-2
2024-03-29 15:11:59.130,20333,20334,20334,2,2
2024-03-29 15:12:00.359,20333,20334,20333,1,-1
2024-03-29 15:12:00.631,20333,20334,20334,1,1
2024-03-29 15:12:00.711,20333,20334,20333,1,-1
2024-03-29 15:12:02.499,20333,20334,20334,11,11
2024-03-29 15:12:02.499,20333,20334,20335,18,18
2024-03-29 15:12:02.499,20333,20334,20336,21,21
2024-03-29 15:12:03.273,20335,20336,20335,1,-1
2024-03-29 15:12:03.286,20335,20336,20335,3,-3
2024-03-29 15:12:03.959,20335,20336,20335,1,-1
2024-03-29 15:12:05.528,20335,20336,20337,3,3
2024-03-29 15:12:05.528,20335,20336,20336,2,2
2024-03-29 15:12:06.812,20335,20337,20335,1,-1
2024-03-29 15:12:06.813,20335,20337,20335,1,-1
2024-03-29 15:12:07.328,20335,20337,20335,1,-1
2024-03-29 15:12:08.417,20335,20337,20337,1,1
2024-03-29 15:12:14.063,20335,20337,20335,1,-1
2024-03-29 15:12:17.301,20335,20337,20336,2,-2
2024-03-29 15:12:17.302,20335,20337,20336,1,-1
2024-03-29 15:12:18.314,20336,20337,20337,1,1
2024-03-29 15:12:18.365,20336,20337,20337,1,1
2024-03-29 15:12:18.365,20336,20337,20337,1,1
2024-03-29 15:12:18.365,20336,20337,20337,3,3
2024-03-29 15:12:18.954,20337,20338,20336,1,-1
2024-03-29 15:12:18.954,20337,20338,20337,1,-1
2024-03-29 15:12:19.538,20336,20338,20338,2,2
2024-03-29 15:12:20.399,20336,20338,20338,1,1
2024-03-29 15:12:21.036,20336,20338,20337,1,1
2024-03-29 15:12:21.036,20336,20338,20337,1,1
2024-03-29 15:12:21.036,20336,20338,20337,1,1
2024-03-29 15:12:21.093,20336,20338,20336,1,-1
2024-03-29 15:12:24.039,20337,20338,20337,1,-1
2024-03-29 15:12:24.822,20337,20338,20337,2,-2
2024-03-29 15:12:25.310,20337,20338,20337,1,-1
2024-03-29 15:12:25.869,20337,20338,20338,5,5
2024-03-29 15:12:26.621,20337,20338,20338,1,1
2024-03-29 15:12:27.010,20337,20338,20337,1,-1
2024-03-29 15:12:27.379,20337,20338,20337,2,-2
2024-03-29 15:12:30.503,20337,20338,20338,5,5
2024-03-29 15:12:30.504,20337,20338,20338,4,4
2024-03-29 15:12:30.504,20337,20338,20338,1,1
2024-03-29 15:12:30.504,20337,20338,20338,2,2
2024-03-29 15:12:35.156,20338,20339,20338,1,-1
2024-03-29 15:12:37.466,20338,20339,20339,1,1
2024-03-29 15:12:37.558,20338,20339,20339,1,1
2024-03-29 15:12:38.710,20338,20339,20338,1,-1
2024-03-29 15:12:40.204,20338,20339,20338,1,-1
2024-03-29 15:12:40.262,20338,20339,20338,1,-1
2024-03-29 15:12:40.649,20338,20339,20338,2,-2
2024-03-29 15:12:40.650,20338,20339,20337,2,-2
2024-03-29 15:12:40.790,20336,20338,20336,2,-2
2024-03-29 15:12:41.180,20336,20338,20338,1,1
2024-03-29 15:12:41.267,20336,20338,20338,1,1
2024-03-29 15:12:42.063,20336,20337,20337,1,1
2024-03-29 15:12:47.692,20336,20337,20336,1,-1
2024-03-29 15:12:48.709,20336,20337,20336,3,-3
2024-03-29 15:12:49.439,20335,20336,20335,2,-2
2024-03-29 15:12:49.552,20335,20336,20335,1,-1
2024-03-29 15:12:49.691,20335,20336,20335,1,-1
2024-03-29 15:12:50.223,20335,20336,20335,1,-1
2024-03-29 15:12:50.224,20335,20336,20335,4,-4
2024-03-29 15:12:50.224,20335,20336,20335,2,-2
2024-03-29 15:12:50.224,20335,20336,20335,5,-5
2024-03-29 15:12:50.224,20335,20336,20335,3,-3
2024-03-29 15:12:50.282,20335,20336,20334,2,-2
2024-03-29 15:12:51.530,20334,20336,20334,5,-5
2024-03-29 15:12:53.647,20335,20336,20335,2,-2
2024-03-29 15:12:53.647,20335,20336,20334,6,-6
2024-03-29 15:12:59.096,20334,20335,20334,1,-1
2024-03-29 15:12:59.601,20334,20335,20334,1,-1
2024-03-29 15:13:00.666,20334,20335,20334,1,-1
2024-03-29 15:13:01.158,20334,20335,20334,1,-1
2024-03-29 15:13:01.252,20333,20335,20334,5,-5
2024-03-29 15:13:01.294,20333,20335,20333,1,-1
2024-03-29 15:13:01.440,20333,20335,20333,1,-1
2024-03-29 15:13:01.591,20333,20335,20333,1,-1
2024-03-29 15:13:01.614,20333,20335,20335,1,1
2024-03-29 15:13:01.745,20333,20335,20333,1,-1
2024-03-29 15:13:01.908,20333,20335,20333,1,-1
2024-03-29 15:13:02.065,20333,20335,20333,1,-1
2024-03-29 15:13:02.214,20333,20335,20333,1,-1
2024-03-29 15:13:02.304,20333,20335,20333,1,-1
2024-03-29 15:13:02.347,20333,20335,20333,1,-1
2024-03-29 15:13:02.482,20333,20335,20333,1,-1
2024-03-29 15:13:02.645,20333,20335,20333,1,-1
2024-03-29 15:13:02.794,20333,20335,20333,1,-1
2024-03-29 15:13:02.950,20333,20335,20333,1,-1
2024-03-29 15:13:03.107,20333,20335,20333,1,-1
2024-03-29 15:13:03.262,20333,20335,20333,1,-1
2024-03-29 15:13:05.323,20333,20335,20333,1,-1
2024-03-29 15:13:05.545,20333,20335,20333,4,-4
2024-03-29 15:13:07.971,20333,20335,20335,2,2
2024-03-29 15:13:08.122,20333,20335,20333,1,-1
2024-03-29 15:13:10.431,20333,20335,20333,1,-1
2024-03-29 15:13:11.189,20333,20335,20333,1,-1
2024-03-29 15:13:11.401,20333,20335,20333,1,-1
2024-03-29 15:13:12.809,20333,20335,20333,1,-1
2024-03-29 15:13:14.756,20333,20334,20333,1,-1
2024-03-29 15:13:15.273,20333,20334,20333,1,-1
2024-03-29 15:13:15.273,20333,20334,20333,4,-4
2024-03-29 15:13:15.273,20333,20334,20333,1,-1
2024-03-29 15:13:15.274,20333,20334,20333,1,-1
2024-03-29 15:13:15.274,20333,20334,20333,1,-1
2024-03-29 15:13:15.274,20333,20334,20333,1,-1
2024-03-29 15:13:15.274,20333,20334,20333,7,-7
2024-03-29 15:13:15.274,20333,20334,20333,3,-3
2024-03-29 15:13:15.274,20333,20334,20333,1,-1
2024-03-29 15:13:15.274,20333,20334,20333,1,-1
2024-03-29 15:13:15.274,20333,20334,20333,5,-5
2024-03-29 15:13:15.274,20333,20334,20333,5,-5
2024-03-29 15:13:15.275,20333,20334,20333,1,-1
2024-03-29 15:13:15.275,20333,20334,20333,1,-1
2024-03-29 15:13:15.392,20332,20334,20332,3,-3
2024-03-29 15:13:20.237,20332,20333,20332,2,-2
2024-03-29 15:13:20.894,20332,20333,20333,3,3
2024-03-29 15:13:21.337,20332,20333,20332,1,-1
2024-03-29 15:13:22.473,20332,20333,20332,1,-1
2024-03-29 15:13:23.568,20332,20333,20332,1,-1
2024-03-29 15:13:23.892,20332,20333,20333,1,1
2024-03-29 15:13:23.931,20332,20333,20332,2,-2
2024-03-29 15:13:25.788,20332,20333,20332,2,-2
2024-03-29 15:13:25.789,20332,20333,20332,1,-1
2024-03-29 15:13:27.376,20332,20333,20332,1,-1
2024-03-29 15:13:30.059,20332,20333,20332,1,-1
2024-03-29 15:13:32.412,20332,20333,20332,7,-7
2024-03-29 15:13:35.039,20331,20333,20331,1,-1
2024-03-29 15:13:38.493,20331,20332,20331,1,-1
2024-03-29 15:13:41.132,20331,20332,20331,2,-2
2024-03-29 15:13:41.877,20331,20332,20331,2,-2
2024-03-29 15:13:42.561,20331,20332,20331,1,-1
2024-03-29 15:13:43.420,20331,20332,20331,2,-2
2024-03-29 15:13:43.792,20331,20332,20331,2,-2
2024-03-29 15:13:46.883,20331,20332,20331,1,-1
2024-03-29 15:13:47.944,20331,20332,20331,3,-3
2024-03-29 15:13:50.872,20331,20332,20331,1,-1
2024-03-29 15:13:54.638,20331,20332,20331,1,-1
2024-03-29 15:13:55.237,20331,20332,20331,2,-2
2024-03-29 15:13:55.238,20331,20332,20331,2,-2
2024-03-29 15:13:55.238,20331,20332,20331,1,-1
2024-03-29 15:13:55.238,20331,20332,20331,2,-2
2024-03-29 15:13:55.239,20331,20332,20331,2,-2
2024-03-29 15:13:55.239,20331,20332,20331,1,-1
2024-03-29 15:13:55.239,20331,20332,20331,1,-1
2024-03-29 15:13:55.239,20331,20332,20331,1,-1
2024-03-29 15:13:55.239,20331,20332,20331,1,-1
2024-03-29 15:13:55.240,20331,20332,20331,4,-4
2024-03-29 15:13:55.323,20330,20331,20330,2,-2
2024-03-29 15:13:55.332,20330,20331,20330,2,-2
2024-03-29 15:13:55.408,20330,20331,20331,1,1
2024-03-29 15:13:55.422,20330,20331,20330,8,-8
2024-03-29 15:13:55.445,20330,20331,20330,1,-1
2024-03-29 15:13:56.265,20330,20332,20330,1,-1
2024-03-29 15:13:57.911,20330,20331,20330,1,-1
2024-03-29 15:14:01.620,20330,20331,20331,5,5
2024-03-29 15:14:01.621,20330,20331,20331,5,5
2024-03-29 15:14:02.093,20330,20332,20332,1,1
2024-03-29 15:14:02.626,20330,20332,20330,1,-1
2024-03-29 15:14:02.627,20330,20332,20330,1,-1
2024-03-29 15:14:02.801,20330,20331,20331,1,1
2024-03-29 15:14:03.072,20330,20331,20331,1,1
2024-03-29 15:14:05.881,20330,20331,20330,1,-1
2024-03-29 15:14:06.038,20330,20331,20331,1,1
2024-03-29 15:14:06.379,20330,20331,20330,1,-1
2024-03-29 15:14:07.932,20330,20331,20331,1,1
2024-03-29 15:14:08.103,20330,20331,20330,1,-1
2024-03-29 15:14:08.403,20330,20331,20330,1,-1
2024-03-29 15:14:09.165,20330,20331,20330,1,-1
2024-03-29 15:14:12.267,20330,20331,20330,1,-1
2024-03-29 15:14:15.083,20330,20331,20330,1,-1
2024-03-29 15:14:17.650,20330,20331,20330,1,-1
2024-03-29 15:14:22.759,20330,20331,20330,1,-1
2024-03-29 15:14:22.910,20330,20331,20330,1,-1
2024-03-29 15:14:24.672,20330,20331,20330,3,-3
2024-03-29 15:14:27.739,20330,20331,20330,1,-1
2024-03-29 15:14:29.569,20330,20331,20330,5,-5
2024-03-29 15:14:29.570,20330,20331,20330,2,-2
2024-03-29 15:14:29.571,20330,20331,20330,3,-3
2024-03-29 15:14:29.571,20330,20331,20330,1,-1
2024-03-29 15:14:30.205,20330,20331,20331,1,1
2024-03-29 15:14:36.323,20330,20331,20330,2,-2
2024-03-29 15:14:36.412,20330,20331,20331,1,1
2024-03-29 15:14:36.825,20330,20331,20331,1,1
2024-03-29 15:14:37.461,20330,20331,20331,1,1
2024-03-29 15:14:37.694,20330,20331,20331,2,2
2024-03-29 15:14:37.929,20330,20331,20331,1,1
2024-03-29 15:14:38.366,20330,20331,20330,1,-1
2024-03-29 15:14:39.198,20330,20331,20330,2,-2
2024-03-29 15:14:40.450,20330,20331,20331,1,1
2024-03-29 15:14:41.634,20330,20331,20330,9,-9
2024-03-29 15:14:42.032,20330,20331,20330,2,-2
2024-03-29 15:14:43.523,20330,20331,20330,2,-2
2024-03-29 15:14:43.793,20330,20331,20331,1,1
2024-03-29 15:14:43.839,20330,20331,20330,1,-1
2024-03-29 15:14:44.212,20330,20331,20330,1,-1
2024-03-29 15:14:45.203,20330,20331,20330,3,-3
2024-03-29 15:14:46.278,20330,20331,20330,4,-4
2024-03-29 15:14:46.520,20330,20331,20330,1,-1
2024-03-29 15:14:47.275,20330,20331,20330,1,-1
2024-03-29 15:14:48.132,20330,20331,20331,1,1
2024-03-29 15:14:48.653,20330,20331,20331,1,1
2024-03-29 15:14:49.292,20330,20331,20331,1,1
2024-03-29 15:14:49.357,20330,20331,20330,3,-3
2024-03-29 15:14:49.413,20329,20330,20329,1,-1
2024-03-29 15:14:49.552,20329,20330,20329,1,-1
2024-03-29 15:14:49.647,20329,20330,20329,1,-1
2024-03-29 15:14:49.654,20329,20330,20329,1,-1
2024-03-29 15:14:53.018,20328,20330,20329,1,-1
2024-03-29 15:14:55.057,20329,20330,20329,2,-2
2024-03-29 15:14:56.712,20329,20330,20330,1,1
2024-03-29 15:14:58.490,20329,20330,20330,1,1
2024-03-29 15:14:59.169,20329,20330,20330,1,1
2024-03-29 15:14:59.505,20329,20330,20329,1,-1
2024-03-29 15:15:00.247,20329,20330,20329,1,-1
2024-03-29 15:15:00.413,20329,20330,20330,1,1
2024-03-29 15:15:00.538,20329,20330,20329,1,-1
2024-03-29 15:15:00.907,20329,20330,20330,1,1
2024-03-29 15:15:00.907,20329,20330,20330,2,2
2024-03-29 15:15:02.598,20329,20330,20329,1,-1
2024-03-29 15:15:02.883,20329,20330,20330,1,1
2024-03-29 15:15:03.080,20329,20330,20330,1,1
2024-03-29 15:15:03.156,20329,20330,20330,1,1
2024-03-29 15:15:04.274,20329,20330,20330,1,1
2024-03-29 15:15:06.111,20329,20330,20330,1,1
2024-03-29 15:15:06.731,20329,20330,20330,1,1
2024-03-29 15:15:09.386,20329,20330,20330,1,1
2024-03-29 15:15:15.490,20329,20330,20330,1,1
2024-03-29 15:15:16.094,20329,20330,20330,3,3
2024-03-29 15:15:17.652,20329,20330,20330,1,1
2024-03-29 15:15:19.223,20329,20330,20330,1,1
2024-03-29 15:15:19.577,20329,20330,20330,1,1
2024-03-29 15:15:21.570,20329,20330,20329,1,-1
2024-03-29 15:15:21.789,20329,20330,20329,1,-1
2024-03-29 15:15:24.099,20329,20330,20329,1,-1
2024-03-29 15:15:24.854,20329,20330,20330,1,1
2024-03-29 15:15:27.251,20329,20330,20329,1,-1
2024-03-29 15:15:29.994,20329,20330,20329,1,-1
2024-03-29 15:15:31.470,20329,20330,20329,1,-1
2024-03-29 15:15:33.550,20329,20330,20329,2,-2
2024-03-29 15:15:35.745,20329,20330,20329,1,-1
2024-03-29 15:15:36.868,20329,20330,20329,1,-1
2024-03-29 15:15:45.803,20329,20330,20329,6,-6
2024-03-29 15:15:46.320,20329,20330,20329,1,-1
2024-03-29 15:15:46.320,20329,20330,20329,1,-1
2024-03-29 15:15:46.321,20329,20330,20329,1,-1
2024-03-29 15:15:48.285,20329,20330,20329,2,-2
2024-03-29 15:15:53.876,20328,20329,20328,1,-1
2024-03-29 15:15:54.284,20328,20329,20328,1,-1
2024-03-29 15:15:54.304,20328,20329,20328,1,-1
2024-03-29 15:15:54.630,20328,20329,20328,1,-1
2024-03-29 15:15:55.829,20328,20329,20328,1,-1
2024-03-29 15:15:55.870,20328,20329,20329,1,1
2024-03-29 15:15:56.053,20328,20329,20328,1,-1
2024-03-29 15:15:58.761,20328,20329,20328,1,-1
2024-03-29 15:16:00.149,20328,20329,20328,2,-2
2024-03-29 15:16:00.706,20328,20329,20328,1,-1
2024-03-29 15:16:03.248,20328,20329,20329,3,3
2024-03-29 15:16:06.035,20328,20329,20328,3,-3
2024-03-29 15:16:09.699,20328,20329,20329,1,1
2024-03-29 15:16:10.412,20328,20329,20329,1,1
2024-03-29 15:16:11.186,20328,20329,20329,1,1
2024-03-29 15:16:11.777,20328,20329,20329,1,1
2024-03-29 15:16:12.537,20328,20329,20328,2,-2
2024-03-29 15:16:14.380,20328,20329,20329,1,1
2024-03-29 15:16:14.723,20328,20329,20328,1,-1
2024-03-29 15:16:16.815,20328,20329,20329,1,1
2024-03-29 15:16:18.333,20328,20329,20328,72,-72
2024-03-29 15:16:18.333,20328,20329,20328,2,-2
2024-03-29 15:16:18.334,20328,20329,20327,1,-1
2024-03-29 15:16:18.334,20328,20329,20327,1,-1
2024-03-29 15:16:18.334,20328,20329,20327,1,-1
2024-03-29 15:16:18.334,20328,20329,20327,8,-8
2024-03-29 15:16:18.343,20328,20329,20326,2,-2
2024-03-29 15:16:18.431,20326,20327,20326,2,-2
2024-03-29 15:16:18.562,20326,20327,20326,3,-3
2024-03-29 15:16:18.562,20326,20327,20326,5,-5
2024-03-29 15:16:18.563,20326,20327,20326,1,-1
2024-03-29 15:16:18.564,20326,20327,20326,1,-1
2024-03-29 15:16:18.776,20325,20326,20325,2,-2
2024-03-29 15:16:19.105,20325,20326,20325,1,-1
2024-03-29 15:16:19.299,20325,20326,20325,1,-1
2024-03-29 15:16:19.860,20325,20326,20325,1,-1
2024-03-29 15:16:21.462,20325,20326,20325,1,-1
2024-03-29 15:16:21.692,20325,20326,20325,1,-1
2024-03-29 15:16:21.695,20325,20326,20325,1,-1
2024-03-29 15:16:21.897,20325,20326,20325,1,-1
2024-03-29 15:16:22.105,20325,20326,20325,1,-1
2024-03-29 15:16:22.417,20325,20326,20325,1,-1
2024-03-29 15:16:22.990,20325,20326,20326,3,3
2024-03-29 15:16:23.017,20325,20326,20325,5,-5
2024-03-29 15:16:23.453,20325,20326,20326,1,1
2024-03-29 15:16:23.477,20325,20326,20325,2,-2
2024-03-29 15:16:23.645,20325,20326,20325,1,-1
2024-03-29 15:16:23.779,20325,20326,20326,1,1
2024-03-29 15:16:23.837,20325,20327,20325,1,-1
2024-03-29 15:16:24.303,20325,20327,20327,1,1
2024-03-29 15:16:25.679,20325,20327,20327,9,9
2024-03-29 15:16:26.492,20325,20327,20325,1,-1
2024-03-29 15:16:27.296,20325,20327,20325,3,-3
2024-03-29 15:16:29.894,20325,20327,20325,1,-1
2024-03-29 15:16:30.821,20325,20327,20325,1,-1
2024-03-29 15:16:31.432,20326,20327,20326,1,-1
2024-03-29 15:16:31.587,20325,20326,20325,1,-1
2024-03-29 15:16:33.340,20325,20326,20325,1,-1
2024-03-29 15:16:35.071,20325,20326,20325,1,-1
2024-03-29 15:16:35.751,20325,20326,20326,1,1
2024-03-29 15:16:38.755,20325,20326,20325,1,-1
2024-03-29 15:16:38.867,20325,20326,20325,20,-20
2024-03-29 15:16:38.867,20325,20326,20324,12,-12
2024-03-29 15:16:39.707,20324,20325,20324,1,-1
2024-03-29 15:16:39.707,20324,20325,20323,1,-1
2024-03-29 15:16:39.732,20324,20325,20323,1,-1
2024-03-29 15:16:41.029,20323,20325,20323,1,-1
2024-03-29 15:16:41.741,20323,20325,20323,3,-3
2024-03-29 15:16:43.664,20323,20324,20323,2,-2
2024-03-29 15:16:43.740,20323,20324,20324,1,1
2024-03-29 15:16:44.318,20323,20324,20323,2,-2
2024-03-29 15:16:45.786,20323,20324,20323,1,-1
2024-03-29 15:16:46.621,20322,20323,20323,3,3
2024-03-29 15:16:48.600,20322,20323,20323,1,1
2024-03-29 15:16:49.421,20322,20323,20322,1,-1
2024-03-29 15:16:49.536,20322,20323,20322,3,-3
2024-03-29 15:16:49.551,20322,20323,20321,1,-1
2024-03-29 15:16:49.758,20321,20323,20321,1,-1
2024-03-29 15:16:49.766,20321,20323,20321,1,-1
2024-03-29 15:16:52.612,20322,20323,20322,5,-5
2024-03-29 15:16:52.612,20322,20323,20321,10,-10
2024-03-29 15:16:53.427,20321,20322,20321,1,-1
2024-03-29 15:16:53.861,20321,20322,20321,1,-1
2024-03-29 15:16:54.049,20321,20322,20320,14,-14
2024-03-29 15:16:54.049,20321,20322,20321,1,-1
2024-03-29 15:16:54.230,20320,20322,20320,3,-3
2024-03-29 15:16:54.270,20320,20322,20320,2,-2
2024-03-29 15:16:54.451,20320,20322,20320,1,-1
2024-03-29 15:16:55.359,20320,20321,20320,2,-2
2024-03-29 15:16:55.541,20320,20321,20321,1,1
2024-03-29 15:16:55.750,20320,20322,20320,2,-2
2024-03-29 15:16:55.807,20320,20322,20320,4,-4
2024-03-29 15:16:56.137,20321,20322,20322,2,2
2024-03-29 15:16:57.689,20321,20322,20321,3,-3
2024-03-29 15:16:57.883,20320,20321,20320,9,-9
2024-03-29 15:16:58.215,20320,20321,20321,1,1
2024-03-29 15:16:59.545,20320,20321,20320,1,-1
2024-03-29 15:17:00.243,20320,20321,20321,3,3
2024-03-29 15:17:00.258,20320,20321,20320,2,-2
2024-03-29 15:17:00.619,20320,20321,20321,1,1
2024-03-29 15:17:01.291,20320,20321,20320,5,-5
2024-03-29 15:17:01.445,20319,20321,20321,2,2
2024-03-29 15:17:01.741,20319,20321,20321,1,1
2024-03-29 15:17:02.168,20320,20322,20322,1,1
2024-03-29 15:17:03.223,20321,20322,20321,1,-1
2024-03-29 15:17:03.503,20321,20322,20321,1,-1
2024-03-29 15:17:03.524,20321,20322,20321,1,-1
2024-03-29 15:17:04.680,20321,20322,20321,1,-1
2024-03-29 15:17:04.763,20321,20322,20321,1,-1
2024-03-29 15:17:06.343,20321,20322,20321,1,-1
2024-03-29 15:17:11.045,20321,20322,20322,1,1
2024-03-29 15:17:11.047,20321,20322,20322,5,5
2024-03-29 15:17:12.664,20322,20323,20323,4,4
2024-03-29 15:17:14.044,20323,20324,20324,1,1
2024-03-29 15:17:14.372,20323,20324,20323,1,-1
2024-03-29 15:17:14.675,20323,20324,20323,2,-2
2024-03-29 15:17:15.464,20323,20324,20324,1,1
2024-03-29 15:17:15.753,20323,20324,20324,3,3
2024-03-29 15:17:17.163,20323,20324,20323,1,-1
2024-03-29 15:17:19.578,20323,20324,20323,1,-1
2024-03-29 15:17:19.747,20323,20324,20324,3,3
2024-03-29 15:17:19.748,20323,20324,20324,2,2
2024-03-29 15:17:21.743,20324,20325,20324,1,-1
2024-03-29 15:17:23.510,20324,20325,20324,1,-1
2024-03-29 15:17:24.019,20324,20325,20325,1,1
2024-03-29 15:17:24.020,20324,20325,20325,6,6
2024-03-29 15:17:24.488,20324,20326,20324,1,-1
2024-03-29 15:17:27.581,20324,20325,20324,4,-4
2024-03-29 15:17:27.606,20324,20325,20325,1,1
2024-03-29 15:17:28.094,20324,20325,20325,1,1
2024-03-29 15:17:28.604,20325,20326,20326,1,1
2024-03-29 15:17:28.932,20325,20326,20326,2,2
2024-03-29 15:17:30.925,20326,20327,20326,1,-1
2024-03-29 15:17:32.248,20326,20327,20326,2,-2
2024-03-29 15:17:33.399,20325,20327,20325,1,-1
2024-03-29 15:17:35.781,20325,20327,20325,2,-2
2024-03-29 15:17:38.322,20326,20327,20327,1,1
2024-03-29 15:17:39.750,20326,20327,20327,1,1
2024-03-29 15:17:40.019,20326,20328,20328,2,2
2024-03-29 15:17:41.564,20327,20328,20327,1,-1
2024-03-29 15:17:44.562,20327,20328,20328,1,1
2024-03-29 15:17:44.562,20327,20328,20328,2,2
2024-03-29 15:17:44.562,20327,20328,20328,1,1
2024-03-29 15:17:45.526,20327,20329,20329,1,1
2024-03-29 15:17:45.610,20327,20329,20329,2,2
2024-03-29 15:17:47.639,20328,20329,20328,2,-2
2024-03-29 15:17:49.098,20328,20329,20328,1,-1
2024-03-29 15:17:51.103,20328,20329,20329,2,2
2024-03-29 15:17:53.019,20328,20329,20328,1,-1
2024-03-29 15:17:53.806,20328,20329,20329,2,2
2024-03-29 15:17:55.377,20329,20330,20329,1,-1
2024-03-29 15:17:55.934,20329,20330,20329,1,-1
2024-03-29 15:17:56.145,20329,20330,20329,1,-1
2024-03-29 15:17:56.678,20329,20330,20329,1,-1
2024-03-29 15:18:00.809,20329,20330,20329,1,-1
2024-03-29 15:18:01.017,20329,20330,20330,1,1
2024-03-29 15:18:01.057,20329,20330,20330,1,1
2024-03-29 15:18:01.061,20329,20330,20330,1,1
2024-03-29 15:18:01.220,20329,20330,20330,1,1
2024-03-29 15:18:01.272,20329,20330,20330,5,5
2024-03-29 15:18:02.385,20329,20330,20330,2,2
2024-03-29 15:18:02.627,20329,20330,20329,2,-2
2024-03-29 15:18:03.159,20329,20330,20329,1,-1
2024-03-29 15:18:03.665,20329,20330,20330,1,1
2024-03-29 15:18:04.583,20329,20330,20329,1,-1
2024-03-29 15:18:06.745,20329,20330,20330,2,2
2024-03-29 15:18:11.578,20330,20331,20330,1,-1
2024-03-29 15:18:11.824,20330,20331,20330,1,-1
2024-03-29 15:18:12.636,20330,20331,20330,1,-1
2024-03-29 15:18:13.983,20330,20331,20331,1,1
2024-03-29 15:18:16.170,20330,20331,20331,3,3
2024-03-29 15:18:18.032,20330,20331,20331,5,5
2024-03-29 15:18:18.850,20330,20331,20331,5,5
2024-03-29 15:18:20.045,20330,20331,20331,1,1
2024-03-29 15:18:21.600,20330,20331,20331,6,6
2024-03-29 15:18:22.738,20330,20331,20331,1,1
2024-03-29 15:18:24.831,20330,20331,20331,1,1
2024-03-29 15:18:29.206,20330,20331,20331,3,3
2024-03-29 15:18:29.275,20330,20331,20331,13,13
2024-03-29 15:18:32.906,20331,20332,20333,2,2
2024-03-29 15:18:32.906,20331,20332,20332,1,1
2024-03-29 15:18:32.977,20331,20333,20331,2,-2
2024-03-29 15:18:35.217,20331,20333,20333,1,1
2024-03-29 15:18:35.327,20331,20333,20333,2,2
2024-03-29 15:18:35.329,20331,20333,20332,1,1
2024-03-29 15:18:37.464,20332,20333,20333,1,1
2024-03-29 15:18:38.927,20332,20334,20334,1,1
2024-03-29 15:18:41.061,20332,20333,20332,1,-1
2024-03-29 15:18:41.225,20331,20333,20333,1,1
2024-03-29 15:18:43.323,20331,20333,20333,2,2
2024-03-29 15:18:47.974,20331,20333,20333,1,1
2024-03-29 15:18:49.454,20331,20333,20333,1,1
2024-03-29 15:18:51.097,20331,20333,20333,1,1
2024-03-29 15:18:52.372,20331,20333,20333,1,1
2024-03-29 15:19:02.210,20331,20332,20332,1,1
2024-03-29 15:19:02.718,20331,20333,20331,1,-1
2024-03-29 15:19:05.479,20331,20332,20332,1,1
2024-03-29 15:19:05.479,20331,20332,20333,3,3
2024-03-29 15:19:13.758,20331,20333,20331,5,-5
2024-03-29 15:19:13.758,20331,20333,20331,1,-1
2024-03-29 15:19:16.763,20330,20331,20331,2,2
2024-03-29 15:19:22.190,20330,20332,20330,2,-2
2024-03-29 15:19:31.828,20331,20332,20331,2,-2
2024-03-29 15:19:34.300,20331,20332,20331,1,-1
2024-03-29 15:19:45.489,20331,20332,20331,1,-1
2024-03-29 15:19:46.367,20331,20332,20331,2,-2
2024-03-29 15:19:47.019,20331,20332,20331,1,-1
2024-03-29 15:19:50.037,20331,20332,20332,2,2
2024-03-29 15:19:52.261,20331,20332,20331,3,-3
2024-03-29 15:19:54.409,20330,20331,20331,1,1
2024-03-29 15:20:02.141,20330,20331,20330,11,-11
2024-03-29 15:20:02.309,20329,20330,20329,3,-3
2024-03-29 15:20:02.309,20329,20330,20329,7,-7
2024-03-29 15:20:02.309,20329,20330,20329,2,-2
2024-03-29 15:20:02.334,20329,20330,20329,1,-1
2024-03-29 15:20:02.426,20328,20329,20328,1,-1
2024-03-29 15:20:12.358,20328,20329,20328,1,-1
2024-03-29 15:20:13.964,20328,20329,20328,3,-3
2024-03-29 15:20:14.355,20327,20328,20327,1,-1
2024-03-29 15:20:14.425,20327,20328,20327,2,-2
2024-03-29 15:20:14.929,20326,20327,20326,5,-5
2024-03-29 15:20:17.584,20326,20327,20327,1,1
2024-03-29 15:20:19.339,20326,20327,20326,1,-1
2024-03-29 15:20:21.088,20326,20327,20327,2,2
2024-03-29 15:20:22.393,20326,20327,20326,1,-1
2024-03-29 15:20:22.535,20326,20327,20326,1,-1
2024-03-29 15:20:23.001,20326,20327,20326,1,-1
2024-03-29 15:20:25.272,20326,20327,20326,1,-1
2024-03-29 15:20:26.569,20326,20327,20326,5,-5
2024-03-29 15:20:27.374,20325,20327,20325,2,-2
2024-03-29 15:20:30.023,20325,20326,20325,2,-2
2024-03-29 15:20:35.845,20325,20326,20326,1,1
2024-03-29 15:20:41.699,20326,20327,20327,1,1
2024-03-29 15:20:41.722,20326,20327,20326,1,-1
2024-03-29 15:20:42.001,20326,20327,20326,1,-1
2024-03-29 15:20:42.988,20325,20327,20327,1,1
2024-03-29 15:20:53.862,20326,20327,20327,7,7
2024-03-29 15:20:54.103,20326,20327,20326,5,-5
2024-03-29 15:21:00.277,20326,20327,20326,1,-1
2024-03-29 15:21:16.388,20325,20326,20325,6,-6
2024-03-29 15:21:17.214,20325,20326,20326,1,1
2024-03-29 15:21:21.398,20325,20326,20325,2,-2
2024-03-29 15:21:23.529,20325,20326,20326,1,1
2024-03-29 15:21:27.619,20325,20326,20326,1,1
2024-03-29 15:21:29.172,20325,20326,20325,15,-15
2024-03-29 15:21:29.172,20325,20326,20324,19,-19
2024-03-29 15:21:29.173,20325,20326,20324,9,-9
2024-03-29 15:21:29.174,20325,20326,20323,7,-7
2024-03-29 15:21:29.177,20325,20326,20323,3,-3
2024-03-29 15:21:29.290,20322,20324,20323,1,-1
2024-03-29 15:21:29.294,20322,20324,20322,1,-1
2024-03-29 15:21:34.600,20322,20324,20322,2,-2
2024-03-29 15:21:36.079,20322,20323,20322,3,-3
2024-03-29 15:21:36.079,20322,20323,20321,19,-19
2024-03-29 15:21:36.863,20321,20322,20321,22,-22
2024-03-29 15:21:36.864,20321,20322,20321,2,-2
2024-03-29 15:21:37.251,20320,20321,20321,1,1
2024-03-29 15:21:40.793,20320,20321,20320,1,-1
2024-03-29 15:21:41.117,20320,20321,20321,1,1
2024-03-29 15:21:41.623,20320,20321,20321,1,1
2024-03-29 15:21:42.871,20320,20321,20320,2,-2
2024-03-29 15:21:43.600,20320,20321,20321,1,1
2024-03-29 15:21:45.805,20320,20321,20320,1,-1
2024-03-29 15:21:46.412,20320,20321,20321,2,2
2024-03-29 15:21:47.507,20320,20322,20322,5,5
2024-03-29 15:21:49.419,20321,20322,20321,1,-1
2024-03-29 15:21:50.276,20321,20322,20322,3,3
2024-03-29 15:21:50.370,20321,20322,20322,1,1
2024-03-29 15:21:50.423,20321,20323,20321,1,-1
2024-03-29 15:21:54.457,20322,20324,20322,1,-1
2024-03-29 15:21:56.934,20322,20324,20322,1,-1
2024-03-29 15:21:58.433,20322,20324,20324,5,5
2024-03-29 15:21:59.176,20322,20324,20322,1,-1
2024-03-29 15:22:19.746,20323,20324,20324,1,1
2024-03-29 15:22:22.433,20323,20324,20323,6,-6
2024-03-29 15:22:22.433,20323,20324,20322,4,-4
2024-03-29 15:22:22.561,20323,20324,20324,1,1
2024-03-29 15:22:26.889,20323,20325,20323,1,-1
2024-03-29 15:22:31.810,20323,20325,20323,1,-1
2024-03-29 15:22:41.577,20323,20324,20324,2,2
2024-03-29 15:22:43.083,20323,20325,20323,1,-1
2024-03-29 15:22:44.966,20323,20325,20324,1,-1
2024-03-29 15:22:44.968,20323,20325,20325,1,1
2024-03-29 15:22:44.968,20323,20325,20325,1,1
2024-03-29 15:22:44.968,20323,20325,20325,1,1
2024-03-29 15:22:44.968,20323,20325,20325,1,1
2024-03-29 15:22:51.532,20325,20326,20326,4,4
2024-03-29 15:22:51.533,20325,20326,20326,8,8
2024-03-29 15:22:51.792,20326,20327,20326,4,-4
2024-03-29 15:23:02.552,20326,20327,20326,1,-1
2024-03-29 15:23:02.583,20326,20327,20326,1,-1
2024-03-29 15:23:03.251,20325,20326,20325,1,-1
2024-03-29 15:23:04.720,20325,20326,20325,1,-1
2024-03-29 15:23:13.964,20325,20326,20325,1,-1
2024-03-29 15:23:16.822,20325,20326,20325,1,-1
2024-03-29 15:23:19.083,20325,20326,20325,1,-1
2024-03-29 15:23:44.372,20324,20325,20324,1,-1
2024-03-29 15:23:44.506,20324,20325,20325,1,1
2024-03-29 15:23:45.392,20324,20325,20324,2,-2
2024-03-29 15:23:47.102,20324,20325,20325,2,2
2024-03-29 15:24:01.532,20324,20325,20324,1,-1
2024-03-29 15:24:01.710,20324,20325,20324,1,-1
2024-03-29 15:24:10.287,20324,20325,20324,1,-1
2024-03-29 15:24:11.244,20324,20325,20324,1,-1
2024-03-29 15:24:11.244,20324,20325,20323,1,-1
2024-03-29 15:24:27.093,20323,20325,20323,2,-2
2024-03-29 15:24:32.392,20323,20325,20323,1,-1
2024-03-29 15:24:47.347,20324,20325,20325,1,1
2024-03-29 15:24:58.273,20324,20325,20324,3,-3
2024-03-29 15:25:13.369,20324,20325,20324,1,-1
2024-03-29 15:25:26.335,20324,20325,20324,1,-1
2024-03-29 15:25:34.037,20324,20325,20324,1,-1
2024-03-29 15:25:37.538,20324,20325,20324,1,-1
2024-03-29 15:25:40.538,20324,20325,20324,1,-1
2024-03-29 15:25:51.273,20324,20325,20324,1,-1
2024-03-29 15:25:53.106,20324,20325,20324,1,-1
2024-03-29 15:26:03.674,20324,20325,20324,1,-1
2024-03-29 15:26:04.270,20324,20325,20324,1,-1
2024-03-29 15:26:14.229,20324,20325,20324,1,-1
2024-03-29 15:26:15.226,20324,20325,20324,1,-1
2024-03-29 15:26:16.741,20324,20325,20324,7,-7
2024-03-29 15:26:37.828,20323,20324,20323,1,-1
2024-03-29 15:26:41.074,20323,20324,20323,1,-1
2024-03-29 15:26:46.593,20323,20324,20323,1,-1
2024-03-29 15:26:47.171,20323,20324,20323,2,-2
2024-03-29 15:26:47.572,20323,20324,20323,3,-3
2024-03-29 15:26:47.573,20323,20324,20323,9,-9
2024-03-29 15:26:47.573,20323,20324,20323,1,-1
2024-03-29 15:26:47.573,20323,20324,20323,3,-3
2024-03-29 15:26:47.573,20323,20324,20323,1,-1
2024-03-29 15:26:47.573,20323,20324,20323,1,-1
2024-03-29 15:26:47.573,20323,20324,20323,3,-3
2024-03-29 15:26:47.573,20323,20324,20323,4,-4
2024-03-29 15:26:49.525,20322,20323,20322,1,-1
2024-03-29 15:26:52.090,20322,20323,20322,1,-1
2024-03-29 15:26:57.335,20322,20323,20322,1,-1
2024-03-29 15:27:01.766,20322,20323,20322,1,-1
2024-03-29 15:27:04.580,20322,20323,20322,1,-1
2024-03-29 15:27:16.942,20322,20323,20323,4,4
2024-03-29 15:27:19.047,20322,20323,20322,1,-1
2024-03-29 15:27:19.991,20322,20323,20323,1,1
2024-03-29 15:27:20.153,20322,20323,20323,1,1
2024-03-29 15:27:32.885,20322,20323,20323,2,2
2024-03-29 15:27:35.839,20322,20323,20322,5,-5
2024-03-29 15:27:39.182,20322,20323,20322,1,-1
2024-03-29 15:27:39.182,20322,20323,20321,1,-1
2024-03-29 15:27:40.294,20322,20323,20322,1,-1
2024-03-29 15:27:50.165,20321,20322,20322,1,1
