2022-12-23 15:00:00,14191,14191,14191,122,0
2022-12-23 15:00:00,14193,14193,14193,8,8
2022-12-23 15:00:00,14194,14194,14194,2,2
2022-12-23 15:00:00,14191,14191,14191,2,-2
2022-12-23 15:00:00,14191,14191,14191,6,0
2022-12-23 15:00:00,14190,14190,14190,4,-4
2022-12-23 15:00:00,14191,14191,14191,2,2
2022-12-23 15:00:00,14190,14190,14190,2,-2
2022-12-23 15:00:00,14192,14192,14192,2,2
2022-12-23 15:00:00,14191,14191,14191,2,-2
2022-12-23 15:00:00,14191,14191,14191,2,0
2022-12-23 15:00:00,14190,14190,14190,2,-2
2022-12-23 15:00:00,14190,14190,14190,4,0
2022-12-23 15:00:00,14190,14190,14190,4,0
2022-12-23 15:00:00,14190,14190,14190,2,0
2022-12-23 15:00:00,14190,14190,14190,2,0
2022-12-23 15:00:00,14190,14190,14190,2,0
2022-12-23 15:00:00,14190,14190,14190,2,0
2022-12-23 15:00:00,14190,14190,14190,2,0
2022-12-23 15:00:01,14189,14189,14189,6,-6
2022-12-23 15:00:01,14190,14190,14190,2,2
2022-12-23 15:00:01,14188,14188,14188,2,-2
2022-12-23 15:00:01,14188,14188,14188,2,0
2022-12-23 15:00:01,14188,14188,14188,2,0
2022-12-23 15:00:01,14187,14187,14187,2,-2
2022-12-23 15:00:01,14187,14187,14187,2,0
2022-12-23 15:00:01,14187,14187,14187,2,0
2022-12-23 15:00:01,14188,14188,14188,4,4
2022-12-23 15:00:02,14188,14188,14188,6,0
2022-12-23 15:00:02,14189,14189,14189,2,2
2022-12-23 15:00:03,14189,14189,14189,2,0
2022-12-23 15:00:03,14189,14189,14189,2,0
2022-12-23 15:00:03,14189,14189,14189,2,0
2022-12-23 15:00:04,14191,14191,14191,6,6
2022-12-23 15:00:05,14192,14192,14192,2,2
2022-12-23 15:00:05,14192,14192,14192,4,0
2022-12-23 15:00:06,14192,14192,14192,2,0
2022-12-23 15:00:08,14190,14190,14190,2,-2
2022-12-23 15:00:08,14191,14191,14191,2,2
2022-12-23 15:00:09,14191,14191,14191,10,0
2022-12-23 15:00:09,14193,14193,14193,2,2
2022-12-23 15:00:10,14192,14192,14192,2,-2
2022-12-23 15:00:10,14192,14192,14192,2,0
2022-12-23 15:00:10,14193,14193,14193,2,2
2022-12-23 15:00:13,14193,14193,14193,2,0
2022-12-23 15:00:13,14194,14194,14194,2,2
2022-12-23 15:00:13,14194,14194,14194,2,0
2022-12-23 15:00:13,14194,14194,14194,4,0
2022-12-23 15:00:14,14194,14194,14194,4,0
2022-12-23 15:00:14,14193,14193,14193,4,-4
2022-12-23 15:00:14,14192,14192,14192,4,-4
2022-12-23 15:00:14,14192,14192,14192,2,0
2022-12-23 15:00:14,14192,14192,14192,2,0
2022-12-23 15:00:16,14194,14194,14194,6,6
2022-12-23 15:00:17,14194,14194,14194,2,0
2022-12-23 15:00:17,14194,14194,14194,8,0
2022-12-23 15:00:17,14194,14194,14194,36,0
2022-12-23 15:00:17,14194,14194,14194,2,0
2022-12-23 15:00:18,14193,14193,14193,2,-2
2022-12-23 15:00:18,14192,14192,14192,2,-2
2022-12-23 15:00:18,14192,14192,14192,2,0
2022-12-23 15:00:18,14192,14192,14192,2,0
2022-12-23 15:00:19,14192,14192,14192,2,0
2022-12-23 15:00:20,14192,14192,14192,8,0
2022-12-23 15:00:20,14192,14192,14192,2,0
2022-12-23 15:00:20,14192,14192,14192,2,0
2022-12-23 15:00:21,14192,14192,14192,2,0
2022-12-23 15:00:21,14192,14192,14192,2,0
2022-12-23 15:00:21,14193,14193,14193,2,2
2022-12-23 15:00:25,14193,14193,14193,2,0
2022-12-23 15:00:25,14193,14193,14193,2,0
2022-12-23 15:00:25,14193,14193,14193,2,0
2022-12-23 15:00:27,14193,14193,14193,2,0
2022-12-23 15:00:27,14193,14193,14193,2,0
2022-12-23 15:00:27,14193,14193,14193,2,0
2022-12-23 15:00:27,14193,14193,14193,2,0
2022-12-23 15:00:27,14193,14193,14193,2,0
2022-12-23 15:00:27,14193,14193,14193,2,0
2022-12-23 15:00:27,14193,14193,14193,2,0
2022-12-23 15:00:27,14193,14193,14193,2,0
2022-12-23 15:00:27,14193,14193,14193,2,0
2022-12-23 15:00:27,14193,14193,14193,2,0
2022-12-23 15:00:28,14192,14192,14192,2,-2
2022-12-23 15:00:28,14192,14192,14192,2,0
2022-12-23 15:00:28,14192,14192,14192,4,0
2022-12-23 15:00:28,14193,14193,14193,2,2
2022-12-23 15:00:28,14193,14193,14193,2,0
2022-12-23 15:00:30,14191,14191,14191,2,-2
2022-12-23 15:00:30,14190,14190,14190,2,-2
2022-12-23 15:00:36,14193,14193,14193,36,36
2022-12-23 15:00:37,14193,14193,14193,2,0
2022-12-23 15:00:37,14193,14193,14193,2,0
2022-12-23 15:00:37,14193,14193,14193,2,0
2022-12-23 15:00:37,14193,14193,14193,2,0
2022-12-23 15:00:39,14194,14194,14194,4,4
2022-12-23 15:00:39,14195,14195,14195,4,4
2022-12-23 15:00:39,14194,14194,14194,2,-2
2022-12-23 15:00:39,14195,14195,14195,8,8
2022-12-23 15:00:40,14193,14193,14193,2,-2
2022-12-23 15:00:40,14192,14192,14192,2,-2
2022-12-23 15:00:40,14192,14192,14192,2,0
2022-12-23 15:00:40,14192,14192,14192,2,0
2022-12-23 15:00:44,14192,14192,14192,2,0
2022-12-23 15:00:45,14193,14193,14193,2,2
2022-12-23 15:00:48,14193,14193,14193,4,0
2022-12-23 15:00:48,14194,14194,14194,2,2
2022-12-23 15:00:49,14193,14193,14193,4,-4
2022-12-23 15:00:52,14193,14193,14193,2,0
2022-12-23 15:00:53,14194,14194,14194,4,4
2022-12-23 15:00:53,14194,14194,14194,4,0
2022-12-23 15:00:53,14194,14194,14194,4,0
2022-12-23 15:00:55,14193,14193,14193,2,-2
2022-12-23 15:00:55,14193,14193,14193,2,0
2022-12-23 15:00:55,14193,14193,14193,2,0
2022-12-23 15:00:57,14193,14193,14193,2,0
2022-12-23 15:00:58,14193,14193,14193,2,0
2022-12-23 15:00:59,14192,14192,14192,2,-2
2022-12-23 15:01:00,14192,14192,14192,10,0
2022-12-23 15:01:00,14192,14192,14192,2,0
2022-12-23 15:01:02,14191,14191,14191,2,-2
2022-12-23 15:01:03,14191,14191,14191,2,0
2022-12-23 15:01:03,14191,14191,14191,2,0
2022-12-23 15:01:03,14191,14191,14191,2,0
2022-12-23 15:01:03,14191,14191,14191,2,0
2022-12-23 15:01:05,14191,14191,14191,2,0
2022-12-23 15:01:07,14191,14191,14191,2,0
2022-12-23 15:01:09,14191,14191,14191,2,0
2022-12-23 15:01:09,14191,14191,14191,2,0
2022-12-23 15:01:09,14191,14191,14191,2,0
2022-12-23 15:01:10,14191,14191,14191,2,0
2022-12-23 15:01:11,14191,14191,14191,2,0
2022-12-23 15:01:13,14190,14190,14190,2,-2
2022-12-23 15:01:13,14190,14190,14190,2,0
2022-12-23 15:01:13,14190,14190,14190,2,0
2022-12-23 15:01:13,14190,14190,14190,2,0
2022-12-23 15:01:13,14190,14190,14190,2,0
2022-12-23 15:01:13,14190,14190,14190,8,0
2022-12-23 15:01:13,14190,14190,14190,2,0
2022-12-23 15:01:14,14189,14189,14189,2,-2
2022-12-23 15:01:14,14188,14188,14188,2,-2
2022-12-23 15:01:14,14188,14188,14188,2,0
2022-12-23 15:01:14,14188,14188,14188,2,0
2022-12-23 15:01:14,14188,14188,14188,2,0
2022-12-23 15:01:14,14189,14189,14189,2,2
2022-12-23 15:01:15,14188,14188,14188,2,-2
2022-12-23 15:01:15,14188,14188,14188,2,0
2022-12-23 15:01:15,14188,14188,14188,2,0
2022-12-23 15:01:15,14187,14187,14187,2,-2
2022-12-23 15:01:15,14187,14187,14187,2,0
2022-12-23 15:01:15,14187,14187,14187,2,0
2022-12-23 15:01:16,14189,14189,14189,2,2
2022-12-23 15:01:16,14188,14188,14188,2,-2
2022-12-23 15:01:17,14188,14188,14188,2,0
2022-12-23 15:01:17,14188,14188,14188,2,0
2022-12-23 15:01:17,14188,14188,14188,4,0
2022-12-23 15:01:17,14189,14189,14189,2,2
2022-12-23 15:01:17,14188,14188,14188,2,-2
2022-12-23 15:01:19,14189,14189,14189,2,2
2022-12-23 15:01:27,14188,14188,14188,2,-2
2022-12-23 15:01:27,14187,14187,14187,6,-6
2022-12-23 15:01:27,14187,14187,14187,2,0
2022-12-23 15:01:27,14187,14187,14187,2,0
2022-12-23 15:01:27,14187,14187,14187,2,0
2022-12-23 15:01:30,14188,14188,14188,2,2
2022-12-23 15:01:31,14188,14188,14188,2,0
2022-12-23 15:01:35,14186,14186,14186,2,-2
2022-12-23 15:01:35,14186,14186,14186,2,0
2022-12-23 15:01:35,14186,14186,14186,10,0
2022-12-23 15:01:36,14186,14186,14186,2,0
2022-12-23 15:01:42,14185,14185,14185,2,-2
2022-12-23 15:01:42,14185,14185,14185,2,0
2022-12-23 15:01:42,14185,14185,14185,2,0
2022-12-23 15:01:42,14185,14185,14185,4,0
2022-12-23 15:01:42,14185,14185,14185,2,0
2022-12-23 15:01:42,14185,14185,14185,2,0
2022-12-23 15:01:42,14184,14184,14184,2,-2
2022-12-23 15:01:42,14184,14184,14184,4,0
2022-12-23 15:01:42,14184,14184,14184,2,0
2022-12-23 15:01:42,14183,14183,14183,2,-2
2022-12-23 15:01:42,14185,14185,14185,2,2
2022-12-23 15:01:42,14184,14184,14184,2,-2
2022-12-23 15:01:48,14185,14185,14185,2,2
2022-12-23 15:01:51,14185,14185,14185,14,0
2022-12-23 15:01:52,14184,14184,14184,2,-2
2022-12-23 15:01:53,14185,14185,14185,4,4
2022-12-23 15:01:53,14185,14185,14185,2,0
2022-12-23 15:01:53,14185,14185,14185,2,0
2022-12-23 15:01:54,14185,14185,14185,2,0
2022-12-23 15:01:54,14184,14184,14184,2,-2
2022-12-23 15:01:54,14184,14184,14184,2,0
2022-12-23 15:01:55,14185,14185,14185,2,2
2022-12-23 15:01:55,14185,14185,14185,2,0
2022-12-23 15:01:55,14184,14184,14184,2,-2
2022-12-23 15:01:55,14184,14184,14184,2,0
2022-12-23 15:01:55,14184,14184,14184,2,0
2022-12-23 15:01:55,14184,14184,14184,4,0
2022-12-23 15:01:55,14184,14184,14184,4,0
2022-12-23 15:01:55,14184,14184,14184,2,0
2022-12-23 15:01:55,14185,14185,14185,2,2
2022-12-23 15:02:00,14185,14185,14185,2,0
2022-12-23 15:02:00,14185,14185,14185,2,0
2022-12-23 15:02:00,14184,14184,14184,2,-2
2022-12-23 15:02:01,14184,14184,14184,2,0
2022-12-23 15:02:01,14185,14185,14185,2,2
2022-12-23 15:02:01,14185,14185,14185,2,0
2022-12-23 15:02:02,14183,14183,14183,2,-2
2022-12-23 15:02:02,14183,14183,14183,2,0
2022-12-23 15:02:03,14185,14185,14185,2,2
2022-12-23 15:02:03,14185,14185,14185,2,0
2022-12-23 15:02:03,14184,14184,14184,2,-2
2022-12-23 15:02:03,14184,14184,14184,2,0
2022-12-23 15:02:03,14183,14183,14183,2,-2
2022-12-23 15:02:03,14183,14183,14183,4,0
2022-12-23 15:02:04,14183,14183,14183,4,0
2022-12-23 15:02:05,14185,14185,14185,2,2
2022-12-23 15:02:06,14183,14183,14183,2,-2
2022-12-23 15:02:07,14185,14185,14185,2,2
2022-12-23 15:02:11,14183,14183,14183,2,-2
2022-12-23 15:02:11,14183,14183,14183,2,0
2022-12-23 15:02:13,14185,14185,14185,4,4
2022-12-23 15:02:14,14185,14185,14185,2,0
2022-12-23 15:02:17,14186,14186,14186,2,2
2022-12-23 15:02:17,14184,14184,14184,2,-2
2022-12-23 15:02:20,14184,14184,14184,2,0
2022-12-23 15:02:24,14185,14185,14185,6,6
2022-12-23 15:02:25,14186,14186,14186,8,8
2022-12-23 15:02:27,14186,14186,14186,2,0
2022-12-23 15:02:29,14187,14187,14187,2,2
2022-12-23 15:02:34,14186,14186,14186,2,-2
2022-12-23 15:02:39,14186,14186,14186,2,0
2022-12-23 15:02:40,14186,14186,14186,8,0
2022-12-23 15:02:41,14185,14185,14185,2,-2
2022-12-23 15:02:43,14186,14186,14186,2,2
2022-12-23 15:02:48,14187,14187,14187,2,2
2022-12-23 15:02:48,14188,14188,14188,8,8
2022-12-23 15:02:48,14187,14187,14187,2,-2
2022-12-23 15:02:53,14188,14188,14188,8,8
2022-12-23 15:02:53,14188,14188,14188,2,0
2022-12-23 15:02:53,14189,14189,14189,2,2
2022-12-23 15:02:53,14189,14189,14189,4,0
2022-12-23 15:02:56,14188,14188,14188,2,-2
2022-12-23 15:02:56,14187,14187,14187,2,-2
2022-12-23 15:02:56,14187,14187,14187,4,0
2022-12-23 15:02:56,14187,14187,14187,4,0
2022-12-23 15:02:56,14187,14187,14187,2,0
2022-12-23 15:02:56,14187,14187,14187,2,0
2022-12-23 15:02:56,14187,14187,14187,2,0
2022-12-23 15:03:11,14188,14188,14188,2,2
2022-12-23 15:03:15,14188,14188,14188,2,0
2022-12-23 15:03:19,14188,14188,14188,2,0
2022-12-23 15:03:20,14189,14189,14189,4,4
2022-12-23 15:03:20,14190,14190,14190,2,2
2022-12-23 15:03:20,14190,14190,14190,2,0
2022-12-23 15:03:20,14190,14190,14190,4,0
2022-12-23 15:03:20,14190,14190,14190,2,0
2022-12-23 15:03:20,14190,14190,14190,2,0
2022-12-23 15:03:20,14190,14190,14190,2,0
2022-12-23 15:03:20,14190,14190,14190,2,0
2022-12-23 15:03:20,14190,14190,14190,10,0
2022-12-23 15:03:26,14191,14191,14191,4,4
2022-12-23 15:03:33,14192,14192,14192,6,6
2022-12-23 15:03:36,14192,14192,14192,2,0
2022-12-23 15:03:36,14192,14192,14192,4,0
2022-12-23 15:03:37,14191,14191,14191,2,-2
2022-12-23 15:03:44,14191,14191,14191,2,0
2022-12-23 15:03:44,14191,14191,14191,2,0
2022-12-23 15:03:58,14192,14192,14192,10,10
2022-12-23 15:04:06,14192,14192,14192,2,0
2022-12-23 15:04:07,14192,14192,14192,2,0
2022-12-23 15:04:08,14192,14192,14192,6,0
2022-12-23 15:04:10,14193,14193,14193,8,8
2022-12-23 15:04:10,14194,14194,14194,2,2
2022-12-23 15:04:10,14193,14193,14193,2,-2
2022-12-23 15:04:13,14194,14194,14194,12,12
2022-12-23 15:04:13,14193,14193,14193,2,-2
2022-12-23 15:04:16,14193,14193,14193,4,0
2022-12-23 15:04:19,14195,14195,14195,28,28
2022-12-23 15:04:19,14196,14196,14196,8,8
2022-12-23 15:04:19,14197,14197,14197,2,2
2022-12-23 15:04:19,14196,14196,14196,2,-2
2022-12-23 15:04:19,14197,14197,14197,4,4
2022-12-23 15:04:19,14198,14198,14198,6,6
2022-12-23 15:04:19,14198,14198,14198,2,0
2022-12-23 15:04:19,14198,14198,14198,2,0
2022-12-23 15:04:19,14198,14198,14198,2,0
2022-12-23 15:04:19,14198,14198,14198,2,0
2022-12-23 15:04:19,14198,14198,14198,2,0
2022-12-23 15:04:19,14196,14196,14196,2,-2
2022-12-23 15:04:20,14196,14196,14196,2,0
2022-12-23 15:04:20,14194,14194,14194,2,-2
2022-12-23 15:04:22,14194,14194,14194,2,0
2022-12-23 15:04:22,14194,14194,14194,2,0
2022-12-23 15:04:22,14194,14194,14194,2,0
2022-12-23 15:04:22,14194,14194,14194,2,0
2022-12-23 15:04:24,14193,14193,14193,2,-2
2022-12-23 15:04:25,14194,14194,14194,2,2
2022-12-23 15:04:30,14195,14195,14195,2,2
2022-12-23 15:04:32,14196,14196,14196,4,4
2022-12-23 15:04:32,14197,14197,14197,2,2
2022-12-23 15:04:34,14195,14195,14195,2,-2
2022-12-23 15:04:35,14196,14196,14196,2,2
2022-12-23 15:04:39,14196,14196,14196,2,0
2022-12-23 15:04:40,14197,14197,14197,2,2
2022-12-23 15:04:40,14197,14197,14197,8,0
2022-12-23 15:04:42,14197,14197,14197,2,0
2022-12-23 15:04:43,14197,14197,14197,2,0
2022-12-23 15:04:43,14198,14198,14198,2,2
2022-12-23 15:04:44,14196,14196,14196,4,-4
2022-12-23 15:04:44,14197,14197,14197,2,2
2022-12-23 15:04:45,14197,14197,14197,2,0
2022-12-23 15:04:45,14197,14197,14197,2,0
2022-12-23 15:04:45,14197,14197,14197,2,0
2022-12-23 15:04:45,14197,14197,14197,2,0
2022-12-23 15:04:49,14196,14196,14196,2,-2
2022-12-23 15:04:51,14197,14197,14197,4,4
2022-12-23 15:04:53,14196,14196,14196,2,-2
2022-12-23 15:04:53,14196,14196,14196,2,0
2022-12-23 15:04:53,14196,14196,14196,2,0
2022-12-23 15:04:53,14196,14196,14196,2,0
2022-12-23 15:04:53,14196,14196,14196,2,0
2022-12-23 15:04:54,14196,14196,14196,4,0
2022-12-23 15:04:55,14196,14196,14196,2,0
2022-12-23 15:04:57,14196,14196,14196,2,0
2022-12-23 15:04:58,14196,14196,14196,2,0
2022-12-23 15:04:58,14195,14195,14195,2,-2
2022-12-23 15:04:58,14196,14196,14196,2,2
2022-12-23 15:04:59,14197,14197,14197,2,2
2022-12-23 15:04:59,14197,14197,14197,2,0
2022-12-23 15:04:59,14197,14197,14197,2,0
2022-12-23 15:04:59,14197,14197,14197,6,0
2022-12-23 15:04:59,14198,14198,14198,14,14
2022-12-23 15:05:00,14198,14198,14198,2,0
2022-12-23 15:05:01,14198,14198,14198,2,0
2022-12-23 15:05:03,14198,14198,14198,2,0
2022-12-23 15:05:04,14199,14199,14199,8,8
2022-12-23 15:05:06,14198,14198,14198,2,-2
2022-12-23 15:05:07,14198,14198,14198,2,0
2022-12-23 15:05:07,14197,14197,14197,2,-2
2022-12-23 15:05:07,14197,14197,14197,4,0
2022-12-23 15:05:07,14197,14197,14197,4,0
2022-12-23 15:05:09,14198,14198,14198,2,2
2022-12-23 15:05:15,14198,14198,14198,2,0
2022-12-23 15:05:16,14198,14198,14198,2,0
2022-12-23 15:05:17,14198,14198,14198,2,0
2022-12-23 15:05:20,14198,14198,14198,2,0
2022-12-23 15:05:20,14198,14198,14198,4,0
2022-12-23 15:05:20,14198,14198,14198,2,0
2022-12-23 15:05:26,14198,14198,14198,4,0
2022-12-23 15:05:28,14199,14199,14199,2,2
2022-12-23 15:05:28,14197,14197,14197,2,-2
2022-12-23 15:05:32,14198,14198,14198,2,2
2022-12-23 15:05:37,14198,14198,14198,2,0
2022-12-23 15:05:42,14198,14198,14198,2,0
2022-12-23 15:05:43,14197,14197,14197,2,-2
2022-12-23 15:05:43,14197,14197,14197,2,0
2022-12-23 15:05:45,14197,14197,14197,2,0
2022-12-23 15:05:47,14198,14198,14198,2,2
2022-12-23 15:05:48,14197,14197,14197,2,-2
2022-12-23 15:05:48,14197,14197,14197,6,0
2022-12-23 15:05:48,14197,14197,14197,2,0
2022-12-23 15:05:48,14197,14197,14197,2,0
2022-12-23 15:05:48,14197,14197,14197,2,0
2022-12-23 15:06:11,14197,14197,14197,2,0
2022-12-23 15:06:17,14196,14196,14196,2,-2
2022-12-23 15:06:19,14196,14196,14196,2,0
2022-12-23 15:06:23,14196,14196,14196,2,0
2022-12-23 15:06:24,14197,14197,14197,2,2
2022-12-23 15:06:25,14196,14196,14196,2,-2
2022-12-23 15:06:26,14197,14197,14197,2,2
2022-12-23 15:06:30,14197,14197,14197,4,0
2022-12-23 15:06:30,14196,14196,14196,2,-2
2022-12-23 15:06:31,14198,14198,14198,8,8
2022-12-23 15:06:31,14198,14198,14198,2,0
2022-12-23 15:06:31,14198,14198,14198,4,0
2022-12-23 15:06:32,14197,14197,14197,2,-2
2022-12-23 15:06:33,14199,14199,14199,2,2
2022-12-23 15:06:36,14197,14197,14197,2,-2
2022-12-23 15:06:37,14198,14198,14198,4,4
2022-12-23 15:06:37,14199,14199,14199,6,6
2022-12-23 15:06:39,14197,14197,14197,2,-2
2022-12-23 15:06:49,14198,14198,14198,2,2
2022-12-23 15:06:54,14198,14198,14198,2,0
2022-12-23 15:06:55,14199,14199,14199,4,4
2022-12-23 15:06:59,14198,14198,14198,2,-2
2022-12-23 15:07:00,14197,14197,14197,2,-2
2022-12-23 15:07:00,14197,14197,14197,4,0
2022-12-23 15:07:00,14197,14197,14197,2,0
2022-12-23 15:07:13,14197,14197,14197,2,0
2022-12-23 15:07:20,14196,14196,14196,2,-2
2022-12-23 15:07:20,14196,14196,14196,2,0
2022-12-23 15:07:20,14196,14196,14196,4,0
2022-12-23 15:07:20,14196,14196,14196,2,0
2022-12-23 15:07:20,14196,14196,14196,8,0
2022-12-23 15:07:20,14196,14196,14196,2,0
2022-12-23 15:07:20,14196,14196,14196,4,0
2022-12-23 15:07:29,14197,14197,14197,4,4
2022-12-23 15:07:35,14197,14197,14197,4,0
2022-12-23 15:07:39,14197,14197,14197,2,0
2022-12-23 15:07:56,14197,14197,14197,2,0
2022-12-23 15:08:11,14196,14196,14196,2,-2
2022-12-23 15:08:18,14196,14196,14196,2,0
2022-12-23 15:08:19,14196,14196,14196,2,0
2022-12-23 15:08:20,14195,14195,14195,2,-2
2022-12-23 15:08:20,14195,14195,14195,2,0
2022-12-23 15:08:20,14195,14195,14195,26,0
2022-12-23 15:08:23,14196,14196,14196,2,2
2022-12-23 15:08:26,14196,14196,14196,2,0
2022-12-23 15:08:27,14196,14196,14196,2,0
2022-12-23 15:08:28,14197,14197,14197,2,2
2022-12-23 15:08:40,14196,14196,14196,2,-2
2022-12-23 15:08:40,14197,14197,14197,2,2
2022-12-23 15:08:41,14197,14197,14197,20,0
2022-12-23 15:08:45,14197,14197,14197,2,0
2022-12-23 15:08:46,14198,14198,14198,2,2
2022-12-23 15:08:50,14196,14196,14196,2,-2
2022-12-23 15:08:52,14197,14197,14197,2,2
2022-12-23 15:09:05,14196,14196,14196,2,-2
2022-12-23 15:09:08,14197,14197,14197,2,2
2022-12-23 15:09:22,14196,14196,14196,2,-2
2022-12-23 15:09:25,14196,14196,14196,2,0
2022-12-23 15:09:39,14197,14197,14197,2,2
2022-12-23 15:09:41,14196,14196,14196,2,-2
2022-12-23 15:09:41,14196,14196,14196,4,0
2022-12-23 15:09:41,14196,14196,14196,2,0
2022-12-23 15:09:41,14196,14196,14196,6,0
2022-12-23 15:09:41,14196,14196,14196,2,0
2022-12-23 15:09:41,14196,14196,14196,2,0
2022-12-23 15:09:57,14196,14196,14196,2,0
2022-12-23 15:10:01,14196,14196,14196,2,0
2022-12-23 15:10:01,14196,14196,14196,18,0
2022-12-23 15:10:01,14196,14196,14196,2,0
2022-12-23 15:10:19,14195,14195,14195,10,-10
2022-12-23 15:10:19,14195,14195,14195,2,0
2022-12-23 15:10:19,14195,14195,14195,2,0
2022-12-23 15:10:19,14195,14195,14195,2,0
2022-12-23 15:10:19,14195,14195,14195,2,0
2022-12-23 15:10:19,14195,14195,14195,2,0
2022-12-23 15:10:20,14194,14194,14194,26,-26
2022-12-23 15:10:20,14194,14194,14194,2,0
2022-12-23 15:10:20,14194,14194,14194,12,0
2022-12-23 15:10:20,14194,14194,14194,2,0
2022-12-23 15:10:20,14193,14193,14193,2,-2
2022-12-23 15:10:20,14193,14193,14193,2,0
2022-12-23 15:10:20,14193,14193,14193,2,0
2022-12-23 15:10:20,14193,14193,14193,2,0
2022-12-23 15:10:20,14193,14193,14193,4,0
2022-12-23 15:10:20,14193,14193,14193,2,0
2022-12-23 15:10:20,14192,14192,14192,4,-4
2022-12-23 15:10:20,14192,14192,14192,4,0
2022-12-23 15:10:20,14192,14192,14192,2,0
2022-12-23 15:10:20,14192,14192,14192,2,0
2022-12-23 15:10:20,14192,14192,14192,4,0
2022-12-23 15:10:21,14193,14193,14193,2,2
2022-12-23 15:10:28,14192,14192,14192,2,-2
2022-12-23 15:10:31,14192,14192,14192,2,0
2022-12-23 15:10:39,14192,14192,14192,2,0
2022-12-23 15:10:39,14191,14191,14191,2,-2
2022-12-23 15:10:39,14191,14191,14191,2,0
2022-12-23 15:10:39,14191,14191,14191,4,0
2022-12-23 15:10:39,14192,14192,14192,2,2
2022-12-23 15:10:43,14192,14192,14192,2,0
2022-12-23 15:10:55,14191,14191,14191,2,-2
2022-12-23 15:10:59,14191,14191,14191,2,0
2022-12-23 15:11:01,14192,14192,14192,2,2
2022-12-23 15:11:01,14191,14191,14191,2,-2
2022-12-23 15:11:01,14192,14192,14192,4,4
2022-12-23 15:11:01,14192,14192,14192,4,0
2022-12-23 15:11:03,14193,14193,14193,4,4
2022-12-23 15:11:03,14193,14193,14193,2,0
2022-12-23 15:11:05,14192,14192,14192,2,-2
2022-12-23 15:11:08,14193,14193,14193,2,2
2022-12-23 15:11:12,14193,14193,14193,8,0
2022-12-23 15:11:12,14194,14194,14194,26,26
2022-12-23 15:11:19,14194,14194,14194,2,0
2022-12-23 15:11:19,14194,14194,14194,2,0
2022-12-23 15:11:21,14194,14194,14194,2,0
2022-12-23 15:11:21,14194,14194,14194,2,0
2022-12-23 15:11:21,14194,14194,14194,2,0
2022-12-23 15:11:21,14194,14194,14194,2,0
2022-12-23 15:11:21,14194,14194,14194,14,0
2022-12-23 15:11:21,14194,14194,14194,2,0
2022-12-23 15:11:21,14194,14194,14194,2,0
2022-12-23 15:11:21,14194,14194,14194,2,0
2022-12-23 15:11:21,14194,14194,14194,2,0
2022-12-23 15:11:21,14194,14194,14194,32,0
2022-12-23 15:11:21,14194,14194,14194,2,0
2022-12-23 15:11:22,14194,14194,14194,14,0
2022-12-23 15:11:22,14195,14195,14195,36,36
2022-12-23 15:11:22,14195,14195,14195,4,0
2022-12-23 15:11:22,14195,14195,14195,46,0
2022-12-23 15:11:22,14195,14195,14195,2,0
2022-12-23 15:11:22,14195,14195,14195,2,0
2022-12-23 15:11:24,14194,14194,14194,2,-2
2022-12-23 15:11:25,14193,14193,14193,2,-2
2022-12-23 15:11:26,14193,14193,14193,2,0
2022-12-23 15:11:26,14192,14192,14192,2,-2
2022-12-23 15:11:26,14192,14192,14192,2,0
2022-12-23 15:11:26,14192,14192,14192,2,0
2022-12-23 15:11:26,14192,14192,14192,2,0
2022-12-23 15:11:29,14194,14194,14194,4,4
2022-12-23 15:11:30,14192,14192,14192,2,-2
2022-12-23 15:11:30,14192,14192,14192,4,0
2022-12-23 15:11:30,14192,14192,14192,4,0
2022-12-23 15:11:34,14191,14191,14191,2,-2
2022-12-23 15:11:36,14191,14191,14191,10,0
2022-12-23 15:11:36,14191,14191,14191,2,0
2022-12-23 15:11:40,14191,14191,14191,6,0
2022-12-23 15:11:43,14192,14192,14192,4,4
2022-12-23 15:11:43,14193,14193,14193,2,2
2022-12-23 15:11:44,14192,14192,14192,2,-2
2022-12-23 15:11:44,14192,14192,14192,2,0
2022-12-23 15:11:44,14192,14192,14192,2,0
2022-12-23 15:11:45,14192,14192,14192,2,0
2022-12-23 15:11:45,14192,14192,14192,2,0
2022-12-23 15:11:45,14192,14192,14192,2,0
2022-12-23 15:11:45,14192,14192,14192,4,0
2022-12-23 15:11:45,14192,14192,14192,2,0
2022-12-23 15:11:45,14191,14191,14191,16,-16
2022-12-23 15:11:53,14193,14193,14193,14,14
2022-12-23 15:11:53,14194,14194,14194,2,2
2022-12-23 15:11:53,14193,14193,14193,2,-2
2022-12-23 15:11:53,14193,14193,14193,2,0
2022-12-23 15:11:53,14193,14193,14193,2,0
2022-12-23 15:11:54,14194,14194,14194,2,2
2022-12-23 15:11:54,14193,14193,14193,2,-2
2022-12-23 15:11:56,14193,14193,14193,2,0
2022-12-23 15:11:59,14193,14193,14193,8,0
2022-12-23 15:12:03,14194,14194,14194,2,2
2022-12-23 15:12:13,14195,14195,14195,2,2
2022-12-23 15:12:20,14195,14195,14195,2,0
2022-12-23 15:12:20,14195,14195,14195,4,0
2022-12-23 15:12:23,14196,14196,14196,2,2
2022-12-23 15:12:25,14196,14196,14196,2,0
2022-12-23 15:12:30,14197,14197,14197,24,24
2022-12-23 15:12:48,14197,14197,14197,26,0
2022-12-23 15:12:52,14196,14196,14196,2,-2
2022-12-23 15:12:52,14197,14197,14197,6,6
2022-12-23 15:12:53,14197,14197,14197,2,0
2022-12-23 15:12:53,14197,14197,14197,2,0
2022-12-23 15:12:59,14197,14197,14197,2,0
2022-12-23 15:13:03,14198,14198,14198,28,28
2022-12-23 15:13:04,14199,14199,14199,2,2
2022-12-23 15:13:04,14197,14197,14197,2,-2
2022-12-23 15:13:07,14199,14199,14199,10,10
2022-12-23 15:13:14,14199,14199,14199,24,0
2022-12-23 15:13:21,14200,14200,14200,2,2
2022-12-23 15:13:21,14200,14200,14200,2,0
2022-12-23 15:13:24,14199,14199,14199,2,-2
2022-12-23 15:13:26,14200,14200,14200,2,2
2022-12-23 15:13:27,14200,14200,14200,2,0
2022-12-23 15:13:27,14200,14200,14200,2,0
2022-12-23 15:13:28,14200,14200,14200,2,0
2022-12-23 15:13:33,14200,14200,14200,2,0
2022-12-23 15:13:33,14200,14200,14200,2,0
2022-12-23 15:13:34,14200,14200,14200,2,0
2022-12-23 15:13:34,14200,14200,14200,2,0
2022-12-23 15:13:35,14200,14200,14200,2,0
2022-12-23 15:13:39,14200,14200,14200,34,0
2022-12-23 15:13:40,14200,14200,14200,2,0
2022-12-23 15:13:40,14200,14200,14200,6,0
2022-12-23 15:13:41,14200,14200,14200,2,0
2022-12-23 15:13:41,14200,14200,14200,2,0
2022-12-23 15:13:41,14200,14200,14200,2,0
2022-12-23 15:13:43,14200,14200,14200,2,0
2022-12-23 15:13:43,14200,14200,14200,2,0
2022-12-23 15:13:44,14199,14199,14199,70,-70
2022-12-23 15:13:44,14199,14199,14199,2,0
2022-12-23 15:13:44,14199,14199,14199,2,0
2022-12-23 15:13:44,14199,14199,14199,2,0
2022-12-23 15:13:44,14198,14198,14198,4,-4
2022-12-23 15:13:44,14198,14198,14198,2,0
2022-12-23 15:13:44,14198,14198,14198,2,0
2022-12-23 15:13:44,14198,14198,14198,2,0
2022-12-23 15:13:44,14198,14198,14198,2,0
2022-12-23 15:13:44,14198,14198,14198,2,0
2022-12-23 15:13:48,14196,14196,14196,2,-2
2022-12-23 15:13:48,14196,14196,14196,4,0
2022-12-23 15:13:52,14196,14196,14196,8,0
2022-12-23 15:13:57,14196,14196,14196,6,0
2022-12-23 15:13:59,14196,14196,14196,2,0
2022-12-23 15:13:59,14197,14197,14197,18,18
2022-12-23 15:14:12,14198,14198,14198,12,12
2022-12-23 15:14:12,14199,14199,14199,2,2
2022-12-23 15:14:12,14199,14199,14199,2,0
2022-12-23 15:14:14,14199,14199,14199,2,0
2022-12-23 15:14:23,14198,14198,14198,2,-2
2022-12-23 15:14:25,14198,14198,14198,8,0
2022-12-23 15:14:25,14197,14197,14197,2,-2
2022-12-23 15:14:25,14199,14199,14199,26,26
2022-12-23 15:14:26,14199,14199,14199,2,0
2022-12-23 15:14:27,14200,14200,14200,24,24
2022-12-23 15:14:27,14200,14200,14200,2,0
2022-12-23 15:14:30,14200,14200,14200,2,0
2022-12-23 15:14:32,14199,14199,14199,2,-2
2022-12-23 15:14:32,14201,14201,14201,2,2
2022-12-23 15:14:32,14201,14201,14201,8,0
2022-12-23 15:14:36,14200,14200,14200,2,-2
2022-12-23 15:14:39,14199,14199,14199,2,-2
2022-12-23 15:14:39,14199,14199,14199,2,0
2022-12-23 15:14:40,14199,14199,14199,4,0
2022-12-23 15:14:49,14200,14200,14200,8,8
2022-12-23 15:14:54,14200,14200,14200,2,0
2022-12-23 15:14:56,14199,14199,14199,2,-2
2022-12-23 15:14:56,14200,14200,14200,2,2
2022-12-23 15:15:03,14200,14200,14200,10,0
2022-12-23 15:15:03,14201,14201,14201,6,6
2022-12-23 15:15:03,14201,14201,14201,2,0
2022-12-23 15:15:04,14202,14202,14202,4,4
2022-12-23 15:15:04,14202,14202,14202,6,0
2022-12-23 15:15:04,14202,14202,14202,2,0
2022-12-23 15:15:04,14202,14202,14202,4,0
2022-12-23 15:15:04,14201,14201,14201,2,-2
2022-12-23 15:15:08,14201,14201,14201,4,0
2022-12-23 15:15:15,14202,14202,14202,2,2
2022-12-23 15:15:16,14202,14202,14202,2,0
2022-12-23 15:15:16,14202,14202,14202,2,0
2022-12-23 15:15:17,14202,14202,14202,2,0
2022-12-23 15:15:23,14201,14201,14201,2,-2
2022-12-23 15:15:23,14202,14202,14202,2,2
2022-12-23 15:15:24,14202,14202,14202,4,0
2022-12-23 15:15:24,14202,14202,14202,6,0
2022-12-23 15:15:30,14203,14203,14203,2,2
2022-12-23 15:15:33,14201,14201,14201,2,-2
2022-12-23 15:15:33,14201,14201,14201,2,0
2022-12-23 15:15:34,14201,14201,14201,2,0
2022-12-23 15:15:36,14202,14202,14202,8,8
2022-12-23 15:15:42,14203,14203,14203,8,8
2022-12-23 15:15:43,14203,14203,14203,2,0
2022-12-23 15:15:46,14204,14204,14204,2,2
2022-12-23 15:15:46,14203,14203,14203,2,-2
2022-12-23 15:15:46,14203,14203,14203,2,0
2022-12-23 15:15:46,14204,14204,14204,2,2
2022-12-23 15:15:46,14204,14204,14204,2,0
2022-12-23 15:15:47,14204,14204,14204,2,0
2022-12-23 15:15:47,14204,14204,14204,4,0
2022-12-23 15:15:52,14203,14203,14203,2,-2
2022-12-23 15:16:01,14203,14203,14203,2,0
2022-12-23 15:16:01,14203,14203,14203,2,0
2022-12-23 15:16:06,14203,14203,14203,2,0
2022-12-23 15:16:08,14203,14203,14203,2,0
2022-12-23 15:16:11,14203,14203,14203,2,0
2022-12-23 15:16:13,14202,14202,14202,6,-6
2022-12-23 15:16:13,14202,14202,14202,2,0
2022-12-23 15:16:13,14202,14202,14202,2,0
2022-12-23 15:16:13,14202,14202,14202,4,0
2022-12-23 15:16:13,14202,14202,14202,12,0
2022-12-23 15:16:13,14202,14202,14202,10,0
2022-12-23 15:16:13,14202,14202,14202,2,0
2022-12-23 15:16:13,14202,14202,14202,2,0
2022-12-23 15:16:13,14202,14202,14202,2,0
2022-12-23 15:16:13,14202,14202,14202,2,0
2022-12-23 15:16:13,14202,14202,14202,18,0
2022-12-23 15:16:13,14202,14202,14202,2,0
2022-12-23 15:16:13,14202,14202,14202,6,0
2022-12-23 15:16:13,14202,14202,14202,8,0
2022-12-23 15:16:13,14202,14202,14202,2,0
2022-12-23 15:16:13,14202,14202,14202,2,0
2022-12-23 15:16:13,14202,14202,14202,22,0
2022-12-23 15:16:14,14202,14202,14202,30,0
2022-12-23 15:16:14,14202,14202,14202,2,0
2022-12-23 15:16:14,14201,14201,14201,2,-2
2022-12-23 15:16:18,14201,14201,14201,2,0
2022-12-23 15:16:18,14201,14201,14201,2,0
2022-12-23 15:16:20,14201,14201,14201,2,0
2022-12-23 15:16:21,14201,14201,14201,2,0
2022-12-23 15:16:21,14201,14201,14201,2,0
2022-12-23 15:16:23,14201,14201,14201,2,0
2022-12-23 15:16:26,14201,14201,14201,2,0
2022-12-23 15:16:36,14202,14202,14202,14,14
2022-12-23 15:16:40,14203,14203,14203,12,12
2022-12-23 15:16:57,14203,14203,14203,26,0
2022-12-23 15:17:08,14204,14204,14204,12,12
2022-12-23 15:17:16,14204,14204,14204,2,0
2022-12-23 15:17:16,14204,14204,14204,2,0
2022-12-23 15:17:17,14205,14205,14205,4,4
2022-12-23 15:17:18,14205,14205,14205,2,0
2022-12-23 15:17:18,14205,14205,14205,4,0
2022-12-23 15:17:18,14205,14205,14205,4,0
2022-12-23 15:17:18,14205,14205,14205,4,0
2022-12-23 15:17:18,14205,14205,14205,6,0
2022-12-23 15:17:18,14205,14205,14205,4,0
2022-12-23 15:17:18,14205,14205,14205,8,0
2022-12-23 15:17:18,14205,14205,14205,4,0
2022-12-23 15:17:18,14205,14205,14205,2,0
2022-12-23 15:17:18,14205,14205,14205,2,0
2022-12-23 15:17:18,14205,14205,14205,6,0
2022-12-23 15:17:18,14205,14205,14205,2,0
2022-12-23 15:17:18,14206,14206,14206,2,2
2022-12-23 15:17:18,14206,14206,14206,2,0
2022-12-23 15:17:18,14206,14206,14206,6,0
2022-12-23 15:17:18,14206,14206,14206,6,0
2022-12-23 15:17:18,14206,14206,14206,2,0
2022-12-23 15:17:18,14207,14207,14207,4,4
2022-12-23 15:17:18,14207,14207,14207,2,0
2022-12-23 15:17:18,14207,14207,14207,4,0
2022-12-23 15:17:18,14207,14207,14207,4,0
2022-12-23 15:17:21,14205,14205,14205,2,-2
2022-12-23 15:17:21,14206,14206,14206,2,2
2022-12-23 15:17:22,14204,14204,14204,2,-2
2022-12-23 15:17:22,14204,14204,14204,2,0
2022-12-23 15:17:23,14204,14204,14204,2,0
2022-12-23 15:17:24,14204,14204,14204,2,0
2022-12-23 15:17:26,14204,14204,14204,2,0
2022-12-23 15:17:26,14204,14204,14204,12,0
2022-12-23 15:17:29,14204,14204,14204,2,0
2022-12-23 15:17:40,14204,14204,14204,12,0
2022-12-23 15:17:42,14203,14203,14203,2,-2
2022-12-23 15:17:42,14203,14203,14203,2,0
2022-12-23 15:17:45,14204,14204,14204,4,4
2022-12-23 15:17:47,14203,14203,14203,2,-2
2022-12-23 15:17:48,14202,14202,14202,2,-2
2022-12-23 15:17:49,14202,14202,14202,2,0
2022-12-23 15:17:49,14203,14203,14203,2,2
2022-12-23 15:17:54,14202,14202,14202,10,-10
2022-12-23 15:17:54,14203,14203,14203,2,2
2022-12-23 15:17:56,14202,14202,14202,6,-6
2022-12-23 15:17:56,14203,14203,14203,24,24
2022-12-23 15:17:57,14201,14201,14201,2,-2
2022-12-23 15:18:02,14202,14202,14202,12,12
2022-12-23 15:18:09,14202,14202,14202,2,0
2022-12-23 15:18:15,14201,14201,14201,2,-2
2022-12-23 15:18:15,14201,14201,14201,2,0
2022-12-23 15:18:15,14201,14201,14201,2,0
2022-12-23 15:18:15,14201,14201,14201,2,0
2022-12-23 15:18:15,14200,14200,14200,2,-2
2022-12-23 15:18:15,14200,14200,14200,2,0
2022-12-23 15:18:15,14200,14200,14200,4,0
2022-12-23 15:18:15,14200,14200,14200,2,0
2022-12-23 15:18:15,14200,14200,14200,2,0
2022-12-23 15:18:17,14199,14199,14199,2,-2
2022-12-23 15:18:18,14199,14199,14199,2,0
2022-12-23 15:18:18,14199,14199,14199,2,0
2022-12-23 15:18:20,14198,14198,14198,2,-2
2022-12-23 15:18:20,14198,14198,14198,4,0
2022-12-23 15:18:20,14197,14197,14197,2,-2
2022-12-23 15:18:20,14197,14197,14197,2,0
2022-12-23 15:18:20,14197,14197,14197,2,0
2022-12-23 15:18:21,14197,14197,14197,2,0
2022-12-23 15:18:22,14197,14197,14197,4,0
2022-12-23 15:18:22,14197,14197,14197,4,0
2022-12-23 15:18:23,14197,14197,14197,2,0
2022-12-23 15:18:23,14198,14198,14198,4,4
2022-12-23 15:18:24,14199,14199,14199,4,4
2022-12-23 15:18:25,14198,14198,14198,2,-2
2022-12-23 15:18:26,14199,14199,14199,24,24
2022-12-23 15:18:26,14199,14199,14199,4,0
2022-12-23 15:18:26,14199,14199,14199,2,0
2022-12-23 15:18:29,14198,14198,14198,2,-2
2022-12-23 15:18:29,14200,14200,14200,2,2
2022-12-23 15:18:32,14200,14200,14200,30,0
2022-12-23 15:18:32,14199,14199,14199,2,-2
2022-12-23 15:18:34,14200,14200,14200,28,28
2022-12-23 15:18:34,14200,14200,14200,2,0
2022-12-23 15:18:35,14201,14201,14201,30,30
2022-12-23 15:18:35,14200,14200,14200,4,-4
2022-12-23 15:18:35,14200,14200,14200,2,0
2022-12-23 15:18:35,14200,14200,14200,2,0
2022-12-23 15:18:35,14200,14200,14200,2,0
2022-12-23 15:18:35,14200,14200,14200,2,0
2022-12-23 15:18:35,14200,14200,14200,4,0
2022-12-23 15:18:40,14198,14198,14198,2,-2
2022-12-23 15:18:40,14198,14198,14198,2,0
2022-12-23 15:18:40,14198,14198,14198,2,0
2022-12-23 15:18:47,14199,14199,14199,2,2
2022-12-23 15:18:47,14198,14198,14198,2,-2
2022-12-23 15:18:50,14199,14199,14199,2,2
2022-12-23 15:18:53,14200,14200,14200,30,30
2022-12-23 15:19:04,14199,14199,14199,2,-2
2022-12-23 15:19:07,14200,14200,14200,12,12
2022-12-23 15:19:07,14200,14200,14200,2,0
2022-12-23 15:19:11,14199,14199,14199,2,-2
2022-12-23 15:19:11,14198,14198,14198,2,-2
2022-12-23 15:19:11,14198,14198,14198,2,0
2022-12-23 15:19:11,14198,14198,14198,2,0
2022-12-23 15:19:11,14198,14198,14198,2,0
2022-12-23 15:19:14,14198,14198,14198,2,0
2022-12-23 15:19:18,14200,14200,14200,40,40
2022-12-23 15:19:18,14199,14199,14199,2,-2
2022-12-23 15:19:19,14200,14200,14200,2,2
2022-12-23 15:19:21,14200,14200,14200,4,0
2022-12-23 15:19:26,14200,14200,14200,4,0
2022-12-23 15:19:26,14200,14200,14200,10,0
2022-12-23 15:19:27,14201,14201,14201,2,2
2022-12-23 15:19:27,14202,14202,14202,2,2
2022-12-23 15:19:32,14201,14201,14201,2,-2
2022-12-23 15:19:32,14200,14200,14200,2,-2
2022-12-23 15:19:42,14201,14201,14201,4,4
2022-12-23 15:19:42,14201,14201,14201,2,0
2022-12-23 15:19:44,14202,14202,14202,58,58
2022-12-23 15:19:47,14202,14202,14202,4,0
2022-12-23 15:19:49,14202,14202,14202,2,0
2022-12-23 15:19:54,14203,14203,14203,2,2
2022-12-23 15:19:56,14203,14203,14203,10,0
2022-12-23 15:20:00,14203,14203,14203,2,0
2022-12-23 15:20:00,14203,14203,14203,2,0
2022-12-23 15:20:00,14203,14203,14203,2,0
2022-12-23 15:20:03,14203,14203,14203,4,0
2022-12-23 15:20:03,14204,14204,14204,2,2
2022-12-23 15:20:06,14203,14203,14203,4,-4
2022-12-23 15:20:08,14204,14204,14204,2,2
2022-12-23 15:20:15,14204,14204,14204,4,0
2022-12-23 15:20:22,14204,14204,14204,2,0
2022-12-23 15:20:25,14204,14204,14204,2,0
2022-12-23 15:20:26,14204,14204,14204,2,0
2022-12-23 15:20:26,14204,14204,14204,2,0
2022-12-23 15:20:26,14203,14203,14203,2,-2
2022-12-23 15:20:27,14203,14203,14203,2,0
2022-12-23 15:20:28,14205,14205,14205,2,2
2022-12-23 15:20:28,14205,14205,14205,2,0
2022-12-23 15:20:32,14205,14205,14205,2,0
2022-12-23 15:20:33,14205,14205,14205,2,0
2022-12-23 15:20:37,14204,14204,14204,2,-2
2022-12-23 15:20:41,14204,14204,14204,4,0
2022-12-23 15:20:42,14204,14204,14204,2,0
2022-12-23 15:20:45,14204,14204,14204,2,0
2022-12-23 15:20:47,14205,14205,14205,32,32
2022-12-23 15:20:47,14205,14205,14205,4,0
2022-12-23 15:20:50,14206,14206,14206,4,4
2022-12-23 15:20:52,14207,14207,14207,2,2
2022-12-23 15:20:53,14207,14207,14207,2,0
2022-12-23 15:20:55,14207,14207,14207,34,0
2022-12-23 15:20:57,14208,14208,14208,2,2
2022-12-23 15:20:59,14208,14208,14208,2,0
2022-12-23 15:21:03,14207,14207,14207,2,-2
2022-12-23 15:21:04,14206,14206,14206,2,-2
2022-12-23 15:21:05,14207,14207,14207,2,2
2022-12-23 15:21:07,14207,14207,14207,30,0
2022-12-23 15:21:08,14207,14207,14207,6,0
2022-12-23 15:21:11,14207,14207,14207,2,0
2022-12-23 15:21:12,14208,14208,14208,2,2
2022-12-23 15:21:13,14207,14207,14207,2,-2
2022-12-23 15:21:15,14207,14207,14207,2,0
2022-12-23 15:21:16,14208,14208,14208,6,6
2022-12-23 15:21:16,14208,14208,14208,28,0
2022-12-23 15:21:16,14209,14209,14209,2,2
2022-12-23 15:21:16,14209,14209,14209,4,0
2022-12-23 15:21:16,14209,14209,14209,2,0
2022-12-23 15:21:16,14209,14209,14209,2,0
2022-12-23 15:21:16,14209,14209,14209,2,0
2022-12-23 15:21:18,14209,14209,14209,2,0
2022-12-23 15:21:22,14208,14208,14208,4,-4
2022-12-23 15:21:26,14208,14208,14208,2,0
2022-12-23 15:21:29,14208,14208,14208,2,0
2022-12-23 15:21:51,14207,14207,14207,2,-2
2022-12-23 15:21:51,14207,14207,14207,2,0
2022-12-23 15:21:51,14207,14207,14207,2,0
2022-12-23 15:21:51,14207,14207,14207,2,0
2022-12-23 15:21:53,14206,14206,14206,4,-4
2022-12-23 15:21:53,14206,14206,14206,4,0
2022-12-23 15:21:53,14206,14206,14206,2,0
2022-12-23 15:21:59,14206,14206,14206,2,0
2022-12-23 15:22:01,14206,14206,14206,2,0
2022-12-23 15:22:01,14206,14206,14206,2,0
2022-12-23 15:22:06,14206,14206,14206,2,0
2022-12-23 15:22:08,14205,14205,14205,2,-2
2022-12-23 15:22:10,14206,14206,14206,2,2
2022-12-23 15:22:13,14206,14206,14206,4,0
2022-12-23 15:22:13,14206,14206,14206,6,0
2022-12-23 15:22:18,14206,14206,14206,2,0
2022-12-23 15:22:21,14206,14206,14206,2,0
2022-12-23 15:22:23,14206,14206,14206,4,0
2022-12-23 15:22:25,14205,14205,14205,4,-4
2022-12-23 15:22:46,14205,14205,14205,2,0
2022-12-23 15:22:46,14205,14205,14205,2,0
2022-12-23 15:22:52,14205,14205,14205,2,0
2022-12-23 15:22:55,14205,14205,14205,2,0
2022-12-23 15:22:55,14205,14205,14205,2,0
2022-12-23 15:22:55,14204,14204,14204,2,-2
2022-12-23 15:22:57,14203,14203,14203,2,-2
2022-12-23 15:23:03,14203,14203,14203,2,0
2022-12-23 15:23:07,14203,14203,14203,2,0
2022-12-23 15:23:07,14203,14203,14203,2,0
2022-12-23 15:23:07,14203,14203,14203,2,0
2022-12-23 15:23:10,14202,14202,14202,2,-2
2022-12-23 15:23:15,14203,14203,14203,2,2
2022-12-23 15:23:16,14202,14202,14202,2,-2
2022-12-23 15:23:27,14202,14202,14202,2,0
2022-12-23 15:23:27,14202,14202,14202,2,0
2022-12-23 15:23:27,14202,14202,14202,4,0
2022-12-23 15:23:27,14202,14202,14202,2,0
2022-12-23 15:23:30,14202,14202,14202,2,0
2022-12-23 15:23:39,14202,14202,14202,2,0
2022-12-23 15:23:39,14202,14202,14202,2,0
2022-12-23 15:23:39,14202,14202,14202,2,0
2022-12-23 15:23:39,14202,14202,14202,2,0
2022-12-23 15:23:41,14202,14202,14202,2,0
2022-12-23 15:23:41,14202,14202,14202,2,0
2022-12-23 15:23:43,14203,14203,14203,2,2
2022-12-23 15:23:43,14203,14203,14203,2,0
2022-12-23 15:23:46,14203,14203,14203,22,0
2022-12-23 15:23:58,14203,14203,14203,8,0
2022-12-23 15:23:58,14203,14203,14203,10,0
2022-12-23 15:23:58,14203,14203,14203,2,0
2022-12-23 15:23:58,14203,14203,14203,2,0
2022-12-23 15:24:11,14202,14202,14202,2,-2
2022-12-23 15:24:14,14203,14203,14203,4,4
2022-12-23 15:24:32,14203,14203,14203,2,0
2022-12-23 15:24:32,14203,14203,14203,2,0
2022-12-23 15:24:33,14203,14203,14203,2,0
2022-12-23 15:24:33,14203,14203,14203,2,0
2022-12-23 15:24:36,14203,14203,14203,2,0
2022-12-23 15:24:44,14203,14203,14203,2,0
2022-12-23 15:24:52,14202,14202,14202,2,-2
2022-12-23 15:24:52,14202,14202,14202,2,0
2022-12-23 15:24:52,14202,14202,14202,2,0
2022-12-23 15:24:52,14202,14202,14202,2,0
2022-12-23 15:24:52,14202,14202,14202,2,0
2022-12-23 15:24:52,14202,14202,14202,2,0
2022-12-23 15:24:52,14202,14202,14202,2,0
2022-12-23 15:24:52,14201,14201,14201,2,-2
2022-12-23 15:24:52,14201,14201,14201,2,0
2022-12-23 15:24:52,14201,14201,14201,2,0
2022-12-23 15:24:52,14201,14201,14201,2,0
2022-12-23 15:24:52,14201,14201,14201,4,0
2022-12-23 15:24:52,14201,14201,14201,2,0
2022-12-23 15:24:52,14201,14201,14201,2,0
2022-12-23 15:25:00,14201,14201,14201,2,0
2022-12-23 15:25:08,14201,14201,14201,2,0
2022-12-23 15:25:14,14201,14201,14201,2,0
2022-12-23 15:25:15,14202,14202,14202,4,4
2022-12-23 15:25:31,14200,14200,14200,2,-2
2022-12-23 15:25:31,14200,14200,14200,2,0
2022-12-23 15:25:31,14200,14200,14200,2,0
2022-12-23 15:25:31,14200,14200,14200,2,0
2022-12-23 15:25:31,14200,14200,14200,2,0
2022-12-23 15:25:31,14200,14200,14200,2,0
2022-12-23 15:25:32,14200,14200,14200,4,0
2022-12-23 15:25:37,14200,14200,14200,2,0
2022-12-23 15:25:38,14200,14200,14200,2,0
2022-12-23 15:25:40,14200,14200,14200,2,0
2022-12-23 15:25:40,14200,14200,14200,2,0
2022-12-23 15:25:40,14200,14200,14200,2,0
2022-12-23 15:25:40,14200,14200,14200,2,0
2022-12-23 15:25:40,14200,14200,14200,2,0
2022-12-23 15:25:40,14200,14200,14200,2,0
2022-12-23 15:25:40,14200,14200,14200,2,0
2022-12-23 15:25:40,14200,14200,14200,4,0
2022-12-23 15:25:40,14200,14200,14200,2,0
2022-12-23 15:25:41,14199,14199,14199,2,-2
2022-12-23 15:25:41,14198,14198,14198,2,-2
2022-12-23 15:25:50,14197,14197,14197,2,-2
2022-12-23 15:26:01,14198,14198,14198,8,8
2022-12-23 15:26:01,14198,14198,14198,2,0
2022-12-23 15:26:03,14198,14198,14198,22,0
2022-12-23 15:26:05,14197,14197,14197,2,-2
2022-12-23 15:26:06,14199,14199,14199,2,2
2022-12-23 15:26:08,14197,14197,14197,2,-2
2022-12-23 15:26:10,14198,14198,14198,2,2
2022-12-23 15:26:11,14198,14198,14198,2,0
2022-12-23 15:26:15,14198,14198,14198,2,0
2022-12-23 15:26:24,14197,14197,14197,2,-2
2022-12-23 15:26:25,14198,14198,14198,2,2
2022-12-23 15:26:27,14197,14197,14197,2,-2
2022-12-23 15:26:27,14197,14197,14197,2,0
2022-12-23 15:26:42,14198,14198,14198,2,2
2022-12-23 15:26:42,14198,14198,14198,8,0
2022-12-23 15:26:42,14198,14198,14198,2,0
2022-12-23 15:26:42,14198,14198,14198,2,0
2022-12-23 15:26:42,14199,14199,14199,6,6
2022-12-23 15:26:43,14199,14199,14199,2,0
2022-12-23 15:26:44,14199,14199,14199,2,0
2022-12-23 15:26:50,14199,14199,14199,2,0
2022-12-23 15:27:00,14200,14200,14200,2,2
2022-12-23 15:27:00,14199,14199,14199,2,-2
2022-12-23 15:27:05,14199,14199,14199,2,0
2022-12-23 15:27:14,14199,14199,14199,2,0
2022-12-23 15:27:16,14199,14199,14199,2,0
2022-12-23 15:27:25,14200,14200,14200,2,2
2022-12-23 15:27:30,14199,14199,14199,2,-2
2022-12-23 15:27:40,14200,14200,14200,8,8
2022-12-23 15:27:42,14200,14200,14200,2,0
2022-12-23 15:27:42,14200,14200,14200,2,0
2022-12-23 15:27:42,14200,14200,14200,4,0
2022-12-23 15:27:42,14200,14200,14200,2,0
2022-12-23 15:27:42,14200,14200,14200,2,0
2022-12-23 15:27:42,14200,14200,14200,2,0
2022-12-23 15:27:45,14200,14200,14200,14,0
2022-12-23 15:27:46,14201,14201,14201,2,2
2022-12-23 15:27:47,14201,14201,14201,2,0
2022-12-23 15:27:53,14200,14200,14200,2,-2
2022-12-23 15:27:55,14199,14199,14199,2,-2
2022-12-23 15:27:59,14200,14200,14200,2,2
2022-12-23 15:28:19,14200,14200,14200,2,0
2022-12-23 15:28:28,14200,14200,14200,2,0
2022-12-23 15:28:28,14200,14200,14200,2,0
2022-12-23 15:28:28,14200,14200,14200,4,0
2022-12-23 15:28:45,14201,14201,14201,2,2
2022-12-23 15:29:28,14201,14201,14201,2,0
2022-12-23 15:29:35,14202,14202,14202,2,2
2022-12-23 15:29:40,14201,14201,14201,2,-2
2022-12-23 15:29:40,14201,14201,14201,2,0
2022-12-23 15:29:40,14201,14201,14201,4,0
2022-12-23 15:29:40,14201,14201,14201,6,0
2022-12-23 15:29:40,14201,14201,14201,2,0
2022-12-23 15:29:40,14201,14201,14201,2,0
2022-12-23 15:29:40,14201,14201,14201,2,0
2022-12-23 15:29:42,14200,14200,14200,2,-2
2022-12-23 15:29:42,14200,14200,14200,2,0
2022-12-23 15:29:43,14200,14200,14200,4,0
2022-12-23 15:29:46,14200,14200,14200,2,0
2022-12-23 15:29:46,14200,14200,14200,2,0
2022-12-23 15:29:46,14200,14200,14200,2,0
2022-12-23 15:29:47,14200,14200,14200,2,0
2022-12-23 15:29:51,14200,14200,14200,4,0
2022-12-23 15:29:57,14200,14200,14200,2,0
2022-12-23 15:30:00,14199,14199,14199,2,-2
2022-12-23 15:30:00,14199,14199,14199,4,0
2022-12-23 15:30:00,14199,14199,14199,2,0
2022-12-23 15:30:01,14200,14200,14200,2,2
2022-12-23 15:30:01,14200,14200,14200,2,0
2022-12-23 15:30:01,14200,14200,14200,2,0
2022-12-23 15:30:01,14198,14198,14198,2,-2
2022-12-23 15:30:01,14198,14198,14198,2,0
2022-12-23 15:30:01,14198,14198,14198,4,0
2022-12-23 15:30:01,14198,14198,14198,2,0
2022-12-23 15:30:01,14198,14198,14198,2,0
2022-12-23 15:30:01,14200,14200,14200,2,2
2022-12-23 15:30:06,14200,14200,14200,14,0
2022-12-23 15:30:08,14199,14199,14199,2,-2
2022-12-23 15:30:24,14199,14199,14199,2,0
2022-12-23 15:30:30,14199,14199,14199,2,0
2022-12-23 15:30:42,14198,14198,14198,2,-2
2022-12-23 15:30:48,14199,14199,14199,2,2
2022-12-23 15:30:48,14199,14199,14199,2,0
2022-12-23 15:30:59,14198,14198,14198,2,-2
2022-12-23 15:30:59,14199,14199,14199,2,2
2022-12-23 15:31:12,14199,14199,14199,2,0
2022-12-23 15:31:13,14200,14200,14200,2,2
2022-12-23 15:31:13,14200,14200,14200,6,0
2022-12-23 15:31:38,14200,14200,14200,4,0
2022-12-23 15:31:47,14200,14200,14200,2,0
2022-12-23 15:31:59,14200,14200,14200,2,0
2022-12-23 15:31:59,14201,14201,14201,2,2
2022-12-23 15:32:07,14200,14200,14200,6,-6
2022-12-23 15:32:27,14201,14201,14201,2,2
2022-12-23 15:32:27,14201,14201,14201,2,0
2022-12-23 15:32:27,14201,14201,14201,20,0
2022-12-23 15:32:27,14201,14201,14201,2,0
2022-12-23 15:32:29,14200,14200,14200,2,-2
2022-12-23 15:32:32,14201,14201,14201,2,2
2022-12-23 15:32:40,14201,14201,14201,2,0
2022-12-23 15:32:57,14201,14201,14201,2,0
2022-12-23 15:33:03,14199,14199,14199,2,-2
2022-12-23 15:33:03,14199,14199,14199,4,0
2022-12-23 15:33:03,14199,14199,14199,2,0
2022-12-23 15:33:03,14199,14199,14199,2,0
2022-12-23 15:33:19,14198,14198,14198,2,-2
2022-12-23 15:33:22,14198,14198,14198,2,0
2022-12-23 15:33:23,14198,14198,14198,2,0
2022-12-23 15:33:24,14198,14198,14198,2,0
2022-12-23 15:33:24,14198,14198,14198,2,0
2022-12-23 15:33:24,14198,14198,14198,2,0
2022-12-23 15:33:25,14198,14198,14198,2,0
2022-12-23 15:33:28,14197,14197,14197,2,-2
2022-12-23 15:33:29,14198,14198,14198,2,2
2022-12-23 15:33:31,14197,14197,14197,2,-2
2022-12-23 15:33:31,14197,14197,14197,2,0
2022-12-23 15:33:31,14197,14197,14197,2,0
2022-12-23 15:33:31,14197,14197,14197,2,0
2022-12-23 15:33:31,14197,14197,14197,2,0
2022-12-23 15:33:31,14197,14197,14197,2,0
2022-12-23 15:33:31,14197,14197,14197,2,0
2022-12-23 15:33:31,14197,14197,14197,4,0
2022-12-23 15:33:31,14197,14197,14197,2,0
2022-12-23 15:33:33,14197,14197,14197,2,0
2022-12-23 15:33:33,14197,14197,14197,2,0
2022-12-23 15:33:33,14197,14197,14197,2,0
2022-12-23 15:33:33,14196,14196,14196,2,-2
2022-12-23 15:33:33,14196,14196,14196,4,0
2022-12-23 15:33:33,14196,14196,14196,2,0
2022-12-23 15:33:33,14196,14196,14196,4,0
2022-12-23 15:33:33,14196,14196,14196,4,0
2022-12-23 15:33:34,14197,14197,14197,2,2
2022-12-23 15:33:42,14197,14197,14197,2,0
2022-12-23 15:33:44,14197,14197,14197,4,0
2022-12-23 15:33:44,14197,14197,14197,4,0
2022-12-23 15:33:44,14196,14196,14196,2,-2
2022-12-23 15:33:44,14196,14196,14196,2,0
2022-12-23 15:33:44,14196,14196,14196,2,0
2022-12-23 15:33:44,14196,14196,14196,4,0
2022-12-23 15:33:44,14196,14196,14196,2,0
2022-12-23 15:33:44,14196,14196,14196,2,0
2022-12-23 15:33:44,14196,14196,14196,4,0
2022-12-23 15:33:44,14196,14196,14196,2,0
2022-12-23 15:33:44,14196,14196,14196,2,0
2022-12-23 15:33:44,14196,14196,14196,2,0
2022-12-23 15:33:44,14196,14196,14196,2,0
2022-12-23 15:33:44,14196,14196,14196,4,0
2022-12-23 15:33:44,14196,14196,14196,2,0
2022-12-23 15:33:44,14195,14195,14195,2,-2
2022-12-23 15:33:44,14195,14195,14195,2,0
2022-12-23 15:33:44,14195,14195,14195,2,0
2022-12-23 15:33:44,14195,14195,14195,2,0
2022-12-23 15:33:44,14195,14195,14195,4,0
2022-12-23 15:33:44,14195,14195,14195,4,0
2022-12-23 15:33:44,14195,14195,14195,4,0
2022-12-23 15:33:44,14196,14196,14196,2,2
2022-12-23 15:33:44,14196,14196,14196,2,0
2022-12-23 15:33:45,14196,14196,14196,4,0
2022-12-23 15:33:45,14195,14195,14195,2,-2
2022-12-23 15:33:45,14195,14195,14195,4,0
2022-12-23 15:33:45,14195,14195,14195,2,0
2022-12-23 15:33:45,14195,14195,14195,4,0
2022-12-23 15:33:45,14195,14195,14195,2,0
2022-12-23 15:33:45,14195,14195,14195,2,0
2022-12-23 15:33:45,14195,14195,14195,4,0
2022-12-23 15:33:45,14195,14195,14195,2,0
2022-12-23 15:33:45,14195,14195,14195,2,0
2022-12-23 15:33:45,14195,14195,14195,2,0
2022-12-23 15:33:45,14194,14194,14194,2,-2
2022-12-23 15:33:45,14194,14194,14194,2,0
2022-12-23 15:33:45,14194,14194,14194,4,0
2022-12-23 15:33:45,14194,14194,14194,2,0
2022-12-23 15:33:45,14194,14194,14194,4,0
2022-12-23 15:33:45,14194,14194,14194,4,0
2022-12-23 15:33:45,14194,14194,14194,2,0
2022-12-23 15:33:45,14194,14194,14194,4,0
2022-12-23 15:33:45,14194,14194,14194,2,0
2022-12-23 15:33:45,14194,14194,14194,4,0
2022-12-23 15:33:48,14195,14195,14195,2,2
2022-12-23 15:33:50,14195,14195,14195,4,0
2022-12-23 15:33:50,14195,14195,14195,2,0
2022-12-23 15:33:50,14195,14195,14195,2,0
2022-12-23 15:33:50,14195,14195,14195,2,0
2022-12-23 15:33:50,14195,14195,14195,2,0
2022-12-23 15:33:50,14194,14194,14194,2,-2
2022-12-23 15:33:50,14194,14194,14194,2,0
2022-12-23 15:33:50,14194,14194,14194,6,0
2022-12-23 15:33:50,14194,14194,14194,2,0
2022-12-23 15:33:50,14194,14194,14194,4,0
2022-12-23 15:33:50,14194,14194,14194,2,0
2022-12-23 15:33:50,14194,14194,14194,2,0
2022-12-23 15:33:50,14194,14194,14194,2,0
2022-12-23 15:33:50,14194,14194,14194,2,0
2022-12-23 15:33:50,14194,14194,14194,2,0
2022-12-23 15:33:50,14194,14194,14194,4,0
2022-12-23 15:33:50,14194,14194,14194,2,0
2022-12-23 15:33:50,14193,14193,14193,4,-4
2022-12-23 15:33:50,14193,14193,14193,4,0
2022-12-23 15:33:50,14193,14193,14193,4,0
2022-12-23 15:33:50,14193,14193,14193,2,0
2022-12-23 15:33:50,14193,14193,14193,2,0
2022-12-23 15:33:50,14194,14194,14194,2,2
2022-12-23 15:33:51,14195,14195,14195,4,4
2022-12-23 15:33:51,14195,14195,14195,2,0
2022-12-23 15:33:51,14195,14195,14195,2,0
2022-12-23 15:33:51,14194,14194,14194,2,-2
2022-12-23 15:33:51,14194,14194,14194,4,0
2022-12-23 15:33:51,14194,14194,14194,4,0
2022-12-23 15:33:51,14194,14194,14194,6,0
2022-12-23 15:33:51,14194,14194,14194,2,0
2022-12-23 15:33:51,14194,14194,14194,2,0
2022-12-23 15:33:51,14194,14194,14194,2,0
2022-12-23 15:33:51,14194,14194,14194,2,0
2022-12-23 15:33:51,14193,14193,14193,2,-2
2022-12-23 15:33:51,14193,14193,14193,4,0
2022-12-23 15:33:51,14193,14193,14193,2,0
2022-12-23 15:33:51,14193,14193,14193,2,0
2022-12-23 15:33:51,14193,14193,14193,2,0
2022-12-23 15:33:51,14193,14193,14193,4,0
2022-12-23 15:33:51,14193,14193,14193,2,0
2022-12-23 15:33:51,14193,14193,14193,2,0
2022-12-23 15:33:51,14193,14193,14193,2,0
2022-12-23 15:33:51,14193,14193,14193,6,0
2022-12-23 15:33:51,14194,14194,14194,2,2
2022-12-23 15:33:51,14194,14194,14194,2,0
2022-12-23 15:33:51,14194,14194,14194,2,0
2022-12-23 15:33:51,14194,14194,14194,2,0
2022-12-23 15:33:51,14194,14194,14194,2,0
2022-12-23 15:33:55,14195,14195,14195,2,2
2022-12-23 15:33:56,14194,14194,14194,2,-2
2022-12-23 15:33:57,14195,14195,14195,2,2
2022-12-23 15:33:58,14195,14195,14195,2,0
2022-12-23 15:33:58,14195,14195,14195,2,0
2022-12-23 15:34:01,14196,14196,14196,2,2
2022-12-23 15:34:12,14197,14197,14197,2,2
2022-12-23 15:34:17,14196,14196,14196,2,-2
2022-12-23 15:34:17,14196,14196,14196,6,0
2022-12-23 15:34:20,14195,14195,14195,2,-2
2022-12-23 15:34:24,14196,14196,14196,2,2
2022-12-23 15:34:32,14197,14197,14197,4,4
2022-12-23 15:34:36,14197,14197,14197,6,0
2022-12-23 15:34:39,14197,14197,14197,2,0
2022-12-23 15:34:42,14197,14197,14197,4,0
2022-12-23 15:34:57,14197,14197,14197,2,0
2022-12-23 15:34:58,14196,14196,14196,2,-2
2022-12-23 15:35:28,14197,14197,14197,10,10
2022-12-23 15:35:31,14197,14197,14197,2,0
2022-12-23 15:35:34,14197,14197,14197,2,0
2022-12-23 15:35:39,14197,14197,14197,2,0
2022-12-23 15:35:46,14198,14198,14198,2,2
2022-12-23 15:35:46,14198,14198,14198,8,0
2022-12-23 15:35:46,14198,14198,14198,2,0
2022-12-23 15:35:46,14198,14198,14198,2,0
2022-12-23 15:35:46,14199,14199,14199,2,2
2022-12-23 15:35:46,14199,14199,14199,2,0
2022-12-23 15:35:54,14199,14199,14199,2,0
2022-12-23 15:36:02,14199,14199,14199,4,0
2022-12-23 15:36:03,14200,14200,14200,2,2
2022-12-23 15:36:05,14200,14200,14200,18,0
2022-12-23 15:36:06,14200,14200,14200,2,0
2022-12-23 15:36:07,14200,14200,14200,2,0
2022-12-23 15:36:11,14200,14200,14200,2,0
2022-12-23 15:36:12,14201,14201,14201,2,2
2022-12-23 15:36:13,14200,14200,14200,2,-2
2022-12-23 15:36:14,14200,14200,14200,2,0
2022-12-23 15:36:15,14201,14201,14201,2,2
2022-12-23 15:36:15,14200,14200,14200,2,-2
2022-12-23 15:36:16,14201,14201,14201,2,2
2022-12-23 15:36:22,14200,14200,14200,4,-4
2022-12-23 15:36:27,14201,14201,14201,2,2
2022-12-23 15:36:32,14200,14200,14200,2,-2
2022-12-23 15:36:34,14201,14201,14201,2,2
2022-12-23 15:36:48,14201,14201,14201,2,0
2022-12-23 15:36:52,14200,14200,14200,2,-2
2022-12-23 15:36:52,14200,14200,14200,8,0
2022-12-23 15:37:15,14200,14200,14200,2,0
2022-12-23 15:37:16,14199,14199,14199,2,-2
2022-12-23 15:37:16,14199,14199,14199,2,0
2022-12-23 15:37:40,14198,14198,14198,2,-2
2022-12-23 15:37:40,14198,14198,14198,2,0
2022-12-23 15:37:40,14198,14198,14198,2,0
2022-12-23 15:37:40,14198,14198,14198,2,0
2022-12-23 15:37:40,14198,14198,14198,2,0
2022-12-23 15:37:41,14199,14199,14199,22,22
2022-12-23 15:38:39,14199,14199,14199,2,0
2022-12-23 15:39:30,14200,14200,14200,2,2
2022-12-23 15:39:32,14200,14200,14200,2,0
2022-12-23 15:39:45,14200,14200,14200,4,0
2022-12-23 15:40:17,14201,14201,14201,10,10
2022-12-23 15:40:20,14201,14201,14201,2,0
2022-12-23 15:40:22,14200,14200,14200,2,-2
2022-12-23 15:40:22,14200,14200,14200,4,0
2022-12-23 15:40:22,14200,14200,14200,2,0
2022-12-23 15:40:22,14200,14200,14200,2,0
2022-12-23 15:40:22,14200,14200,14200,2,0
2022-12-23 15:40:22,14200,14200,14200,2,0
2022-12-23 15:40:45,14199,14199,14199,2,-2
2022-12-23 15:41:02,14199,14199,14199,2,0
2022-12-23 15:41:02,14199,14199,14199,6,0
2022-12-23 15:41:12,14199,14199,14199,2,0
2022-12-23 15:41:12,14199,14199,14199,8,0
2022-12-23 15:41:12,14199,14199,14199,22,0
2022-12-23 15:41:13,14199,14199,14199,2,0
2022-12-23 15:41:20,14200,14200,14200,2,2
2022-12-23 15:41:37,14199,14199,14199,2,-2
2022-12-23 15:41:37,14199,14199,14199,2,0
2022-12-23 15:42:16,14199,14199,14199,2,0
2022-12-23 15:42:20,14200,14200,14200,2,2
2022-12-23 15:42:28,14200,14200,14200,2,0
2022-12-23 15:42:28,14200,14200,14200,2,0
2022-12-23 15:42:28,14200,14200,14200,2,0
2022-12-23 15:42:28,14200,14200,14200,2,0
2022-12-23 15:42:28,14200,14200,14200,2,0
2022-12-23 15:42:28,14200,14200,14200,2,0
2022-12-23 15:42:28,14199,14199,14199,2,-2
2022-12-23 15:42:28,14199,14199,14199,4,0
2022-12-23 15:42:28,14199,14199,14199,2,0
2022-12-23 15:42:28,14199,14199,14199,4,0
2022-12-23 15:42:28,14199,14199,14199,4,0
2022-12-23 15:42:28,14199,14199,14199,2,0
2022-12-23 15:42:28,14199,14199,14199,2,0
2022-12-23 15:43:00,14200,14200,14200,2,2
2022-12-23 15:43:01,14200,14200,14200,4,0
2022-12-23 15:43:17,14199,14199,14199,2,-2
2022-12-23 15:43:20,14200,14200,14200,2,2
2022-12-23 15:43:26,14200,14200,14200,4,0
2022-12-23 15:43:49,14199,14199,14199,2,-2
2022-12-23 15:43:49,14199,14199,14199,2,0
2022-12-23 15:43:49,14199,14199,14199,2,0
2022-12-23 15:43:53,14199,14199,14199,2,0
2022-12-23 15:43:58,14199,14199,14199,2,0
2022-12-23 15:44:21,14198,14198,14198,2,-2
2022-12-23 15:44:31,14198,14198,14198,2,0
2022-12-23 15:44:44,14197,14197,14197,2,-2
2022-12-23 15:44:47,14196,14196,14196,2,-2
2022-12-23 15:44:47,14196,14196,14196,2,0
2022-12-23 15:44:47,14196,14196,14196,2,0
2022-12-23 15:44:47,14196,14196,14196,2,0
2022-12-23 15:44:47,14196,14196,14196,2,0
2022-12-23 15:44:48,14195,14195,14195,2,-2
2022-12-23 15:44:48,14195,14195,14195,2,0
2022-12-23 15:44:54,14195,14195,14195,2,0
2022-12-23 15:44:59,14196,14196,14196,2,2
2022-12-23 15:44:59,14195,14195,14195,2,-2
2022-12-23 15:45:02,14197,14197,14197,2,2
2022-12-23 15:45:02,14197,14197,14197,16,0
2022-12-23 15:45:02,14197,14197,14197,2,0
2022-12-23 15:45:02,14198,14198,14198,4,4
2022-12-23 15:45:02,14198,14198,14198,2,0
2022-12-23 15:45:02,14196,14196,14196,4,-4
2022-12-23 15:45:03,14197,14197,14197,2,2
2022-12-23 15:45:03,14198,14198,14198,4,4
2022-12-23 15:45:03,14197,14197,14197,2,-2
2022-12-23 15:45:03,14198,14198,14198,2,2
2022-12-23 15:45:03,14198,14198,14198,2,0
2022-12-23 15:45:23,14198,14198,14198,2,0
2022-12-23 15:45:30,14198,14198,14198,2,0
2022-12-23 15:45:30,14197,14197,14197,2,-2
2022-12-23 15:45:31,14198,14198,14198,2,2
2022-12-23 15:45:40,14198,14198,14198,2,0
2022-12-23 15:45:43,14198,14198,14198,2,0
2022-12-23 15:45:51,14199,14199,14199,2,2
2022-12-23 15:46:00,14200,14200,14200,2,2
2022-12-23 15:46:06,14200,14200,14200,2,0
2022-12-23 15:46:06,14200,14200,14200,14,0
2022-12-23 15:46:36,14200,14200,14200,2,0
2022-12-23 15:46:36,14200,14200,14200,2,0
2022-12-23 15:46:42,14199,14199,14199,2,-2
2022-12-23 15:46:46,14198,14198,14198,4,-4
2022-12-23 15:46:46,14198,14198,14198,2,0
2022-12-23 15:46:46,14198,14198,14198,2,0
2022-12-23 15:46:52,14200,14200,14200,2,2
2022-12-23 15:46:55,14200,14200,14200,2,0
2022-12-23 15:46:57,14200,14200,14200,2,0
2022-12-23 15:47:01,14200,14200,14200,2,0
2022-12-23 15:47:01,14200,14200,14200,2,0
2022-12-23 15:47:01,14200,14200,14200,4,0
2022-12-23 15:47:01,14200,14200,14200,2,0
2022-12-23 15:47:14,14200,14200,14200,2,0
2022-12-23 15:47:40,14200,14200,14200,4,0
2022-12-23 15:47:56,14199,14199,14199,2,-2
2022-12-23 15:48:07,14200,14200,14200,2,2
2022-12-23 15:48:19,14199,14199,14199,2,-2
2022-12-23 15:48:48,14199,14199,14199,2,0
2022-12-23 15:49:01,14199,14199,14199,2,0
2022-12-23 15:49:31,14200,14200,14200,2,2
2022-12-23 15:49:47,14198,14198,14198,2,-2
2022-12-23 15:49:47,14198,14198,14198,2,0
2022-12-23 15:49:47,14198,14198,14198,2,0
2022-12-23 15:50:14,14198,14198,14198,2,0
2022-12-23 15:50:39,14199,14199,14199,2,2
2022-12-23 15:50:50,14200,14200,14200,2,2
2022-12-23 15:50:50,14200,14200,14200,2,0
2022-12-23 15:51:19,14200,14200,14200,2,0
2022-12-23 15:51:34,14200,14200,14200,4,0
2022-12-23 15:51:34,14200,14200,14200,4,0
2022-12-23 15:52:11,14200,14200,14200,2,0
2022-12-23 15:52:17,14200,14200,14200,4,0
2022-12-23 15:52:23,14201,14201,14201,2,2
2022-12-23 15:52:23,14201,14201,14201,8,0
2022-12-23 15:52:30,14202,14202,14202,4,4
2022-12-23 15:52:32,14202,14202,14202,2,0
2022-12-23 15:52:35,14202,14202,14202,2,0
2022-12-23 15:52:43,14200,14200,14200,2,-2
2022-12-23 15:52:43,14200,14200,14200,2,0
2022-12-23 15:52:46,14201,14201,14201,2,2
2022-12-23 15:52:58,14201,14201,14201,2,0
2022-12-23 15:53:05,14199,14199,14199,2,-2
2022-12-23 15:53:05,14199,14199,14199,2,0
2022-12-23 15:53:19,14199,14199,14199,2,0
2022-12-23 15:53:52,14200,14200,14200,2,2
2022-12-23 15:54:08,14200,14200,14200,2,0
2022-12-23 15:54:20,14199,14199,14199,2,-2
2022-12-23 15:54:40,14200,14200,14200,2,2
2022-12-23 15:55:00,14200,14200,14200,2,0
2022-12-23 15:55:00,14200,14200,14200,2,0
2022-12-23 15:55:07,14201,14201,14201,2,2
2022-12-23 15:55:20,14200,14200,14200,2,-2
2022-12-23 15:55:46,14199,14199,14199,2,-2
2022-12-23 15:55:46,14199,14199,14199,2,0
2022-12-23 15:55:51,14199,14199,14199,2,0
2022-12-23 15:56:12,14199,14199,14199,2,0
2022-12-23 15:56:42,14198,14198,14198,2,-2
2022-12-23 15:56:50,14198,14198,14198,2,0
2022-12-23 15:57:24,14199,14199,14199,2,2
2022-12-23 15:57:49,14200,14200,14200,2,2
2022-12-23 15:57:49,14200,14200,14200,10,0
2022-12-23 15:57:49,14199,14199,14199,2,-2
2022-12-23 15:57:54,14200,14200,14200,2,2
2022-12-23 15:57:54,14201,14201,14201,2,2
2022-12-23 15:58:02,14199,14199,14199,2,-2
2022-12-23 15:58:29,14200,14200,14200,2,2
2022-12-23 15:58:40,14200,14200,14200,2,0
2022-12-23 15:58:48,14199,14199,14199,2,-2
2022-12-23 15:58:48,14199,14199,14199,2,0
2022-12-23 15:58:50,14199,14199,14199,2,0
2022-12-23 15:59:09,14199,14199,14199,2,0
2022-12-23 15:59:14,14198,14198,14198,4,-4
2022-12-23 15:59:14,14198,14198,14198,4,0
2022-12-23 15:59:14,14198,14198,14198,4,0
2022-12-23 15:59:14,14198,14198,14198,2,0
2022-12-23 15:59:14,14198,14198,14198,2,0
2022-12-23 15:59:14,14198,14198,14198,2,0
2022-12-23 15:59:14,14198,14198,14198,2,0
2022-12-23 15:59:14,14198,14198,14198,2,0
2022-12-23 15:59:14,14198,14198,14198,4,0
2022-12-23 15:59:14,14198,14198,14198,2,0
2022-12-23 15:59:14,14198,14198,14198,2,0
2022-12-23 15:59:14,14198,14198,14198,2,0
2022-12-23 15:59:14,14198,14198,14198,2,0
2022-12-23 15:59:14,14198,14198,14198,2,0
2022-12-23 15:59:16,14197,14197,14197,2,-2
2022-12-23 15:59:16,14197,14197,14197,2,0
2022-12-23 15:59:16,14197,14197,14197,2,0
2022-12-23 15:59:16,14197,14197,14197,2,0
2022-12-23 15:59:16,14197,14197,14197,2,0
2022-12-23 15:59:18,14197,14197,14197,2,0
2022-12-23 15:59:20,14197,14197,14197,2,0
2022-12-23 15:59:24,14197,14197,14197,2,0
2022-12-23 15:59:33,14196,14196,14196,2,-2
2022-12-23 15:59:33,14196,14196,14196,2,0
2022-12-23 15:59:33,14196,14196,14196,2,0
2022-12-23 15:59:33,14196,14196,14196,2,0
2022-12-23 15:59:53,14196,14196,14196,4,0
2022-12-23 15:59:56,14195,14195,14195,2,-2
2022-12-23 15:59:56,14196,14196,14196,2,2
2022-12-23 15:59:57,14196,14196,14196,4,0
2022-12-23 15:59:59,14195,14195,14195,2,-2
2022-12-23 15:59:59,14195,14195,14195,2,0
2022-12-23 15:59:59,14195,14195,14195,2,0
2022-12-23 15:59:59,14195,14195,14195,4,0
2022-12-23 15:59:59,14195,14195,14195,40,0
2022-12-23 15:59:59,14195,14195,14195,2,0
2022-12-23 15:59:59,14195,14195,14195,2,0
2022-12-23 15:59:59,14195,14195,14195,4,0
2022-12-23 15:59:59,14195,14195,14195,2,0
2022-12-23 15:59:59,14194,14194,14194,2,-2
2022-12-23 15:59:59,14194,14194,14194,2,0
2022-12-23 16:00:00,14194,14194,14194,2,0
2022-12-23 16:00:00,14194,14194,14194,2,0
2022-12-23 16:00:00,14194,14194,14194,2,0
2022-12-23 16:00:00,14193,14193,14193,2,-2
2022-12-23 16:00:00,14193,14193,14193,2,0
2022-12-23 16:00:00,14193,14193,14193,2,0
2022-12-23 16:00:00,14193,14193,14193,2,0
2022-12-23 16:00:00,14193,14193,14193,2,0
2022-12-23 16:00:00,14193,14193,14193,2,0
2022-12-23 16:00:00,14194,14194,14194,2,2
2022-12-23 16:00:00,14192,14192,14192,2,-2
2022-12-23 16:00:00,14192,14192,14192,4,0
2022-12-23 16:00:00,14192,14192,14192,2,0
2022-12-23 16:00:00,14192,14192,14192,4,0
2022-12-23 16:00:00,14192,14192,14192,2,0
2022-12-23 16:00:00,14192,14192,14192,2,0
2022-12-23 16:00:00,14192,14192,14192,2,0
2022-12-23 16:00:01,14192,14192,14192,2,0
2022-12-23 16:00:01,14192,14192,14192,2,0
2022-12-23 16:00:01,14192,14192,14192,2,0
2022-12-23 16:00:02,14192,14192,14192,2,0
2022-12-23 16:00:04,14193,14193,14193,2,2
2022-12-23 16:00:04,14192,14192,14192,2,-2
2022-12-23 16:00:05,14193,14193,14193,4,4
2022-12-23 16:00:06,14192,14192,14192,2,-2
2022-12-23 16:00:06,14191,14191,14191,2,-2
2022-12-23 16:00:06,14192,14192,14192,2,2
2022-12-23 16:00:08,14191,14191,14191,4,-4
2022-12-23 16:00:08,14191,14191,14191,2,0
2022-12-23 16:00:08,14191,14191,14191,2,0
2022-12-23 16:00:08,14191,14191,14191,2,0
2022-12-23 16:00:08,14191,14191,14191,2,0
2022-12-23 16:00:08,14191,14191,14191,2,0
2022-12-23 16:00:08,14191,14191,14191,2,0
2022-12-23 16:00:08,14191,14191,14191,2,0
2022-12-23 16:00:08,14191,14191,14191,2,0
2022-12-23 16:00:08,14191,14191,14191,2,0
2022-12-23 16:00:10,14190,14190,14190,2,-2
2022-12-23 16:00:10,14190,14190,14190,2,0
2022-12-23 16:00:10,14190,14190,14190,2,0
2022-12-23 16:00:17,14192,14192,14192,10,10
2022-12-23 16:00:17,14192,14192,14192,2,0
2022-12-23 16:00:18,14192,14192,14192,2,0
2022-12-23 16:00:18,14192,14192,14192,2,0
2022-12-23 16:00:22,14192,14192,14192,2,0
2022-12-23 16:00:28,14192,14192,14192,2,0
2022-12-23 16:00:30,14191,14191,14191,2,-2
2022-12-23 16:00:30,14191,14191,14191,2,0
2022-12-23 16:00:30,14191,14191,14191,10,0
2022-12-23 16:00:30,14191,14191,14191,2,0
2022-12-23 16:00:30,14191,14191,14191,2,0
2022-12-23 16:00:30,14191,14191,14191,2,0
2022-12-23 16:00:30,14191,14191,14191,10,0
2022-12-23 16:00:30,14191,14191,14191,2,0
2022-12-23 16:00:30,14191,14191,14191,2,0
2022-12-23 16:00:30,14191,14191,14191,2,0
2022-12-23 16:00:30,14191,14191,14191,2,0
2022-12-23 16:00:30,14191,14191,14191,2,0
2022-12-23 16:00:30,14191,14191,14191,2,0
2022-12-23 16:00:30,14191,14191,14191,2,0
2022-12-23 16:00:31,14191,14191,14191,2,0
2022-12-23 16:00:33,14190,14190,14190,2,-2
2022-12-23 16:00:33,14190,14190,14190,6,0
2022-12-23 16:00:33,14190,14190,14190,2,0
2022-12-23 16:00:33,14190,14190,14190,2,0
2022-12-23 16:00:33,14190,14190,14190,2,0
2022-12-23 16:00:33,14190,14190,14190,2,0
2022-12-23 16:00:33,14190,14190,14190,2,0
2022-12-23 16:00:33,14190,14190,14190,2,0
2022-12-23 16:00:33,14190,14190,14190,2,0
2022-12-23 16:00:33,14190,14190,14190,2,0
2022-12-23 16:00:33,14190,14190,14190,2,0
2022-12-23 16:00:33,14190,14190,14190,2,0
2022-12-23 16:00:33,14190,14190,14190,2,0
2022-12-23 16:00:36,14189,14189,14189,2,-2
2022-12-23 16:00:36,14189,14189,14189,2,0
2022-12-23 16:00:36,14189,14189,14189,2,0
2022-12-23 16:00:36,14189,14189,14189,2,0
2022-12-23 16:00:37,14190,14190,14190,2,2
2022-12-23 16:00:37,14190,14190,14190,8,0
2022-12-23 16:00:37,14190,14190,14190,2,0
2022-12-23 16:00:40,14190,14190,14190,2,0
2022-12-23 16:00:41,14189,14189,14189,2,-2
2022-12-23 16:00:42,14190,14190,14190,2,2
2022-12-23 16:00:42,14190,14190,14190,2,0
2022-12-23 16:00:42,14190,14190,14190,2,0
2022-12-23 16:00:42,14190,14190,14190,2,0
2022-12-23 16:00:42,14190,14190,14190,2,0
2022-12-23 16:00:42,14189,14189,14189,2,-2
2022-12-23 16:00:49,14190,14190,14190,2,2
2022-12-23 16:00:49,14190,14190,14190,2,0
2022-12-23 16:00:49,14190,14190,14190,4,0
2022-12-23 16:00:49,14190,14190,14190,2,0
2022-12-23 16:00:49,14190,14190,14190,2,0
2022-12-23 16:00:52,14190,14190,14190,2,0
2022-12-23 16:00:52,14190,14190,14190,2,0
2022-12-23 16:00:52,14191,14191,14191,2,2
2022-12-23 16:00:54,14190,14190,14190,2,-2
2022-12-23 16:00:54,14190,14190,14190,2,0
2022-12-23 16:00:54,14190,14190,14190,2,0
2022-12-23 16:00:54,14190,14190,14190,2,0
2022-12-23 16:00:54,14190,14190,14190,2,0
2022-12-23 16:00:54,14190,14190,14190,4,0
2022-12-23 16:00:55,14189,14189,14189,6,-6
2022-12-23 16:00:56,14189,14189,14189,2,0
2022-12-23 16:00:56,14189,14189,14189,2,0
2022-12-23 16:01:00,14191,14191,14191,2,2
2022-12-23 16:01:01,14191,14191,14191,2,0
2022-12-23 16:01:01,14190,14190,14190,2,-2
2022-12-23 16:01:09,14191,14191,14191,2,2
2022-12-23 16:01:10,14190,14190,14190,2,-2
2022-12-23 16:01:15,14193,14193,14193,2,2
2022-12-23 16:01:16,14194,14194,14194,2,2
2022-12-23 16:01:16,14194,14194,14194,2,0
2022-12-23 16:01:17,14193,14193,14193,2,-2
2022-12-23 16:01:18,14195,14195,14195,4,4
2022-12-23 16:01:19,14194,14194,14194,2,-2
2022-12-23 16:01:31,14195,14195,14195,4,4
2022-12-23 16:01:32,14196,14196,14196,2,2
2022-12-23 16:01:32,14196,14196,14196,4,0
2022-12-23 16:01:32,14196,14196,14196,2,0
2022-12-23 16:01:34,14196,14196,14196,4,0
2022-12-23 16:01:35,14198,14198,14198,2,2
2022-12-23 16:01:37,14198,14198,14198,2,0
2022-12-23 16:01:38,14198,14198,14198,2,0
2022-12-23 16:01:38,14198,14198,14198,4,0
2022-12-23 16:01:39,14199,14199,14199,4,4
2022-12-23 16:01:44,14199,14199,14199,6,0
2022-12-23 16:01:45,14200,14200,14200,4,4
2022-12-23 16:01:46,14199,14199,14199,2,-2
2022-12-23 16:01:46,14199,14199,14199,2,0
2022-12-23 16:01:47,14199,14199,14199,2,0
2022-12-23 16:01:49,14199,14199,14199,2,0
2022-12-23 16:01:49,14199,14199,14199,2,0
2022-12-23 16:01:49,14199,14199,14199,2,0
2022-12-23 16:02:00,14200,14200,14200,4,4
2022-12-23 16:02:01,14199,14199,14199,2,-2
2022-12-23 16:02:09,14200,14200,14200,2,2
2022-12-23 16:02:10,14199,14199,14199,2,-2
2022-12-23 16:02:13,14200,14200,14200,4,4
2022-12-23 16:02:15,14201,14201,14201,2,2
2022-12-23 16:02:17,14201,14201,14201,2,0
2022-12-23 16:02:17,14201,14201,14201,2,0
2022-12-23 16:02:20,14202,14202,14202,4,4
2022-12-23 16:02:20,14202,14202,14202,34,0
2022-12-23 16:02:20,14203,14203,14203,2,2
2022-12-23 16:02:20,14204,14204,14204,4,4
2022-12-23 16:02:20,14204,14204,14204,2,0
2022-12-23 16:02:20,14204,14204,14204,2,0
2022-12-23 16:02:20,14204,14204,14204,2,0
2022-12-23 16:02:20,14204,14204,14204,2,0
2022-12-23 16:02:20,14204,14204,14204,2,0
2022-12-23 16:02:20,14204,14204,14204,8,0
2022-12-23 16:02:20,14204,14204,14204,2,0
2022-12-23 16:02:20,14204,14204,14204,2,0
2022-12-23 16:02:21,14204,14204,14204,2,0
2022-12-23 16:02:21,14204,14204,14204,4,0
2022-12-23 16:02:23,14204,14204,14204,10,0
2022-12-23 16:02:27,14204,14204,14204,4,0
2022-12-23 16:02:28,14204,14204,14204,2,0
2022-12-23 16:02:28,14205,14205,14205,2,2
2022-12-23 16:02:29,14205,14205,14205,4,0
2022-12-23 16:02:29,14205,14205,14205,2,0
2022-12-23 16:02:29,14205,14205,14205,18,0
2022-12-23 16:02:29,14205,14205,14205,8,0
2022-12-23 16:02:29,14205,14205,14205,2,0
2022-12-23 16:02:30,14205,14205,14205,2,0
2022-12-23 16:02:30,14204,14204,14204,2,-2
2022-12-23 16:02:30,14204,14204,14204,2,0
2022-12-23 16:02:30,14204,14204,14204,4,0
2022-12-23 16:02:30,14204,14204,14204,4,0
2022-12-23 16:02:30,14204,14204,14204,2,0
2022-12-23 16:02:30,14206,14206,14206,2,2
2022-12-23 16:02:36,14206,14206,14206,2,0
2022-12-23 16:02:36,14206,14206,14206,10,0
2022-12-23 16:02:39,14207,14207,14207,4,4
2022-12-23 16:02:39,14207,14207,14207,2,0
2022-12-23 16:02:39,14207,14207,14207,2,0
2022-12-23 16:02:39,14207,14207,14207,8,0
2022-12-23 16:02:39,14207,14207,14207,14,0
2022-12-23 16:02:39,14207,14207,14207,30,0
2022-12-23 16:02:40,14208,14208,14208,2,2
2022-12-23 16:02:41,14206,14206,14206,2,-2
2022-12-23 16:02:41,14207,14207,14207,4,4
2022-12-23 16:02:42,14207,14207,14207,10,0
2022-12-23 16:02:44,14207,14207,14207,2,0
2022-12-23 16:02:46,14207,14207,14207,2,0
2022-12-23 16:02:47,14207,14207,14207,2,0
2022-12-23 16:02:47,14207,14207,14207,2,0
2022-12-23 16:02:51,14207,14207,14207,10,0
2022-12-23 16:02:54,14207,14207,14207,2,0
2022-12-23 16:02:54,14208,14208,14208,24,24
2022-12-23 16:02:59,14208,14208,14208,36,0
2022-12-23 16:03:04,14208,14208,14208,2,0
2022-12-23 16:03:05,14208,14208,14208,2,0
2022-12-23 16:03:09,14207,14207,14207,2,-2
2022-12-23 16:03:09,14207,14207,14207,10,0
2022-12-23 16:03:09,14207,14207,14207,2,0
2022-12-23 16:03:09,14207,14207,14207,2,0
2022-12-23 16:03:09,14207,14207,14207,2,0
2022-12-23 16:03:09,14207,14207,14207,2,0
2022-12-23 16:03:11,14208,14208,14208,2,2
2022-12-23 16:03:17,14206,14206,14206,2,-2
2022-12-23 16:03:17,14206,14206,14206,4,0
2022-12-23 16:03:31,14205,14205,14205,10,-10
2022-12-23 16:03:39,14205,14205,14205,2,0
2022-12-23 16:03:39,14204,14204,14204,2,-2
2022-12-23 16:03:41,14204,14204,14204,2,0
2022-12-23 16:03:53,14203,14203,14203,2,-2
2022-12-23 16:03:56,14203,14203,14203,2,0
2022-12-23 16:03:56,14203,14203,14203,8,0
2022-12-23 16:04:00,14203,14203,14203,2,0
2022-12-23 16:04:06,14202,14202,14202,2,-2
2022-12-23 16:04:06,14202,14202,14202,2,0
2022-12-23 16:04:14,14201,14201,14201,2,-2
2022-12-23 16:04:14,14201,14201,14201,2,0
2022-12-23 16:04:17,14200,14200,14200,2,-2
2022-12-23 16:04:18,14201,14201,14201,2,2
2022-12-23 16:04:25,14201,14201,14201,2,0
2022-12-23 16:04:25,14200,14200,14200,10,-10
2022-12-23 16:04:28,14200,14200,14200,16,0
2022-12-23 16:05:02,14199,14199,14199,2,-2
2022-12-23 16:05:09,14198,14198,14198,8,-8
2022-12-23 16:05:09,14198,14198,14198,10,0
2022-12-23 16:05:09,14198,14198,14198,2,0
2022-12-23 16:05:09,14198,14198,14198,2,0
2022-12-23 16:05:14,14197,14197,14197,2,-2
2022-12-23 16:05:15,14197,14197,14197,2,0
2022-12-23 16:05:15,14197,14197,14197,2,0
2022-12-23 16:05:16,14197,14197,14197,6,0
2022-12-23 16:05:16,14197,14197,14197,2,0
2022-12-23 16:05:16,14197,14197,14197,8,0
2022-12-23 16:05:16,14197,14197,14197,2,0
2022-12-23 16:05:16,14197,14197,14197,2,0
2022-12-23 16:05:16,14197,14197,14197,2,0
2022-12-23 16:05:16,14197,14197,14197,2,0
2022-12-23 16:05:16,14197,14197,14197,6,0
2022-12-23 16:05:16,14197,14197,14197,2,0
2022-12-23 16:05:17,14196,14196,14196,2,-2
2022-12-23 16:05:17,14196,14196,14196,2,0
2022-12-23 16:05:18,14196,14196,14196,2,0
2022-12-23 16:05:18,14196,14196,14196,2,0
2022-12-23 16:05:18,14196,14196,14196,2,0
2022-12-23 16:05:18,14196,14196,14196,2,0
2022-12-23 16:05:18,14196,14196,14196,2,0
2022-12-23 16:05:18,14196,14196,14196,2,0
2022-12-23 16:05:18,14195,14195,14195,4,-4
2022-12-23 16:05:18,14195,14195,14195,2,0
2022-12-23 16:05:21,14195,14195,14195,2,0
2022-12-23 16:05:21,14195,14195,14195,2,0
2022-12-23 16:05:21,14196,14196,14196,2,2
2022-12-23 16:05:22,14195,14195,14195,4,-4
2022-12-23 16:05:22,14195,14195,14195,2,0
2022-12-23 16:05:22,14195,14195,14195,2,0
2022-12-23 16:05:22,14195,14195,14195,2,0
2022-12-23 16:05:22,14195,14195,14195,2,0
2022-12-23 16:05:22,14195,14195,14195,2,0
2022-12-23 16:05:22,14195,14195,14195,2,0
2022-12-23 16:05:22,14195,14195,14195,2,0
2022-12-23 16:05:22,14195,14195,14195,2,0
2022-12-23 16:05:23,14194,14194,14194,2,-2
2022-12-23 16:05:24,14195,14195,14195,2,2
2022-12-23 16:05:26,14195,14195,14195,2,0
2022-12-23 16:05:27,14195,14195,14195,2,0
2022-12-23 16:05:27,14195,14195,14195,2,0
2022-12-23 16:05:29,14195,14195,14195,2,0
2022-12-23 16:05:32,14195,14195,14195,2,0
2022-12-23 16:05:35,14195,14195,14195,2,0
2022-12-23 16:05:39,14194,14194,14194,2,-2
2022-12-23 16:05:41,14194,14194,14194,2,0
2022-12-23 16:05:42,14193,14193,14193,2,-2
2022-12-23 16:05:45,14193,14193,14193,2,0
2022-12-23 16:05:46,14193,14193,14193,2,0
2022-12-23 16:05:55,14194,14194,14194,2,2
2022-12-23 16:06:01,14194,14194,14194,2,0
2022-12-23 16:06:12,14195,14195,14195,2,2
2022-12-23 16:06:12,14194,14194,14194,2,-2
2022-12-23 16:06:12,14193,14193,14193,2,-2
2022-12-23 16:06:12,14193,14193,14193,2,0
2022-12-23 16:06:12,14193,14193,14193,4,0
2022-12-23 16:06:12,14193,14193,14193,2,0
2022-12-23 16:06:12,14193,14193,14193,2,0
2022-12-23 16:06:16,14192,14192,14192,2,-2
2022-12-23 16:06:17,14192,14192,14192,2,0
2022-12-23 16:06:17,14192,14192,14192,2,0
2022-12-23 16:06:17,14192,14192,14192,2,0
2022-12-23 16:06:17,14192,14192,14192,2,0
2022-12-23 16:06:20,14191,14191,14191,2,-2
2022-12-23 16:06:21,14191,14191,14191,2,0
2022-12-23 16:06:21,14191,14191,14191,4,0
2022-12-23 16:06:22,14191,14191,14191,2,0
2022-12-23 16:06:22,14190,14190,14190,2,-2
2022-12-23 16:06:25,14190,14190,14190,2,0
2022-12-23 16:06:25,14190,14190,14190,2,0
2022-12-23 16:06:27,14190,14190,14190,2,0
2022-12-23 16:06:27,14190,14190,14190,2,0
2022-12-23 16:06:27,14190,14190,14190,6,0
2022-12-23 16:06:29,14190,14190,14190,4,0
2022-12-23 16:06:29,14190,14190,14190,2,0
2022-12-23 16:06:29,14190,14190,14190,2,0
2022-12-23 16:06:29,14190,14190,14190,2,0
2022-12-23 16:06:29,14190,14190,14190,2,0
2022-12-23 16:06:29,14190,14190,14190,4,0
2022-12-23 16:06:29,14190,14190,14190,2,0
2022-12-23 16:06:30,14190,14190,14190,2,0
2022-12-23 16:06:31,14190,14190,14190,2,0
2022-12-23 16:06:32,14189,14189,14189,2,-2
2022-12-23 16:06:35,14190,14190,14190,10,10
2022-12-23 16:06:37,14190,14190,14190,6,0
2022-12-23 16:06:40,14191,14191,14191,2,2
2022-12-23 16:06:42,14191,14191,14191,2,0
2022-12-23 16:06:44,14190,14190,14190,2,-2
2022-12-23 16:06:49,14190,14190,14190,2,0
2022-12-23 16:06:49,14190,14190,14190,8,0
2022-12-23 16:06:49,14191,14191,14191,2,2
2022-12-23 16:06:51,14191,14191,14191,4,0
2022-12-23 16:06:56,14191,14191,14191,2,0
2022-12-23 16:07:00,14191,14191,14191,2,0
2022-12-23 16:07:00,14191,14191,14191,4,0
2022-12-23 16:07:04,14191,14191,14191,2,0
2022-12-23 16:07:21,14192,14192,14192,2,2
2022-12-23 16:07:26,14193,14193,14193,2,2
2022-12-23 16:07:33,14191,14191,14191,2,-2
2022-12-23 16:07:33,14191,14191,14191,2,0
2022-12-23 16:07:33,14191,14191,14191,2,0
2022-12-23 16:07:33,14191,14191,14191,2,0
2022-12-23 16:07:33,14191,14191,14191,2,0
2022-12-23 16:07:33,14191,14191,14191,2,0
2022-12-23 16:07:34,14190,14190,14190,2,-2
2022-12-23 16:07:34,14190,14190,14190,2,0
2022-12-23 16:07:34,14190,14190,14190,2,0
2022-12-23 16:07:34,14190,14190,14190,2,0
2022-12-23 16:07:34,14190,14190,14190,2,0
2022-12-23 16:07:34,14190,14190,14190,2,0
2022-12-23 16:07:34,14190,14190,14190,2,0
2022-12-23 16:07:34,14190,14190,14190,2,0
2022-12-23 16:07:34,14190,14190,14190,2,0
2022-12-23 16:07:34,14190,14190,14190,2,0
2022-12-23 16:07:34,14190,14190,14190,2,0
2022-12-23 16:07:39,14189,14189,14189,2,-2
2022-12-23 16:07:39,14189,14189,14189,2,0
2022-12-23 16:07:39,14189,14189,14189,8,0
2022-12-23 16:07:39,14189,14189,14189,20,0
2022-12-23 16:07:39,14189,14189,14189,6,0
2022-12-23 16:07:39,14189,14189,14189,2,0
2022-12-23 16:07:39,14189,14189,14189,4,0
2022-12-23 16:07:39,14189,14189,14189,2,0
2022-12-23 16:07:39,14189,14189,14189,2,0
2022-12-23 16:07:39,14189,14189,14189,2,0
2022-12-23 16:07:39,14189,14189,14189,2,0
2022-12-23 16:07:39,14189,14189,14189,2,0
2022-12-23 16:07:39,14189,14189,14189,2,0
2022-12-23 16:07:39,14189,14189,14189,4,0
2022-12-23 16:07:39,14189,14189,14189,2,0
2022-12-23 16:07:41,14188,14188,14188,2,-2
2022-12-23 16:07:41,14188,14188,14188,2,0
2022-12-23 16:07:41,14188,14188,14188,2,0
2022-12-23 16:07:41,14188,14188,14188,4,0
2022-12-23 16:07:41,14188,14188,14188,2,0
2022-12-23 16:07:41,14188,14188,14188,2,0
2022-12-23 16:07:41,14188,14188,14188,2,0
2022-12-23 16:07:41,14188,14188,14188,2,0
2022-12-23 16:07:41,14188,14188,14188,2,0
2022-12-23 16:07:41,14188,14188,14188,10,0
2022-12-23 16:07:41,14188,14188,14188,2,0
2022-12-23 16:07:41,14188,14188,14188,2,0
2022-12-23 16:07:41,14188,14188,14188,2,0
2022-12-23 16:07:41,14188,14188,14188,10,0
2022-12-23 16:07:41,14189,14189,14189,22,22
2022-12-23 16:07:41,14187,14187,14187,2,-2
2022-12-23 16:07:41,14187,14187,14187,2,0
2022-12-23 16:07:42,14187,14187,14187,2,0
2022-12-23 16:07:43,14187,14187,14187,2,0
2022-12-23 16:07:44,14187,14187,14187,2,0
2022-12-23 16:07:47,14187,14187,14187,2,0
2022-12-23 16:07:47,14187,14187,14187,2,0
2022-12-23 16:07:47,14187,14187,14187,2,0
2022-12-23 16:07:47,14187,14187,14187,2,0
2022-12-23 16:07:47,14187,14187,14187,2,0
2022-12-23 16:07:47,14187,14187,14187,6,0
2022-12-23 16:07:47,14187,14187,14187,6,0
2022-12-23 16:07:47,14187,14187,14187,6,0
2022-12-23 16:07:47,14187,14187,14187,2,0
2022-12-23 16:07:48,14187,14187,14187,2,0
2022-12-23 16:07:49,14186,14186,14186,2,-2
2022-12-23 16:07:49,14186,14186,14186,2,0
2022-12-23 16:07:49,14186,14186,14186,2,0
2022-12-23 16:07:49,14186,14186,14186,2,0
2022-12-23 16:07:49,14186,14186,14186,2,0
2022-12-23 16:07:49,14186,14186,14186,4,0
2022-12-23 16:07:49,14186,14186,14186,2,0
2022-12-23 16:07:49,14186,14186,14186,2,0
2022-12-23 16:07:49,14186,14186,14186,2,0
2022-12-23 16:07:49,14186,14186,14186,2,0
2022-12-23 16:07:49,14186,14186,14186,2,0
2022-12-23 16:07:49,14186,14186,14186,2,0
2022-12-23 16:07:51,14186,14186,14186,2,0
2022-12-23 16:07:51,14186,14186,14186,2,0
2022-12-23 16:07:51,14186,14186,14186,6,0
2022-12-23 16:07:51,14186,14186,14186,2,0
2022-12-23 16:07:55,14186,14186,14186,2,0
2022-12-23 16:07:55,14186,14186,14186,2,0
2022-12-23 16:07:55,14185,14185,14185,2,-2
2022-12-23 16:07:58,14185,14185,14185,2,0
2022-12-23 16:07:59,14185,14185,14185,2,0
2022-12-23 16:07:59,14185,14185,14185,4,0
2022-12-23 16:07:59,14185,14185,14185,20,0
2022-12-23 16:07:59,14185,14185,14185,2,0
2022-12-23 16:07:59,14185,14185,14185,4,0
2022-12-23 16:07:59,14185,14185,14185,6,0
2022-12-23 16:07:59,14185,14185,14185,4,0
2022-12-23 16:07:59,14185,14185,14185,2,0
2022-12-23 16:07:59,14185,14185,14185,2,0
2022-12-23 16:07:59,14185,14185,14185,2,0
2022-12-23 16:07:59,14185,14185,14185,2,0
2022-12-23 16:07:59,14185,14185,14185,2,0
2022-12-23 16:07:59,14185,14185,14185,2,0
2022-12-23 16:07:59,14185,14185,14185,2,0
2022-12-23 16:07:59,14185,14185,14185,2,0
2022-12-23 16:08:00,14184,14184,14184,2,-2
2022-12-23 16:08:00,14184,14184,14184,2,0
2022-12-23 16:08:00,14184,14184,14184,2,0
2022-12-23 16:08:00,14184,14184,14184,2,0
2022-12-23 16:08:00,14183,14183,14183,2,-2
2022-12-23 16:08:00,14185,14185,14185,2,2
2022-12-23 16:08:00,14184,14184,14184,2,-2
2022-12-23 16:08:00,14184,14184,14184,2,0
2022-12-23 16:08:00,14184,14184,14184,2,0
2022-12-23 16:08:01,14183,14183,14183,2,-2
2022-12-23 16:08:01,14183,14183,14183,2,0
2022-12-23 16:08:04,14185,14185,14185,2,2
2022-12-23 16:08:04,14185,14185,14185,2,0
2022-12-23 16:08:05,14185,14185,14185,2,0
2022-12-23 16:08:08,14185,14185,14185,2,0
2022-12-23 16:08:11,14184,14184,14184,2,-2
2022-12-23 16:08:11,14184,14184,14184,2,0
2022-12-23 16:08:11,14184,14184,14184,2,0
2022-12-23 16:08:11,14184,14184,14184,2,0
2022-12-23 16:08:11,14184,14184,14184,2,0
2022-12-23 16:08:12,14184,14184,14184,2,0
2022-12-23 16:08:12,14184,14184,14184,2,0
2022-12-23 16:08:22,14184,14184,14184,2,0
2022-12-23 16:08:24,14183,14183,14183,2,-2
2022-12-23 16:08:26,14183,14183,14183,4,0
2022-12-23 16:08:26,14183,14183,14183,2,0
2022-12-23 16:08:26,14183,14183,14183,2,0
2022-12-23 16:08:26,14183,14183,14183,2,0
2022-12-23 16:08:28,14184,14184,14184,4,4
2022-12-23 16:08:28,14183,14183,14183,2,-2
2022-12-23 16:08:30,14184,14184,14184,2,2
2022-12-23 16:08:30,14184,14184,14184,2,0
2022-12-23 16:08:30,14184,14184,14184,2,0
2022-12-23 16:08:32,14185,14185,14185,2,2
2022-12-23 16:08:32,14185,14185,14185,4,0
2022-12-23 16:08:32,14185,14185,14185,2,0
2022-12-23 16:08:32,14185,14185,14185,4,0
2022-12-23 16:08:33,14184,14184,14184,2,-2
2022-12-23 16:08:34,14184,14184,14184,2,0
2022-12-23 16:08:34,14184,14184,14184,2,0
2022-12-23 16:08:38,14184,14184,14184,2,0
2022-12-23 16:08:40,14184,14184,14184,2,0
2022-12-23 16:08:40,14183,14183,14183,2,-2
2022-12-23 16:08:40,14184,14184,14184,2,2
2022-12-23 16:08:41,14184,14184,14184,2,0
2022-12-23 16:08:47,14184,14184,14184,2,0
2022-12-23 16:08:47,14184,14184,14184,2,0
2022-12-23 16:08:52,14185,14185,14185,8,8
2022-12-23 16:08:52,14185,14185,14185,2,0
2022-12-23 16:08:52,14185,14185,14185,12,0
2022-12-23 16:08:53,14186,14186,14186,2,2
2022-12-23 16:08:55,14185,14185,14185,2,-2
2022-12-23 16:08:57,14185,14185,14185,2,0
2022-12-23 16:08:58,14184,14184,14184,2,-2
2022-12-23 16:08:58,14184,14184,14184,2,0
2022-12-23 16:08:58,14184,14184,14184,4,0
2022-12-23 16:08:58,14184,14184,14184,4,0
2022-12-23 16:08:58,14184,14184,14184,2,0
2022-12-23 16:09:00,14184,14184,14184,2,0
2022-12-23 16:09:00,14183,14183,14183,2,-2
2022-12-23 16:09:00,14183,14183,14183,2,0
2022-12-23 16:09:00,14183,14183,14183,2,0
2022-12-23 16:09:00,14183,14183,14183,2,0
2022-12-23 16:09:00,14183,14183,14183,2,0
2022-12-23 16:09:00,14183,14183,14183,2,0
2022-12-23 16:09:00,14183,14183,14183,10,0
2022-12-23 16:09:00,14183,14183,14183,2,0
2022-12-23 16:09:00,14183,14183,14183,16,0
2022-12-23 16:09:00,14183,14183,14183,2,0
2022-12-23 16:09:00,14182,14182,14182,2,-2
2022-12-23 16:09:00,14182,14182,14182,2,0
2022-12-23 16:09:00,14182,14182,14182,10,0
2022-12-23 16:09:00,14182,14182,14182,4,0
2022-12-23 16:09:00,14182,14182,14182,2,0
2022-12-23 16:09:00,14182,14182,14182,2,0
2022-12-23 16:09:00,14181,14181,14181,2,-2
2022-12-23 16:09:00,14181,14181,14181,2,0
2022-12-23 16:09:00,14181,14181,14181,2,0
2022-12-23 16:09:00,14181,14181,14181,2,0
2022-12-23 16:09:01,14182,14182,14182,6,6
2022-12-23 16:09:01,14181,14181,14181,2,-2
2022-12-23 16:09:01,14182,14182,14182,2,2
2022-12-23 16:09:02,14181,14181,14181,2,-2
2022-12-23 16:09:03,14182,14182,14182,4,4
2022-12-23 16:09:06,14181,14181,14181,2,-2
2022-12-23 16:09:06,14181,14181,14181,2,0
2022-12-23 16:09:08,14183,14183,14183,4,4
2022-12-23 16:09:10,14182,14182,14182,2,-2
2022-12-23 16:09:10,14181,14181,14181,2,-2
2022-12-23 16:09:10,14181,14181,14181,2,0
2022-12-23 16:09:10,14183,14183,14183,4,4
2022-12-23 16:09:14,14183,14183,14183,2,0
2022-12-23 16:09:15,14183,14183,14183,2,0
2022-12-23 16:09:15,14184,14184,14184,8,8
2022-12-23 16:09:19,14183,14183,14183,2,-2
2022-12-23 16:09:22,14184,14184,14184,2,2
2022-12-23 16:09:23,14183,14183,14183,4,-4
2022-12-23 16:09:23,14183,14183,14183,2,0
2022-12-23 16:09:23,14183,14183,14183,2,0
2022-12-23 16:09:30,14183,14183,14183,2,0
2022-12-23 16:09:30,14183,14183,14183,2,0
2022-12-23 16:09:30,14183,14183,14183,2,0
2022-12-23 16:09:33,14184,14184,14184,18,18
2022-12-23 16:09:50,14184,14184,14184,2,0
2022-12-23 16:09:50,14184,14184,14184,2,0
2022-12-23 16:09:50,14184,14184,14184,2,0
2022-12-23 16:09:52,14184,14184,14184,2,0
2022-12-23 16:09:54,14184,14184,14184,2,0
2022-12-23 16:09:55,14183,14183,14183,2,-2
2022-12-23 16:09:55,14183,14183,14183,2,0
2022-12-23 16:09:55,14183,14183,14183,2,0
2022-12-23 16:09:55,14183,14183,14183,2,0
2022-12-23 16:09:55,14183,14183,14183,2,0
2022-12-23 16:10:00,14183,14183,14183,2,0
2022-12-23 16:10:00,14183,14183,14183,2,0
2022-12-23 16:10:04,14184,14184,14184,2,2
2022-12-23 16:10:06,14184,14184,14184,2,0
2022-12-23 16:10:14,14185,14185,14185,2,2
2022-12-23 16:10:14,14185,14185,14185,16,0
2022-12-23 16:10:14,14186,14186,14186,4,4
2022-12-23 16:10:20,14187,14187,14187,2,2
2022-12-23 16:10:20,14186,14186,14186,2,-2
2022-12-23 16:10:20,14186,14186,14186,2,0
2022-12-23 16:10:20,14186,14186,14186,2,0
2022-12-23 16:10:20,14186,14186,14186,2,0
2022-12-23 16:10:26,14187,14187,14187,2,2
2022-12-23 16:10:26,14187,14187,14187,2,0
2022-12-23 16:10:29,14188,14188,14188,2,2
2022-12-23 16:10:30,14188,14188,14188,2,0
2022-12-23 16:10:33,14187,14187,14187,14,-14
2022-12-23 16:10:34,14188,14188,14188,2,2
2022-12-23 16:10:34,14189,14189,14189,2,2
2022-12-23 16:10:34,14189,14189,14189,2,0
2022-12-23 16:10:39,14189,14189,14189,10,0
2022-12-23 16:10:44,14188,14188,14188,2,-2
2022-12-23 16:10:46,14187,14187,14187,2,-2
2022-12-23 16:10:48,14187,14187,14187,2,0
2022-12-23 16:10:59,14188,14188,14188,2,2
2022-12-23 16:11:02,14187,14187,14187,8,-8
2022-12-23 16:11:02,14187,14187,14187,2,0
2022-12-23 16:11:02,14187,14187,14187,4,0
2022-12-23 16:11:02,14187,14187,14187,8,0
2022-12-23 16:11:02,14187,14187,14187,2,0
2022-12-23 16:11:02,14187,14187,14187,2,0
2022-12-23 16:11:02,14187,14187,14187,2,0
2022-12-23 16:11:05,14188,14188,14188,2,2
2022-12-23 16:11:06,14188,14188,14188,2,0
2022-12-23 16:11:13,14188,14188,14188,4,0
2022-12-23 16:11:16,14188,14188,14188,2,0
2022-12-23 16:11:20,14187,14187,14187,2,-2
2022-12-23 16:11:20,14187,14187,14187,2,0
2022-12-23 16:11:26,14186,14186,14186,2,-2
2022-12-23 16:11:26,14186,14186,14186,2,0
2022-12-23 16:11:26,14186,14186,14186,2,0
2022-12-23 16:11:26,14186,14186,14186,4,0
2022-12-23 16:11:26,14186,14186,14186,2,0
2022-12-23 16:11:27,14186,14186,14186,2,0
2022-12-23 16:11:30,14186,14186,14186,2,0
2022-12-23 16:11:30,14187,14187,14187,8,8
2022-12-23 16:11:32,14187,14187,14187,2,0
2022-12-23 16:11:39,14185,14185,14185,2,-2
2022-12-23 16:11:39,14185,14185,14185,2,0
2022-12-23 16:11:39,14185,14185,14185,2,0
2022-12-23 16:11:44,14187,14187,14187,2,2
2022-12-23 16:11:44,14188,14188,14188,2,2
2022-12-23 16:11:45,14188,14188,14188,2,0
2022-12-23 16:11:45,14188,14188,14188,4,0
2022-12-23 16:11:48,14187,14187,14187,2,-2
2022-12-23 16:11:48,14187,14187,14187,2,0
2022-12-23 16:11:48,14187,14187,14187,4,0
2022-12-23 16:11:50,14188,14188,14188,4,4
2022-12-23 16:11:50,14187,14187,14187,2,-2
2022-12-23 16:11:50,14187,14187,14187,2,0
2022-12-23 16:11:52,14186,14186,14186,2,-2
2022-12-23 16:11:52,14186,14186,14186,6,0
2022-12-23 16:11:52,14186,14186,14186,4,0
2022-12-23 16:11:52,14186,14186,14186,4,0
2022-12-23 16:12:03,14188,14188,14188,2,2
2022-12-23 16:12:05,14188,14188,14188,2,0
2022-12-23 16:12:08,14189,14189,14189,2,2
2022-12-23 16:12:08,14189,14189,14189,2,0
2022-12-23 16:12:11,14188,14188,14188,2,-2
2022-12-23 16:12:16,14188,14188,14188,2,0
2022-12-23 16:12:20,14189,14189,14189,12,12
2022-12-23 16:12:20,14190,14190,14190,2,2
2022-12-23 16:12:27,14189,14189,14189,2,-2
2022-12-23 16:12:30,14190,14190,14190,2,2
2022-12-23 16:12:30,14189,14189,14189,2,-2
2022-12-23 16:12:45,14190,14190,14190,2,2
2022-12-23 16:12:52,14191,14191,14191,2,2
2022-12-23 16:12:52,14191,14191,14191,4,0
2022-12-23 16:12:53,14191,14191,14191,2,0
2022-12-23 16:13:00,14191,14191,14191,2,0
2022-12-23 16:13:03,14191,14191,14191,2,0
2022-12-23 16:13:08,14191,14191,14191,2,0
2022-12-23 16:13:11,14191,14191,14191,2,0
2022-12-23 16:13:15,14191,14191,14191,2,0
2022-12-23 16:13:15,14191,14191,14191,2,0
2022-12-23 16:13:16,14190,14190,14190,2,-2
2022-12-23 16:13:16,14190,14190,14190,2,0
2022-12-23 16:13:16,14190,14190,14190,2,0
2022-12-23 16:13:25,14189,14189,14189,2,-2
2022-12-23 16:13:27,14189,14189,14189,2,0
2022-12-23 16:13:39,14189,14189,14189,2,0
2022-12-23 16:13:45,14188,14188,14188,4,-4
2022-12-23 16:13:47,14188,14188,14188,6,0
2022-12-23 16:13:47,14188,14188,14188,2,0
2022-12-23 16:13:47,14187,14187,14187,2,-2
2022-12-23 16:13:47,14187,14187,14187,2,0
2022-12-23 16:13:48,14188,14188,14188,2,2
2022-12-23 16:14:28,14188,14188,14188,2,0
2022-12-23 16:14:39,14187,14187,14187,2,-2
2022-12-23 16:14:39,14187,14187,14187,2,0
2022-12-23 16:14:44,14188,14188,14188,2,2
2022-12-23 16:14:44,14188,14188,14188,2,0
2022-12-23 16:14:47,14188,14188,14188,2,0
2022-12-23 16:14:47,14188,14188,14188,2,0
2022-12-23 16:14:47,14188,14188,14188,2,0
2022-12-23 16:14:47,14188,14188,14188,4,0
2022-12-23 16:14:47,14188,14188,14188,2,0
2022-12-23 16:15:04,14187,14187,14187,2,-2
2022-12-23 16:15:04,14187,14187,14187,2,0
2022-12-23 16:15:04,14187,14187,14187,2,0
2022-12-23 16:15:04,14187,14187,14187,2,0
2022-12-23 16:15:04,14187,14187,14187,8,0
2022-12-23 16:15:04,14187,14187,14187,26,0
2022-12-23 16:15:04,14187,14187,14187,4,0
2022-12-23 16:15:04,14187,14187,14187,2,0
2022-12-23 16:15:04,14187,14187,14187,2,0
2022-12-23 16:15:04,14187,14187,14187,4,0
2022-12-23 16:15:04,14187,14187,14187,2,0
2022-12-23 16:15:04,14187,14187,14187,2,0
2022-12-23 16:15:04,14187,14187,14187,2,0
2022-12-23 16:15:04,14187,14187,14187,6,0
2022-12-23 16:15:04,14187,14187,14187,2,0
2022-12-23 16:15:04,14187,14187,14187,2,0
2022-12-23 16:15:20,14186,14186,14186,2,-2
2022-12-23 16:15:25,14186,14186,14186,2,0
2022-12-23 16:15:26,14185,14185,14185,2,-2
2022-12-23 16:15:26,14185,14185,14185,2,0
2022-12-23 16:15:30,14185,14185,14185,2,0
2022-12-23 16:15:35,14185,14185,14185,2,0
2022-12-23 16:15:35,14185,14185,14185,4,0
2022-12-23 16:15:35,14185,14185,14185,2,0
2022-12-23 16:15:35,14185,14185,14185,2,0
2022-12-23 16:15:35,14185,14185,14185,2,0
2022-12-23 16:15:35,14185,14185,14185,2,0
2022-12-23 16:15:35,14185,14185,14185,2,0
2022-12-23 16:15:35,14185,14185,14185,2,0
2022-12-23 16:15:35,14185,14185,14185,4,0
2022-12-23 16:15:35,14185,14185,14185,2,0
2022-12-23 16:15:35,14185,14185,14185,2,0
2022-12-23 16:15:35,14185,14185,14185,2,0
2022-12-23 16:15:35,14184,14184,14184,2,-2
2022-12-23 16:15:35,14184,14184,14184,2,0
2022-12-23 16:15:35,14184,14184,14184,2,0
2022-12-23 16:15:35,14184,14184,14184,2,0
2022-12-23 16:15:35,14183,14183,14183,2,-2
2022-12-23 16:15:37,14184,14184,14184,2,2
2022-12-23 16:15:37,14184,14184,14184,2,0
2022-12-23 16:15:37,14184,14184,14184,2,0
2022-12-23 16:15:40,14184,14184,14184,2,0
2022-12-23 16:15:40,14184,14184,14184,2,0
2022-12-23 16:15:40,14185,14185,14185,2,2
2022-12-23 16:15:44,14186,14186,14186,4,4
2022-12-23 16:15:45,14185,14185,14185,2,-2
2022-12-23 16:15:47,14185,14185,14185,2,0
2022-12-23 16:15:47,14186,14186,14186,2,2
2022-12-23 16:15:51,14186,14186,14186,6,0
2022-12-23 16:15:51,14187,14187,14187,2,2
2022-12-23 16:15:53,14186,14186,14186,2,-2
2022-12-23 16:15:58,14186,14186,14186,2,0
2022-12-23 16:15:58,14186,14186,14186,2,0
2022-12-23 16:15:59,14187,14187,14187,2,2
2022-12-23 16:16:03,14186,14186,14186,4,-4
2022-12-23 16:16:04,14187,14187,14187,4,4
2022-12-23 16:16:05,14186,14186,14186,2,-2
2022-12-23 16:16:08,14186,14186,14186,2,0
2022-12-23 16:16:08,14185,14185,14185,2,-2
2022-12-23 16:16:08,14185,14185,14185,2,0
2022-12-23 16:16:08,14185,14185,14185,2,0
2022-12-23 16:16:08,14185,14185,14185,4,0
2022-12-23 16:16:08,14185,14185,14185,2,0
2022-12-23 16:16:13,14186,14186,14186,2,2
2022-12-23 16:16:13,14186,14186,14186,2,0
2022-12-23 16:16:13,14188,14188,14188,2,2
2022-12-23 16:16:14,14187,14187,14187,2,-2
2022-12-23 16:16:25,14188,14188,14188,6,6
2022-12-23 16:16:33,14187,14187,14187,2,-2
2022-12-23 16:16:33,14186,14186,14186,4,-4
2022-12-23 16:16:45,14186,14186,14186,2,0
2022-12-23 16:16:50,14186,14186,14186,2,0
2022-12-23 16:17:04,14187,14187,14187,2,2
2022-12-23 16:17:10,14186,14186,14186,2,-2
2022-12-23 16:17:10,14186,14186,14186,2,0
2022-12-23 16:17:18,14185,14185,14185,2,-2
2022-12-23 16:17:18,14185,14185,14185,2,0
2022-12-23 16:17:18,14184,14184,14184,2,-2
2022-12-23 16:17:18,14184,14184,14184,2,0
2022-12-23 16:17:19,14184,14184,14184,6,0
2022-12-23 16:17:19,14184,14184,14184,4,0
2022-12-23 16:17:19,14184,14184,14184,12,0
2022-12-23 16:17:19,14184,14184,14184,6,0
2022-12-23 16:17:19,14184,14184,14184,2,0
2022-12-23 16:17:19,14184,14184,14184,2,0
2022-12-23 16:17:19,14184,14184,14184,2,0
2022-12-23 16:17:19,14184,14184,14184,2,0
2022-12-23 16:17:20,14183,14183,14183,2,-2
2022-12-23 16:17:20,14183,14183,14183,2,0
2022-12-23 16:17:23,14183,14183,14183,2,0
2022-12-23 16:17:23,14183,14183,14183,6,0
2022-12-23 16:17:24,14183,14183,14183,2,0
2022-12-23 16:17:24,14183,14183,14183,2,0
2022-12-23 16:17:24,14183,14183,14183,2,0
2022-12-23 16:17:25,14182,14182,14182,2,-2
2022-12-23 16:17:25,14182,14182,14182,2,0
2022-12-23 16:17:26,14182,14182,14182,2,0
2022-12-23 16:17:28,14182,14182,14182,2,0
2022-12-23 16:17:31,14182,14182,14182,4,0
2022-12-23 16:17:35,14183,14183,14183,2,2
2022-12-23 16:17:35,14182,14182,14182,2,-2
2022-12-23 16:17:37,14183,14183,14183,2,2
2022-12-23 16:17:37,14182,14182,14182,2,-2
2022-12-23 16:17:40,14183,14183,14183,2,2
2022-12-23 16:17:40,14183,14183,14183,2,0
2022-12-23 16:17:40,14183,14183,14183,2,0
2022-12-23 16:17:40,14183,14183,14183,2,0
2022-12-23 16:17:40,14183,14183,14183,2,0
2022-12-23 16:17:41,14183,14183,14183,2,0
2022-12-23 16:17:41,14182,14182,14182,2,-2
2022-12-23 16:17:44,14182,14182,14182,2,0
2022-12-23 16:17:44,14182,14182,14182,2,0
2022-12-23 16:17:45,14182,14182,14182,2,0
2022-12-23 16:17:45,14182,14182,14182,2,0
2022-12-23 16:17:47,14182,14182,14182,2,0
2022-12-23 16:17:47,14182,14182,14182,2,0
2022-12-23 16:17:47,14182,14182,14182,2,0
2022-12-23 16:18:01,14182,14182,14182,2,0
2022-12-23 16:18:01,14182,14182,14182,2,0
2022-12-23 16:18:01,14182,14182,14182,2,0
2022-12-23 16:18:08,14183,14183,14183,2,2
2022-12-23 16:18:08,14183,14183,14183,4,0
2022-12-23 16:18:08,14183,14183,14183,4,0
2022-12-23 16:18:08,14183,14183,14183,2,0
2022-12-23 16:18:08,14183,14183,14183,2,0
2022-12-23 16:18:09,14183,14183,14183,2,0
2022-12-23 16:18:09,14183,14183,14183,2,0
2022-12-23 16:18:09,14183,14183,14183,2,0
2022-12-23 16:18:10,14183,14183,14183,4,0
2022-12-23 16:18:13,14183,14183,14183,2,0
2022-12-23 16:18:14,14183,14183,14183,2,0
2022-12-23 16:18:15,14182,14182,14182,2,-2
2022-12-23 16:18:15,14182,14182,14182,2,0
2022-12-23 16:18:15,14182,14182,14182,2,0
2022-12-23 16:18:20,14182,14182,14182,2,0
2022-12-23 16:18:20,14182,14182,14182,2,0
2022-12-23 16:18:20,14182,14182,14182,2,0
2022-12-23 16:18:23,14182,14182,14182,6,0
2022-12-23 16:18:27,14181,14181,14181,2,-2
2022-12-23 16:18:27,14181,14181,14181,2,0
2022-12-23 16:18:27,14181,14181,14181,2,0
2022-12-23 16:18:27,14181,14181,14181,2,0
2022-12-23 16:18:27,14181,14181,14181,2,0
2022-12-23 16:18:29,14181,14181,14181,6,0
2022-12-23 16:18:29,14182,14182,14182,18,18
2022-12-23 16:18:34,14181,14181,14181,2,-2
2022-12-23 16:18:34,14181,14181,14181,2,0
2022-12-23 16:18:34,14181,14181,14181,4,0
2022-12-23 16:18:34,14181,14181,14181,2,0
2022-12-23 16:18:34,14181,14181,14181,2,0
2022-12-23 16:18:34,14181,14181,14181,2,0
2022-12-23 16:18:34,14181,14181,14181,2,0
2022-12-23 16:18:34,14181,14181,14181,2,0
2022-12-23 16:18:34,14181,14181,14181,2,0
2022-12-23 16:18:34,14181,14181,14181,2,0
2022-12-23 16:18:34,14180,14180,14180,2,-2
2022-12-23 16:18:34,14180,14180,14180,2,0
2022-12-23 16:18:34,14180,14180,14180,2,0
2022-12-23 16:18:34,14180,14180,14180,2,0
2022-12-23 16:18:34,14180,14180,14180,10,0
2022-12-23 16:18:34,14180,14180,14180,4,0
2022-12-23 16:18:34,14180,14180,14180,2,0
2022-12-23 16:18:34,14180,14180,14180,2,0
2022-12-23 16:18:34,14180,14180,14180,2,0
2022-12-23 16:18:34,14180,14180,14180,2,0
2022-12-23 16:18:34,14180,14180,14180,2,0
2022-12-23 16:18:34,14180,14180,14180,2,0
2022-12-23 16:18:34,14180,14180,14180,2,0
2022-12-23 16:18:34,14180,14180,14180,2,0
2022-12-23 16:18:34,14179,14179,14179,2,-2
2022-12-23 16:18:34,14180,14180,14180,2,2
2022-12-23 16:18:34,14179,14179,14179,4,-4
2022-12-23 16:18:35,14179,14179,14179,4,0
2022-12-23 16:18:35,14179,14179,14179,2,0
2022-12-23 16:18:35,14178,14178,14178,2,-2
2022-12-23 16:18:35,14178,14178,14178,8,0
2022-12-23 16:18:35,14178,14178,14178,2,0
2022-12-23 16:18:39,14178,14178,14178,2,0
2022-12-23 16:18:39,14178,14178,14178,2,0
2022-12-23 16:18:39,14178,14178,14178,2,0
2022-12-23 16:18:40,14179,14179,14179,2,2
2022-12-23 16:18:42,14177,14177,14177,2,-2
2022-12-23 16:18:42,14177,14177,14177,2,0
2022-12-23 16:18:42,14177,14177,14177,2,0
2022-12-23 16:18:42,14177,14177,14177,4,0
2022-12-23 16:18:42,14177,14177,14177,2,0
2022-12-23 16:18:42,14177,14177,14177,2,0
2022-12-23 16:18:42,14177,14177,14177,2,0
2022-12-23 16:18:42,14176,14176,14176,2,-2
2022-12-23 16:18:42,14177,14177,14177,2,2
2022-12-23 16:18:42,14176,14176,14176,6,-6
2022-12-23 16:18:43,14176,14176,14176,4,0
2022-12-23 16:18:44,14176,14176,14176,6,0
2022-12-23 16:18:45,14177,14177,14177,2,2
2022-12-23 16:18:45,14177,14177,14177,4,0
2022-12-23 16:18:46,14177,14177,14177,2,0
2022-12-23 16:18:46,14177,14177,14177,4,0
2022-12-23 16:18:48,14176,14176,14176,8,-8
2022-12-23 16:18:48,14176,14176,14176,2,0
2022-12-23 16:18:49,14176,14176,14176,2,0
2022-12-23 16:18:49,14176,14176,14176,2,0
2022-12-23 16:18:51,14177,14177,14177,2,2
2022-12-23 16:18:51,14176,14176,14176,2,-2
2022-12-23 16:18:57,14176,14176,14176,2,0
2022-12-23 16:18:57,14176,14176,14176,2,0
2022-12-23 16:18:57,14176,14176,14176,2,0
2022-12-23 16:18:57,14176,14176,14176,2,0
2022-12-23 16:18:59,14177,14177,14177,2,2
2022-12-23 16:18:59,14176,14176,14176,2,-2
2022-12-23 16:18:59,14176,14176,14176,2,0
2022-12-23 16:18:59,14176,14176,14176,2,0
2022-12-23 16:19:00,14176,14176,14176,2,0
2022-12-23 16:19:01,14177,14177,14177,2,2
2022-12-23 16:19:02,14176,14176,14176,2,-2
2022-12-23 16:19:02,14176,14176,14176,4,0
2022-12-23 16:19:03,14175,14175,14175,4,-4
2022-12-23 16:19:03,14175,14175,14175,4,0
2022-12-23 16:19:03,14175,14175,14175,2,0
2022-12-23 16:19:03,14174,14174,14174,2,-2
2022-12-23 16:19:03,14174,14174,14174,2,0
2022-12-23 16:19:03,14174,14174,14174,2,0
2022-12-23 16:19:03,14173,14173,14173,2,-2
2022-12-23 16:19:03,14173,14173,14173,4,0
2022-12-23 16:19:03,14173,14173,14173,2,0
2022-12-23 16:19:03,14173,14173,14173,2,0
2022-12-23 16:19:03,14173,14173,14173,2,0
2022-12-23 16:19:03,14173,14173,14173,2,0
2022-12-23 16:19:03,14174,14174,14174,2,2
2022-12-23 16:19:04,14174,14174,14174,2,0
2022-12-23 16:19:04,14174,14174,14174,2,0
2022-12-23 16:19:04,14174,14174,14174,2,0
2022-12-23 16:19:04,14174,14174,14174,2,0
2022-12-23 16:19:05,14174,14174,14174,2,0
2022-12-23 16:19:05,14174,14174,14174,2,0
2022-12-23 16:19:05,14173,14173,14173,2,-2
2022-12-23 16:19:05,14173,14173,14173,2,0
2022-12-23 16:19:05,14173,14173,14173,2,0
2022-12-23 16:19:05,14173,14173,14173,2,0
2022-12-23 16:19:05,14175,14175,14175,2,2
2022-12-23 16:19:05,14173,14173,14173,2,-2
2022-12-23 16:19:06,14174,14174,14174,2,2
2022-12-23 16:19:06,14174,14174,14174,2,0
2022-12-23 16:19:06,14173,14173,14173,2,-2
2022-12-23 16:19:07,14173,14173,14173,2,0
2022-12-23 16:19:09,14174,14174,14174,2,2
2022-12-23 16:19:11,14174,14174,14174,2,0
2022-12-23 16:19:11,14174,14174,14174,4,0
2022-12-23 16:19:12,14174,14174,14174,2,0
2022-12-23 16:19:12,14174,14174,14174,2,0
2022-12-23 16:19:12,14174,14174,14174,2,0
2022-12-23 16:19:13,14175,14175,14175,2,2
2022-12-23 16:19:16,14176,14176,14176,4,4
2022-12-23 16:19:16,14177,14177,14177,2,2
2022-12-23 16:19:18,14177,14177,14177,2,0
2022-12-23 16:19:18,14176,14176,14176,2,-2
2022-12-23 16:19:18,14176,14176,14176,2,0
2022-12-23 16:19:19,14176,14176,14176,2,0
2022-12-23 16:19:20,14176,14176,14176,2,0
2022-12-23 16:19:21,14175,14175,14175,2,-2
2022-12-23 16:19:21,14176,14176,14176,4,4
2022-12-23 16:19:28,14175,14175,14175,4,-4
2022-12-23 16:19:30,14176,14176,14176,2,2
2022-12-23 16:19:31,14175,14175,14175,4,-4
2022-12-23 16:19:33,14177,14177,14177,12,12
2022-12-23 16:19:33,14177,14177,14177,2,0
2022-12-23 16:19:35,14178,14178,14178,8,8
2022-12-23 16:19:35,14179,14179,14179,4,4
2022-12-23 16:19:41,14177,14177,14177,2,-2
2022-12-23 16:19:41,14177,14177,14177,4,0
2022-12-23 16:19:43,14179,14179,14179,2,2
2022-12-23 16:19:43,14178,14178,14178,4,-4
2022-12-23 16:19:43,14179,14179,14179,8,8
2022-12-23 16:19:44,14179,14179,14179,2,0
2022-12-23 16:19:44,14179,14179,14179,2,0
2022-12-23 16:19:44,14178,14178,14178,2,-2
2022-12-23 16:19:44,14178,14178,14178,2,0
2022-12-23 16:19:46,14178,14178,14178,2,0
2022-12-23 16:19:47,14178,14178,14178,2,0
2022-12-23 16:19:47,14178,14178,14178,2,0
2022-12-23 16:19:47,14178,14178,14178,2,0
2022-12-23 16:19:52,14178,14178,14178,2,0
2022-12-23 16:19:57,14179,14179,14179,2,2
2022-12-23 16:19:57,14179,14179,14179,2,0
2022-12-23 16:20:10,14179,14179,14179,2,0
2022-12-23 16:20:21,14178,14178,14178,2,-2
2022-12-23 16:20:23,14178,14178,14178,2,0
2022-12-23 16:20:23,14178,14178,14178,2,0
2022-12-23 16:20:23,14178,14178,14178,2,0
2022-12-23 16:20:23,14178,14178,14178,2,0
2022-12-23 16:20:23,14178,14178,14178,2,0
2022-12-23 16:20:24,14178,14178,14178,2,0
2022-12-23 16:20:26,14179,14179,14179,18,18
2022-12-23 16:20:28,14178,14178,14178,2,-2
2022-12-23 16:20:31,14180,14180,14180,2,2
2022-12-23 16:20:31,14180,14180,14180,2,0
2022-12-23 16:20:31,14180,14180,14180,6,0
2022-12-23 16:20:31,14180,14180,14180,2,0
2022-12-23 16:20:31,14180,14180,14180,2,0
2022-12-23 16:20:31,14180,14180,14180,2,0
2022-12-23 16:20:31,14180,14180,14180,12,0
2022-12-23 16:20:32,14182,14182,14182,2,2
2022-12-23 16:20:42,14182,14182,14182,6,0
2022-12-23 16:20:43,14181,14181,14181,2,-2
2022-12-23 16:20:43,14181,14181,14181,2,0
2022-12-23 16:20:45,14182,14182,14182,2,2
2022-12-23 16:20:57,14182,14182,14182,2,0
2022-12-23 16:21:02,14183,14183,14183,6,6
2022-12-23 16:21:04,14182,14182,14182,2,-2
2022-12-23 16:21:04,14182,14182,14182,2,0
