2020-01-03 15:00:00.026,12092,12093,12092,51,-51
2020-01-03 15:00:00.431,12091,12092,12091,2,-2
2020-01-03 15:00:00.558,12090,12092,12092,1,1
2020-01-03 15:00:00.564,12090,12092,12092,2,2
2020-01-03 15:00:00.571,12090,12092,12090,1,-1
2020-01-03 15:00:00.577,12090,12092,12092,2,2
2020-01-03 15:00:00.678,12090,12092,12092,1,1
2020-01-03 15:00:00.703,12091,12092,12091,1,-1
2020-01-03 15:00:00.703,12091,12092,12090,4,-4
2020-01-03 15:00:00.803,12091,12092,12092,3,3
2020-01-03 15:00:00.893,12090,12092,12092,6,6
2020-01-03 15:00:00.945,12090,12092,12092,1,1
2020-01-03 15:00:01.088,12091,12092,12091,1,-1
2020-01-03 15:00:01.088,12091,12092,12090,5,-5
2020-01-03 15:00:01.142,12091,12092,12090,1,-1
2020-01-03 15:00:01.291,12089,12090,12090,1,1
2020-01-03 15:00:01.352,12090,12091,12092,1,1
2020-01-03 15:00:02.340,12091,12092,12092,8,8
2020-01-03 15:00:02.465,12091,12092,12092,1,1
2020-01-03 15:00:02.476,12091,12092,12092,1,1
2020-01-03 15:00:02.488,12091,12092,12092,1,1
2020-01-03 15:00:03.995,12092,12093,12093,18,18
2020-01-03 15:00:04.041,12092,12093,12092,1,-1
2020-01-03 15:00:04.074,12092,12093,12093,2,2
2020-01-03 15:00:04.169,12092,12093,12093,1,1
2020-01-03 15:00:04.217,12092,12093,12093,3,3
2020-01-03 15:00:04.574,12093,12094,12094,1,1
2020-01-03 15:00:04.605,12093,12094,12094,1,1
2020-01-03 15:00:04.645,12093,12094,12093,1,-1
2020-01-03 15:00:04.645,12093,12094,12092,4,-4
2020-01-03 15:00:04.679,12093,12094,12094,2,2
2020-01-03 15:00:04.900,12092,12094,12094,2,2
2020-01-03 15:00:04.935,12092,12094,12094,1,1
2020-01-03 15:00:05.093,12092,12094,12092,8,-8
2020-01-03 15:00:05.464,12092,12093,12092,6,-6
2020-01-03 15:00:05.574,12092,12093,12092,3,-3
2020-01-03 15:00:06.629,12091,12092,12091,1,-1
2020-01-03 15:00:06.789,12090,12091,12089,1,-1
2020-01-03 15:00:06.936,12089,12090,12090,5,5
2020-01-03 15:00:06.953,12089,12090,12090,5,5
2020-01-03 15:00:06.964,12089,12090,12090,5,5
2020-01-03 15:00:07.085,12089,12090,12089,3,-3
2020-01-03 15:00:07.243,12088,12089,12089,1,1
2020-01-03 15:00:07.354,12088,12089,12089,5,5
2020-01-03 15:00:07.394,12088,12089,12088,2,-2
2020-01-03 15:00:08.053,12089,12090,12089,1,1
2020-01-03 15:00:08.355,12090,12091,12090,1,1
2020-01-03 15:00:08.355,12090,12091,12089,4,-4
2020-01-03 15:00:08.431,12090,12091,12089,1,-1
2020-01-03 15:00:09.094,12089,12091,12089,3,-3
2020-01-03 15:00:10.292,12089,12091,12089,5,-5
2020-01-03 15:00:10.590,12088,12089,12089,4,4
2020-01-03 15:00:10.909,12088,12090,12090,1,1
2020-01-03 15:00:11.437,12090,12091,12090,1,-1
2020-01-03 15:00:11.458,12089,12090,12090,1,1
2020-01-03 15:00:12.062,12089,12091,12089,1,-1
2020-01-03 15:00:12.270,12089,12090,12089,2,-2
2020-01-03 15:00:13.130,12089,12090,12090,1,1
2020-01-03 15:00:13.477,12090,12091,12090,1,-1
2020-01-03 15:00:13.477,12090,12091,12089,1,-1
2020-01-03 15:00:13.834,12089,12091,12091,1,1
2020-01-03 15:00:14.485,12089,12091,12090,1,-1
2020-01-03 15:00:14.485,12089,12091,12089,1,-1
2020-01-03 15:00:14.733,12090,12091,12091,2,2
2020-01-03 15:00:14.993,12090,12091,12090,6,-6
2020-01-03 15:00:14.993,12090,12091,12089,9,-9
2020-01-03 15:00:15.341,12088,12089,12089,3,3
2020-01-03 15:00:16.292,12089,12090,12090,5,5
2020-01-03 15:00:16.308,12089,12090,12090,1,1
2020-01-03 15:00:16.506,12089,12090,12090,1,1
2020-01-03 15:00:16.892,12089,12090,12089,2,-2
2020-01-03 15:00:17.066,12088,12090,12090,1,1
2020-01-03 15:00:18.349,12089,12090,12089,1,-1
2020-01-03 15:00:18.870,12088,12089,12089,1,1
2020-01-03 15:00:19.273,12088,12090,12088,2,-2
2020-01-03 15:00:19.287,12088,12090,12088,2,-2
2020-01-03 15:00:22.251,12088,12089,12088,1,-1
2020-01-03 15:00:22.542,12088,12089,12088,5,-5
2020-01-03 15:00:23.977,12088,12089,12088,12,-12
2020-01-03 15:00:24.212,12087,12089,12089,1,1
2020-01-03 15:00:25.913,12088,12089,12089,1,1
2020-01-03 15:00:26.028,12088,12089,12088,3,-3
2020-01-03 15:00:26.658,12088,12089,12088,1,-1
2020-01-03 15:00:29.568,12088,12089,12088,1,-1
2020-01-03 15:00:30.460,12088,12089,12089,1,1
2020-01-03 15:00:30.462,12088,12089,12089,1,1
2020-01-03 15:00:30.462,12088,12089,12089,17,17
2020-01-03 15:00:33.495,12089,12090,12090,8,8
2020-01-03 15:00:35.702,12089,12090,12090,1,1
2020-01-03 15:00:36.725,12089,12090,12090,1,1
2020-01-03 15:00:42.078,12089,12090,12090,3,3
2020-01-03 15:00:42.211,12089,12090,12090,1,1
2020-01-03 15:00:42.360,12089,12090,12089,1,-1
2020-01-03 15:00:43.025,12089,12090,12090,1,1
2020-01-03 15:00:43.663,12089,12090,12090,1,1
2020-01-03 15:00:44.267,12089,12090,12090,1,1
2020-01-03 15:00:44.989,12089,12090,12090,1,1
2020-01-03 15:00:45.610,12090,12091,12090,1,-1
2020-01-03 15:00:47.535,12090,12091,12090,1,-1
2020-01-03 15:00:47.771,12090,12091,12090,2,-2
2020-01-03 15:00:49.843,12090,12091,12091,2,2
2020-01-03 15:00:49.932,12090,12091,12090,2,-2
2020-01-03 15:00:49.966,12090,12091,12090,1,-1
2020-01-03 15:00:53.680,12089,12090,12089,5,-5
2020-01-03 15:00:55.212,12088,12089,12089,12,12
2020-01-03 15:00:57.760,12089,12090,12089,11,-11
2020-01-03 15:00:58.997,12088,12089,12088,3,-3
2020-01-03 15:00:58.997,12088,12089,12088,2,-2
2020-01-03 15:01:00.018,12087,12088,12088,2,2
2020-01-03 15:01:00.033,12087,12088,12089,3,3
2020-01-03 15:01:00.273,12087,12089,12089,1,1
2020-01-03 15:01:00.300,12087,12089,12088,5,-5
2020-01-03 15:01:00.307,12087,12089,12089,6,6
2020-01-03 15:01:00.381,12087,12089,12089,1,1
2020-01-03 15:01:00.974,12087,12089,12089,2,2
2020-01-03 15:01:01.074,12087,12088,12088,2,2
2020-01-03 15:01:01.375,12088,12089,12088,2,-2
2020-01-03 15:01:01.462,12088,12089,12089,1,1
2020-01-03 15:01:01.462,12088,12089,12089,1,1
2020-01-03 15:01:01.464,12088,12089,12090,1,1
2020-01-03 15:01:02.003,12088,12090,12089,1,-1
2020-01-03 15:01:02.175,12088,12089,12089,4,4
2020-01-03 15:01:02.379,12089,12090,12089,2,-2
2020-01-03 15:01:03.779,12087,12088,12088,1,1
2020-01-03 15:01:07.997,12087,12088,12088,2,2
2020-01-03 15:01:09.137,12088,12089,12089,1,1
2020-01-03 15:01:11.087,12088,12089,12089,1,1
2020-01-03 15:01:11.087,12088,12089,12089,2,2
2020-01-03 15:01:11.087,12088,12089,12089,3,3
2020-01-03 15:01:11.090,12088,12089,12089,1,1
2020-01-03 15:01:11.097,12088,12089,12089,1,1
2020-01-03 15:01:11.199,12088,12089,12089,4,4
2020-01-03 15:01:11.200,12088,12089,12089,8,8
2020-01-03 15:01:13.535,12089,12090,12089,1,-1
2020-01-03 15:01:14.537,12089,12090,12090,1,1
2020-01-03 15:01:21.032,12088,12089,12089,1,1
2020-01-03 15:01:23.480,12088,12089,12088,1,-1
2020-01-03 15:01:27.335,12088,12089,12088,1,-1
2020-01-03 15:01:29.608,12088,12089,12088,1,-1
2020-01-03 15:01:31.810,12088,12089,12089,1,1
2020-01-03 15:01:33.074,12088,12089,12088,25,-25
2020-01-03 15:01:33.075,12088,12089,12088,10,-10
2020-01-03 15:01:33.804,12087,12088,12088,5,5
2020-01-03 15:01:34.338,12087,12088,12087,8,-8
2020-01-03 15:01:34.646,12086,12088,12086,1,-1
2020-01-03 15:01:36.792,12086,12088,12088,3,3
2020-01-03 15:01:37.010,12086,12088,12088,1,1
2020-01-03 15:01:38.684,12087,12088,12087,1,-1
2020-01-03 15:01:38.876,12086,12087,12086,1,-1
2020-01-03 15:01:38.894,12086,12087,12086,2,-2
2020-01-03 15:01:38.916,12086,12087,12086,2,-2
2020-01-03 15:01:39.447,12085,12086,12086,2,2
2020-01-03 15:01:40.857,12087,12088,12087,1,1
2020-01-03 15:01:44.462,12087,12088,12087,1,-1
2020-01-03 15:01:45.565,12087,12088,12087,3,-3
2020-01-03 15:01:45.571,12087,12088,12087,5,-5
2020-01-03 15:01:45.571,12087,12088,12087,1,-1
2020-01-03 15:01:45.574,12086,12087,12087,2,2
2020-01-03 15:01:45.700,12086,12087,12087,2,2
2020-01-03 15:01:47.000,12087,12088,12087,1,-1
2020-01-03 15:01:49.337,12086,12087,12087,1,1
2020-01-03 15:01:50.699,12086,12087,12087,1,1
2020-01-03 15:01:51.577,12087,12088,12087,1,-1
2020-01-03 15:01:51.577,12087,12088,12086,1,-1
2020-01-03 15:01:52.481,12087,12088,12087,1,1
2020-01-03 15:01:52.571,12087,12088,12087,3,-3
2020-01-03 15:01:52.857,12087,12088,12087,1,-1
2020-01-03 15:01:53.476,12087,12088,12087,1,-1
2020-01-03 15:01:53.940,12087,12088,12087,1,-1
2020-01-03 15:01:54.035,12087,12088,12087,1,-1
2020-01-03 15:01:55.464,12087,12088,12087,3,-3
2020-01-03 15:01:57.446,12087,12088,12087,1,-1
2020-01-03 15:01:58.700,12086,12087,12086,1,-1
2020-01-03 15:01:58.778,12086,12087,12087,1,1
2020-01-03 15:02:00.071,12086,12087,12087,2,2
2020-01-03 15:02:00.655,12086,12087,12086,3,-3
2020-01-03 15:02:00.661,12086,12087,12086,6,-6
2020-01-03 15:02:02.451,12086,12087,12087,4,4
2020-01-03 15:02:06.514,12086,12087,12087,2,2
2020-01-03 15:02:08.898,12086,12087,12087,1,1
2020-01-03 15:02:10.321,12086,12087,12086,3,-3
2020-01-03 15:02:14.077,12086,12087,12086,12,-12
2020-01-03 15:02:14.264,12085,12087,12085,1,-1
2020-01-03 15:02:14.520,12085,12086,12085,1,-1
2020-01-03 15:02:15.681,12084,12086,12085,4,-4
2020-01-03 15:02:15.681,12084,12086,12086,1,1
2020-01-03 15:02:16.206,12084,12085,12084,1,-1
2020-01-03 15:02:16.223,12084,12085,12084,1,-1
2020-01-03 15:02:16.338,12084,12085,12084,4,-4
2020-01-03 15:02:16.338,12084,12085,12083,11,-11
2020-01-03 15:02:16.389,12084,12085,12084,1,1
2020-01-03 15:02:16.450,12083,12084,12083,1,-1
2020-01-03 15:02:17.025,12083,12084,12083,1,-1
2020-01-03 15:02:17.199,12082,12083,12083,2,2
2020-01-03 15:02:17.403,12082,12084,12084,1,1
2020-01-03 15:02:21.588,12083,12085,12085,2,2
2020-01-03 15:02:21.686,12083,12085,12083,1,-1
2020-01-03 15:02:22.350,12084,12085,12084,2,2
2020-01-03 15:02:22.467,12083,12084,12084,1,1
2020-01-03 15:02:25.859,12083,12084,12084,1,1
2020-01-03 15:02:25.913,12083,12084,12083,6,-6
2020-01-03 15:02:26.517,12083,12084,12083,5,-5
2020-01-03 15:02:26.517,12083,12084,12082,7,-7
2020-01-03 15:02:27.017,12082,12083,12082,1,-1
2020-01-03 15:02:29.280,12082,12083,12083,1,1
2020-01-03 15:02:31.104,12082,12083,12083,4,4
2020-01-03 15:02:31.168,12082,12083,12083,2,2
2020-01-03 15:02:31.168,12082,12083,12082,23,-23
2020-01-03 15:02:31.168,12082,12083,12082,1,-1
2020-01-03 15:02:31.168,12082,12083,12082,1,-1
2020-01-03 15:02:31.199,12081,12082,12082,1,1
2020-01-03 15:02:31.199,12081,12082,12082,2,2
2020-01-03 15:02:31.292,12081,12082,12082,3,3
2020-01-03 15:02:31.364,12082,12083,12083,1,1
2020-01-03 15:02:32.261,12082,12083,12082,1,-1
2020-01-03 15:02:33.168,12082,12083,12083,3,3
2020-01-03 15:02:33.191,12082,12083,12082,1,-1
2020-01-03 15:02:33.708,12082,12083,12082,1,-1
2020-01-03 15:02:35.430,12082,12083,12082,1,-1
2020-01-03 15:02:35.538,12082,12083,12082,1,-1
2020-01-03 15:02:36.146,12082,12083,12082,6,-6
2020-01-03 15:02:38.747,12082,12083,12082,14,-14
2020-01-03 15:02:38.825,12081,12082,12082,5,5
2020-01-03 15:02:38.842,12081,12082,12082,8,8
2020-01-03 15:02:39.298,12082,12083,12082,3,-3
2020-01-03 15:02:39.298,12082,12083,12081,2,-2
2020-01-03 15:02:43.452,12082,12083,12082,1,1
2020-01-03 15:02:43.842,12082,12083,12083,1,1
2020-01-03 15:02:47.338,12083,12084,12083,1,-1
2020-01-03 15:02:48.750,12083,12084,12083,1,-1
2020-01-03 15:02:48.845,12082,12083,12083,4,4
2020-01-03 15:02:50.129,12083,12084,12083,1,-1
2020-01-03 15:02:53.942,12082,12083,12083,1,1
2020-01-03 15:02:55.256,12083,12084,12083,1,-1
2020-01-03 15:02:55.426,12083,12084,12083,1,-1
2020-01-03 15:02:56.447,12083,12084,12084,19,19
2020-01-03 15:03:00.086,12084,12085,12085,1,1
2020-01-03 15:03:02.134,12084,12085,12084,1,-1
2020-01-03 15:03:03.066,12084,12085,12084,1,-1
2020-01-03 15:03:03.780,12084,12085,12085,9,9
2020-01-03 15:03:05.666,12084,12085,12084,2,-2
2020-01-03 15:03:06.529,12083,12084,12084,1,1
2020-01-03 15:03:08.201,12083,12084,12083,4,-4
2020-01-03 15:03:09.389,12083,12084,12083,1,-1
2020-01-03 15:03:11.883,12083,12084,12083,1,-1
2020-01-03 15:03:11.897,12083,12084,12083,1,-1
2020-01-03 15:03:13.067,12083,12084,12083,2,-2
2020-01-03 15:03:19.125,12083,12084,12084,2,2
2020-01-03 15:03:21.215,12083,12084,12084,2,2
2020-01-03 15:03:22.223,12083,12084,12084,9,9
2020-01-03 15:03:24.552,12084,12085,12084,1,-1
2020-01-03 15:03:25.028,12084,12085,12084,3,-3
2020-01-03 15:03:25.661,12084,12085,12084,1,-1
2020-01-03 15:03:26.767,12084,12085,12085,4,4
2020-01-03 15:03:27.027,12084,12085,12085,4,4
2020-01-03 15:03:40.824,12084,12085,12084,1,-1
2020-01-03 15:03:47.648,12083,12084,12083,1,-1
2020-01-03 15:03:48.557,12083,12084,12083,5,-5
2020-01-03 15:03:54.145,12083,12084,12083,5,-5
2020-01-03 15:03:54.282,12083,12084,12083,1,-1
2020-01-03 15:03:56.440,12083,12084,12083,7,-7
2020-01-03 15:03:56.608,12082,12083,12082,1,-1
2020-01-03 15:03:56.623,12082,12083,12082,1,-1
2020-01-03 15:04:01.894,12082,12083,12082,8,-8
2020-01-03 15:04:07.281,12081,12082,12081,5,-5
2020-01-03 15:04:08.394,12081,12082,12082,1,1
2020-01-03 15:04:12.451,12081,12082,12082,1,1
2020-01-03 15:04:14.972,12081,12082,12081,1,-1
2020-01-03 15:04:15.645,12081,12082,12081,1,-1
2020-01-03 15:04:17.046,12081,12082,12081,1,-1
2020-01-03 15:04:19.432,12081,12082,12081,2,-2
2020-01-03 15:04:23.212,12081,12082,12082,1,1
2020-01-03 15:04:28.194,12081,12082,12081,1,-1
2020-01-03 15:04:30.648,12081,12082,12082,1,1
2020-01-03 15:04:32.011,12081,12082,12082,1,1
2020-01-03 15:04:37.841,12081,12082,12081,14,-14
2020-01-03 15:04:40.633,12080,12081,12081,1,1
2020-01-03 15:04:43.747,12080,12082,12080,5,-5
2020-01-03 15:04:43.900,12080,12082,12080,1,-1
2020-01-03 15:04:44.195,12080,12082,12080,2,-2
2020-01-03 15:04:46.543,12081,12082,12081,4,4
2020-01-03 15:04:50.324,12081,12082,12081,1,-1
2020-01-03 15:04:50.798,12080,12081,12081,1,1
2020-01-03 15:04:53.464,12081,12082,12081,1,-1
2020-01-03 15:04:53.622,12081,12082,12081,1,-1
2020-01-03 15:05:00.116,12080,12081,12081,1,1
2020-01-03 15:05:00.833,12080,12081,12081,1,1
2020-01-03 15:05:02.292,12081,12082,12082,1,1
2020-01-03 15:05:02.818,12080,12082,12080,1,-1
2020-01-03 15:05:03.529,12080,12082,12080,1,-1
2020-01-03 15:05:08.893,12081,12082,12081,1,1
2020-01-03 15:05:18.440,12080,12081,12081,1,1
2020-01-03 15:05:20.073,12080,12081,12081,3,3
2020-01-03 15:05:23.627,12080,12081,12081,1,1
2020-01-03 15:05:24.370,12080,12081,12081,1,1
2020-01-03 15:05:25.052,12080,12081,12081,2,2
2020-01-03 15:05:25.074,12080,12081,12081,2,2
2020-01-03 15:05:25.260,12080,12082,12082,2,2
2020-01-03 15:05:26.567,12081,12082,12081,2,-2
2020-01-03 15:05:28.121,12081,12082,12082,6,6
2020-01-03 15:05:28.199,12081,12082,12082,12,12
2020-01-03 15:05:31.947,12082,12083,12083,1,1
2020-01-03 15:05:34.046,12082,12083,12083,1,1
2020-01-03 15:05:56.057,12082,12083,12083,3,3
2020-01-03 15:05:56.716,12082,12083,12083,1,1
2020-01-03 15:06:02.200,12082,12083,12083,3,3
2020-01-03 15:06:09.674,12082,12083,12083,1,1
2020-01-03 15:06:09.856,12082,12083,12083,1,1
2020-01-03 15:06:10.472,12082,12083,12083,1,1
2020-01-03 15:06:12.637,12082,12083,12083,2,2
2020-01-03 15:06:13.136,12082,12083,12082,1,-1
2020-01-03 15:06:15.203,12082,12083,12082,1,-1
2020-01-03 15:06:23.735,12082,12083,12083,2,2
2020-01-03 15:06:23.735,12082,12083,12083,2,2
2020-01-03 15:06:28.249,12083,12084,12083,1,-1
2020-01-03 15:06:33.348,12083,12084,12084,5,5
2020-01-03 15:06:33.616,12083,12084,12084,1,1
2020-01-03 15:06:37.191,12084,12085,12085,4,4
2020-01-03 15:06:37.474,12084,12085,12085,1,1
2020-01-03 15:06:41.538,12084,12085,12085,1,1
2020-01-03 15:06:44.103,12084,12085,12085,2,2
2020-01-03 15:06:44.948,12084,12085,12084,5,-5
2020-01-03 15:06:44.948,12084,12085,12084,6,-6
2020-01-03 15:06:45.300,12083,12084,12084,3,3
2020-01-03 15:06:52.339,12083,12084,12084,6,6
2020-01-03 15:06:53.629,12083,12084,12083,1,-1
2020-01-03 15:06:54.958,12083,12084,12084,4,4
2020-01-03 15:06:57.406,12083,12084,12084,3,3
2020-01-03 15:07:02.360,12084,12085,12085,2,2
2020-01-03 15:07:12.188,12084,12085,12085,10,10
2020-01-03 15:07:18.987,12084,12085,12084,1,-1
2020-01-03 15:07:21.470,12084,12085,12084,1,-1
2020-01-03 15:07:29.101,12084,12085,12085,1,1
2020-01-03 15:07:29.108,12084,12085,12085,1,1
2020-01-03 15:07:33.070,12084,12085,12085,1,1
2020-01-03 15:07:33.118,12084,12085,12085,2,2
2020-01-03 15:07:35.291,12085,12086,12085,5,-5
2020-01-03 15:07:37.367,12085,12086,12086,1,1
2020-01-03 15:07:37.367,12085,12086,12087,2,2
2020-01-03 15:07:45.656,12085,12086,12086,5,5
2020-01-03 15:07:53.185,12086,12087,12087,2,2
2020-01-03 15:07:54.248,12086,12087,12086,1,-1
2020-01-03 15:07:58.664,12086,12087,12087,1,1
2020-01-03 15:08:02.391,12086,12087,12087,6,6
2020-01-03 15:08:03.164,12086,12087,12086,1,-1
2020-01-03 15:08:05.726,12086,12087,12087,2,2
2020-01-03 15:08:10.870,12086,12087,12086,1,-1
2020-01-03 15:08:10.999,12086,12087,12087,1,1
2020-01-03 15:08:11.288,12086,12087,12087,3,3
2020-01-03 15:08:15.759,12086,12087,12086,1,-1
2020-01-03 15:08:19.261,12086,12087,12086,1,-1
2020-01-03 15:08:31.293,12086,12087,12086,1,-1
2020-01-03 15:08:31.438,12086,12087,12087,1,1
2020-01-03 15:08:36.978,12086,12087,12086,1,-1
2020-01-03 15:09:02.186,12086,12087,12087,9,9
2020-01-03 15:09:02.199,12086,12087,12087,2,2
2020-01-03 15:09:02.242,12086,12087,12087,1,1
2020-01-03 15:09:02.324,12086,12087,12087,2,2
2020-01-03 15:09:02.324,12086,12087,12087,4,4
2020-01-03 15:09:02.542,12086,12087,12087,2,2
2020-01-03 15:09:03.074,12086,12087,12087,5,5
2020-01-03 15:09:03.074,12086,12087,12088,35,35
2020-01-03 15:09:03.100,12086,12087,12088,5,5
2020-01-03 15:09:03.126,12086,12087,12088,3,3
2020-01-03 15:09:03.151,12086,12087,12088,2,2
2020-01-03 15:09:03.151,12086,12087,12087,1,1
2020-01-03 15:09:03.176,12086,12087,12087,3,3
2020-01-03 15:09:03.201,12087,12089,12089,6,6
2020-01-03 15:09:08.714,12087,12089,12089,2,2
2020-01-03 15:09:11.610,12087,12088,12088,1,1
2020-01-03 15:09:17.824,12087,12088,12088,1,1
2020-01-03 15:09:23.245,12087,12088,12087,1,-1
2020-01-03 15:09:31.812,12087,12088,12088,5,5
2020-01-03 15:09:31.812,12087,12088,12088,2,2
2020-01-03 15:09:34.077,12088,12089,12088,1,-1
2020-01-03 15:09:41.527,12088,12089,12089,1,1
2020-01-03 15:09:41.721,12088,12089,12088,3,-3
2020-01-03 15:09:42.859,12088,12089,12088,2,-2
2020-01-03 15:09:47.869,12087,12088,12088,2,2
2020-01-03 15:09:48.873,12087,12088,12087,1,-1
2020-01-03 15:09:50.227,12087,12088,12087,1,-1
2020-01-03 15:09:52.095,12087,12088,12088,1,1
2020-01-03 15:10:00.231,12087,12088,12087,1,-1
2020-01-03 15:10:08.558,12087,12088,12088,1,1
2020-01-03 15:10:09.400,12087,12088,12088,1,1
2020-01-03 15:10:09.400,12087,12088,12088,2,2
2020-01-03 15:10:10.087,12088,12089,12089,2,2
2020-01-03 15:10:10.087,12088,12089,12089,5,5
2020-01-03 15:10:10.087,12088,12089,12090,50,50
2020-01-03 15:10:10.087,12088,12089,12091,27,27
2020-01-03 15:10:10.088,12088,12089,12091,1,1
2020-01-03 15:10:10.089,12088,12089,12091,1,1
2020-01-03 15:10:10.167,12088,12089,12090,5,5
2020-01-03 15:10:10.199,12090,12092,12090,2,-2
2020-01-03 15:10:10.200,12090,12092,12091,1,1
2020-01-03 15:10:10.241,12090,12092,12091,1,-1
2020-01-03 15:10:10.253,12090,12092,12091,1,-1
2020-01-03 15:10:10.280,12090,12092,12091,1,-1
2020-01-03 15:10:10.292,12090,12092,12091,1,-1
2020-01-03 15:10:10.320,12090,12092,12091,1,-1
2020-01-03 15:10:10.325,12090,12091,12091,2,2
2020-01-03 15:10:10.450,12091,12092,12091,1,-1
2020-01-03 15:10:10.450,12091,12092,12091,1,-1
2020-01-03 15:10:10.450,12091,12092,12092,2,2
2020-01-03 15:10:10.963,12090,12092,12090,1,-1
2020-01-03 15:10:11.123,12090,12092,12090,1,-1
2020-01-03 15:10:11.200,12090,12091,12091,1,1
2020-01-03 15:10:11.473,12090,12091,12091,1,1
2020-01-03 15:10:12.940,12090,12091,12090,2,-2
2020-01-03 15:10:13.535,12090,12091,12090,1,-1
2020-01-03 15:10:15.785,12090,12091,12090,1,-1
2020-01-03 15:10:18.430,12090,12091,12090,1,-1
2020-01-03 15:10:18.450,12090,12091,12090,4,-4
2020-01-03 15:10:19.795,12089,12090,12090,1,1
2020-01-03 15:10:21.301,12089,12090,12090,2,2
2020-01-03 15:10:21.362,12090,12091,12090,3,-3
2020-01-03 15:10:21.813,12089,12090,12090,1,1
2020-01-03 15:10:24.528,12089,12090,12090,1,1
2020-01-03 15:10:25.720,12089,12090,12090,1,1
2020-01-03 15:10:30.344,12089,12090,12089,5,-5
2020-01-03 15:10:31.319,12089,12090,12090,1,1
2020-01-03 15:10:44.161,12089,12090,12090,3,3
2020-01-03 15:10:46.421,12089,12090,12090,1,1
2020-01-03 15:10:47.184,12089,12090,12089,1,-1
2020-01-03 15:10:47.445,12089,12090,12089,1,-1
2020-01-03 15:10:47.965,12089,12090,12090,1,1
2020-01-03 15:10:48.908,12089,12090,12090,1,1
2020-01-03 15:11:00.885,12089,12090,12089,1,-1
2020-01-03 15:11:01.557,12089,12090,12090,1,1
2020-01-03 15:11:02.250,12089,12090,12090,8,8
2020-01-03 15:11:02.913,12089,12090,12090,1,1
2020-01-03 15:11:05.153,12089,12090,12089,2,-2
2020-01-03 15:11:09.074,12089,12090,12089,8,-8
2020-01-03 15:11:09.921,12088,12089,12089,1,1
2020-01-03 15:11:20.717,12088,12089,12088,1,-1
2020-01-03 15:11:27.453,12088,12089,12089,1,1
2020-01-03 15:11:34.023,12088,12089,12088,1,-1
2020-01-03 15:11:34.066,12088,12089,12089,1,1
2020-01-03 15:11:35.031,12088,12089,12088,1,-1
2020-01-03 15:11:49.502,12088,12089,12089,3,3
2020-01-03 15:11:49.574,12088,12089,12089,5,5
2020-01-03 15:11:49.699,12088,12089,12089,1,1
2020-01-03 15:11:51.444,12089,12090,12089,1,-1
2020-01-03 15:12:07.164,12089,12090,12089,1,-1
2020-01-03 15:12:07.234,12088,12090,12090,2,2
2020-01-03 15:12:08.481,12089,12090,12089,1,-1
2020-01-03 15:12:24.949,12088,12089,12088,11,-11
2020-01-03 15:12:25.074,12088,12089,12088,1,-1
2020-01-03 15:12:25.074,12088,12089,12088,5,-5
2020-01-03 15:12:25.199,12088,12089,12088,2,-2
2020-01-03 15:12:25.225,12088,12089,12088,2,-2
2020-01-03 15:12:29.248,12087,12088,12087,1,-1
2020-01-03 15:12:40.262,12087,12088,12087,23,-23
2020-01-03 15:12:40.262,12087,12088,12086,77,-77
2020-01-03 15:12:40.325,12086,12087,12086,9,-9
2020-01-03 15:12:40.325,12086,12087,12086,5,-5
2020-01-03 15:12:40.325,12086,12087,12086,3,-3
2020-01-03 15:12:40.325,12086,12087,12086,2,-2
2020-01-03 15:12:40.574,12085,12086,12085,2,-2
2020-01-03 15:12:41.474,12085,12086,12085,1,-1
2020-01-03 15:12:41.959,12085,12086,12086,1,1
2020-01-03 15:12:43.120,12085,12086,12086,1,1
2020-01-03 15:12:48.957,12085,12086,12085,2,-2
2020-01-03 15:12:52.574,12085,12086,12086,2,2
2020-01-03 15:13:16.555,12086,12087,12086,1,-1
2020-01-03 15:13:19.940,12086,12087,12086,1,-1
2020-01-03 15:13:22.204,12086,12087,12086,5,-5
2020-01-03 15:13:37.586,12086,12087,12086,1,-1
2020-01-03 15:13:37.586,12086,12087,12086,2,-2
2020-01-03 15:13:37.699,12086,12087,12086,4,-4
2020-01-03 15:13:37.942,12085,12086,12085,2,-2
2020-01-03 15:13:37.952,12085,12086,12085,2,-2
2020-01-03 15:13:38.042,12085,12086,12085,1,-1
2020-01-03 15:13:38.055,12085,12086,12084,1,-1
2020-01-03 15:13:45.602,12084,12085,12085,4,4
2020-01-03 15:13:47.038,12085,12086,12085,1,-1
2020-01-03 15:13:49.127,12085,12086,12085,1,-1
2020-01-03 15:13:49.953,12084,12085,12085,1,1
2020-01-03 15:13:53.888,12084,12085,12084,1,-1
2020-01-03 15:13:57.633,12084,12085,12085,1,1
2020-01-03 15:13:58.127,12084,12085,12084,2,-2
2020-01-03 15:14:03.991,12084,12085,12084,2,-2
2020-01-03 15:14:05.041,12084,12085,12084,1,-1
2020-01-03 15:14:10.281,12084,12085,12084,1,-1
2020-01-03 15:14:10.332,12084,12085,12085,1,1
2020-01-03 15:14:19.246,12084,12085,12085,2,2
2020-01-03 15:14:21.453,12084,12085,12085,1,1
2020-01-03 15:14:23.587,12084,12085,12085,1,1
2020-01-03 15:14:23.750,12084,12085,12085,5,5
2020-01-03 15:14:27.651,12084,12085,12085,3,3
2020-01-03 15:14:27.916,12084,12085,12085,1,1
2020-01-03 15:14:37.074,12084,12085,12085,10,10
2020-01-03 15:14:37.610,12085,12086,12085,5,-5
2020-01-03 15:14:52.174,12085,12086,12086,1,1
2020-01-03 15:14:56.977,12085,12086,12086,2,2
2020-01-03 15:14:57.518,12086,12087,12086,3,-3
2020-01-03 15:15:17.130,12085,12086,12086,6,6
2020-01-03 15:15:17.130,12085,12086,12086,2,2
2020-01-03 15:15:17.310,12085,12087,12086,7,-7
2020-01-03 15:15:17.316,12085,12087,12086,1,-1
2020-01-03 15:15:17.325,12085,12086,12086,3,3
2020-01-03 15:15:17.327,12085,12086,12086,4,4
2020-01-03 15:15:17.521,12086,12087,12086,1,-1
2020-01-03 15:15:17.720,12086,12087,12087,4,4
2020-01-03 15:15:17.737,12086,12087,12087,4,4
2020-01-03 15:15:26.079,12086,12087,12086,1,-1
2020-01-03 15:15:30.920,12085,12086,12086,1,1
2020-01-03 15:15:34.798,12086,12087,12086,1,-1
2020-01-03 15:15:35.008,12086,12087,12087,1,1
2020-01-03 15:15:36.738,12086,12087,12086,3,-3
2020-01-03 15:15:54.923,12086,12087,12086,2,-2
2020-01-03 15:16:44.175,12085,12086,12086,1,1
2020-01-03 15:16:45.374,12085,12086,12086,1,1
2020-01-03 15:16:46.348,12085,12086,12086,3,3
2020-01-03 15:16:46.458,12086,12087,12087,2,2
2020-01-03 15:16:46.459,12086,12087,12087,1,1
2020-01-03 15:16:46.459,12086,12087,12087,1,1
2020-01-03 15:16:46.459,12086,12087,12087,1,1
2020-01-03 15:16:46.460,12086,12087,12087,5,5
2020-01-03 15:16:46.464,12086,12087,12087,1,1
2020-01-03 15:16:46.465,12086,12087,12087,1,1
2020-01-03 15:16:46.469,12086,12087,12087,1,1
2020-01-03 15:16:46.469,12086,12087,12087,1,1
2020-01-03 15:16:46.469,12086,12087,12087,1,1
2020-01-03 15:16:46.470,12086,12087,12088,3,3
2020-01-03 15:16:46.470,12086,12087,12088,1,1
2020-01-03 15:16:46.471,12086,12087,12088,1,1
2020-01-03 15:16:46.471,12086,12087,12088,2,2
2020-01-03 15:16:46.471,12086,12087,12088,6,6
2020-01-03 15:16:46.471,12086,12087,12088,2,2
2020-01-03 15:16:46.471,12086,12087,12088,4,4
2020-01-03 15:16:47.098,12087,12088,12088,4,4
2020-01-03 15:16:47.465,12087,12088,12088,4,4
2020-01-03 15:17:04.887,12087,12088,12088,1,1
2020-01-03 15:17:11.917,12087,12088,12088,1,1
2020-01-03 15:17:13.943,12087,12088,12088,2,2
2020-01-03 15:17:18.622,12087,12088,12087,18,-18
2020-01-03 15:17:18.699,12087,12088,12087,1,-1
2020-01-03 15:17:22.075,12086,12087,12086,9,-9
2020-01-03 15:17:22.199,12086,12087,12086,2,-2
2020-01-03 15:17:22.199,12086,12087,12086,6,-6
2020-01-03 15:17:46.802,12085,12086,12086,1,1
2020-01-03 15:17:51.207,12085,12086,12086,1,1
2020-01-03 15:17:56.793,12086,12087,12086,1,-1
2020-01-03 15:17:57.050,12085,12086,12086,1,1
2020-01-03 15:17:57.553,12085,12086,12086,1,1
2020-01-03 15:18:13.824,12086,12087,12087,3,3
2020-01-03 15:18:13.949,12086,12087,12087,5,5
2020-01-03 15:18:13.949,12086,12087,12087,4,4
2020-01-03 15:18:13.990,12086,12087,12086,2,-2
2020-01-03 15:18:14.074,12086,12087,12087,4,4
2020-01-03 15:18:14.074,12086,12087,12087,1,1
2020-01-03 15:18:14.074,12086,12087,12087,3,3
2020-01-03 15:18:14.074,12086,12087,12087,9,9
2020-01-03 15:18:14.075,12086,12087,12087,1,1
2020-01-03 15:18:14.099,12086,12087,12087,1,1
2020-01-03 15:18:14.099,12086,12087,12087,2,2
2020-01-03 15:18:22.717,12087,12088,12087,1,-1
2020-01-03 15:18:33.414,12087,12088,12088,1,1
2020-01-03 15:18:47.568,12087,12088,12088,1,1
2020-01-03 15:18:51.687,12087,12088,12088,1,1
2020-01-03 15:18:51.886,12087,12088,12088,1,1
2020-01-03 15:18:55.343,12087,12088,12087,1,-1
2020-01-03 15:19:01.841,12087,12088,12088,14,14
2020-01-03 15:19:04.844,12088,12089,12089,6,6
2020-01-03 15:19:06.870,12088,12089,12089,4,4
2020-01-03 15:19:09.251,12089,12090,12089,1,-1
2020-01-03 15:19:11.321,12089,12090,12089,1,-1
2020-01-03 15:19:32.127,12089,12090,12089,3,-3
2020-01-03 15:19:51.452,12089,12090,12089,2,-2
2020-01-03 15:19:51.458,12089,12090,12089,1,-1
2020-01-03 15:19:51.459,12089,12090,12089,1,-1
2020-01-03 15:19:54.324,12088,12089,12088,2,-2
2020-01-03 15:19:56.329,12088,12089,12088,1,-1
2020-01-03 15:19:58.500,12088,12089,12089,1,1
2020-01-03 15:20:02.888,12088,12089,12088,4,-4
2020-01-03 15:20:07.975,12087,12088,12087,3,-3
2020-01-03 15:20:11.755,12087,12088,12087,1,-1
2020-01-03 15:20:13.751,12086,12088,12086,1,-1
2020-01-03 15:20:39.168,12087,12088,12087,1,1
2020-01-03 15:20:39.929,12087,12088,12087,1,-1
2020-01-03 15:20:52.575,12086,12087,12086,6,-6
2020-01-03 15:20:52.668,12086,12087,12086,1,-1
2020-01-03 15:21:01.615,12085,12086,12085,1,-1
2020-01-03 15:21:02.844,12085,12086,12085,1,-1
2020-01-03 15:21:09.186,12085,12086,12085,3,-3
2020-01-03 15:21:09.208,12085,12086,12086,1,1
2020-01-03 15:21:09.208,12085,12086,12086,1,1
2020-01-03 15:21:09.213,12085,12086,12086,1,1
2020-01-03 15:21:09.214,12085,12086,12086,1,1
2020-01-03 15:21:09.214,12085,12086,12086,1,1
2020-01-03 15:21:09.217,12085,12086,12086,1,1
2020-01-03 15:21:09.220,12085,12086,12086,1,1
2020-01-03 15:21:09.220,12085,12086,12086,1,1
2020-01-03 15:21:09.220,12085,12086,12086,1,1
2020-01-03 15:21:09.221,12085,12086,12086,1,1
2020-01-03 15:21:25.108,12085,12087,12085,1,-1
2020-01-03 15:21:25.115,12085,12087,12085,1,-1
2020-01-03 15:21:30.443,12086,12087,12086,1,1
2020-01-03 15:21:32.784,12085,12087,12087,14,14
2020-01-03 15:21:38.114,12086,12087,12087,1,1
2020-01-03 15:21:56.609,12086,12087,12087,6,6
2020-01-03 15:22:21.055,12086,12087,12087,1,1
2020-01-03 15:22:21.744,12086,12087,12087,1,1
2020-01-03 15:22:24.048,12087,12088,12087,1,-1
2020-01-03 15:22:24.305,12086,12088,12087,1,-1
2020-01-03 15:22:24.332,12086,12087,12087,1,1
2020-01-03 15:22:24.344,12086,12087,12087,1,1
2020-01-03 15:22:24.347,12086,12087,12088,1,1
2020-01-03 15:22:24.349,12086,12087,12088,1,1
2020-01-03 15:22:42.736,12087,12088,12087,5,-5
2020-01-03 15:23:00.282,12086,12087,12087,8,8
2020-01-03 15:23:19.673,12087,12088,12087,1,-1
2020-01-03 15:23:22.657,12087,12088,12087,1,-1
2020-01-03 15:23:22.714,12086,12088,12087,1,-1
2020-01-03 15:23:22.719,12086,12088,12087,1,-1
2020-01-03 15:23:22.720,12086,12088,12087,1,-1
2020-01-03 15:23:22.724,12086,12088,12088,2,2
2020-01-03 15:23:40.259,12086,12087,12086,3,-3
2020-01-03 15:24:14.220,12085,12086,12085,10,-10
2020-01-03 15:24:15.188,12085,12086,12085,4,-4
2020-01-03 15:24:15.400,12084,12085,12084,1,-1
2020-01-03 15:24:15.457,12084,12085,12085,1,1
2020-01-03 15:24:15.462,12084,12085,12085,1,1
2020-01-03 15:24:15.462,12084,12085,12085,1,1
2020-01-03 15:24:15.467,12084,12085,12085,1,1
2020-01-03 15:24:15.467,12084,12085,12085,1,1
2020-01-03 15:24:15.467,12084,12085,12086,1,1
2020-01-03 15:24:15.470,12084,12085,12086,1,1
2020-01-03 15:24:15.471,12084,12085,12086,1,1
2020-01-03 15:24:15.472,12084,12085,12086,1,1
2020-01-03 15:24:15.473,12084,12085,12086,1,1
2020-01-03 15:24:15.473,12084,12085,12086,1,1
2020-01-03 15:24:18.524,12085,12086,12085,2,-2
2020-01-03 15:24:19.885,12085,12086,12085,4,-4
2020-01-03 15:24:24.112,12085,12086,12086,6,6
2020-01-03 15:24:24.112,12085,12086,12086,1,1
2020-01-03 15:24:25.095,12086,12087,12086,3,-3
2020-01-03 15:24:28.980,12086,12087,12086,3,-3
2020-01-03 15:24:33.643,12085,12087,12085,1,-1
2020-01-03 15:24:34.822,12085,12087,12085,4,-4
2020-01-03 15:24:43.390,12085,12086,12085,3,-3
2020-01-03 15:24:51.460,12085,12086,12085,3,-3
2020-01-03 15:24:55.983,12085,12086,12086,3,3
2020-01-03 15:24:59.084,12086,12087,12086,2,-2
2020-01-03 15:25:08.454,12085,12087,12087,1,1
2020-01-03 15:25:10.306,12085,12086,12086,1,1
2020-01-03 15:25:28.626,12086,12087,12086,5,-5
2020-01-03 15:25:28.720,12086,12087,12087,1,1
2020-01-03 15:25:28.722,12086,12087,12087,1,1
2020-01-03 15:25:29.326,12086,12087,12086,1,-1
2020-01-03 15:25:46.144,12085,12086,12086,1,1
2020-01-03 15:25:56.043,12085,12086,12086,1,1
2020-01-03 15:26:40.359,12085,12086,12086,1,1
2020-01-03 15:26:42.494,12085,12086,12086,1,1
2020-01-03 15:27:44.801,12085,12086,12086,3,3
2020-01-03 15:27:44.838,12085,12086,12086,1,1
2020-01-03 15:27:44.840,12085,12086,12086,1,1
2020-01-03 15:27:45.840,12085,12086,12085,1,-1
2020-01-03 15:27:46.087,12085,12086,12085,1,-1
2020-01-03 15:27:46.209,12085,12086,12086,1,1
2020-01-03 15:27:46.212,12085,12086,12086,1,1
2020-01-03 15:27:46.212,12085,12086,12086,1,1
2020-01-03 15:27:46.217,12085,12086,12086,1,1
2020-01-03 15:27:46.218,12085,12086,12086,1,1
2020-01-03 15:27:46.220,12085,12086,12086,1,1
2020-01-03 15:27:46.221,12085,12086,12086,1,1
2020-01-03 15:27:46.227,12085,12086,12086,1,1
2020-01-03 15:27:46.227,12085,12086,12086,1,1
2020-01-03 15:27:46.227,12085,12086,12086,1,1
2020-01-03 15:27:46.227,12085,12086,12086,1,1
2020-01-03 15:27:48.545,12085,12086,12086,1,1
2020-01-03 15:27:49.739,12085,12086,12086,1,1
2020-01-03 15:27:49.792,12085,12086,12086,1,1
2020-01-03 15:27:58.301,12086,12087,12086,5,-5
2020-01-03 15:28:02.151,12086,12087,12087,2,2
2020-01-03 15:28:02.373,12086,12087,12087,1,1
2020-01-03 15:28:03.090,12086,12087,12086,1,-1
2020-01-03 15:28:35.259,12086,12087,12086,2,-2
2020-01-03 15:28:35.342,12086,12087,12087,1,1
2020-01-03 15:28:35.346,12086,12087,12087,1,1
2020-01-03 15:28:36.859,12086,12087,12087,1,1
2020-01-03 15:28:39.558,12086,12087,12087,1,1
2020-01-03 15:28:39.570,12086,12087,12087,1,1
2020-01-03 15:28:40.756,12087,12088,12088,1,1
2020-01-03 15:28:40.826,12087,12088,12088,2,2
2020-01-03 15:28:58.015,12087,12088,12088,1,1
2020-01-03 15:29:02.302,12087,12088,12088,1,1
2020-01-03 15:29:06.986,12087,12088,12088,3,3
2020-01-03 15:29:07.075,12087,12088,12088,15,15
2020-01-03 15:29:07.199,12087,12088,12088,5,5
2020-01-03 15:29:07.219,12087,12088,12089,1,1
2020-01-03 15:29:07.221,12087,12088,12089,1,1
2020-01-03 15:29:21.378,12087,12088,12088,2,2
2020-01-03 15:29:21.378,12087,12088,12088,2,2
2020-01-03 15:29:21.449,12087,12088,12088,5,5
2020-01-03 15:29:21.449,12087,12088,12088,1,1
2020-01-03 15:29:32.996,12088,12089,12089,1,1
2020-01-03 15:29:33.035,12088,12089,12089,1,1
2020-01-03 15:29:34.710,12088,12089,12089,3,3
2020-01-03 15:29:37.744,12088,12089,12089,4,4
2020-01-03 15:29:38.788,12088,12089,12089,1,1
2020-01-03 15:29:42.817,12088,12089,12088,19,-19
2020-01-03 15:29:48.293,12087,12088,12088,1,1
2020-01-03 15:30:02.206,12088,12089,12089,4,4
2020-01-03 15:30:02.821,12088,12089,12089,1,1
2020-01-03 15:30:03.150,12088,12089,12088,2,-2
2020-01-03 15:30:04.827,12088,12089,12089,2,2
2020-01-03 15:30:04.958,12088,12089,12089,1,1
2020-01-03 15:30:04.959,12088,12089,12090,1,1
2020-01-03 15:30:04.959,12088,12089,12090,1,1
2020-01-03 15:30:04.962,12088,12089,12090,1,1
2020-01-03 15:30:04.963,12088,12089,12090,1,1
2020-01-03 15:30:04.963,12088,12089,12090,1,1
2020-01-03 15:30:04.965,12088,12089,12090,1,1
2020-01-03 15:30:04.974,12088,12089,12090,1,1
2020-01-03 15:30:04.974,12088,12089,12090,1,1
2020-01-03 15:30:04.975,12088,12089,12090,1,1
2020-01-03 15:30:04.975,12088,12089,12090,1,1
2020-01-03 15:30:11.860,12088,12089,12089,1,1
2020-01-03 15:30:16.422,12088,12089,12089,1,1
2020-01-03 15:30:37.450,12088,12089,12089,4,4
2020-01-03 15:30:37.450,12088,12089,12090,1,1
2020-01-03 15:30:40.739,12088,12090,12090,2,2
2020-01-03 15:30:49.740,12088,12089,12088,1,-1
2020-01-03 15:31:05.376,12088,12089,12089,8,8
2020-01-03 15:31:06.979,12089,12090,12089,1,-1
2020-01-03 15:31:07.736,12089,12090,12089,1,-1
2020-01-03 15:31:07.846,12088,12089,12089,1,1
2020-01-03 15:31:07.847,12088,12089,12089,1,1
2020-01-03 15:31:07.848,12088,12089,12090,1,1
2020-01-03 15:31:07.852,12088,12089,12090,1,1
2020-01-03 15:31:18.018,12088,12089,12088,4,-4
2020-01-03 15:31:21.195,12088,12089,12088,5,-5
2020-01-03 15:31:21.199,12088,12089,12088,4,-4
2020-01-03 15:31:21.200,12088,12089,12088,3,-3
2020-01-03 15:31:24.515,12087,12088,12087,1,-1
2020-01-03 15:31:24.545,12087,12088,12087,1,-1
2020-01-03 15:31:24.875,12087,12088,12087,1,-1
2020-01-03 15:31:24.886,12087,12088,12087,1,-1
2020-01-03 15:31:25.403,12087,12088,12087,25,-25
2020-01-03 15:31:25.450,12087,12088,12087,8,-8
2020-01-03 15:31:25.450,12087,12088,12087,1,-1
2020-01-03 15:31:32.764,12086,12088,12088,1,1
2020-01-03 15:31:36.074,12087,12088,12087,1,-1
2020-01-03 15:31:47.518,12086,12087,12086,3,-3
2020-01-03 15:31:51.648,12086,12087,12087,1,1
2020-01-03 15:32:01.121,12087,12088,12087,1,-1
2020-01-03 15:32:02.301,12087,12088,12087,1,-1
2020-01-03 15:32:22.312,12087,12088,12087,1,-1
2020-01-03 15:32:22.346,12087,12088,12088,1,1
2020-01-03 15:32:28.833,12086,12087,12087,1,1
2020-01-03 15:32:39.853,12087,12088,12088,2,2
2020-01-03 15:32:39.877,12087,12088,12088,2,2
2020-01-03 15:32:39.877,12087,12088,12088,2,2
2020-01-03 15:32:41.782,12088,12089,12088,8,-8
2020-01-03 15:32:42.565,12088,12089,12089,2,2
2020-01-03 15:32:42.574,12088,12089,12089,3,3
2020-01-03 15:32:42.700,12089,12090,12090,2,2
2020-01-03 15:32:42.700,12089,12090,12090,3,3
2020-01-03 15:32:42.700,12089,12090,12090,12,12
2020-01-03 15:32:42.825,12089,12090,12090,4,4
2020-01-03 15:32:44.306,12089,12090,12090,1,1
2020-01-03 15:32:44.722,12089,12090,12090,1,1
2020-01-03 15:32:45.207,12089,12090,12090,1,1
2020-01-03 15:32:47.422,12089,12090,12090,1,1
2020-01-03 15:32:47.949,12089,12090,12090,1,1
2020-01-03 15:32:48.075,12089,12090,12090,4,4
2020-01-03 15:32:51.633,12090,12091,12090,2,-2
2020-01-03 15:33:14.044,12089,12090,12090,3,3
2020-01-03 15:33:18.122,12089,12090,12090,1,1
2020-01-03 15:33:18.595,12089,12090,12089,2,-2
2020-01-03 15:33:18.595,12089,12090,12089,1,-1
2020-01-03 15:33:18.595,12089,12090,12089,15,-15
2020-01-03 15:33:18.708,12088,12090,12089,1,-1
2020-01-03 15:33:18.708,12088,12090,12090,1,1
2020-01-03 15:33:18.709,12088,12090,12090,1,1
2020-01-03 15:33:18.709,12088,12090,12090,1,1
2020-01-03 15:33:18.714,12088,12090,12090,1,1
2020-01-03 15:33:18.716,12088,12090,12090,1,1
2020-01-03 15:33:18.718,12088,12090,12090,1,1
2020-01-03 15:33:18.718,12088,12090,12090,1,1
2020-01-03 15:33:18.719,12088,12090,12090,1,1
2020-01-03 15:33:18.719,12088,12090,12090,1,1
2020-01-03 15:33:18.721,12088,12090,12090,1,1
2020-01-03 15:33:18.721,12088,12090,12090,1,1
2020-01-03 15:33:19.513,12088,12090,12090,1,1
2020-01-03 15:33:20.195,12088,12090,12090,2,2
2020-01-03 15:33:20.301,12088,12090,12089,1,-1
2020-01-03 15:33:20.325,12088,12089,12088,4,-4
2020-01-03 15:33:31.569,12088,12089,12088,1,-1
2020-01-03 15:34:23.255,12088,12089,12089,5,5
2020-01-03 15:34:23.255,12088,12089,12089,5,5
2020-01-03 15:34:23.324,12088,12089,12089,1,1
2020-01-03 15:34:23.325,12088,12089,12089,4,4
2020-01-03 15:34:40.412,12088,12089,12089,1,1
2020-01-03 15:35:09.291,12088,12089,12089,1,1
2020-01-03 15:35:09.345,12088,12089,12089,1,1
2020-01-03 15:35:09.353,12088,12089,12089,1,1
2020-01-03 15:35:14.154,12088,12089,12089,5,5
2020-01-03 15:35:14.199,12088,12089,12089,1,1
2020-01-03 15:35:45.098,12088,12089,12089,1,1
2020-01-03 15:35:46.492,12088,12089,12088,1,-1
2020-01-03 15:35:47.033,12088,12089,12088,1,-1
2020-01-03 15:35:47.529,12088,12089,12088,1,-1
2020-01-03 15:35:48.057,12088,12089,12088,1,-1
2020-01-03 15:35:49.351,12088,12089,12089,6,6
2020-01-03 15:35:49.351,12088,12089,12089,2,2
2020-01-03 15:35:49.449,12088,12089,12089,2,2
2020-01-03 15:35:54.184,12088,12090,12090,1,1
2020-01-03 15:36:08.819,12088,12090,12090,6,6
2020-01-03 15:36:11.321,12089,12090,12089,2,-2
2020-01-03 15:36:43.196,12089,12090,12089,2,-2
2020-01-03 15:36:53.699,12089,12090,12089,1,-1
2020-01-03 15:36:55.687,12088,12089,12089,2,2
2020-01-03 15:37:01.880,12088,12089,12088,8,-8
2020-01-03 15:37:35.819,12088,12089,12088,1,-1
2020-01-03 15:37:49.075,12087,12088,12088,2,2
2020-01-03 15:38:37.512,12087,12088,12088,1,1
2020-01-03 15:38:38.672,12088,12089,12088,1,-1
2020-01-03 15:39:24.449,12087,12088,12087,5,-5
2020-01-03 15:39:31.907,12087,12088,12087,1,-1
2020-01-03 15:39:48.414,12087,12088,12087,3,-3
2020-01-03 15:39:48.465,12086,12087,12087,1,1
2020-01-03 15:39:48.468,12086,12087,12087,1,1
2020-01-03 15:39:48.475,12086,12087,12088,1,1
2020-01-03 15:39:50.767,12086,12087,12087,1,1
2020-01-03 15:39:50.767,12086,12087,12087,4,4
2020-01-03 15:39:54.377,12087,12088,12088,1,1
2020-01-03 15:40:32.283,12087,12088,12087,2,-2
2020-01-03 15:40:32.283,12087,12088,12087,1,-1
2020-01-03 15:40:33.046,12086,12087,12086,1,-1
2020-01-03 15:40:41.424,12086,12087,12086,2,-2
2020-01-03 15:40:41.457,12086,12087,12087,1,1
2020-01-03 15:40:41.458,12086,12087,12087,1,1
2020-01-03 15:40:41.458,12086,12087,12087,1,1
2020-01-03 15:40:41.459,12086,12087,12087,1,1
2020-01-03 15:40:41.459,12086,12087,12087,1,1
2020-01-03 15:40:41.460,12086,12087,12087,1,1
2020-01-03 15:40:41.460,12086,12087,12087,1,1
2020-01-03 15:40:41.463,12086,12087,12087,1,1
2020-01-03 15:40:41.465,12086,12087,12087,1,1
2020-01-03 15:40:41.467,12086,12087,12087,1,1
2020-01-03 15:41:01.065,12086,12087,12086,3,-3
2020-01-03 15:41:24.482,12086,12087,12086,1,-1
2020-01-03 15:41:45.662,12086,12087,12086,1,-1
2020-01-03 15:41:45.708,12086,12087,12087,1,1
2020-01-03 15:41:45.711,12086,12087,12087,1,1
2020-01-03 15:41:45.711,12086,12087,12087,1,1
2020-01-03 15:41:45.711,12086,12087,12087,1,1
2020-01-03 15:41:45.713,12086,12087,12087,1,1
2020-01-03 15:41:45.715,12086,12087,12087,1,1
2020-01-03 15:41:45.825,12086,12087,12087,1,1
2020-01-03 15:42:04.252,12087,12088,12087,1,-1
2020-01-03 15:42:10.415,12087,12088,12087,1,-1
2020-01-03 15:42:31.785,12086,12087,12087,2,2
2020-01-03 15:42:31.845,12086,12087,12087,1,1
2020-01-03 15:42:40.176,12086,12087,12087,1,1
2020-01-03 15:42:40.176,12086,12087,12087,1,1
2020-01-03 15:42:40.177,12086,12087,12087,2,2
2020-01-03 15:42:40.177,12086,12087,12087,1,1
2020-01-03 15:42:40.234,12087,12088,12087,1,-1
2020-01-03 15:43:00.459,12087,12088,12087,1,-1
2020-01-03 15:43:19.156,12086,12087,12086,1,-1
2020-01-03 15:44:17.544,12086,12087,12086,1,-1
2020-01-03 15:44:17.585,12086,12087,12087,1,1
2020-01-03 15:44:17.594,12086,12087,12087,1,1
2020-01-03 15:44:17.597,12086,12087,12087,1,1
2020-01-03 15:44:17.603,12086,12087,12087,1,1
2020-01-03 15:44:18.763,12086,12087,12086,1,-1
2020-01-03 15:44:19.258,12086,12087,12086,1,-1
2020-01-03 15:44:19.332,12086,12087,12087,1,1
2020-01-03 15:44:19.333,12086,12087,12087,1,1
2020-01-03 15:44:19.337,12086,12087,12087,1,1
2020-01-03 15:44:19.337,12086,12087,12087,1,1
2020-01-03 15:44:19.338,12086,12087,12087,1,1
2020-01-03 15:44:19.338,12086,12087,12087,1,1
2020-01-03 15:44:19.339,12086,12087,12087,1,1
2020-01-03 15:44:19.339,12086,12087,12087,1,1
2020-01-03 15:44:19.340,12086,12087,12087,1,1
2020-01-03 15:44:19.348,12086,12087,12087,1,1
2020-01-03 15:44:25.369,12087,12088,12087,1,-1
2020-01-03 15:44:25.592,12087,12088,12087,1,-1
2020-01-03 15:44:57.726,12086,12088,12086,3,-3
2020-01-03 15:45:12.398,12087,12088,12087,1,1
2020-01-03 15:45:13.144,12087,12088,12087,1,-1
2020-01-03 15:45:13.463,12086,12088,12088,4,4
2020-01-03 15:45:13.612,12087,12088,12088,2,2
2020-01-03 15:45:14.038,12087,12088,12087,2,-2
2020-01-03 15:45:14.158,12087,12088,12088,2,2
2020-01-03 15:45:14.226,12087,12088,12088,2,2
2020-01-03 15:45:14.386,12087,12088,12088,2,2
2020-01-03 15:45:14.386,12087,12088,12089,2,2
2020-01-03 15:45:14.480,12087,12089,12089,4,4
2020-01-03 15:45:24.414,12087,12088,12088,1,1
2020-01-03 15:45:29.420,12088,12089,12088,1,-1
2020-01-03 15:45:37.449,12087,12088,12087,1,-1
2020-01-03 15:45:46.169,12086,12087,12086,6,-6
2020-01-03 15:45:55.829,12086,12087,12087,1,1
2020-01-03 15:46:06.729,12086,12087,12087,1,1
2020-01-03 15:46:06.729,12086,12087,12088,1,1
2020-01-03 15:46:32.214,12087,12088,12087,3,-3
2020-01-03 15:46:47.530,12087,12088,12087,1,-1
2020-01-03 15:46:49.085,12087,12088,12087,4,-4
2020-01-03 15:46:51.442,12086,12087,12087,1,1
2020-01-03 15:46:58.362,12086,12087,12086,9,-9
2020-01-03 15:46:58.449,12086,12087,12086,12,-12
2020-01-03 15:46:58.575,12086,12087,12086,9,-9
2020-01-03 15:47:00.834,12085,12086,12085,12,-12
2020-01-03 15:47:05.357,12084,12085,12085,2,2
2020-01-03 15:47:05.733,12084,12085,12084,4,-4
2020-01-03 15:47:05.861,12084,12085,12084,2,-2
2020-01-03 15:47:06.496,12084,12085,12084,1,-1
2020-01-03 15:47:10.335,12084,12085,12084,1,-1
2020-01-03 15:47:18.950,12084,12085,12084,12,-12
2020-01-03 15:47:25.242,12083,12084,12083,5,-5
2020-01-03 15:47:25.817,12083,12084,12083,1,-1
2020-01-03 15:47:26.819,12083,12084,12083,1,-1
2020-01-03 15:47:29.324,12083,12084,12083,1,-1
2020-01-03 15:47:30.036,12083,12084,12083,1,-1
2020-01-03 15:47:32.775,12082,12083,12082,1,-1
2020-01-03 15:47:35.869,12082,12083,12082,5,-5
2020-01-03 15:47:35.983,12082,12083,12083,3,3
2020-01-03 15:47:36.074,12082,12083,12083,6,6
2020-01-03 15:47:36.842,12083,12084,12084,3,3
2020-01-03 15:47:38.404,12083,12084,12083,1,-1
2020-01-03 15:47:39.635,12083,12084,12083,1,-1
2020-01-03 15:47:45.025,12083,12084,12083,11,-11
2020-01-03 15:47:53.157,12083,12084,12083,1,-1
2020-01-03 15:47:54.789,12083,12084,12083,3,-3
2020-01-03 15:47:56.184,12083,12084,12083,4,-4
2020-01-03 15:47:56.218,12082,12083,12083,2,2
2020-01-03 15:47:56.505,12082,12083,12082,6,-6
2020-01-03 15:47:56.505,12082,12083,12082,3,-3
2020-01-03 15:47:56.574,12082,12083,12082,4,-4
2020-01-03 15:47:56.574,12082,12083,12082,4,-4
2020-01-03 15:47:56.575,12082,12083,12082,4,-4
2020-01-03 15:47:56.582,12082,12083,12082,18,-18
2020-01-03 15:47:56.645,12082,12083,12082,1,-1
2020-01-03 15:47:57.777,12081,12082,12082,2,2
2020-01-03 15:48:01.429,12081,12082,12081,4,-4
2020-01-03 15:48:12.813,12081,12082,12081,8,-8
2020-01-03 15:48:14.867,12081,12082,12082,5,5
2020-01-03 15:48:17.427,12081,12082,12082,2,2
2020-01-03 15:48:17.451,12082,12083,12082,2,-2
2020-01-03 15:48:22.672,12082,12083,12082,3,-3
2020-01-03 15:48:23.665,12081,12082,12082,1,1
2020-01-03 15:48:25.780,12081,12082,12081,2,-2
2020-01-03 15:48:25.780,12081,12082,12081,1,-1
2020-01-03 15:48:25.783,12081,12082,12081,7,-7
2020-01-03 15:48:25.783,12081,12082,12081,1,-1
2020-01-03 15:48:25.783,12081,12082,12081,3,-3
2020-01-03 15:48:25.791,12081,12082,12081,5,-5
2020-01-03 15:48:25.791,12081,12082,12081,4,-4
2020-01-03 15:48:25.865,12080,12081,12080,4,-4
2020-01-03 15:48:25.873,12080,12081,12080,3,-3
2020-01-03 15:48:25.875,12080,12081,12080,1,-1
2020-01-03 15:48:25.877,12080,12081,12080,1,-1
2020-01-03 15:48:26.010,12080,12081,12080,5,-5
2020-01-03 15:48:26.127,12080,12081,12080,2,-2
2020-01-03 15:48:26.815,12079,12080,12079,4,-4
2020-01-03 15:48:26.816,12079,12080,12079,2,-2
2020-01-03 15:48:26.816,12079,12080,12079,1,-1
2020-01-03 15:48:26.816,12079,12080,12079,3,-3
2020-01-03 15:48:26.816,12079,12080,12079,3,-3
2020-01-03 15:48:27.054,12078,12079,12078,1,-1
2020-01-03 15:48:27.273,12078,12079,12078,1,-1
2020-01-03 15:48:27.286,12078,12079,12079,1,1
2020-01-03 15:48:27.287,12078,12079,12079,1,1
2020-01-03 15:48:27.326,12079,12080,12079,1,-1
2020-01-03 15:48:27.396,12079,12080,12078,1,-1
2020-01-03 15:48:27.462,12078,12079,12078,5,-5
2020-01-03 15:48:27.630,12078,12079,12079,2,2
2020-01-03 15:48:27.933,12078,12079,12078,1,-1
2020-01-03 15:48:27.936,12078,12079,12078,1,-1
2020-01-03 15:48:31.209,12078,12079,12078,8,-8
2020-01-03 15:48:31.324,12078,12079,12078,3,-3
2020-01-03 15:48:31.324,12078,12079,12078,1,-1
2020-01-03 15:48:31.350,12078,12079,12078,2,-2
2020-01-03 15:48:31.375,12078,12079,12078,2,-2
2020-01-03 15:48:32.825,12077,12078,12077,3,-3
2020-01-03 15:48:32.825,12077,12078,12077,4,-4
2020-01-03 15:48:32.827,12077,12078,12077,4,-4
2020-01-03 15:48:32.828,12077,12078,12077,4,-4
2020-01-03 15:48:32.972,12077,12078,12077,2,-2
2020-01-03 15:48:32.988,12077,12078,12077,3,-3
2020-01-03 15:48:33.049,12077,12078,12077,1,-1
2020-01-03 15:48:33.389,12076,12077,12077,1,1
2020-01-03 15:48:33.700,12076,12077,12077,3,3
2020-01-03 15:48:33.716,12076,12077,12076,1,-1
2020-01-03 15:48:33.864,12077,12078,12077,1,1
2020-01-03 15:48:33.872,12077,12078,12077,1,-1
2020-01-03 15:48:33.929,12077,12078,12077,1,-1
2020-01-03 15:48:34.478,12077,12078,12077,4,-4
2020-01-03 15:48:34.488,12077,12078,12077,1,-1
2020-01-03 15:48:34.615,12076,12078,12076,1,-1
2020-01-03 15:48:34.856,12076,12078,12076,1,-1
2020-01-03 15:48:35.743,12077,12078,12078,7,7
2020-01-03 15:48:35.774,12077,12078,12078,5,5
2020-01-03 15:48:35.774,12077,12078,12079,2,2
2020-01-03 15:48:35.825,12077,12079,12078,1,-1
2020-01-03 15:48:36.938,12077,12079,12079,1,1
2020-01-03 15:48:38.493,12078,12079,12078,2,-2
2020-01-03 15:48:39.581,12077,12078,12077,1,-1
2020-01-03 15:48:41.194,12077,12078,12077,1,-1
2020-01-03 15:48:42.932,12077,12078,12077,5,-5
2020-01-03 15:48:43.093,12077,12078,12077,1,-1
2020-01-03 15:48:43.235,12077,12078,12077,1,-1
2020-01-03 15:48:43.338,12077,12078,12077,5,-5
2020-01-03 15:48:44.155,12076,12077,12076,1,-1
2020-01-03 15:48:44.341,12076,12077,12076,2,-2
2020-01-03 15:48:44.430,12076,12077,12077,1,1
2020-01-03 15:48:44.809,12076,12077,12077,3,3
2020-01-03 15:48:45.776,12076,12077,12077,1,1
2020-01-03 15:48:46.168,12076,12077,12076,42,-42
2020-01-03 15:48:46.200,12076,12077,12076,1,-1
2020-01-03 15:48:46.200,12076,12077,12076,3,-3
2020-01-03 15:48:46.574,12075,12076,12076,2,2
2020-01-03 15:48:47.142,12075,12076,12075,5,-5
2020-01-03 15:48:47.715,12075,12076,12075,2,-2
2020-01-03 15:48:47.715,12075,12076,12075,1,-1
2020-01-03 15:48:47.715,12075,12076,12075,2,-2
2020-01-03 15:48:47.715,12075,12076,12075,1,-1
2020-01-03 15:48:47.716,12075,12076,12075,3,-3
2020-01-03 15:48:47.716,12075,12076,12075,1,-1
2020-01-03 15:48:47.716,12075,12076,12075,4,-4
2020-01-03 15:48:47.716,12075,12076,12075,1,-1
2020-01-03 15:48:47.765,12075,12076,12074,1,-1
2020-01-03 15:48:47.827,12074,12075,12074,4,-4
2020-01-03 15:48:47.950,12074,12075,12074,8,-8
2020-01-03 15:48:48.067,12074,12075,12075,1,1
2020-01-03 15:48:48.188,12074,12075,12074,1,-1
2020-01-03 15:48:48.336,12074,12075,12074,1,-1
2020-01-03 15:48:48.358,12074,12075,12074,1,-1
2020-01-03 15:48:49.069,12074,12075,12075,1,1
2020-01-03 15:48:49.531,12074,12075,12074,2,-2
2020-01-03 15:48:49.801,12074,12075,12074,2,-2
2020-01-03 15:48:52.238,12074,12075,12074,1,-1
2020-01-03 15:48:52.770,12074,12075,12074,2,-2
2020-01-03 15:48:52.945,12074,12075,12074,1,-1
2020-01-03 15:48:55.643,12074,12075,12074,1,-1
2020-01-03 15:48:55.677,12074,12075,12074,10,-10
2020-01-03 15:48:55.701,12074,12075,12074,12,-12
2020-01-03 15:48:56.189,12073,12074,12074,2,2
2020-01-03 15:48:56.189,12073,12074,12074,1,1
2020-01-03 15:48:56.189,12073,12074,12074,1,1
2020-01-03 15:48:56.189,12073,12074,12074,2,2
2020-01-03 15:48:56.189,12073,12074,12074,2,2
2020-01-03 15:48:57.230,12074,12075,12074,3,-3
2020-01-03 15:48:58.128,12073,12074,12074,1,1
2020-01-03 15:49:01.879,12073,12074,12073,2,-2
2020-01-03 15:49:02.238,12073,12074,12073,4,-4
2020-01-03 15:49:02.447,12072,12073,12073,2,2
2020-01-03 15:49:02.460,12072,12074,12074,1,1
2020-01-03 15:49:02.463,12072,12074,12074,2,2
2020-01-03 15:49:02.472,12072,12074,12074,1,1
2020-01-03 15:49:02.473,12072,12074,12074,1,1
2020-01-03 15:49:02.476,12072,12074,12074,1,1
2020-01-03 15:49:02.670,12072,12074,12074,1,1
2020-01-03 15:49:02.917,12073,12074,12073,1,-1
2020-01-03 15:49:02.949,12073,12074,12074,2,2
2020-01-03 15:49:03.024,12073,12074,12073,1,-1
2020-01-03 15:49:03.729,12073,12075,12073,1,-1
2020-01-03 15:49:03.955,12073,12074,12074,1,1
2020-01-03 15:49:04.343,12073,12075,12073,15,-15
2020-01-03 15:49:04.501,12073,12074,12073,1,-1
2020-01-03 15:49:06.001,12073,12074,12074,1,1
2020-01-03 15:49:07.223,12075,12076,12075,1,1
2020-01-03 15:49:09.022,12075,12076,12075,1,-1
2020-01-03 15:49:10.475,12074,12075,12075,1,1
2020-01-03 15:49:11.771,12075,12076,12075,1,-1
2020-01-03 15:49:12.558,12075,12076,12075,5,-5
2020-01-03 15:49:14.133,12075,12076,12075,1,-1
2020-01-03 15:49:14.227,12075,12076,12075,4,-4
2020-01-03 15:49:15.385,12075,12076,12075,1,-1
2020-01-03 15:49:16.256,12075,12076,12075,1,-1
2020-01-03 15:49:18.579,12075,12076,12075,7,-7
2020-01-03 15:49:18.585,12075,12076,12075,1,-1
2020-01-03 15:49:20.751,12074,12075,12075,5,5
2020-01-03 15:49:20.825,12074,12075,12075,1,1
2020-01-03 15:49:25.820,12073,12075,12075,1,1
2020-01-03 15:49:27.936,12074,12075,12075,1,1
2020-01-03 15:49:32.783,12074,12075,12074,1,-1
2020-01-03 15:49:33.042,12074,12075,12075,1,1
2020-01-03 15:49:33.213,12074,12075,12075,1,1
2020-01-03 15:49:33.317,12074,12075,12075,11,11
2020-01-03 15:49:33.324,12074,12075,12075,1,1
2020-01-03 15:49:35.060,12075,12076,12075,1,-1
2020-01-03 15:49:35.866,12075,12076,12075,1,-1
2020-01-03 15:49:38.138,12075,12076,12075,1,-1
2020-01-03 15:49:40.806,12075,12076,12076,3,3
2020-01-03 15:49:44.055,12075,12076,12075,1,-1
2020-01-03 15:49:44.942,12075,12076,12075,1,-1
2020-01-03 15:49:45.668,12075,12076,12075,1,-1
2020-01-03 15:49:51.115,12075,12076,12075,1,-1
2020-01-03 15:49:51.281,12075,12076,12075,1,-1
2020-01-03 15:49:51.935,12075,12076,12075,1,-1
2020-01-03 15:49:55.289,12075,12076,12076,4,4
2020-01-03 15:49:55.315,12075,12076,12075,2,-2
2020-01-03 15:49:55.781,12075,12076,12076,1,1
2020-01-03 15:49:55.783,12075,12076,12076,1,1
2020-01-03 15:49:55.866,12075,12076,12076,1,1
2020-01-03 15:50:00.400,12075,12076,12076,2,2
2020-01-03 15:50:01.467,12076,12077,12076,1,-1
2020-01-03 15:50:02.206,12076,12077,12076,1,-1
2020-01-03 15:50:02.333,12076,12077,12076,1,-1
2020-01-03 15:50:08.256,12076,12077,12076,2,-2
2020-01-03 15:50:09.284,12076,12077,12076,1,-1
2020-01-03 15:50:17.066,12076,12077,12076,1,-1
2020-01-03 15:50:19.326,12076,12077,12076,1,-1
2020-01-03 15:50:19.326,12076,12077,12076,1,-1
2020-01-03 15:50:19.368,12076,12077,12076,2,-2
2020-01-03 15:50:19.368,12076,12077,12076,1,-1
2020-01-03 15:50:19.369,12076,12077,12076,1,-1
2020-01-03 15:50:24.179,12075,12076,12076,5,5
2020-01-03 15:50:25.682,12075,12076,12076,1,1
2020-01-03 15:50:31.296,12075,12076,12075,11,-11
2020-01-03 15:50:31.324,12075,12076,12075,3,-3
2020-01-03 15:50:31.324,12075,12076,12075,8,-8
2020-01-03 15:50:31.325,12075,12076,12075,3,-3
2020-01-03 15:50:31.582,12074,12075,12075,1,1
2020-01-03 15:50:35.964,12074,12075,12075,4,4
2020-01-03 15:50:36.327,12074,12075,12074,4,-4
2020-01-03 15:50:36.616,12074,12075,12074,4,-4
2020-01-03 15:50:40.834,12074,12075,12074,31,-31
2020-01-03 15:50:41.075,12073,12074,12073,1,-1
2020-01-03 15:50:41.089,12073,12074,12073,1,-1
2020-01-03 15:50:41.268,12073,12074,12073,1,-1
2020-01-03 15:50:41.522,12073,12074,12073,1,-1
2020-01-03 15:50:41.665,12073,12074,12073,2,-2
2020-01-03 15:50:42.416,12073,12074,12073,4,-4
2020-01-03 15:50:44.088,12072,12073,12073,1,1
2020-01-03 15:50:46.643,12072,12073,12072,5,-5
2020-01-03 15:50:47.264,12071,12073,12073,1,1
2020-01-03 15:50:48.379,12071,12073,12071,2,-2
2020-01-03 15:50:50.381,12072,12073,12073,1,1
2020-01-03 15:50:51.136,12072,12073,12073,1,1
2020-01-03 15:50:53.220,12072,12073,12072,2,-2
2020-01-03 15:50:55.750,12071,12072,12071,12,-12
2020-01-03 15:50:56.199,12070,12071,12071,1,1
2020-01-03 15:50:56.649,12071,12072,12071,1,-1
2020-01-03 15:50:59.978,12071,12072,12071,1,-1
2020-01-03 15:51:01.386,12071,12072,12071,1,-1
2020-01-03 15:51:01.395,12071,12072,12072,1,1
2020-01-03 15:51:01.780,12071,12072,12071,2,-2
2020-01-03 15:51:02.542,12071,12072,12071,1,-1
2020-01-03 15:51:02.829,12071,12072,12072,1,1
2020-01-03 15:51:03.543,12071,12072,12072,1,1
2020-01-03 15:51:04.033,12071,12072,12071,2,-2
2020-01-03 15:51:04.619,12071,12072,12071,1,-1
2020-01-03 15:51:05.375,12071,12072,12071,6,-6
2020-01-03 15:51:06.068,12071,12072,12071,1,-1
2020-01-03 15:51:09.281,12071,12072,12071,1,-1
2020-01-03 15:51:09.657,12071,12072,12071,1,-1
2020-01-03 15:51:11.864,12071,12072,12071,1,-1
2020-01-03 15:51:12.146,12071,12072,12071,9,-9
2020-01-03 15:51:12.465,12071,12072,12071,4,-4
2020-01-03 15:51:13.515,12071,12072,12071,1,-1
2020-01-03 15:51:13.828,12071,12072,12071,1,-1
2020-01-03 15:51:14.170,12071,12072,12071,1,-1
2020-01-03 15:51:15.508,12071,12072,12071,1,-1
2020-01-03 15:51:16.775,12071,12072,12071,7,-7
2020-01-03 15:51:20.817,12071,12072,12071,1,-1
2020-01-03 15:51:21.989,12071,12072,12071,5,-5
2020-01-03 15:51:24.322,12071,12072,12071,1,-1
2020-01-03 15:51:24.408,12071,12072,12071,2,-2
2020-01-03 15:51:27.107,12071,12072,12072,1,1
2020-01-03 15:51:27.624,12071,12072,12072,1,1
2020-01-03 15:51:27.666,12071,12072,12072,2,2
2020-01-03 15:51:27.666,12071,12072,12072,6,6
2020-01-03 15:51:27.666,12071,12072,12072,1,1
2020-01-03 15:51:29.061,12072,12073,12072,6,-6
2020-01-03 15:51:36.063,12072,12073,12072,18,-18
2020-01-03 15:51:36.408,12071,12072,12071,5,-5
2020-01-03 15:51:39.611,12071,12072,12072,1,1
2020-01-03 15:51:42.318,12071,12072,12072,1,1
2020-01-03 15:51:43.680,12071,12072,12071,1,-1
2020-01-03 15:51:46.580,12071,12072,12072,1,1
2020-01-03 15:51:47.617,12071,12072,12071,4,-4
2020-01-03 15:51:51.864,12071,12072,12071,3,-3
2020-01-03 15:51:53.026,12071,12072,12072,1,1
2020-01-03 15:51:54.039,12071,12072,12071,2,-2
2020-01-03 15:51:54.047,12071,12072,12071,1,-1
2020-01-03 15:51:55.656,12071,12072,12072,1,1
2020-01-03 15:51:57.431,12071,12072,12072,1,1
2020-01-03 15:51:58.764,12071,12072,12071,1,-1
2020-01-03 15:52:00.074,12071,12072,12072,13,13
2020-01-03 15:52:00.540,12072,12073,12073,1,1
2020-01-03 15:52:01.058,12072,12073,12072,2,-2
2020-01-03 15:52:01.080,12072,12073,12072,1,-1
2020-01-03 15:52:01.919,12072,12073,12072,1,-1
2020-01-03 15:52:02.221,12072,12073,12072,1,-1
2020-01-03 15:52:02.283,12072,12073,12072,1,-1
2020-01-03 15:52:09.299,12072,12073,12072,2,-2
2020-01-03 15:52:11.302,12072,12073,12073,3,3
2020-01-03 15:52:11.896,12072,12073,12072,2,-2
2020-01-03 15:52:14.526,12072,12073,12072,1,-1
2020-01-03 15:52:15.921,12072,12073,12072,1,-1
2020-01-03 15:52:18.034,12072,12073,12072,1,-1
2020-01-03 15:52:21.162,12072,12073,12072,1,-1
2020-01-03 15:52:23.279,12072,12073,12072,3,-3
2020-01-03 15:52:25.390,12071,12072,12072,1,1
2020-01-03 15:52:31.896,12072,12073,12072,1,-1
2020-01-03 15:52:32.824,12072,12073,12072,2,-2
2020-01-03 15:52:32.824,12072,12073,12072,1,-1
2020-01-03 15:52:36.506,12071,12072,12072,1,1
2020-01-03 15:52:37.670,12071,12072,12072,1,1
2020-01-03 15:52:39.248,12071,12072,12072,1,1
2020-01-03 15:52:39.762,12071,12072,12072,6,6
2020-01-03 15:52:43.427,12071,12072,12071,1,-1
2020-01-03 15:52:43.859,12071,12072,12071,2,-2
2020-01-03 15:52:47.461,12071,12072,12072,1,1
2020-01-03 15:52:47.515,12071,12072,12072,1,1
2020-01-03 15:52:51.863,12071,12072,12072,1,1
2020-01-03 15:52:52.459,12071,12072,12071,1,-1
2020-01-03 15:52:57.179,12071,12072,12071,1,-1
2020-01-03 15:53:04.575,12071,12072,12071,5,-5
2020-01-03 15:53:04.699,12071,12072,12071,9,-9
2020-01-03 15:53:04.824,12071,12072,12071,2,-2
2020-01-03 15:53:04.824,12071,12072,12071,3,-3
2020-01-03 15:53:04.824,12071,12072,12071,1,-1
2020-01-03 15:53:04.825,12071,12072,12071,3,-3
2020-01-03 15:53:04.825,12071,12072,12071,3,-3
2020-01-03 15:53:04.825,12071,12072,12071,4,-4
2020-01-03 15:53:04.825,12071,12072,12071,1,-1
2020-01-03 15:53:05.409,12070,12071,12071,2,2
2020-01-03 15:53:06.581,12070,12071,12070,25,-25
2020-01-03 15:53:06.699,12070,12071,12070,1,-1
2020-01-03 15:53:06.742,12070,12071,12069,2,-2
2020-01-03 15:53:06.745,12070,12071,12069,1,-1
2020-01-03 15:53:06.907,12069,12070,12069,5,-5
2020-01-03 15:53:06.967,12069,12070,12069,1,-1
2020-01-03 15:53:08.676,12069,12070,12069,2,-2
2020-01-03 15:53:09.159,12069,12070,12070,1,1
2020-01-03 15:53:09.740,12069,12071,12069,1,-1
2020-01-03 15:53:11.934,12069,12070,12069,1,-1
2020-01-03 15:53:13.571,12069,12071,12069,10,-10
2020-01-03 15:53:19.304,12070,12071,12070,1,1
2020-01-03 15:53:19.304,12070,12071,12069,4,-4
2020-01-03 15:53:22.528,12069,12070,12069,2,-2
2020-01-03 15:53:22.528,12069,12070,12069,1,-1
2020-01-03 15:53:30.135,12068,12069,12069,1,1
2020-01-03 15:53:31.218,12069,12070,12069,1,-1
2020-01-03 15:53:34.469,12069,12070,12070,2,2
2020-01-03 15:53:34.469,12069,12070,12070,5,5
2020-01-03 15:53:39.949,12070,12071,12071,1,1
2020-01-03 15:53:44.244,12070,12072,12072,1,1
2020-01-03 15:53:48.290,12071,12072,12072,1,1
2020-01-03 15:54:05.855,12071,12072,12071,7,-7
2020-01-03 15:54:05.855,12071,12072,12071,6,-6
2020-01-03 15:54:08.899,12070,12071,12071,1,1
2020-01-03 15:54:10.636,12070,12071,12070,8,-8
2020-01-03 15:54:17.999,12070,12071,12070,1,-1
2020-01-03 15:54:19.094,12070,12071,12070,4,-4
2020-01-03 15:54:21.785,12069,12070,12070,2,2
2020-01-03 15:54:22.869,12069,12070,12070,1,1
2020-01-03 15:54:29.374,12069,12070,12070,1,1
2020-01-03 15:54:30.437,12069,12070,12069,2,-2
2020-01-03 15:54:31.039,12069,12070,12070,1,1
2020-01-03 15:54:33.677,12069,12070,12069,1,-1
2020-01-03 15:54:40.321,12069,12070,12069,2,-2
2020-01-03 15:54:42.893,12069,12070,12069,1,-1
2020-01-03 15:54:42.998,12069,12070,12070,1,1
2020-01-03 15:54:47.548,12069,12070,12069,10,-10
2020-01-03 15:54:48.613,12069,12070,12070,1,1
2020-01-03 15:54:48.735,12069,12070,12069,6,-6
2020-01-03 15:54:50.927,12069,12070,12069,5,-5
2020-01-03 15:54:51.255,12069,12070,12069,1,-1
2020-01-03 15:54:51.698,12069,12070,12069,10,-10
2020-01-03 15:54:51.765,12069,12070,12069,3,-3
2020-01-03 15:54:51.765,12069,12070,12068,1,-1
2020-01-03 15:54:51.855,12068,12070,12068,1,-1
2020-01-03 15:54:51.991,12068,12069,12068,1,-1
2020-01-03 15:54:52.555,12068,12069,12069,1,1
2020-01-03 15:54:53.515,12068,12069,12068,2,-2
2020-01-03 15:54:53.993,12068,12069,12068,1,-1
2020-01-03 15:54:56.919,12068,12069,12069,2,2
2020-01-03 15:55:02.825,12068,12069,12069,3,3
2020-01-03 15:55:03.897,12069,12070,12069,10,-10
2020-01-03 15:55:04.052,12069,12070,12069,1,-1
2020-01-03 15:55:04.131,12069,12070,12069,1,-1
2020-01-03 15:55:06.449,12069,12070,12070,9,9
2020-01-03 15:55:09.279,12070,12071,12070,1,-1
2020-01-03 15:55:11.957,12070,12071,12071,3,3
2020-01-03 15:55:12.109,12070,12071,12071,1,1
2020-01-03 15:55:13.438,12070,12072,12072,1,1
2020-01-03 15:55:14.898,12070,12071,12071,1,1
2020-01-03 15:55:15.082,12070,12071,12070,1,-1
2020-01-03 15:55:19.050,12070,12071,12071,1,1
2020-01-03 15:55:19.886,12070,12071,12071,1,1
2020-01-03 15:55:22.074,12070,12071,12071,3,3
2020-01-03 15:55:23.055,12070,12071,12071,1,1
2020-01-03 15:55:24.975,12070,12071,12071,1,1
2020-01-03 15:55:36.762,12070,12071,12071,1,1
2020-01-03 15:55:36.858,12070,12071,12070,1,-1
2020-01-03 15:55:37.302,12070,12071,12071,1,1
2020-01-03 15:55:45.536,12070,12071,12071,2,2
2020-01-03 15:55:52.985,12070,12071,12071,1,1
2020-01-03 15:55:57.581,12070,12071,12071,1,1
2020-01-03 15:56:02.338,12070,12071,12070,2,-2
2020-01-03 15:56:03.203,12070,12071,12071,1,1
2020-01-03 15:56:04.930,12070,12071,12070,2,-2
2020-01-03 15:56:04.930,12070,12071,12070,1,-1
2020-01-03 15:56:04.930,12070,12071,12070,1,-1
2020-01-03 15:56:04.941,12070,12071,12070,1,-1
2020-01-03 15:56:04.941,12070,12071,12070,2,-2
2020-01-03 15:56:04.942,12070,12071,12070,5,-5
2020-01-03 15:56:04.942,12070,12071,12070,1,-1
2020-01-03 15:56:04.942,12070,12071,12070,4,-4
2020-01-03 15:56:04.942,12070,12071,12070,1,-1
2020-01-03 15:56:04.950,12070,12071,12070,3,-3
2020-01-03 15:56:08.051,12069,12070,12069,5,-5
2020-01-03 15:56:10.453,12069,12071,12069,1,-1
2020-01-03 15:56:12.098,12070,12071,12071,1,1
2020-01-03 15:56:12.441,12070,12071,12071,1,1
2020-01-03 15:56:12.764,12070,12071,12071,1,1
2020-01-03 15:56:13.155,12070,12071,12070,1,-1
2020-01-03 15:56:13.960,12070,12071,12071,1,1
2020-01-03 15:56:14.441,12070,12071,12071,4,4
2020-01-03 15:56:14.815,12071,12072,12072,1,1
2020-01-03 15:56:15.615,12071,12072,12071,1,-1
2020-01-03 15:56:18.871,12070,12071,12071,1,1
2020-01-03 15:56:21.467,12070,12071,12071,1,1
2020-01-03 15:56:25.883,12070,12071,12071,2,2
2020-01-03 15:56:25.884,12070,12071,12071,3,3
2020-01-03 15:56:27.915,12071,12072,12071,1,-1
2020-01-03 15:56:34.704,12071,12072,12071,1,-1
2020-01-03 15:56:48.639,12071,12072,12071,2,-2
2020-01-03 15:56:48.641,12071,12072,12071,8,-8
2020-01-03 15:56:51.227,12070,12071,12071,1,1
2020-01-03 15:56:57.529,12071,12072,12071,1,-1
2020-01-03 15:56:57.673,12070,12071,12071,1,1
2020-01-03 15:57:01.363,12070,12071,12071,1,1
2020-01-03 15:57:02.245,12070,12071,12070,3,-3
2020-01-03 15:57:04.397,12070,12071,12070,3,-3
2020-01-03 15:57:05.319,12070,12071,12071,4,4
2020-01-03 15:57:10.733,12070,12071,12071,1,1
2020-01-03 15:57:11.692,12070,12071,12070,1,-1
2020-01-03 15:57:21.306,12070,12071,12070,4,-4
2020-01-03 15:57:22.371,12070,12071,12070,1,-1
2020-01-03 15:57:28.864,12070,12071,12070,2,-2
2020-01-03 15:57:28.949,12070,12071,12070,1,-1
2020-01-03 15:57:29.055,12070,12071,12070,7,-7
2020-01-03 15:57:32.749,12069,12070,12069,4,-4
2020-01-03 15:57:35.767,12069,12070,12069,3,-3
2020-01-03 15:57:41.394,12069,12070,12069,2,-2
2020-01-03 15:57:45.433,12069,12070,12069,6,-6
2020-01-03 15:57:47.923,12069,12070,12069,1,-1
2020-01-03 15:57:52.609,12069,12070,12069,21,-21
2020-01-03 15:57:59.561,12068,12069,12069,4,4
2020-01-03 15:57:59.580,12068,12069,12069,13,13
2020-01-03 15:58:01.101,12069,12070,12069,1,-1
2020-01-03 15:58:02.203,12068,12070,12068,1,-1
2020-01-03 15:58:02.341,12068,12070,12070,1,1
2020-01-03 15:58:02.622,12069,12070,12070,1,1
2020-01-03 15:58:15.494,12069,12070,12069,11,-11
2020-01-03 15:58:18.008,12068,12069,12069,2,2
2020-01-03 15:58:20.917,12068,12069,12068,1,-1
2020-01-03 15:58:21.975,12068,12069,12068,1,-1
2020-01-03 15:58:25.988,12068,12069,12068,1,-1
2020-01-03 15:58:27.797,12068,12069,12069,1,1
2020-01-03 15:58:30.823,12068,12069,12069,1,1
2020-01-03 15:58:33.146,12068,12069,12069,1,1
2020-01-03 15:58:38.833,12068,12069,12069,1,1
2020-01-03 15:58:39.685,12068,12069,12069,2,2
2020-01-03 15:58:39.685,12068,12069,12069,2,2
2020-01-03 15:58:39.685,12068,12069,12069,14,14
2020-01-03 15:58:44.683,12068,12069,12069,2,2
2020-01-03 15:58:47.280,12069,12070,12069,2,-2
2020-01-03 15:58:50.756,12069,12070,12069,1,-1
2020-01-03 15:58:52.792,12069,12070,12070,1,1
2020-01-03 15:58:53.106,12069,12070,12070,1,1
2020-01-03 15:59:01.632,12069,12070,12070,1,1
2020-01-03 15:59:13.041,12069,12070,12070,1,1
2020-01-03 15:59:21.535,12069,12070,12070,3,3
2020-01-03 15:59:22.642,12069,12070,12070,1,1
2020-01-03 15:59:26.973,12069,12070,12070,12,12
2020-01-03 15:59:26.973,12069,12070,12070,1,1
2020-01-03 15:59:27.252,12070,12071,12070,6,-6
2020-01-03 15:59:28.746,12070,12071,12070,1,-1
2020-01-03 15:59:29.042,12069,12070,12070,1,1
2020-01-03 15:59:37.647,12069,12070,12070,1,1
2020-01-03 15:59:39.469,12069,12070,12070,1,1
2020-01-03 15:59:40.096,12069,12070,12070,2,2
2020-01-03 15:59:40.164,12069,12070,12069,1,-1
2020-01-03 15:59:40.365,12069,12070,12070,2,2
2020-01-03 16:00:02.509,12069,12070,12069,6,-6
2020-01-03 16:00:02.509,12069,12070,12069,6,-6
2020-01-03 16:00:02.509,12069,12070,12069,2,-2
2020-01-03 16:00:02.512,12069,12070,12069,5,-5
2020-01-03 16:00:02.691,12068,12070,12068,4,-4
2020-01-03 16:00:02.693,12068,12070,12069,1,1
2020-01-03 16:00:02.699,12068,12069,12068,6,-6
2020-01-03 16:00:02.700,12068,12069,12068,5,-5
2020-01-03 16:00:02.802,12068,12069,12068,1,-1
2020-01-03 16:00:03.074,12067,12068,12067,1,-1
2020-01-03 16:00:03.074,12067,12068,12067,4,-4
2020-01-03 16:00:03.075,12067,12068,12067,1,-1
2020-01-03 16:00:03.096,12067,12068,12067,17,-17
2020-01-03 16:00:03.216,12066,12068,12066,1,-1
2020-01-03 16:00:03.362,12066,12067,12066,1,-1
2020-01-03 16:00:03.455,12066,12067,12066,1,-1
2020-01-03 16:00:03.647,12066,12067,12066,1,-1
2020-01-03 16:00:03.673,12066,12067,12066,2,-2
2020-01-03 16:00:03.702,12066,12067,12066,1,-1
2020-01-03 16:00:03.808,12066,12067,12066,3,-3
2020-01-03 16:00:03.894,12066,12067,12066,1,-1
2020-01-03 16:00:03.921,12066,12067,12066,1,-1
2020-01-03 16:00:04.222,12066,12067,12066,1,-1
2020-01-03 16:00:04.343,12066,12067,12066,1,-1
2020-01-03 16:00:04.356,12066,12067,12066,1,-1
2020-01-03 16:00:04.444,12066,12067,12066,2,-2
2020-01-03 16:00:04.450,12066,12067,12066,11,-11
2020-01-03 16:00:04.674,12065,12067,12065,1,-1
2020-01-03 16:00:05.108,12065,12066,12066,1,1
2020-01-03 16:00:05.682,12065,12066,12065,1,-1
2020-01-03 16:00:07.426,12065,12066,12065,1,-1
2020-01-03 16:00:07.888,12065,12066,12065,6,-6
2020-01-03 16:00:08.654,12065,12066,12065,2,-2
2020-01-03 16:00:09.624,12065,12066,12065,1,-1
2020-01-03 16:00:09.916,12065,12066,12065,2,-2
2020-01-03 16:00:09.918,12065,12066,12065,1,-1
2020-01-03 16:00:09.918,12065,12066,12065,14,-14
2020-01-03 16:00:09.918,12065,12066,12065,1,-1
2020-01-03 16:00:09.918,12065,12066,12065,1,-1
2020-01-03 16:00:09.918,12065,12066,12065,1,-1
2020-01-03 16:00:09.918,12065,12066,12065,2,-2
2020-01-03 16:00:09.918,12065,12066,12065,1,-1
2020-01-03 16:00:10.031,12064,12065,12064,1,-1
2020-01-03 16:00:10.032,12064,12065,12064,1,-1
2020-01-03 16:00:10.056,12064,12065,12064,1,-1
2020-01-03 16:00:10.057,12064,12065,12064,1,-1
2020-01-03 16:00:10.057,12064,12065,12064,1,-1
2020-01-03 16:00:10.068,12064,12065,12064,2,-2
2020-01-03 16:00:10.075,12064,12065,12064,17,-17
2020-01-03 16:00:10.176,12064,12065,12063,1,-1
2020-01-03 16:00:10.226,12063,12065,12063,4,-4
2020-01-03 16:00:10.290,12063,12065,12063,1,-1
2020-01-03 16:00:10.325,12063,12064,12063,9,-9
2020-01-03 16:00:10.325,12063,12064,12062,1,-1
2020-01-03 16:00:10.541,12062,12063,12062,1,-1
2020-01-03 16:00:10.647,12062,12063,12062,1,-1
2020-01-03 16:00:10.756,12062,12063,12062,5,-5
2020-01-03 16:00:10.776,12062,12063,12062,5,-5
2020-01-03 16:00:10.790,12062,12063,12062,1,-1
2020-01-03 16:00:10.795,12062,12063,12062,1,-1
2020-01-03 16:00:10.891,12062,12063,12062,1,-1
2020-01-03 16:00:10.990,12062,12063,12062,1,-1
2020-01-03 16:00:11.075,12062,12063,12063,3,3
2020-01-03 16:00:11.263,12062,12064,12062,1,-1
2020-01-03 16:00:11.490,12062,12064,12063,1,1
2020-01-03 16:00:11.811,12062,12064,12062,1,-1
2020-01-03 16:00:12.007,12062,12064,12062,10,-10
2020-01-03 16:00:14.629,12061,12062,12061,10,-10
2020-01-03 16:00:14.699,12061,12062,12061,4,-4
2020-01-03 16:00:14.752,12061,12062,12061,9,-9
2020-01-03 16:00:14.752,12061,12062,12060,1,-1
2020-01-03 16:00:14.831,12060,12062,12060,15,-15
2020-01-03 16:00:14.873,12060,12062,12060,10,-10
2020-01-03 16:00:15.028,12060,12061,12060,1,-1
2020-01-03 16:00:15.038,12060,12061,12060,5,-5
2020-01-03 16:00:15.083,12060,12061,12061,1,1
2020-01-03 16:00:15.719,12060,12061,12060,12,-12
2020-01-03 16:00:15.843,12059,12060,12059,1,-1
2020-01-03 16:00:15.968,12059,12060,12059,10,-10
2020-01-03 16:00:16.052,12059,12060,12059,3,-3
2020-01-03 16:00:16.092,12058,12059,12058,1,-1
2020-01-03 16:00:16.352,12058,12059,12059,1,1
2020-01-03 16:00:16.369,12058,12059,12059,1,1
2020-01-03 16:00:16.593,12058,12059,12058,3,-3
2020-01-03 16:00:16.619,12058,12059,12058,1,-1
2020-01-03 16:00:16.748,12058,12059,12058,5,-5
2020-01-03 16:00:17.379,12058,12059,12058,1,-1
2020-01-03 16:00:17.782,12058,12059,12059,2,2
2020-01-03 16:00:18.040,12058,12059,12058,10,-10
2020-01-03 16:00:18.414,12058,12059,12059,2,2
2020-01-03 16:00:18.574,12058,12059,12059,2,2
2020-01-03 16:00:18.795,12058,12060,12059,1,-1
2020-01-03 16:00:18.921,12059,12060,12059,1,-1
2020-01-03 16:00:18.991,12059,12060,12059,2,-2
2020-01-03 16:00:19.076,12058,12059,12059,4,4
2020-01-03 16:00:19.216,12058,12059,12058,1,-1
2020-01-03 16:00:19.704,12059,12060,12059,1,1
2020-01-03 16:00:19.825,12058,12060,12059,3,-3
2020-01-03 16:00:19.827,12058,12060,12059,1,-1
2020-01-03 16:00:19.870,12058,12060,12058,20,-20
2020-01-03 16:00:19.901,12058,12060,12058,1,-1
2020-01-03 16:00:20.188,12057,12058,12058,2,2
2020-01-03 16:00:20.300,12057,12058,12059,1,1
2020-01-03 16:00:20.623,12058,12059,12058,2,-2
2020-01-03 16:00:20.776,12058,12059,12058,2,-2
2020-01-03 16:00:20.913,12057,12058,12058,1,1
2020-01-03 16:00:21.740,12057,12058,12058,2,2
2020-01-03 16:00:21.950,12058,12059,12059,2,2
2020-01-03 16:00:21.950,12058,12059,12059,1,1
2020-01-03 16:00:22.019,12058,12059,12059,1,1
2020-01-03 16:00:22.104,12059,12060,12059,1,-1
2020-01-03 16:00:23.814,12059,12060,12059,2,-2
2020-01-03 16:00:24.077,12059,12060,12060,3,3
2020-01-03 16:00:24.749,12059,12061,12059,1,-1
2020-01-03 16:00:26.273,12060,12061,12060,1,1
2020-01-03 16:00:26.433,12060,12061,12060,1,-1
2020-01-03 16:00:29.288,12060,12061,12060,1,-1
2020-01-03 16:00:30.093,12060,12061,12060,5,-5
2020-01-03 16:00:30.852,12060,12061,12060,1,-1
2020-01-03 16:00:31.431,12059,12061,12059,2,-2
2020-01-03 16:00:31.539,12059,12061,12060,1,1
2020-01-03 16:00:32.354,12060,12061,12060,1,-1
2020-01-03 16:00:33.023,12060,12061,12060,1,-1
2020-01-03 16:00:33.915,12060,12061,12061,5,5
2020-01-03 16:00:34.354,12060,12061,12060,2,-2
2020-01-03 16:00:34.355,12060,12061,12061,2,2
2020-01-03 16:00:34.424,12060,12061,12060,1,-1
2020-01-03 16:00:35.386,12060,12061,12060,1,-1
2020-01-03 16:00:35.575,12060,12061,12061,4,4
2020-01-03 16:00:37.035,12060,12061,12060,1,-1
2020-01-03 16:00:37.621,12060,12061,12061,8,8
2020-01-03 16:00:37.857,12061,12062,12062,2,2
2020-01-03 16:00:37.874,12061,12062,12062,2,2
2020-01-03 16:00:37.901,12061,12062,12062,2,2
2020-01-03 16:00:37.930,12061,12062,12062,2,2
2020-01-03 16:00:38.120,12062,12063,12063,1,1
2020-01-03 16:00:38.313,12062,12063,12062,1,-1
2020-01-03 16:00:39.327,12062,12063,12063,2,2
2020-01-03 16:00:40.297,12062,12063,12063,1,1
2020-01-03 16:00:40.556,12063,12064,12063,1,-1
2020-01-03 16:00:40.805,12063,12064,12063,3,-3
2020-01-03 16:00:41.255,12063,12064,12064,1,1
2020-01-03 16:00:42.007,12063,12064,12064,3,3
2020-01-03 16:00:43.744,12063,12064,12063,5,-5
2020-01-03 16:00:44.284,12062,12064,12062,1,-1
2020-01-03 16:00:47.396,12063,12064,12064,1,1
2020-01-03 16:00:47.702,12064,12065,12065,4,4
2020-01-03 16:00:47.702,12064,12065,12065,3,3
2020-01-03 16:00:47.982,12064,12066,12065,1,-1
2020-01-03 16:00:48.415,12065,12066,12065,2,-2
2020-01-03 16:00:48.415,12065,12066,12065,1,-1
2020-01-03 16:00:48.415,12065,12066,12065,1,-1
2020-01-03 16:00:49.386,12064,12065,12064,1,-1
2020-01-03 16:00:52.648,12063,12064,12063,4,-4
2020-01-03 16:00:54.974,12062,12063,12062,1,-1
2020-01-03 16:00:55.987,12062,12063,12062,6,-6
2020-01-03 16:01:01.204,12061,12062,12061,1,-1
2020-01-03 16:01:01.210,12061,12062,12061,2,-2
2020-01-03 16:01:01.216,12061,12062,12061,2,-2
2020-01-03 16:01:01.414,12060,12061,12060,2,-2
2020-01-03 16:01:02.647,12060,12061,12060,1,-1
2020-01-03 16:01:02.784,12060,12061,12060,1,-1
2020-01-03 16:01:03.200,12060,12061,12060,1,-1
2020-01-03 16:01:04.047,12060,12061,12060,6,-6
2020-01-03 16:01:04.076,12059,12060,12060,19,19
2020-01-03 16:01:07.297,12059,12060,12060,3,3
2020-01-03 16:01:07.870,12060,12061,12060,1,-1
2020-01-03 16:01:08.132,12060,12061,12061,1,1
2020-01-03 16:01:08.132,12060,12061,12061,11,11
2020-01-03 16:01:08.739,12061,12062,12061,2,-2
2020-01-03 16:01:09.184,12061,12062,12061,4,-4
2020-01-03 16:01:11.057,12061,12062,12062,12,12
2020-01-03 16:01:11.808,12062,12063,12063,1,1
2020-01-03 16:01:12.016,12063,12064,12063,1,-1
2020-01-03 16:01:12.666,12063,12064,12063,1,-1
2020-01-03 16:01:13.854,12063,12064,12063,1,-1
2020-01-03 16:01:14.127,12063,12064,12064,2,2
2020-01-03 16:01:14.917,12063,12064,12063,1,-1
2020-01-03 16:01:15.489,12063,12064,12063,2,-2
2020-01-03 16:01:16.340,12063,12064,12064,1,1
2020-01-03 16:01:16.393,12063,12064,12064,1,1
2020-01-03 16:01:18.343,12063,12064,12064,4,4
2020-01-03 16:01:21.023,12063,12064,12064,1,1
2020-01-03 16:01:23.598,12063,12064,12064,1,1
2020-01-03 16:01:24.406,12063,12064,12064,1,1
2020-01-03 16:01:28.875,12063,12064,12063,1,-1
2020-01-03 16:01:29.196,12063,12064,12064,7,7
2020-01-03 16:01:29.196,12063,12064,12064,7,7
2020-01-03 16:01:32.324,12063,12064,12064,1,1
2020-01-03 16:01:34.027,12064,12065,12064,1,-1
2020-01-03 16:01:34.325,12064,12065,12064,2,-2
2020-01-03 16:01:35.411,12063,12064,12063,1,-1
2020-01-03 16:01:39.964,12063,12064,12064,1,1
2020-01-03 16:01:43.813,12063,12064,12063,1,-1
2020-01-03 16:01:43.852,12063,12064,12063,1,-1
2020-01-03 16:01:44.508,12063,12064,12064,1,1
2020-01-03 16:01:44.948,12063,12064,12064,1,1
2020-01-03 16:01:48.257,12063,12064,12063,1,-1
2020-01-03 16:01:49.294,12063,12064,12063,1,-1
2020-01-03 16:01:51.359,12063,12064,12064,1,1
2020-01-03 16:01:51.766,12063,12064,12064,1,1
2020-01-03 16:01:52.317,12063,12064,12064,1,1
2020-01-03 16:01:52.317,12063,12064,12064,7,7
2020-01-03 16:01:52.317,12063,12064,12064,3,3
2020-01-03 16:01:52.319,12063,12064,12064,2,2
2020-01-03 16:01:54.238,12064,12065,12064,2,-2
2020-01-03 16:01:59.345,12063,12064,12064,1,1
2020-01-03 16:02:00.355,12063,12065,12065,1,1
2020-01-03 16:02:00.816,12063,12065,12063,4,-4
2020-01-03 16:02:06.058,12063,12064,12064,1,1
2020-01-03 16:02:07.051,12063,12064,12063,8,-8
2020-01-03 16:02:16.198,12063,12064,12063,2,-2
2020-01-03 16:02:16.908,12062,12063,12062,10,-10
2020-01-03 16:02:20.744,12062,12063,12063,1,1
2020-01-03 16:02:22.472,12062,12063,12063,1,1
2020-01-03 16:02:24.085,12062,12063,12062,1,-1
2020-01-03 16:02:26.389,12062,12063,12062,1,-1
2020-01-03 16:02:29.719,12062,12063,12062,1,-1
2020-01-03 16:02:31.989,12062,12063,12062,2,-2
2020-01-03 16:02:32.613,12062,12063,12062,2,-2
2020-01-03 16:02:36.074,12062,12063,12062,1,-1
2020-01-03 16:02:36.664,12061,12062,12062,9,9
2020-01-03 16:02:39.677,12062,12063,12062,1,-1
2020-01-03 16:02:41.877,12062,12063,12062,2,-2
2020-01-03 16:02:41.877,12062,12063,12062,11,-11
2020-01-03 16:02:41.877,12062,12063,12062,7,-7
2020-01-03 16:02:43.258,12061,12062,12062,1,1
2020-01-03 16:02:46.405,12061,12062,12061,2,-2
2020-01-03 16:02:46.405,12061,12062,12061,1,-1
2020-01-03 16:02:53.363,12061,12062,12062,1,1
2020-01-03 16:02:54.605,12061,12062,12062,1,1
2020-01-03 16:02:55.042,12061,12062,12062,7,7
2020-01-03 16:02:55.709,12062,12063,12062,1,-1
2020-01-03 16:02:58.722,12062,12063,12063,4,4
2020-01-03 16:02:58.784,12062,12063,12063,1,1
2020-01-03 16:02:58.824,12062,12063,12063,15,15
2020-01-03 16:02:58.824,12062,12063,12063,2,2
2020-01-03 16:02:58.825,12062,12063,12063,2,2
2020-01-03 16:02:59.611,12063,12064,12063,1,-1
2020-01-03 16:03:01.848,12063,12064,12063,5,-5
2020-01-03 16:03:06.552,12063,12064,12063,9,-9
2020-01-03 16:03:06.552,12063,12064,12063,1,-1
2020-01-03 16:03:07.670,12063,12064,12063,1,-1
2020-01-03 16:03:10.872,12063,12064,12064,1,1
2020-01-03 16:03:12.520,12063,12064,12064,25,25
2020-01-03 16:03:14.159,12064,12065,12065,2,2
2020-01-03 16:03:14.159,12064,12065,12065,5,5
2020-01-03 16:03:14.159,12064,12065,12065,1,1
2020-01-03 16:03:14.160,12064,12065,12065,4,4
2020-01-03 16:03:14.160,12064,12065,12065,1,1
2020-01-03 16:03:14.160,12064,12065,12065,2,2
2020-01-03 16:03:14.160,12064,12065,12065,2,2
2020-01-03 16:03:14.558,12065,12066,12065,1,-1
2020-01-03 16:03:15.464,12065,12066,12066,4,4
2020-01-03 16:03:15.600,12066,12067,12067,1,1
2020-01-03 16:03:16.682,12066,12067,12067,1,1
2020-01-03 16:03:16.875,12066,12067,12066,2,-2
2020-01-03 16:03:16.899,12066,12067,12066,1,-1
2020-01-03 16:03:17.001,12066,12067,12066,2,-2
2020-01-03 16:03:19.282,12066,12067,12067,1,1
2020-01-03 16:03:20.037,12066,12067,12067,8,8
2020-01-03 16:03:20.859,12066,12067,12067,1,1
2020-01-03 16:03:25.663,12066,12067,12067,4,4
2020-01-03 16:03:25.711,12066,12067,12067,1,1
2020-01-03 16:03:26.046,12066,12067,12067,4,4
2020-01-03 16:03:26.824,12066,12067,12066,2,-2
2020-01-03 16:03:26.825,12066,12067,12066,7,-7
2020-01-03 16:03:26.890,12066,12067,12066,2,-2
2020-01-03 16:03:30.668,12065,12066,12066,3,3
2020-01-03 16:03:37.000,12066,12067,12067,1,1
2020-01-03 16:03:37.706,12066,12067,12066,1,-1
2020-01-03 16:03:37.791,12066,12067,12066,1,-1
2020-01-03 16:03:38.678,12066,12067,12066,1,-1
2020-01-03 16:03:41.555,12065,12067,12065,3,-3
2020-01-03 16:03:42.987,12066,12067,12066,1,1
2020-01-03 16:03:46.195,12066,12067,12066,1,-1
2020-01-03 16:03:46.621,12065,12066,12066,1,1
2020-01-03 16:03:47.175,12065,12067,12067,2,2
2020-01-03 16:03:48.069,12066,12067,12066,4,-4
2020-01-03 16:03:48.252,12066,12067,12066,1,-1
2020-01-03 16:03:49.102,12066,12067,12066,1,-1
2020-01-03 16:03:50.576,12065,12066,12066,2,2
2020-01-03 16:03:51.023,12065,12066,12066,1,1
2020-01-03 16:03:53.266,12066,12067,12066,1,-1
2020-01-03 16:03:53.466,12066,12067,12066,3,-3
2020-01-03 16:03:55.351,12066,12067,12066,1,-1
2020-01-03 16:03:58.746,12066,12067,12066,1,-1
2020-01-03 16:04:00.503,12066,12067,12066,1,-1
2020-01-03 16:04:00.750,12065,12067,12066,1,-1
2020-01-03 16:04:02.498,12065,12066,12066,1,1
2020-01-03 16:04:06.777,12065,12066,12066,3,3
2020-01-03 16:04:06.842,12065,12067,12067,1,1
2020-01-03 16:04:10.585,12066,12067,12067,9,9
2020-01-03 16:04:16.732,12066,12067,12067,1,1
2020-01-03 16:04:23.822,12066,12067,12067,1,1
2020-01-03 16:04:26.384,12066,12067,12066,10,-10
2020-01-03 16:04:34.757,12066,12067,12066,1,-1
2020-01-03 16:04:36.770,12066,12067,12066,1,-1
2020-01-03 16:04:37.241,12066,12067,12067,1,1
2020-01-03 16:04:40.427,12066,12067,12066,2,-2
2020-01-03 16:04:54.981,12066,12067,12066,2,-2
2020-01-03 16:05:02.161,12066,12067,12066,4,-4
2020-01-03 16:05:02.161,12066,12067,12066,1,-1
2020-01-03 16:05:02.539,12065,12066,12066,4,4
2020-01-03 16:05:02.549,12065,12066,12067,2,2
2020-01-03 16:05:07.184,12066,12067,12066,1,-1
2020-01-03 16:05:10.701,12066,12067,12066,1,-1
2020-01-03 16:05:10.734,12066,12067,12067,1,1
2020-01-03 16:05:12.121,12066,12067,12066,2,-2
2020-01-03 16:05:12.787,12065,12066,12066,1,1
2020-01-03 16:05:20.045,12066,12067,12066,1,-1
2020-01-03 16:05:21.602,12065,12066,12066,1,1
2020-01-03 16:05:22.613,12065,12066,12066,1,1
2020-01-03 16:05:33.156,12065,12067,12067,1,1
2020-01-03 16:05:33.271,12065,12067,12065,1,-1
2020-01-03 16:05:36.806,12065,12066,12065,1,-1
2020-01-03 16:05:42.795,12065,12066,12065,1,-1
2020-01-03 16:05:58.324,12065,12066,12066,1,1
2020-01-03 16:05:58.523,12066,12067,12066,1,-1
2020-01-03 16:05:58.987,12066,12067,12066,2,-2
2020-01-03 16:05:58.987,12066,12067,12065,1,-1
2020-01-03 16:05:59.940,12066,12067,12066,1,1
2020-01-03 16:06:00.095,12066,12067,12066,1,-1
2020-01-03 16:06:00.859,12066,12067,12066,1,-1
2020-01-03 16:06:00.860,12066,12067,12066,3,-3
2020-01-03 16:06:00.870,12066,12067,12066,1,-1
2020-01-03 16:06:00.870,12066,12067,12065,1,-1
2020-01-03 16:06:00.889,12066,12067,12065,1,-1
2020-01-03 16:06:00.895,12066,12067,12065,3,-3
2020-01-03 16:06:00.910,12066,12067,12065,2,-2
2020-01-03 16:06:00.920,12066,12067,12065,2,-2
2020-01-03 16:06:00.921,12066,12067,12065,1,-1
2020-01-03 16:06:00.932,12066,12067,12065,1,-1
2020-01-03 16:06:00.933,12066,12067,12065,1,-1
2020-01-03 16:06:01.255,12065,12067,12065,2,-2
2020-01-03 16:06:01.589,12065,12066,12065,1,-1
2020-01-03 16:06:01.709,12065,12066,12066,1,1
2020-01-03 16:06:01.709,12065,12066,12066,1,1
2020-01-03 16:06:01.710,12065,12066,12067,1,1
2020-01-03 16:06:01.711,12065,12066,12067,1,1
2020-01-03 16:06:01.712,12065,12066,12067,1,1
2020-01-03 16:06:01.716,12065,12066,12067,1,1
2020-01-03 16:06:01.717,12065,12066,12067,1,1
2020-01-03 16:06:01.720,12065,12066,12067,1,1
2020-01-03 16:06:02.911,12065,12067,12065,1,-1
2020-01-03 16:06:09.630,12066,12067,12066,2,2
2020-01-03 16:06:17.449,12065,12066,12065,4,-4
2020-01-03 16:06:19.699,12064,12065,12064,5,-5
2020-01-03 16:06:19.699,12064,12065,12064,1,-1
2020-01-03 16:06:20.472,12063,12064,12064,1,1
2020-01-03 16:06:28.128,12064,12065,12064,1,-1
2020-01-03 16:06:29.862,12064,12065,12064,1,-1
2020-01-03 16:06:31.012,12064,12065,12064,2,-2
2020-01-03 16:06:31.012,12064,12065,12063,3,-3
2020-01-03 16:06:31.563,12063,12065,12063,1,-1
2020-01-03 16:06:32.343,12064,12065,12064,1,1
2020-01-03 16:06:33.841,12064,12065,12064,3,-3
2020-01-03 16:06:35.208,12063,12064,12064,4,4
2020-01-03 16:06:35.226,12063,12064,12064,1,1
2020-01-03 16:06:38.158,12063,12064,12063,22,-22
2020-01-03 16:06:38.201,12062,12063,12063,3,3
2020-01-03 16:06:39.932,12063,12064,12063,2,-2
2020-01-03 16:06:39.932,12063,12064,12062,1,-1
2020-01-03 16:06:42.146,12063,12064,12063,1,1
2020-01-03 16:06:42.267,12063,12064,12064,1,1
2020-01-03 16:06:49.988,12064,12065,12064,3,-3
2020-01-03 16:06:50.952,12064,12065,12064,1,-1
2020-01-03 16:06:58.831,12064,12065,12065,1,1
2020-01-03 16:07:00.449,12064,12065,12064,6,-6
2020-01-03 16:07:00.531,12064,12065,12063,1,-1
2020-01-03 16:07:03.168,12064,12065,12064,1,1
2020-01-03 16:07:03.243,12064,12065,12064,1,-1
2020-01-03 16:07:04.454,12063,12065,12063,1,-1
2020-01-03 16:07:09.362,12064,12065,12064,1,1
2020-01-03 16:07:09.377,12064,12065,12063,1,-1
2020-01-03 16:07:11.248,12063,12065,12063,1,-1
2020-01-03 16:07:12.350,12063,12065,12063,1,-1
2020-01-03 16:07:18.855,12063,12064,12063,5,-5
2020-01-03 16:07:23.843,12063,12064,12064,2,2
2020-01-03 16:07:24.150,12063,12064,12064,2,2
2020-01-03 16:07:28.705,12064,12065,12064,1,-1
2020-01-03 16:07:28.754,12064,12065,12063,1,-1
2020-01-03 16:07:30.611,12064,12065,12064,1,1
2020-01-03 16:07:34.272,12064,12065,12064,1,-1
2020-01-03 16:07:35.988,12064,12065,12064,2,-2
2020-01-03 16:07:38.398,12064,12065,12064,5,-5
2020-01-03 16:07:40.687,12064,12065,12064,5,-5
2020-01-03 16:07:41.114,12064,12065,12064,2,-2
2020-01-03 16:07:41.284,12063,12065,12063,1,-1
2020-01-03 16:07:56.190,12063,12064,12064,1,1
2020-01-03 16:08:01.420,12063,12064,12064,2,2
2020-01-03 16:08:01.512,12064,12065,12064,6,-6
2020-01-03 16:08:03.110,12064,12065,12064,1,-1
2020-01-03 16:08:03.110,12064,12065,12064,1,-1
2020-01-03 16:08:12.105,12064,12065,12064,1,-1
2020-01-03 16:08:12.668,12064,12065,12065,1,1
2020-01-03 16:08:22.800,12064,12065,12064,1,-1
2020-01-03 16:08:23.561,12064,12065,12065,1,1
2020-01-03 16:08:25.567,12064,12065,12064,1,-1
2020-01-03 16:08:31.653,12064,12065,12065,2,2
2020-01-03 16:08:32.199,12064,12065,12065,1,1
2020-01-03 16:08:33.738,12064,12065,12065,3,3
2020-01-03 16:08:33.738,12064,12065,12065,5,5
2020-01-03 16:08:40.884,12065,12066,12066,1,1
2020-01-03 16:08:41.203,12065,12066,12066,2,2
2020-01-03 16:08:41.324,12065,12066,12066,6,6
2020-01-03 16:08:41.449,12065,12066,12066,4,4
2020-01-03 16:08:41.574,12065,12066,12066,7,7
2020-01-03 16:08:45.843,12066,12067,12067,1,1
2020-01-03 16:08:46.207,12066,12067,12067,1,1
2020-01-03 16:08:48.069,12066,12067,12067,1,1
2020-01-03 16:08:50.027,12066,12067,12067,3,3
2020-01-03 16:08:50.756,12066,12067,12066,1,-1
2020-01-03 16:08:52.653,12065,12066,12066,1,1
2020-01-03 16:08:53.613,12065,12066,12066,3,3
2020-01-03 16:08:53.887,12065,12067,12067,5,5
2020-01-03 16:08:57.084,12065,12067,12067,2,2
2020-01-03 16:08:58.040,12065,12066,12066,2,2
2020-01-03 16:08:59.522,12065,12066,12066,1,1
2020-01-03 16:08:59.661,12065,12066,12066,1,1
2020-01-03 16:09:02.224,12065,12066,12066,1,1
2020-01-03 16:09:03.942,12065,12066,12065,7,-7
2020-01-03 16:09:03.942,12065,12066,12065,3,-3
2020-01-03 16:09:04.128,12064,12065,12065,1,1
2020-01-03 16:09:10.121,12064,12065,12065,1,1
2020-01-03 16:09:11.427,12064,12065,12064,1,-1
2020-01-03 16:09:12.197,12064,12065,12065,1,1
2020-01-03 16:09:13.395,12064,12065,12065,1,1
2020-01-03 16:09:13.467,12065,12066,12066,4,4
2020-01-03 16:09:17.579,12066,12067,12067,4,4
2020-01-03 16:09:17.596,12066,12067,12067,2,2
2020-01-03 16:09:17.699,12066,12067,12067,3,3
2020-01-03 16:09:17.699,12066,12067,12067,7,7
2020-01-03 16:09:17.824,12066,12067,12067,1,1
2020-01-03 16:09:26.864,12067,12068,12067,2,-2
2020-01-03 16:09:26.864,12067,12068,12067,3,-3
2020-01-03 16:09:26.967,12066,12067,12066,1,-1
2020-01-03 16:09:27.583,12066,12068,12068,1,1
2020-01-03 16:09:27.732,12066,12068,12068,2,2
2020-01-03 16:09:27.736,12066,12068,12068,2,2
2020-01-03 16:09:33.788,12067,12068,12067,1,-1
2020-01-03 16:09:39.533,12067,12068,12067,1,-1
2020-01-03 16:09:41.892,12067,12068,12068,2,2
2020-01-03 16:09:43.932,12067,12068,12068,1,1
2020-01-03 16:09:45.017,12068,12069,12069,2,2
2020-01-03 16:09:45.074,12068,12069,12069,2,2
2020-01-03 16:09:45.075,12068,12069,12069,6,6
2020-01-03 16:09:45.310,12069,12070,12070,1,1
2020-01-03 16:09:45.363,12069,12070,12070,1,1
2020-01-03 16:09:45.483,12069,12070,12070,1,1
2020-01-03 16:09:45.534,12069,12070,12069,1,-1
2020-01-03 16:09:47.752,12069,12070,12069,3,-3
2020-01-03 16:09:48.629,12069,12070,12070,2,2
2020-01-03 16:09:48.646,12069,12070,12070,4,4
2020-01-03 16:09:48.699,12069,12070,12070,2,2
2020-01-03 16:09:48.700,12069,12070,12070,7,7
2020-01-03 16:09:48.741,12069,12070,12071,3,3
2020-01-03 16:09:49.108,12070,12071,12071,3,3
2020-01-03 16:09:49.247,12070,12072,12071,1,-1
2020-01-03 16:09:49.248,12070,12072,12071,1,-1
2020-01-03 16:09:49.249,12070,12072,12071,1,-1
2020-01-03 16:09:49.249,12070,12072,12071,1,-1
2020-01-03 16:09:49.252,12070,12072,12071,1,-1
2020-01-03 16:09:49.254,12070,12072,12071,1,-1
2020-01-03 16:09:49.325,12071,12072,12071,1,-1
2020-01-03 16:09:49.325,12071,12072,12071,1,-1
2020-01-03 16:09:49.589,12070,12072,12071,1,-1
2020-01-03 16:09:49.627,12070,12072,12071,1,-1
2020-01-03 16:09:49.658,12070,12072,12071,1,-1
2020-01-03 16:09:49.660,12070,12072,12071,1,-1
2020-01-03 16:09:49.663,12070,12072,12071,1,-1
2020-01-03 16:09:49.665,12070,12072,12071,1,-1
2020-01-03 16:09:49.685,12070,12072,12071,1,-1
2020-01-03 16:09:49.689,12070,12072,12071,1,-1
2020-01-03 16:09:49.697,12070,12072,12071,1,-1
2020-01-03 16:09:49.700,12071,12072,12071,1,-1
2020-01-03 16:09:49.825,12071,12072,12071,1,-1
2020-01-03 16:09:52.765,12071,12072,12071,1,-1
2020-01-03 16:09:54.764,12071,12072,12071,2,-2
2020-01-03 16:09:54.764,12071,12072,12071,2,-2
2020-01-03 16:09:55.629,12070,12071,12070,1,-1
2020-01-03 16:09:57.783,12070,12071,12070,1,-1
2020-01-03 16:09:59.674,12070,12071,12071,1,1
2020-01-03 16:10:00.010,12071,12072,12071,1,-1
2020-01-03 16:10:00.913,12071,12072,12071,1,-1
2020-01-03 16:10:01.069,12070,12072,12072,2,2
2020-01-03 16:10:02.346,12070,12071,12070,2,-2
2020-01-03 16:10:02.346,12070,12071,12070,10,-10
2020-01-03 16:10:02.346,12070,12071,12070,1,-1
2020-01-03 16:10:02.346,12070,12071,12070,3,-3
2020-01-03 16:10:02.417,12070,12071,12070,1,-1
2020-01-03 16:10:03.726,12069,12070,12069,1,-1
2020-01-03 16:10:04.507,12068,12070,12068,1,-1
2020-01-03 16:10:09.546,12069,12070,12069,1,1
2020-01-03 16:10:12.999,12069,12070,12069,1,-1
2020-01-03 16:10:23.673,12069,12070,12069,2,-2
2020-01-03 16:10:24.611,12069,12070,12069,1,-1
2020-01-03 16:10:25.495,12069,12070,12069,17,-17
2020-01-03 16:10:26.861,12068,12069,12068,1,-1
2020-01-03 16:10:27.044,12068,12069,12068,10,-10
2020-01-03 16:10:27.762,12067,12068,12067,1,-1
2020-01-03 16:10:29.783,12066,12068,12067,1,-1
2020-01-03 16:10:30.780,12067,12068,12067,1,-1
2020-01-03 16:10:31.001,12067,12068,12067,1,-1
2020-01-03 16:10:32.973,12067,12068,12067,1,-1
2020-01-03 16:10:33.120,12067,12068,12068,1,1
2020-01-03 16:10:35.041,12067,12068,12067,2,-2
2020-01-03 16:10:36.032,12067,12068,12067,1,-1
2020-01-03 16:10:36.088,12067,12068,12067,1,-1
2020-01-03 16:10:38.140,12067,12068,12067,1,-1
2020-01-03 16:10:39.521,12067,12068,12067,1,-1
2020-01-03 16:10:42.090,12067,12068,12067,1,-1
2020-01-03 16:10:46.369,12067,12068,12067,1,-1
2020-01-03 16:10:50.662,12067,12068,12068,1,1
2020-01-03 16:10:52.097,12067,12068,12068,1,1
2020-01-03 16:10:57.681,12068,12069,12068,1,-1
2020-01-03 16:11:01.465,12068,12069,12068,4,-4
2020-01-03 16:11:03.380,12067,12068,12068,1,1
2020-01-03 16:11:08.261,12067,12068,12067,1,-1
2020-01-03 16:11:10.556,12068,12069,12068,1,1
2020-01-03 16:11:15.744,12068,12069,12069,8,8
2020-01-03 16:11:18.788,12069,12070,12070,2,2
2020-01-03 16:11:19.267,12069,12070,12070,1,1
2020-01-03 16:11:28.830,12070,12071,12070,5,-5
2020-01-03 16:11:31.562,12069,12070,12070,1,1
2020-01-03 16:11:34.650,12069,12070,12070,1,1
2020-01-03 16:11:38.426,12070,12071,12070,1,-1
2020-01-03 16:11:40.054,12070,12071,12070,1,-1
2020-01-03 16:11:40.973,12070,12071,12070,1,-1
2020-01-03 16:11:41.165,12069,12071,12070,1,-1
2020-01-03 16:11:44.428,12069,12070,12070,1,1
2020-01-03 16:11:49.065,12069,12070,12070,8,8
2020-01-03 16:11:50.063,12070,12071,12070,1,-1
2020-01-03 16:11:50.562,12070,12071,12070,1,-1
2020-01-03 16:11:53.461,12069,12070,12070,2,2
2020-01-03 16:11:55.263,12070,12071,12070,1,-1
2020-01-03 16:11:58.840,12070,12071,12070,1,-1
2020-01-03 16:12:00.108,12070,12071,12070,1,-1
2020-01-03 16:12:01.252,12070,12071,12070,1,-1
2020-01-03 16:12:02.500,12069,12070,12069,1,-1
2020-01-03 16:12:03.579,12069,12070,12070,5,5
2020-01-03 16:12:21.253,12069,12070,12070,1,1
2020-01-03 16:12:23.505,12069,12070,12070,1,1
2020-01-03 16:12:25.243,12069,12070,12069,2,-2
2020-01-03 16:12:28.854,12069,12070,12070,2,2
2020-01-03 16:12:40.532,12070,12071,12070,1,-1
2020-01-03 16:12:45.906,12070,12071,12070,1,-1
2020-01-03 16:12:48.845,12070,12071,12070,4,-4
2020-01-03 16:12:49.021,12069,12070,12070,1,1
2020-01-03 16:12:57.866,12069,12070,12069,10,-10
2020-01-03 16:13:00.103,12068,12069,12068,1,-1
2020-01-03 16:13:02.048,12069,12070,12069,1,1
2020-01-03 16:13:44.027,12069,12070,12069,2,-2
2020-01-03 16:14:00.204,12068,12069,12068,1,-1
2020-01-03 16:14:00.204,12068,12069,12069,1,1
2020-01-03 16:14:02.394,12068,12069,12069,2,2
2020-01-03 16:14:26.796,12069,12070,12069,1,-1
2020-01-03 16:14:26.838,12069,12070,12070,1,1
2020-01-03 16:14:26.844,12069,12070,12070,1,1
2020-01-03 16:14:49.046,12069,12070,12070,2,2
2020-01-03 16:14:49.519,12069,12070,12070,5,5
2020-01-03 16:14:50.335,12069,12070,12070,4,4
2020-01-03 16:14:50.540,12070,12071,12070,1,-1
2020-01-03 16:14:57.186,12070,12071,12070,1,-1
2020-01-03 16:15:08.824,12070,12071,12070,4,-4
2020-01-03 16:15:09.655,12069,12070,12069,2,-2
2020-01-03 16:15:17.199,12069,12070,12069,2,-2
2020-01-03 16:15:21.826,12068,12070,12070,3,3
2020-01-03 16:15:25.502,12069,12070,12069,2,-2
2020-01-03 16:15:33.106,12069,12070,12070,12,12
2020-01-03 16:15:35.976,12069,12070,12069,10,-10
2020-01-03 16:15:42.533,12069,12070,12069,1,-1
2020-01-03 16:15:51.165,12069,12070,12069,2,-2
2020-01-03 16:15:51.458,12068,12069,12069,1,1
2020-01-03 16:15:53.014,12068,12069,12069,3,3
2020-01-03 16:16:06.340,12069,12070,12070,1,1
2020-01-03 16:16:06.349,12069,12070,12070,1,1
2020-01-03 16:16:06.375,12069,12070,12070,1,1
2020-01-03 16:16:06.449,12069,12070,12070,4,4
2020-01-03 16:16:13.817,12069,12071,12069,1,-1
2020-01-03 16:16:21.682,12069,12070,12069,1,-1
2020-01-03 16:16:21.890,12069,12070,12070,1,1
2020-01-03 16:16:22.879,12069,12070,12070,1,1
2020-01-03 16:16:24.336,12069,12070,12069,1,-1
2020-01-03 16:16:24.594,12069,12070,12070,1,1
2020-01-03 16:16:27.226,12069,12070,12070,1,1
2020-01-03 16:16:32.190,12069,12070,12070,2,2
2020-01-03 16:16:35.319,12069,12070,12070,1,1
2020-01-03 16:16:44.904,12069,12070,12070,1,1
2020-01-03 16:16:45.778,12069,12070,12070,2,2
2020-01-03 16:16:52.951,12069,12070,12070,1,1
2020-01-03 16:16:52.951,12069,12070,12070,4,4
2020-01-03 16:17:14.606,12070,12071,12070,1,-1
2020-01-03 16:17:15.882,12070,12071,12071,1,1
2020-01-03 16:17:16.236,12070,12071,12070,1,-1
2020-01-03 16:17:34.502,12069,12070,12070,4,4
2020-01-03 16:17:38.916,12069,12070,12070,1,1
2020-01-03 16:17:58.377,12069,12070,12069,1,-1
2020-01-03 16:18:00.324,12069,12070,12069,20,-20
2020-01-03 16:18:00.449,12069,12070,12069,2,-2
2020-01-03 16:18:01.283,12068,12069,12068,1,-1
2020-01-03 16:18:07.674,12068,12069,12068,2,-2
2020-01-03 16:18:14.505,12068,12069,12068,1,-1
2020-01-03 16:18:18.665,12068,12069,12069,1,1
2020-01-03 16:18:28.927,12068,12069,12069,2,2
2020-01-03 16:18:35.324,12069,12070,12069,1,-1
2020-01-03 16:18:40.886,12069,12070,12070,4,4
2020-01-03 16:18:40.949,12069,12070,12070,8,8
2020-01-03 16:18:49.114,12070,12071,12070,1,-1
2020-01-03 16:18:50.882,12069,12070,12070,1,1
2020-01-03 16:19:04.525,12069,12070,12070,1,1
2020-01-03 16:19:04.525,12069,12070,12070,2,2
2020-01-03 16:19:05.422,12070,12071,12071,1,1
2020-01-03 16:19:06.608,12070,12071,12071,1,1
2020-01-03 16:19:16.434,12070,12071,12071,1,1
2020-01-03 16:19:18.991,12070,12071,12070,1,-1
2020-01-03 16:19:24.553,12070,12071,12071,1,1
2020-01-03 16:19:24.574,12070,12071,12071,3,3
2020-01-03 16:19:24.623,12070,12071,12071,40,40
2020-01-03 16:19:24.825,12071,12072,12072,1,1
2020-01-03 16:19:24.841,12071,12072,12072,1,1
2020-01-03 16:19:24.867,12071,12072,12072,4,4
2020-01-03 16:19:24.867,12071,12072,12072,2,2
2020-01-03 16:19:29.393,12072,12073,12073,1,1
2020-01-03 16:19:29.393,12072,12073,12073,5,5
2020-01-03 16:19:29.393,12072,12073,12073,1,1
2020-01-03 16:19:29.393,12072,12073,12073,1,1
2020-01-03 16:19:29.476,12073,12074,12074,1,1
2020-01-03 16:19:29.489,12073,12074,12074,2,2
2020-01-03 16:19:29.548,12073,12074,12074,1,1
2020-01-03 16:19:29.625,12073,12074,12074,1,1
2020-01-03 16:19:29.640,12073,12074,12074,3,3
2020-01-03 16:19:30.652,12073,12074,12074,4,4
2020-01-03 16:19:30.652,12073,12074,12075,3,3
2020-01-03 16:19:30.738,12073,12075,12075,2,2
2020-01-03 16:19:30.738,12073,12075,12075,3,3
2020-01-03 16:19:30.740,12073,12075,12075,10,10
2020-01-03 16:19:30.748,12073,12075,12075,5,5
2020-01-03 16:19:30.758,12073,12075,12075,1,1
2020-01-03 16:19:30.875,12073,12075,12075,1,1
2020-01-03 16:19:32.066,12074,12075,12075,1,1
2020-01-03 16:19:32.788,12074,12075,12075,1,1
2020-01-03 16:19:32.823,12074,12075,12075,1,1
2020-01-03 16:19:32.824,12074,12075,12075,2,2
2020-01-03 16:19:36.486,12074,12075,12075,1,1
2020-01-03 16:19:36.486,12074,12075,12076,1,1
2020-01-03 16:19:36.892,12074,12075,12075,1,1
2020-01-03 16:19:37.309,12074,12076,12075,1,-1
2020-01-03 16:19:40.198,12074,12075,12075,1,1
2020-01-03 16:19:41.303,12074,12075,12074,1,-1
2020-01-03 16:19:42.489,12074,12075,12075,1,1
2020-01-03 16:19:42.956,12074,12075,12074,1,-1
2020-01-03 16:19:47.574,12074,12075,12074,2,-2
2020-01-03 16:19:47.575,12074,12075,12074,3,-3
2020-01-03 16:19:48.457,12073,12074,12074,1,1
2020-01-03 16:19:50.039,12073,12074,12073,1,-1
2020-01-03 16:19:55.479,12073,12074,12074,1,1
2020-01-03 16:19:55.479,12073,12074,12075,1,1
2020-01-03 16:19:56.420,12073,12075,12075,1,1
2020-01-03 16:20:00.118,12073,12075,12075,1,1
2020-01-03 16:20:05.209,12073,12074,12073,1,-1
2020-01-03 16:20:13.314,12073,12074,12074,1,1
2020-01-03 16:20:13.919,12073,12074,12074,5,5
2020-01-03 16:20:17.002,12073,12074,12074,1,1
2020-01-03 16:20:22.190,12073,12074,12073,5,-5
2020-01-03 16:20:22.190,12073,12074,12073,3,-3
2020-01-03 16:20:27.150,12072,12073,12073,1,1
2020-01-03 16:20:35.020,12072,12073,12073,1,1
2020-01-03 16:20:36.001,12072,12073,12073,4,4
2020-01-03 16:20:38.777,12072,12073,12073,10,10
2020-01-03 16:20:55.132,12073,12074,12073,1,-1
2020-01-03 16:20:56.790,12073,12074,12073,3,-3
2020-01-03 16:20:59.007,12073,12074,12073,1,-1
2020-01-03 16:20:59.603,12073,12074,12073,1,-1
2020-01-03 16:21:09.417,12073,12074,12073,2,-2
2020-01-03 16:21:10.387,12073,12074,12073,1,-1
2020-01-03 16:21:12.369,12073,12074,12073,2,-2
2020-01-03 16:21:14.463,12073,12074,12073,11,-11
2020-01-03 16:21:16.753,12072,12073,12073,2,2
2020-01-03 16:21:21.621,12072,12073,12073,3,3
2020-01-03 16:21:28.699,12073,12074,12073,3,-3
2020-01-03 16:21:31.943,12073,12074,12073,1,-1
2020-01-03 16:21:39.913,12072,12073,12073,6,6
2020-01-03 16:21:39.913,12072,12073,12074,6,6
2020-01-03 16:21:40.496,12072,12074,12074,3,3
2020-01-03 16:21:48.575,12073,12074,12074,1,1
2020-01-03 16:22:05.750,12073,12074,12073,1,-1
2020-01-03 16:22:05.750,12073,12074,12073,1,-1
2020-01-03 16:22:05.824,12073,12074,12073,2,-2
2020-01-03 16:22:05.824,12073,12074,12073,3,-3
2020-01-03 16:22:05.825,12073,12074,12073,1,-1
2020-01-03 16:22:05.826,12073,12074,12073,4,-4
2020-01-03 16:22:05.949,12073,12074,12073,1,-1
2020-01-03 16:22:06.564,12072,12073,12072,3,-3
2020-01-03 16:22:10.794,12072,12073,12072,8,-8
2020-01-03 16:22:14.450,12072,12073,12072,13,-13
2020-01-03 16:22:58.971,12071,12072,12072,1,1
2020-01-03 16:22:59.074,12071,12072,12072,1,1
2020-01-03 16:23:23.270,12072,12073,12072,1,-1
2020-01-03 16:23:37.028,12072,12073,12073,1,1
2020-01-03 16:23:38.825,12072,12073,12072,3,-3
2020-01-03 16:23:55.071,12071,12072,12072,1,1
2020-01-03 16:24:02.716,12071,12072,12072,1,1
2020-01-03 16:24:02.717,12071,12072,12072,2,2
2020-01-03 16:24:02.717,12071,12072,12072,3,3
2020-01-03 16:24:03.730,12072,12074,12072,2,-2
2020-01-03 16:24:29.655,12072,12073,12073,1,1
2020-01-03 16:24:48.878,12073,12074,12074,1,1
2020-01-03 16:24:49.597,12073,12074,12074,2,2
2020-01-03 16:24:50.200,12073,12074,12073,1,-1
2020-01-03 16:24:50.829,12073,12074,12073,1,-1
2020-01-03 16:24:51.734,12073,12074,12074,10,10
2020-01-03 16:24:56.805,12073,12074,12074,4,4
2020-01-03 16:24:57.097,12073,12074,12074,4,4
2020-01-03 16:25:00.053,12073,12074,12074,2,2
2020-01-03 16:25:01.022,12073,12074,12073,1,-1
2020-01-03 16:25:06.832,12073,12074,12073,2,-2
2020-01-03 16:25:08.098,12072,12073,12073,3,3
2020-01-03 16:25:08.214,12072,12073,12073,2,2
2020-01-03 16:25:13.641,12072,12074,12074,5,5
2020-01-03 16:25:14.539,12072,12074,12074,8,8
2020-01-03 16:25:18.197,12072,12073,12073,1,1
2020-01-03 16:25:23.037,12072,12073,12072,10,-10
2020-01-03 16:25:23.074,12072,12073,12072,3,-3
2020-01-03 16:25:27.454,12071,12073,12071,1,-1
2020-01-03 16:25:28.681,12072,12073,12072,1,1
2020-01-03 16:25:44.215,12072,12073,12073,3,3
2020-01-03 16:25:44.324,12072,12073,12073,13,13
2020-01-03 16:25:44.324,12072,12073,12073,1,1
2020-01-03 16:25:44.610,12073,12074,12074,6,6
2020-01-03 16:26:01.772,12074,12075,12074,1,-1
2020-01-03 16:26:02.151,12074,12075,12075,1,1
2020-01-03 16:26:02.226,12074,12075,12075,15,15
2020-01-03 16:26:02.379,12074,12075,12075,1,1
2020-01-03 16:26:09.008,12074,12075,12075,1,1
2020-01-03 16:26:09.110,12074,12075,12075,1,1
2020-01-03 16:26:10.543,12075,12076,12075,1,-1
2020-01-03 16:26:11.618,12075,12076,12075,1,-1
2020-01-03 16:26:21.454,12074,12075,12075,1,1
2020-01-03 16:26:24.596,12074,12075,12075,2,2
2020-01-03 16:26:25.999,12075,12076,12075,3,-3
2020-01-03 16:26:36.288,12075,12076,12076,1,1
2020-01-03 16:26:42.395,12075,12076,12076,5,5
2020-01-03 16:26:42.710,12075,12076,12075,1,-1
2020-01-03 16:26:43.045,12075,12076,12076,5,5
2020-01-03 16:26:53.733,12075,12076,12076,1,1
2020-01-03 16:26:56.746,12075,12076,12076,5,5
2020-01-03 16:26:57.937,12075,12076,12076,2,2
2020-01-03 16:26:59.606,12075,12076,12076,2,2
2020-01-03 16:27:04.264,12075,12076,12076,1,1
2020-01-03 16:27:04.484,12075,12076,12076,1,1
2020-01-03 16:27:05.507,12075,12076,12076,5,5
2020-01-03 16:27:06.044,12076,12077,12076,1,-1
2020-01-03 16:27:11.325,12076,12077,12077,12,12
2020-01-03 16:27:11.556,12077,12078,12078,1,1
2020-01-03 16:27:11.627,12077,12078,12078,1,1
2020-01-03 16:27:15.315,12077,12078,12078,4,4
2020-01-03 16:27:17.007,12077,12078,12078,1,1
2020-01-03 16:27:18.805,12077,12078,12077,1,-1
2020-01-03 16:27:22.226,12077,12078,12078,8,8
