2024-02-20 15:00:00.101,18772,18773,18773,104,104
2024-02-20 15:00:00.102,18773,18774,18773,3,-3
2024-02-20 15:00:00.102,18773,18774,18774,2,2
2024-02-20 15:00:00.103,18773,18774,18772,7,-7
2024-02-20 15:00:00.103,18773,18774,18774,2,2
2024-02-20 15:00:00.110,18773,18774,18774,2,2
2024-02-20 15:00:00.110,18773,18774,18774,1,1
2024-02-20 15:00:00.157,18771,18774,18774,2,2
2024-02-20 15:00:00.157,18771,18774,18775,3,3
2024-02-20 15:00:00.159,18771,18774,18775,2,2
2024-02-20 15:00:00.168,18771,18775,18775,1,1
2024-02-20 15:00:00.191,18771,18775,18773,3,3
2024-02-20 15:00:00.194,18771,18775,18773,3,3
2024-02-20 15:00:00.194,18771,18775,18773,1,1
2024-02-20 15:00:00.197,18771,18775,18771,2,-2
2024-02-20 15:00:00.213,18771,18775,18771,1,-1
2024-02-20 15:00:00.251,18771,18775,18774,1,1
2024-02-20 15:00:00.258,18771,18775,18774,1,1
2024-02-20 15:00:00.282,18772,18774,18772,1,-1
2024-02-20 15:00:00.282,18772,18774,18771,1,-1
2024-02-20 15:00:00.282,18772,18774,18774,2,2
2024-02-20 15:00:00.282,18772,18774,18775,3,3
2024-02-20 15:00:00.334,18772,18774,18773,1,1
2024-02-20 15:00:00.357,18772,18774,18773,1,1
2024-02-20 15:00:00.365,18772,18774,18774,1,1
2024-02-20 15:00:00.370,18772,18774,18774,1,1
2024-02-20 15:00:00.370,18772,18774,18775,1,1
2024-02-20 15:00:00.385,18772,18774,18775,1,1
2024-02-20 15:00:00.391,18772,18774,18775,1,1
2024-02-20 15:00:00.401,18772,18774,18775,1,1
2024-02-20 15:00:00.406,18772,18774,18775,1,1
2024-02-20 15:00:00.410,18772,18775,18775,2,2
2024-02-20 15:00:00.411,18772,18775,18776,1,1
2024-02-20 15:00:00.426,18772,18775,18773,1,-1
2024-02-20 15:00:00.447,18772,18775,18772,1,-1
2024-02-20 15:00:00.457,18772,18775,18772,1,-1
2024-02-20 15:00:00.467,18772,18775,18772,1,-1
2024-02-20 15:00:00.467,18772,18775,18771,2,-2
2024-02-20 15:00:00.511,18772,18775,18774,1,1
2024-02-20 15:00:00.529,18772,18775,18774,1,1
2024-02-20 15:00:00.577,18772,18774,18772,1,-1
2024-02-20 15:00:00.579,18772,18774,18774,1,1
2024-02-20 15:00:00.590,18772,18774,18775,1,1
2024-02-20 15:00:00.640,18772,18774,18775,1,1
2024-02-20 15:00:00.649,18772,18774,18775,1,1
2024-02-20 15:00:00.652,18772,18774,18774,1,1
2024-02-20 15:00:00.653,18772,18774,18775,1,1
2024-02-20 15:00:00.658,18773,18775,18775,1,1
2024-02-20 15:00:00.666,18773,18775,18775,1,1
2024-02-20 15:00:00.685,18773,18775,18776,1,1
2024-02-20 15:00:00.710,18773,18775,18776,1,1
2024-02-20 15:00:00.767,18773,18775,18774,2,2
2024-02-20 15:00:00.781,18773,18775,18776,1,1
2024-02-20 15:00:00.820,18773,18776,18776,1,1
2024-02-20 15:00:00.857,18773,18776,18776,1,1
2024-02-20 15:00:00.858,18773,18776,18776,1,1
2024-02-20 15:00:00.924,18774,18776,18776,1,1
2024-02-20 15:00:00.927,18774,18776,18776,1,1
2024-02-20 15:00:00.930,18774,18776,18775,1,1
2024-02-20 15:00:00.930,18774,18776,18775,1,1
2024-02-20 15:00:00.953,18774,18776,18775,1,1
2024-02-20 15:00:00.996,18774,18776,18775,1,1
2024-02-20 15:00:01.010,18774,18776,18776,1,1
2024-02-20 15:00:01.034,18775,18776,18775,1,-1
2024-02-20 15:00:01.047,18775,18776,18776,2,2
2024-02-20 15:00:01.115,18775,18776,18776,1,1
2024-02-20 15:00:01.121,18775,18776,18776,1,1
2024-02-20 15:00:01.152,18775,18776,18777,1,1
2024-02-20 15:00:01.225,18775,18777,18777,1,1
2024-02-20 15:00:01.226,18775,18777,18777,2,2
2024-02-20 15:00:01.229,18775,18777,18777,1,1
2024-02-20 15:00:01.322,18775,18777,18777,1,1
2024-02-20 15:00:01.328,18775,18777,18777,1,1
2024-02-20 15:00:01.370,18775,18777,18777,3,3
2024-02-20 15:00:01.522,18775,18777,18777,1,1
2024-02-20 15:00:01.563,18775,18777,18777,4,4
2024-02-20 15:00:01.640,18775,18777,18776,1,1
2024-02-20 15:00:01.641,18775,18777,18777,1,1
2024-02-20 15:00:01.708,18776,18777,18776,1,-1
2024-02-20 15:00:01.709,18776,18777,18775,5,-5
2024-02-20 15:00:01.995,18774,18777,18774,2,-2
2024-02-20 15:00:01.995,18774,18777,18773,7,-7
2024-02-20 15:00:02.063,18773,18775,18773,1,-1
2024-02-20 15:00:02.121,18773,18775,18775,1,1
2024-02-20 15:00:02.124,18773,18775,18775,1,1
2024-02-20 15:00:02.181,18773,18775,18775,1,1
2024-02-20 15:00:02.303,18773,18775,18775,2,2
2024-02-20 15:00:02.641,18774,18775,18775,1,1
2024-02-20 15:00:02.673,18774,18776,18776,1,1
2024-02-20 15:00:03.048,18774,18776,18774,6,-6
2024-02-20 15:00:03.368,18773,18774,18774,1,1
2024-02-20 15:00:03.368,18773,18774,18775,2,2
2024-02-20 15:00:03.368,18773,18774,18776,7,7
2024-02-20 15:00:03.368,18773,18774,18777,5,5
2024-02-20 15:00:03.374,18773,18774,18776,2,2
2024-02-20 15:00:03.374,18773,18774,18777,4,4
2024-02-20 15:00:03.387,18773,18774,18775,1,1
2024-02-20 15:00:03.556,18774,18776,18776,5,5
2024-02-20 15:00:03.598,18774,18776,18775,1,1
2024-02-20 15:00:03.753,18774,18776,18775,1,1
2024-02-20 15:00:04.455,18775,18776,18775,1,-1
2024-02-20 15:00:04.767,18775,18776,18775,4,-4
2024-02-20 15:00:04.767,18775,18776,18774,4,-4
2024-02-20 15:00:05.482,18773,18775,18773,1,-1
2024-02-20 15:00:06.199,18773,18774,18773,3,-3
2024-02-20 15:00:06.199,18773,18774,18773,1,-1
2024-02-20 15:00:06.304,18772,18773,18772,2,-2
2024-02-20 15:00:06.304,18772,18773,18772,4,-4
2024-02-20 15:00:06.379,18772,18773,18771,3,-3
2024-02-20 15:00:07.035,18772,18773,18773,2,2
2024-02-20 15:00:07.457,18772,18773,18773,1,1
2024-02-20 15:00:08.055,18773,18774,18773,8,-8
2024-02-20 15:00:08.148,18773,18774,18772,5,-5
2024-02-20 15:00:09.090,18771,18773,18772,1,-1
2024-02-20 15:00:09.127,18771,18773,18771,1,-1
2024-02-20 15:00:09.515,18771,18773,18773,1,1
2024-02-20 15:00:10.436,18772,18774,18774,3,3
2024-02-20 15:00:10.437,18772,18774,18774,6,6
2024-02-20 15:00:10.452,18772,18774,18775,2,2
2024-02-20 15:00:10.730,18775,18776,18775,1,-1
2024-02-20 15:00:10.737,18775,18776,18775,1,-1
2024-02-20 15:00:10.741,18775,18776,18775,1,-1
2024-02-20 15:00:10.742,18775,18776,18775,1,-1
2024-02-20 15:00:10.746,18775,18776,18775,1,-1
2024-02-20 15:00:10.752,18775,18776,18775,1,-1
2024-02-20 15:00:10.777,18775,18776,18774,1,-1
2024-02-20 15:00:11.931,18774,18775,18774,9,-9
2024-02-20 15:00:14.043,18774,18775,18774,2,-2
2024-02-20 15:00:15.352,18773,18775,18775,2,2
2024-02-20 15:00:15.431,18773,18775,18775,1,1
2024-02-20 15:00:15.507,18773,18775,18773,2,-2
2024-02-20 15:00:15.508,18773,18775,18773,8,-8
2024-02-20 15:00:15.509,18773,18775,18774,4,-4
2024-02-20 15:00:15.676,18773,18775,18775,1,1
2024-02-20 15:00:15.716,18773,18775,18775,1,1
2024-02-20 15:00:15.953,18773,18775,18775,1,1
2024-02-20 15:00:15.995,18773,18775,18773,9,-9
2024-02-20 15:00:16.600,18774,18775,18774,15,-15
2024-02-20 15:00:16.830,18773,18774,18774,2,2
2024-02-20 15:00:17.064,18773,18775,18775,5,5
2024-02-20 15:00:17.296,18774,18776,18774,11,-11
2024-02-20 15:00:17.296,18774,18776,18773,4,-4
2024-02-20 15:00:21.629,18773,18775,18775,1,1
2024-02-20 15:00:21.680,18773,18775,18775,14,14
2024-02-20 15:00:21.681,18773,18775,18775,2,2
2024-02-20 15:00:22.267,18774,18776,18774,2,-2
2024-02-20 15:00:22.867,18774,18776,18774,14,-14
2024-02-20 15:00:22.867,18774,18776,18775,3,-3
2024-02-20 15:00:23.617,18774,18775,18774,2,-2
2024-02-20 15:00:23.617,18774,18775,18774,7,-7
2024-02-20 15:00:23.916,18774,18775,18775,1,1
2024-02-20 15:00:24.157,18774,18775,18774,3,-3
2024-02-20 15:00:24.752,18774,18775,18774,1,-1
2024-02-20 15:00:25.361,18774,18775,18775,1,1
2024-02-20 15:00:25.362,18774,18775,18774,3,-3
2024-02-20 15:00:25.626,18773,18775,18775,1,1
2024-02-20 15:00:25.694,18773,18775,18773,2,-2
2024-02-20 15:00:25.771,18773,18775,18773,1,-1
2024-02-20 15:00:27.195,18773,18774,18773,1,-1
2024-02-20 15:00:27.195,18773,18774,18773,3,-3
2024-02-20 15:00:27.765,18772,18773,18773,2,2
2024-02-20 15:00:28.868,18773,18774,18774,1,1
2024-02-20 15:00:29.084,18773,18774,18774,2,2
2024-02-20 15:00:30.120,18773,18775,18774,1,1
2024-02-20 15:00:32.619,18773,18775,18775,16,16
2024-02-20 15:00:32.620,18773,18775,18774,2,2
2024-02-20 15:00:32.620,18773,18775,18774,1,1
2024-02-20 15:00:32.620,18773,18775,18775,6,6
2024-02-20 15:00:32.662,18774,18776,18776,12,12
2024-02-20 15:00:32.662,18774,18776,18776,2,2
2024-02-20 15:00:33.258,18775,18777,18775,1,-1
2024-02-20 15:00:33.916,18775,18777,18775,1,-1
2024-02-20 15:00:33.955,18775,18777,18775,1,-1
2024-02-20 15:00:34.162,18775,18777,18775,2,-2
2024-02-20 15:00:34.172,18775,18777,18777,3,3
2024-02-20 15:00:34.396,18775,18777,18775,1,-1
2024-02-20 15:00:35.891,18775,18777,18775,1,-1
2024-02-20 15:00:36.749,18775,18777,18775,1,-1
2024-02-20 15:00:37.640,18775,18777,18776,1,-1
2024-02-20 15:00:39.936,18775,18776,18776,5,5
2024-02-20 15:00:40.154,18775,18776,18775,4,-4
2024-02-20 15:00:41.302,18774,18775,18775,2,2
2024-02-20 15:00:41.316,18774,18775,18776,2,2
2024-02-20 15:00:41.317,18774,18775,18776,2,2
2024-02-20 15:00:42.383,18774,18776,18776,4,4
2024-02-20 15:00:42.513,18774,18776,18776,5,5
2024-02-20 15:00:43.480,18774,18776,18775,1,1
2024-02-20 15:00:46.031,18774,18775,18775,2,2
2024-02-20 15:00:47.941,18774,18775,18774,7,-7
2024-02-20 15:00:47.942,18774,18775,18774,1,-1
2024-02-20 15:00:48.074,18773,18774,18773,4,-4
2024-02-20 15:00:48.074,18773,18774,18773,1,-1
2024-02-20 15:00:48.075,18773,18774,18773,3,-3
2024-02-20 15:00:48.152,18773,18774,18774,1,1
2024-02-20 15:00:49.487,18772,18774,18774,15,15
2024-02-20 15:00:49.487,18772,18774,18775,19,19
2024-02-20 15:00:49.487,18772,18774,18776,6,6
2024-02-20 15:00:49.487,18772,18774,18774,2,2
2024-02-20 15:00:51.487,18774,18775,18774,1,-1
2024-02-20 15:00:53.156,18772,18774,18774,1,1
2024-02-20 15:00:59.880,18772,18773,18773,1,1
2024-02-20 15:00:59.887,18772,18773,18773,1,1
2024-02-20 15:00:59.896,18772,18773,18773,1,1
2024-02-20 15:00:59.937,18772,18773,18773,2,2
2024-02-20 15:01:00.066,18772,18774,18774,1,1
2024-02-20 15:01:00.070,18772,18774,18774,6,6
2024-02-20 15:01:00.071,18772,18774,18774,7,7
2024-02-20 15:01:00.128,18772,18774,18775,1,1
2024-02-20 15:01:00.247,18774,18775,18776,1,1
2024-02-20 15:01:00.679,18774,18776,18776,2,2
2024-02-20 15:01:00.746,18774,18776,18776,4,4
2024-02-20 15:01:00.747,18774,18776,18775,2,2
2024-02-20 15:01:00.954,18774,18776,18776,2,2
2024-02-20 15:01:01.787,18774,18776,18776,2,2
2024-02-20 15:01:02.427,18774,18776,18776,1,1
2024-02-20 15:01:04.184,18775,18776,18775,1,-1
2024-02-20 15:01:04.521,18774,18775,18775,1,1
2024-02-20 15:01:04.521,18774,18775,18776,4,4
2024-02-20 15:01:06.050,18775,18776,18775,1,-1
2024-02-20 15:01:11.613,18774,18776,18774,1,-1
2024-02-20 15:01:11.660,18774,18776,18776,1,1
2024-02-20 15:01:11.660,18774,18776,18776,1,1
2024-02-20 15:01:12.449,18775,18776,18776,2,2
2024-02-20 15:01:13.750,18775,18776,18776,1,1
2024-02-20 15:01:13.750,18775,18776,18776,3,3
2024-02-20 15:01:13.751,18775,18776,18776,2,2
2024-02-20 15:01:13.837,18776,18777,18776,1,-1
2024-02-20 15:01:14.963,18776,18777,18776,1,-1
2024-02-20 15:01:18.643,18776,18777,18777,2,2
2024-02-20 15:01:18.686,18776,18777,18777,5,5
2024-02-20 15:01:23.526,18777,18778,18778,1,1
2024-02-20 15:01:23.526,18777,18778,18778,2,2
2024-02-20 15:01:23.526,18777,18778,18778,2,2
2024-02-20 15:01:23.526,18777,18778,18778,2,2
2024-02-20 15:01:23.526,18777,18778,18778,1,1
2024-02-20 15:01:23.527,18777,18778,18778,1,1
2024-02-20 15:01:23.527,18777,18778,18778,1,1
2024-02-20 15:01:23.527,18777,18778,18778,2,2
2024-02-20 15:01:23.535,18778,18779,18779,1,1
2024-02-20 15:01:23.537,18778,18779,18779,1,1
2024-02-20 15:01:23.537,18778,18779,18779,1,1
2024-02-20 15:01:23.539,18778,18779,18779,1,1
2024-02-20 15:01:23.675,18779,18780,18779,3,-3
2024-02-20 15:01:23.675,18779,18780,18779,1,-1
2024-02-20 15:01:23.713,18779,18780,18780,2,2
2024-02-20 15:01:23.723,18779,18780,18780,2,2
2024-02-20 15:01:23.723,18779,18780,18780,2,2
2024-02-20 15:01:23.826,18779,18780,18779,3,-3
2024-02-20 15:01:24.218,18778,18780,18778,1,-1
2024-02-20 15:01:24.632,18778,18780,18780,1,1
2024-02-20 15:01:26.600,18778,18780,18780,1,1
2024-02-20 15:01:27.791,18778,18780,18780,1,1
2024-02-20 15:01:27.909,18778,18780,18780,1,1
2024-02-20 15:01:27.915,18778,18780,18780,1,1
2024-02-20 15:01:28.872,18778,18780,18780,1,1
2024-02-20 15:01:29.757,18778,18780,18779,5,5
2024-02-20 15:01:29.846,18778,18779,18778,2,-2
2024-02-20 15:01:29.846,18778,18779,18777,1,-1
2024-02-20 15:01:29.939,18777,18779,18779,1,1
2024-02-20 15:01:32.303,18778,18780,18780,2,2
2024-02-20 15:01:32.781,18778,18780,18780,1,1
2024-02-20 15:01:33.260,18778,18779,18779,1,1
2024-02-20 15:01:33.260,18778,18779,18779,1,1
2024-02-20 15:01:34.710,18778,18779,18779,4,4
2024-02-20 15:01:35.373,18778,18779,18779,3,3
2024-02-20 15:01:36.412,18778,18779,18779,1,1
2024-02-20 15:01:36.412,18778,18779,18780,2,2
2024-02-20 15:01:37.013,18778,18780,18780,5,5
2024-02-20 15:01:38.701,18779,18780,18780,1,1
2024-02-20 15:01:39.099,18779,18780,18779,1,-1
2024-02-20 15:01:40.499,18779,18780,18780,2,2
2024-02-20 15:01:40.958,18779,18780,18780,5,5
2024-02-20 15:01:41.526,18780,18781,18780,1,-1
2024-02-20 15:01:41.527,18780,18781,18780,1,-1
2024-02-20 15:01:43.530,18779,18781,18780,4,-4
2024-02-20 15:01:44.938,18779,18780,18779,2,-2
2024-02-20 15:01:45.321,18778,18780,18779,1,-1
2024-02-20 15:01:45.403,18778,18780,18778,1,-1
2024-02-20 15:01:46.021,18778,18780,18779,1,-1
2024-02-20 15:01:46.120,18778,18780,18780,5,5
2024-02-20 15:01:46.912,18778,18780,18780,1,1
2024-02-20 15:01:49.970,18779,18780,18780,5,5
2024-02-20 15:01:50.547,18779,18780,18780,3,3
2024-02-20 15:01:50.930,18779,18780,18780,1,1
2024-02-20 15:01:51.185,18779,18780,18780,1,1
2024-02-20 15:01:51.286,18779,18780,18780,1,1
2024-02-20 15:01:52.891,18779,18780,18779,1,-1
2024-02-20 15:01:52.891,18779,18780,18779,5,-5
2024-02-20 15:01:53.208,18778,18779,18778,8,-8
2024-02-20 15:01:55.418,18777,18778,18778,1,1
2024-02-20 15:01:57.425,18777,18778,18778,1,1
2024-02-20 15:01:58.073,18777,18778,18778,1,1
2024-02-20 15:01:59.453,18777,18778,18777,1,-1
2024-02-20 15:01:59.453,18777,18778,18777,6,-6
2024-02-20 15:01:59.453,18777,18778,18777,5,-5
2024-02-20 15:01:59.453,18777,18778,18777,2,-2
2024-02-20 15:01:59.464,18777,18778,18777,1,-1
2024-02-20 15:02:00.437,18776,18778,18778,1,1
2024-02-20 15:02:00.746,18776,18778,18776,4,-4
2024-02-20 15:02:01.020,18776,18778,18778,1,1
2024-02-20 15:02:01.379,18776,18778,18776,1,-1
2024-02-20 15:02:01.972,18777,18778,18777,1,-1
2024-02-20 15:02:02.624,18776,18778,18776,1,-1
2024-02-20 15:02:02.843,18776,18778,18776,1,-1
2024-02-20 15:02:02.856,18776,18778,18776,1,-1
2024-02-20 15:02:03.145,18776,18778,18776,1,-1
2024-02-20 15:02:04.841,18777,18778,18777,1,-1
2024-02-20 15:02:04.959,18777,18778,18777,5,-5
2024-02-20 15:02:06.860,18776,18777,18777,2,2
2024-02-20 15:02:07.213,18776,18777,18777,1,1
2024-02-20 15:02:07.213,18776,18777,18778,3,3
2024-02-20 15:02:09.442,18777,18779,18777,1,-1
2024-02-20 15:02:10.698,18777,18779,18777,2,-2
2024-02-20 15:02:11.120,18777,18779,18777,5,-5
2024-02-20 15:02:15.087,18777,18778,18778,1,1
2024-02-20 15:02:15.087,18777,18778,18778,1,1
2024-02-20 15:02:15.173,18778,18779,18778,1,-1
2024-02-20 15:02:15.369,18778,18779,18778,1,-1
2024-02-20 15:02:15.774,18778,18779,18778,1,-1
2024-02-20 15:02:23.080,18777,18778,18778,1,1
2024-02-20 15:02:26.245,18777,18778,18777,1,-1
2024-02-20 15:02:26.947,18777,18778,18778,1,1
2024-02-20 15:02:27.633,18777,18778,18777,1,-1
2024-02-20 15:02:31.219,18776,18777,18776,2,-2
2024-02-20 15:02:31.701,18776,18777,18776,3,-3
2024-02-20 15:02:31.701,18776,18777,18776,2,-2
2024-02-20 15:02:33.983,18775,18776,18776,1,1
2024-02-20 15:02:35.528,18775,18776,18775,1,-1
2024-02-20 15:02:35.647,18775,18776,18776,1,1
2024-02-20 15:02:40.477,18775,18776,18776,1,1
2024-02-20 15:02:40.477,18775,18776,18777,3,3
2024-02-20 15:02:45.400,18776,18777,18776,1,-1
2024-02-20 15:02:47.199,18776,18777,18777,4,4
2024-02-20 15:02:51.865,18777,18778,18777,1,-1
2024-02-20 15:02:53.711,18777,18778,18778,1,1
2024-02-20 15:02:54.031,18777,18778,18778,3,3
2024-02-20 15:02:54.031,18777,18778,18779,2,2
2024-02-20 15:02:54.590,18777,18779,18777,1,-1
2024-02-20 15:02:59.898,18777,18779,18777,1,-1
2024-02-20 15:03:00.036,18777,18778,18778,1,1
2024-02-20 15:03:00.337,18777,18778,18777,2,-2
2024-02-20 15:03:00.338,18777,18778,18777,6,-6
2024-02-20 15:03:00.475,18776,18777,18777,1,1
2024-02-20 15:03:00.608,18776,18777,18777,1,1
2024-02-20 15:03:00.774,18776,18777,18777,1,1
2024-02-20 15:03:00.928,18776,18777,18777,1,1
2024-02-20 15:03:01.073,18776,18777,18777,1,1
2024-02-20 15:03:01.211,18776,18778,18778,1,1
2024-02-20 15:03:01.459,18776,18778,18778,1,1
2024-02-20 15:03:01.707,18776,18778,18776,1,-1
2024-02-20 15:03:01.729,18776,18778,18777,1,-1
2024-02-20 15:03:01.844,18776,18777,18777,1,1
2024-02-20 15:03:01.915,18776,18778,18776,1,-1
2024-02-20 15:03:01.927,18776,18778,18778,1,1
2024-02-20 15:03:02.154,18776,18778,18778,1,1
2024-02-20 15:03:02.563,18776,18777,18777,1,1
2024-02-20 15:03:02.905,18776,18778,18778,1,1
2024-02-20 15:03:03.114,18776,18778,18778,1,1
2024-02-20 15:03:03.428,18776,18778,18778,1,1
2024-02-20 15:03:03.630,18776,18778,18778,1,1
2024-02-20 15:03:04.648,18776,18778,18776,2,-2
2024-02-20 15:03:08.224,18776,18778,18778,1,1
2024-02-20 15:03:10.765,18776,18778,18778,5,5
2024-02-20 15:03:10.785,18776,18778,18778,1,1
2024-02-20 15:03:13.605,18776,18778,18776,2,-2
2024-02-20 15:03:18.980,18777,18778,18777,1,-1
2024-02-20 15:03:25.082,18776,18777,18777,1,1
2024-02-20 15:03:26.350,18776,18777,18777,1,1
2024-02-20 15:03:26.683,18777,18778,18777,3,-3
2024-02-20 15:03:26.715,18777,18778,18777,1,-1
2024-02-20 15:03:28.557,18776,18778,18776,1,-1
2024-02-20 15:03:28.660,18776,18778,18778,1,1
2024-02-20 15:03:28.661,18776,18778,18778,1,1
2024-02-20 15:03:35.185,18777,18778,18777,1,-1
2024-02-20 15:03:42.850,18777,18778,18778,1,1
2024-02-20 15:03:42.910,18777,18778,18778,1,1
2024-02-20 15:03:46.792,18777,18778,18778,1,1
2024-02-20 15:03:48.169,18777,18778,18778,1,1
2024-02-20 15:03:53.783,18777,18778,18778,1,1
2024-02-20 15:03:59.710,18777,18778,18777,1,-1
2024-02-20 15:03:59.710,18777,18778,18777,3,-3
2024-02-20 15:04:11.152,18777,18778,18778,1,1
2024-02-20 15:04:13.606,18777,18778,18777,1,-1
2024-02-20 15:04:14.214,18777,18778,18777,1,-1
2024-02-20 15:04:15.796,18777,18778,18778,5,5
2024-02-20 15:04:16.573,18777,18778,18778,1,1
2024-02-20 15:04:16.573,18777,18778,18779,4,4
2024-02-20 15:04:19.175,18777,18778,18778,1,1
2024-02-20 15:04:19.653,18777,18779,18777,1,-1
2024-02-20 15:04:28.399,18777,18778,18777,1,-1
2024-02-20 15:04:29.068,18777,18778,18778,1,1
2024-02-20 15:04:29.068,18777,18778,18779,4,4
2024-02-20 15:04:31.811,18777,18779,18779,2,2
2024-02-20 15:04:35.420,18778,18779,18779,1,1
2024-02-20 15:04:35.680,18778,18779,18779,5,5
2024-02-20 15:04:37.848,18778,18779,18779,1,1
2024-02-20 15:04:37.902,18778,18779,18779,2,2
2024-02-20 15:04:38.250,18778,18779,18778,1,-1
2024-02-20 15:04:42.290,18778,18779,18779,5,5
2024-02-20 15:04:45.013,18778,18779,18779,2,2
2024-02-20 15:04:45.015,18778,18779,18779,1,1
2024-02-20 15:04:45.710,18779,18780,18779,2,-2
2024-02-20 15:04:45.896,18779,18780,18780,3,3
2024-02-20 15:04:45.896,18779,18780,18780,2,2
2024-02-20 15:04:45.896,18779,18780,18780,1,1
2024-02-20 15:04:45.897,18779,18780,18780,2,2
2024-02-20 15:04:45.897,18779,18780,18780,1,1
2024-02-20 15:04:45.897,18779,18780,18780,4,4
2024-02-20 15:04:45.897,18779,18780,18780,1,1
2024-02-20 15:04:48.754,18780,18781,18781,9,9
2024-02-20 15:04:48.806,18780,18781,18781,2,2
2024-02-20 15:04:48.807,18780,18781,18781,1,1
2024-02-20 15:04:48.994,18781,18782,18782,5,5
2024-02-20 15:04:50.383,18781,18782,18782,1,1
2024-02-20 15:04:51.232,18781,18782,18782,1,1
2024-02-20 15:04:51.973,18780,18782,18782,2,2
2024-02-20 15:04:52.433,18781,18782,18781,3,-3
2024-02-20 15:04:52.715,18780,18782,18782,2,2
2024-02-20 15:04:53.088,18781,18782,18781,1,-1
2024-02-20 15:04:55.142,18781,18782,18782,2,2
2024-02-20 15:04:56.298,18781,18782,18782,1,1
2024-02-20 15:04:59.283,18781,18782,18782,3,3
2024-02-20 15:05:00.346,18781,18783,18783,2,2
2024-02-20 15:05:00.544,18781,18783,18783,23,23
2024-02-20 15:05:00.574,18781,18783,18784,1,1
2024-02-20 15:05:00.721,18782,18784,18784,1,1
2024-02-20 15:05:00.904,18782,18784,18784,1,1
2024-02-20 15:05:01.157,18782,18784,18784,1,1
2024-02-20 15:05:01.234,18782,18784,18784,1,1
2024-02-20 15:05:01.718,18782,18784,18784,1,1
2024-02-20 15:05:01.807,18782,18784,18784,1,1
2024-02-20 15:05:01.824,18782,18784,18784,1,1
2024-02-20 15:05:01.830,18782,18784,18784,1,1
2024-02-20 15:05:04.269,18781,18782,18782,1,1
2024-02-20 15:05:05.478,18781,18782,18782,1,1
2024-02-20 15:05:05.876,18781,18782,18782,1,1
2024-02-20 15:05:08.450,18781,18782,18782,1,1
2024-02-20 15:05:08.702,18781,18782,18782,1,1
2024-02-20 15:05:11.759,18781,18782,18782,2,2
2024-02-20 15:05:13.451,18781,18783,18783,1,1
2024-02-20 15:05:16.085,18782,18783,18783,1,1
2024-02-20 15:05:16.698,18782,18783,18783,1,1
2024-02-20 15:05:16.985,18782,18783,18783,1,1
2024-02-20 15:05:17.299,18782,18783,18783,1,1
2024-02-20 15:05:18.410,18783,18784,18783,2,-2
2024-02-20 15:05:18.678,18783,18784,18783,2,-2
2024-02-20 15:05:20.915,18783,18784,18784,29,29
2024-02-20 15:05:20.915,18783,18784,18784,1,1
2024-02-20 15:05:20.916,18783,18784,18784,2,2
2024-02-20 15:05:20.916,18783,18784,18784,7,7
2024-02-20 15:05:20.916,18783,18784,18784,1,1
2024-02-20 15:05:20.916,18783,18784,18784,4,4
2024-02-20 15:05:20.916,18783,18784,18784,3,3
2024-02-20 15:05:20.916,18783,18784,18784,1,1
2024-02-20 15:05:20.916,18783,18784,18784,1,1
2024-02-20 15:05:20.916,18783,18784,18784,1,1
2024-02-20 15:05:20.916,18783,18784,18784,7,7
2024-02-20 15:05:20.916,18783,18784,18784,1,1
2024-02-20 15:05:20.916,18783,18784,18784,1,1
2024-02-20 15:05:20.916,18783,18784,18784,1,1
2024-02-20 15:05:20.916,18783,18784,18784,2,2
2024-02-20 15:05:20.916,18783,18784,18784,1,1
2024-02-20 15:05:20.916,18783,18784,18784,5,5
2024-02-20 15:05:21.510,18784,18785,18785,2,2
2024-02-20 15:05:22.361,18784,18785,18784,1,-1
2024-02-20 15:05:22.680,18784,18785,18785,5,5
2024-02-20 15:05:25.556,18784,18785,18785,1,1
2024-02-20 15:05:25.855,18784,18785,18784,2,-2
2024-02-20 15:05:26.474,18784,18785,18785,5,5
2024-02-20 15:05:26.673,18784,18785,18785,1,1
2024-02-20 15:05:26.813,18784,18785,18785,1,1
2024-02-20 15:05:26.957,18784,18785,18785,4,4
2024-02-20 15:05:27.358,18784,18785,18785,5,5
2024-02-20 15:05:27.832,18785,18786,18785,1,-1
2024-02-20 15:05:29.722,18785,18786,18786,1,1
2024-02-20 15:05:29.795,18785,18786,18786,2,2
2024-02-20 15:05:30.815,18785,18786,18785,1,-1
2024-02-20 15:05:30.966,18785,18786,18786,1,1
2024-02-20 15:05:31.035,18785,18786,18785,1,-1
2024-02-20 15:05:31.387,18785,18786,18786,3,3
2024-02-20 15:05:32.008,18785,18786,18785,5,-5
2024-02-20 15:05:33.214,18785,18786,18786,2,2
2024-02-20 15:05:34.294,18785,18786,18786,1,1
2024-02-20 15:05:34.310,18785,18786,18786,1,1
2024-02-20 15:05:34.452,18785,18786,18786,1,1
2024-02-20 15:05:34.966,18786,18787,18787,3,3
2024-02-20 15:05:35.511,18786,18787,18786,1,-1
2024-02-20 15:05:35.586,18785,18787,18785,1,-1
2024-02-20 15:05:35.607,18785,18787,18785,1,-1
2024-02-20 15:05:36.330,18785,18787,18787,1,1
2024-02-20 15:05:38.817,18785,18786,18786,2,2
2024-02-20 15:05:38.817,18785,18786,18787,1,1
2024-02-20 15:05:39.150,18785,18787,18786,1,1
2024-02-20 15:05:39.277,18785,18787,18787,1,1
2024-02-20 15:05:39.774,18785,18787,18787,15,15
2024-02-20 15:05:39.775,18785,18787,18786,1,1
2024-02-20 15:05:41.269,18786,18787,18787,1,1
2024-02-20 15:05:42.101,18786,18788,18786,1,-1
2024-02-20 15:05:42.240,18786,18788,18788,1,1
2024-02-20 15:05:42.429,18786,18788,18786,1,-1
2024-02-20 15:05:43.174,18786,18788,18788,1,1
2024-02-20 15:05:44.007,18786,18788,18788,1,1
2024-02-20 15:05:44.963,18786,18787,18787,1,1
2024-02-20 15:05:44.963,18786,18787,18787,1,1
2024-02-20 15:05:44.980,18786,18787,18788,1,1
2024-02-20 15:05:45.620,18786,18788,18787,1,1
2024-02-20 15:05:45.620,18786,18788,18786,1,-1
2024-02-20 15:05:47.138,18786,18788,18788,2,2
2024-02-20 15:05:47.729,18787,18788,18788,2,2
2024-02-20 15:05:48.311,18787,18788,18788,1,1
2024-02-20 15:05:48.676,18787,18788,18787,1,-1
2024-02-20 15:05:52.011,18787,18788,18787,1,-1
2024-02-20 15:05:52.011,18787,18788,18787,3,-3
2024-02-20 15:05:54.464,18786,18788,18787,3,-3
2024-02-20 15:05:58.276,18786,18787,18786,3,-3
2024-02-20 15:05:58.277,18786,18787,18786,2,-2
2024-02-20 15:05:58.277,18786,18787,18786,6,-6
2024-02-20 15:05:59.005,18785,18787,18787,1,1
2024-02-20 15:06:00.130,18785,18787,18785,1,-1
2024-02-20 15:06:02.438,18785,18787,18786,1,-1
2024-02-20 15:06:02.891,18785,18787,18785,1,-1
2024-02-20 15:06:03.404,18785,18787,18785,1,-1
2024-02-20 15:06:03.747,18785,18787,18786,1,-1
2024-02-20 15:06:04.367,18785,18787,18785,10,-10
2024-02-20 15:06:04.367,18785,18787,18785,18,-18
2024-02-20 15:06:06.482,18784,18785,18785,3,3
2024-02-20 15:06:06.482,18784,18785,18786,2,2
2024-02-20 15:06:06.539,18784,18786,18786,6,6
2024-02-20 15:06:08.930,18785,18787,18787,1,1
2024-02-20 15:06:08.969,18785,18787,18785,1,-1
2024-02-20 15:06:10.804,18785,18786,18785,1,-1
2024-02-20 15:06:15.322,18785,18786,18786,1,1
2024-02-20 15:06:15.322,18785,18786,18786,1,1
2024-02-20 15:06:15.786,18786,18787,18786,1,-1
2024-02-20 15:06:16.326,18786,18787,18786,1,-1
2024-02-20 15:06:18.427,18786,18787,18786,1,-1
2024-02-20 15:06:19.725,18786,18787,18787,2,2
2024-02-20 15:06:19.786,18786,18787,18787,1,1
2024-02-20 15:06:19.819,18786,18787,18786,5,-5
2024-02-20 15:06:23.953,18786,18787,18786,1,-1
2024-02-20 15:06:25.082,18786,18787,18786,1,-1
2024-02-20 15:06:25.190,18786,18787,18787,1,1
2024-02-20 15:06:25.427,18786,18787,18786,3,-3
2024-02-20 15:06:25.427,18786,18787,18786,12,-12
2024-02-20 15:06:26.176,18785,18787,18787,1,1
2024-02-20 15:06:26.346,18785,18787,18785,2,-2
2024-02-20 15:06:28.233,18785,18786,18786,2,2
2024-02-20 15:06:29.625,18785,18786,18785,2,-2
2024-02-20 15:06:35.110,18785,18786,18785,1,-1
2024-02-20 15:06:39.878,18785,18786,18786,1,1
2024-02-20 15:06:43.599,18785,18786,18786,4,4
2024-02-20 15:06:43.599,18785,18786,18787,2,2
2024-02-20 15:06:49.045,18785,18787,18787,1,1
2024-02-20 15:06:50.664,18786,18787,18786,5,-5
2024-02-20 15:06:53.480,18786,18787,18786,1,-1
2024-02-20 15:06:53.480,18786,18787,18786,4,-4
2024-02-20 15:06:56.175,18785,18786,18786,1,1
2024-02-20 15:06:56.862,18785,18786,18786,3,3
2024-02-20 15:06:57.147,18785,18786,18786,1,1
2024-02-20 15:06:58.729,18785,18786,18785,1,-1
2024-02-20 15:06:58.920,18785,18786,18786,1,1
2024-02-20 15:06:59.614,18785,18786,18786,1,1
2024-02-20 15:07:02.372,18785,18786,18785,19,-19
2024-02-20 15:07:02.372,18785,18786,18785,1,-1
2024-02-20 15:07:02.489,18784,18785,18785,1,1
2024-02-20 15:07:02.746,18784,18785,18785,1,1
2024-02-20 15:07:04.653,18784,18785,18784,1,-1
2024-02-20 15:07:10.399,18784,18785,18785,2,2
2024-02-20 15:07:12.855,18784,18785,18785,1,1
2024-02-20 15:07:14.076,18785,18786,18785,1,-1
2024-02-20 15:07:15.333,18785,18786,18785,1,-1
2024-02-20 15:07:19.919,18784,18785,18785,1,1
2024-02-20 15:07:20.626,18784,18785,18784,2,-2
2024-02-20 15:07:22.618,18784,18785,18784,1,-1
2024-02-20 15:07:23.068,18784,18785,18784,1,-1
2024-02-20 15:07:24.184,18784,18785,18785,1,1
2024-02-20 15:07:24.636,18784,18785,18784,1,-1
2024-02-20 15:07:25.254,18784,18785,18785,1,1
2024-02-20 15:07:25.376,18784,18785,18784,1,-1
2024-02-20 15:07:28.649,18784,18785,18784,12,-12
2024-02-20 15:07:34.167,18783,18784,18784,3,3
2024-02-20 15:07:37.174,18783,18784,18783,1,-1
2024-02-20 15:07:40.740,18783,18784,18783,6,-6
2024-02-20 15:07:43.222,18782,18783,18783,1,1
2024-02-20 15:07:46.464,18782,18783,18782,1,-1
2024-02-20 15:07:47.095,18782,18783,18782,1,-1
2024-02-20 15:07:48.163,18782,18783,18782,2,-2
2024-02-20 15:07:49.766,18781,18782,18782,1,1
2024-02-20 15:07:51.102,18781,18782,18782,1,1
2024-02-20 15:07:55.226,18781,18782,18782,3,3
2024-02-20 15:07:55.228,18781,18782,18782,1,1
2024-02-20 15:07:57.036,18781,18783,18782,1,1
2024-02-20 15:07:57.107,18781,18783,18783,1,1
2024-02-20 15:07:58.829,18782,18783,18782,1,-1
2024-02-20 15:07:59.349,18782,18783,18782,1,-1
2024-02-20 15:07:59.349,18782,18783,18781,6,-6
2024-02-20 15:08:08.068,18781,18782,18781,1,-1
2024-02-20 15:08:09.286,18781,18782,18782,4,4
2024-02-20 15:08:13.012,18781,18782,18782,1,1
2024-02-20 15:08:14.408,18781,18782,18781,1,-1
2024-02-20 15:08:24.352,18781,18782,18782,3,3
2024-02-20 15:08:28.475,18781,18782,18782,1,1
2024-02-20 15:08:35.990,18781,18782,18781,2,-2
2024-02-20 15:08:39.839,18781,18782,18781,1,-1
2024-02-20 15:08:40.971,18781,18782,18781,2,-2
2024-02-20 15:08:41.801,18781,18782,18781,1,-1
2024-02-20 15:08:43.362,18781,18782,18781,1,-1
2024-02-20 15:08:49.032,18781,18782,18782,1,1
2024-02-20 15:08:50.125,18781,18782,18781,1,-1
2024-02-20 15:08:51.025,18781,18782,18781,1,-1
2024-02-20 15:08:54.782,18781,18782,18781,1,-1
2024-02-20 15:08:55.253,18781,18782,18781,1,-1
2024-02-20 15:08:58.878,18781,18782,18781,1,-1
2024-02-20 15:09:00.384,18781,18782,18782,1,1
2024-02-20 15:09:00.384,18781,18782,18782,3,3
2024-02-20 15:09:00.384,18781,18782,18782,5,5
2024-02-20 15:09:01.324,18782,18783,18782,1,-1
2024-02-20 15:09:01.720,18782,18783,18782,5,-5
2024-02-20 15:09:04.413,18781,18783,18783,1,1
2024-02-20 15:09:08.164,18782,18783,18783,2,2
2024-02-20 15:09:09.014,18782,18783,18783,2,2
2024-02-20 15:09:09.358,18782,18783,18783,1,1
2024-02-20 15:09:09.358,18782,18783,18784,5,5
2024-02-20 15:09:10.919,18783,18784,18783,1,-1
2024-02-20 15:09:12.108,18783,18784,18784,4,4
2024-02-20 15:09:12.108,18783,18784,18784,3,3
2024-02-20 15:09:15.034,18784,18785,18784,1,-1
2024-02-20 15:09:16.582,18784,18785,18784,1,-1
2024-02-20 15:09:21.437,18784,18785,18785,11,11
2024-02-20 15:09:24.335,18785,18786,18786,1,1
2024-02-20 15:09:26.597,18785,18786,18786,1,1
2024-02-20 15:09:27.108,18785,18786,18786,1,1
2024-02-20 15:09:38.427,18785,18786,18786,2,2
2024-02-20 15:09:39.714,18785,18786,18785,1,-1
2024-02-20 15:09:40.123,18784,18786,18786,4,4
2024-02-20 15:09:40.383,18784,18786,18786,5,5
2024-02-20 15:09:45.316,18786,18787,18786,1,-1
2024-02-20 15:09:46.573,18786,18787,18787,1,1
2024-02-20 15:09:47.035,18786,18787,18786,1,-1
2024-02-20 15:09:47.039,18786,18787,18786,1,-1
2024-02-20 15:09:47.049,18786,18787,18786,1,-1
2024-02-20 15:09:47.069,18786,18787,18785,1,-1
2024-02-20 15:09:53.985,18786,18787,18786,1,-1
2024-02-20 15:10:00.871,18786,18787,18786,1,-1
2024-02-20 15:10:01.207,18786,18787,18787,1,1
2024-02-20 15:10:01.223,18786,18787,18787,1,1
2024-02-20 15:10:01.243,18786,18787,18787,1,1
2024-02-20 15:10:01.332,18786,18788,18787,1,1
2024-02-20 15:10:01.381,18786,18788,18786,1,-1
2024-02-20 15:10:02.376,18786,18787,18786,1,-1
2024-02-20 15:10:02.376,18786,18787,18786,2,-2
2024-02-20 15:10:04.880,18785,18787,18787,2,2
2024-02-20 15:10:06.413,18785,18787,18787,20,20
2024-02-20 15:10:06.415,18785,18787,18787,3,3
2024-02-20 15:10:06.416,18785,18787,18788,3,3
2024-02-20 15:10:06.979,18787,18788,18788,1,1
2024-02-20 15:10:13.069,18787,18788,18788,10,10
2024-02-20 15:10:13.069,18787,18788,18789,20,20
2024-02-20 15:10:13.071,18787,18788,18789,3,3
2024-02-20 15:10:13.072,18787,18788,18789,2,2
2024-02-20 15:10:15.037,18788,18790,18789,4,4
2024-02-20 15:10:15.039,18788,18790,18789,2,2
2024-02-20 15:10:18.999,18788,18790,18790,8,8
2024-02-20 15:10:19.070,18788,18790,18790,1,1
2024-02-20 15:10:19.133,18788,18790,18790,1,1
2024-02-20 15:10:19.218,18788,18790,18790,1,1
2024-02-20 15:10:19.571,18788,18790,18790,5,5
2024-02-20 15:10:24.055,18789,18790,18790,1,1
2024-02-20 15:10:24.167,18789,18790,18790,1,1
2024-02-20 15:10:24.913,18789,18790,18790,1,1
2024-02-20 15:10:26.668,18790,18791,18791,5,5
2024-02-20 15:10:26.713,18790,18791,18791,4,4
2024-02-20 15:10:26.713,18790,18791,18791,1,1
2024-02-20 15:10:26.713,18790,18791,18791,1,1
2024-02-20 15:10:26.713,18790,18791,18791,4,4
2024-02-20 15:10:26.713,18790,18791,18791,1,1
2024-02-20 15:10:26.714,18790,18791,18791,1,1
2024-02-20 15:10:26.714,18790,18791,18791,4,4
2024-02-20 15:10:26.714,18790,18791,18791,1,1
2024-02-20 15:10:26.714,18790,18791,18791,1,1
2024-02-20 15:10:26.808,18791,18792,18792,3,3
2024-02-20 15:10:26.815,18791,18792,18792,3,3
2024-02-20 15:10:26.826,18791,18792,18792,2,2
2024-02-20 15:10:26.826,18791,18792,18793,1,1
2024-02-20 15:10:26.828,18791,18792,18792,2,2
2024-02-20 15:10:26.829,18791,18792,18791,1,-1
2024-02-20 15:10:26.829,18791,18792,18793,3,3
2024-02-20 15:10:26.952,18791,18793,18793,1,1
2024-02-20 15:10:27.018,18791,18793,18793,1,1
2024-02-20 15:10:27.135,18791,18793,18791,4,-4
2024-02-20 15:10:27.182,18791,18792,18791,1,-1
2024-02-20 15:10:27.674,18791,18792,18792,1,1
2024-02-20 15:10:27.689,18791,18792,18792,1,1
2024-02-20 15:10:27.826,18792,18793,18792,1,-1
2024-02-20 15:10:27.934,18791,18793,18791,4,-4
2024-02-20 15:10:27.941,18791,18793,18791,3,-3
2024-02-20 15:10:27.944,18791,18793,18791,12,-12
2024-02-20 15:10:27.959,18791,18793,18791,1,-1
2024-02-20 15:10:27.960,18791,18793,18791,1,-1
2024-02-20 15:10:27.985,18791,18793,18790,6,-6
2024-02-20 15:10:28.411,18790,18791,18790,1,-1
2024-02-20 15:10:29.218,18790,18791,18791,1,1
2024-02-20 15:10:32.170,18790,18791,18790,1,-1
2024-02-20 15:10:33.729,18789,18791,18791,1,1
2024-02-20 15:10:34.730,18790,18791,18791,1,1
2024-02-20 15:10:37.691,18790,18791,18791,1,1
2024-02-20 15:10:38.507,18790,18791,18791,1,1
2024-02-20 15:10:40.691,18790,18791,18791,1,1
2024-02-20 15:10:41.236,18790,18791,18790,1,-1
2024-02-20 15:10:42.033,18790,18791,18790,1,-1
2024-02-20 15:10:44.534,18790,18791,18790,1,-1
2024-02-20 15:10:45.133,18790,18791,18791,2,2
2024-02-20 15:10:45.133,18790,18791,18791,2,2
2024-02-20 15:10:46.500,18790,18791,18790,1,-1
2024-02-20 15:10:47.174,18790,18791,18791,1,1
2024-02-20 15:10:47.259,18790,18791,18791,4,4
2024-02-20 15:10:47.259,18790,18791,18792,15,15
2024-02-20 15:10:47.260,18790,18791,18791,1,1
2024-02-20 15:10:49.779,18790,18791,18791,1,1
2024-02-20 15:10:51.300,18791,18792,18791,1,-1
2024-02-20 15:10:51.300,18791,18792,18791,1,-1
2024-02-20 15:10:51.828,18790,18791,18791,1,1
2024-02-20 15:10:51.828,18790,18791,18792,19,19
2024-02-20 15:10:52.406,18791,18793,18793,2,2
2024-02-20 15:10:53.495,18791,18793,18793,5,5
2024-02-20 15:10:53.927,18791,18793,18793,1,1
2024-02-20 15:10:54.111,18791,18793,18793,2,2
2024-02-20 15:10:55.665,18791,18792,18792,1,1
2024-02-20 15:10:56.180,18791,18793,18793,1,1
2024-02-20 15:10:58.953,18792,18793,18792,1,-1
2024-02-20 15:10:59.520,18792,18793,18793,2,2
2024-02-20 15:10:59.520,18792,18793,18794,3,3
2024-02-20 15:10:59.822,18792,18793,18792,2,-2
2024-02-20 15:11:00.055,18792,18793,18792,2,-2
2024-02-20 15:11:00.132,18792,18793,18791,1,-1
2024-02-20 15:11:00.133,18792,18793,18791,1,-1
2024-02-20 15:11:00.913,18791,18793,18793,1,1
2024-02-20 15:11:00.966,18791,18793,18793,1,1
2024-02-20 15:11:02.552,18792,18793,18793,3,3
2024-02-20 15:11:04.376,18792,18793,18792,2,-2
2024-02-20 15:11:05.150,18791,18793,18792,1,-1
2024-02-20 15:11:05.150,18791,18793,18792,4,-4
2024-02-20 15:11:10.956,18791,18793,18791,1,-1
2024-02-20 15:11:12.519,18791,18793,18793,1,1
2024-02-20 15:11:13.087,18791,18792,18791,2,-2
2024-02-20 15:11:14.708,18791,18792,18792,1,1
2024-02-20 15:11:14.909,18791,18792,18791,1,-1
2024-02-20 15:11:15.216,18791,18792,18791,6,-6
2024-02-20 15:11:15.216,18791,18792,18790,45,-45
2024-02-20 15:11:15.218,18791,18792,18789,1,-1
2024-02-20 15:11:15.231,18791,18792,18789,1,-1
2024-02-20 15:11:15.488,18789,18790,18789,1,-1
2024-02-20 15:11:15.489,18789,18790,18789,5,-5
2024-02-20 15:11:15.844,18788,18790,18790,6,6
2024-02-20 15:11:16.003,18788,18790,18790,10,10
2024-02-20 15:11:16.004,18788,18790,18790,1,1
2024-02-20 15:11:16.004,18788,18790,18790,2,2
2024-02-20 15:11:16.004,18788,18790,18790,1,1
2024-02-20 15:11:16.004,18788,18790,18790,1,1
2024-02-20 15:11:16.031,18788,18790,18790,1,1
2024-02-20 15:11:16.032,18789,18790,18790,1,1
2024-02-20 15:11:16.565,18789,18790,18789,1,-1
2024-02-20 15:11:17.566,18789,18790,18790,2,2
2024-02-20 15:11:18.317,18789,18790,18789,1,-1
2024-02-20 15:11:18.741,18788,18790,18790,1,1
2024-02-20 15:11:19.306,18788,18790,18790,13,13
2024-02-20 15:11:19.306,18788,18790,18791,4,4
2024-02-20 15:11:19.307,18788,18790,18791,2,2
2024-02-20 15:11:20.050,18790,18791,18790,1,-1
2024-02-20 15:11:20.551,18790,18791,18791,2,2
2024-02-20 15:11:21.744,18790,18792,18790,18,-18
2024-02-20 15:11:21.744,18790,18792,18789,24,-24
2024-02-20 15:11:21.747,18790,18792,18790,1,-1
2024-02-20 15:11:22.053,18789,18790,18790,1,1
2024-02-20 15:11:22.366,18789,18790,18790,1,1
2024-02-20 15:11:22.370,18789,18790,18790,2,2
2024-02-20 15:11:23.189,18789,18790,18789,1,-1
2024-02-20 15:11:23.189,18789,18790,18789,1,-1
2024-02-20 15:11:26.191,18789,18790,18790,1,1
2024-02-20 15:11:27.080,18789,18790,18790,1,1
2024-02-20 15:11:27.081,18789,18790,18789,1,-1
2024-02-20 15:11:27.652,18789,18790,18789,1,-1
2024-02-20 15:11:27.652,18789,18790,18788,31,-31
2024-02-20 15:11:27.652,18789,18790,18787,31,-31
2024-02-20 15:11:27.938,18787,18788,18788,2,2
2024-02-20 15:11:28.039,18787,18788,18788,1,1
2024-02-20 15:11:28.237,18787,18788,18788,7,7
2024-02-20 15:11:28.237,18787,18788,18789,23,23
2024-02-20 15:11:29.181,18788,18789,18789,1,1
2024-02-20 15:11:30.273,18789,18790,18789,1,-1
2024-02-20 15:11:30.890,18789,18790,18789,1,-1
2024-02-20 15:11:30.890,18789,18790,18789,1,-1
2024-02-20 15:11:32.048,18788,18790,18788,8,-8
2024-02-20 15:11:32.092,18788,18790,18787,2,-2
2024-02-20 15:11:32.342,18787,18789,18788,2,-2
2024-02-20 15:11:32.385,18787,18789,18788,1,-1
2024-02-20 15:11:34.619,18788,18789,18788,1,-1
2024-02-20 15:11:35.176,18788,18789,18788,1,-1
2024-02-20 15:11:36.257,18788,18789,18788,1,-1
2024-02-20 15:11:36.302,18788,18789,18788,1,-1
2024-02-20 15:11:36.552,18787,18789,18788,1,-1
2024-02-20 15:11:36.553,18787,18789,18788,1,-1
2024-02-20 15:11:36.694,18787,18789,18788,2,-2
2024-02-20 15:11:36.803,18787,18788,18788,2,2
2024-02-20 15:11:37.177,18787,18788,18788,1,1
2024-02-20 15:11:37.542,18787,18788,18787,3,-3
2024-02-20 15:11:37.542,18787,18788,18786,28,-28
2024-02-20 15:11:37.543,18787,18788,18786,1,-1
2024-02-20 15:11:37.543,18787,18788,18786,2,-2
2024-02-20 15:11:37.695,18785,18786,18786,1,1
2024-02-20 15:11:37.793,18785,18786,18786,2,2
2024-02-20 15:11:37.793,18785,18786,18786,1,1
2024-02-20 15:11:37.844,18785,18786,18786,1,1
2024-02-20 15:11:38.043,18785,18786,18786,2,2
2024-02-20 15:11:38.294,18785,18786,18786,2,2
2024-02-20 15:11:38.544,18785,18786,18786,2,2
2024-02-20 15:11:38.794,18785,18786,18786,2,2
2024-02-20 15:11:39.258,18785,18786,18786,1,1
2024-02-20 15:11:42.103,18785,18786,18785,2,-2
2024-02-20 15:11:43.554,18785,18786,18785,3,-3
2024-02-20 15:11:43.885,18785,18786,18785,9,-9
2024-02-20 15:11:43.885,18785,18786,18784,31,-31
2024-02-20 15:11:43.886,18785,18786,18785,1,-1
2024-02-20 15:11:44.140,18784,18785,18785,1,1
2024-02-20 15:11:44.946,18784,18785,18784,2,-2
2024-02-20 15:11:44.946,18784,18785,18783,1,-1
2024-02-20 15:11:44.947,18784,18785,18784,2,-2
2024-02-20 15:11:46.359,18784,18785,18784,3,-3
2024-02-20 15:11:46.583,18783,18785,18785,15,15
2024-02-20 15:11:47.751,18784,18786,18784,3,-3
2024-02-20 15:11:47.828,18784,18786,18784,2,-2
2024-02-20 15:11:48.630,18784,18786,18784,4,-4
2024-02-20 15:11:49.236,18785,18786,18785,1,-1
2024-02-20 15:11:49.657,18785,18786,18786,1,1
2024-02-20 15:11:51.126,18785,18787,18785,4,-4
2024-02-20 15:11:51.502,18785,18787,18785,3,-3
2024-02-20 15:11:52.404,18785,18787,18785,3,-3
2024-02-20 15:11:55.743,18786,18788,18786,4,-4
2024-02-20 15:11:57.470,18787,18788,18788,3,3
2024-02-20 15:11:58.067,18787,18788,18787,1,-1
2024-02-20 15:11:58.179,18786,18787,18786,1,-1
2024-02-20 15:12:03.030,18786,18787,18787,1,1
2024-02-20 15:12:03.215,18786,18787,18787,1,1
2024-02-20 15:12:03.216,18786,18787,18787,1,1
2024-02-20 15:12:03.222,18786,18787,18788,2,2
2024-02-20 15:12:03.230,18786,18787,18788,1,1
2024-02-20 15:12:03.282,18787,18788,18788,1,1
2024-02-20 15:12:03.363,18787,18788,18787,1,-1
2024-02-20 15:12:03.798,18787,18789,18787,3,-3
2024-02-20 15:12:05.005,18787,18789,18787,1,-1
2024-02-20 15:12:06.768,18787,18789,18787,3,-3
2024-02-20 15:12:08.119,18787,18789,18787,3,-3
2024-02-20 15:12:08.516,18787,18788,18787,1,-1
2024-02-20 15:12:09.539,18786,18787,18786,3,-3
2024-02-20 15:12:15.553,18786,18787,18787,3,3
2024-02-20 15:12:17.025,18786,18787,18787,1,1
2024-02-20 15:12:26.888,18786,18788,18788,4,4
2024-02-20 15:12:29.873,18786,18787,18787,1,1
2024-02-20 15:12:32.500,18787,18788,18788,1,1
2024-02-20 15:12:32.500,18787,18788,18787,2,-2
2024-02-20 15:12:33.516,18787,18788,18787,1,-1
2024-02-20 15:12:35.428,18787,18788,18787,1,-1
2024-02-20 15:12:39.052,18786,18788,18788,10,10
2024-02-20 15:12:42.217,18786,18787,18787,1,1
2024-02-20 15:12:42.217,18786,18787,18787,4,4
2024-02-20 15:12:55.053,18787,18789,18787,1,-1
2024-02-20 15:13:01.409,18788,18789,18788,1,-1
2024-02-20 15:13:01.982,18787,18788,18788,1,1
2024-02-20 15:13:04.986,18787,18788,18787,1,-1
2024-02-20 15:13:05.226,18787,18788,18788,2,2
2024-02-20 15:13:05.850,18787,18788,18788,1,1
2024-02-20 15:13:10.761,18787,18789,18789,2,2
2024-02-20 15:13:10.762,18787,18789,18789,1,1
2024-02-20 15:13:11.058,18787,18788,18788,2,2
2024-02-20 15:13:11.503,18787,18788,18788,1,1
2024-02-20 15:13:14.510,18787,18788,18788,1,1
2024-02-20 15:13:14.799,18787,18788,18788,1,1
2024-02-20 15:13:15.875,18787,18788,18788,1,1
2024-02-20 15:13:27.870,18788,18789,18789,2,2
2024-02-20 15:13:29.208,18788,18789,18789,1,1
2024-02-20 15:13:33.296,18788,18789,18789,1,1
2024-02-20 15:13:42.438,18789,18790,18789,1,-1
2024-02-20 15:13:51.324,18789,18790,18789,1,-1
2024-02-20 15:13:51.479,18789,18790,18790,1,1
2024-02-20 15:13:53.106,18789,18790,18789,1,-1
2024-02-20 15:13:53.648,18789,18790,18790,5,5
2024-02-20 15:13:55.678,18789,18790,18789,10,-10
2024-02-20 15:14:00.105,18789,18790,18789,1,-1
2024-02-20 15:14:00.640,18789,18790,18790,2,2
2024-02-20 15:14:02.914,18789,18790,18790,1,1
2024-02-20 15:14:04.483,18789,18790,18789,2,-2
2024-02-20 15:14:04.922,18789,18790,18789,1,-1
2024-02-20 15:14:05.041,18789,18790,18790,2,2
2024-02-20 15:14:09.483,18789,18790,18789,1,-1
2024-02-20 15:14:09.484,18789,18790,18789,2,-2
2024-02-20 15:14:12.261,18789,18790,18789,1,-1
2024-02-20 15:14:17.543,18788,18789,18789,5,5
2024-02-20 15:14:18.065,18788,18789,18788,13,-13
2024-02-20 15:14:18.065,18788,18789,18788,1,-1
2024-02-20 15:14:18.782,18787,18788,18788,1,1
2024-02-20 15:14:19.431,18787,18788,18788,1,1
2024-02-20 15:14:20.022,18787,18788,18787,3,-3
2024-02-20 15:14:20.023,18787,18788,18788,1,1
2024-02-20 15:14:20.892,18787,18788,18788,1,1
2024-02-20 15:14:27.665,18787,18788,18788,1,1
2024-02-20 15:14:28.430,18787,18788,18788,1,1
2024-02-20 15:14:29.999,18788,18789,18788,2,-2
2024-02-20 15:14:29.999,18788,18789,18787,1,-1
2024-02-20 15:14:31.158,18788,18789,18788,2,-2
2024-02-20 15:14:31.285,18787,18788,18787,3,-3
2024-02-20 15:14:32.349,18787,18788,18788,1,1
2024-02-20 15:14:32.454,18787,18788,18787,3,-3
2024-02-20 15:14:35.422,18787,18788,18787,2,-2
2024-02-20 15:14:37.976,18787,18789,18787,2,-2
2024-02-20 15:14:40.435,18787,18788,18787,12,-12
2024-02-20 15:14:42.078,18787,18788,18788,1,1
2024-02-20 15:14:43.841,18787,18788,18788,1,1
2024-02-20 15:14:47.323,18787,18789,18787,3,-3
2024-02-20 15:14:48.658,18787,18789,18787,3,-3
2024-02-20 15:14:55.013,18788,18789,18788,1,-1
2024-02-20 15:15:01.968,18788,18789,18788,1,-1
2024-02-20 15:15:02.471,18788,18789,18789,1,1
2024-02-20 15:15:02.535,18788,18789,18789,1,1
2024-02-20 15:15:03.754,18788,18789,18788,1,-1
2024-02-20 15:15:03.755,18788,18789,18789,5,5
2024-02-20 15:15:07.941,18789,18790,18789,1,-1
2024-02-20 15:15:07.941,18789,18790,18789,2,-2
2024-02-20 15:15:14.861,18789,18790,18789,1,-1
2024-02-20 15:15:14.910,18789,18790,18790,1,1
2024-02-20 15:15:14.910,18789,18790,18790,1,1
2024-02-20 15:15:14.911,18789,18790,18790,1,1
2024-02-20 15:15:14.913,18789,18790,18790,21,21
2024-02-20 15:15:14.913,18789,18790,18790,2,2
2024-02-20 15:15:14.913,18789,18790,18790,2,2
2024-02-20 15:15:14.913,18789,18790,18790,1,1
2024-02-20 15:15:14.913,18789,18790,18790,2,2
2024-02-20 15:15:14.913,18789,18790,18790,1,1
2024-02-20 15:15:14.914,18789,18790,18790,1,1
2024-02-20 15:15:14.914,18789,18790,18790,3,3
2024-02-20 15:15:14.914,18789,18790,18790,2,2
2024-02-20 15:15:14.914,18789,18790,18790,2,2
2024-02-20 15:15:14.914,18789,18790,18790,15,15
2024-02-20 15:15:14.944,18789,18790,18790,3,3
2024-02-20 15:15:16.235,18789,18791,18789,3,-3
2024-02-20 15:15:17.150,18789,18791,18789,1,-1
2024-02-20 15:15:17.540,18789,18791,18789,3,-3
2024-02-20 15:15:22.918,18789,18791,18791,6,6
2024-02-20 15:15:23.033,18790,18791,18791,6,6
2024-02-20 15:15:23.034,18790,18791,18791,1,1
2024-02-20 15:15:23.272,18790,18792,18792,6,6
2024-02-20 15:15:24.169,18790,18792,18792,6,6
2024-02-20 15:15:34.758,18790,18792,18792,3,3
2024-02-20 15:15:36.193,18790,18792,18792,1,1
2024-02-20 15:15:37.906,18791,18792,18792,1,1
2024-02-20 15:15:37.910,18791,18792,18792,1,1
2024-02-20 15:15:38.274,18791,18792,18792,1,1
2024-02-20 15:15:42.178,18791,18792,18792,4,4
2024-02-20 15:15:46.649,18791,18792,18792,1,1
2024-02-20 15:15:48.873,18791,18792,18791,3,-3
2024-02-20 15:15:48.873,18791,18792,18791,1,-1
2024-02-20 15:15:48.873,18791,18792,18791,1,-1
2024-02-20 15:15:48.873,18791,18792,18791,6,-6
2024-02-20 15:15:48.877,18791,18792,18790,3,-3
2024-02-20 15:15:48.879,18791,18792,18790,1,-1
2024-02-20 15:15:48.879,18791,18792,18790,1,-1
2024-02-20 15:15:48.924,18789,18790,18790,1,1
2024-02-20 15:15:49.499,18789,18791,18791,1,1
2024-02-20 15:16:01.735,18789,18791,18790,1,1
2024-02-20 15:16:01.735,18789,18791,18790,1,1
2024-02-20 15:16:01.882,18789,18791,18789,1,-1
2024-02-20 15:16:03.762,18789,18791,18791,2,2
2024-02-20 15:16:03.778,18789,18791,18790,1,1
2024-02-20 15:16:03.785,18789,18791,18789,1,-1
2024-02-20 15:16:09.714,18789,18790,18789,4,-4
2024-02-20 15:16:12.436,18789,18790,18789,6,-6
2024-02-20 15:16:12.437,18789,18790,18789,2,-2
2024-02-20 15:16:12.438,18789,18790,18789,1,-1
2024-02-20 15:16:17.703,18789,18790,18789,1,-1
2024-02-20 15:16:24.278,18788,18789,18789,1,1
2024-02-20 15:16:24.285,18788,18789,18788,1,-1
2024-02-20 15:16:24.285,18788,18789,18788,1,-1
2024-02-20 15:16:26.013,18788,18789,18788,3,-3
2024-02-20 15:16:27.647,18787,18789,18787,3,-3
2024-02-20 15:16:27.660,18787,18789,18787,1,-1
2024-02-20 15:16:27.660,18787,18789,18787,1,-1
2024-02-20 15:16:28.349,18787,18788,18788,4,4
2024-02-20 15:16:28.349,18787,18788,18789,3,3
2024-02-20 15:16:28.780,18787,18789,18787,3,-3
2024-02-20 15:16:29.468,18787,18789,18788,2,-2
2024-02-20 15:16:29.963,18787,18788,18787,2,-2
2024-02-20 15:16:29.963,18787,18788,18786,1,-1
2024-02-20 15:16:32.717,18786,18788,18788,1,1
2024-02-20 15:16:40.099,18787,18789,18787,4,-4
2024-02-20 15:16:43.871,18787,18788,18788,3,3
2024-02-20 15:16:43.871,18787,18788,18788,1,1
2024-02-20 15:16:43.871,18787,18788,18788,2,2
2024-02-20 15:16:43.876,18787,18788,18788,2,2
2024-02-20 15:16:43.912,18788,18789,18788,1,-1
2024-02-20 15:16:47.339,18787,18789,18787,1,-1
2024-02-20 15:16:57.291,18788,18790,18788,2,-2
2024-02-20 15:16:57.715,18788,18790,18788,1,-1
2024-02-20 15:17:09.011,18788,18789,18788,1,-1
2024-02-20 15:17:09.011,18788,18789,18788,3,-3
2024-02-20 15:17:23.123,18788,18789,18788,1,-1
2024-02-20 15:17:26.476,18788,18789,18788,1,-1
2024-02-20 15:17:29.848,18788,18789,18788,2,-2
2024-02-20 15:17:32.505,18788,18789,18789,1,1
2024-02-20 15:17:36.769,18788,18789,18789,1,1
2024-02-20 15:17:39.507,18788,18789,18789,1,1
2024-02-20 15:17:43.164,18788,18789,18789,1,1
2024-02-20 15:18:06.267,18789,18790,18790,3,3
2024-02-20 15:18:06.453,18789,18790,18790,2,2
2024-02-20 15:18:08.363,18789,18790,18790,1,1
2024-02-20 15:18:09.275,18789,18790,18790,1,1
2024-02-20 15:18:10.696,18789,18790,18790,13,13
2024-02-20 15:18:11.572,18789,18790,18790,1,1
2024-02-20 15:18:27.298,18790,18791,18791,1,1
2024-02-20 15:18:27.446,18790,18791,18791,1,1
2024-02-20 15:18:28.237,18790,18791,18791,1,1
2024-02-20 15:18:28.379,18790,18791,18791,1,1
2024-02-20 15:18:31.434,18790,18791,18791,5,5
2024-02-20 15:18:36.065,18790,18791,18791,2,2
2024-02-20 15:18:36.065,18790,18791,18791,2,2
2024-02-20 15:18:36.065,18790,18791,18791,2,2
2024-02-20 15:18:36.065,18790,18791,18791,1,1
2024-02-20 15:18:36.065,18790,18791,18791,1,1
2024-02-20 15:18:36.065,18790,18791,18791,3,3
2024-02-20 15:18:36.066,18790,18791,18791,1,1
2024-02-20 15:18:36.066,18790,18791,18791,2,2
2024-02-20 15:18:51.889,18791,18792,18792,2,2
2024-02-20 15:18:52.440,18791,18792,18792,1,1
2024-02-20 15:18:53.741,18791,18792,18791,1,-1
2024-02-20 15:18:59.976,18791,18792,18792,1,1
2024-02-20 15:19:01.387,18791,18792,18791,1,-1
2024-02-20 15:19:03.495,18791,18792,18792,1,1
2024-02-20 15:19:06.230,18791,18792,18791,2,-2
2024-02-20 15:19:09.183,18791,18792,18792,2,2
2024-02-20 15:19:10.351,18791,18792,18792,1,1
2024-02-20 15:19:10.553,18791,18792,18791,1,-1
2024-02-20 15:19:11.228,18791,18792,18792,2,2
2024-02-20 15:19:12.642,18791,18792,18792,1,1
2024-02-20 15:19:12.642,18791,18792,18791,2,-2
2024-02-20 15:19:15.433,18792,18793,18792,1,-1
2024-02-20 15:19:15.433,18792,18793,18792,1,-1
2024-02-20 15:19:17.490,18791,18793,18791,2,-2
2024-02-20 15:19:18.285,18792,18793,18792,1,-1
2024-02-20 15:19:19.821,18791,18792,18792,1,1
2024-02-20 15:19:21.028,18791,18792,18792,1,1
2024-02-20 15:19:23.345,18791,18792,18792,1,1
2024-02-20 15:19:24.916,18791,18792,18792,1,1
2024-02-20 15:19:31.263,18791,18793,18793,1,1
2024-02-20 15:19:34.297,18791,18793,18793,1,1
2024-02-20 15:19:41.196,18791,18793,18793,1,1
2024-02-20 15:19:41.940,18791,18793,18793,1,1
2024-02-20 15:19:42.453,18791,18793,18793,1,1
2024-02-20 15:19:50.238,18792,18793,18793,1,1
2024-02-20 15:19:51.535,18792,18793,18793,1,1
2024-02-20 15:19:51.816,18792,18793,18793,1,1
2024-02-20 15:19:52.697,18792,18793,18793,6,6
2024-02-20 15:19:52.697,18792,18793,18793,8,8
2024-02-20 15:19:53.403,18793,18794,18793,1,-1
2024-02-20 15:19:57.407,18792,18793,18793,1,1
2024-02-20 15:20:01.409,18792,18793,18793,1,1
2024-02-20 15:20:01.545,18792,18793,18792,1,-1
2024-02-20 15:20:01.545,18792,18793,18792,1,-1
2024-02-20 15:20:01.545,18792,18793,18792,5,-5
2024-02-20 15:20:01.926,18791,18792,18791,1,-1
2024-02-20 15:20:02.107,18791,18792,18792,5,5
2024-02-20 15:20:06.175,18791,18793,18791,2,-2
2024-02-20 15:20:09.969,18792,18793,18792,1,-1
2024-02-20 15:20:14.523,18792,18793,18793,1,1
2024-02-20 15:20:17.837,18792,18793,18793,1,1
2024-02-20 15:20:17.991,18792,18793,18792,2,-2
2024-02-20 15:20:18.510,18792,18793,18793,1,1
2024-02-20 15:20:23.734,18792,18793,18793,2,2
2024-02-20 15:20:24.709,18792,18793,18793,2,2
2024-02-20 15:20:24.770,18792,18793,18793,1,1
2024-02-20 15:20:27.670,18793,18794,18793,1,-1
2024-02-20 15:20:28.295,18793,18794,18794,1,1
2024-02-20 15:20:28.417,18793,18794,18794,3,3
2024-02-20 15:20:28.431,18793,18794,18794,1,1
2024-02-20 15:20:28.433,18793,18794,18794,1,1
2024-02-20 15:20:28.433,18793,18794,18794,2,2
2024-02-20 15:20:28.434,18793,18794,18794,1,1
2024-02-20 15:20:28.434,18793,18794,18794,1,1
2024-02-20 15:20:28.436,18793,18794,18794,1,1
2024-02-20 15:20:28.440,18793,18794,18795,1,1
2024-02-20 15:20:28.455,18793,18794,18795,1,1
2024-02-20 15:20:28.471,18793,18794,18795,1,1
2024-02-20 15:20:28.495,18793,18794,18795,1,1
2024-02-20 15:20:28.504,18793,18794,18795,1,1
2024-02-20 15:20:28.553,18793,18795,18795,1,1
2024-02-20 15:20:28.652,18793,18795,18795,1,1
2024-02-20 15:20:28.678,18793,18795,18795,1,1
2024-02-20 15:20:28.737,18793,18795,18793,1,-1
2024-02-20 15:20:28.747,18793,18795,18795,2,2
2024-02-20 15:20:28.763,18793,18795,18795,2,2
2024-02-20 15:20:29.564,18793,18795,18793,1,-1
2024-02-20 15:20:30.261,18793,18794,18794,1,1
2024-02-20 15:20:30.689,18793,18795,18795,1,1
2024-02-20 15:20:30.946,18793,18795,18795,1,1
2024-02-20 15:20:31.920,18794,18795,18795,1,1
2024-02-20 15:20:33.154,18794,18795,18795,1,1
2024-02-20 15:20:34.468,18794,18795,18795,10,10
2024-02-20 15:20:37.843,18794,18795,18795,1,1
2024-02-20 15:20:39.793,18795,18796,18795,1,-1
2024-02-20 15:20:39.793,18795,18796,18795,1,-1
2024-02-20 15:20:39.795,18795,18796,18794,1,-1
2024-02-20 15:20:43.297,18794,18795,18795,2,2
2024-02-20 15:20:47.353,18794,18795,18794,1,-1
2024-02-20 15:20:47.353,18794,18795,18794,3,-3
2024-02-20 15:20:47.754,18793,18794,18794,1,1
2024-02-20 15:20:48.393,18793,18794,18794,1,1
2024-02-20 15:20:51.222,18793,18794,18794,1,1
2024-02-20 15:20:51.609,18793,18795,18795,2,2
2024-02-20 15:20:54.096,18793,18794,18794,1,1
2024-02-20 15:20:54.167,18793,18794,18794,1,1
2024-02-20 15:20:55.353,18794,18795,18794,1,-1
2024-02-20 15:20:55.806,18794,18795,18794,1,-1
2024-02-20 15:20:56.020,18794,18795,18794,1,-1
2024-02-20 15:20:57.746,18793,18794,18793,1,-1
2024-02-20 15:20:58.095,18793,18794,18794,1,1
2024-02-20 15:20:58.095,18793,18794,18795,1,1
2024-02-20 15:21:02.957,18793,18794,18794,1,1
2024-02-20 15:21:03.163,18793,18794,18794,1,1
2024-02-20 15:21:03.285,18793,18794,18793,1,-1
2024-02-20 15:21:03.285,18793,18794,18793,2,-2
2024-02-20 15:21:03.285,18793,18794,18793,1,-1
2024-02-20 15:21:03.286,18793,18794,18793,2,-2
2024-02-20 15:21:03.286,18793,18794,18793,2,-2
2024-02-20 15:21:03.286,18793,18794,18793,1,-1
2024-02-20 15:21:03.286,18793,18794,18793,16,-16
2024-02-20 15:21:03.287,18793,18794,18793,1,-1
2024-02-20 15:21:03.515,18792,18793,18793,1,1
2024-02-20 15:21:04.288,18792,18793,18793,2,2
2024-02-20 15:21:14.356,18792,18793,18793,1,1
2024-02-20 15:21:17.309,18792,18793,18793,1,1
2024-02-20 15:21:17.409,18792,18793,18792,1,-1
2024-02-20 15:21:18.403,18792,18793,18793,2,2
2024-02-20 15:21:18.409,18792,18793,18792,1,-1
2024-02-20 15:21:18.911,18792,18793,18793,1,1
2024-02-20 15:21:26.590,18792,18793,18792,1,-1
2024-02-20 15:21:27.988,18792,18793,18793,1,1
2024-02-20 15:21:33.284,18792,18793,18793,2,2
2024-02-20 15:21:36.811,18792,18793,18792,4,-4
2024-02-20 15:21:36.811,18792,18793,18792,1,-1
2024-02-20 15:21:36.811,18792,18793,18792,1,-1
2024-02-20 15:21:36.811,18792,18793,18792,17,-17
2024-02-20 15:21:36.848,18792,18793,18792,1,-1
2024-02-20 15:21:38.048,18791,18793,18792,2,-2
2024-02-20 15:21:43.781,18791,18792,18791,10,-10
2024-02-20 15:21:45.864,18790,18791,18791,1,1
2024-02-20 15:21:46.579,18790,18791,18791,1,1
2024-02-20 15:21:46.915,18790,18791,18790,2,-2
2024-02-20 15:21:53.334,18790,18791,18790,6,-6
2024-02-20 15:21:55.073,18790,18791,18791,1,1
2024-02-20 15:21:55.094,18790,18791,18791,3,3
2024-02-20 15:21:55.482,18791,18792,18792,1,1
2024-02-20 15:21:57.454,18791,18792,18791,1,-1
2024-02-20 15:21:58.814,18791,18792,18791,1,-1
2024-02-20 15:22:08.997,18791,18792,18791,1,-1
2024-02-20 15:22:15.577,18791,18792,18791,1,-1
2024-02-20 15:22:21.034,18791,18792,18791,1,-1
2024-02-20 15:22:23.113,18791,18792,18791,1,-1
2024-02-20 15:22:26.606,18791,18792,18791,1,-1
2024-02-20 15:22:27.788,18791,18792,18791,1,-1
2024-02-20 15:22:28.449,18791,18792,18792,1,1
2024-02-20 15:22:30.918,18791,18792,18791,1,-1
2024-02-20 15:22:35.766,18791,18792,18792,1,1
2024-02-20 15:22:37.068,18791,18792,18792,1,1
2024-02-20 15:22:55.948,18791,18792,18792,1,1
2024-02-20 15:22:59.861,18791,18792,18791,2,-2
2024-02-20 15:23:01.734,18791,18792,18791,2,-2
2024-02-20 15:23:01.920,18791,18792,18791,1,-1
2024-02-20 15:23:06.952,18791,18792,18792,2,2
2024-02-20 15:23:06.952,18791,18792,18792,1,1
2024-02-20 15:23:06.953,18791,18792,18792,1,1
2024-02-20 15:23:06.953,18791,18792,18792,1,1
2024-02-20 15:23:10.122,18792,18793,18793,3,3
2024-02-20 15:23:10.123,18792,18793,18793,2,2
2024-02-20 15:23:10.178,18793,18794,18794,1,1
2024-02-20 15:23:12.090,18793,18794,18793,1,-1
2024-02-20 15:23:13.958,18793,18794,18794,4,4
2024-02-20 15:23:13.960,18793,18794,18794,3,3
2024-02-20 15:23:30.051,18794,18795,18795,10,10
2024-02-20 15:23:31.447,18795,18796,18796,1,1
2024-02-20 15:23:32.140,18795,18796,18795,1,-1
2024-02-20 15:23:32.238,18794,18796,18796,1,1
2024-02-20 15:23:32.242,18794,18796,18796,1,1
2024-02-20 15:23:32.466,18794,18796,18796,1,1
2024-02-20 15:23:32.584,18795,18796,18796,1,1
2024-02-20 15:23:32.712,18795,18796,18796,2,2
2024-02-20 15:23:33.493,18795,18796,18795,1,-1
2024-02-20 15:23:37.167,18795,18796,18796,1,1
2024-02-20 15:23:37.699,18795,18796,18795,1,-1
2024-02-20 15:23:41.262,18795,18796,18796,3,3
2024-02-20 15:23:41.689,18795,18796,18796,2,2
2024-02-20 15:23:42.142,18796,18797,18796,1,-1
2024-02-20 15:23:42.227,18796,18797,18796,1,-1
2024-02-20 15:23:45.256,18796,18797,18796,1,-1
2024-02-20 15:23:46.975,18796,18797,18796,2,-2
2024-02-20 15:23:52.057,18796,18797,18796,6,-6
2024-02-20 15:23:54.058,18795,18796,18796,1,1
2024-02-20 15:23:57.148,18795,18796,18795,1,-1
2024-02-20 15:23:57.148,18795,18796,18795,5,-5
2024-02-20 15:23:59.893,18794,18795,18794,3,-3
2024-02-20 15:24:00.438,18794,18795,18794,1,-1
2024-02-20 15:24:00.536,18794,18795,18795,1,1
2024-02-20 15:24:00.536,18794,18795,18795,1,1
2024-02-20 15:24:00.536,18794,18795,18795,1,1
2024-02-20 15:24:09.335,18794,18795,18794,1,-1
2024-02-20 15:24:16.338,18794,18795,18795,1,1
2024-02-20 15:24:18.391,18794,18795,18794,1,-1
2024-02-20 15:24:19.598,18794,18795,18794,2,-2
2024-02-20 15:24:19.660,18794,18795,18795,1,1
2024-02-20 15:24:20.586,18794,18795,18795,1,1
2024-02-20 15:24:20.871,18794,18795,18794,2,-2
2024-02-20 15:24:23.078,18794,18795,18794,4,-4
2024-02-20 15:24:23.399,18793,18794,18793,3,-3
2024-02-20 15:24:24.949,18793,18794,18793,2,-2
2024-02-20 15:24:24.949,18793,18794,18792,1,-1
2024-02-20 15:24:25.602,18792,18794,18794,2,2
2024-02-20 15:24:26.376,18792,18794,18794,1,1
2024-02-20 15:24:28.333,18792,18794,18794,3,3
2024-02-20 15:24:28.334,18792,18794,18794,1,1
2024-02-20 15:24:28.334,18792,18794,18794,1,1
2024-02-20 15:24:28.842,18793,18794,18794,2,2
2024-02-20 15:24:28.842,18793,18794,18794,1,1
2024-02-20 15:24:28.842,18793,18794,18794,1,1
2024-02-20 15:24:29.782,18793,18795,18794,1,1
2024-02-20 15:24:31.979,18793,18795,18795,1,1
2024-02-20 15:24:31.979,18793,18795,18795,1,1
2024-02-20 15:24:33.521,18794,18795,18795,1,1
2024-02-20 15:24:33.521,18794,18795,18795,2,2
2024-02-20 15:24:34.347,18795,18796,18795,1,-1
2024-02-20 15:24:48.534,18795,18796,18796,1,1
2024-02-20 15:24:50.533,18795,18796,18796,1,1
2024-02-20 15:24:51.627,18795,18796,18796,1,1
2024-02-20 15:24:55.196,18795,18796,18796,5,5
2024-02-20 15:24:55.196,18795,18796,18796,2,2
2024-02-20 15:24:55.197,18795,18796,18796,2,2
2024-02-20 15:24:55.197,18795,18796,18796,1,1
2024-02-20 15:24:55.197,18795,18796,18796,3,3
2024-02-20 15:24:55.197,18795,18796,18796,2,2
2024-02-20 15:24:55.197,18795,18796,18796,1,1
2024-02-20 15:24:55.197,18795,18796,18796,1,1
2024-02-20 15:24:55.197,18795,18796,18796,4,4
2024-02-20 15:24:55.197,18795,18796,18796,2,2
2024-02-20 15:24:55.197,18795,18796,18796,4,4
2024-02-20 15:24:55.198,18795,18796,18796,1,1
2024-02-20 15:24:55.198,18795,18796,18796,1,1
2024-02-20 15:24:55.198,18795,18796,18796,3,3
2024-02-20 15:24:55.198,18795,18796,18796,1,1
2024-02-20 15:24:55.198,18795,18796,18796,1,1
2024-02-20 15:24:55.274,18795,18796,18795,1,-1
2024-02-20 15:24:58.732,18795,18796,18796,5,5
2024-02-20 15:24:59.486,18795,18796,18796,3,3
2024-02-20 15:25:02.090,18795,18796,18795,1,-1
2024-02-20 15:25:02.796,18795,18796,18796,1,1
2024-02-20 15:25:06.178,18795,18796,18796,1,1
2024-02-20 15:25:16.284,18795,18796,18795,1,-1
2024-02-20 15:25:24.128,18795,18796,18795,1,-1
2024-02-20 15:25:25.147,18795,18796,18796,2,2
2024-02-20 15:25:29.977,18795,18796,18796,1,1
2024-02-20 15:25:29.978,18795,18796,18796,1,1
2024-02-20 15:25:29.978,18795,18796,18796,1,1
2024-02-20 15:25:29.978,18795,18796,18796,10,10
2024-02-20 15:25:29.978,18795,18796,18796,5,5
2024-02-20 15:25:29.978,18795,18796,18796,1,1
2024-02-20 15:25:29.978,18795,18796,18796,3,3
2024-02-20 15:25:29.979,18795,18796,18796,20,20
2024-02-20 15:25:29.999,18795,18796,18797,2,2
2024-02-20 15:25:30.021,18795,18796,18797,1,1
2024-02-20 15:25:30.021,18795,18796,18797,2,2
2024-02-20 15:25:30.021,18795,18796,18797,4,4
2024-02-20 15:25:30.022,18795,18796,18797,5,5
2024-02-20 15:25:30.126,18797,18798,18798,1,1
2024-02-20 15:25:30.163,18797,18798,18798,1,1
2024-02-20 15:25:31.513,18797,18798,18797,1,-1
2024-02-20 15:25:35.056,18797,18798,18798,12,12
2024-02-20 15:25:37.416,18798,18799,18799,6,6
2024-02-20 15:25:37.416,18798,18799,18799,1,1
2024-02-20 15:25:37.544,18798,18799,18799,2,2
2024-02-20 15:25:37.544,18798,18799,18799,1,1
2024-02-20 15:25:37.602,18798,18799,18799,1,1
2024-02-20 15:25:37.602,18798,18799,18799,1,1
2024-02-20 15:25:37.709,18798,18799,18799,1,1
2024-02-20 15:25:39.791,18798,18799,18799,1,1
2024-02-20 15:25:39.843,18798,18799,18799,1,1
2024-02-20 15:25:39.844,18798,18799,18798,1,-1
2024-02-20 15:25:40.489,18798,18799,18799,1,1
2024-02-20 15:25:40.619,18798,18799,18799,1,1
2024-02-20 15:25:42.256,18798,18799,18799,1,1
2024-02-20 15:25:45.017,18798,18799,18799,1,1
2024-02-20 15:25:46.917,18798,18799,18799,4,4
2024-02-20 15:25:47.074,18798,18799,18799,1,1
2024-02-20 15:25:49.105,18798,18799,18799,1,1
2024-02-20 15:25:52.338,18798,18799,18799,1,1
2024-02-20 15:25:53.599,18798,18799,18799,1,1
2024-02-20 15:25:57.028,18799,18800,18800,1,1
2024-02-20 15:25:57.041,18799,18800,18800,2,2
2024-02-20 15:25:57.063,18799,18800,18800,5,5
2024-02-20 15:25:57.077,18799,18800,18800,1,1
2024-02-20 15:25:57.081,18799,18800,18800,2,2
2024-02-20 15:25:57.087,18799,18800,18800,1,1
2024-02-20 15:25:57.107,18799,18800,18800,2,2
2024-02-20 15:25:58.179,18799,18800,18799,1,-1
2024-02-20 15:25:58.184,18799,18800,18800,1,1
2024-02-20 15:25:58.808,18799,18800,18800,1,1
2024-02-20 15:26:02.021,18799,18800,18799,1,-1
2024-02-20 15:26:02.061,18799,18800,18799,3,-3
2024-02-20 15:26:02.301,18798,18799,18799,1,1
2024-02-20 15:26:02.342,18798,18799,18800,1,1
2024-02-20 15:26:05.729,18798,18800,18800,1,1
2024-02-20 15:26:06.400,18798,18800,18800,1,1
2024-02-20 15:26:08.760,18798,18800,18798,1,-1
2024-02-20 15:26:08.830,18798,18800,18800,4,4
2024-02-20 15:26:11.075,18798,18800,18798,3,-3
2024-02-20 15:26:12.317,18798,18800,18800,3,3
2024-02-20 15:26:25.720,18799,18800,18799,1,-1
2024-02-20 15:26:30.993,18799,18800,18799,2,-2
2024-02-20 15:26:33.161,18799,18800,18800,3,3
2024-02-20 15:26:36.924,18799,18800,18800,1,1
2024-02-20 15:26:41.691,18799,18800,18800,1,1
2024-02-20 15:26:42.365,18799,18800,18800,1,1
2024-02-20 15:26:42.876,18799,18800,18800,3,3
2024-02-20 15:26:44.338,18799,18800,18800,5,5
2024-02-20 15:26:46.231,18799,18800,18799,5,-5
2024-02-20 15:26:46.318,18799,18800,18800,1,1
2024-02-20 15:26:47.462,18799,18800,18800,4,4
2024-02-20 15:26:47.694,18799,18800,18799,1,-1
2024-02-20 15:26:48.824,18799,18800,18800,2,2
2024-02-20 15:26:58.595,18799,18800,18799,1,-1
2024-02-20 15:26:58.595,18799,18800,18799,1,-1
2024-02-20 15:26:58.595,18799,18800,18799,1,-1
2024-02-20 15:26:58.595,18799,18800,18799,1,-1
2024-02-20 15:26:58.595,18799,18800,18799,2,-2
2024-02-20 15:26:58.595,18799,18800,18799,1,-1
2024-02-20 15:26:58.595,18799,18800,18799,4,-4
2024-02-20 15:26:58.595,18799,18800,18799,1,-1
2024-02-20 15:26:58.600,18799,18800,18799,2,-2
2024-02-20 15:26:59.459,18798,18800,18799,2,-2
2024-02-20 15:27:05.132,18798,18799,18798,3,-3
2024-02-20 15:27:05.433,18798,18799,18798,1,-1
2024-02-20 15:27:08.291,18798,18799,18799,4,4
2024-02-20 15:27:08.362,18798,18799,18798,1,-1
2024-02-20 15:27:17.580,18798,18799,18799,1,1
2024-02-20 15:27:21.598,18798,18799,18798,7,-7
2024-02-20 15:27:21.802,18797,18798,18798,1,1
2024-02-20 15:27:24.162,18797,18798,18797,2,-2
2024-02-20 15:27:24.163,18797,18798,18797,14,-14
2024-02-20 15:27:24.163,18797,18798,18797,1,-1
2024-02-20 15:27:24.413,18796,18797,18797,1,1
2024-02-20 15:27:24.663,18796,18797,18797,1,1
2024-02-20 15:27:24.957,18796,18798,18797,1,1
2024-02-20 15:27:27.274,18797,18798,18797,1,-1
2024-02-20 15:27:27.274,18797,18798,18796,1,-1
2024-02-20 15:27:28.615,18796,18797,18797,2,2
2024-02-20 15:27:31.151,18797,18798,18797,1,-1
2024-02-20 15:27:31.974,18797,18798,18797,1,-1
2024-02-20 15:27:32.042,18797,18798,18797,7,-7
2024-02-20 15:27:32.042,18797,18798,18796,1,-1
2024-02-20 15:27:36.709,18796,18797,18797,1,1
2024-02-20 15:27:40.387,18797,18798,18797,1,-1
2024-02-20 15:27:42.872,18797,18798,18797,1,-1
2024-02-20 15:27:45.397,18797,18798,18798,3,3
2024-02-20 15:27:51.311,18797,18798,18797,1,-1
2024-02-20 15:27:51.790,18797,18798,18797,4,-4
2024-02-20 15:27:51.791,18797,18798,18797,1,-1
2024-02-20 15:27:51.792,18797,18798,18797,1,-1
2024-02-20 15:27:54.522,18797,18798,18797,1,-1
2024-02-20 15:27:54.522,18797,18798,18797,1,-1
2024-02-20 15:27:58.218,18796,18797,18797,1,1
2024-02-20 15:27:59.194,18796,18797,18796,14,-14
2024-02-20 15:27:59.444,18795,18796,18796,1,1
2024-02-20 15:27:59.695,18795,18796,18796,1,1
2024-02-20 15:27:59.945,18795,18796,18796,1,1
2024-02-20 15:28:01.775,18795,18796,18795,3,-3
2024-02-20 15:28:02.540,18795,18796,18795,1,-1
2024-02-20 15:28:02.617,18795,18796,18795,1,-1
2024-02-20 15:28:03.786,18795,18796,18795,1,-1
2024-02-20 15:28:05.013,18795,18796,18795,1,-1
2024-02-20 15:28:10.516,18795,18796,18796,1,1
2024-02-20 15:28:11.154,18795,18796,18796,2,2
2024-02-20 15:28:13.068,18795,18796,18795,2,-2
2024-02-20 15:28:16.317,18795,18796,18796,2,2
2024-02-20 15:28:16.768,18795,18796,18796,1,1
2024-02-20 15:28:18.788,18795,18796,18795,1,-1
2024-02-20 15:28:19.963,18795,18796,18796,1,1
2024-02-20 15:28:21.558,18796,18797,18797,1,1
2024-02-20 15:28:22.588,18797,18798,18798,5,5
2024-02-20 15:28:22.629,18797,18798,18797,1,-1
2024-02-20 15:28:27.077,18797,18798,18798,2,2
2024-02-20 15:28:27.122,18797,18798,18798,2,2
2024-02-20 15:28:28.996,18797,18798,18798,2,2
2024-02-20 15:28:28.996,18797,18798,18799,3,3
2024-02-20 15:28:40.087,18797,18798,18797,1,-1
2024-02-20 15:28:40.087,18797,18798,18797,2,-2
2024-02-20 15:28:40.203,18796,18797,18797,2,2
2024-02-20 15:28:41.307,18796,18797,18797,1,1
2024-02-20 15:28:43.377,18796,18797,18796,5,-5
2024-02-20 15:28:43.377,18796,18797,18795,38,-38
2024-02-20 15:28:43.412,18795,18796,18796,1,1
2024-02-20 15:28:43.662,18795,18796,18796,1,1
2024-02-20 15:28:43.913,18795,18796,18796,1,1
2024-02-20 15:28:44.163,18795,18796,18796,1,1
2024-02-20 15:28:44.413,18795,18796,18796,1,1
2024-02-20 15:28:44.664,18795,18796,18796,1,1
2024-02-20 15:28:44.914,18795,18796,18796,1,1
2024-02-20 15:28:45.164,18795,18796,18796,1,1
2024-02-20 15:28:45.415,18795,18796,18796,1,1
2024-02-20 15:28:45.594,18795,18796,18795,2,-2
2024-02-20 15:28:45.665,18795,18796,18796,1,1
2024-02-20 15:28:48.803,18795,18796,18795,3,-3
2024-02-20 15:28:48.804,18795,18796,18795,30,-30
2024-02-20 15:28:48.804,18795,18796,18795,1,-1
2024-02-20 15:28:50.146,18794,18795,18795,1,1
2024-02-20 15:28:50.200,18794,18796,18796,8,8
2024-02-20 15:28:51.197,18795,18796,18795,4,-4
2024-02-20 15:28:51.197,18795,18796,18794,34,-34
2024-02-20 15:28:54.209,18793,18794,18793,1,-1
2024-02-20 15:28:54.276,18793,18794,18794,5,5
2024-02-20 15:28:57.030,18793,18794,18793,2,-2
2024-02-20 15:28:58.399,18793,18794,18793,10,-10
2024-02-20 15:28:58.399,18793,18794,18793,2,-2
2024-02-20 15:28:58.400,18793,18794,18793,1,-1
2024-02-20 15:29:00.220,18792,18793,18793,2,2
2024-02-20 15:29:00.480,18792,18793,18792,1,-1
2024-02-20 15:29:02.463,18792,18793,18793,1,1
2024-02-20 15:29:02.606,18792,18793,18793,1,1
2024-02-20 15:29:03.221,18792,18793,18793,1,1
2024-02-20 15:29:03.562,18792,18793,18792,1,-1
2024-02-20 15:29:06.132,18792,18793,18792,3,-3
2024-02-20 15:29:08.453,18791,18793,18791,2,-2
2024-02-20 15:29:08.582,18791,18793,18791,1,-1
2024-02-20 15:29:10.348,18791,18792,18791,1,-1
2024-02-20 15:29:24.783,18791,18792,18791,19,-19
2024-02-20 15:29:25.342,18790,18791,18791,1,1
2024-02-20 15:29:25.479,18790,18791,18791,1,1
2024-02-20 15:29:34.821,18790,18791,18791,17,17
2024-02-20 15:29:49.785,18792,18793,18793,1,1
2024-02-20 15:29:51.424,18792,18793,18792,1,-1
2024-02-20 15:29:59.369,18792,18793,18793,1,1
2024-02-20 15:29:59.533,18792,18794,18794,1,1
2024-02-20 15:29:59.646,18792,18794,18794,1,1
2024-02-20 15:30:03.717,18793,18794,18794,5,5
2024-02-20 15:30:03.955,18793,18795,18793,1,-1
2024-02-20 15:30:04.012,18793,18795,18794,1,-1
2024-02-20 15:30:04.064,18793,18795,18795,1,1
2024-02-20 15:30:04.145,18793,18795,18795,3,3
2024-02-20 15:30:04.148,18793,18795,18795,2,2
2024-02-20 15:30:04.291,18794,18796,18796,1,1
2024-02-20 15:30:05.911,18794,18795,18795,1,1
2024-02-20 15:30:08.696,18794,18796,18796,1,1
2024-02-20 15:30:10.601,18794,18796,18796,1,1
2024-02-20 15:30:11.445,18794,18796,18796,1,1
2024-02-20 15:30:11.728,18794,18796,18796,5,5
2024-02-20 15:30:12.341,18795,18796,18795,2,-2
2024-02-20 15:30:15.332,18794,18795,18795,1,1
2024-02-20 15:30:17.112,18794,18795,18794,1,-1
2024-02-20 15:30:17.159,18793,18794,18794,1,1
2024-02-20 15:30:17.159,18793,18794,18793,1,-1
2024-02-20 15:30:17.159,18793,18794,18794,1,1
2024-02-20 15:30:20.078,18792,18794,18794,2,2
2024-02-20 15:30:33.529,18793,18795,18793,1,-1
2024-02-20 15:30:37.940,18793,18795,18793,1,-1
2024-02-20 15:30:40.668,18793,18794,18794,1,1
2024-02-20 15:30:40.668,18793,18794,18794,1,1
2024-02-20 15:30:49.779,18793,18794,18793,1,-1
2024-02-20 15:31:00.430,18794,18795,18794,1,-1
2024-02-20 15:31:00.536,18793,18795,18793,1,-1
2024-02-20 15:31:00.537,18793,18795,18793,1,-1
2024-02-20 15:31:00.538,18793,18795,18793,1,-1
2024-02-20 15:31:00.538,18793,18795,18793,1,-1
2024-02-20 15:31:00.539,18793,18795,18793,1,-1
2024-02-20 15:31:00.564,18793,18795,18793,1,-1
2024-02-20 15:31:00.564,18793,18795,18793,2,-2
2024-02-20 15:31:03.540,18793,18795,18793,1,-1
2024-02-20 15:31:07.008,18793,18794,18794,1,1
2024-02-20 15:31:15.112,18793,18794,18793,2,-2
2024-02-20 15:31:15.159,18793,18794,18793,1,-1
2024-02-20 15:31:15.159,18793,18794,18793,1,-1
2024-02-20 15:31:15.160,18793,18794,18793,1,-1
2024-02-20 15:31:20.456,18793,18794,18793,1,-1
2024-02-20 15:31:20.534,18792,18793,18792,1,-1
2024-02-20 15:31:20.534,18792,18793,18792,3,-3
2024-02-20 15:31:22.592,18792,18793,18792,1,-1
2024-02-20 15:31:22.659,18791,18792,18791,1,-1
2024-02-20 15:31:22.660,18791,18792,18791,1,-1
2024-02-20 15:31:22.660,18791,18792,18791,1,-1
2024-02-20 15:31:22.660,18791,18792,18791,1,-1
2024-02-20 15:31:22.665,18791,18792,18791,1,-1
2024-02-20 15:31:22.718,18791,18792,18792,1,1
2024-02-20 15:31:23.702,18791,18792,18791,1,-1
2024-02-20 15:31:26.834,18791,18792,18791,6,-6
2024-02-20 15:31:27.107,18790,18791,18790,1,-1
2024-02-20 15:31:27.112,18790,18791,18790,1,-1
2024-02-20 15:31:27.160,18790,18791,18790,1,-1
2024-02-20 15:31:27.160,18790,18791,18790,1,-1
2024-02-20 15:31:27.262,18790,18791,18790,1,-1
2024-02-20 15:31:27.288,18790,18791,18790,1,-1
2024-02-20 15:31:27.483,18790,18791,18791,1,1
2024-02-20 15:31:31.489,18790,18791,18790,1,-1
2024-02-20 15:31:31.535,18790,18791,18790,1,-1
2024-02-20 15:31:33.336,18790,18791,18790,1,-1
2024-02-20 15:31:33.599,18790,18791,18790,1,-1
2024-02-20 15:31:33.599,18790,18791,18790,1,-1
2024-02-20 15:31:33.600,18790,18791,18790,1,-1
2024-02-20 15:31:33.600,18790,18791,18790,12,-12
2024-02-20 15:31:33.602,18790,18791,18789,2,-2
2024-02-20 15:31:33.602,18790,18791,18789,1,-1
2024-02-20 15:31:33.679,18788,18790,18788,1,-1
2024-02-20 15:31:33.795,18788,18790,18790,2,2
2024-02-20 15:31:36.193,18788,18790,18788,1,-1
2024-02-20 15:31:38.601,18789,18790,18789,1,-1
2024-02-20 15:31:38.721,18788,18789,18788,10,-10
2024-02-20 15:31:40.537,18788,18789,18789,1,1
2024-02-20 15:31:41.599,18788,18789,18788,3,-3
2024-02-20 15:31:42.062,18788,18789,18789,1,1
2024-02-20 15:31:49.790,18788,18789,18789,1,1
2024-02-20 15:31:53.526,18788,18789,18788,3,-3
2024-02-20 15:31:56.069,18788,18789,18789,1,1
2024-02-20 15:31:56.223,18788,18789,18790,1,1
2024-02-20 15:31:58.578,18789,18790,18789,1,-1
2024-02-20 15:31:59.111,18789,18790,18790,1,1
2024-02-20 15:31:59.275,18789,18790,18790,1,1
2024-02-20 15:32:09.911,18789,18790,18789,1,-1
2024-02-20 15:32:10.156,18789,18790,18789,2,-2
2024-02-20 15:32:18.958,18789,18790,18789,1,-1
2024-02-20 15:32:19.255,18788,18789,18789,1,1
2024-02-20 15:32:29.791,18789,18790,18790,3,3
2024-02-20 15:32:29.791,18789,18790,18790,2,2
2024-02-20 15:32:29.792,18789,18790,18790,4,4
2024-02-20 15:32:29.792,18789,18790,18790,1,1
2024-02-20 15:32:29.792,18789,18790,18790,1,1
2024-02-20 15:32:29.792,18789,18790,18790,1,1
2024-02-20 15:32:29.792,18789,18790,18790,1,1
2024-02-20 15:32:29.792,18789,18790,18790,1,1
2024-02-20 15:32:29.792,18789,18790,18790,1,1
2024-02-20 15:32:29.792,18789,18790,18790,1,1
2024-02-20 15:32:29.792,18789,18790,18790,4,4
2024-02-20 15:32:30.543,18789,18790,18789,1,-1
2024-02-20 15:32:30.958,18789,18790,18789,3,-3
2024-02-20 15:32:41.428,18789,18790,18789,1,-1
2024-02-20 15:32:47.233,18789,18790,18789,2,-2
2024-02-20 15:32:49.733,18789,18790,18789,1,-1
2024-02-20 15:32:52.574,18789,18790,18789,1,-1
2024-02-20 15:33:16.943,18789,18790,18790,1,1
2024-02-20 15:33:17.502,18789,18790,18789,4,-4
2024-02-20 15:33:33.146,18789,18790,18789,1,-1
2024-02-20 15:33:33.352,18789,18790,18789,1,-1
2024-02-20 15:33:34.616,18788,18789,18788,2,-2
2024-02-20 15:33:34.617,18788,18789,18788,21,-21
2024-02-20 15:33:34.617,18788,18789,18788,5,-5
2024-02-20 15:33:34.617,18788,18789,18788,2,-2
2024-02-20 15:33:34.617,18788,18789,18788,5,-5
2024-02-20 15:33:37.438,18787,18788,18787,1,-1
2024-02-20 15:33:37.632,18787,18788,18787,1,-1
2024-02-20 15:33:44.017,18787,18788,18787,7,-7
2024-02-20 15:33:44.017,18787,18788,18786,2,-2
2024-02-20 15:33:44.049,18786,18787,18786,1,-1
2024-02-20 15:33:44.215,18786,18787,18787,1,1
2024-02-20 15:33:45.028,18786,18788,18786,1,-1
2024-02-20 15:33:45.080,18786,18788,18788,9,9
2024-02-20 15:33:45.332,18787,18788,18788,1,1
2024-02-20 15:33:45.332,18787,18788,18789,8,8
2024-02-20 15:33:45.464,18787,18789,18787,4,-4
2024-02-20 15:33:49.044,18787,18788,18787,2,-2
2024-02-20 15:33:49.774,18787,18788,18788,5,5
2024-02-20 15:33:52.384,18787,18788,18788,1,1
2024-02-20 15:33:52.538,18787,18789,18789,1,1
2024-02-20 15:33:54.322,18787,18789,18789,1,1
2024-02-20 15:34:02.580,18787,18788,18788,1,1
2024-02-20 15:34:02.961,18787,18788,18787,1,-1
2024-02-20 15:34:05.079,18787,18788,18788,1,1
2024-02-20 15:34:15.809,18787,18788,18787,2,-2
2024-02-20 15:34:15.809,18787,18788,18787,1,-1
2024-02-20 15:34:15.809,18787,18788,18787,1,-1
2024-02-20 15:34:15.809,18787,18788,18787,5,-5
2024-02-20 15:34:15.809,18787,18788,18787,1,-1
2024-02-20 15:34:15.809,18787,18788,18787,1,-1
2024-02-20 15:34:15.809,18787,18788,18787,1,-1
2024-02-20 15:34:15.928,18787,18788,18787,3,-3
2024-02-20 15:34:17.533,18786,18787,18786,4,-4
2024-02-20 15:34:21.306,18786,18787,18786,2,-2
2024-02-20 15:34:21.494,18786,18787,18786,12,-12
2024-02-20 15:34:24.209,18786,18787,18787,2,2
2024-02-20 15:34:25.993,18786,18787,18786,1,-1
2024-02-20 15:34:28.766,18786,18787,18786,1,-1
2024-02-20 15:34:29.699,18786,18787,18786,1,-1
2024-02-20 15:34:31.272,18786,18787,18786,1,-1
2024-02-20 15:34:32.870,18786,18787,18786,1,-1
2024-02-20 15:34:37.898,18786,18788,18786,1,-1
2024-02-20 15:34:39.827,18786,18788,18786,2,-2
2024-02-20 15:34:51.649,18786,18787,18787,1,1
2024-02-20 15:34:55.908,18786,18787,18786,2,-2
2024-02-20 15:34:57.664,18786,18787,18787,2,2
2024-02-20 15:35:05.554,18786,18787,18787,4,4
2024-02-20 15:35:07.130,18786,18787,18787,2,2
2024-02-20 15:35:08.801,18786,18788,18788,4,4
2024-02-20 15:35:10.275,18786,18788,18787,1,1
2024-02-20 15:35:16.220,18786,18787,18787,1,1
2024-02-20 15:35:16.442,18786,18788,18786,1,-1
2024-02-20 15:35:21.050,18786,18787,18787,1,1
2024-02-20 15:35:27.735,18787,18788,18788,4,4
2024-02-20 15:35:29.866,18787,18789,18787,1,-1
2024-02-20 15:35:34.119,18787,18789,18788,1,-1
2024-02-20 15:35:35.578,18788,18789,18788,4,-4
2024-02-20 15:35:35.868,18788,18789,18788,1,-1
2024-02-20 15:35:36.385,18788,18789,18788,1,-1
2024-02-20 15:35:40.549,18788,18789,18789,1,1
2024-02-20 15:35:41.360,18788,18789,18788,16,-16
2024-02-20 15:35:43.845,18788,18789,18789,1,1
2024-02-20 15:35:46.655,18788,18789,18788,1,-1
2024-02-20 15:35:51.616,18788,18789,18789,1,1
2024-02-20 15:35:51.616,18788,18789,18790,1,1
2024-02-20 15:36:04.560,18789,18790,18790,2,2
2024-02-20 15:36:13.544,18789,18790,18790,1,1
2024-02-20 15:36:13.545,18789,18790,18790,8,8
2024-02-20 15:36:13.545,18789,18790,18790,1,1
2024-02-20 15:36:13.545,18789,18790,18790,2,2
2024-02-20 15:36:13.545,18789,18790,18790,1,1
2024-02-20 15:36:13.545,18789,18790,18790,9,9
2024-02-20 15:36:16.111,18790,18791,18790,1,-1
2024-02-20 15:36:16.656,18790,18791,18791,1,1
2024-02-20 15:36:24.444,18790,18791,18791,1,1
2024-02-20 15:36:28.952,18791,18792,18791,2,-2
2024-02-20 15:36:28.953,18791,18792,18791,17,-17
2024-02-20 15:36:36.846,18790,18791,18791,14,14
2024-02-20 15:36:53.032,18791,18792,18792,1,1
2024-02-20 15:36:54.927,18791,18793,18791,4,-4
2024-02-20 15:36:56.580,18791,18792,18792,1,1
2024-02-20 15:37:06.140,18791,18792,18791,1,-1
2024-02-20 15:37:06.487,18790,18791,18790,1,-1
2024-02-20 15:37:14.163,18790,18791,18791,1,1
2024-02-20 15:37:19.324,18790,18791,18790,9,-9
2024-02-20 15:37:34.737,18789,18790,18790,1,1
2024-02-20 15:37:35.705,18789,18790,18790,2,2
2024-02-20 15:37:47.873,18790,18791,18790,1,-1
2024-02-20 15:37:54.480,18790,18791,18791,1,1
2024-02-20 15:38:00.166,18791,18792,18791,2,-2
2024-02-20 15:38:13.895,18791,18792,18792,1,1
2024-02-20 15:38:29.927,18791,18792,18792,2,2
2024-02-20 15:38:29.964,18791,18792,18792,2,2
2024-02-20 15:38:36.089,18791,18792,18792,2,2
2024-02-20 15:38:38.475,18792,18793,18792,1,-1
2024-02-20 15:38:44.677,18792,18793,18793,1,1
2024-02-20 15:38:51.838,18792,18793,18793,1,1
2024-02-20 15:39:00.182,18792,18793,18792,2,-2
2024-02-20 15:39:16.163,18792,18793,18792,1,-1
2024-02-20 15:39:20.664,18792,18793,18793,1,1
2024-02-20 15:39:21.857,18792,18793,18792,1,-1
2024-02-20 15:39:28.102,18792,18793,18793,5,5
2024-02-20 15:39:40.547,18792,18793,18792,1,-1
2024-02-20 15:39:43.037,18791,18792,18792,2,2
2024-02-20 15:39:53.025,18791,18792,18792,2,2
2024-02-20 15:39:56.889,18791,18792,18792,1,1
2024-02-20 15:40:01.447,18791,18792,18792,1,1
2024-02-20 15:40:01.914,18791,18792,18791,1,-1
2024-02-20 15:40:02.521,18791,18792,18792,5,5
2024-02-20 15:40:18.002,18791,18792,18791,2,-2
2024-02-20 15:40:18.158,18791,18792,18791,4,-4
2024-02-20 15:40:24.379,18790,18792,18792,1,1
2024-02-20 15:40:26.417,18791,18792,18791,1,-1
2024-02-20 15:40:29.203,18791,18792,18792,1,1
2024-02-20 15:40:29.203,18791,18792,18793,4,4
2024-02-20 15:40:39.651,18791,18793,18791,1,-1
2024-02-20 15:40:54.544,18791,18792,18791,2,-2
2024-02-20 15:40:54.544,18791,18792,18791,5,-5
2024-02-20 15:40:54.544,18791,18792,18791,2,-2
2024-02-20 15:40:54.544,18791,18792,18791,5,-5
2024-02-20 15:40:56.100,18790,18791,18790,1,-1
2024-02-20 15:40:56.100,18790,18791,18790,11,-11
2024-02-20 15:40:56.100,18790,18791,18790,1,-1
2024-02-20 15:40:56.100,18790,18791,18790,4,-4
2024-02-20 15:40:56.104,18790,18791,18789,1,-1
2024-02-20 15:41:00.950,18788,18789,18788,2,-2
2024-02-20 15:41:01.526,18788,18789,18788,1,-1
2024-02-20 15:41:05.063,18788,18789,18788,1,-1
2024-02-20 15:41:06.477,18788,18789,18788,1,-1
2024-02-20 15:41:06.477,18788,18789,18788,1,-1
2024-02-20 15:41:08.420,18787,18789,18787,1,-1
2024-02-20 15:41:12.072,18787,18788,18788,1,1
2024-02-20 15:41:14.728,18787,18788,18788,1,1
2024-02-20 15:41:16.760,18787,18789,18787,3,-3
2024-02-20 15:41:18.121,18787,18788,18787,1,-1
2024-02-20 15:41:19.198,18787,18788,18787,1,-1
2024-02-20 15:41:22.544,18787,18788,18788,1,1
2024-02-20 15:41:22.593,18787,18788,18788,2,2
2024-02-20 15:41:22.593,18787,18788,18787,1,-1
2024-02-20 15:41:27.593,18788,18790,18788,3,-3
2024-02-20 15:41:33.280,18788,18789,18788,4,-4
2024-02-20 15:41:33.280,18788,18789,18788,2,-2
2024-02-20 15:41:33.280,18788,18789,18788,1,-1
2024-02-20 15:41:33.271,18788,18789,18788,16,-16
2024-02-20 15:41:33.279,18788,18789,18788,1,-1
2024-02-20 15:41:33.279,18788,18789,18788,1,-1
2024-02-20 15:41:38.198,18787,18788,18788,1,1
2024-02-20 15:41:38.794,18787,18788,18788,1,1
2024-02-20 15:41:39.920,18787,18788,18788,1,1
2024-02-20 15:41:39.921,18787,18788,18788,3,3
2024-02-20 15:41:41.573,18788,18789,18788,1,-1
2024-02-20 15:41:42.011,18788,18789,18789,1,1
2024-02-20 15:41:43.240,18788,18789,18789,1,1
2024-02-20 15:41:46.121,18788,18789,18789,1,1
2024-02-20 15:41:46.789,18788,18790,18790,1,1
2024-02-20 15:42:15.209,18789,18790,18790,1,1
2024-02-20 15:42:16.319,18789,18790,18789,12,-12
2024-02-20 15:42:19.279,18789,18790,18789,1,-1
2024-02-20 15:42:21.226,18789,18790,18790,1,1
2024-02-20 15:42:31.164,18789,18790,18790,9,9
2024-02-20 15:42:32.991,18790,18791,18790,1,-1
2024-02-20 15:42:42.317,18790,18792,18790,1,-1
2024-02-20 15:42:49.469,18790,18791,18791,1,1
2024-02-20 15:42:54.949,18790,18791,18791,3,3
2024-02-20 15:43:12.120,18790,18791,18791,1,1
2024-02-20 15:43:36.322,18790,18791,18790,6,-6
2024-02-20 15:43:58.256,18790,18792,18791,1,-1
2024-02-20 15:44:10.988,18790,18791,18790,3,-3
2024-02-20 15:44:10.988,18790,18791,18790,2,-2
2024-02-20 15:44:10.988,18790,18791,18790,1,-1
2024-02-20 15:44:10.989,18790,18791,18790,1,-1
2024-02-20 15:44:11.528,18789,18790,18789,1,-1
2024-02-20 15:44:22.283,18790,18791,18790,2,-2
2024-02-20 15:44:25.563,18789,18790,18790,1,1
2024-02-20 15:44:29.432,18789,18790,18790,1,1
2024-02-20 15:44:33.916,18789,18790,18789,1,-1
2024-02-20 15:44:38.089,18789,18790,18789,2,-2
2024-02-20 15:44:38.090,18789,18790,18789,2,-2
2024-02-20 15:44:38.090,18789,18790,18789,1,-1
2024-02-20 15:44:40.589,18789,18790,18789,1,-1
2024-02-20 15:45:03.077,18789,18790,18790,10,10
2024-02-20 15:45:03.486,18789,18791,18791,1,1
2024-02-20 15:45:03.508,18789,18791,18791,1,1
2024-02-20 15:45:05.826,18789,18791,18789,1,-1
2024-02-20 15:45:06.070,18789,18791,18789,1,-1
2024-02-20 15:45:26.953,18789,18790,18790,3,3
2024-02-20 15:45:30.662,18789,18790,18789,1,-1
2024-02-20 15:45:34.768,18789,18790,18790,1,1
2024-02-20 15:45:35.129,18790,18791,18790,5,-5
2024-02-20 15:45:37.100,18789,18790,18789,1,-1
2024-02-20 15:45:45.691,18788,18789,18789,2,2
2024-02-20 15:46:17.839,18788,18790,18790,3,3
2024-02-20 15:46:46.191,18789,18790,18790,2,2
2024-02-20 15:46:47.003,18789,18790,18789,1,-1
2024-02-20 15:46:47.034,18789,18790,18789,1,-1
2024-02-20 15:46:47.034,18789,18790,18789,6,-6
2024-02-20 15:46:47.034,18789,18790,18788,1,-1
2024-02-20 15:46:47.036,18789,18790,18788,1,-1
2024-02-20 15:46:48.178,18788,18790,18790,4,4
2024-02-20 15:46:48.253,18788,18790,18790,3,3
2024-02-20 15:46:48.254,18788,18790,18790,2,2
2024-02-20 15:47:18.786,18788,18790,18788,2,-2
2024-02-20 15:47:38.086,18788,18790,18788,1,-1
2024-02-20 15:47:42.056,18788,18790,18788,1,-1
2024-02-20 15:47:54.489,18788,18790,18788,3,-3
2024-02-20 15:48:05.330,18789,18790,18790,2,2
2024-02-20 15:48:05.331,18789,18790,18790,1,1
2024-02-20 15:48:05.331,18789,18790,18790,1,1
2024-02-20 15:48:05.352,18789,18790,18791,2,2
2024-02-20 15:48:05.503,18790,18791,18790,1,-1
2024-02-20 15:48:07.726,18790,18791,18790,1,-1
2024-02-20 15:48:40.216,18790,18791,18790,1,-1
2024-02-20 15:48:49.589,18790,18791,18790,2,-2
2024-02-20 15:48:49.589,18790,18791,18790,2,-2
2024-02-20 15:48:53.413,18789,18791,18789,2,-2
2024-02-20 15:49:13.006,18789,18790,18789,1,-1
2024-02-20 15:49:21.443,18789,18791,18789,1,-1
2024-02-20 15:49:31.657,18789,18790,18790,2,2
2024-02-20 15:49:44.062,18789,18790,18790,1,1
2024-02-20 15:49:56.889,18789,18791,18791,1,1
2024-02-20 15:50:08.941,18790,18791,18790,1,-1
2024-02-20 15:50:16.623,18790,18791,18791,4,4
2024-02-20 15:50:16.628,18790,18791,18792,3,3
2024-02-20 15:50:19.021,18791,18792,18791,4,-4
2024-02-20 15:50:19.729,18791,18792,18792,1,1
2024-02-20 15:50:23.614,18791,18792,18792,1,1
2024-02-20 15:50:23.614,18791,18792,18792,1,1
2024-02-20 15:50:30.831,18792,18793,18793,3,3
2024-02-20 15:50:32.559,18792,18793,18793,1,1
2024-02-20 15:50:35.209,18792,18793,18792,1,-1
2024-02-20 15:50:45.831,18792,18793,18793,1,1
2024-02-20 15:50:46.710,18792,18793,18792,1,-1
2024-02-20 15:50:46.724,18792,18793,18793,2,2
2024-02-20 15:50:55.578,18792,18793,18793,1,1
2024-02-20 15:50:58.172,18792,18793,18792,1,-1
2024-02-20 15:51:01.153,18792,18793,18793,1,1
2024-02-20 15:51:02.124,18792,18793,18792,1,-1
2024-02-20 15:51:03.960,18791,18792,18791,1,-1
2024-02-20 15:51:05.140,18790,18792,18792,3,3
2024-02-20 15:51:05.792,18790,18792,18792,1,1
2024-02-20 15:51:10.494,18790,18791,18791,1,1
2024-02-20 15:51:13.361,18790,18792,18792,1,1
2024-02-20 15:51:26.535,18791,18793,18792,1,1
2024-02-20 15:51:53.956,18792,18793,18793,4,4
2024-02-20 15:51:53.969,18792,18793,18793,2,2
2024-02-20 15:51:53.969,18792,18793,18793,2,2
2024-02-20 15:51:53.969,18792,18793,18793,1,1
2024-02-20 15:51:53.970,18792,18793,18793,1,1
2024-02-20 15:51:53.970,18792,18793,18793,2,2
2024-02-20 15:51:53.970,18792,18793,18793,3,3
2024-02-20 15:51:59.915,18793,18794,18793,1,-1
2024-02-20 15:52:00.692,18793,18794,18794,1,1
2024-02-20 15:52:03.222,18793,18794,18793,1,-1
2024-02-20 15:52:09.557,18793,18794,18793,1,-1
2024-02-20 15:52:11.125,18793,18794,18793,4,-4
2024-02-20 15:52:15.314,18793,18794,18793,3,-3
2024-02-20 15:52:15.315,18793,18794,18793,1,-1
2024-02-20 15:52:16.685,18792,18794,18792,1,-1
2024-02-20 15:52:17.817,18792,18794,18792,6,-6
2024-02-20 15:52:38.896,18792,18793,18793,3,3
2024-02-20 15:52:56.968,18792,18794,18794,1,1
2024-02-20 15:52:58.011,18792,18793,18793,1,1
2024-02-20 15:52:59.455,18793,18794,18793,1,-1
2024-02-20 15:53:02.348,18793,18794,18793,3,-3
2024-02-20 15:53:03.916,18792,18794,18794,1,1
2024-02-20 15:53:06.321,18793,18794,18794,1,1
2024-02-20 15:53:08.734,18793,18794,18794,1,1
2024-02-20 15:53:14.870,18793,18794,18793,1,-1
2024-02-20 15:53:29.561,18793,18794,18793,1,-1
2024-02-20 15:53:33.576,18793,18794,18793,3,-3
2024-02-20 15:53:41.085,18793,18794,18794,3,3
2024-02-20 15:53:42.988,18793,18794,18793,1,-1
2024-02-20 15:53:46.125,18793,18794,18794,2,2
2024-02-20 15:53:46.125,18793,18794,18794,1,1
2024-02-20 15:53:46.125,18793,18794,18794,2,2
2024-02-20 15:53:46.132,18793,18794,18795,5,5
2024-02-20 15:53:46.337,18794,18795,18795,1,1
2024-02-20 15:53:50.440,18794,18795,18795,2,2
2024-02-20 15:53:55.169,18794,18795,18795,1,1
2024-02-20 15:53:59.704,18794,18795,18795,1,1
2024-02-20 15:53:59.704,18794,18795,18795,3,3
2024-02-20 15:53:59.704,18794,18795,18795,1,1
2024-02-20 15:53:59.704,18794,18795,18795,1,1
2024-02-20 15:53:59.704,18794,18795,18795,3,3
2024-02-20 15:53:59.889,18794,18796,18795,1,1
2024-02-20 15:54:04.119,18794,18796,18794,3,-3
2024-02-20 15:54:15.357,18794,18796,18796,3,3
2024-02-20 15:54:15.431,18795,18796,18796,1,1
2024-02-20 15:54:17.855,18795,18796,18795,2,-2
2024-02-20 15:54:18.813,18795,18796,18796,1,1
2024-02-20 15:54:26.513,18794,18796,18794,1,-1
2024-02-20 15:55:03.698,18795,18796,18795,1,-1
2024-02-20 15:55:03.699,18795,18796,18795,8,-8
2024-02-20 15:55:17.102,18795,18796,18796,1,1
2024-02-20 15:55:19.674,18795,18796,18795,4,-4
2024-02-20 15:55:21.418,18795,18796,18796,1,1
2024-02-20 15:55:26.173,18795,18796,18796,1,1
2024-02-20 15:55:31.194,18795,18796,18796,1,1
2024-02-20 15:55:55.931,18795,18796,18796,1,1
2024-02-20 15:56:04.765,18795,18796,18796,2,2
2024-02-20 15:56:05.037,18795,18796,18795,1,-1
2024-02-20 15:56:05.106,18795,18796,18795,1,-1
2024-02-20 15:56:06.780,18795,18796,18796,1,1
2024-02-20 15:56:12.540,18795,18796,18796,1,1
2024-02-20 15:56:12.673,18795,18796,18796,1,1
2024-02-20 15:56:12.784,18795,18796,18796,1,1
2024-02-20 15:56:21.911,18795,18796,18795,2,-2
2024-02-20 15:56:29.752,18795,18796,18795,1,-1
2024-02-20 15:56:29.906,18795,18796,18795,1,-1
2024-02-20 15:56:30.069,18795,18796,18795,1,-1
2024-02-20 15:56:30.213,18795,18796,18795,1,-1
2024-02-20 15:56:30.341,18795,18796,18795,1,-1
2024-02-20 15:56:32.697,18795,18796,18795,2,-2
2024-02-20 15:56:34.127,18795,18796,18795,2,-2
2024-02-20 15:56:39.134,18795,18796,18795,3,-3
2024-02-20 15:56:39.134,18795,18796,18795,2,-2
2024-02-20 15:56:39.134,18795,18796,18795,1,-1
2024-02-20 15:56:39.134,18795,18796,18795,3,-3
2024-02-20 15:56:39.134,18795,18796,18795,3,-3
2024-02-20 15:56:39.429,18794,18795,18794,1,-1
2024-02-20 15:56:39.553,18794,18795,18794,3,-3
2024-02-20 15:56:39.553,18794,18795,18794,1,-1
2024-02-20 15:56:40.013,18793,18794,18794,1,1
2024-02-20 15:56:44.862,18793,18794,18793,3,-3
2024-02-20 15:56:45.040,18792,18793,18792,1,-1
2024-02-20 15:56:45.307,18792,18793,18792,1,-1
2024-02-20 15:56:46.616,18792,18793,18793,2,2
2024-02-20 15:56:58.338,18793,18794,18793,2,-2
2024-02-20 15:56:58.338,18793,18794,18793,1,-1
2024-02-20 15:57:03.889,18792,18793,18793,1,1
2024-02-20 15:57:04.780,18792,18793,18793,1,1
2024-02-20 15:57:05.949,18792,18793,18793,1,1
2024-02-20 15:57:07.154,18792,18793,18793,1,1
2024-02-20 15:57:08.717,18792,18793,18793,1,1
2024-02-20 15:57:13.368,18793,18794,18793,1,-1
2024-02-20 15:57:49.076,18793,18794,18794,1,1
2024-02-20 15:58:09.757,18793,18794,18794,1,1
2024-02-20 15:58:11.355,18793,18794,18794,1,1
2024-02-20 15:58:15.039,18793,18794,18793,1,-1
2024-02-20 15:58:15.044,18793,18794,18793,1,-1
2024-02-20 15:58:26.302,18793,18794,18794,1,1
2024-02-20 15:58:26.303,18793,18794,18794,1,1
2024-02-20 15:58:31.657,18793,18794,18793,6,-6
2024-02-20 15:58:41.607,18792,18793,18793,1,1
2024-02-20 15:58:46.400,18792,18793,18792,1,-1
2024-02-20 15:58:52.101,18792,18793,18792,7,-7
2024-02-20 15:58:52.352,18791,18792,18792,1,1
2024-02-20 15:58:52.602,18791,18792,18792,1,1
2024-02-20 15:58:52.852,18791,18792,18792,1,1
2024-02-20 15:58:53.103,18791,18792,18792,1,1
2024-02-20 15:58:53.353,18791,18792,18792,1,1
2024-02-20 15:58:53.603,18791,18792,18792,1,1
2024-02-20 15:58:54.055,18791,18793,18793,2,2
2024-02-20 15:59:08.738,18792,18793,18793,1,1
2024-02-20 15:59:10.618,18792,18793,18793,1,1
2024-02-20 15:59:59.815,18792,18793,18792,5,-5
2024-02-20 15:59:59.817,18792,18793,18793,4,4
2024-02-20 16:00:00.115,18792,18793,18792,1,-1
2024-02-20 16:00:00.229,18792,18794,18792,1,-1
2024-02-20 16:00:00.413,18791,18793,18793,1,1
2024-02-20 16:00:00.608,18791,18792,18791,3,-3
2024-02-20 16:00:00.612,18791,18792,18791,3,-3
2024-02-20 16:00:00.715,18791,18792,18791,1,-1
2024-02-20 16:00:00.775,18791,18792,18791,1,-1
2024-02-20 16:00:01.010,18791,18793,18791,1,-1
2024-02-20 16:00:01.612,18791,18792,18791,1,-1
2024-02-20 16:00:02.334,18793,18794,18793,2,-2
2024-02-20 16:00:02.607,18792,18794,18792,1,-1
2024-02-20 16:00:27.072,18792,18793,18792,1,-1
2024-02-20 16:00:52.473,18792,18794,18792,1,-1
2024-02-20 16:01:00.564,18793,18794,18794,1,1
2024-02-20 16:01:00.661,18793,18794,18793,1,-1
2024-02-20 16:01:00.949,18793,18794,18794,1,1
2024-02-20 16:01:01.392,18793,18794,18794,1,1
2024-02-20 16:01:02.376,18793,18794,18794,1,1
2024-02-20 16:01:03.100,18793,18794,18794,2,2
2024-02-20 16:01:04.478,18794,18795,18795,1,1
2024-02-20 16:01:08.398,18794,18795,18794,1,-1
2024-02-20 16:01:13.094,18793,18794,18794,1,1
2024-02-20 16:01:19.969,18794,18795,18795,2,2
2024-02-20 16:01:23.611,18794,18795,18795,1,1
2024-02-20 16:01:24.128,18794,18796,18795,1,1
2024-02-20 16:01:29.196,18795,18796,18796,2,2
2024-02-20 16:01:30.850,18795,18796,18796,8,8
2024-02-20 16:01:32.116,18796,18797,18797,1,1
2024-02-20 16:01:32.116,18796,18797,18797,10,10
2024-02-20 16:01:32.183,18796,18798,18798,2,2
2024-02-20 16:01:32.225,18796,18798,18798,1,1
2024-02-20 16:01:32.293,18797,18798,18798,1,1
2024-02-20 16:01:35.680,18797,18798,18797,1,-1
2024-02-20 16:01:37.930,18797,18798,18797,2,-2
2024-02-20 16:01:37.930,18797,18798,18797,1,-1
2024-02-20 16:01:38.694,18796,18797,18797,1,1
2024-02-20 16:01:41.533,18796,18797,18797,1,1
2024-02-20 16:01:48.346,18797,18798,18797,1,-1
2024-02-20 16:01:57.811,18797,18798,18798,1,1
2024-02-20 16:01:59.920,18797,18798,18797,2,-2
2024-02-20 16:02:02.066,18797,18798,18798,15,15
2024-02-20 16:02:02.616,18798,18799,18799,1,1
2024-02-20 16:02:02.616,18798,18799,18799,4,4
2024-02-20 16:02:02.616,18798,18799,18799,2,2
2024-02-20 16:02:02.616,18798,18799,18799,23,23
2024-02-20 16:02:02.616,18798,18799,18799,1,1
2024-02-20 16:02:02.616,18798,18799,18799,5,5
2024-02-20 16:02:02.616,18798,18799,18799,2,2
2024-02-20 16:02:02.617,18798,18799,18799,1,1
2024-02-20 16:02:02.617,18798,18799,18799,1,1
2024-02-20 16:02:02.617,18798,18799,18799,11,11
2024-02-20 16:02:02.870,18799,18800,18800,1,1
2024-02-20 16:02:02.871,18799,18800,18800,1,1
2024-02-20 16:02:02.910,18799,18800,18800,1,1
2024-02-20 16:02:02.923,18799,18800,18800,1,1
2024-02-20 16:02:02.924,18799,18800,18800,1,1
2024-02-20 16:02:02.932,18799,18800,18800,1,1
2024-02-20 16:02:02.951,18799,18800,18800,1,1
2024-02-20 16:02:02.972,18799,18800,18800,1,1
2024-02-20 16:02:03.076,18799,18800,18800,1,1
2024-02-20 16:02:03.076,18799,18800,18800,1,1
2024-02-20 16:02:03.242,18799,18800,18800,5,5
2024-02-20 16:02:03.244,18799,18800,18800,2,2
2024-02-20 16:02:03.251,18799,18800,18801,2,2
2024-02-20 16:02:03.314,18800,18801,18801,1,1
2024-02-20 16:02:03.318,18800,18801,18801,1,1
2024-02-20 16:02:03.319,18800,18801,18801,2,2
2024-02-20 16:02:03.319,18800,18801,18801,1,1
2024-02-20 16:02:03.339,18800,18801,18802,1,1
2024-02-20 16:02:03.340,18800,18801,18801,1,1
2024-02-20 16:02:03.353,18800,18801,18802,1,1
2024-02-20 16:02:03.364,18800,18801,18802,1,1
2024-02-20 16:02:03.369,18800,18801,18802,1,1
2024-02-20 16:02:03.468,18801,18802,18802,1,1
2024-02-20 16:02:03.551,18801,18802,18802,5,5
2024-02-20 16:02:03.769,18801,18802,18802,1,1
2024-02-20 16:02:03.816,18801,18802,18802,1,1
2024-02-20 16:02:03.873,18801,18802,18801,3,-3
2024-02-20 16:02:03.873,18801,18802,18801,1,-1
2024-02-20 16:02:03.873,18801,18802,18802,5,5
2024-02-20 16:02:03.937,18800,18801,18801,3,3
2024-02-20 16:02:03.937,18800,18801,18800,3,-3
2024-02-20 16:02:04.318,18800,18802,18802,1,1
2024-02-20 16:02:05.034,18800,18802,18802,1,1
2024-02-20 16:02:05.933,18800,18802,18802,1,1
2024-02-20 16:02:06.381,18800,18802,18802,1,1
2024-02-20 16:02:07.094,18800,18802,18802,1,1
2024-02-20 16:02:09.107,18800,18802,18802,1,1
2024-02-20 16:02:10.211,18800,18802,18802,14,14
2024-02-20 16:02:11.120,18802,18803,18803,3,3
2024-02-20 16:02:11.710,18802,18803,18803,1,1
2024-02-20 16:02:12.726,18802,18803,18803,5,5
2024-02-20 16:02:12.726,18802,18803,18804,7,7
2024-02-20 16:02:12.755,18802,18803,18802,2,-2
2024-02-20 16:02:12.755,18802,18803,18802,2,-2
2024-02-20 16:02:12.755,18802,18803,18802,1,-1
2024-02-20 16:02:12.850,18801,18802,18801,1,-1
2024-02-20 16:02:12.918,18801,18802,18801,1,-1
2024-02-20 16:02:12.930,18801,18802,18801,2,-2
2024-02-20 16:02:12.975,18801,18802,18802,4,4
2024-02-20 16:02:13.121,18801,18802,18802,1,1
2024-02-20 16:02:14.117,18801,18802,18802,1,1
2024-02-20 16:02:15.473,18802,18803,18802,3,-3
2024-02-20 16:02:15.474,18802,18803,18802,7,-7
2024-02-20 16:02:15.516,18802,18803,18802,4,-4
2024-02-20 16:02:15.516,18802,18803,18803,7,7
2024-02-20 16:02:19.436,18801,18802,18802,3,3
2024-02-20 16:02:20.863,18801,18802,18801,2,-2
2024-02-20 16:02:20.864,18801,18802,18801,1,-1
2024-02-20 16:02:22.222,18801,18802,18802,1,1
2024-02-20 16:02:24.739,18801,18802,18801,1,-1
2024-02-20 16:02:26.243,18801,18802,18801,1,-1
2024-02-20 16:02:26.802,18801,18802,18801,1,-1
2024-02-20 16:02:29.085,18801,18802,18801,1,-1
2024-02-20 16:02:29.087,18801,18802,18800,28,-28
2024-02-20 16:02:29.093,18801,18802,18799,1,-1
2024-02-20 16:02:29.093,18801,18802,18799,3,-3
2024-02-20 16:02:29.303,18798,18799,18799,4,4
2024-02-20 16:02:29.303,18798,18799,18800,11,11
2024-02-20 16:02:29.807,18799,18800,18800,1,1
2024-02-20 16:02:33.790,18800,18801,18800,1,-1
2024-02-20 16:02:34.668,18800,18801,18800,1,-1
2024-02-20 16:02:35.862,18798,18800,18800,1,1
2024-02-20 16:02:36.395,18798,18800,18800,1,1
2024-02-20 16:02:40.394,18800,18801,18800,1,-1
2024-02-20 16:02:42.781,18800,18802,18800,1,-1
2024-02-20 16:02:43.470,18800,18802,18801,2,-2
2024-02-20 16:02:49.863,18800,18801,18801,1,1
2024-02-20 16:02:52.082,18800,18801,18800,2,-2
2024-02-20 16:02:52.779,18800,18801,18800,1,-1
2024-02-20 16:02:57.408,18800,18801,18801,1,1
2024-02-20 16:02:58.478,18800,18801,18800,1,-1
2024-02-20 16:02:58.998,18800,18801,18800,1,-1
2024-02-20 16:03:00.172,18800,18801,18800,1,-1
2024-02-20 16:03:00.172,18800,18801,18800,2,-2
2024-02-20 16:03:01.861,18800,18801,18800,5,-5
2024-02-20 16:03:03.495,18799,18800,18800,2,2
2024-02-20 16:03:03.653,18799,18800,18800,1,1
2024-02-20 16:03:04.617,18800,18801,18800,1,-1
2024-02-20 16:03:05.573,18800,18801,18801,1,1
2024-02-20 16:03:07.250,18800,18801,18800,2,-2
2024-02-20 16:03:07.558,18800,18801,18800,1,-1
2024-02-20 16:03:07.558,18800,18801,18800,1,-1
2024-02-20 16:03:07.558,18800,18801,18800,8,-8
2024-02-20 16:03:07.559,18800,18801,18799,2,-2
2024-02-20 16:03:09.207,18799,18800,18800,1,1
2024-02-20 16:03:09.920,18799,18800,18800,1,1
2024-02-20 16:03:11.442,18799,18800,18799,1,-1
2024-02-20 16:03:12.403,18798,18800,18798,1,-1
2024-02-20 16:03:12.422,18798,18800,18798,1,-1
2024-02-20 16:03:13.700,18798,18800,18798,1,-1
2024-02-20 16:03:14.057,18798,18800,18798,1,-1
2024-02-20 16:03:30.859,18798,18800,18800,1,1
2024-02-20 16:03:33.783,18798,18799,18799,1,1
2024-02-20 16:03:36.880,18798,18800,18798,2,-2
2024-02-20 16:03:37.194,18798,18799,18799,5,5
2024-02-20 16:03:46.463,18798,18799,18798,1,-1
2024-02-20 16:03:46.463,18798,18799,18798,2,-2
2024-02-20 16:03:54.929,18798,18799,18798,11,-11
2024-02-20 16:03:54.930,18798,18799,18797,2,-2
2024-02-20 16:03:54.931,18798,18799,18797,1,-1
2024-02-20 16:03:54.931,18798,18799,18797,2,-2
2024-02-20 16:04:01.647,18798,18799,18798,2,-2
2024-02-20 16:04:09.831,18798,18799,18798,2,-2
2024-02-20 16:04:22.098,18798,18799,18799,2,2
2024-02-20 16:04:22.098,18798,18799,18799,2,2
2024-02-20 16:04:26.463,18799,18800,18800,11,11
2024-02-20 16:04:26.928,18800,18801,18800,3,-3
2024-02-20 16:04:29.899,18800,18801,18801,1,1
2024-02-20 16:04:29.899,18800,18801,18801,1,1
2024-02-20 16:04:29.899,18800,18801,18801,1,1
2024-02-20 16:04:29.901,18800,18801,18801,1,1
2024-02-20 16:04:34.045,18801,18802,18801,1,-1
2024-02-20 16:04:37.138,18801,18802,18801,4,-4
2024-02-20 16:04:40.005,18801,18802,18801,1,-1
2024-02-20 16:04:52.274,18800,18802,18801,1,-1
2024-02-20 16:04:57.139,18801,18802,18801,1,-1
2024-02-20 16:04:57.139,18801,18802,18800,1,-1
2024-02-20 16:05:00.529,18800,18802,18802,1,1
2024-02-20 16:05:01.525,18800,18801,18800,1,-1
2024-02-20 16:05:07.780,18800,18801,18801,1,1
2024-02-20 16:05:20.607,18800,18801,18801,1,1
2024-02-20 16:05:20.634,18800,18801,18801,1,1
2024-02-20 16:05:32.985,18800,18801,18801,1,1
2024-02-20 16:05:37.434,18801,18802,18801,1,-1
2024-02-20 16:05:43.756,18800,18801,18800,4,-4
2024-02-20 16:05:51.632,18798,18799,18799,1,1
2024-02-20 16:05:57.869,18798,18799,18799,3,3
2024-02-20 16:06:01.894,18798,18799,18799,1,1
2024-02-20 16:06:01.894,18798,18799,18799,1,1
2024-02-20 16:06:06.802,18799,18800,18800,1,1
2024-02-20 16:06:16.497,18798,18800,18800,2,2
2024-02-20 16:06:23.337,18798,18799,18798,3,-3
2024-02-20 16:06:23.337,18798,18799,18798,1,-1
2024-02-20 16:06:29.023,18797,18798,18797,3,-3
2024-02-20 16:06:38.575,18797,18798,18797,2,-2
2024-02-20 16:06:38.576,18797,18798,18797,1,-1
2024-02-20 16:06:38.576,18797,18798,18797,2,-2
2024-02-20 16:06:38.576,18797,18798,18797,12,-12
2024-02-20 16:06:39.705,18796,18797,18796,4,-4
2024-02-20 16:06:42.502,18795,18796,18796,1,1
2024-02-20 16:06:43.020,18795,18796,18796,1,1
2024-02-20 16:06:43.575,18795,18796,18796,1,1
2024-02-20 16:06:46.976,18795,18796,18795,6,-6
2024-02-20 16:06:52.306,18794,18795,18795,1,1
2024-02-20 16:06:55.894,18794,18795,18795,1,1
2024-02-20 16:07:00.192,18794,18795,18794,4,-4
2024-02-20 16:07:04.877,18793,18794,18794,1,1
2024-02-20 16:07:05.012,18793,18795,18793,1,-1
2024-02-20 16:07:07.935,18793,18794,18793,1,-1
2024-02-20 16:07:10.219,18793,18794,18793,3,-3
2024-02-20 16:07:15.741,18793,18794,18793,2,-2
2024-02-20 16:07:21.484,18793,18794,18793,1,-1
2024-02-20 16:07:21.485,18793,18794,18793,1,-1
2024-02-20 16:07:21.485,18793,18794,18793,1,-1
2024-02-20 16:07:21.485,18793,18794,18793,1,-1
2024-02-20 16:07:42.318,18793,18794,18794,1,1
2024-02-20 16:07:43.205,18793,18794,18793,1,-1
2024-02-20 16:08:00.215,18796,18797,18796,2,-2
2024-02-20 16:08:01.960,18795,18796,18795,1,-1
2024-02-20 16:08:02.330,18795,18797,18795,2,-2
2024-02-20 16:08:21.799,18795,18796,18795,1,-1
2024-02-20 16:08:33.587,18794,18795,18794,1,-1
2024-02-20 16:08:38.289,18793,18794,18793,3,-3
2024-02-20 16:08:39.183,18793,18794,18794,3,3
2024-02-20 16:08:47.547,18795,18796,18795,1,-1
2024-02-20 16:08:50.955,18793,18794,18794,2,2
2024-02-20 16:09:16.682,18793,18794,18794,2,2
2024-02-20 16:09:18.190,18793,18794,18794,1,1
2024-02-20 16:09:20.440,18794,18795,18794,1,-1
2024-02-20 16:09:27.874,18794,18795,18794,1,-1
2024-02-20 16:09:36.515,18793,18794,18794,1,1
2024-02-20 16:09:44.209,18793,18795,18793,1,-1
2024-02-20 16:09:48.653,18793,18794,18793,4,-4
2024-02-20 16:09:58.987,18793,18794,18793,1,-1
2024-02-20 16:10:06.196,18793,18794,18794,1,1
2024-02-20 16:10:06.535,18794,18795,18794,1,-1
2024-02-20 16:10:15.824,18794,18795,18794,1,-1
2024-02-20 16:10:15.825,18794,18795,18794,1,-1
2024-02-20 16:10:17.941,18793,18795,18795,1,1
2024-02-20 16:10:20.016,18793,18794,18794,1,1
2024-02-20 16:10:33.462,18793,18794,18794,1,1
