2020-12-14 15:00:00,14192,14192,14192,126
2020-12-14 15:00:00,14192,14192,14192,2
2020-12-14 15:00:00,14191,14191,14191,2
2020-12-14 15:00:00,14191,14191,14191,4
2020-12-14 15:00:00,14192,14192,14192,4
2020-12-14 15:00:00,14191,14191,14191,2
2020-12-14 15:00:00,14192,14192,14192,4
2020-12-14 15:00:00,14191,14191,14191,2
2020-12-14 15:00:00,14191,14191,14191,2
2020-12-14 15:00:00,14191,14191,14191,2
2020-12-14 15:00:00,14191,14191,14191,2
2020-12-14 15:00:00,14192,14192,14192,2
2020-12-14 15:00:00,14191,14191,14191,6
2020-12-14 15:00:00,14190,14190,14190,2
2020-12-14 15:00:00,14190,14190,14190,2
2020-12-14 15:00:00,14190,14190,14190,2
2020-12-14 15:00:00,14190,14190,14190,2
2020-12-14 15:00:00,14190,14190,14190,6
2020-12-14 15:00:00,14190,14190,14190,2
2020-12-14 15:00:00,14190,14190,14190,2
2020-12-14 15:00:00,14190,14190,14190,2
2020-12-14 15:00:00,14190,14190,14190,2
2020-12-14 15:00:00,14190,14190,14190,2
2020-12-14 15:00:00,14190,14190,14190,4
2020-12-14 15:00:00,14190,14190,14190,2
2020-12-14 15:00:00,14190,14190,14190,2
2020-12-14 15:00:00,14190,14190,14190,2
2020-12-14 15:00:00,14189,14189,14189,2
2020-12-14 15:00:00,14189,14189,14189,2
2020-12-14 15:00:00,14189,14189,14189,2
2020-12-14 15:00:00,14189,14189,14189,2
2020-12-14 15:00:00,14189,14189,14189,2
2020-12-14 15:00:00,14188,14188,14188,2
2020-12-14 15:00:00,14188,14188,14188,2
2020-12-14 15:00:00,14188,14188,14188,2
2020-12-14 15:00:00,14188,14188,14188,2
2020-12-14 15:00:00,14191,14191,14191,2
2020-12-14 15:00:00,14188,14188,14188,2
2020-12-14 15:00:00,14188,14188,14188,2
2020-12-14 15:00:00,14187,14187,14187,4
2020-12-14 15:00:00,14187,14187,14187,2
2020-12-14 15:00:00,14187,14187,14187,2
2020-12-14 15:00:00,14187,14187,14187,2
2020-12-14 15:00:00,14187,14187,14187,2
2020-12-14 15:00:00,14187,14187,14187,2
2020-12-14 15:00:00,14187,14187,14187,2
2020-12-14 15:00:00,14187,14187,14187,2
2020-12-14 15:00:00,14186,14186,14186,2
2020-12-14 15:00:00,14185,14185,14185,2
2020-12-14 15:00:00,14185,14185,14185,2
2020-12-14 15:00:00,14185,14185,14185,2
2020-12-14 15:00:00,14185,14185,14185,2
2020-12-14 15:00:00,14185,14185,14185,2
2020-12-14 15:00:00,14185,14185,14185,4
2020-12-14 15:00:00,14184,14184,14184,2
2020-12-14 15:00:00,14184,14184,14184,2
2020-12-14 15:00:00,14184,14184,14184,2
2020-12-14 15:00:00,14184,14184,14184,2
2020-12-14 15:00:00,14183,14183,14183,2
2020-12-14 15:00:00,14183,14183,14183,2
2020-12-14 15:00:00,14182,14182,14182,2
2020-12-14 15:00:00,14182,14182,14182,2
2020-12-14 15:00:00,14182,14182,14182,2
2020-12-14 15:00:00,14182,14182,14182,2
2020-12-14 15:00:00,14181,14181,14181,2
2020-12-14 15:00:00,14181,14181,14181,2
2020-12-14 15:00:00,14182,14182,14182,2
2020-12-14 15:00:00,14181,14181,14181,2
2020-12-14 15:00:00,14181,14181,14181,2
2020-12-14 15:00:00,14181,14181,14181,2
2020-12-14 15:00:00,14181,14181,14181,2
2020-12-14 15:00:00,14181,14181,14181,2
2020-12-14 15:00:00,14181,14181,14181,2
2020-12-14 15:00:00,14181,14181,14181,2
2020-12-14 15:00:00,14180,14180,14180,2
2020-12-14 15:00:00,14191,14191,14191,2
2020-12-14 15:00:00,14180,14180,14180,2
2020-12-14 15:00:00,14180,14180,14180,2
2020-12-14 15:00:00,14180,14180,14180,2
2020-12-14 15:00:00,14190,14190,14190,2
2020-12-14 15:00:00,14191,14191,14191,2
2020-12-14 15:00:00,14180,14180,14180,2
2020-12-14 15:00:00,14191,14191,14191,4
2020-12-14 15:00:00,14180,14180,14180,2
2020-12-14 15:00:00,14180,14180,14180,2
2020-12-14 15:00:00,14180,14180,14180,2
2020-12-14 15:00:00,14190,14190,14190,2
2020-12-14 15:00:00,14180,14180,14180,2
2020-12-14 15:00:00,14179,14179,14179,2
2020-12-14 15:00:00,14179,14179,14179,2
2020-12-14 15:00:00,14179,14179,14179,2
2020-12-14 15:00:00,14179,14179,14179,2
2020-12-14 15:00:00,14179,14179,14179,2
2020-12-14 15:00:00,14179,14179,14179,2
2020-12-14 15:00:00,14179,14179,14179,2
2020-12-14 15:00:00,14179,14179,14179,2
2020-12-14 15:00:00,14179,14179,14179,2
2020-12-14 15:00:00,14179,14179,14179,2
2020-12-14 15:00:00,14179,14179,14179,2
2020-12-14 15:00:00,14179,14179,14179,2
2020-12-14 15:00:00,14184,14184,14184,2
2020-12-14 15:00:00,14185,14185,14185,2
2020-12-14 15:00:01,14178,14178,14178,2
2020-12-14 15:00:01,14186,14186,14186,2
2020-12-14 15:00:01,14187,14187,14187,4
2020-12-14 15:00:01,14179,14179,14179,2
2020-12-14 15:00:01,14178,14178,14178,2
2020-12-14 15:00:01,14178,14178,14178,2
2020-12-14 15:00:01,14178,14178,14178,2
2020-12-14 15:00:01,14179,14179,14179,2
2020-12-14 15:00:01,14179,14179,14179,2
2020-12-14 15:00:01,14178,14178,14178,2
2020-12-14 15:00:01,14186,14186,14186,2
2020-12-14 15:00:01,14179,14179,14179,2
2020-12-14 15:00:01,14178,14178,14178,2
2020-12-14 15:00:01,14178,14178,14178,2
2020-12-14 15:00:01,14178,14178,14178,2
2020-12-14 15:00:01,14178,14178,14178,2
2020-12-14 15:00:01,14178,14178,14178,2
2020-12-14 15:00:01,14178,14178,14178,2
2020-12-14 15:00:01,14178,14178,14178,2
2020-12-14 15:00:01,14178,14178,14178,2
2020-12-14 15:00:01,14180,14180,14180,4
2020-12-14 15:00:01,14178,14178,14178,4
2020-12-14 15:00:01,14178,14178,14178,2
2020-12-14 15:00:01,14178,14178,14178,2
2020-12-14 15:00:01,14178,14178,14178,2
2020-12-14 15:00:01,14178,14178,14178,2
2020-12-14 15:00:01,14178,14178,14178,2
2020-12-14 15:00:01,14178,14178,14178,2
2020-12-14 15:00:01,14177,14177,14177,2
2020-12-14 15:00:01,14177,14177,14177,2
2020-12-14 15:00:01,14179,14179,14179,2
2020-12-14 15:00:01,14180,14180,14180,2
2020-12-14 15:00:01,14177,14177,14177,4
2020-12-14 15:00:01,14180,14180,14180,2
2020-12-14 15:00:01,14177,14177,14177,2
2020-12-14 15:00:01,14177,14177,14177,2
2020-12-14 15:00:01,14177,14177,14177,2
2020-12-14 15:00:01,14177,14177,14177,4
2020-12-14 15:00:01,14180,14180,14180,2
2020-12-14 15:00:01,14181,14181,14181,2
2020-12-14 15:00:01,14177,14177,14177,2
2020-12-14 15:00:01,14176,14176,14176,2
2020-12-14 15:00:01,14177,14177,14177,4
2020-12-14 15:00:01,14177,14177,14177,2
2020-12-14 15:00:01,14176,14176,14176,2
2020-12-14 15:00:01,14176,14176,14176,2
2020-12-14 15:00:01,14180,14180,14180,2
2020-12-14 15:00:01,14180,14180,14180,4
2020-12-14 15:00:01,14178,14178,14178,2
2020-12-14 15:00:01,14177,14177,14177,2
2020-12-14 15:00:01,14179,14179,14179,2
2020-12-14 15:00:01,14180,14180,14180,2
2020-12-14 15:00:01,14177,14177,14177,4
2020-12-14 15:00:01,14179,14179,14179,8
2020-12-14 15:00:01,14176,14176,14176,2
2020-12-14 15:00:01,14177,14177,14177,2
2020-12-14 15:00:01,14177,14177,14177,2
2020-12-14 15:00:01,14177,14177,14177,2
2020-12-14 15:00:01,14178,14178,14178,6
2020-12-14 15:00:01,14179,14179,14179,2
2020-12-14 15:00:01,14179,14179,14179,6
2020-12-14 15:00:01,14177,14177,14177,2
2020-12-14 15:00:01,14176,14176,14176,4
2020-12-14 15:00:01,14176,14176,14176,4
2020-12-14 15:00:01,14176,14176,14176,2
2020-12-14 15:00:01,14176,14176,14176,2
2020-12-14 15:00:01,14176,14176,14176,2
2020-12-14 15:00:01,14176,14176,14176,2
2020-12-14 15:00:01,14179,14179,14179,2
2020-12-14 15:00:01,14176,14176,14176,2
2020-12-14 15:00:01,14176,14176,14176,8
2020-12-14 15:00:01,14176,14176,14176,2
2020-12-14 15:00:01,14176,14176,14176,2
2020-12-14 15:00:01,14176,14176,14176,6
2020-12-14 15:00:01,14176,14176,14176,2
2020-12-14 15:00:01,14176,14176,14176,2
2020-12-14 15:00:01,14176,14176,14176,8
2020-12-14 15:00:01,14175,14175,14175,2
2020-12-14 15:00:01,14175,14175,14175,2
2020-12-14 15:00:01,14175,14175,14175,2
2020-12-14 15:00:01,14175,14175,14175,4
2020-12-14 15:00:01,14178,14178,14178,4
2020-12-14 15:00:01,14179,14179,14179,6
2020-12-14 15:00:01,14174,14174,14174,2
2020-12-14 15:00:01,14174,14174,14174,2
2020-12-14 15:00:01,14174,14174,14174,2
2020-12-14 15:00:01,14177,14177,14177,2
2020-12-14 15:00:01,14174,14174,14174,2
2020-12-14 15:00:01,14174,14174,14174,2
2020-12-14 15:00:01,14174,14174,14174,2
2020-12-14 15:00:01,14174,14174,14174,2
2020-12-14 15:00:01,14173,14173,14173,2
2020-12-14 15:00:01,14173,14173,14173,4
2020-12-14 15:00:01,14173,14173,14173,2
2020-12-14 15:00:02,14173,14173,14173,2
2020-12-14 15:00:02,14172,14172,14172,2
2020-12-14 15:00:02,14172,14172,14172,2
2020-12-14 15:00:02,14172,14172,14172,2
2020-12-14 15:00:02,14172,14172,14172,2
2020-12-14 15:00:02,14172,14172,14172,2
2020-12-14 15:00:02,14172,14172,14172,2
2020-12-14 15:00:02,14171,14171,14171,2
2020-12-14 15:00:02,14171,14171,14171,2
2020-12-14 15:00:02,14171,14171,14171,2
2020-12-14 15:00:02,14171,14171,14171,2
2020-12-14 15:00:02,14171,14171,14171,2
2020-12-14 15:00:02,14177,14177,14177,6
2020-12-14 15:00:02,14177,14177,14177,2
2020-12-14 15:00:02,14179,14179,14179,2
2020-12-14 15:00:02,14179,14179,14179,6
2020-12-14 15:00:02,14172,14172,14172,2
2020-12-14 15:00:02,14172,14172,14172,2
2020-12-14 15:00:02,14172,14172,14172,2
2020-12-14 15:00:02,14172,14172,14172,2
2020-12-14 15:00:02,14171,14171,14171,6
2020-12-14 15:00:02,14171,14171,14171,2
2020-12-14 15:00:02,14174,14174,14174,2
2020-12-14 15:00:02,14177,14177,14177,14
2020-12-14 15:00:02,14176,14176,14176,2
2020-12-14 15:00:02,14177,14177,14177,2
2020-12-14 15:00:02,14177,14177,14177,2
2020-12-14 15:00:02,14176,14176,14176,2
2020-12-14 15:00:02,14176,14176,14176,2
2020-12-14 15:00:02,14180,14180,14180,2
2020-12-14 15:00:02,14181,14181,14181,2
2020-12-14 15:00:02,14181,14181,14181,2
2020-12-14 15:00:02,14181,14181,14181,2
2020-12-14 15:00:02,14181,14181,14181,2
2020-12-14 15:00:02,14177,14177,14177,2
2020-12-14 15:00:02,14176,14176,14176,2
2020-12-14 15:00:02,14182,14182,14182,2
2020-12-14 15:00:02,14176,14176,14176,2
2020-12-14 15:00:02,14183,14183,14183,2
2020-12-14 15:00:02,14175,14175,14175,2
2020-12-14 15:00:02,14174,14174,14174,2
2020-12-14 15:00:02,14174,14174,14174,2
2020-12-14 15:00:02,14182,14182,14182,2
2020-12-14 15:00:02,14183,14183,14183,2
2020-12-14 15:00:02,14183,14183,14183,4
2020-12-14 15:00:02,14184,14184,14184,2
2020-12-14 15:00:02,14185,14185,14185,8
2020-12-14 15:00:02,14175,14175,14175,2
2020-12-14 15:00:02,14174,14174,14174,2
2020-12-14 15:00:02,14177,14177,14177,2
2020-12-14 15:00:02,14181,14181,14181,2
2020-12-14 15:00:02,14180,14180,14180,2
2020-12-14 15:00:02,14185,14185,14185,4
2020-12-14 15:00:03,14182,14182,14182,2
2020-12-14 15:00:03,14181,14181,14181,2
2020-12-14 15:00:03,14184,14184,14184,6
2020-12-14 15:00:03,14185,14185,14185,8
2020-12-14 15:00:03,14184,14184,14184,4
2020-12-14 15:00:03,14183,14183,14183,2
2020-12-14 15:00:03,14185,14185,14185,2
2020-12-14 15:00:03,14184,14184,14184,2
2020-12-14 15:00:03,14183,14183,14183,2
2020-12-14 15:00:03,14186,14186,14186,2
2020-12-14 15:00:03,14186,14186,14186,4
2020-12-14 15:00:03,14188,14188,14188,2
2020-12-14 15:00:04,14186,14186,14186,2
2020-12-14 15:00:04,14188,14188,14188,2
2020-12-14 15:00:04,14187,14187,14187,2
2020-12-14 15:00:04,14186,14186,14186,2
2020-12-14 15:00:04,14186,14186,14186,6
2020-12-14 15:00:04,14185,14185,14185,4
2020-12-14 15:00:04,14185,14185,14185,2
2020-12-14 15:00:04,14184,14184,14184,4
2020-12-14 15:00:04,14186,14186,14186,2
2020-12-14 15:00:04,14183,14183,14183,2
2020-12-14 15:00:04,14186,14186,14186,2
2020-12-14 15:00:04,14187,14187,14187,12
2020-12-14 15:00:04,14188,14188,14188,4
2020-12-14 15:00:04,14187,14187,14187,2
2020-12-14 15:00:04,14187,14187,14187,2
2020-12-14 15:00:04,14186,14186,14186,2
2020-12-14 15:00:04,14190,14190,14190,2
2020-12-14 15:00:04,14191,14191,14191,2
2020-12-14 15:00:05,14191,14191,14191,2
2020-12-14 15:00:05,14190,14190,14190,2
2020-12-14 15:00:05,14192,14192,14192,4
2020-12-14 15:00:05,14191,14191,14191,2
2020-12-14 15:00:05,14190,14190,14190,2
2020-12-14 15:00:05,14190,14190,14190,4
2020-12-14 15:00:05,14190,14190,14190,2
2020-12-14 15:00:05,14191,14191,14191,2
2020-12-14 15:00:05,14192,14192,14192,4
2020-12-14 15:00:05,14193,14193,14193,4
2020-12-14 15:00:05,14193,14193,14193,2
2020-12-14 15:00:05,14194,14194,14194,2
2020-12-14 15:00:05,14194,14194,14194,4
2020-12-14 15:00:06,14193,14193,14193,6
2020-12-14 15:00:06,14193,14193,14193,2
2020-12-14 15:00:06,14192,14192,14192,2
2020-12-14 15:00:06,14191,14191,14191,2
2020-12-14 15:00:06,14191,14191,14191,6
2020-12-14 15:00:06,14192,14192,14192,2
2020-12-14 15:00:06,14191,14191,14191,2
2020-12-14 15:00:06,14191,14191,14191,2
2020-12-14 15:00:06,14191,14191,14191,2
2020-12-14 15:00:06,14193,14193,14193,6
2020-12-14 15:00:06,14194,14194,14194,2
2020-12-14 15:00:06,14191,14191,14191,2
2020-12-14 15:00:06,14194,14194,14194,8
2020-12-14 15:00:06,14194,14194,14194,2
2020-12-14 15:00:06,14191,14191,14191,2
2020-12-14 15:00:06,14193,14193,14193,2
2020-12-14 15:00:06,14194,14194,14194,4
2020-12-14 15:00:06,14194,14194,14194,2
2020-12-14 15:00:06,14194,14194,14194,8
2020-12-14 15:00:06,14194,14194,14194,2
2020-12-14 15:00:07,14194,14194,14194,8
2020-12-14 15:00:07,14194,14194,14194,2
2020-12-14 15:00:07,14195,14195,14195,2
2020-12-14 15:00:07,14195,14195,14195,2
2020-12-14 15:00:07,14195,14195,14195,6
2020-12-14 15:00:07,14195,14195,14195,12
2020-12-14 15:00:07,14194,14194,14194,2
2020-12-14 15:00:07,14192,14192,14192,2
2020-12-14 15:00:08,14192,14192,14192,4
2020-12-14 15:00:08,14193,14193,14193,8
2020-12-14 15:00:08,14191,14191,14191,2
2020-12-14 15:00:08,14193,14193,14193,2
2020-12-14 15:00:08,14194,14194,14194,6
2020-12-14 15:00:08,14193,14193,14193,2
2020-12-14 15:00:08,14193,14193,14193,6
2020-12-14 15:00:08,14193,14193,14193,2
2020-12-14 15:00:08,14193,14193,14193,2
2020-12-14 15:00:08,14194,14194,14194,8
2020-12-14 15:00:08,14194,14194,14194,2
2020-12-14 15:00:08,14194,14194,14194,4
2020-12-14 15:00:09,14195,14195,14195,2
2020-12-14 15:00:09,14195,14195,14195,2
2020-12-14 15:00:09,14195,14195,14195,2
2020-12-14 15:00:09,14194,14194,14194,2
2020-12-14 15:00:09,14195,14195,14195,6
2020-12-14 15:00:09,14194,14194,14194,4
2020-12-14 15:00:09,14195,14195,14195,2
2020-12-14 15:00:10,14195,14195,14195,2
2020-12-14 15:00:10,14194,14194,14194,2
2020-12-14 15:00:10,14195,14195,14195,2
2020-12-14 15:00:10,14195,14195,14195,8
2020-12-14 15:00:10,14194,14194,14194,2
2020-12-14 15:00:10,14193,14193,14193,8
2020-12-14 15:00:10,14192,14192,14192,2
2020-12-14 15:00:10,14192,14192,14192,2
2020-12-14 15:00:10,14192,14192,14192,2
2020-12-14 15:00:10,14193,14193,14193,8
2020-12-14 15:00:11,14192,14192,14192,2
2020-12-14 15:00:11,14192,14192,14192,2
2020-12-14 15:00:12,14191,14191,14191,4
2020-12-14 15:00:12,14189,14189,14189,2
2020-12-14 15:00:12,14189,14189,14189,2
2020-12-14 15:00:13,14190,14190,14190,10
2020-12-14 15:00:14,14190,14190,14190,4
2020-12-14 15:00:14,14190,14190,14190,2
2020-12-14 15:00:15,14189,14189,14189,10
2020-12-14 15:00:15,14189,14189,14189,4
2020-12-14 15:00:15,14189,14189,14189,2
2020-12-14 15:00:15,14188,14188,14188,2
2020-12-14 15:00:15,14188,14188,14188,2
2020-12-14 15:00:16,14189,14189,14189,4
2020-12-14 15:00:16,14189,14189,14189,34
2020-12-14 15:00:16,14189,14189,14189,2
2020-12-14 15:00:16,14188,14188,14188,2
2020-12-14 15:00:16,14187,14187,14187,2
2020-12-14 15:00:16,14187,14187,14187,4
2020-12-14 15:00:16,14187,14187,14187,4
2020-12-14 15:00:17,14190,14190,14190,14
2020-12-14 15:00:18,14189,14189,14189,2
2020-12-14 15:00:19,14187,14187,14187,2
2020-12-14 15:00:20,14188,14188,14188,2
2020-12-14 15:00:20,14186,14186,14186,4
2020-12-14 15:00:20,14186,14186,14186,2
2020-12-14 15:00:20,14185,14185,14185,8
2020-12-14 15:00:20,14185,14185,14185,2
2020-12-14 15:00:20,14185,14185,14185,2
2020-12-14 15:00:20,14185,14185,14185,2
2020-12-14 15:00:21,14187,14187,14187,2
2020-12-14 15:00:21,14187,14187,14187,2
2020-12-14 15:00:21,14188,14188,14188,2
2020-12-14 15:00:21,14188,14188,14188,2
2020-12-14 15:00:22,14187,14187,14187,2
2020-12-14 15:00:22,14188,14188,14188,4
2020-12-14 15:00:22,14189,14189,14189,6
2020-12-14 15:00:22,14188,14188,14188,8
2020-12-14 15:00:22,14186,14186,14186,4
2020-12-14 15:00:23,14188,14188,14188,4
2020-12-14 15:00:24,14188,14188,14188,2
2020-12-14 15:00:24,14188,14188,14188,6
2020-12-14 15:00:24,14187,14187,14187,2
2020-12-14 15:00:25,14187,14187,14187,2
2020-12-14 15:00:25,14187,14187,14187,2
2020-12-14 15:00:25,14188,14188,14188,30
2020-12-14 15:00:25,14188,14188,14188,2
2020-12-14 15:00:25,14188,14188,14188,2
2020-12-14 15:00:25,14187,14187,14187,4
2020-12-14 15:00:26,14188,14188,14188,2
2020-12-14 15:00:26,14187,14187,14187,2
2020-12-14 15:00:26,14187,14187,14187,2
2020-12-14 15:00:26,14187,14187,14187,2
2020-12-14 15:00:26,14186,14186,14186,4
2020-12-14 15:00:26,14188,14188,14188,2
2020-12-14 15:00:26,14188,14188,14188,2
2020-12-14 15:00:28,14188,14188,14188,30
2020-12-14 15:00:28,14188,14188,14188,8
2020-12-14 15:00:28,14188,14188,14188,6
2020-12-14 15:00:29,14188,14188,14188,2
2020-12-14 15:00:29,14188,14188,14188,4
2020-12-14 15:00:30,14188,14188,14188,2
2020-12-14 15:00:30,14187,14187,14187,2
2020-12-14 15:00:30,14188,14188,14188,2
2020-12-14 15:00:30,14188,14188,14188,2
2020-12-14 15:00:30,14189,14189,14189,20
2020-12-14 15:00:31,14189,14189,14189,2
2020-12-14 15:00:31,14189,14189,14189,2
2020-12-14 15:00:31,14188,14188,14188,2
2020-12-14 15:00:31,14188,14188,14188,2
2020-12-14 15:00:32,14188,14188,14188,2
2020-12-14 15:00:33,14188,14188,14188,2
2020-12-14 15:00:34,14190,14190,14190,4
2020-12-14 15:00:35,14190,14190,14190,24
2020-12-14 15:00:36,14190,14190,14190,4
2020-12-14 15:00:36,14190,14190,14190,2
2020-12-14 15:00:37,14191,14191,14191,2
2020-12-14 15:00:37,14191,14191,14191,4
2020-12-14 15:00:38,14191,14191,14191,2
2020-12-14 15:00:38,14191,14191,14191,2
2020-12-14 15:00:38,14191,14191,14191,2
2020-12-14 15:00:38,14192,14192,14192,2
2020-12-14 15:00:38,14192,14192,14192,2
2020-12-14 15:00:39,14191,14191,14191,2
2020-12-14 15:00:39,14191,14191,14191,2
2020-12-14 15:00:40,14191,14191,14191,2
2020-12-14 15:00:40,14192,14192,14192,2
2020-12-14 15:00:40,14191,14191,14191,4
2020-12-14 15:00:40,14191,14191,14191,2
2020-12-14 15:00:40,14191,14191,14191,2
2020-12-14 15:00:41,14192,14192,14192,22
2020-12-14 15:00:41,14192,14192,14192,6
2020-12-14 15:00:41,14192,14192,14192,2
2020-12-14 15:00:41,14190,14190,14190,4
2020-12-14 15:00:43,14191,14191,14191,10
2020-12-14 15:00:43,14192,14192,14192,20
2020-12-14 15:00:44,14191,14191,14191,2
2020-12-14 15:00:46,14191,14191,14191,2
2020-12-14 15:00:46,14190,14190,14190,2
2020-12-14 15:00:46,14190,14190,14190,2
2020-12-14 15:00:47,14191,14191,14191,2
2020-12-14 15:00:48,14191,14191,14191,4
2020-12-14 15:00:48,14192,14192,14192,6
2020-12-14 15:00:48,14191,14191,14191,2
2020-12-14 15:00:48,14192,14192,14192,2
2020-12-14 15:00:49,14192,14192,14192,4
2020-12-14 15:00:51,14192,14192,14192,2
2020-12-14 15:00:54,14192,14192,14192,6
2020-12-14 15:00:54,14192,14192,14192,2
2020-12-14 15:00:55,14192,14192,14192,2
2020-12-14 15:00:55,14191,14191,14191,2
2020-12-14 15:00:55,14191,14191,14191,2
2020-12-14 15:00:55,14191,14191,14191,2
2020-12-14 15:00:55,14191,14191,14191,2
2020-12-14 15:00:58,14191,14191,14191,2
2020-12-14 15:00:58,14191,14191,14191,14
2020-12-14 15:00:58,14191,14191,14191,2
2020-12-14 15:00:58,14191,14191,14191,2
2020-12-14 15:00:58,14191,14191,14191,2
2020-12-14 15:00:58,14191,14191,14191,2
2020-12-14 15:00:58,14190,14190,14190,4
2020-12-14 15:00:58,14190,14190,14190,2
2020-12-14 15:00:58,14190,14190,14190,2
2020-12-14 15:00:58,14190,14190,14190,2
2020-12-14 15:00:58,14190,14190,14190,2
2020-12-14 15:00:58,14191,14191,14191,2
2020-12-14 15:00:58,14191,14191,14191,2
2020-12-14 15:00:59,14190,14190,14190,2
2020-12-14 15:00:59,14190,14190,14190,4
2020-12-14 15:00:59,14190,14190,14190,2
2020-12-14 15:00:59,14190,14190,14190,2
2020-12-14 15:00:59,14190,14190,14190,6
2020-12-14 15:00:59,14189,14189,14189,2
2020-12-14 15:00:59,14189,14189,14189,4
2020-12-14 15:00:59,14189,14189,14189,2
2020-12-14 15:00:59,14189,14189,14189,2
2020-12-14 15:00:59,14189,14189,14189,4
2020-12-14 15:00:59,14188,14188,14188,2
2020-12-14 15:00:59,14188,14188,14188,2
2020-12-14 15:00:59,14188,14188,14188,2
2020-12-14 15:00:59,14188,14188,14188,2
2020-12-14 15:00:59,14188,14188,14188,2
2020-12-14 15:00:59,14188,14188,14188,2
2020-12-14 15:00:59,14188,14188,14188,2
2020-12-14 15:00:59,14188,14188,14188,2
2020-12-14 15:00:59,14188,14188,14188,2
2020-12-14 15:00:59,14188,14188,14188,2
2020-12-14 15:00:59,14188,14188,14188,2
2020-12-14 15:00:59,14187,14187,14187,2
2020-12-14 15:00:59,14187,14187,14187,2
2020-12-14 15:01:00,14187,14187,14187,12
2020-12-14 15:01:00,14188,14188,14188,2
2020-12-14 15:01:00,14188,14188,14188,2
2020-12-14 15:01:00,14187,14187,14187,2
2020-12-14 15:01:00,14187,14187,14187,2
2020-12-14 15:01:00,14187,14187,14187,2
2020-12-14 15:01:00,14187,14187,14187,6
2020-12-14 15:01:00,14187,14187,14187,2
2020-12-14 15:01:00,14187,14187,14187,4
2020-12-14 15:01:00,14187,14187,14187,2
2020-12-14 15:01:00,14187,14187,14187,2
2020-12-14 15:01:00,14187,14187,14187,2
2020-12-14 15:01:00,14187,14187,14187,2
2020-12-14 15:01:00,14187,14187,14187,4
2020-12-14 15:01:00,14186,14186,14186,8
2020-12-14 15:01:00,14187,14187,14187,2
2020-12-14 15:01:00,14186,14186,14186,2
2020-12-14 15:01:00,14186,14186,14186,2
2020-12-14 15:01:00,14185,14185,14185,2
2020-12-14 15:01:00,14185,14185,14185,2
2020-12-14 15:01:00,14185,14185,14185,2
2020-12-14 15:01:00,14185,14185,14185,4
2020-12-14 15:01:00,14185,14185,14185,2
2020-12-14 15:01:00,14185,14185,14185,2
2020-12-14 15:01:00,14185,14185,14185,6
2020-12-14 15:01:00,14185,14185,14185,2
2020-12-14 15:01:00,14184,14184,14184,8
2020-12-14 15:01:00,14184,14184,14184,2
2020-12-14 15:01:00,14184,14184,14184,2
2020-12-14 15:01:00,14184,14184,14184,2
2020-12-14 15:01:00,14183,14183,14183,2
2020-12-14 15:01:00,14185,14185,14185,2
2020-12-14 15:01:00,14185,14185,14185,4
2020-12-14 15:01:00,14185,14185,14185,2
2020-12-14 15:01:00,14184,14184,14184,8
2020-12-14 15:01:00,14184,14184,14184,2
2020-12-14 15:01:00,14183,14183,14183,2
2020-12-14 15:01:00,14183,14183,14183,12
2020-12-14 15:01:00,14183,14183,14183,2
2020-12-14 15:01:00,14183,14183,14183,2
2020-12-14 15:01:00,14182,14182,14182,2
2020-12-14 15:01:00,14182,14182,14182,2
2020-12-14 15:01:00,14182,14182,14182,2
2020-12-14 15:01:00,14182,14182,14182,2
2020-12-14 15:01:00,14181,14181,14181,2
2020-12-14 15:01:00,14184,14184,14184,2
2020-12-14 15:01:00,14184,14184,14184,2
2020-12-14 15:01:00,14185,14185,14185,2
2020-12-14 15:01:00,14184,14184,14184,2
2020-12-14 15:01:00,14184,14184,14184,2
2020-12-14 15:01:00,14184,14184,14184,2
2020-12-14 15:01:00,14184,14184,14184,2
2020-12-14 15:01:00,14185,14185,14185,4
2020-12-14 15:01:00,14184,14184,14184,2
2020-12-14 15:01:00,14184,14184,14184,2
2020-12-14 15:01:00,14184,14184,14184,4
2020-12-14 15:01:00,14184,14184,14184,2
2020-12-14 15:01:00,14184,14184,14184,2
2020-12-14 15:01:00,14183,14183,14183,2
2020-12-14 15:01:00,14185,14185,14185,2
2020-12-14 15:01:00,14185,14185,14185,2
2020-12-14 15:01:00,14185,14185,14185,2
2020-12-14 15:01:01,14184,14184,14184,2
2020-12-14 15:01:01,14183,14183,14183,2
2020-12-14 15:01:01,14182,14182,14182,4
2020-12-14 15:01:01,14184,14184,14184,2
2020-12-14 15:01:01,14185,14185,14185,16
2020-12-14 15:01:01,14186,14186,14186,2
2020-12-14 15:01:01,14186,14186,14186,2
2020-12-14 15:01:01,14187,14187,14187,10
2020-12-14 15:01:01,14188,14188,14188,2
2020-12-14 15:01:02,14186,14186,14186,4
2020-12-14 15:01:02,14187,14187,14187,2
2020-12-14 15:01:02,14187,14187,14187,2
2020-12-14 15:01:02,14186,14186,14186,4
2020-12-14 15:01:02,14187,14187,14187,6
2020-12-14 15:01:02,14188,14188,14188,2
2020-12-14 15:01:04,14187,14187,14187,2
2020-12-14 15:01:05,14189,14189,14189,4
2020-12-14 15:01:05,14188,14188,14188,2
2020-12-14 15:01:06,14188,14188,14188,2
2020-12-14 15:01:07,14188,14188,14188,2
2020-12-14 15:01:07,14187,14187,14187,2
2020-12-14 15:01:07,14187,14187,14187,2
2020-12-14 15:01:07,14187,14187,14187,2
2020-12-14 15:01:07,14186,14186,14186,2
2020-12-14 15:01:08,14187,14187,14187,8
2020-12-14 15:01:08,14187,14187,14187,2
2020-12-14 15:01:09,14187,14187,14187,4
2020-12-14 15:01:10,14187,14187,14187,2
2020-12-14 15:01:10,14187,14187,14187,4
2020-12-14 15:01:10,14186,14186,14186,2
2020-12-14 15:01:10,14188,14188,14188,2
2020-12-14 15:01:11,14186,14186,14186,6
2020-12-14 15:01:13,14187,14187,14187,2
2020-12-14 15:01:14,14186,14186,14186,2
2020-12-14 15:01:14,14186,14186,14186,2
2020-12-14 15:01:14,14186,14186,14186,8
2020-12-14 15:01:15,14186,14186,14186,4
2020-12-14 15:01:15,14186,14186,14186,4
2020-12-14 15:01:17,14186,14186,14186,2
2020-12-14 15:01:19,14187,14187,14187,2
2020-12-14 15:01:19,14186,14186,14186,4
2020-12-14 15:01:19,14186,14186,14186,6
2020-12-14 15:01:19,14186,14186,14186,2
2020-12-14 15:01:19,14186,14186,14186,2
2020-12-14 15:01:19,14186,14186,14186,2
2020-12-14 15:01:19,14186,14186,14186,8
2020-12-14 15:01:20,14185,14185,14185,2
2020-12-14 15:01:20,14185,14185,14185,2
2020-12-14 15:01:20,14185,14185,14185,2
2020-12-14 15:01:20,14184,14184,14184,4
2020-12-14 15:01:21,14186,14186,14186,4
2020-12-14 15:01:21,14185,14185,14185,2
2020-12-14 15:01:23,14184,14184,14184,2
2020-12-14 15:01:24,14184,14184,14184,2
2020-12-14 15:01:25,14185,14185,14185,2
2020-12-14 15:01:25,14184,14184,14184,2
2020-12-14 15:01:25,14184,14184,14184,2
2020-12-14 15:01:25,14184,14184,14184,2
2020-12-14 15:01:25,14184,14184,14184,2
2020-12-14 15:01:25,14184,14184,14184,2
2020-12-14 15:01:25,14184,14184,14184,2
2020-12-14 15:01:26,14184,14184,14184,2
2020-12-14 15:01:26,14186,14186,14186,2
2020-12-14 15:01:26,14184,14184,14184,2
2020-12-14 15:01:26,14184,14184,14184,2
2020-12-14 15:01:27,14184,14184,14184,2
2020-12-14 15:01:27,14184,14184,14184,2
2020-12-14 15:01:27,14184,14184,14184,2
2020-12-14 15:01:27,14184,14184,14184,2
2020-12-14 15:01:27,14184,14184,14184,2
2020-12-14 15:01:27,14185,14185,14185,2
2020-12-14 15:01:28,14185,14185,14185,2
2020-12-14 15:01:28,14184,14184,14184,2
2020-12-14 15:01:28,14184,14184,14184,8
2020-12-14 15:01:29,14184,14184,14184,2
2020-12-14 15:01:29,14184,14184,14184,2
2020-12-14 15:01:29,14184,14184,14184,4
2020-12-14 15:01:29,14183,14183,14183,2
2020-12-14 15:01:29,14183,14183,14183,2
2020-12-14 15:01:29,14184,14184,14184,4
2020-12-14 15:01:29,14185,14185,14185,4
2020-12-14 15:01:30,14182,14182,14182,4
2020-12-14 15:01:30,14182,14182,14182,2
2020-12-14 15:01:30,14184,14184,14184,2
2020-12-14 15:01:32,14184,14184,14184,2
2020-12-14 15:01:32,14185,14185,14185,12
2020-12-14 15:01:33,14184,14184,14184,4
2020-12-14 15:01:33,14184,14184,14184,2
2020-12-14 15:01:35,14185,14185,14185,2
2020-12-14 15:01:35,14185,14185,14185,4
2020-12-14 15:01:37,14185,14185,14185,2
2020-12-14 15:01:39,14186,14186,14186,2
2020-12-14 15:01:39,14186,14186,14186,4
2020-12-14 15:01:39,14186,14186,14186,8
2020-12-14 15:01:39,14186,14186,14186,2
2020-12-14 15:01:39,14186,14186,14186,2
2020-12-14 15:01:40,14186,14186,14186,2
2020-12-14 15:01:43,14187,14187,14187,2
2020-12-14 15:01:43,14187,14187,14187,4
2020-12-14 15:01:43,14187,14187,14187,2
2020-12-14 15:01:43,14186,14186,14186,2
2020-12-14 15:01:43,14186,14186,14186,2
2020-12-14 15:01:43,14186,14186,14186,2
2020-12-14 15:01:43,14186,14186,14186,2
2020-12-14 15:01:43,14186,14186,14186,2
2020-12-14 15:01:43,14185,14185,14185,8
2020-12-14 15:01:43,14185,14185,14185,2
2020-12-14 15:01:43,14185,14185,14185,2
2020-12-14 15:01:43,14185,14185,14185,4
2020-12-14 15:01:43,14185,14185,14185,2
2020-12-14 15:01:43,14187,14187,14187,8
2020-12-14 15:01:43,14187,14187,14187,6
2020-12-14 15:01:45,14187,14187,14187,4
2020-12-14 15:01:46,14187,14187,14187,2
2020-12-14 15:01:47,14188,14188,14188,2
2020-12-14 15:01:47,14188,14188,14188,2
2020-12-14 15:01:47,14188,14188,14188,4
2020-12-14 15:01:47,14188,14188,14188,2
2020-12-14 15:01:47,14188,14188,14188,8
2020-12-14 15:01:47,14188,14188,14188,28
2020-12-14 15:01:48,14188,14188,14188,2
2020-12-14 15:01:48,14188,14188,14188,2
2020-12-14 15:01:48,14187,14187,14187,2
2020-12-14 15:01:48,14187,14187,14187,2
2020-12-14 15:01:48,14187,14187,14187,2
2020-12-14 15:01:48,14187,14187,14187,2
2020-12-14 15:01:48,14187,14187,14187,2
2020-12-14 15:01:48,14187,14187,14187,2
2020-12-14 15:01:49,14189,14189,14189,4
2020-12-14 15:01:49,14189,14189,14189,2
2020-12-14 15:01:49,14189,14189,14189,2
2020-12-14 15:01:49,14189,14189,14189,2
2020-12-14 15:01:50,14188,14188,14188,2
2020-12-14 15:01:51,14190,14190,14190,2
2020-12-14 15:01:52,14189,14189,14189,2
2020-12-14 15:01:52,14190,14190,14190,2
2020-12-14 15:01:52,14190,14190,14190,4
2020-12-14 15:01:55,14190,14190,14190,2
2020-12-14 15:01:55,14190,14190,14190,2
2020-12-14 15:01:55,14190,14190,14190,2
2020-12-14 15:01:55,14190,14190,14190,2
2020-12-14 15:01:55,14190,14190,14190,2
2020-12-14 15:01:55,14190,14190,14190,12
2020-12-14 15:01:55,14190,14190,14190,2
2020-12-14 15:01:55,14190,14190,14190,32
2020-12-14 15:01:57,14191,14191,14191,2
2020-12-14 15:01:57,14191,14191,14191,2
2020-12-14 15:01:58,14192,14192,14192,2
2020-12-14 15:02:00,14191,14191,14191,2
2020-12-14 15:02:00,14190,14190,14190,2
2020-12-14 15:02:00,14190,14190,14190,2
2020-12-14 15:02:00,14190,14190,14190,4
2020-12-14 15:02:00,14190,14190,14190,2
2020-12-14 15:02:00,14190,14190,14190,2
2020-12-14 15:02:00,14190,14190,14190,4
2020-12-14 15:02:00,14189,14189,14189,2
2020-12-14 15:02:00,14190,14190,14190,2
2020-12-14 15:02:01,14190,14190,14190,2
2020-12-14 15:02:01,14189,14189,14189,2
2020-12-14 15:02:01,14189,14189,14189,2
2020-12-14 15:02:01,14189,14189,14189,2
2020-12-14 15:02:01,14189,14189,14189,2
2020-12-14 15:02:01,14188,14188,14188,2
2020-12-14 15:02:01,14188,14188,14188,2
2020-12-14 15:02:01,14188,14188,14188,2
2020-12-14 15:02:01,14189,14189,14189,2
2020-12-14 15:02:02,14189,14189,14189,6
2020-12-14 15:02:02,14189,14189,14189,12
2020-12-14 15:02:02,14189,14189,14189,2
2020-12-14 15:02:02,14190,14190,14190,2
2020-12-14 15:02:04,14190,14190,14190,2
2020-12-14 15:02:04,14189,14189,14189,6
2020-12-14 15:02:04,14190,14190,14190,2
2020-12-14 15:02:05,14190,14190,14190,2
2020-12-14 15:02:06,14190,14190,14190,2
2020-12-14 15:02:06,14190,14190,14190,2
2020-12-14 15:02:07,14190,14190,14190,2
2020-12-14 15:02:08,14190,14190,14190,2
2020-12-14 15:02:08,14190,14190,14190,2
2020-12-14 15:02:08,14190,14190,14190,2
2020-12-14 15:02:10,14190,14190,14190,4
2020-12-14 15:02:13,14191,14191,14191,2
2020-12-14 15:02:13,14191,14191,14191,4
2020-12-14 15:02:15,14191,14191,14191,2
2020-12-14 15:02:18,14192,14192,14192,2
2020-12-14 15:02:19,14192,14192,14192,6
2020-12-14 15:02:19,14193,14193,14193,2
2020-12-14 15:02:19,14193,14193,14193,2
2020-12-14 15:02:20,14193,14193,14193,8
2020-12-14 15:02:20,14193,14193,14193,2
2020-12-14 15:02:21,14192,14192,14192,8
2020-12-14 15:02:21,14192,14192,14192,2
2020-12-14 15:02:21,14192,14192,14192,2
2020-12-14 15:02:26,14192,14192,14192,2
2020-12-14 15:02:26,14192,14192,14192,4
2020-12-14 15:02:27,14192,14192,14192,2
2020-12-14 15:02:28,14192,14192,14192,2
2020-12-14 15:02:28,14192,14192,14192,2
2020-12-14 15:02:33,14192,14192,14192,2
2020-12-14 15:02:36,14192,14192,14192,2
2020-12-14 15:02:36,14192,14192,14192,2
2020-12-14 15:02:36,14192,14192,14192,4
2020-12-14 15:02:36,14192,14192,14192,2
2020-12-14 15:02:36,14192,14192,14192,6
2020-12-14 15:02:36,14192,14192,14192,2
2020-12-14 15:02:37,14192,14192,14192,2
2020-12-14 15:02:37,14191,14191,14191,2
2020-12-14 15:02:40,14192,14192,14192,2
2020-12-14 15:02:40,14192,14192,14192,8
2020-12-14 15:02:40,14193,14193,14193,2
2020-12-14 15:02:40,14193,14193,14193,2
2020-12-14 15:02:41,14193,14193,14193,2
2020-12-14 15:02:47,14194,14194,14194,2
2020-12-14 15:02:47,14194,14194,14194,4
2020-12-14 15:02:47,14193,14193,14193,4
2020-12-14 15:02:47,14193,14193,14193,2
2020-12-14 15:02:52,14193,14193,14193,2
2020-12-14 15:02:58,14193,14193,14193,2
2020-12-14 15:02:58,14193,14193,14193,2
2020-12-14 15:02:59,14194,14194,14194,4
2020-12-14 15:02:59,14194,14194,14194,26
2020-12-14 15:02:59,14195,14195,14195,4
2020-12-14 15:03:00,14194,14194,14194,2
2020-12-14 15:03:00,14194,14194,14194,4
2020-12-14 15:03:00,14193,14193,14193,2
2020-12-14 15:03:00,14195,14195,14195,2
2020-12-14 15:03:00,14194,14194,14194,2
2020-12-14 15:03:01,14194,14194,14194,4
2020-12-14 15:03:01,14193,14193,14193,2
2020-12-14 15:03:04,14195,14195,14195,4
2020-12-14 15:03:05,14194,14194,14194,4
2020-12-14 15:03:09,14194,14194,14194,2
2020-12-14 15:03:09,14194,14194,14194,2
2020-12-14 15:03:10,14195,14195,14195,2
2020-12-14 15:03:10,14195,14195,14195,2
2020-12-14 15:03:11,14194,14194,14194,2
2020-12-14 15:03:11,14194,14194,14194,4
2020-12-14 15:03:11,14194,14194,14194,2
2020-12-14 15:03:11,14194,14194,14194,2
2020-12-14 15:03:11,14194,14194,14194,2
2020-12-14 15:03:12,14194,14194,14194,4
2020-12-14 15:03:12,14194,14194,14194,2
2020-12-14 15:03:15,14194,14194,14194,4
2020-12-14 15:03:15,14194,14194,14194,4
2020-12-14 15:03:15,14194,14194,14194,2
2020-12-14 15:03:15,14195,14195,14195,4
2020-12-14 15:03:18,14195,14195,14195,2
2020-12-14 15:03:21,14195,14195,14195,2
2020-12-14 15:03:24,14195,14195,14195,2
2020-12-14 15:03:24,14195,14195,14195,2
2020-12-14 15:03:24,14195,14195,14195,2
2020-12-14 15:03:24,14195,14195,14195,2
2020-12-14 15:03:24,14195,14195,14195,2
2020-12-14 15:03:24,14195,14195,14195,8
2020-12-14 15:03:24,14196,14196,14196,2
2020-12-14 15:03:24,14195,14195,14195,2
2020-12-14 15:03:25,14196,14196,14196,2
2020-12-14 15:03:25,14196,14196,14196,2
2020-12-14 15:03:25,14196,14196,14196,2
2020-12-14 15:03:25,14197,14197,14197,2
2020-12-14 15:03:25,14197,14197,14197,2
2020-12-14 15:03:25,14197,14197,14197,2
2020-12-14 15:03:26,14197,14197,14197,2
2020-12-14 15:03:26,14197,14197,14197,2
2020-12-14 15:03:26,14197,14197,14197,2
2020-12-14 15:03:26,14197,14197,14197,2
2020-12-14 15:03:26,14196,14196,14196,2
2020-12-14 15:03:26,14195,14195,14195,2
2020-12-14 15:03:27,14196,14196,14196,2
2020-12-14 15:03:27,14197,14197,14197,2
2020-12-14 15:03:27,14196,14196,14196,2
2020-12-14 15:03:29,14197,14197,14197,2
2020-12-14 15:03:29,14197,14197,14197,2
2020-12-14 15:03:30,14198,14198,14198,2
2020-12-14 15:03:30,14198,14198,14198,2
2020-12-14 15:03:30,14198,14198,14198,2
2020-12-14 15:03:30,14198,14198,14198,2
2020-12-14 15:03:30,14198,14198,14198,2
2020-12-14 15:03:30,14198,14198,14198,2
2020-12-14 15:03:31,14198,14198,14198,4
2020-12-14 15:03:31,14197,14197,14197,2
2020-12-14 15:03:31,14198,14198,14198,6
2020-12-14 15:03:31,14199,14199,14199,4
2020-12-14 15:03:31,14199,14199,14199,2
2020-12-14 15:03:31,14199,14199,14199,2
2020-12-14 15:03:31,14199,14199,14199,2
2020-12-14 15:03:32,14199,14199,14199,2
2020-12-14 15:03:32,14199,14199,14199,2
2020-12-14 15:03:32,14199,14199,14199,4
2020-12-14 15:03:32,14200,14200,14200,2
2020-12-14 15:03:33,14200,14200,14200,4
2020-12-14 15:03:33,14200,14200,14200,4
2020-12-14 15:03:34,14200,14200,14200,6
2020-12-14 15:03:34,14200,14200,14200,4
2020-12-14 15:03:34,14200,14200,14200,2
2020-12-14 15:03:34,14200,14200,14200,2
2020-12-14 15:03:34,14200,14200,14200,2
2020-12-14 15:03:35,14200,14200,14200,2
2020-12-14 15:03:35,14200,14200,14200,2
2020-12-14 15:03:35,14199,14199,14199,2
2020-12-14 15:03:35,14199,14199,14199,2
2020-12-14 15:03:35,14199,14199,14199,2
2020-12-14 15:03:35,14198,14198,14198,2
2020-12-14 15:03:35,14199,14199,14199,2
2020-12-14 15:03:36,14199,14199,14199,4
2020-12-14 15:03:36,14198,14198,14198,2
2020-12-14 15:03:36,14198,14198,14198,2
2020-12-14 15:03:36,14198,14198,14198,2
2020-12-14 15:03:36,14198,14198,14198,2
2020-12-14 15:03:36,14199,14199,14199,2
2020-12-14 15:03:36,14199,14199,14199,2
2020-12-14 15:03:36,14199,14199,14199,2
2020-12-14 15:03:37,14198,14198,14198,2
2020-12-14 15:03:38,14198,14198,14198,6
2020-12-14 15:03:39,14199,14199,14199,2
2020-12-14 15:03:39,14198,14198,14198,2
2020-12-14 15:03:39,14198,14198,14198,2
2020-12-14 15:03:41,14197,14197,14197,4
2020-12-14 15:03:41,14197,14197,14197,2
2020-12-14 15:03:41,14198,14198,14198,2
2020-12-14 15:03:42,14198,14198,14198,2
2020-12-14 15:03:43,14198,14198,14198,2
2020-12-14 15:03:45,14198,14198,14198,6
2020-12-14 15:03:45,14198,14198,14198,4
2020-12-14 15:03:47,14197,14197,14197,2
2020-12-14 15:03:47,14197,14197,14197,2
2020-12-14 15:03:48,14196,14196,14196,2
2020-12-14 15:03:50,14197,14197,14197,8
2020-12-14 15:03:52,14197,14197,14197,2
2020-12-14 15:03:52,14197,14197,14197,2
2020-12-14 15:03:53,14197,14197,14197,2
2020-12-14 15:03:55,14197,14197,14197,2
2020-12-14 15:03:57,14196,14196,14196,2
2020-12-14 15:03:57,14196,14196,14196,2
2020-12-14 15:03:57,14196,14196,14196,4
2020-12-14 15:03:57,14196,14196,14196,12
2020-12-14 15:03:57,14196,14196,14196,2
2020-12-14 15:03:57,14196,14196,14196,4
2020-12-14 15:03:57,14196,14196,14196,12
2020-12-14 15:03:57,14196,14196,14196,8
2020-12-14 15:03:57,14196,14196,14196,2
2020-12-14 15:03:57,14196,14196,14196,2
2020-12-14 15:03:57,14197,14197,14197,2
2020-12-14 15:03:57,14197,14197,14197,2
2020-12-14 15:04:00,14197,14197,14197,2
2020-12-14 15:04:01,14196,14196,14196,2
2020-12-14 15:04:02,14196,14196,14196,2
2020-12-14 15:04:03,14196,14196,14196,2
2020-12-14 15:04:07,14197,14197,14197,2
2020-12-14 15:04:07,14196,14196,14196,8
2020-12-14 15:04:12,14196,14196,14196,2
2020-12-14 15:04:12,14196,14196,14196,2
2020-12-14 15:04:15,14195,14195,14195,2
2020-12-14 15:04:15,14195,14195,14195,4
2020-12-14 15:04:15,14195,14195,14195,4
2020-12-14 15:04:15,14195,14195,14195,2
2020-12-14 15:04:15,14195,14195,14195,2
2020-12-14 15:04:15,14195,14195,14195,2
2020-12-14 15:04:15,14195,14195,14195,2
2020-12-14 15:04:15,14195,14195,14195,4
2020-12-14 15:04:15,14195,14195,14195,8
2020-12-14 15:04:15,14195,14195,14195,2
2020-12-14 15:04:15,14195,14195,14195,2
2020-12-14 15:04:15,14195,14195,14195,2
2020-12-14 15:04:16,14195,14195,14195,2
2020-12-14 15:04:17,14196,14196,14196,2
2020-12-14 15:04:17,14194,14194,14194,2
2020-12-14 15:04:17,14194,14194,14194,2
2020-12-14 15:04:17,14194,14194,14194,2
2020-12-14 15:04:17,14194,14194,14194,4
2020-12-14 15:04:20,14195,14195,14195,8
2020-12-14 15:04:22,14194,14194,14194,2
2020-12-14 15:04:24,14194,14194,14194,2
2020-12-14 15:04:26,14194,14194,14194,2
2020-12-14 15:04:27,14194,14194,14194,2
2020-12-14 15:04:31,14193,14193,14193,2
2020-12-14 15:04:31,14193,14193,14193,2
2020-12-14 15:04:31,14194,14194,14194,2
2020-12-14 15:04:32,14193,14193,14193,2
2020-12-14 15:04:32,14192,14192,14192,2
2020-12-14 15:04:34,14193,14193,14193,2
2020-12-14 15:04:35,14192,14192,14192,2
2020-12-14 15:04:39,14193,14193,14193,2
2020-12-14 15:04:40,14193,14193,14193,2
2020-12-14 15:04:40,14192,14192,14192,2
2020-12-14 15:04:47,14193,14193,14193,2
2020-12-14 15:04:48,14193,14193,14193,2
2020-12-14 15:04:49,14193,14193,14193,2
2020-12-14 15:04:50,14192,14192,14192,2
2020-12-14 15:04:50,14194,14194,14194,4
2020-12-14 15:04:50,14194,14194,14194,4
2020-12-14 15:04:51,14193,14193,14193,2
2020-12-14 15:04:53,14194,14194,14194,2
2020-12-14 15:04:54,14193,14193,14193,6
2020-12-14 15:04:59,14194,14194,14194,2
2020-12-14 15:05:00,14193,14193,14193,2
2020-12-14 15:05:00,14193,14193,14193,2
2020-12-14 15:05:00,14194,14194,14194,2
2020-12-14 15:05:00,14193,14193,14193,2
2020-12-14 15:05:00,14193,14193,14193,2
2020-12-14 15:05:02,14193,14193,14193,2
2020-12-14 15:05:02,14193,14193,14193,2
2020-12-14 15:05:02,14193,14193,14193,2
2020-12-14 15:05:07,14192,14192,14192,2
2020-12-14 15:05:07,14192,14192,14192,2
2020-12-14 15:05:07,14192,14192,14192,2
2020-12-14 15:05:07,14192,14192,14192,2
2020-12-14 15:05:08,14191,14191,14191,2
2020-12-14 15:05:08,14191,14191,14191,2
2020-12-14 15:05:08,14191,14191,14191,2
2020-12-14 15:05:10,14192,14192,14192,2
2020-12-14 15:05:13,14192,14192,14192,2
2020-12-14 15:05:14,14192,14192,14192,2
2020-12-14 15:05:16,14192,14192,14192,2
2020-12-14 15:05:18,14193,14193,14193,2
2020-12-14 15:05:18,14192,14192,14192,2
2020-12-14 15:05:18,14192,14192,14192,2
2020-12-14 15:05:19,14193,14193,14193,2
2020-12-14 15:05:22,14193,14193,14193,2
2020-12-14 15:05:24,14193,14193,14193,2
2020-12-14 15:05:25,14192,14192,14192,2
2020-12-14 15:05:25,14192,14192,14192,4
2020-12-14 15:05:25,14192,14192,14192,4
2020-12-14 15:05:25,14192,14192,14192,10
2020-12-14 15:05:26,14192,14192,14192,6
2020-12-14 15:05:35,14192,14192,14192,2
2020-12-14 15:05:35,14191,14191,14191,2
2020-12-14 15:05:37,14192,14192,14192,2
2020-12-14 15:05:39,14192,14192,14192,2
2020-12-14 15:05:39,14191,14191,14191,2
2020-12-14 15:05:41,14191,14191,14191,2
2020-12-14 15:05:48,14192,14192,14192,2
2020-12-14 15:05:56,14193,14193,14193,2
2020-12-14 15:05:57,14193,14193,14193,2
2020-12-14 15:05:59,14192,14192,14192,6
2020-12-14 15:06:00,14192,14192,14192,2
2020-12-14 15:06:00,14192,14192,14192,2
2020-12-14 15:06:00,14191,14191,14191,2
2020-12-14 15:06:00,14192,14192,14192,2
2020-12-14 15:06:02,14191,14191,14191,2
2020-12-14 15:06:02,14191,14191,14191,2
2020-12-14 15:06:02,14191,14191,14191,8
2020-12-14 15:06:02,14191,14191,14191,2
2020-12-14 15:06:02,14191,14191,14191,2
2020-12-14 15:06:02,14191,14191,14191,2
2020-12-14 15:06:02,14191,14191,14191,2
2020-12-14 15:06:02,14191,14191,14191,2
2020-12-14 15:06:02,14191,14191,14191,2
2020-12-14 15:06:02,14191,14191,14191,2
2020-12-14 15:06:02,14191,14191,14191,2
2020-12-14 15:06:04,14192,14192,14192,4
2020-12-14 15:06:09,14193,14193,14193,6
2020-12-14 15:06:11,14192,14192,14192,8
2020-12-14 15:06:13,14194,14194,14194,2
2020-12-14 15:06:14,14194,14194,14194,14
2020-12-14 15:06:14,14195,14195,14195,4
2020-12-14 15:06:14,14195,14195,14195,2
2020-12-14 15:06:15,14195,14195,14195,4
2020-12-14 15:06:16,14195,14195,14195,2
2020-12-14 15:06:18,14196,14196,14196,4
2020-12-14 15:06:18,14196,14196,14196,6
2020-12-14 15:06:22,14196,14196,14196,2
2020-12-14 15:06:22,14195,14195,14195,2
2020-12-14 15:06:24,14196,14196,14196,2
2020-12-14 15:06:27,14196,14196,14196,4
2020-12-14 15:06:30,14196,14196,14196,6
2020-12-14 15:06:30,14196,14196,14196,6
2020-12-14 15:06:32,14197,14197,14197,2
2020-12-14 15:06:42,14197,14197,14197,2
2020-12-14 15:06:43,14197,14197,14197,2
2020-12-14 15:06:46,14197,14197,14197,6
2020-12-14 15:06:48,14197,14197,14197,2
2020-12-14 15:06:49,14197,14197,14197,2
2020-12-14 15:06:50,14198,14198,14198,6
2020-12-14 15:06:51,14197,14197,14197,2
2020-12-14 15:06:52,14197,14197,14197,2
2020-12-14 15:06:54,14197,14197,14197,2
2020-12-14 15:06:55,14198,14198,14198,4
2020-12-14 15:06:56,14197,14197,14197,2
2020-12-14 15:06:59,14198,14198,14198,10
2020-12-14 15:07:00,14197,14197,14197,2
2020-12-14 15:07:02,14198,14198,14198,2
2020-12-14 15:07:02,14198,14198,14198,8
2020-12-14 15:07:07,14199,14199,14199,2
2020-12-14 15:07:07,14199,14199,14199,4
2020-12-14 15:07:07,14199,14199,14199,4
2020-12-14 15:07:10,14200,14200,14200,2
2020-12-14 15:07:10,14200,14200,14200,2
2020-12-14 15:07:13,14200,14200,14200,16
2020-12-14 15:07:13,14201,14201,14201,2
2020-12-14 15:07:14,14200,14200,14200,2
2020-12-14 15:07:14,14201,14201,14201,2
2020-12-14 15:07:15,14201,14201,14201,4
2020-12-14 15:07:16,14200,14200,14200,2
2020-12-14 15:07:16,14201,14201,14201,2
2020-12-14 15:07:17,14201,14201,14201,2
2020-12-14 15:07:17,14201,14201,14201,2
2020-12-14 15:07:18,14201,14201,14201,2
2020-12-14 15:07:20,14201,14201,14201,2
2020-12-14 15:07:20,14202,14202,14202,2
2020-12-14 15:07:20,14201,14201,14201,6
2020-12-14 15:07:20,14201,14201,14201,6
2020-12-14 15:07:20,14201,14201,14201,2
2020-12-14 15:07:20,14201,14201,14201,2
2020-12-14 15:07:20,14201,14201,14201,2
2020-12-14 15:07:20,14201,14201,14201,2
2020-12-14 15:07:22,14201,14201,14201,10
2020-12-14 15:07:22,14201,14201,14201,2
2020-12-14 15:07:24,14201,14201,14201,10
2020-12-14 15:07:24,14201,14201,14201,10
2020-12-14 15:07:24,14201,14201,14201,2
2020-12-14 15:07:28,14201,14201,14201,4
2020-12-14 15:07:28,14201,14201,14201,2
2020-12-14 15:07:29,14201,14201,14201,20
2020-12-14 15:07:37,14201,14201,14201,2
2020-12-14 15:07:37,14201,14201,14201,2
2020-12-14 15:07:39,14201,14201,14201,2
2020-12-14 15:07:40,14201,14201,14201,2
2020-12-14 15:07:41,14202,14202,14202,2
2020-12-14 15:07:41,14202,14202,14202,2
2020-12-14 15:07:41,14202,14202,14202,2
2020-12-14 15:07:43,14202,14202,14202,2
2020-12-14 15:07:44,14202,14202,14202,2
2020-12-14 15:07:45,14201,14201,14201,2
2020-12-14 15:07:46,14202,14202,14202,2
2020-12-14 15:07:46,14202,14202,14202,2
2020-12-14 15:07:46,14202,14202,14202,2
2020-12-14 15:07:49,14202,14202,14202,2
2020-12-14 15:07:50,14202,14202,14202,4
2020-12-14 15:07:51,14202,14202,14202,2
2020-12-14 15:07:51,14202,14202,14202,4
2020-12-14 15:07:51,14202,14202,14202,2
2020-12-14 15:07:52,14202,14202,14202,8
2020-12-14 15:07:53,14203,14203,14203,2
2020-12-14 15:07:53,14203,14203,14203,2
2020-12-14 15:07:53,14203,14203,14203,2
2020-12-14 15:07:55,14202,14202,14202,2
2020-12-14 15:07:55,14203,14203,14203,2
2020-12-14 15:07:56,14202,14202,14202,2
2020-12-14 15:07:57,14202,14202,14202,6
2020-12-14 15:07:57,14202,14202,14202,2
2020-12-14 15:07:57,14203,14203,14203,26
2020-12-14 15:07:57,14204,14204,14204,10
2020-12-14 15:07:57,14204,14204,14204,4
2020-12-14 15:07:58,14203,14203,14203,2
2020-12-14 15:07:58,14204,14204,14204,2
2020-12-14 15:07:59,14203,14203,14203,4
2020-12-14 15:08:00,14204,14204,14204,6
2020-12-14 15:08:01,14203,14203,14203,4
2020-12-14 15:08:03,14204,14204,14204,2
2020-12-14 15:08:04,14203,14203,14203,2
2020-12-14 15:08:06,14204,14204,14204,2
2020-12-14 15:08:07,14204,14204,14204,2
2020-12-14 15:08:08,14204,14204,14204,12
2020-12-14 15:08:10,14203,14203,14203,4
2020-12-14 15:08:10,14203,14203,14203,2
2020-12-14 15:08:10,14202,14202,14202,2
2020-12-14 15:08:10,14202,14202,14202,6
2020-12-14 15:08:10,14202,14202,14202,14
2020-12-14 15:08:10,14202,14202,14202,2
2020-12-14 15:08:10,14202,14202,14202,2
2020-12-14 15:08:10,14202,14202,14202,2
2020-12-14 15:08:10,14202,14202,14202,2
2020-12-14 15:08:11,14203,14203,14203,4
2020-12-14 15:08:11,14201,14201,14201,2
2020-12-14 15:08:11,14203,14203,14203,2
2020-12-14 15:08:11,14203,14203,14203,2
2020-12-14 15:08:13,14201,14201,14201,2
2020-12-14 15:08:14,14201,14201,14201,2
2020-12-14 15:08:14,14201,14201,14201,2
2020-12-14 15:08:14,14201,14201,14201,2
2020-12-14 15:08:16,14201,14201,14201,2
2020-12-14 15:08:16,14201,14201,14201,4
2020-12-14 15:08:19,14202,14202,14202,2
2020-12-14 15:08:19,14203,14203,14203,4
2020-12-14 15:08:21,14202,14202,14202,8
2020-12-14 15:08:23,14202,14202,14202,2
2020-12-14 15:08:23,14201,14201,14201,2
2020-12-14 15:08:32,14201,14201,14201,6
2020-12-14 15:08:41,14202,14202,14202,14
2020-12-14 15:08:41,14203,14203,14203,2
2020-12-14 15:08:44,14203,14203,14203,2
2020-12-14 15:08:44,14203,14203,14203,2
2020-12-14 15:08:44,14203,14203,14203,2
2020-12-14 15:08:48,14203,14203,14203,2
2020-12-14 15:08:48,14203,14203,14203,2
2020-12-14 15:08:49,14203,14203,14203,2
2020-12-14 15:08:50,14202,14202,14202,2
2020-12-14 15:08:50,14203,14203,14203,2
2020-12-14 15:08:52,14203,14203,14203,2
2020-12-14 15:08:53,14203,14203,14203,2
2020-12-14 15:08:56,14204,14204,14204,4
2020-12-14 15:08:57,14203,14203,14203,2
2020-12-14 15:09:01,14203,14203,14203,2
2020-12-14 15:09:04,14203,14203,14203,2
2020-12-14 15:09:08,14204,14204,14204,2
2020-12-14 15:09:09,14203,14203,14203,2
2020-12-14 15:09:09,14204,14204,14204,4
2020-12-14 15:09:10,14204,14204,14204,2
2020-12-14 15:09:12,14204,14204,14204,2
2020-12-14 15:09:12,14204,14204,14204,20
2020-12-14 15:09:16,14204,14204,14204,4
2020-12-14 15:09:23,14205,14205,14205,6
2020-12-14 15:09:23,14205,14205,14205,46
2020-12-14 15:09:23,14205,14205,14205,2
2020-12-14 15:09:24,14206,14206,14206,2
2020-12-14 15:09:24,14205,14205,14205,2
2020-12-14 15:09:24,14206,14206,14206,2
2020-12-14 15:09:25,14204,14204,14204,2
2020-12-14 15:09:29,14205,14205,14205,2
2020-12-14 15:09:29,14205,14205,14205,2
2020-12-14 15:09:31,14205,14205,14205,10
2020-12-14 15:09:31,14205,14205,14205,2
2020-12-14 15:09:32,14205,14205,14205,2
2020-12-14 15:09:33,14205,14205,14205,4
2020-12-14 15:09:38,14205,14205,14205,2
2020-12-14 15:09:39,14206,14206,14206,4
2020-12-14 15:09:41,14206,14206,14206,2
2020-12-14 15:09:44,14206,14206,14206,2
2020-12-14 15:09:44,14206,14206,14206,4
2020-12-14 15:09:44,14206,14206,14206,2
2020-12-14 15:09:44,14206,14206,14206,8
2020-12-14 15:09:44,14206,14206,14206,6
2020-12-14 15:09:44,14206,14206,14206,8
2020-12-14 15:09:49,14207,14207,14207,2
2020-12-14 15:09:49,14207,14207,14207,2
2020-12-14 15:09:49,14207,14207,14207,2
2020-12-14 15:09:50,14207,14207,14207,2
2020-12-14 15:09:50,14207,14207,14207,2
2020-12-14 15:09:50,14207,14207,14207,2
2020-12-14 15:09:51,14207,14207,14207,2
2020-12-14 15:09:51,14207,14207,14207,4
2020-12-14 15:09:53,14208,14208,14208,2
2020-12-14 15:09:53,14208,14208,14208,2
2020-12-14 15:09:54,14208,14208,14208,4
2020-12-14 15:09:54,14208,14208,14208,4
2020-12-14 15:09:54,14208,14208,14208,2
2020-12-14 15:09:57,14208,14208,14208,2
2020-12-14 15:10:00,14207,14207,14207,2
2020-12-14 15:10:05,14208,14208,14208,4
2020-12-14 15:10:05,14208,14208,14208,8
2020-12-14 15:10:05,14209,14209,14209,2
2020-12-14 15:10:05,14208,14208,14208,6
2020-12-14 15:10:05,14209,14209,14209,2
2020-12-14 15:10:06,14209,14209,14209,6
2020-12-14 15:10:06,14209,14209,14209,2
2020-12-14 15:10:07,14208,14208,14208,2
2020-12-14 15:10:10,14208,14208,14208,4
2020-12-14 15:10:10,14208,14208,14208,2
2020-12-14 15:10:10,14208,14208,14208,2
2020-12-14 15:10:11,14208,14208,14208,2
2020-12-14 15:10:11,14208,14208,14208,2
2020-12-14 15:10:12,14208,14208,14208,2
2020-12-14 15:10:14,14207,14207,14207,2
2020-12-14 15:10:14,14207,14207,14207,2
2020-12-14 15:10:14,14207,14207,14207,2
2020-12-14 15:10:14,14207,14207,14207,2
2020-12-14 15:10:14,14207,14207,14207,2
2020-12-14 15:10:14,14207,14207,14207,2
2020-12-14 15:10:14,14207,14207,14207,2
2020-12-14 15:10:14,14206,14206,14206,2
2020-12-14 15:10:14,14206,14206,14206,2
2020-12-14 15:10:14,14206,14206,14206,2
2020-12-14 15:10:14,14206,14206,14206,10
2020-12-14 15:10:14,14206,14206,14206,2
2020-12-14 15:10:14,14206,14206,14206,2
2020-12-14 15:10:14,14206,14206,14206,2
2020-12-14 15:10:14,14206,14206,14206,4
2020-12-14 15:10:15,14206,14206,14206,4
2020-12-14 15:10:15,14207,14207,14207,2
2020-12-14 15:10:19,14205,14205,14205,2
2020-12-14 15:10:20,14206,14206,14206,2
2020-12-14 15:10:20,14205,14205,14205,2
2020-12-14 15:10:20,14205,14205,14205,2
2020-12-14 15:10:22,14206,14206,14206,2
2020-12-14 15:10:23,14206,14206,14206,6
2020-12-14 15:10:23,14207,14207,14207,4
2020-12-14 15:10:32,14207,14207,14207,8
2020-12-14 15:10:39,14207,14207,14207,2
2020-12-14 15:10:40,14207,14207,14207,2
2020-12-14 15:10:41,14206,14206,14206,2
2020-12-14 15:10:41,14206,14206,14206,26
2020-12-14 15:10:41,14206,14206,14206,2
2020-12-14 15:10:41,14206,14206,14206,2
2020-12-14 15:10:45,14205,14205,14205,4
2020-12-14 15:10:45,14205,14205,14205,2
2020-12-14 15:10:45,14205,14205,14205,2
2020-12-14 15:10:45,14205,14205,14205,2
2020-12-14 15:10:45,14205,14205,14205,2
2020-12-14 15:10:45,14205,14205,14205,2
2020-12-14 15:10:45,14205,14205,14205,2
2020-12-14 15:10:46,14205,14205,14205,10
2020-12-14 15:10:50,14205,14205,14205,2
2020-12-14 15:10:51,14206,14206,14206,2
2020-12-14 15:10:55,14205,14205,14205,2
2020-12-14 15:10:56,14204,14204,14204,2
2020-12-14 15:10:56,14205,14205,14205,2
2020-12-14 15:11:04,14204,14204,14204,12
2020-12-14 15:11:04,14204,14204,14204,2
2020-12-14 15:11:04,14204,14204,14204,2
2020-12-14 15:11:04,14204,14204,14204,2
2020-12-14 15:11:04,14204,14204,14204,2
2020-12-14 15:11:08,14203,14203,14203,2
2020-12-14 15:11:11,14202,14202,14202,2
2020-12-14 15:11:18,14202,14202,14202,2
2020-12-14 15:11:24,14202,14202,14202,2
2020-12-14 15:11:24,14202,14202,14202,2
2020-12-14 15:11:24,14201,14201,14201,2
2020-12-14 15:11:24,14201,14201,14201,2
2020-12-14 15:11:28,14201,14201,14201,2
2020-12-14 15:11:31,14202,14202,14202,4
2020-12-14 15:11:32,14202,14202,14202,4
2020-12-14 15:11:32,14201,14201,14201,2
2020-12-14 15:11:32,14201,14201,14201,4
2020-12-14 15:11:37,14202,14202,14202,2
2020-12-14 15:11:38,14202,14202,14202,2
2020-12-14 15:11:42,14202,14202,14202,2
2020-12-14 15:11:43,14202,14202,14202,2
2020-12-14 15:11:46,14201,14201,14201,2
2020-12-14 15:11:48,14202,14202,14202,2
2020-12-14 15:11:55,14202,14202,14202,2
2020-12-14 15:12:02,14202,14202,14202,2
2020-12-14 15:12:03,14202,14202,14202,8
2020-12-14 15:12:03,14203,14203,14203,6
2020-12-14 15:12:09,14202,14202,14202,2
2020-12-14 15:12:11,14202,14202,14202,2
2020-12-14 15:12:13,14202,14202,14202,2
2020-12-14 15:12:20,14201,14201,14201,2
2020-12-14 15:12:20,14201,14201,14201,12
2020-12-14 15:12:20,14201,14201,14201,2
2020-12-14 15:12:20,14201,14201,14201,2
2020-12-14 15:12:20,14201,14201,14201,2
2020-12-14 15:12:20,14201,14201,14201,2
2020-12-14 15:12:33,14200,14200,14200,2
2020-12-14 15:12:33,14200,14200,14200,2
2020-12-14 15:12:37,14200,14200,14200,2
2020-12-14 15:12:41,14201,14201,14201,2
2020-12-14 15:12:49,14201,14201,14201,2
2020-12-14 15:12:49,14201,14201,14201,2
2020-12-14 15:12:49,14200,14200,14200,2
2020-12-14 15:12:49,14200,14200,14200,2
2020-12-14 15:12:51,14200,14200,14200,2
2020-12-14 15:12:51,14200,14200,14200,2
2020-12-14 15:12:51,14200,14200,14200,2
2020-12-14 15:12:51,14200,14200,14200,2
2020-12-14 15:12:51,14200,14200,14200,2
2020-12-14 15:12:51,14200,14200,14200,2
2020-12-14 15:12:51,14200,14200,14200,2
2020-12-14 15:12:51,14200,14200,14200,2
2020-12-14 15:12:51,14200,14200,14200,2
2020-12-14 15:12:51,14200,14200,14200,10
2020-12-14 15:12:56,14200,14200,14200,2
2020-12-14 15:12:57,14199,14199,14199,2
2020-12-14 15:12:57,14199,14199,14199,2
2020-12-14 15:12:57,14199,14199,14199,2
2020-12-14 15:12:57,14199,14199,14199,2
2020-12-14 15:12:57,14199,14199,14199,2
2020-12-14 15:12:57,14199,14199,14199,2
2020-12-14 15:12:57,14198,14198,14198,2
2020-12-14 15:12:57,14198,14198,14198,2
2020-12-14 15:13:05,14198,14198,14198,2
2020-12-14 15:13:05,14198,14198,14198,2
2020-12-14 15:13:08,14198,14198,14198,2
2020-12-14 15:13:14,14199,14199,14199,2
2020-12-14 15:13:14,14198,14198,14198,2
2020-12-14 15:13:14,14198,14198,14198,2
2020-12-14 15:13:14,14198,14198,14198,2
2020-12-14 15:13:14,14198,14198,14198,2
2020-12-14 15:13:14,14198,14198,14198,4
2020-12-14 15:13:14,14198,14198,14198,2
2020-12-14 15:13:14,14198,14198,14198,2
2020-12-14 15:13:14,14198,14198,14198,4
2020-12-14 15:13:18,14197,14197,14197,2
2020-12-14 15:13:18,14197,14197,14197,2
2020-12-14 15:13:19,14197,14197,14197,2
2020-12-14 15:13:19,14198,14198,14198,2
2020-12-14 15:13:21,14198,14198,14198,2
2020-12-14 15:13:24,14198,14198,14198,2
2020-12-14 15:13:28,14197,14197,14197,2
2020-12-14 15:13:28,14197,14197,14197,2
2020-12-14 15:13:28,14197,14197,14197,2
2020-12-14 15:13:28,14197,14197,14197,2
2020-12-14 15:13:28,14197,14197,14197,2
2020-12-14 15:13:28,14197,14197,14197,2
2020-12-14 15:13:28,14197,14197,14197,2
2020-12-14 15:13:28,14197,14197,14197,2
2020-12-14 15:13:28,14197,14197,14197,2
2020-12-14 15:13:28,14197,14197,14197,2
2020-12-14 15:13:28,14197,14197,14197,2
2020-12-14 15:13:28,14197,14197,14197,2
2020-12-14 15:13:28,14197,14197,14197,2
2020-12-14 15:13:28,14197,14197,14197,10
2020-12-14 15:13:28,14197,14197,14197,2
2020-12-14 15:13:31,14197,14197,14197,2
2020-12-14 15:13:37,14196,14196,14196,2
2020-12-14 15:13:37,14196,14196,14196,2
2020-12-14 15:13:37,14196,14196,14196,2
2020-12-14 15:13:37,14196,14196,14196,2
2020-12-14 15:13:37,14196,14196,14196,2
2020-12-14 15:13:37,14196,14196,14196,2
2020-12-14 15:13:37,14196,14196,14196,2
2020-12-14 15:13:37,14196,14196,14196,2
2020-12-14 15:13:41,14196,14196,14196,2
2020-12-14 15:13:45,14195,14195,14195,2
2020-12-14 15:13:45,14195,14195,14195,2
2020-12-14 15:13:45,14195,14195,14195,2
2020-12-14 15:13:45,14195,14195,14195,2
2020-12-14 15:13:51,14194,14194,14194,2
2020-12-14 15:13:51,14194,14194,14194,2
2020-12-14 15:13:51,14194,14194,14194,2
2020-12-14 15:13:51,14194,14194,14194,2
2020-12-14 15:13:51,14194,14194,14194,2
2020-12-14 15:13:51,14194,14194,14194,2
2020-12-14 15:13:51,14194,14194,14194,8
2020-12-14 15:13:51,14194,14194,14194,10
2020-12-14 15:13:52,14194,14194,14194,4
2020-12-14 15:13:55,14195,14195,14195,2
2020-12-14 15:13:55,14194,14194,14194,2
2020-12-14 15:13:56,14194,14194,14194,2
2020-12-14 15:13:56,14194,14194,14194,2
2020-12-14 15:13:56,14194,14194,14194,2
2020-12-14 15:13:56,14194,14194,14194,2
2020-12-14 15:13:56,14194,14194,14194,2
2020-12-14 15:13:56,14195,14195,14195,2
2020-12-14 15:13:56,14195,14195,14195,2
2020-12-14 15:13:56,14194,14194,14194,2
2020-12-14 15:13:56,14194,14194,14194,2
2020-12-14 15:13:57,14195,14195,14195,6
2020-12-14 15:13:57,14195,14195,14195,2
2020-12-14 15:13:58,14195,14195,14195,2
2020-12-14 15:13:58,14195,14195,14195,4
2020-12-14 15:14:02,14195,14195,14195,2
2020-12-14 15:14:02,14195,14195,14195,2
2020-12-14 15:14:02,14195,14195,14195,2
2020-12-14 15:14:08,14196,14196,14196,2
2020-12-14 15:14:09,14195,14195,14195,2
2020-12-14 15:14:09,14195,14195,14195,2
2020-12-14 15:14:09,14195,14195,14195,2
2020-12-14 15:14:09,14196,14196,14196,12
2020-12-14 15:14:11,14196,14196,14196,2
2020-12-14 15:14:13,14197,14197,14197,2
2020-12-14 15:14:14,14197,14197,14197,2
2020-12-14 15:14:17,14197,14197,14197,2
2020-12-14 15:14:19,14198,14198,14198,4
2020-12-14 15:14:21,14198,14198,14198,2
2020-12-14 15:14:30,14198,14198,14198,2
2020-12-14 15:14:32,14199,14199,14199,2
2020-12-14 15:14:32,14199,14199,14199,6
2020-12-14 15:14:34,14199,14199,14199,2
2020-12-14 15:14:36,14199,14199,14199,2
2020-12-14 15:14:36,14200,14200,14200,2
2020-12-14 15:14:42,14200,14200,14200,18
2020-12-14 15:14:50,14201,14201,14201,2
2020-12-14 15:14:50,14201,14201,14201,8
2020-12-14 15:14:50,14201,14201,14201,6
2020-12-14 15:14:50,14200,14200,14200,4
2020-12-14 15:14:50,14202,14202,14202,2
2020-12-14 15:14:50,14202,14202,14202,4
2020-12-14 15:14:59,14201,14201,14201,2
2020-12-14 15:14:59,14201,14201,14201,2
2020-12-14 15:15:03,14201,14201,14201,2
2020-12-14 15:15:04,14202,14202,14202,4
2020-12-14 15:15:05,14200,14200,14200,2
2020-12-14 15:15:11,14200,14200,14200,2
2020-12-14 15:15:13,14200,14200,14200,2
2020-12-14 15:15:24,14199,14199,14199,2
2020-12-14 15:15:24,14200,14200,14200,2
2020-12-14 15:15:27,14201,14201,14201,4
2020-12-14 15:15:31,14202,14202,14202,2
2020-12-14 15:15:37,14202,14202,14202,2
2020-12-14 15:15:39,14201,14201,14201,2
2020-12-14 15:15:39,14202,14202,14202,2
2020-12-14 15:15:42,14202,14202,14202,2
2020-12-14 15:15:46,14202,14202,14202,22
2020-12-14 15:15:53,14203,14203,14203,2
2020-12-14 15:15:56,14203,14203,14203,4
2020-12-14 15:15:56,14203,14203,14203,4
2020-12-14 15:16:10,14203,14203,14203,4
2020-12-14 15:16:12,14203,14203,14203,2
2020-12-14 15:16:12,14204,14204,14204,2
2020-12-14 15:16:12,14204,14204,14204,2
2020-12-14 15:16:12,14204,14204,14204,2
2020-12-14 15:16:12,14204,14204,14204,6
2020-12-14 15:16:12,14204,14204,14204,8
2020-12-14 15:16:12,14205,14205,14205,2
2020-12-14 15:16:12,14205,14205,14205,2
2020-12-14 15:16:12,14205,14205,14205,6
2020-12-14 15:16:14,14204,14204,14204,2
2020-12-14 15:16:14,14204,14204,14204,2
2020-12-14 15:16:18,14204,14204,14204,8
2020-12-14 15:16:22,14205,14205,14205,4
2020-12-14 15:16:22,14205,14205,14205,2
2020-12-14 15:16:22,14205,14205,14205,2
2020-12-14 15:16:22,14205,14205,14205,4
2020-12-14 15:16:22,14205,14205,14205,8
2020-12-14 15:16:22,14205,14205,14205,6
2020-12-14 15:16:24,14205,14205,14205,2
2020-12-14 15:16:25,14206,14206,14206,20
2020-12-14 15:16:28,14205,14205,14205,2
2020-12-14 15:16:28,14205,14205,14205,2
2020-12-14 15:16:30,14206,14206,14206,2
2020-12-14 15:16:30,14206,14206,14206,2
2020-12-14 15:16:30,14205,14205,14205,4
2020-12-14 15:16:32,14206,14206,14206,2
2020-12-14 15:16:33,14206,14206,14206,2
2020-12-14 15:16:33,14205,14205,14205,2
2020-12-14 15:16:39,14206,14206,14206,2
2020-12-14 15:16:42,14206,14206,14206,8
2020-12-14 15:16:42,14205,14205,14205,2
2020-12-14 15:16:42,14207,14207,14207,2
2020-12-14 15:16:45,14207,14207,14207,10
2020-12-14 15:16:45,14206,14206,14206,2
2020-12-14 15:16:48,14206,14206,14206,2
2020-12-14 15:16:48,14206,14206,14206,2
2020-12-14 15:16:51,14206,14206,14206,2
2020-12-14 15:16:51,14207,14207,14207,2
2020-12-14 15:16:52,14206,14206,14206,2
2020-12-14 15:16:52,14206,14206,14206,6
2020-12-14 15:16:53,14207,14207,14207,2
2020-12-14 15:16:55,14207,14207,14207,4
2020-12-14 15:16:57,14206,14206,14206,2
2020-12-14 15:17:02,14206,14206,14206,10
2020-12-14 15:17:02,14206,14206,14206,8
2020-12-14 15:17:02,14206,14206,14206,12
2020-12-14 15:17:02,14206,14206,14206,2
2020-12-14 15:17:02,14206,14206,14206,4
2020-12-14 15:17:02,14205,14205,14205,2
2020-12-14 15:17:05,14206,14206,14206,2
2020-12-14 15:17:05,14205,14205,14205,2
2020-12-14 15:17:05,14205,14205,14205,2
2020-12-14 15:17:05,14205,14205,14205,2
2020-12-14 15:17:05,14205,14205,14205,2
2020-12-14 15:17:05,14205,14205,14205,2
2020-12-14 15:17:07,14205,14205,14205,2
2020-12-14 15:17:11,14205,14205,14205,2
2020-12-14 15:17:20,14204,14204,14204,2
2020-12-14 15:17:20,14204,14204,14204,2
2020-12-14 15:17:21,14203,14203,14203,2
2020-12-14 15:17:22,14203,14203,14203,2
2020-12-14 15:17:23,14203,14203,14203,2
2020-12-14 15:17:24,14204,14204,14204,10
2020-12-14 15:17:25,14205,14205,14205,4
2020-12-14 15:17:25,14205,14205,14205,12
2020-12-14 15:17:39,14203,14203,14203,2
2020-12-14 15:17:39,14203,14203,14203,2
2020-12-14 15:17:39,14203,14203,14203,2
2020-12-14 15:17:39,14203,14203,14203,2
2020-12-14 15:17:39,14203,14203,14203,2
2020-12-14 15:17:40,14203,14203,14203,2
2020-12-14 15:17:40,14203,14203,14203,2
2020-12-14 15:17:40,14203,14203,14203,2
2020-12-14 15:17:40,14203,14203,14203,2
2020-12-14 15:17:40,14203,14203,14203,2
2020-12-14 15:17:45,14203,14203,14203,2
2020-12-14 15:17:46,14204,14204,14204,2
2020-12-14 15:17:48,14204,14204,14204,2
2020-12-14 15:17:48,14204,14204,14204,4
2020-12-14 15:17:48,14204,14204,14204,2
2020-12-14 15:17:48,14205,14205,14205,2
2020-12-14 15:17:48,14205,14205,14205,2
2020-12-14 15:17:49,14206,14206,14206,4
2020-12-14 15:17:52,14206,14206,14206,2
2020-12-14 15:17:52,14206,14206,14206,8
2020-12-14 15:17:57,14206,14206,14206,8
2020-12-14 15:17:57,14205,14205,14205,2
2020-12-14 15:17:57,14205,14205,14205,2
2020-12-14 15:17:57,14205,14205,14205,4
2020-12-14 15:17:57,14204,14204,14204,8
2020-12-14 15:17:57,14204,14204,14204,2
2020-12-14 15:17:57,14204,14204,14204,2
2020-12-14 15:17:57,14205,14205,14205,2
2020-12-14 15:18:00,14205,14205,14205,2
2020-12-14 15:18:00,14204,14204,14204,2
2020-12-14 15:18:00,14204,14204,14204,2
2020-12-14 15:18:00,14204,14204,14204,2
2020-12-14 15:18:01,14204,14204,14204,2
2020-12-14 15:18:04,14204,14204,14204,4
2020-12-14 15:18:04,14204,14204,14204,2
2020-12-14 15:18:04,14204,14204,14204,14
2020-12-14 15:18:04,14204,14204,14204,2
2020-12-14 15:18:05,14204,14204,14204,2
2020-12-14 15:18:07,14203,14203,14203,2
2020-12-14 15:18:08,14203,14203,14203,2
2020-12-14 15:18:10,14203,14203,14203,2
2020-12-14 15:18:13,14204,14204,14204,6
2020-12-14 15:18:15,14204,14204,14204,2
2020-12-14 15:18:15,14203,14203,14203,2
2020-12-14 15:18:17,14203,14203,14203,2
2020-12-14 15:18:17,14203,14203,14203,2
2020-12-14 15:18:17,14203,14203,14203,2
2020-12-14 15:18:17,14203,14203,14203,6
2020-12-14 15:18:17,14203,14203,14203,2
2020-12-14 15:18:17,14203,14203,14203,2
2020-12-14 15:18:17,14203,14203,14203,2
2020-12-14 15:18:17,14203,14203,14203,2
2020-12-14 15:18:25,14202,14202,14202,4
2020-12-14 15:18:25,14202,14202,14202,2
2020-12-14 15:18:25,14202,14202,14202,2
2020-12-14 15:18:25,14202,14202,14202,2
2020-12-14 15:18:25,14202,14202,14202,2
2020-12-14 15:18:25,14202,14202,14202,2
2020-12-14 15:18:28,14203,14203,14203,2
2020-12-14 15:18:33,14202,14202,14202,2
2020-12-14 15:18:33,14202,14202,14202,2
2020-12-14 15:18:33,14202,14202,14202,6
2020-12-14 15:18:33,14202,14202,14202,2
2020-12-14 15:18:33,14202,14202,14202,8
2020-12-14 15:18:37,14202,14202,14202,22
2020-12-14 15:18:37,14203,14203,14203,46
2020-12-14 15:18:37,14204,14204,14204,38
2020-12-14 15:18:38,14203,14203,14203,2
2020-12-14 15:18:40,14204,14204,14204,2
2020-12-14 15:18:45,14204,14204,14204,6
2020-12-14 15:18:45,14204,14204,14204,2
2020-12-14 15:18:45,14204,14204,14204,2
2020-12-14 15:18:45,14204,14204,14204,2
2020-12-14 15:18:45,14204,14204,14204,4
2020-12-14 15:18:48,14204,14204,14204,4
2020-12-14 15:18:48,14205,14205,14205,6
2020-12-14 15:18:50,14205,14205,14205,6
2020-12-14 15:19:10,14203,14203,14203,2
2020-12-14 15:19:10,14203,14203,14203,10
2020-12-14 15:19:10,14203,14203,14203,2
2020-12-14 15:19:10,14203,14203,14203,2
2020-12-14 15:19:10,14203,14203,14203,4
2020-12-14 15:19:10,14203,14203,14203,4
2020-12-14 15:19:13,14203,14203,14203,2
2020-12-14 15:19:17,14203,14203,14203,2
2020-12-14 15:19:19,14202,14202,14202,2
2020-12-14 15:19:19,14202,14202,14202,2
2020-12-14 15:19:19,14202,14202,14202,4
2020-12-14 15:19:19,14202,14202,14202,2
2020-12-14 15:19:19,14202,14202,14202,2
2020-12-14 15:19:19,14202,14202,14202,2
2020-12-14 15:19:19,14202,14202,14202,4
2020-12-14 15:19:19,14202,14202,14202,2
2020-12-14 15:19:24,14202,14202,14202,2
2020-12-14 15:19:37,14201,14201,14201,2
2020-12-14 15:19:37,14201,14201,14201,2
2020-12-14 15:19:37,14201,14201,14201,2
2020-12-14 15:19:37,14201,14201,14201,2
2020-12-14 15:19:37,14201,14201,14201,2
2020-12-14 15:19:37,14201,14201,14201,2
2020-12-14 15:19:37,14201,14201,14201,2
2020-12-14 15:19:37,14201,14201,14201,2
2020-12-14 15:19:37,14201,14201,14201,2
2020-12-14 15:19:37,14201,14201,14201,2
2020-12-14 15:19:37,14201,14201,14201,2
2020-12-14 15:19:37,14201,14201,14201,2
2020-12-14 15:19:37,14201,14201,14201,2
2020-12-14 15:19:37,14201,14201,14201,2
2020-12-14 15:19:37,14201,14201,14201,2
2020-12-14 15:19:37,14201,14201,14201,2
2020-12-14 15:19:37,14201,14201,14201,2
2020-12-14 15:19:39,14201,14201,14201,2
2020-12-14 15:19:39,14200,14200,14200,2
2020-12-14 15:19:39,14200,14200,14200,2
2020-12-14 15:19:39,14200,14200,14200,2
2020-12-14 15:19:39,14200,14200,14200,2
2020-12-14 15:19:39,14200,14200,14200,2
2020-12-14 15:19:39,14200,14200,14200,2
2020-12-14 15:19:39,14200,14200,14200,2
2020-12-14 15:19:39,14200,14200,14200,2
2020-12-14 15:19:39,14200,14200,14200,2
2020-12-14 15:19:43,14199,14199,14199,2
2020-12-14 15:19:43,14199,14199,14199,2
2020-12-14 15:19:51,14199,14199,14199,2
2020-12-14 15:19:55,14200,14200,14200,2
2020-12-14 15:19:57,14201,14201,14201,2
2020-12-14 15:19:57,14201,14201,14201,2
2020-12-14 15:19:59,14200,14200,14200,6
2020-12-14 15:19:59,14200,14200,14200,2
2020-12-14 15:19:59,14200,14200,14200,2
2020-12-14 15:19:59,14200,14200,14200,2
2020-12-14 15:19:59,14200,14200,14200,4
2020-12-14 15:20:01,14200,14200,14200,8
2020-12-14 15:20:06,14201,14201,14201,4
2020-12-14 15:20:06,14201,14201,14201,2
2020-12-14 15:20:14,14202,14202,14202,4
2020-12-14 15:20:17,14203,14203,14203,2
2020-12-14 15:20:20,14203,14203,14203,4
2020-12-14 15:20:28,14203,14203,14203,2
2020-12-14 15:20:28,14203,14203,14203,2
2020-12-14 15:20:33,14202,14202,14202,2
2020-12-14 15:20:34,14202,14202,14202,2
2020-12-14 15:20:34,14202,14202,14202,4
2020-12-14 15:20:37,14201,14201,14201,4
2020-12-14 15:20:40,14202,14202,14202,4
2020-12-14 15:20:42,14202,14202,14202,2
2020-12-14 15:20:44,14203,14203,14203,2
2020-12-14 15:20:51,14202,14202,14202,2
2020-12-14 15:21:04,14202,14202,14202,4
2020-12-14 15:21:04,14202,14202,14202,2
2020-12-14 15:21:04,14202,14202,14202,6
2020-12-14 15:21:04,14202,14202,14202,8
2020-12-14 15:21:14,14201,14201,14201,2
2020-12-14 15:22:05,14202,14202,14202,2
2020-12-14 15:22:20,14202,14202,14202,2
2020-12-14 15:22:22,14202,14202,14202,2
2020-12-14 15:22:29,14203,14203,14203,2
2020-12-14 15:22:33,14203,14203,14203,20
2020-12-14 15:22:36,14204,14204,14204,2
2020-12-14 15:22:38,14204,14204,14204,2
2020-12-14 15:22:38,14204,14204,14204,6
2020-12-14 15:22:54,14204,14204,14204,2
2020-12-14 15:22:54,14203,14203,14203,8
2020-12-14 15:22:54,14203,14203,14203,8
2020-12-14 15:22:54,14203,14203,14203,2
2020-12-14 15:22:57,14204,14204,14204,2
2020-12-14 15:23:03,14203,14203,14203,2
2020-12-14 15:23:03,14202,14202,14202,2
2020-12-14 15:23:12,14203,14203,14203,2
2020-12-14 15:23:27,14202,14202,14202,4
2020-12-14 15:23:39,14202,14202,14202,2
2020-12-14 15:23:54,14202,14202,14202,2
2020-12-14 15:23:54,14202,14202,14202,2
2020-12-14 15:23:55,14202,14202,14202,4
2020-12-14 15:23:55,14202,14202,14202,2
2020-12-14 15:23:55,14202,14202,14202,4
2020-12-14 15:23:59,14201,14201,14201,6
2020-12-14 15:23:59,14202,14202,14202,2
2020-12-14 15:24:01,14202,14202,14202,2
2020-12-14 15:24:07,14201,14201,14201,2
2020-12-14 15:24:07,14201,14201,14201,2
2020-12-14 15:24:07,14201,14201,14201,4
2020-12-14 15:24:09,14200,14200,14200,2
2020-12-14 15:24:09,14200,14200,14200,2
2020-12-14 15:24:09,14200,14200,14200,2
2020-12-14 15:24:09,14200,14200,14200,2
2020-12-14 15:24:09,14200,14200,14200,2
2020-12-14 15:24:09,14200,14200,14200,2
2020-12-14 15:24:16,14200,14200,14200,10
2020-12-14 15:24:16,14201,14201,14201,20
2020-12-14 15:24:18,14200,14200,14200,2
2020-12-14 15:24:21,14200,14200,14200,2
2020-12-14 15:24:28,14200,14200,14200,2
2020-12-14 15:24:41,14200,14200,14200,2
2020-12-14 15:24:45,14201,14201,14201,2
2020-12-14 15:24:51,14201,14201,14201,6
2020-12-14 15:24:55,14201,14201,14201,2
2020-12-14 15:25:01,14200,14200,14200,2
2020-12-14 15:25:16,14200,14200,14200,2
2020-12-14 15:25:22,14200,14200,14200,2
2020-12-14 15:25:22,14200,14200,14200,2
2020-12-14 15:25:28,14199,14199,14199,2
2020-12-14 15:25:47,14200,14200,14200,6
2020-12-14 15:25:54,14201,14201,14201,12
2020-12-14 15:25:55,14200,14200,14200,4
2020-12-14 15:26:10,14201,14201,14201,2
2020-12-14 15:26:21,14202,14202,14202,2
2020-12-14 15:26:21,14202,14202,14202,16
2020-12-14 15:26:22,14202,14202,14202,2
2020-12-14 15:26:22,14203,14203,14203,2
2020-12-14 15:26:22,14203,14203,14203,2
2020-12-14 15:26:22,14203,14203,14203,4
2020-12-14 15:26:25,14202,14202,14202,2
2020-12-14 15:26:30,14203,14203,14203,4
2020-12-14 15:26:31,14202,14202,14202,2
2020-12-14 15:26:31,14202,14202,14202,2
2020-12-14 15:26:31,14202,14202,14202,2
2020-12-14 15:26:31,14202,14202,14202,4
2020-12-14 15:26:35,14204,14204,14204,2
2020-12-14 15:26:46,14204,14204,14204,4
2020-12-14 15:26:52,14204,14204,14204,4
2020-12-14 15:27:00,14203,14203,14203,2
2020-12-14 15:27:00,14203,14203,14203,2
2020-12-14 15:27:03,14203,14203,14203,2
2020-12-14 15:27:04,14202,14202,14202,6
2020-12-14 15:27:04,14202,14202,14202,2
2020-12-14 15:27:06,14201,14201,14201,2
2020-12-14 15:27:07,14202,14202,14202,2
2020-12-14 15:27:14,14203,14203,14203,2
2020-12-14 15:27:22,14203,14203,14203,2
2020-12-14 15:27:24,14204,14204,14204,2
2020-12-14 15:27:30,14203,14203,14203,2
2020-12-14 15:27:31,14202,14202,14202,8
2020-12-14 15:27:31,14202,14202,14202,4
2020-12-14 15:27:31,14202,14202,14202,4
2020-12-14 15:27:31,14202,14202,14202,2
2020-12-14 15:27:36,14203,14203,14203,2
2020-12-14 15:27:37,14203,14203,14203,2
2020-12-14 15:27:39,14204,14204,14204,2
2020-12-14 15:27:54,14202,14202,14202,2
2020-12-14 15:27:55,14202,14202,14202,2
2020-12-14 15:28:01,14202,14202,14202,4
2020-12-14 15:28:06,14202,14202,14202,2
2020-12-14 15:28:09,14201,14201,14201,2
2020-12-14 15:28:14,14201,14201,14201,2
2020-12-14 15:28:15,14202,14202,14202,8
2020-12-14 15:28:15,14202,14202,14202,10
2020-12-14 15:28:18,14202,14202,14202,2
2020-12-14 15:28:21,14202,14202,14202,2
2020-12-14 15:28:23,14201,14201,14201,2
2020-12-14 15:28:27,14201,14201,14201,2
2020-12-14 15:28:32,14201,14201,14201,2
2020-12-14 15:29:06,14201,14201,14201,2
2020-12-14 15:29:06,14201,14201,14201,2
2020-12-14 15:29:19,14202,14202,14202,10
2020-12-14 15:29:29,14202,14202,14202,10
2020-12-14 15:29:29,14202,14202,14202,2
2020-12-14 15:29:46,14202,14202,14202,2
2020-12-14 15:29:49,14202,14202,14202,2
2020-12-14 15:29:53,14202,14202,14202,2
2020-12-14 15:30:04,14202,14202,14202,2
2020-12-14 15:30:05,14201,14201,14201,6
2020-12-14 15:30:05,14201,14201,14201,4
2020-12-14 15:30:05,14201,14201,14201,2
2020-12-14 15:30:05,14201,14201,14201,2
2020-12-14 15:30:10,14201,14201,14201,4
2020-12-14 15:30:10,14201,14201,14201,4
2020-12-14 15:30:14,14201,14201,14201,2
2020-12-14 15:30:14,14202,14202,14202,2
2020-12-14 15:30:14,14202,14202,14202,2
2020-12-14 15:30:14,14202,14202,14202,2
2020-12-14 15:30:14,14202,14202,14202,2
2020-12-14 15:30:14,14202,14202,14202,2
2020-12-14 15:30:14,14202,14202,14202,4
2020-12-14 15:30:14,14203,14203,14203,2
2020-12-14 15:30:14,14203,14203,14203,4
2020-12-14 15:30:16,14202,14202,14202,2
2020-12-14 15:30:16,14203,14203,14203,8
2020-12-14 15:30:16,14203,14203,14203,4
2020-12-14 15:30:28,14203,14203,14203,2
2020-12-14 15:30:28,14203,14203,14203,2
2020-12-14 15:30:28,14204,14204,14204,2
2020-12-14 15:30:28,14204,14204,14204,2
2020-12-14 15:30:28,14204,14204,14204,2
2020-12-14 15:30:28,14204,14204,14204,2
2020-12-14 15:30:28,14204,14204,14204,2
2020-12-14 15:30:28,14204,14204,14204,4
2020-12-14 15:30:28,14204,14204,14204,10
2020-12-14 15:30:28,14204,14204,14204,6
2020-12-14 15:30:28,14205,14205,14205,2
2020-12-14 15:30:28,14205,14205,14205,2
2020-12-14 15:30:28,14205,14205,14205,2
2020-12-14 15:30:30,14204,14204,14204,2
2020-12-14 15:30:32,14204,14204,14204,2
2020-12-14 15:30:33,14203,14203,14203,2
2020-12-14 15:30:44,14204,14204,14204,2
2020-12-14 15:30:50,14203,14203,14203,2
2020-12-14 15:31:02,14204,14204,14204,2
2020-12-14 15:31:14,14204,14204,14204,2
2020-12-14 15:31:14,14205,14205,14205,2
2020-12-14 15:31:14,14205,14205,14205,2
2020-12-14 15:31:14,14205,14205,14205,2
2020-12-14 15:31:14,14205,14205,14205,2
2020-12-14 15:31:14,14205,14205,14205,2
2020-12-14 15:31:14,14205,14205,14205,2
2020-12-14 15:31:14,14205,14205,14205,2
2020-12-14 15:31:17,14204,14204,14204,2
2020-12-14 15:31:20,14205,14205,14205,10
2020-12-14 15:31:20,14205,14205,14205,4
2020-12-14 15:31:37,14205,14205,14205,2
2020-12-14 15:31:41,14205,14205,14205,2
2020-12-14 15:31:41,14205,14205,14205,2
2020-12-14 15:31:41,14205,14205,14205,4
2020-12-14 15:31:41,14206,14206,14206,2
2020-12-14 15:31:46,14206,14206,14206,2
2020-12-14 15:31:49,14206,14206,14206,4
2020-12-14 15:31:49,14205,14205,14205,2
2020-12-14 15:31:52,14205,14205,14205,2
2020-12-14 15:31:58,14204,14204,14204,2
2020-12-14 15:31:58,14204,14204,14204,2
2020-12-14 15:31:58,14204,14204,14204,2
2020-12-14 15:32:02,14204,14204,14204,4
2020-12-14 15:32:03,14203,14203,14203,8
2020-12-14 15:32:03,14203,14203,14203,2
2020-12-14 15:32:04,14203,14203,14203,2
2020-12-14 15:32:04,14203,14203,14203,2
2020-12-14 15:32:04,14202,14202,14202,2
2020-12-14 15:32:04,14202,14202,14202,2
2020-12-14 15:32:04,14202,14202,14202,2
2020-12-14 15:32:04,14203,14203,14203,2
2020-12-14 15:32:04,14202,14202,14202,2
2020-12-14 15:32:04,14202,14202,14202,2
2020-12-14 15:32:04,14202,14202,14202,2
2020-12-14 15:32:04,14201,14201,14201,4
2020-12-14 15:32:05,14201,14201,14201,2
2020-12-14 15:32:05,14201,14201,14201,2
2020-12-14 15:32:05,14201,14201,14201,2
2020-12-14 15:32:05,14201,14201,14201,2
2020-12-14 15:32:05,14201,14201,14201,2
2020-12-14 15:32:05,14200,14200,14200,2
2020-12-14 15:32:05,14201,14201,14201,8
2020-12-14 15:32:05,14200,14200,14200,2
2020-12-14 15:32:09,14201,14201,14201,2
2020-12-14 15:32:26,14201,14201,14201,2
2020-12-14 15:32:33,14202,14202,14202,2
2020-12-14 15:32:38,14201,14201,14201,2
2020-12-14 15:32:51,14202,14202,14202,2
2020-12-14 15:32:51,14202,14202,14202,2
2020-12-14 15:32:52,14201,14201,14201,2
2020-12-14 15:32:52,14201,14201,14201,2
2020-12-14 15:32:52,14201,14201,14201,2
2020-12-14 15:32:53,14200,14200,14200,4
2020-12-14 15:32:53,14200,14200,14200,4
2020-12-14 15:32:53,14200,14200,14200,6
2020-12-14 15:32:53,14200,14200,14200,2
2020-12-14 15:32:53,14200,14200,14200,2
2020-12-14 15:32:54,14200,14200,14200,2
2020-12-14 15:33:04,14200,14200,14200,2
2020-12-14 15:33:13,14201,14201,14201,8
2020-12-14 15:33:28,14202,14202,14202,2
2020-12-14 15:33:28,14202,14202,14202,2
2020-12-14 15:33:28,14202,14202,14202,2
2020-12-14 15:33:28,14202,14202,14202,2
2020-12-14 15:33:37,14202,14202,14202,2
2020-12-14 15:33:54,14202,14202,14202,2
2020-12-14 15:33:57,14203,14203,14203,2
2020-12-14 15:34:03,14202,14202,14202,2
2020-12-14 15:34:19,14202,14202,14202,2
2020-12-14 15:34:19,14202,14202,14202,2
2020-12-14 15:34:19,14202,14202,14202,2
2020-12-14 15:34:19,14202,14202,14202,4
2020-12-14 15:34:19,14202,14202,14202,2
2020-12-14 15:34:19,14202,14202,14202,2
2020-12-14 15:34:21,14201,14201,14201,2
2020-12-14 15:34:21,14201,14201,14201,2
2020-12-14 15:34:39,14200,14200,14200,2
2020-12-14 15:34:51,14200,14200,14200,2
2020-12-14 15:34:51,14200,14200,14200,2
2020-12-14 15:34:51,14200,14200,14200,4
2020-12-14 15:34:51,14200,14200,14200,4
2020-12-14 15:35:00,14200,14200,14200,4
2020-12-14 15:35:00,14200,14200,14200,4
2020-12-14 15:35:05,14201,14201,14201,4
2020-12-14 15:35:05,14201,14201,14201,2
2020-12-14 15:35:05,14201,14201,14201,2
2020-12-14 15:35:05,14201,14201,14201,2
2020-12-14 15:35:05,14201,14201,14201,8
2020-12-14 15:35:15,14200,14200,14200,2
2020-12-14 15:35:16,14201,14201,14201,4
2020-12-14 15:35:19,14200,14200,14200,4
2020-12-14 15:35:24,14200,14200,14200,2
2020-12-14 15:35:24,14200,14200,14200,2
2020-12-14 15:35:24,14200,14200,14200,2
2020-12-14 15:35:24,14200,14200,14200,2
2020-12-14 15:35:34,14200,14200,14200,2
2020-12-14 15:35:34,14200,14200,14200,2
2020-12-14 15:35:36,14200,14200,14200,6
2020-12-14 15:35:37,14200,14200,14200,4
2020-12-14 15:35:37,14200,14200,14200,2
2020-12-14 15:35:41,14200,14200,14200,8
2020-12-14 15:35:41,14199,14199,14199,2
2020-12-14 15:35:41,14199,14199,14199,2
2020-12-14 15:35:41,14199,14199,14199,2
2020-12-14 15:35:41,14199,14199,14199,2
2020-12-14 15:35:44,14199,14199,14199,2
2020-12-14 15:35:49,14199,14199,14199,2
2020-12-14 15:35:49,14199,14199,14199,4
2020-12-14 15:35:49,14199,14199,14199,6
2020-12-14 15:35:49,14199,14199,14199,2
2020-12-14 15:35:49,14199,14199,14199,10
2020-12-14 15:35:49,14199,14199,14199,2
2020-12-14 15:35:49,14198,14198,14198,2
2020-12-14 15:35:49,14198,14198,14198,2
2020-12-14 15:35:50,14198,14198,14198,2
2020-12-14 15:35:51,14198,14198,14198,6
2020-12-14 15:35:51,14198,14198,14198,2
2020-12-14 15:35:51,14198,14198,14198,2
2020-12-14 15:35:51,14198,14198,14198,4
2020-12-14 15:35:51,14198,14198,14198,4
2020-12-14 15:35:51,14198,14198,14198,2
2020-12-14 15:35:51,14198,14198,14198,4
2020-12-14 15:35:51,14197,14197,14197,2
2020-12-14 15:35:51,14197,14197,14197,2
2020-12-14 15:35:51,14197,14197,14197,2
2020-12-14 15:35:53,14196,14196,14196,2
2020-12-14 15:35:53,14196,14196,14196,4
2020-12-14 15:35:53,14196,14196,14196,8
2020-12-14 15:35:55,14195,14195,14195,2
2020-12-14 15:35:55,14195,14195,14195,4
2020-12-14 15:35:55,14195,14195,14195,2
2020-12-14 15:35:55,14195,14195,14195,10
2020-12-14 15:35:55,14195,14195,14195,20
2020-12-14 15:35:55,14195,14195,14195,4
2020-12-14 15:35:55,14195,14195,14195,2
2020-12-14 15:35:55,14195,14195,14195,2
2020-12-14 15:35:55,14195,14195,14195,2
2020-12-14 15:35:56,14194,14194,14194,2
2020-12-14 15:35:56,14194,14194,14194,2
2020-12-14 15:35:57,14194,14194,14194,2
2020-12-14 15:35:58,14195,14195,14195,12
2020-12-14 15:36:02,14195,14195,14195,2
2020-12-14 15:36:03,14194,14194,14194,8
2020-12-14 15:36:03,14194,14194,14194,2
2020-12-14 15:36:03,14194,14194,14194,2
2020-12-14 15:36:03,14193,14193,14193,2
2020-12-14 15:36:03,14194,14194,14194,2
2020-12-14 15:36:03,14193,14193,14193,2
2020-12-14 15:36:03,14193,14193,14193,2
2020-12-14 15:36:03,14194,14194,14194,8
2020-12-14 15:36:04,14193,14193,14193,2
2020-12-14 15:36:04,14193,14193,14193,2
2020-12-14 15:36:04,14192,14192,14192,2
2020-12-14 15:36:04,14193,14193,14193,4
2020-12-14 15:36:04,14193,14193,14193,2
2020-12-14 15:36:04,14193,14193,14193,2
2020-12-14 15:36:05,14194,14194,14194,2
2020-12-14 15:36:06,14194,14194,14194,2
2020-12-14 15:36:06,14193,14193,14193,2
2020-12-14 15:36:07,14194,14194,14194,2
2020-12-14 15:36:07,14193,14193,14193,2
2020-12-14 15:36:07,14193,14193,14193,2
2020-12-14 15:36:07,14193,14193,14193,2
2020-12-14 15:36:07,14193,14193,14193,2
2020-12-14 15:36:07,14193,14193,14193,2
2020-12-14 15:36:07,14193,14193,14193,2
2020-12-14 15:36:07,14192,14192,14192,2
2020-12-14 15:36:08,14193,14193,14193,2
2020-12-14 15:36:08,14193,14193,14193,2
2020-12-14 15:36:09,14193,14193,14193,2
2020-12-14 15:36:13,14193,14193,14193,2
2020-12-14 15:36:13,14194,14194,14194,2
2020-12-14 15:36:14,14194,14194,14194,2
2020-12-14 15:36:15,14193,14193,14193,2
2020-12-14 15:36:18,14194,14194,14194,2
2020-12-14 15:36:18,14195,14195,14195,6
2020-12-14 15:36:19,14194,14194,14194,2
2020-12-14 15:36:19,14194,14194,14194,2
2020-12-14 15:36:19,14194,14194,14194,2
2020-12-14 15:36:22,14194,14194,14194,2
2020-12-14 15:36:23,14196,14196,14196,2
2020-12-14 15:36:28,14196,14196,14196,2
2020-12-14 15:36:30,14195,14195,14195,4
2020-12-14 15:36:30,14195,14195,14195,2
2020-12-14 15:36:30,14195,14195,14195,2
2020-12-14 15:36:34,14196,14196,14196,8
2020-12-14 15:36:43,14196,14196,14196,2
2020-12-14 15:36:46,14197,14197,14197,4
2020-12-14 15:36:46,14197,14197,14197,2
2020-12-14 15:36:47,14198,14198,14198,2
2020-12-14 15:36:47,14197,14197,14197,2
2020-12-14 15:36:49,14198,14198,14198,4
2020-12-14 15:36:53,14198,14198,14198,4
2020-12-14 15:36:53,14198,14198,14198,2
2020-12-14 15:36:56,14198,14198,14198,2
2020-12-14 15:37:02,14198,14198,14198,2
2020-12-14 15:37:02,14199,14199,14199,2
2020-12-14 15:37:02,14199,14199,14199,2
2020-12-14 15:37:02,14199,14199,14199,2
2020-12-14 15:37:04,14200,14200,14200,4
2020-12-14 15:37:04,14201,14201,14201,2
2020-12-14 15:37:04,14201,14201,14201,4
2020-12-14 15:37:04,14201,14201,14201,2
2020-12-14 15:37:05,14200,14200,14200,2
2020-12-14 15:37:06,14201,14201,14201,2
2020-12-14 15:37:08,14201,14201,14201,2
2020-12-14 15:37:10,14201,14201,14201,2
2020-12-14 15:37:16,14201,14201,14201,8
2020-12-14 15:37:22,14201,14201,14201,6
2020-12-14 15:37:22,14202,14202,14202,2
2020-12-14 15:37:30,14203,14203,14203,8
2020-12-14 15:37:32,14202,14202,14202,2
2020-12-14 15:37:39,14204,14204,14204,4
2020-12-14 15:37:41,14203,14203,14203,2
2020-12-14 15:37:41,14203,14203,14203,2
2020-12-14 15:37:42,14203,14203,14203,2
2020-12-14 15:37:43,14202,14202,14202,2
2020-12-14 15:37:43,14202,14202,14202,2
2020-12-14 15:37:45,14201,14201,14201,2
2020-12-14 15:37:45,14201,14201,14201,2
2020-12-14 15:37:45,14201,14201,14201,2
2020-12-14 15:37:45,14202,14202,14202,20
2020-12-14 15:37:47,14203,14203,14203,4
2020-12-14 15:37:50,14204,14204,14204,2
2020-12-14 15:37:50,14204,14204,14204,12
2020-12-14 15:37:50,14204,14204,14204,2
2020-12-14 15:37:54,14203,14203,14203,2
2020-12-14 15:37:58,14204,14204,14204,2
2020-12-14 15:38:10,14204,14204,14204,2
2020-12-14 15:38:14,14204,14204,14204,4
2020-12-14 15:38:16,14203,14203,14203,2
2020-12-14 15:38:16,14203,14203,14203,2
2020-12-14 15:38:18,14203,14203,14203,2
2020-12-14 15:38:19,14203,14203,14203,2
2020-12-14 15:38:20,14203,14203,14203,4
2020-12-14 15:38:39,14204,14204,14204,6
2020-12-14 15:38:43,14203,14203,14203,2
2020-12-14 15:38:43,14203,14203,14203,2
2020-12-14 15:38:46,14204,14204,14204,2
2020-12-14 15:38:59,14203,14203,14203,2
2020-12-14 15:39:03,14202,14202,14202,2
2020-12-14 15:39:03,14202,14202,14202,2
2020-12-14 15:39:13,14201,14201,14201,2
2020-12-14 15:39:21,14203,14203,14203,2
2020-12-14 15:39:24,14203,14203,14203,2
2020-12-14 15:39:28,14204,14204,14204,20
2020-12-14 15:39:33,14204,14204,14204,8
2020-12-14 15:39:38,14204,14204,14204,2
2020-12-14 15:39:39,14204,14204,14204,2
2020-12-14 15:39:39,14204,14204,14204,2
2020-12-14 15:39:39,14204,14204,14204,2
2020-12-14 15:39:39,14204,14204,14204,2
2020-12-14 15:39:39,14204,14204,14204,2
2020-12-14 15:39:39,14204,14204,14204,2
2020-12-14 15:39:44,14204,14204,14204,20
2020-12-14 15:39:47,14204,14204,14204,2
2020-12-14 15:39:50,14204,14204,14204,2
2020-12-14 15:39:50,14204,14204,14204,2
2020-12-14 15:40:00,14205,14205,14205,2
2020-12-14 15:40:03,14204,14204,14204,2
2020-12-14 15:40:04,14205,14205,14205,2
2020-12-14 15:40:06,14204,14204,14204,2
2020-12-14 15:40:06,14204,14204,14204,2
2020-12-14 15:40:06,14204,14204,14204,6
2020-12-14 15:40:06,14204,14204,14204,4
2020-12-14 15:40:07,14204,14204,14204,2
2020-12-14 15:40:13,14203,14203,14203,2
2020-12-14 15:40:13,14203,14203,14203,2
2020-12-14 15:40:13,14203,14203,14203,2
2020-12-14 15:40:36,14204,14204,14204,2
2020-12-14 15:40:46,14204,14204,14204,12
2020-12-14 15:40:56,14204,14204,14204,2
2020-12-14 15:40:58,14204,14204,14204,2
2020-12-14 15:41:03,14204,14204,14204,4
2020-12-14 15:41:03,14204,14204,14204,2
2020-12-14 15:41:03,14204,14204,14204,2
2020-12-14 15:41:03,14204,14204,14204,2
2020-12-14 15:41:12,14204,14204,14204,2
2020-12-14 15:41:21,14204,14204,14204,2
2020-12-14 15:41:29,14205,14205,14205,14
2020-12-14 15:41:29,14205,14205,14205,4
2020-12-14 15:41:29,14205,14205,14205,2
2020-12-14 15:41:29,14205,14205,14205,20
2020-12-14 15:41:43,14204,14204,14204,2
2020-12-14 15:41:43,14204,14204,14204,2
2020-12-14 15:41:43,14204,14204,14204,12
2020-12-14 15:41:43,14204,14204,14204,8
2020-12-14 15:41:43,14204,14204,14204,2
2020-12-14 15:41:48,14204,14204,14204,2
2020-12-14 15:41:49,14204,14204,14204,2
2020-12-14 15:41:54,14204,14204,14204,2
2020-12-14 15:42:00,14204,14204,14204,2
2020-12-14 15:42:01,14204,14204,14204,2
2020-12-14 15:42:11,14205,14205,14205,4
2020-12-14 15:42:11,14205,14205,14205,10
2020-12-14 15:42:12,14205,14205,14205,2
2020-12-14 15:42:13,14206,14206,14206,4
2020-12-14 15:42:15,14205,14205,14205,8
2020-12-14 15:42:15,14205,14205,14205,2
2020-12-14 15:42:17,14206,14206,14206,4
2020-12-14 15:42:17,14206,14206,14206,6
2020-12-14 15:42:18,14205,14205,14205,2
2020-12-14 15:42:53,14206,14206,14206,6
2020-12-14 15:42:54,14206,14206,14206,2
2020-12-14 15:42:55,14205,14205,14205,2
2020-12-14 15:43:16,14206,14206,14206,8
2020-12-14 15:43:16,14206,14206,14206,2
2020-12-14 15:43:27,14206,14206,14206,6
2020-12-14 15:43:48,14206,14206,14206,2
2020-12-14 15:43:49,14206,14206,14206,34
2020-12-14 15:43:49,14206,14206,14206,10
2020-12-14 15:43:49,14207,14207,14207,12
2020-12-14 15:43:49,14206,14206,14206,2
2020-12-14 15:43:55,14207,14207,14207,6
2020-12-14 15:43:55,14207,14207,14207,6
2020-12-14 15:43:55,14207,14207,14207,4
2020-12-14 15:44:00,14208,14208,14208,2
2020-12-14 15:44:01,14208,14208,14208,2
2020-12-14 15:44:01,14208,14208,14208,2
2020-12-14 15:44:02,14208,14208,14208,2
2020-12-14 15:44:04,14207,14207,14207,2
2020-12-14 15:44:04,14208,14208,14208,6
2020-12-14 15:44:04,14208,14208,14208,2
2020-12-14 15:44:04,14208,14208,14208,2
2020-12-14 15:44:13,14207,14207,14207,2
2020-12-14 15:44:15,14208,14208,14208,2
2020-12-14 15:44:15,14208,14208,14208,8
2020-12-14 15:44:21,14207,14207,14207,2
2020-12-14 15:44:23,14207,14207,14207,2
2020-12-14 15:44:23,14207,14207,14207,2
2020-12-14 15:44:23,14207,14207,14207,2
2020-12-14 15:44:23,14207,14207,14207,6
2020-12-14 15:44:29,14207,14207,14207,4
2020-12-14 15:44:36,14207,14207,14207,2
2020-12-14 15:44:36,14207,14207,14207,4
2020-12-14 15:44:37,14208,14208,14208,2
2020-12-14 15:44:37,14208,14208,14208,6
2020-12-14 15:44:37,14208,14208,14208,26
2020-12-14 15:44:37,14208,14208,14208,2
2020-12-14 15:44:37,14208,14208,14208,22
2020-12-14 15:44:37,14209,14209,14209,8
2020-12-14 15:44:37,14209,14209,14209,2
2020-12-14 15:44:37,14209,14209,14209,2
2020-12-14 15:44:37,14209,14209,14209,4
2020-12-14 15:44:37,14209,14209,14209,2
2020-12-14 15:44:37,14209,14209,14209,22
2020-12-14 15:44:37,14210,14210,14210,2
2020-12-14 15:44:37,14210,14210,14210,6
2020-12-14 15:44:37,14209,14209,14209,2
2020-12-14 15:44:37,14209,14209,14209,4
2020-12-14 15:44:37,14210,14210,14210,2
2020-12-14 15:44:37,14210,14210,14210,2
2020-12-14 15:44:37,14210,14210,14210,2
2020-12-14 15:44:37,14210,14210,14210,2
2020-12-14 15:44:37,14210,14210,14210,2
2020-12-14 15:44:38,14210,14210,14210,2
2020-12-14 15:44:38,14210,14210,14210,16
2020-12-14 15:44:38,14210,14210,14210,2
2020-12-14 15:44:38,14210,14210,14210,6
2020-12-14 15:44:38,14210,14210,14210,8
2020-12-14 15:44:38,14210,14210,14210,6
2020-12-14 15:44:38,14209,14209,14209,2
2020-12-14 15:44:39,14211,14211,14211,6
2020-12-14 15:44:39,14211,14211,14211,8
2020-12-14 15:44:39,14211,14211,14211,2
2020-12-14 15:44:39,14211,14211,14211,2
2020-12-14 15:44:41,14212,14212,14212,2
2020-12-14 15:44:41,14212,14212,14212,2
2020-12-14 15:44:41,14212,14212,14212,2
2020-12-14 15:44:41,14212,14212,14212,2
2020-12-14 15:44:41,14212,14212,14212,2
2020-12-14 15:44:43,14211,14211,14211,2
2020-12-14 15:44:43,14209,14209,14209,2
2020-12-14 15:44:45,14210,14210,14210,2
2020-12-14 15:44:45,14210,14210,14210,2
2020-12-14 15:44:47,14209,14209,14209,4
2020-12-14 15:44:48,14207,14207,14207,2
2020-12-14 15:45:08,14210,14210,14210,2
2020-12-14 15:45:08,14210,14210,14210,2
2020-12-14 15:45:08,14210,14210,14210,6
2020-12-14 15:45:08,14210,14210,14210,2
2020-12-14 15:45:09,14210,14210,14210,2
2020-12-14 15:45:17,14210,14210,14210,2
2020-12-14 15:45:23,14210,14210,14210,2
2020-12-14 15:45:24,14211,14211,14211,8
2020-12-14 15:45:24,14211,14211,14211,4
2020-12-14 15:45:24,14211,14211,14211,4
2020-12-14 15:45:24,14211,14211,14211,24
2020-12-14 15:45:24,14211,14211,14211,8
2020-12-14 15:45:24,14211,14211,14211,10
2020-12-14 15:45:33,14212,14212,14212,2
2020-12-14 15:45:33,14212,14212,14212,30
2020-12-14 15:45:33,14213,14213,14213,2
2020-12-14 15:45:33,14213,14213,14213,2
2020-12-14 15:45:34,14213,14213,14213,2
2020-12-14 15:45:34,14213,14213,14213,2
2020-12-14 15:45:34,14213,14213,14213,2
2020-12-14 15:45:34,14213,14213,14213,2
2020-12-14 15:45:34,14213,14213,14213,2
2020-12-14 15:45:35,14213,14213,14213,2
2020-12-14 15:45:35,14213,14213,14213,2
2020-12-14 15:45:36,14212,14212,14212,2
2020-12-14 15:45:36,14212,14212,14212,2
2020-12-14 15:45:36,14212,14212,14212,6
2020-12-14 15:45:36,14213,14213,14213,2
2020-12-14 15:45:39,14212,14212,14212,2
2020-12-14 15:45:39,14212,14212,14212,2
2020-12-14 15:45:39,14212,14212,14212,2
2020-12-14 15:45:40,14212,14212,14212,2
2020-12-14 15:45:40,14212,14212,14212,2
2020-12-14 15:45:44,14212,14212,14212,2
2020-12-14 15:45:45,14212,14212,14212,2
2020-12-14 15:45:46,14212,14212,14212,10
2020-12-14 15:45:48,14213,14213,14213,2
2020-12-14 15:45:48,14213,14213,14213,2
2020-12-14 15:45:49,14213,14213,14213,4
2020-12-14 15:45:51,14212,14212,14212,2
2020-12-14 15:45:52,14213,14213,14213,2
2020-12-14 15:45:54,14213,14213,14213,4
2020-12-14 15:45:57,14212,14212,14212,2
2020-12-14 15:45:57,14213,14213,14213,2
2020-12-14 15:45:58,14212,14212,14212,2
2020-12-14 15:45:59,14212,14212,14212,6
2020-12-14 15:46:01,14213,14213,14213,2
2020-12-14 15:46:03,14213,14213,14213,4
2020-12-14 15:46:05,14212,14212,14212,4
2020-12-14 15:46:05,14212,14212,14212,2
2020-12-14 15:46:05,14212,14212,14212,2
2020-12-14 15:46:05,14212,14212,14212,2
2020-12-14 15:46:05,14212,14212,14212,2
2020-12-14 15:46:06,14212,14212,14212,6
2020-12-14 15:46:09,14211,14211,14211,2
2020-12-14 15:46:12,14212,14212,14212,8
2020-12-14 15:46:12,14212,14212,14212,2
2020-12-14 15:46:17,14211,14211,14211,2
2020-12-14 15:46:17,14211,14211,14211,2
2020-12-14 15:46:17,14211,14211,14211,2
2020-12-14 15:46:18,14211,14211,14211,4
2020-12-14 15:46:18,14212,14212,14212,2
2020-12-14 15:46:18,14212,14212,14212,4
2020-12-14 15:46:19,14210,14210,14210,2
2020-12-14 15:46:19,14212,14212,14212,2
2020-12-14 15:46:20,14211,14211,14211,2
2020-12-14 15:46:21,14212,14212,14212,2
2020-12-14 15:46:25,14212,14212,14212,2
2020-12-14 15:46:26,14212,14212,14212,2
2020-12-14 15:46:27,14212,14212,14212,4
2020-12-14 15:46:27,14212,14212,14212,2
2020-12-14 15:46:45,14211,14211,14211,2
2020-12-14 15:46:51,14212,14212,14212,2
2020-12-14 15:46:51,14212,14212,14212,2
2020-12-14 15:47:03,14213,14213,14213,2
2020-12-14 15:47:03,14213,14213,14213,2
2020-12-14 15:47:03,14213,14213,14213,2
2020-12-14 15:47:03,14213,14213,14213,2
2020-12-14 15:47:03,14213,14213,14213,2
2020-12-14 15:47:03,14213,14213,14213,4
2020-12-14 15:47:03,14213,14213,14213,8
2020-12-14 15:47:03,14213,14213,14213,10
2020-12-14 15:47:03,14213,14213,14213,2
2020-12-14 15:47:06,14213,14213,14213,2
2020-12-14 15:47:07,14213,14213,14213,2
2020-12-14 15:47:12,14213,14213,14213,2
2020-12-14 15:47:13,14212,14212,14212,2
2020-12-14 15:47:13,14212,14212,14212,2
2020-12-14 15:47:13,14212,14212,14212,2
2020-12-14 15:47:13,14212,14212,14212,2
2020-12-14 15:47:13,14212,14212,14212,2
2020-12-14 15:47:13,14212,14212,14212,2
2020-12-14 15:47:20,14212,14212,14212,2
2020-12-14 15:47:25,14212,14212,14212,2
2020-12-14 15:47:26,14212,14212,14212,2
2020-12-14 15:47:30,14212,14212,14212,2
2020-12-14 15:47:35,14212,14212,14212,2
2020-12-14 15:47:36,14212,14212,14212,2
2020-12-14 15:47:42,14212,14212,14212,2
2020-12-14 15:47:42,14212,14212,14212,4
2020-12-14 15:47:42,14212,14212,14212,4
2020-12-14 15:47:47,14212,14212,14212,2
2020-12-14 15:47:48,14212,14212,14212,2
2020-12-14 15:47:50,14212,14212,14212,2
2020-12-14 15:48:04,14212,14212,14212,2
2020-12-14 15:48:04,14212,14212,14212,2
2020-12-14 15:48:04,14213,14213,14213,2
2020-12-14 15:48:04,14213,14213,14213,2
2020-12-14 15:48:04,14213,14213,14213,2
2020-12-14 15:48:04,14213,14213,14213,2
2020-12-14 15:48:04,14213,14213,14213,2
2020-12-14 15:48:06,14213,14213,14213,2
2020-12-14 15:48:17,14211,14211,14211,10
2020-12-14 15:48:17,14211,14211,14211,2
2020-12-14 15:48:17,14211,14211,14211,2
2020-12-14 15:48:17,14211,14211,14211,2
2020-12-14 15:48:23,14210,14210,14210,2
2020-12-14 15:48:23,14210,14210,14210,2
2020-12-14 15:48:23,14210,14210,14210,4
2020-12-14 15:48:23,14210,14210,14210,2
2020-12-14 15:48:23,14210,14210,14210,2
2020-12-14 15:48:23,14210,14210,14210,2
2020-12-14 15:48:24,14210,14210,14210,16
2020-12-14 15:48:24,14211,14211,14211,2
2020-12-14 15:48:25,14211,14211,14211,2
2020-12-14 15:48:26,14209,14209,14209,2
2020-12-14 15:48:26,14209,14209,14209,2
2020-12-14 15:48:27,14209,14209,14209,4
2020-12-14 15:48:31,14209,14209,14209,2
2020-12-14 15:48:34,14209,14209,14209,2
2020-12-14 15:48:43,14209,14209,14209,2
2020-12-14 15:48:43,14210,14210,14210,2
2020-12-14 15:48:44,14209,14209,14209,2
2020-12-14 15:48:51,14209,14209,14209,2
2020-12-14 15:48:55,14209,14209,14209,10
2020-12-14 15:48:59,14209,14209,14209,2
2020-12-14 15:49:02,14209,14209,14209,10
2020-12-14 15:49:06,14209,14209,14209,2
2020-12-14 15:49:09,14209,14209,14209,2
2020-12-14 15:49:13,14209,14209,14209,2
2020-12-14 15:49:13,14209,14209,14209,2
2020-12-14 15:49:17,14209,14209,14209,2
2020-12-14 15:49:19,14209,14209,14209,2
2020-12-14 15:49:19,14208,14208,14208,2
2020-12-14 15:49:19,14208,14208,14208,2
2020-12-14 15:49:19,14208,14208,14208,2
2020-12-14 15:49:19,14208,14208,14208,2
2020-12-14 15:49:19,14208,14208,14208,2
2020-12-14 15:49:19,14208,14208,14208,2
2020-12-14 15:49:19,14208,14208,14208,2
2020-12-14 15:49:19,14208,14208,14208,2
2020-12-14 15:49:19,14208,14208,14208,2
2020-12-14 15:49:19,14208,14208,14208,2
2020-12-14 15:49:19,14207,14207,14207,2
2020-12-14 15:49:19,14209,14209,14209,2
2020-12-14 15:49:24,14208,14208,14208,2
2020-12-14 15:49:24,14209,14209,14209,2
2020-12-14 15:49:26,14209,14209,14209,2
2020-12-14 15:49:30,14209,14209,14209,2
2020-12-14 15:49:35,14208,14208,14208,2
2020-12-14 15:49:35,14208,14208,14208,2
2020-12-14 15:49:40,14208,14208,14208,2
2020-12-14 15:50:05,14208,14208,14208,2
2020-12-14 15:50:05,14208,14208,14208,2
2020-12-14 15:50:08,14208,14208,14208,2
2020-12-14 15:50:22,14208,14208,14208,2
2020-12-14 15:50:38,14207,14207,14207,2
2020-12-14 15:50:38,14207,14207,14207,2
2020-12-14 15:50:38,14207,14207,14207,2
2020-12-14 15:50:39,14206,14206,14206,2
2020-12-14 15:50:39,14206,14206,14206,2
2020-12-14 15:50:39,14206,14206,14206,2
2020-12-14 15:50:40,14207,14207,14207,2
2020-12-14 15:50:58,14205,14205,14205,2
2020-12-14 15:50:58,14205,14205,14205,2
2020-12-14 15:51:04,14205,14205,14205,2
2020-12-14 15:51:04,14205,14205,14205,2
2020-12-14 15:51:04,14205,14205,14205,2
2020-12-14 15:51:04,14205,14205,14205,2
2020-12-14 15:51:04,14205,14205,14205,2
2020-12-14 15:51:04,14205,14205,14205,2
2020-12-14 15:51:10,14204,14204,14204,2
2020-12-14 15:51:13,14203,14203,14203,2
2020-12-14 15:51:13,14204,14204,14204,2
2020-12-14 15:51:14,14203,14203,14203,2
2020-12-14 15:51:15,14203,14203,14203,2
2020-12-14 15:51:16,14203,14203,14203,2
2020-12-14 15:51:18,14203,14203,14203,2
2020-12-14 15:51:22,14203,14203,14203,2
2020-12-14 15:51:24,14203,14203,14203,2
2020-12-14 15:51:28,14203,14203,14203,2
2020-12-14 15:51:28,14203,14203,14203,2
2020-12-14 15:51:29,14203,14203,14203,2
2020-12-14 15:51:30,14203,14203,14203,2
2020-12-14 15:51:33,14204,14204,14204,14
2020-12-14 15:51:35,14205,14205,14205,2
2020-12-14 15:51:35,14203,14203,14203,2
2020-12-14 15:51:38,14204,14204,14204,2
2020-12-14 15:51:52,14204,14204,14204,2
2020-12-14 15:51:54,14205,14205,14205,2
2020-12-14 15:52:11,14203,14203,14203,2
2020-12-14 15:52:16,14203,14203,14203,2
2020-12-14 15:52:16,14203,14203,14203,4
2020-12-14 15:52:16,14203,14203,14203,22
2020-12-14 15:52:16,14203,14203,14203,8
2020-12-14 15:52:16,14203,14203,14203,2
2020-12-14 15:52:16,14203,14203,14203,2
2020-12-14 15:52:16,14203,14203,14203,2
2020-12-14 15:52:16,14203,14203,14203,2
2020-12-14 15:52:16,14203,14203,14203,2
2020-12-14 15:52:16,14203,14203,14203,4
2020-12-14 15:52:16,14203,14203,14203,2
2020-12-14 15:52:16,14203,14203,14203,2
2020-12-14 15:52:16,14203,14203,14203,2
2020-12-14 15:52:22,14202,14202,14202,2
2020-12-14 15:52:25,14202,14202,14202,2
2020-12-14 15:52:25,14202,14202,14202,2
2020-12-14 15:52:25,14202,14202,14202,2
2020-12-14 15:52:25,14202,14202,14202,2
2020-12-14 15:52:25,14202,14202,14202,2
2020-12-14 15:52:25,14202,14202,14202,2
2020-12-14 15:52:27,14202,14202,14202,4
2020-12-14 15:52:30,14202,14202,14202,2
2020-12-14 15:52:38,14201,14201,14201,2
2020-12-14 15:52:38,14201,14201,14201,2
2020-12-14 15:52:39,14201,14201,14201,2
2020-12-14 15:52:40,14201,14201,14201,2
2020-12-14 15:52:41,14201,14201,14201,2
2020-12-14 15:52:41,14201,14201,14201,2
2020-12-14 15:52:44,14201,14201,14201,2
2020-12-14 15:52:47,14201,14201,14201,2
2020-12-14 15:52:47,14201,14201,14201,2
2020-12-14 15:52:47,14201,14201,14201,2
2020-12-14 15:52:47,14201,14201,14201,2
2020-12-14 15:52:47,14200,14200,14200,2
2020-12-14 15:52:49,14200,14200,14200,2
2020-12-14 15:52:49,14200,14200,14200,6
2020-12-14 15:52:49,14200,14200,14200,2
2020-12-14 15:52:49,14200,14200,14200,2
2020-12-14 15:52:50,14200,14200,14200,2
2020-12-14 15:52:51,14200,14200,14200,2
2020-12-14 15:52:54,14201,14201,14201,6
2020-12-14 15:52:54,14201,14201,14201,2
2020-12-14 15:52:54,14201,14201,14201,2
2020-12-14 15:52:55,14201,14201,14201,6
2020-12-14 15:53:04,14201,14201,14201,2
2020-12-14 15:53:08,14201,14201,14201,2
2020-12-14 15:53:10,14201,14201,14201,18
2020-12-14 15:53:10,14201,14201,14201,2
2020-12-14 15:53:11,14201,14201,14201,2
2020-12-14 15:53:11,14202,14202,14202,4
2020-12-14 15:53:17,14201,14201,14201,2
2020-12-14 15:53:17,14201,14201,14201,2
2020-12-14 15:53:17,14201,14201,14201,2
2020-12-14 15:53:17,14201,14201,14201,2
2020-12-14 15:53:19,14202,14202,14202,4
2020-12-14 15:53:20,14201,14201,14201,2
2020-12-14 15:53:20,14201,14201,14201,2
2020-12-14 15:53:26,14201,14201,14201,2
2020-12-14 15:53:26,14201,14201,14201,2
2020-12-14 15:53:26,14201,14201,14201,4
2020-12-14 15:53:29,14202,14202,14202,4
2020-12-14 15:53:37,14201,14201,14201,2
2020-12-14 15:53:37,14201,14201,14201,2
2020-12-14 15:53:43,14202,14202,14202,4
2020-12-14 15:53:44,14201,14201,14201,2
2020-12-14 15:53:44,14201,14201,14201,4
2020-12-14 15:53:44,14200,14200,14200,2
2020-12-14 15:53:44,14200,14200,14200,2
2020-12-14 15:53:44,14200,14200,14200,2
2020-12-14 15:53:44,14200,14200,14200,2
2020-12-14 15:53:44,14200,14200,14200,2
2020-12-14 15:53:44,14200,14200,14200,2
2020-12-14 15:53:44,14200,14200,14200,2
2020-12-14 15:53:44,14200,14200,14200,2
2020-12-14 15:53:44,14200,14200,14200,4
2020-12-14 15:53:44,14200,14200,14200,10
2020-12-14 15:53:44,14199,14199,14199,2
2020-12-14 15:53:44,14199,14199,14199,2
2020-12-14 15:53:44,14199,14199,14199,2
2020-12-14 15:53:44,14199,14199,14199,2
2020-12-14 15:53:44,14199,14199,14199,2
2020-12-14 15:53:44,14199,14199,14199,4
2020-12-14 15:53:46,14200,14200,14200,4
2020-12-14 15:53:52,14199,14199,14199,8
2020-12-14 15:53:52,14199,14199,14199,2
2020-12-14 15:53:52,14199,14199,14199,2
2020-12-14 15:53:52,14199,14199,14199,2
2020-12-14 15:53:53,14200,14200,14200,2
2020-12-14 15:53:55,14199,14199,14199,2
2020-12-14 15:53:57,14200,14200,14200,12
2020-12-14 15:54:00,14199,14199,14199,2
2020-12-14 15:54:03,14199,14199,14199,2
2020-12-14 15:54:03,14200,14200,14200,2
2020-12-14 15:54:03,14200,14200,14200,2
2020-12-14 15:54:03,14200,14200,14200,2
2020-12-14 15:54:03,14200,14200,14200,2
2020-12-14 15:54:03,14200,14200,14200,2
2020-12-14 15:54:03,14200,14200,14200,2
2020-12-14 15:54:03,14200,14200,14200,2
2020-12-14 15:54:16,14199,14199,14199,2
2020-12-14 15:54:17,14200,14200,14200,2
2020-12-14 15:54:23,14199,14199,14199,2
2020-12-14 15:54:26,14199,14199,14199,2
2020-12-14 15:54:26,14199,14199,14199,6
2020-12-14 15:54:27,14199,14199,14199,2
2020-12-14 15:54:27,14198,14198,14198,2
2020-12-14 15:54:27,14198,14198,14198,2
2020-12-14 15:54:27,14198,14198,14198,4
2020-12-14 15:54:27,14198,14198,14198,2
2020-12-14 15:54:27,14198,14198,14198,2
2020-12-14 15:54:27,14198,14198,14198,2
2020-12-14 15:54:27,14198,14198,14198,2
2020-12-14 15:54:27,14198,14198,14198,2
2020-12-14 15:54:27,14198,14198,14198,2
2020-12-14 15:54:27,14198,14198,14198,2
2020-12-14 15:54:27,14198,14198,14198,2
