2020-05-08 15:00:00.017,10873,10874,10873,66,-66
2020-05-08 15:00:00.019,10873,10874,10873,1,-1
2020-05-08 15:00:00.019,10873,10874,10874,3,3
2020-05-08 15:00:00.187,10873,10874,10873,5,-5
2020-05-08 15:00:00.190,10873,10874,10873,2,-2
2020-05-08 15:00:00.198,10873,10874,10873,3,-3
2020-05-08 15:00:00.249,10873,10874,10874,10,10
2020-05-08 15:00:00.249,10873,10874,10875,5,5
2020-05-08 15:00:00.249,10873,10874,10875,1,1
2020-05-08 15:00:00.249,10873,10874,10876,6,6
2020-05-08 15:00:00.249,10873,10874,10877,8,8
2020-05-08 15:00:00.249,10873,10874,10877,1,1
2020-05-08 15:00:00.250,10873,10874,10877,1,1
2020-05-08 15:00:00.272,10874,10877,10877,7,7
2020-05-08 15:00:00.283,10874,10877,10877,4,4
2020-05-08 15:00:00.283,10874,10877,10878,3,3
2020-05-08 15:00:00.346,10874,10877,10875,1,-1
2020-05-08 15:00:00.498,10874,10877,10874,1,-1
2020-05-08 15:00:00.543,10874,10877,10877,1,1
2020-05-08 15:00:00.590,10874,10877,10878,1,1
2020-05-08 15:00:00.650,10875,10878,10878,1,1
2020-05-08 15:00:00.651,10875,10878,10878,1,1
2020-05-08 15:00:00.674,10875,10878,10878,3,3
2020-05-08 15:00:00.682,10875,10878,10878,2,2
2020-05-08 15:00:00.691,10875,10878,10879,3,3
2020-05-08 15:00:00.694,10875,10878,10879,2,2
2020-05-08 15:00:00.732,10875,10878,10876,1,-1
2020-05-08 15:00:00.750,10875,10878,10878,1,1
2020-05-08 15:00:00.770,10876,10878,10878,1,1
2020-05-08 15:00:00.837,10876,10878,10876,2,-2
2020-05-08 15:00:00.837,10876,10878,10875,3,-3
2020-05-08 15:00:00.874,10876,10878,10875,1,-1
2020-05-08 15:00:00.877,10876,10878,10877,1,1
2020-05-08 15:00:00.895,10875,10877,10877,1,1
2020-05-08 15:00:00.895,10875,10877,10875,1,-1
2020-05-08 15:00:00.924,10875,10877,10875,2,-2
2020-05-08 15:00:01.062,10875,10878,10877,1,1
2020-05-08 15:00:01.063,10875,10878,10875,1,-1
2020-05-08 15:00:01.066,10875,10878,10875,1,-1
2020-05-08 15:00:01.093,10875,10878,10877,1,1
2020-05-08 15:00:01.199,10875,10878,10878,1,1
2020-05-08 15:00:01.289,10876,10878,10878,3,3
2020-05-08 15:00:01.296,10876,10878,10878,1,1
2020-05-08 15:00:01.463,10877,10879,10877,3,-3
2020-05-08 15:00:01.498,10877,10879,10878,1,1
2020-05-08 15:00:01.718,10876,10879,10876,3,-3
2020-05-08 15:00:01.751,10876,10879,10878,1,1
2020-05-08 15:00:01.779,10876,10879,10876,1,-1
2020-05-08 15:00:01.793,10876,10879,10876,1,-1
2020-05-08 15:00:03.032,10876,10877,10877,1,1
2020-05-08 15:00:03.032,10876,10877,10877,1,1
2020-05-08 15:00:03.116,10876,10877,10878,1,1
2020-05-08 15:00:03.338,10877,10878,10877,1,-1
2020-05-08 15:00:03.384,10877,10878,10877,1,-1
2020-05-08 15:00:03.445,10877,10878,10878,6,6
2020-05-08 15:00:03.798,10878,10879,10879,1,1
2020-05-08 15:00:03.799,10878,10879,10880,1,1
2020-05-08 15:00:04.299,10879,10880,10879,1,-1
2020-05-08 15:00:04.972,10879,10880,10879,1,-1
2020-05-08 15:00:05.384,10879,10880,10880,1,1
2020-05-08 15:00:05.537,10879,10880,10879,1,-1
2020-05-08 15:00:06.259,10879,10880,10879,4,-4
2020-05-08 15:00:06.541,10878,10879,10879,1,1
2020-05-08 15:00:06.609,10878,10879,10878,1,-1
2020-05-08 15:00:08.200,10877,10879,10878,1,-1
2020-05-08 15:00:08.615,10877,10879,10879,1,1
2020-05-08 15:00:08.637,10878,10879,10878,1,-1
2020-05-08 15:00:08.637,10878,10879,10877,1,-1
2020-05-08 15:00:09.275,10877,10879,10879,1,1
2020-05-08 15:00:09.687,10877,10879,10879,1,1
2020-05-08 15:00:10.359,10877,10879,10877,1,-1
2020-05-08 15:00:10.384,10877,10879,10879,1,1
2020-05-08 15:00:11.028,10877,10878,10878,1,1
2020-05-08 15:00:11.548,10877,10879,10877,4,-4
2020-05-08 15:00:11.549,10877,10879,10877,1,-1
2020-05-08 15:00:11.713,10876,10878,10878,1,1
2020-05-08 15:00:11.757,10876,10878,10876,1,-1
2020-05-08 15:00:12.126,10876,10878,10877,2,2
2020-05-08 15:00:14.106,10877,10878,10878,2,2
2020-05-08 15:00:14.601,10877,10878,10877,2,-2
2020-05-08 15:00:14.602,10877,10878,10877,2,-2
2020-05-08 15:00:14.602,10877,10878,10877,2,-2
2020-05-08 15:00:14.848,10875,10877,10877,10,10
2020-05-08 15:00:15.451,10875,10878,10875,1,-1
2020-05-08 15:00:15.497,10875,10878,10875,1,-1
2020-05-08 15:00:15.564,10875,10878,10877,2,2
2020-05-08 15:00:15.625,10875,10878,10877,1,-1
2020-05-08 15:00:16.591,10875,10876,10876,1,1
2020-05-08 15:00:16.593,10875,10876,10876,1,1
2020-05-08 15:00:16.859,10875,10877,10876,1,-1
2020-05-08 15:00:17.023,10876,10877,10877,1,1
2020-05-08 15:00:17.569,10875,10876,10876,1,1
2020-05-08 15:00:17.982,10875,10876,10876,1,1
2020-05-08 15:00:18.101,10875,10876,10875,1,-1
2020-05-08 15:00:18.135,10875,10876,10876,1,1
2020-05-08 15:00:18.489,10875,10876,10876,1,1
2020-05-08 15:00:18.928,10875,10876,10876,1,1
2020-05-08 15:00:19.792,10875,10876,10875,3,-3
2020-05-08 15:00:19.884,10875,10876,10875,2,-2
2020-05-08 15:00:19.970,10875,10876,10874,1,-1
2020-05-08 15:00:20.207,10874,10875,10874,5,-5
2020-05-08 15:00:20.884,10874,10875,10874,6,-6
2020-05-08 15:00:22.136,10873,10875,10873,3,-3
2020-05-08 15:00:23.184,10873,10875,10873,1,-1
2020-05-08 15:00:23.232,10873,10875,10874,1,1
2020-05-08 15:00:23.734,10873,10874,10873,1,-1
2020-05-08 15:00:25.384,10873,10874,10873,11,-11
2020-05-08 15:00:25.385,10873,10874,10873,5,-5
2020-05-08 15:00:26.216,10872,10873,10872,2,-2
2020-05-08 15:00:26.387,10872,10873,10872,2,-2
2020-05-08 15:00:26.409,10872,10873,10872,1,-1
2020-05-08 15:00:26.885,10872,10873,10872,1,-1
2020-05-08 15:00:27.608,10872,10873,10872,2,-2
2020-05-08 15:00:27.626,10872,10873,10872,1,-1
2020-05-08 15:00:27.636,10872,10873,10873,1,1
2020-05-08 15:00:28.454,10872,10873,10873,2,2
2020-05-08 15:00:28.455,10872,10873,10873,1,1
2020-05-08 15:00:28.522,10872,10874,10872,1,-1
2020-05-08 15:00:29.604,10873,10874,10873,1,1
2020-05-08 15:00:29.604,10873,10874,10872,1,-1
2020-05-08 15:00:29.908,10872,10874,10872,1,-1
2020-05-08 15:00:30.139,10873,10874,10873,1,1
2020-05-08 15:00:30.527,10873,10874,10873,1,-1
2020-05-08 15:00:30.551,10873,10874,10873,1,-1
2020-05-08 15:00:30.640,10872,10873,10873,1,1
2020-05-08 15:00:32.801,10873,10874,10873,4,-4
2020-05-08 15:00:32.801,10873,10874,10873,1,-1
2020-05-08 15:00:32.802,10873,10874,10873,1,-1
2020-05-08 15:00:33.429,10873,10874,10873,3,-3
2020-05-08 15:00:33.639,10873,10874,10874,10,10
2020-05-08 15:00:33.885,10874,10875,10875,1,1
2020-05-08 15:00:33.942,10874,10875,10874,2,-2
2020-05-08 15:00:34.245,10873,10875,10873,8,-8
2020-05-08 15:00:34.245,10873,10875,10872,17,-17
2020-05-08 15:00:34.245,10873,10875,10871,14,-14
2020-05-08 15:00:34.245,10873,10875,10870,6,-6
2020-05-08 15:00:34.247,10873,10875,10872,1,1
2020-05-08 15:00:34.247,10873,10875,10872,1,-1
2020-05-08 15:00:34.247,10873,10875,10872,1,-1
2020-05-08 15:00:34.247,10873,10875,10872,1,-1
2020-05-08 15:00:34.324,10872,10874,10874,1,1
2020-05-08 15:00:34.399,10873,10874,10874,1,1
2020-05-08 15:00:34.726,10873,10875,10873,1,-1
2020-05-08 15:00:34.726,10873,10875,10872,1,-1
2020-05-08 15:00:34.727,10873,10875,10872,3,-3
2020-05-08 15:00:34.780,10872,10874,10872,1,-1
2020-05-08 15:00:34.783,10872,10874,10871,2,-2
2020-05-08 15:00:34.994,10871,10873,10872,1,1
2020-05-08 15:00:35.160,10872,10874,10874,2,2
2020-05-08 15:00:36.255,10871,10874,10874,2,2
2020-05-08 15:00:36.685,10871,10873,10871,1,-1
2020-05-08 15:00:37.010,10871,10873,10873,3,3
2020-05-08 15:00:37.823,10873,10874,10874,1,1
2020-05-08 15:00:38.649,10873,10874,10873,1,-1
2020-05-08 15:00:39.403,10873,10874,10874,1,1
2020-05-08 15:00:39.404,10873,10874,10874,1,1
2020-05-08 15:00:39.408,10873,10874,10874,1,1
2020-05-08 15:00:40.274,10873,10875,10875,2,2
2020-05-08 15:00:40.274,10873,10875,10876,5,5
2020-05-08 15:00:40.690,10874,10876,10874,1,-1
2020-05-08 15:00:42.013,10874,10875,10875,2,2
2020-05-08 15:00:42.392,10874,10876,10874,2,-2
2020-05-08 15:00:46.422,10875,10876,10875,1,1
2020-05-08 15:00:46.422,10875,10876,10874,3,-3
2020-05-08 15:00:50.131,10875,10876,10876,1,1
2020-05-08 15:00:50.132,10875,10876,10876,2,2
2020-05-08 15:00:50.132,10875,10876,10876,2,2
2020-05-08 15:00:50.132,10875,10876,10876,1,1
2020-05-08 15:00:50.132,10875,10876,10876,2,2
2020-05-08 15:00:50.293,10875,10877,10875,1,-1
2020-05-08 15:00:50.849,10875,10877,10877,1,1
2020-05-08 15:00:51.964,10875,10877,10876,1,-1
2020-05-08 15:00:52.060,10875,10877,10875,1,-1
2020-05-08 15:00:52.379,10875,10877,10876,1,1
2020-05-08 15:00:53.928,10875,10877,10877,1,1
2020-05-08 15:00:56.173,10875,10876,10876,2,2
2020-05-08 15:00:57.247,10875,10877,10876,2,-2
2020-05-08 15:00:58.038,10875,10877,10877,10,10
2020-05-08 15:00:58.185,10876,10877,10877,1,1
2020-05-08 15:00:58.239,10876,10877,10876,1,-1
2020-05-08 15:00:59.292,10876,10877,10876,2,-2
2020-05-08 15:01:00.044,10875,10876,10875,3,-3
2020-05-08 15:01:00.629,10875,10876,10876,1,1
2020-05-08 15:01:00.905,10876,10877,10876,1,-1
2020-05-08 15:01:01.080,10875,10877,10877,1,1
2020-05-08 15:01:01.253,10875,10877,10877,2,2
2020-05-08 15:01:01.267,10875,10877,10877,2,2
2020-05-08 15:01:01.269,10875,10877,10877,2,2
2020-05-08 15:01:01.273,10875,10877,10877,1,1
2020-05-08 15:01:01.274,10875,10877,10877,1,1
2020-05-08 15:01:01.276,10875,10877,10877,1,1
2020-05-08 15:01:01.276,10875,10877,10878,1,1
2020-05-08 15:01:01.283,10875,10877,10878,8,8
2020-05-08 15:01:02.284,10876,10877,10877,1,1
2020-05-08 15:01:03.427,10876,10877,10877,1,1
2020-05-08 15:01:05.988,10877,10878,10878,1,1
2020-05-08 15:01:09.715,10877,10878,10878,1,1
2020-05-08 15:01:10.556,10877,10878,10878,3,3
2020-05-08 15:01:14.394,10877,10878,10878,1,1
2020-05-08 15:01:14.451,10877,10878,10878,1,1
2020-05-08 15:01:14.451,10877,10878,10878,4,4
2020-05-08 15:01:14.452,10877,10878,10878,1,1
2020-05-08 15:01:14.452,10877,10878,10878,1,1
2020-05-08 15:01:14.666,10878,10879,10878,1,-1
2020-05-08 15:01:15.356,10878,10879,10878,1,-1
2020-05-08 15:01:16.706,10878,10879,10878,1,-1
2020-05-08 15:01:16.913,10877,10878,10878,1,1
2020-05-08 15:01:18.262,10877,10878,10878,1,1
2020-05-08 15:01:20.560,10878,10879,10878,1,-1
2020-05-08 15:01:21.917,10878,10879,10879,1,1
2020-05-08 15:01:22.982,10878,10879,10878,1,-1
2020-05-08 15:01:23.629,10878,10879,10878,1,-1
2020-05-08 15:01:27.781,10878,10879,10879,1,1
2020-05-08 15:01:27.822,10878,10879,10878,1,-1
2020-05-08 15:01:29.327,10878,10879,10878,1,-1
2020-05-08 15:01:29.377,10878,10879,10879,12,12
2020-05-08 15:01:29.377,10878,10879,10879,4,4
2020-05-08 15:01:30.291,10879,10880,10879,1,-1
2020-05-08 15:01:31.329,10879,10880,10880,1,1
2020-05-08 15:01:31.353,10879,10880,10879,2,-2
2020-05-08 15:01:31.428,10879,10880,10880,1,1
2020-05-08 15:01:31.459,10879,10880,10880,1,1
2020-05-08 15:01:31.559,10879,10880,10880,1,1
2020-05-08 15:01:31.808,10879,10880,10880,5,5
2020-05-08 15:01:35.931,10880,10881,10880,2,-2
2020-05-08 15:01:36.010,10880,10881,10881,1,1
2020-05-08 15:01:36.249,10880,10881,10881,1,1
2020-05-08 15:01:36.347,10880,10881,10881,3,3
2020-05-08 15:01:36.352,10880,10881,10881,1,1
2020-05-08 15:01:36.378,10880,10881,10881,1,1
2020-05-08 15:01:37.932,10880,10881,10880,1,-1
2020-05-08 15:01:38.202,10880,10881,10880,3,-3
2020-05-08 15:01:38.612,10880,10881,10881,1,1
2020-05-08 15:01:39.419,10880,10881,10881,1,1
2020-05-08 15:01:40.742,10880,10881,10881,2,2
2020-05-08 15:01:42.711,10880,10881,10880,1,-1
2020-05-08 15:01:43.098,10880,10881,10881,2,2
2020-05-08 15:01:43.101,10880,10881,10881,1,1
2020-05-08 15:01:43.230,10880,10881,10881,1,1
2020-05-08 15:01:45.070,10881,10882,10881,1,-1
2020-05-08 15:01:45.872,10881,10882,10881,1,-1
2020-05-08 15:01:46.923,10880,10881,10881,1,1
2020-05-08 15:01:47.000,10880,10881,10881,1,1
2020-05-08 15:01:52.217,10881,10882,10881,11,-11
2020-05-08 15:01:53.122,10880,10881,10881,5,5
2020-05-08 15:01:53.173,10880,10881,10881,1,1
2020-05-08 15:01:55.475,10880,10881,10881,1,1
2020-05-08 15:01:55.475,10880,10881,10882,1,1
2020-05-08 15:01:57.406,10881,10882,10882,2,2
2020-05-08 15:01:59.059,10881,10882,10882,1,1
2020-05-08 15:01:59.806,10881,10882,10881,1,-1
2020-05-08 15:01:59.888,10881,10882,10881,1,-1
2020-05-08 15:01:59.890,10881,10882,10881,1,-1
2020-05-08 15:02:00.113,10881,10882,10882,1,1
2020-05-08 15:02:00.283,10881,10882,10882,2,2
2020-05-08 15:02:02.181,10881,10882,10882,7,7
2020-05-08 15:02:02.226,10881,10882,10882,2,2
2020-05-08 15:02:03.671,10881,10882,10881,2,-2
2020-05-08 15:02:04.176,10880,10881,10881,1,1
2020-05-08 15:02:04.266,10880,10881,10881,2,2
2020-05-08 15:02:05.111,10880,10881,10881,1,1
2020-05-08 15:02:06.512,10880,10881,10881,2,2
2020-05-08 15:02:07.108,10880,10881,10881,1,1
2020-05-08 15:02:08.774,10880,10881,10880,2,-2
2020-05-08 15:02:08.824,10880,10881,10880,10,-10
2020-05-08 15:02:08.825,10880,10881,10880,25,-25
2020-05-08 15:02:08.825,10880,10881,10880,1,-1
2020-05-08 15:02:08.825,10880,10881,10880,6,-6
2020-05-08 15:02:08.825,10880,10881,10880,1,-1
2020-05-08 15:02:08.825,10880,10881,10880,1,-1
2020-05-08 15:02:09.369,10879,10880,10880,1,1
2020-05-08 15:02:09.605,10879,10880,10880,2,2
2020-05-08 15:02:10.441,10879,10880,10880,1,1
2020-05-08 15:02:10.796,10879,10880,10879,1,-1
2020-05-08 15:02:11.523,10879,10880,10879,1,-1
2020-05-08 15:02:11.523,10879,10880,10878,1,-1
2020-05-08 15:02:12.173,10878,10880,10878,1,-1
2020-05-08 15:02:13.697,10878,10880,10880,1,1
2020-05-08 15:02:14.252,10878,10880,10880,2,2
2020-05-08 15:02:16.496,10878,10880,10880,2,2
2020-05-08 15:02:18.668,10878,10880,10880,2,2
2020-05-08 15:02:18.725,10878,10880,10880,1,1
2020-05-08 15:02:19.925,10879,10880,10879,1,-1
2020-05-08 15:02:20.989,10879,10880,10879,1,-1
2020-05-08 15:02:22.031,10879,10880,10879,1,-1
2020-05-08 15:02:22.925,10879,10880,10880,2,2
2020-05-08 15:02:23.075,10879,10880,10879,1,-1
2020-05-08 15:02:24.120,10879,10880,10880,1,1
2020-05-08 15:02:24.121,10879,10880,10880,3,3
2020-05-08 15:02:24.121,10879,10880,10880,1,1
2020-05-08 15:02:24.121,10879,10880,10880,1,1
2020-05-08 15:02:24.121,10879,10880,10880,1,1
2020-05-08 15:02:24.121,10879,10880,10880,4,4
2020-05-08 15:02:24.121,10879,10880,10880,1,1
2020-05-08 15:02:24.237,10880,10881,10880,5,-5
2020-05-08 15:02:24.396,10880,10881,10880,3,-3
2020-05-08 15:02:24.732,10879,10880,10880,1,1
2020-05-08 15:02:25.563,10879,10880,10880,1,1
2020-05-08 15:02:25.563,10879,10880,10881,1,1
2020-05-08 15:02:27.932,10879,10880,10880,1,1
2020-05-08 15:02:27.932,10879,10880,10881,1,1
2020-05-08 15:02:29.499,10880,10881,10881,1,1
2020-05-08 15:02:30.400,10880,10881,10881,2,2
2020-05-08 15:02:30.401,10880,10881,10881,3,3
2020-05-08 15:02:31.379,10880,10882,10881,1,-1
2020-05-08 15:02:32.426,10881,10882,10882,2,2
2020-05-08 15:02:33.259,10881,10882,10882,4,4
2020-05-08 15:02:34.191,10881,10883,10881,2,-2
2020-05-08 15:02:34.779,10881,10882,10882,1,1
2020-05-08 15:02:34.779,10881,10882,10883,1,1
2020-05-08 15:02:35.131,10881,10883,10881,2,-2
2020-05-08 15:02:35.873,10881,10883,10883,1,1
2020-05-08 15:02:36.091,10881,10883,10883,2,2
2020-05-08 15:02:38.154,10881,10883,10883,2,2
2020-05-08 15:02:40.707,10882,10883,10882,2,-2
2020-05-08 15:02:41.031,10882,10883,10882,1,-1
2020-05-08 15:02:42.449,10882,10883,10882,1,-1
2020-05-08 15:02:43.053,10881,10882,10881,2,-2
2020-05-08 15:02:43.105,10881,10882,10881,1,-1
2020-05-08 15:02:43.105,10881,10882,10881,1,-1
2020-05-08 15:02:44.148,10880,10881,10881,1,1
2020-05-08 15:02:47.419,10880,10881,10880,1,-1
2020-05-08 15:02:47.680,10880,10881,10881,2,2
2020-05-08 15:02:47.750,10880,10881,10881,1,1
2020-05-08 15:02:48.202,10880,10881,10881,1,1
2020-05-08 15:02:51.748,10880,10881,10880,1,-1
2020-05-08 15:02:53.160,10880,10881,10881,1,1
2020-05-08 15:02:55.677,10880,10881,10881,1,1
2020-05-08 15:03:00.549,10880,10881,10881,2,2
2020-05-08 15:03:02.206,10880,10881,10881,6,6
2020-05-08 15:03:03.102,10881,10882,10882,4,4
2020-05-08 15:03:04.599,10881,10883,10881,1,-1
2020-05-08 15:03:07.426,10882,10883,10883,2,2
2020-05-08 15:03:07.731,10882,10883,10882,1,-1
2020-05-08 15:03:11.323,10882,10883,10883,1,1
2020-05-08 15:03:11.426,10882,10883,10882,5,-5
2020-05-08 15:03:16.922,10881,10882,10882,2,2
2020-05-08 15:03:17.009,10881,10882,10882,1,1
2020-05-08 15:03:22.267,10882,10883,10882,2,-2
2020-05-08 15:03:23.211,10882,10883,10882,1,-1
2020-05-08 15:03:27.447,10882,10883,10882,1,-1
2020-05-08 15:03:27.787,10882,10883,10883,2,2
2020-05-08 15:03:29.495,10882,10883,10883,2,2
2020-05-08 15:03:29.495,10882,10883,10883,2,2
2020-05-08 15:03:36.970,10883,10884,10884,2,2
2020-05-08 15:03:39.459,10883,10884,10883,1,-1
2020-05-08 15:03:39.858,10883,10884,10883,1,-1
2020-05-08 15:03:40.230,10883,10884,10884,1,1
2020-05-08 15:03:41.138,10883,10884,10884,1,1
2020-05-08 15:03:42.796,10883,10884,10883,2,-2
2020-05-08 15:03:42.981,10883,10884,10883,1,-1
2020-05-08 15:03:45.109,10883,10884,10883,1,-1
2020-05-08 15:03:46.746,10883,10884,10884,2,2
2020-05-08 15:03:47.327,10883,10884,10883,1,-1
2020-05-08 15:03:48.570,10883,10884,10884,1,1
2020-05-08 15:03:51.527,10883,10884,10883,1,-1
2020-05-08 15:03:53.224,10883,10884,10883,1,-1
2020-05-08 15:03:55.273,10883,10884,10884,7,7
2020-05-08 15:03:57.853,10883,10884,10883,3,-3
2020-05-08 15:04:00.106,10883,10884,10884,2,2
2020-05-08 15:04:00.960,10883,10884,10883,1,-1
2020-05-08 15:04:02.404,10883,10884,10884,5,5
2020-05-08 15:04:02.588,10883,10884,10884,2,2
2020-05-08 15:04:02.851,10883,10885,10883,1,-1
2020-05-08 15:04:08.507,10883,10884,10884,2,2
2020-05-08 15:04:11.998,10883,10884,10884,1,1
2020-05-08 15:04:15.288,10883,10884,10884,1,1
2020-05-08 15:04:16.681,10883,10884,10884,2,2
2020-05-08 15:04:20.224,10883,10884,10884,3,3
2020-05-08 15:04:21.066,10883,10884,10884,2,2
2020-05-08 15:04:23.068,10883,10884,10884,1,1
2020-05-08 15:04:28.330,10883,10884,10884,1,1
2020-05-08 15:04:28.794,10883,10884,10884,2,2
2020-05-08 15:04:39.103,10883,10884,10884,1,1
2020-05-08 15:04:40.680,10883,10884,10883,10,-10
2020-05-08 15:04:41.034,10883,10884,10884,2,2
2020-05-08 15:04:43.566,10883,10884,10883,2,-2
2020-05-08 15:04:44.202,10883,10884,10883,10,-10
2020-05-08 15:04:47.635,10882,10883,10883,1,1
2020-05-08 15:04:48.538,10882,10883,10883,2,2
2020-05-08 15:04:49.465,10882,10883,10882,1,-1
2020-05-08 15:04:49.540,10882,10883,10882,2,-2
2020-05-08 15:04:52.148,10882,10883,10882,1,-1
2020-05-08 15:05:02.184,10882,10883,10883,7,7
2020-05-08 15:05:03.738,10882,10883,10883,2,2
2020-05-08 15:05:05.251,10882,10883,10882,1,-1
2020-05-08 15:05:07.031,10882,10883,10882,1,-1
2020-05-08 15:05:12.913,10882,10883,10882,1,-1
2020-05-08 15:05:15.771,10882,10883,10883,1,1
2020-05-08 15:05:18.993,10882,10883,10883,4,4
2020-05-08 15:05:20.073,10882,10883,10883,1,1
2020-05-08 15:05:25.453,10882,10883,10883,3,3
2020-05-08 15:05:28.460,10882,10883,10883,1,1
2020-05-08 15:05:34.218,10883,10884,10883,1,-1
2020-05-08 15:05:35.107,10883,10884,10884,2,2
2020-05-08 15:05:35.134,10883,10884,10884,6,6
2020-05-08 15:05:35.346,10883,10885,10885,4,4
2020-05-08 15:05:39.132,10883,10884,10883,1,-1
2020-05-08 15:05:44.175,10883,10884,10883,1,-1
2020-05-08 15:05:51.503,10883,10884,10884,4,4
2020-05-08 15:05:56.143,10883,10884,10883,4,-4
2020-05-08 15:05:56.144,10883,10884,10883,5,-5
2020-05-08 15:05:56.144,10883,10884,10883,2,-2
2020-05-08 15:06:01.510,10882,10883,10882,1,-1
2020-05-08 15:06:02.336,10882,10883,10883,2,2
2020-05-08 15:06:13.615,10882,10883,10883,1,1
2020-05-08 15:06:13.615,10882,10883,10884,1,1
2020-05-08 15:06:14.992,10883,10884,10883,6,-6
2020-05-08 15:06:16.102,10882,10883,10883,1,1
2020-05-08 15:06:16.102,10882,10883,10883,2,2
2020-05-08 15:06:17.467,10883,10884,10884,2,2
2020-05-08 15:06:18.135,10883,10885,10885,1,1
2020-05-08 15:06:19.120,10883,10885,10883,1,-1
2020-05-08 15:06:27.642,10883,10884,10884,2,2
2020-05-08 15:06:33.518,10883,10885,10885,1,1
2020-05-08 15:06:36.736,10883,10884,10883,10,-10
2020-05-08 15:06:37.195,10883,10884,10884,2,2
2020-05-08 15:06:38.521,10883,10884,10884,2,2
2020-05-08 15:06:40.953,10883,10884,10883,10,-10
2020-05-08 15:06:40.953,10883,10884,10883,21,-21
2020-05-08 15:06:47.680,10882,10883,10883,1,1
2020-05-08 15:06:48.809,10882,10883,10883,2,2
2020-05-08 15:06:51.964,10882,10883,10883,3,3
2020-05-08 15:06:54.167,10882,10883,10882,1,-1
2020-05-08 15:06:57.929,10882,10883,10883,2,2
2020-05-08 15:07:02.236,10882,10883,10883,1,1
2020-05-08 15:07:02.430,10882,10883,10882,5,-5
2020-05-08 15:07:02.843,10882,10883,10883,1,1
2020-05-08 15:07:04.126,10882,10883,10883,1,1
2020-05-08 15:07:04.126,10882,10883,10883,3,3
2020-05-08 15:07:04.629,10883,10884,10883,10,-10
2020-05-08 15:07:04.629,10883,10884,10882,16,-16
2020-05-08 15:07:09.290,10883,10884,10884,2,2
2020-05-08 15:07:12.476,10883,10884,10883,4,-4
2020-05-08 15:07:15.619,10882,10883,10883,1,1
2020-05-08 15:07:15.982,10882,10883,10883,1,1
2020-05-08 15:07:18.921,10882,10883,10883,2,2
2020-05-08 15:07:21.349,10882,10883,10882,1,-1
2020-05-08 15:07:27.849,10882,10883,10883,1,1
2020-05-08 15:07:28.240,10882,10883,10882,2,-2
2020-05-08 15:07:29.001,10882,10883,10882,1,-1
2020-05-08 15:07:29.100,10882,10883,10882,1,-1
2020-05-08 15:07:29.631,10882,10883,10883,2,2
2020-05-08 15:07:31.641,10882,10883,10882,5,-5
2020-05-08 15:07:37.201,10881,10882,10882,2,2
2020-05-08 15:07:37.514,10881,10882,10882,1,1
2020-05-08 15:07:40.841,10881,10882,10882,2,2
2020-05-08 15:07:46.149,10881,10882,10881,5,-5
2020-05-08 15:07:48.005,10880,10881,10880,5,-5
2020-05-08 15:07:48.005,10880,10881,10880,6,-6
2020-05-08 15:07:49.984,10879,10880,10880,2,2
2020-05-08 15:07:50.142,10879,10880,10879,2,-2
2020-05-08 15:07:52.583,10879,10880,10879,1,-1
2020-05-08 15:07:58.788,10879,10880,10879,1,-1
2020-05-08 15:07:59.817,10879,10880,10880,2,2
2020-05-08 15:08:00.179,10879,10880,10880,1,1
2020-05-08 15:08:01.763,10879,10880,10879,2,-2
2020-05-08 15:08:02.141,10879,10880,10880,2,2
2020-05-08 15:08:07.090,10879,10880,10880,2,2
2020-05-08 15:08:10.306,10879,10880,10880,1,1
2020-05-08 15:08:10.616,10879,10880,10880,2,2
2020-05-08 15:08:11.657,10879,10880,10880,2,2
2020-05-08 15:08:16.129,10879,10880,10880,1,1
2020-05-08 15:08:16.555,10879,10880,10880,1,1
2020-05-08 15:08:18.043,10879,10880,10880,1,1
2020-05-08 15:08:20.681,10879,10880,10880,2,2
2020-05-08 15:08:23.047,10879,10880,10879,1,-1
2020-05-08 15:08:23.063,10879,10880,10879,12,-12
2020-05-08 15:08:23.063,10879,10880,10879,5,-5
2020-05-08 15:08:23.247,10878,10879,10878,3,-3
2020-05-08 15:08:24.379,10879,10880,10880,2,2
2020-05-08 15:08:29.103,10879,10880,10879,1,-1
2020-05-08 15:08:30.859,10879,10880,10880,2,2
2020-05-08 15:08:35.316,10879,10880,10879,2,-2
2020-05-08 15:08:40.647,10879,10880,10879,1,-1
2020-05-08 15:08:42.490,10878,10880,10878,1,-1
2020-05-08 15:08:43.954,10878,10879,10879,2,2
2020-05-08 15:08:48.840,10878,10879,10879,1,1
2020-05-08 15:08:49.730,10878,10879,10878,1,-1
2020-05-08 15:08:52.244,10878,10879,10878,1,-1
2020-05-08 15:08:52.803,10878,10879,10878,3,-3
2020-05-08 15:08:57.885,10878,10879,10878,5,-5
2020-05-08 15:09:00.520,10878,10879,10879,2,2
2020-05-08 15:09:02.892,10878,10879,10878,1,-1
2020-05-08 15:09:03.472,10878,10879,10879,1,1
2020-05-08 15:09:06.462,10878,10879,10879,2,2
2020-05-08 15:09:06.855,10878,10879,10878,2,-2
2020-05-08 15:09:07.103,10878,10879,10878,1,-1
2020-05-08 15:09:07.457,10878,10879,10879,1,1
2020-05-08 15:09:08.122,10878,10879,10878,5,-5
2020-05-08 15:09:08.566,10878,10879,10878,2,-2
2020-05-08 15:09:09.884,10877,10878,10877,2,-2
2020-05-08 15:09:09.885,10876,10878,10877,1,-1
2020-05-08 15:09:09.927,10876,10878,10876,2,-2
2020-05-08 15:09:10.522,10876,10877,10876,1,-1
2020-05-08 15:09:12.325,10876,10877,10876,1,-1
2020-05-08 15:09:12.680,10876,10877,10877,2,2
2020-05-08 15:09:14.196,10877,10878,10878,2,2
2020-05-08 15:09:16.864,10877,10878,10878,1,1
2020-05-08 15:09:19.184,10878,10879,10878,2,-2
2020-05-08 15:09:21.518,10878,10879,10879,1,1
2020-05-08 15:09:22.715,10878,10879,10879,2,2
2020-05-08 15:09:30.924,10878,10879,10878,1,-1
2020-05-08 15:09:33.792,10878,10879,10879,2,2
2020-05-08 15:09:36.113,10878,10879,10879,2,2
2020-05-08 15:09:36.306,10878,10879,10878,1,-1
2020-05-08 15:09:41.724,10878,10879,10878,1,-1
2020-05-08 15:09:41.784,10878,10879,10878,2,-2
2020-05-08 15:09:43.976,10878,10879,10879,1,1
2020-05-08 15:09:43.976,10878,10879,10880,1,1
2020-05-08 15:09:45.913,10878,10879,10878,2,-2
2020-05-08 15:09:54.216,10878,10879,10879,2,2
2020-05-08 15:09:56.694,10878,10879,10879,1,1
2020-05-08 15:10:03.435,10879,10880,10880,9,9
2020-05-08 15:10:03.435,10879,10880,10880,2,2
2020-05-08 15:10:04.858,10880,10882,10882,2,2
2020-05-08 15:10:05.076,10880,10881,10880,1,-1
2020-05-08 15:10:13.811,10880,10881,10881,1,1
2020-05-08 15:10:15.101,10880,10881,10881,2,2
2020-05-08 15:10:23.889,10881,10882,10881,3,-3
2020-05-08 15:10:24.707,10880,10881,10881,2,2
2020-05-08 15:10:25.084,10880,10881,10881,1,1
2020-05-08 15:10:32.595,10880,10881,10881,2,2
2020-05-08 15:10:33.815,10880,10881,10881,1,1
2020-05-08 15:10:35.752,10880,10881,10881,2,2
2020-05-08 15:10:35.855,10880,10882,10882,1,1
2020-05-08 15:10:42.351,10880,10881,10881,1,1
2020-05-08 15:10:46.284,10880,10882,10882,10,10
2020-05-08 15:10:46.807,10881,10882,10882,2,2
2020-05-08 15:10:48.369,10881,10882,10881,2,-2
2020-05-08 15:10:55.828,10880,10882,10882,1,1
2020-05-08 15:10:57.001,10880,10882,10882,2,2
2020-05-08 15:11:02.388,10880,10881,10881,1,1
2020-05-08 15:11:11.078,10880,10881,10880,2,-2
2020-05-08 15:11:11.282,10880,10881,10880,5,-5
2020-05-08 15:11:12.761,10879,10880,10880,1,1
2020-05-08 15:11:19.427,10878,10880,10878,1,-1
2020-05-08 15:11:23.740,10879,10880,10880,2,2
2020-05-08 15:11:25.175,10880,10881,10880,1,-1
2020-05-08 15:11:26.589,10880,10881,10880,1,-1
2020-05-08 15:11:27.348,10880,10881,10881,1,1
2020-05-08 15:11:28.617,10880,10881,10880,2,-2
2020-05-08 15:11:38.771,10880,10881,10881,1,1
2020-05-08 15:11:44.032,10880,10882,10880,1,-1
2020-05-08 15:11:45.890,10880,10882,10882,10,10
2020-05-08 15:11:50.356,10881,10882,10881,1,-1
2020-05-08 15:11:53.051,10881,10882,10881,2,-2
2020-05-08 15:11:54.911,10880,10882,10880,1,-1
2020-05-08 15:11:59.492,10880,10882,10880,2,-2
2020-05-08 15:12:05.233,10881,10882,10881,1,1
2020-05-08 15:12:05.497,10880,10881,10881,1,1
2020-05-08 15:12:05.540,10880,10882,10880,1,-1
2020-05-08 15:12:05.547,10880,10882,10880,1,-1
2020-05-08 15:12:05.620,10880,10882,10880,2,-2
2020-05-08 15:12:16.395,10881,10882,10881,1,1
2020-05-08 15:12:17.408,10881,10882,10882,1,1
2020-05-08 15:12:22.299,10881,10882,10881,1,-1
2020-05-08 15:12:26.704,10881,10882,10882,3,3
2020-05-08 15:12:29.277,10882,10883,10883,3,3
2020-05-08 15:12:29.277,10882,10883,10884,2,2
2020-05-08 15:12:30.248,10882,10884,10882,1,-1
2020-05-08 15:12:30.520,10882,10884,10882,4,-4
2020-05-08 15:12:30.889,10882,10884,10884,1,1
2020-05-08 15:12:35.134,10883,10884,10884,4,4
2020-05-08 15:12:36.134,10884,10885,10885,11,11
2020-05-08 15:12:36.135,10884,10885,10885,5,5
2020-05-08 15:12:36.908,10885,10886,10886,2,2
2020-05-08 15:12:37.038,10885,10886,10886,2,2
2020-05-08 15:12:38.417,10885,10886,10886,10,10
2020-05-08 15:12:39.848,10885,10886,10886,1,1
2020-05-08 15:12:40.114,10885,10886,10886,2,2
2020-05-08 15:12:41.117,10885,10886,10886,1,1
2020-05-08 15:12:43.343,10885,10886,10886,2,2
2020-05-08 15:12:45.085,10885,10886,10886,6,6
2020-05-08 15:12:45.609,10886,10887,10886,2,-2
2020-05-08 15:12:45.609,10886,10887,10886,2,-2
2020-05-08 15:12:45.739,10885,10886,10886,2,2
2020-05-08 15:12:46.246,10885,10886,10885,4,-4
2020-05-08 15:12:46.670,10885,10886,10885,3,-3
2020-05-08 15:12:46.794,10884,10885,10885,1,1
2020-05-08 15:12:46.935,10884,10885,10885,1,1
2020-05-08 15:12:46.937,10884,10885,10884,6,-6
2020-05-08 15:12:47.200,10883,10884,10883,4,-4
2020-05-08 15:12:51.506,10882,10883,10883,2,2
2020-05-08 15:12:53.354,10882,10883,10883,1,1
2020-05-08 15:12:54.374,10882,10883,10883,1,1
2020-05-08 15:12:54.375,10882,10883,10883,2,2
2020-05-08 15:12:54.375,10882,10883,10883,1,1
2020-05-08 15:12:54.375,10882,10883,10883,1,1
2020-05-08 15:12:54.375,10882,10883,10883,3,3
2020-05-08 15:13:02.141,10883,10884,10884,3,3
2020-05-08 15:13:06.174,10883,10884,10883,2,-2
2020-05-08 15:13:15.386,10883,10884,10884,1,1
2020-05-08 15:13:19.700,10883,10884,10883,6,-6
2020-05-08 15:13:20.124,10883,10884,10884,1,1
2020-05-08 15:13:20.648,10883,10884,10884,1,1
2020-05-08 15:13:29.191,10883,10884,10884,1,1
2020-05-08 15:13:37.090,10883,10884,10884,4,4
2020-05-08 15:13:37.142,10884,10885,10884,2,-2
2020-05-08 15:13:47.308,10884,10885,10884,2,-2
2020-05-08 15:13:53.686,10884,10885,10885,1,1
2020-05-08 15:13:55.200,10884,10885,10885,1,1
2020-05-08 15:13:57.494,10884,10885,10884,2,-2
2020-05-08 15:14:01.612,10884,10885,10885,2,2
2020-05-08 15:14:03.586,10884,10885,10884,3,-3
2020-05-08 15:14:04.606,10883,10884,10883,10,-10
2020-05-08 15:14:04.606,10883,10884,10883,2,-2
2020-05-08 15:14:09.479,10882,10883,10883,10,10
2020-05-08 15:14:14.366,10882,10883,10883,1,1
2020-05-08 15:14:17.362,10883,10884,10884,1,1
2020-05-08 15:14:25.580,10883,10884,10883,1,-1
2020-05-08 15:14:27.063,10883,10884,10884,1,1
2020-05-08 15:14:34.422,10883,10884,10884,1,1
2020-05-08 15:14:44.419,10883,10884,10883,3,-3
2020-05-08 15:14:45.974,10883,10884,10883,2,-2
2020-05-08 15:14:52.402,10882,10883,10882,1,-1
2020-05-08 15:14:54.169,10882,10883,10882,4,-4
2020-05-08 15:14:59.668,10882,10883,10882,1,-1
2020-05-08 15:15:02.185,10882,10883,10883,6,6
2020-05-08 15:15:02.550,10882,10884,10882,2,-2
2020-05-08 15:15:03.056,10882,10883,10882,5,-5
2020-05-08 15:15:04.952,10882,10883,10882,1,-1
2020-05-08 15:15:05.016,10882,10883,10883,1,1
2020-05-08 15:15:05.016,10882,10883,10883,1,1
2020-05-08 15:15:05.018,10882,10883,10883,1,1
2020-05-08 15:15:05.018,10882,10883,10884,2,2
2020-05-08 15:15:05.018,10882,10883,10883,1,1
2020-05-08 15:15:05.030,10882,10883,10884,1,1
2020-05-08 15:15:05.034,10882,10883,10884,1,1
2020-05-08 15:15:10.498,10883,10884,10883,1,-1
2020-05-08 15:15:21.662,10882,10883,10882,4,-4
2020-05-08 15:15:26.774,10881,10882,10882,1,1
2020-05-08 15:15:35.350,10881,10882,10881,1,-1
2020-05-08 15:15:53.769,10881,10882,10881,7,-7
2020-05-08 15:15:59.621,10880,10881,10880,1,-1
2020-05-08 15:15:59.652,10880,10881,10880,1,-1
2020-05-08 15:16:16.915,10880,10881,10881,1,1
2020-05-08 15:16:17.978,10880,10881,10881,1,1
2020-05-08 15:16:20.469,10880,10881,10881,1,1
2020-05-08 15:16:22.016,10880,10881,10880,1,-1
2020-05-08 15:16:26.073,10880,10881,10881,1,1
2020-05-08 15:16:26.368,10880,10881,10881,1,1
2020-05-08 15:16:40.894,10880,10881,10881,1,1
2020-05-08 15:16:42.150,10880,10881,10881,1,1
2020-05-08 15:16:43.705,10881,10882,10881,1,-1
2020-05-08 15:16:43.993,10880,10881,10881,1,1
2020-05-08 15:16:44.071,10881,10882,10881,1,-1
2020-05-08 15:16:53.508,10880,10881,10880,2,-2
2020-05-08 15:17:03.430,10880,10881,10880,2,-2
2020-05-08 15:17:07.388,10880,10881,10881,2,2
2020-05-08 15:17:07.388,10880,10881,10881,1,1
2020-05-08 15:17:13.337,10881,10882,10881,1,-1
2020-05-08 15:17:19.235,10881,10882,10882,2,2
2020-05-08 15:17:37.951,10882,10883,10883,4,4
2020-05-08 15:17:38.487,10883,10884,10884,1,1
2020-05-08 15:17:40.896,10884,10885,10884,4,-4
2020-05-08 15:17:43.904,10883,10884,10884,1,1
2020-05-08 15:17:45.959,10883,10884,10883,1,-1
2020-05-08 15:18:02.243,10883,10884,10883,2,-2
2020-05-08 15:18:02.243,10883,10884,10883,2,-2
2020-05-08 15:18:02.607,10882,10883,10883,1,1
2020-05-08 15:18:05.335,10882,10883,10883,1,1
2020-05-08 15:18:06.567,10882,10883,10882,2,-2
2020-05-08 15:18:33.158,10882,10883,10882,1,-1
2020-05-08 15:18:40.678,10882,10883,10883,1,1
2020-05-08 15:18:42.804,10882,10883,10883,1,1
2020-05-08 15:18:44.078,10882,10883,10883,1,1
2020-05-08 15:18:48.228,10882,10883,10882,2,-2
2020-05-08 15:19:03.164,10883,10884,10883,1,1
2020-05-08 15:19:28.762,10883,10884,10883,1,-1
2020-05-08 15:19:36.160,10883,10884,10883,1,-1
2020-05-08 15:19:42.144,10883,10884,10883,1,-1
2020-05-08 15:19:46.984,10883,10884,10883,1,-1
2020-05-08 15:20:00.137,10883,10884,10883,5,-5
2020-05-08 15:20:05.474,10882,10883,10883,2,2
2020-05-08 15:20:06.460,10882,10883,10882,19,-19
2020-05-08 15:20:40.932,10881,10882,10881,1,-1
2020-05-08 15:21:01.725,10881,10882,10881,1,-1
2020-05-08 15:21:17.044,10881,10882,10881,1,-1
2020-05-08 15:21:17.045,10881,10882,10881,4,-4
2020-05-08 15:21:17.045,10881,10882,10881,1,-1
2020-05-08 15:21:20.948,10880,10882,10880,1,-1
2020-05-08 15:21:22.814,10880,10882,10880,1,-1
2020-05-08 15:21:24.089,10880,10882,10882,8,8
2020-05-08 15:21:26.055,10881,10882,10881,2,-2
2020-05-08 15:21:27.611,10881,10882,10882,1,1
2020-05-08 15:21:31.822,10882,10883,10882,1,-1
2020-05-08 15:21:32.392,10882,10883,10883,1,1
2020-05-08 15:21:38.681,10882,10883,10883,1,1
2020-05-08 15:21:45.631,10882,10883,10883,1,1
2020-05-08 15:21:55.151,10882,10883,10882,11,-11
2020-05-08 15:21:55.152,10882,10883,10882,1,-1
2020-05-08 15:21:55.152,10882,10883,10882,2,-2
2020-05-08 15:22:00.081,10882,10883,10882,8,-8
2020-05-08 15:22:00.082,10882,10883,10882,6,-6
2020-05-08 15:22:04.244,10882,10883,10882,1,-1
2020-05-08 15:22:07.537,10882,10883,10882,2,-2
2020-05-08 15:22:17.599,10882,10883,10883,1,1
2020-05-08 15:22:26.773,10882,10883,10883,1,1
2020-05-08 15:22:29.967,10882,10883,10883,1,1
2020-05-08 15:22:30.157,10882,10883,10882,1,-1
2020-05-08 15:22:41.946,10882,10883,10883,6,6
2020-05-08 15:22:45.328,10883,10884,10883,1,-1
2020-05-08 15:22:50.328,10882,10883,10883,6,6
2020-05-08 15:22:50.725,10882,10884,10883,1,-1
2020-05-08 15:22:56.956,10882,10883,10883,1,1
2020-05-08 15:23:02.712,10882,10883,10883,1,1
2020-05-08 15:23:06.832,10882,10883,10883,1,1
2020-05-08 15:23:30.888,10882,10883,10882,1,-1
2020-05-08 15:23:48.026,10882,10883,10882,3,-3
2020-05-08 15:23:48.026,10882,10883,10882,1,-1
2020-05-08 15:24:10.709,10882,10883,10882,1,-1
2020-05-08 15:24:16.585,10882,10883,10882,1,-1
2020-05-08 15:24:22.853,10882,10883,10882,1,-1
2020-05-08 15:24:32.591,10882,10883,10883,2,2
2020-05-08 15:24:36.335,10882,10883,10882,1,-1
2020-05-08 15:24:53.262,10882,10883,10882,1,-1
2020-05-08 15:24:55.249,10882,10883,10882,1,-1
2020-05-08 15:24:56.822,10882,10883,10882,1,-1
2020-05-08 15:24:57.667,10882,10883,10883,1,1
2020-05-08 15:25:18.937,10882,10883,10883,1,1
2020-05-08 15:25:22.343,10882,10883,10882,1,-1
2020-05-08 15:25:30.732,10882,10883,10883,12,12
2020-05-08 15:25:34.433,10883,10884,10883,1,-1
2020-05-08 15:25:36.901,10883,10884,10884,9,9
2020-05-08 15:25:39.957,10883,10884,10884,1,1
2020-05-08 15:25:43.162,10883,10884,10884,1,1
2020-05-08 15:25:43.524,10883,10884,10884,1,1
2020-05-08 15:25:51.233,10883,10884,10884,3,3
2020-05-08 15:25:52.608,10883,10884,10884,1,1
2020-05-08 15:25:54.162,10883,10884,10884,1,1
2020-05-08 15:26:12.190,10883,10884,10883,5,-5
2020-05-08 15:26:12.190,10883,10884,10883,1,-1
2020-05-08 15:26:21.172,10882,10883,10883,1,1
2020-05-08 15:26:27.975,10883,10884,10883,1,-1
2020-05-08 15:26:35.440,10883,10884,10884,1,1
2020-05-08 15:26:35.440,10883,10884,10884,1,1
2020-05-08 15:26:38.570,10884,10885,10884,1,-1
2020-05-08 15:27:08.200,10884,10885,10884,1,-1
2020-05-08 15:27:10.275,10884,10885,10885,2,2
2020-05-08 15:27:11.728,10884,10885,10885,1,1
2020-05-08 15:27:12.784,10884,10885,10885,6,6
2020-05-08 15:27:12.785,10884,10885,10885,3,3
2020-05-08 15:27:23.502,10885,10886,10885,2,-2
2020-05-08 15:27:23.502,10885,10886,10885,2,-2
2020-05-08 15:27:24.938,10884,10885,10884,7,-7
2020-05-08 15:27:28.143,10884,10885,10884,1,-1
2020-05-08 15:27:28.821,10884,10885,10885,1,1
2020-05-08 15:27:43.392,10884,10885,10885,1,1
2020-05-08 15:27:44.234,10884,10885,10885,1,1
2020-05-08 15:27:44.771,10884,10885,10885,1,1
2020-05-08 15:27:44.936,10885,10886,10886,1,1
2020-05-08 15:27:45.032,10885,10886,10886,1,1
2020-05-08 15:27:50.007,10885,10886,10886,2,2
2020-05-08 15:27:50.535,10885,10886,10886,2,2
2020-05-08 15:27:50.801,10885,10886,10886,2,2
2020-05-08 15:27:51.024,10885,10886,10886,2,2
2020-05-08 15:27:51.024,10885,10886,10886,1,1
2020-05-08 15:27:51.025,10885,10886,10886,2,2
2020-05-08 15:28:00.223,10886,10887,10886,1,-1
2020-05-08 15:28:03.537,10886,10887,10887,1,1
2020-05-08 15:28:03.749,10886,10887,10887,1,1
2020-05-08 15:28:03.896,10886,10887,10887,1,1
2020-05-08 15:28:05.658,10886,10887,10887,1,1
2020-05-08 15:28:08.319,10887,10888,10888,2,2
2020-05-08 15:28:08.408,10887,10888,10888,2,2
2020-05-08 15:28:08.445,10887,10888,10888,1,1
2020-05-08 15:28:09.131,10887,10888,10887,2,-2
2020-05-08 15:28:09.873,10887,10888,10888,5,5
2020-05-08 15:28:09.984,10888,10889,10888,1,-1
2020-05-08 15:28:11.603,10888,10889,10889,5,5
2020-05-08 15:28:11.603,10888,10889,10890,1,1
2020-05-08 15:28:11.708,10888,10890,10890,1,1
2020-05-08 15:28:11.798,10889,10890,10889,4,-4
2020-05-08 15:28:11.799,10889,10890,10889,2,-2
2020-05-08 15:28:11.948,10889,10890,10889,1,-1
2020-05-08 15:28:12.051,10889,10890,10890,1,1
2020-05-08 15:28:12.539,10889,10890,10890,1,1
2020-05-08 15:28:12.920,10889,10890,10889,1,-1
2020-05-08 15:28:13.280,10889,10890,10890,10,10
2020-05-08 15:28:13.334,10889,10890,10890,2,2
2020-05-08 15:28:13.392,10890,10891,10891,1,1
2020-05-08 15:28:13.751,10890,10891,10890,1,-1
2020-05-08 15:28:14.287,10890,10891,10890,2,-2
2020-05-08 15:28:14.287,10890,10891,10890,15,-15
2020-05-08 15:28:14.288,10890,10891,10890,1,-1
2020-05-08 15:28:16.961,10889,10890,10890,3,3
2020-05-08 15:28:17.065,10889,10890,10890,2,2
2020-05-08 15:28:17.969,10889,10890,10889,2,-2
2020-05-08 15:28:18.598,10888,10889,10889,2,2
2020-05-08 15:28:18.695,10888,10889,10888,2,-2
2020-05-08 15:28:19.255,10888,10889,10889,1,1
2020-05-08 15:28:22.333,10888,10889,10888,1,-1
2020-05-08 15:28:22.480,10888,10889,10888,1,-1
2020-05-08 15:28:22.564,10888,10889,10888,2,-2
2020-05-08 15:28:22.564,10888,10889,10887,2,-2
2020-05-08 15:28:22.848,10887,10889,10889,2,2
2020-05-08 15:28:28.158,10888,10889,10889,5,5
2020-05-08 15:28:32.002,10888,10889,10889,1,1
2020-05-08 15:28:32.040,10888,10889,10889,3,3
2020-05-08 15:28:32.334,10888,10890,10889,5,-5
2020-05-08 15:28:38.762,10888,10889,10889,1,1
2020-05-08 15:28:41.219,10888,10889,10888,2,-2
2020-05-08 15:28:46.824,10888,10889,10888,1,-1
2020-05-08 15:28:50.153,10888,10889,10888,1,-1
2020-05-08 15:28:53.188,10888,10889,10888,3,-3
2020-05-08 15:29:08.056,10888,10889,10889,2,2
2020-05-08 15:29:12.045,10888,10889,10889,1,1
2020-05-08 15:29:12.124,10888,10889,10889,1,1
2020-05-08 15:29:16.008,10888,10889,10889,1,1
2020-05-08 15:29:16.844,10888,10889,10889,2,2
2020-05-08 15:29:17.098,10888,10889,10889,1,1
2020-05-08 15:29:18.285,10888,10889,10889,1,1
2020-05-08 15:29:19.474,10888,10889,10889,4,4
2020-05-08 15:29:21.102,10889,10890,10889,1,-1
2020-05-08 15:29:21.633,10888,10890,10889,3,-3
2020-05-08 15:29:26.373,10888,10890,10890,2,2
2020-05-08 15:29:26.740,10889,10890,10889,2,-2
2020-05-08 15:29:27.170,10889,10890,10889,2,-2
2020-05-08 15:29:27.809,10888,10890,10888,1,-1
2020-05-08 15:29:31.890,10889,10890,10890,1,1
2020-05-08 15:29:31.926,10889,10890,10889,1,-1
2020-05-08 15:29:32.306,10889,10890,10890,4,4
2020-05-08 15:29:32.308,10889,10890,10890,5,5
2020-05-08 15:29:34.141,10889,10890,10889,2,-2
2020-05-08 15:29:43.526,10889,10890,10890,3,3
2020-05-08 15:29:44.225,10889,10890,10890,1,1
2020-05-08 15:29:47.664,10889,10890,10890,3,3
2020-05-08 15:29:54.350,10889,10890,10889,2,-2
2020-05-08 15:29:58.250,10889,10890,10890,1,1
2020-05-08 15:30:01.329,10889,10890,10889,1,-1
2020-05-08 15:30:02.021,10889,10890,10889,1,-1
2020-05-08 15:30:02.154,10889,10890,10889,5,-5
2020-05-08 15:30:04.112,10889,10890,10889,3,-3
2020-05-08 15:30:04.112,10889,10890,10889,3,-3
2020-05-08 15:30:04.961,10888,10889,10889,2,2
2020-05-08 15:30:05.502,10888,10889,10889,2,2
2020-05-08 15:30:08.228,10888,10889,10888,10,-10
2020-05-08 15:30:08.229,10888,10889,10888,1,-1
2020-05-08 15:30:08.229,10888,10889,10888,1,-1
2020-05-08 15:30:09.870,10887,10888,10887,1,-1
2020-05-08 15:30:09.881,10887,10888,10888,1,1
2020-05-08 15:30:10.799,10887,10888,10888,1,1
2020-05-08 15:30:10.982,10887,10888,10887,4,-4
2020-05-08 15:30:12.901,10886,10887,10887,1,1
2020-05-08 15:30:13.453,10886,10888,10887,1,-1
2020-05-08 15:30:13.460,10886,10888,10887,1,-1
2020-05-08 15:30:14.857,10886,10887,10886,1,-1
2020-05-08 15:30:16.440,10886,10887,10887,3,3
2020-05-08 15:30:23.748,10886,10887,10887,1,1
2020-05-08 15:30:23.883,10886,10887,10887,1,1
2020-05-08 15:30:24.550,10886,10887,10887,3,3
2020-05-08 15:30:24.550,10886,10887,10887,1,1
2020-05-08 15:30:25.605,10887,10888,10887,1,-1
2020-05-08 15:30:25.820,10887,10888,10887,1,-1
2020-05-08 15:30:26.469,10887,10888,10887,1,-1
2020-05-08 15:30:27.884,10887,10888,10887,1,-1
2020-05-08 15:30:30.491,10887,10888,10887,1,-1
2020-05-08 15:30:41.398,10886,10887,10886,11,-11
2020-05-08 15:30:41.398,10886,10887,10886,5,-5
2020-05-08 15:30:42.678,10885,10886,10885,5,-5
2020-05-08 15:30:42.921,10884,10885,10884,5,-5
2020-05-08 15:30:44.529,10884,10885,10884,1,-1
2020-05-08 15:30:48.784,10883,10884,10883,3,-3
2020-05-08 15:30:48.913,10883,10884,10883,2,-2
2020-05-08 15:30:57.383,10883,10884,10883,2,-2
2020-05-08 15:31:03.375,10883,10884,10883,5,-5
2020-05-08 15:31:04.913,10883,10884,10883,3,-3
2020-05-08 15:31:06.185,10883,10884,10883,1,-1
2020-05-08 15:31:07.655,10883,10884,10883,1,-1
2020-05-08 15:31:14.216,10882,10883,10882,1,-1
2020-05-08 15:31:15.113,10882,10883,10882,1,-1
2020-05-08 15:31:15.196,10882,10883,10882,1,-1
2020-05-08 15:31:15.197,10882,10883,10882,2,-2
2020-05-08 15:31:15.197,10882,10883,10882,1,-1
2020-05-08 15:31:15.197,10882,10883,10882,3,-3
2020-05-08 15:31:15.197,10882,10883,10882,2,-2
2020-05-08 15:31:15.754,10881,10882,10882,1,1
2020-05-08 15:31:18.809,10881,10882,10882,3,3
2020-05-08 15:31:18.899,10881,10883,10881,1,-1
2020-05-08 15:31:20.958,10881,10883,10881,1,-1
2020-05-08 15:31:21.094,10881,10883,10881,1,-1
2020-05-08 15:31:21.455,10881,10883,10881,1,-1
2020-05-08 15:31:21.573,10881,10883,10883,1,1
2020-05-08 15:31:24.461,10881,10883,10881,1,-1
2020-05-08 15:31:24.664,10881,10883,10881,1,-1
2020-05-08 15:31:26.601,10881,10882,10881,1,-1
2020-05-08 15:31:26.670,10881,10882,10881,1,-1
2020-05-08 15:31:26.670,10881,10882,10880,2,-2
2020-05-08 15:31:27.115,10880,10882,10882,1,1
2020-05-08 15:31:28.662,10880,10881,10880,1,-1
2020-05-08 15:31:30.172,10880,10881,10880,5,-5
2020-05-08 15:31:31.606,10880,10881,10880,2,-2
2020-05-08 15:31:32.644,10880,10881,10880,5,-5
2020-05-08 15:31:33.232,10880,10881,10880,1,-1
2020-05-08 15:31:34.433,10880,10881,10881,1,1
2020-05-08 15:31:34.434,10880,10881,10881,2,2
2020-05-08 15:31:34.434,10880,10881,10881,1,1
2020-05-08 15:31:34.864,10881,10882,10881,1,-1
2020-05-08 15:31:35.615,10881,10882,10881,1,-1
2020-05-08 15:31:36.753,10881,10882,10881,1,-1
2020-05-08 15:31:37.040,10880,10882,10882,1,1
2020-05-08 15:31:38.292,10881,10882,10881,2,-2
2020-05-08 15:31:38.909,10881,10882,10882,2,2
2020-05-08 15:31:39.219,10881,10882,10882,2,2
2020-05-08 15:31:42.479,10882,10883,10882,1,-1
2020-05-08 15:31:43.805,10882,10883,10882,1,-1
2020-05-08 15:31:45.787,10882,10883,10882,1,-1
2020-05-08 15:31:48.115,10882,10883,10882,1,-1
2020-05-08 15:31:52.913,10881,10882,10882,1,1
2020-05-08 15:32:03.126,10881,10882,10881,2,-2
2020-05-08 15:32:03.777,10881,10882,10881,1,-1
2020-05-08 15:32:08.865,10881,10882,10882,1,1
2020-05-08 15:32:17.737,10881,10882,10882,2,2
2020-05-08 15:32:24.533,10881,10882,10881,1,-1
2020-05-08 15:32:24.533,10881,10882,10881,1,-1
2020-05-08 15:32:24.533,10881,10882,10881,2,-2
2020-05-08 15:32:24.533,10881,10882,10881,5,-5
2020-05-08 15:32:24.533,10881,10882,10881,1,-1
2020-05-08 15:32:24.533,10881,10882,10881,2,-2
2020-05-08 15:32:24.533,10881,10882,10881,1,-1
2020-05-08 15:32:24.533,10881,10882,10881,1,-1
2020-05-08 15:32:24.533,10881,10882,10881,2,-2
2020-05-08 15:32:24.533,10881,10882,10881,2,-2
2020-05-08 15:32:24.534,10881,10882,10881,3,-3
2020-05-08 15:32:26.555,10880,10881,10880,1,-1
2020-05-08 15:32:28.284,10880,10881,10881,2,2
2020-05-08 15:32:34.031,10880,10881,10881,1,1
2020-05-08 15:32:36.729,10880,10881,10881,1,1
2020-05-08 15:32:37.383,10881,10882,10881,1,-1
2020-05-08 15:32:39.461,10880,10881,10880,5,-5
2020-05-08 15:32:39.462,10880,10881,10880,4,-4
2020-05-08 15:32:40.951,10879,10880,10880,1,1
2020-05-08 15:32:42.445,10879,10880,10879,2,-2
2020-05-08 15:32:43.793,10879,10880,10879,1,-1
2020-05-08 15:32:49.873,10879,10880,10879,1,-1
2020-05-08 15:32:54.172,10879,10880,10879,2,-2
2020-05-08 15:32:57.329,10879,10880,10879,1,-1
2020-05-08 15:32:59.394,10879,10880,10879,4,-4
2020-05-08 15:33:05.754,10879,10880,10879,1,-1
2020-05-08 15:33:07.847,10879,10880,10879,1,-1
2020-05-08 15:33:08.701,10879,10880,10879,1,-1
2020-05-08 15:33:09.294,10879,10880,10879,1,-1
2020-05-08 15:33:10.085,10879,10880,10879,1,-1
2020-05-08 15:33:13.504,10879,10880,10880,1,1
2020-05-08 15:33:14.228,10879,10880,10879,9,-9
2020-05-08 15:33:14.228,10879,10880,10879,3,-3
2020-05-08 15:33:17.772,10878,10879,10878,1,-1
2020-05-08 15:33:17.975,10878,10879,10878,1,-1
2020-05-08 15:33:23.442,10878,10879,10878,1,-1
2020-05-08 15:33:26.978,10878,10879,10878,1,-1
2020-05-08 15:33:27.226,10878,10879,10878,1,-1
2020-05-08 15:33:37.054,10878,10879,10878,1,-1
2020-05-08 15:33:38.441,10878,10879,10879,10,10
2020-05-08 15:33:43.337,10879,10880,10879,1,-1
2020-05-08 15:33:44.432,10879,10880,10879,2,-2
2020-05-08 15:33:50.124,10879,10880,10879,2,-2
2020-05-08 15:33:54.409,10879,10880,10879,1,-1
2020-05-08 15:33:58.745,10879,10880,10879,5,-5
2020-05-08 15:33:58.760,10879,10880,10879,1,-1
2020-05-08 15:33:58.760,10879,10880,10878,1,-1
2020-05-08 15:34:00.223,10879,10880,10879,2,2
2020-05-08 15:34:00.302,10878,10879,10879,1,1
2020-05-08 15:34:00.303,10878,10879,10879,2,2
2020-05-08 15:34:01.352,10878,10880,10878,5,-5
2020-05-08 15:34:08.262,10878,10879,10878,4,-4
2020-05-08 15:34:08.848,10878,10879,10879,2,2
2020-05-08 15:34:09.340,10879,10880,10879,1,-1
2020-05-08 15:34:17.275,10878,10879,10879,1,1
2020-05-08 15:34:19.292,10878,10879,10878,2,-2
2020-05-08 15:34:21.904,10878,10879,10879,1,1
2020-05-08 15:34:33.228,10878,10879,10878,16,-16
2020-05-08 15:34:36.118,10877,10878,10877,11,-11
2020-05-08 15:34:36.165,10876,10877,10876,2,-2
2020-05-08 15:34:36.362,10876,10877,10876,1,-1
2020-05-08 15:34:36.827,10876,10877,10877,1,1
2020-05-08 15:34:40.996,10876,10877,10877,1,1
2020-05-08 15:34:41.782,10876,10877,10876,1,-1
2020-05-08 15:34:44.434,10876,10877,10876,1,-1
2020-05-08 15:34:47.707,10876,10877,10876,2,-2
2020-05-08 15:34:50.823,10876,10877,10876,1,-1
2020-05-08 15:34:51.212,10876,10877,10876,1,-1
2020-05-08 15:34:51.235,10876,10877,10877,1,1
2020-05-08 15:34:52.154,10876,10877,10876,1,-1
2020-05-08 15:34:52.988,10876,10877,10876,1,-1
2020-05-08 15:34:53.005,10876,10877,10876,1,-1
2020-05-08 15:34:53.568,10876,10877,10876,1,-1
2020-05-08 15:34:53.878,10876,10877,10876,1,-1
2020-05-08 15:34:54.292,10876,10877,10876,1,-1
2020-05-08 15:34:57.425,10876,10877,10876,2,-2
2020-05-08 15:34:57.981,10876,10877,10876,1,-1
2020-05-08 15:34:58.374,10876,10877,10876,1,-1
2020-05-08 15:34:58.450,10876,10877,10876,1,-1
2020-05-08 15:34:58.702,10876,10877,10876,1,-1
2020-05-08 15:34:59.080,10876,10877,10876,1,-1
2020-05-08 15:34:59.440,10876,10877,10876,1,-1
2020-05-08 15:34:59.508,10876,10877,10876,2,-2
2020-05-08 15:34:59.784,10876,10877,10877,1,1
2020-05-08 15:34:59.784,10876,10877,10877,2,2
2020-05-08 15:34:59.840,10876,10877,10876,1,-1
2020-05-08 15:35:00.028,10876,10877,10877,3,3
2020-05-08 15:35:00.029,10876,10877,10877,3,3
2020-05-08 15:35:00.029,10876,10877,10877,1,1
2020-05-08 15:35:00.029,10876,10877,10877,1,1
2020-05-08 15:35:00.307,10877,10878,10877,1,-1
2020-05-08 15:35:00.897,10876,10878,10876,1,-1
2020-05-08 15:35:01.003,10876,10878,10876,1,-1
2020-05-08 15:35:03.192,10876,10877,10876,1,-1
2020-05-08 15:35:03.221,10876,10877,10876,1,-1
2020-05-08 15:35:03.256,10876,10877,10876,1,-1
2020-05-08 15:35:03.408,10875,10877,10876,1,-1
2020-05-08 15:35:07.782,10876,10877,10876,5,-5
2020-05-08 15:35:08.342,10876,10877,10876,1,-1
2020-05-08 15:35:12.834,10876,10877,10877,1,1
2020-05-08 15:35:13.071,10876,10877,10876,2,-2
2020-05-08 15:35:19.199,10876,10877,10876,1,-1
2020-05-08 15:35:19.572,10876,10877,10876,5,-5
2020-05-08 15:35:21.948,10876,10877,10876,1,-1
2020-05-08 15:35:21.949,10876,10877,10876,1,-1
2020-05-08 15:35:21.949,10876,10877,10876,1,-1
2020-05-08 15:35:22.503,10875,10876,10876,1,1
2020-05-08 15:35:23.600,10875,10876,10876,2,2
2020-05-08 15:35:23.851,10875,10876,10876,2,2
2020-05-08 15:35:23.853,10875,10876,10876,3,3
2020-05-08 15:35:26.703,10876,10877,10876,1,-1
2020-05-08 15:35:29.269,10876,10877,10876,1,-1
2020-05-08 15:35:31.315,10876,10877,10876,1,-1
2020-05-08 15:35:32.873,10876,10877,10876,2,-2
2020-05-08 15:35:38.970,10876,10877,10876,1,-1
2020-05-08 15:35:42.124,10876,10877,10876,1,-1
2020-05-08 15:35:43.255,10876,10877,10876,4,-4
2020-05-08 15:35:43.387,10876,10877,10876,1,-1
2020-05-08 15:35:47.445,10876,10877,10877,1,1
2020-05-08 15:35:50.200,10876,10877,10877,15,15
2020-05-08 15:35:50.476,10877,10878,10877,1,-1
2020-05-08 15:35:50.946,10877,10878,10877,1,-1
2020-05-08 15:35:53.886,10877,10878,10877,3,-3
2020-05-08 15:35:56.340,10877,10878,10877,3,-3
2020-05-08 15:35:58.528,10877,10878,10877,1,-1
2020-05-08 15:36:08.654,10877,10878,10877,1,-1
2020-05-08 15:36:13.152,10877,10878,10877,5,-5
2020-05-08 15:36:16.567,10877,10878,10877,1,-1
2020-05-08 15:36:17.576,10877,10878,10877,1,-1
2020-05-08 15:36:19.470,10877,10878,10877,1,-1
2020-05-08 15:36:20.649,10877,10878,10877,1,-1
2020-05-08 15:36:21.030,10877,10878,10877,1,-1
2020-05-08 15:36:22.007,10877,10878,10877,1,-1
2020-05-08 15:36:23.464,10877,10878,10877,1,-1
2020-05-08 15:36:25.346,10877,10878,10877,1,-1
2020-05-08 15:36:26.101,10877,10878,10877,1,-1
2020-05-08 15:36:29.548,10877,10878,10878,1,1
2020-05-08 15:36:29.549,10877,10878,10878,2,2
2020-05-08 15:36:29.634,10877,10878,10878,1,1
2020-05-08 15:36:29.635,10877,10878,10878,1,1
2020-05-08 15:36:29.736,10877,10878,10879,1,1
2020-05-08 15:36:29.904,10878,10879,10879,1,1
2020-05-08 15:36:30.607,10878,10879,10878,5,-5
2020-05-08 15:36:32.583,10877,10879,10877,5,-5
2020-05-08 15:36:35.594,10877,10879,10877,5,-5
2020-05-08 15:36:38.090,10877,10879,10879,1,1
2020-05-08 15:36:38.887,10878,10879,10878,1,-1
2020-05-08 15:36:38.887,10878,10879,10877,4,-4
2020-05-08 15:36:41.498,10878,10879,10878,1,1
2020-05-08 15:36:41.498,10878,10879,10877,4,-4
2020-05-08 15:36:46.282,10877,10878,10877,2,-2
2020-05-08 15:36:46.282,10877,10878,10876,3,-3
2020-05-08 15:36:47.337,10876,10878,10876,1,-1
2020-05-08 15:36:48.262,10876,10878,10876,5,-5
2020-05-08 15:36:52.116,10877,10878,10877,3,3
2020-05-08 15:36:55.472,10877,10878,10877,1,-1
2020-05-08 15:36:55.764,10876,10878,10876,4,-4
2020-05-08 15:37:04.874,10877,10878,10877,1,1
2020-05-08 15:37:06.335,10877,10878,10878,2,2
2020-05-08 15:37:21.241,10878,10879,10879,1,1
2020-05-08 15:37:26.610,10878,10879,10878,3,-3
2020-05-08 15:37:31.328,10878,10879,10878,1,-1
2020-05-08 15:37:35.790,10878,10879,10879,1,1
2020-05-08 15:37:40.153,10878,10879,10879,1,1
2020-05-08 15:37:48.175,10878,10879,10879,1,1
2020-05-08 15:37:54.845,10878,10879,10879,1,1
2020-05-08 15:38:03.652,10878,10879,10879,1,1
2020-05-08 15:38:09.375,10878,10879,10879,1,1
2020-05-08 15:38:09.586,10878,10879,10879,1,1
2020-05-08 15:38:17.472,10878,10879,10879,1,1
2020-05-08 15:38:18.667,10878,10879,10878,1,-1
2020-05-08 15:38:22.592,10878,10879,10879,1,1
2020-05-08 15:38:36.815,10879,10880,10879,2,-2
2020-05-08 15:38:37.471,10878,10880,10878,1,-1
2020-05-08 15:38:43.444,10878,10880,10880,1,1
2020-05-08 15:38:43.601,10878,10880,10878,1,-1
2020-05-08 15:38:53.670,10878,10879,10879,3,3
2020-05-08 15:39:01.192,10879,10880,10880,1,1
2020-05-08 15:39:16.727,10879,10880,10880,1,1
2020-05-08 15:39:32.587,10879,10880,10879,1,-1
2020-05-08 15:39:37.668,10879,10880,10880,2,2
2020-05-08 15:39:47.186,10879,10880,10879,1,-1
2020-05-08 15:39:49.648,10879,10880,10880,1,1
2020-05-08 15:39:49.648,10879,10880,10880,1,1
2020-05-08 15:39:49.648,10879,10880,10880,10,10
2020-05-08 15:39:49.649,10879,10880,10880,1,1
2020-05-08 15:40:03.098,10880,10881,10880,1,-1
2020-05-08 15:40:03.098,10880,10881,10880,1,-1
2020-05-08 15:40:03.098,10880,10881,10880,1,-1
2020-05-08 15:40:09.952,10879,10880,10880,1,1
2020-05-08 15:40:12.249,10879,10880,10880,1,1
2020-05-08 15:40:17.361,10879,10880,10879,1,-1
2020-05-08 15:40:17.361,10879,10880,10879,1,-1
2020-05-08 15:40:17.361,10879,10880,10879,1,-1
2020-05-08 15:40:17.361,10879,10880,10879,1,-1
2020-05-08 15:40:17.361,10879,10880,10879,1,-1
2020-05-08 15:40:31.679,10878,10880,10878,8,-8
2020-05-08 15:40:38.974,10878,10879,10879,1,1
2020-05-08 15:40:49.567,10878,10879,10878,4,-4
2020-05-08 15:40:49.567,10878,10879,10877,1,-1
2020-05-08 15:40:49.732,10877,10878,10878,1,1
2020-05-08 15:40:53.770,10877,10878,10877,1,-1
2020-05-08 15:40:56.083,10877,10878,10877,2,-2
2020-05-08 15:40:59.276,10877,10878,10878,1,1
2020-05-08 15:41:23.519,10877,10878,10878,2,2
2020-05-08 15:41:34.886,10877,10878,10877,1,-1
2020-05-08 15:42:10.668,10877,10878,10877,11,-11
2020-05-08 15:42:13.085,10877,10878,10877,1,-1
2020-05-08 15:42:14.633,10876,10877,10877,1,1
2020-05-08 15:42:14.664,10876,10877,10877,2,2
2020-05-08 15:42:14.690,10876,10877,10877,2,2
2020-05-08 15:42:43.995,10877,10878,10877,1,-1
2020-05-08 15:42:53.622,10877,10878,10877,1,-1
2020-05-08 15:42:55.703,10877,10878,10878,1,1
2020-05-08 15:42:55.703,10877,10878,10878,2,2
2020-05-08 15:42:55.703,10877,10878,10878,2,2
2020-05-08 15:42:58.809,10878,10879,10878,1,-1
2020-05-08 15:43:01.009,10878,10879,10879,1,1
2020-05-08 15:43:08.313,10879,10880,10880,2,2
2020-05-08 15:43:24.881,10879,10880,10880,1,1
2020-05-08 15:43:31.912,10879,10880,10880,6,6
2020-05-08 15:43:32.194,10879,10881,10879,4,-4
2020-05-08 15:44:53.789,10879,10880,10880,6,6
2020-05-08 15:44:54.238,10879,10880,10880,1,1
2020-05-08 15:45:00.656,10880,10881,10880,1,-1
2020-05-08 15:45:01.225,10880,10881,10880,2,-2
2020-05-08 15:45:03.026,10880,10881,10880,1,-1
2020-05-08 15:45:03.161,10880,10881,10880,1,-1
2020-05-08 15:45:03.280,10879,10881,10879,2,-2
2020-05-08 15:45:03.552,10879,10881,10879,1,-1
2020-05-08 15:45:04.867,10880,10881,10881,3,3
2020-05-08 15:45:12.353,10881,10882,10881,1,-1
2020-05-08 15:45:22.950,10880,10882,10881,1,-1
2020-05-08 15:45:24.102,10880,10882,10880,1,-1
2020-05-08 15:45:27.149,10880,10882,10880,1,-1
2020-05-08 15:45:54.986,10881,10882,10881,1,1
2020-05-08 15:45:58.889,10880,10881,10881,1,1
2020-05-08 15:46:01.341,10880,10881,10880,4,-4
2020-05-08 15:46:01.341,10880,10881,10880,1,-1
2020-05-08 15:46:01.366,10880,10881,10880,6,-6
2020-05-08 15:46:05.634,10879,10880,10879,2,-2
2020-05-08 15:46:05.635,10879,10880,10879,3,-3
2020-05-08 15:46:05.635,10879,10880,10879,2,-2
2020-05-08 15:46:24.167,10878,10880,10880,1,1
2020-05-08 15:46:32.625,10879,10880,10880,1,1
2020-05-08 15:46:58.360,10880,10881,10880,1,-1
2020-05-08 15:47:34.419,10880,10881,10880,1,-1
2020-05-08 15:47:54.045,10880,10881,10880,1,-1
2020-05-08 15:47:54.045,10880,10881,10880,2,-2
2020-05-08 15:47:54.045,10880,10881,10880,2,-2
2020-05-08 15:47:54.045,10880,10881,10880,1,-1
2020-05-08 15:47:55.473,10879,10880,10880,1,1
2020-05-08 15:48:12.854,10880,10881,10881,2,2
2020-05-08 15:48:12.855,10880,10881,10881,2,2
2020-05-08 15:48:17.020,10881,10882,10881,1,-1
2020-05-08 15:48:25.620,10881,10882,10882,1,1
2020-05-08 15:48:25.837,10881,10882,10882,1,1
2020-05-08 15:48:26.766,10881,10882,10881,1,-1
2020-05-08 15:48:33.344,10881,10882,10882,2,2
2020-05-08 15:48:33.344,10881,10882,10882,1,1
2020-05-08 15:48:33.345,10881,10882,10882,1,1
2020-05-08 15:48:33.345,10881,10882,10882,5,5
2020-05-08 15:48:36.589,10882,10883,10882,2,-2
2020-05-08 15:48:37.297,10882,10883,10882,1,-1
2020-05-08 15:48:40.641,10881,10882,10882,2,2
2020-05-08 15:48:46.947,10881,10882,10882,1,1
2020-05-08 15:48:53.217,10881,10882,10882,4,4
2020-05-08 15:48:54.467,10882,10883,10882,2,-2
2020-05-08 15:48:54.779,10882,10883,10882,1,-1
2020-05-08 15:48:54.779,10882,10883,10882,1,-1
2020-05-08 15:48:56.857,10882,10883,10882,2,-2
2020-05-08 15:48:57.060,10882,10883,10882,2,-2
2020-05-08 15:48:57.758,10882,10883,10882,2,-2
2020-05-08 15:48:57.991,10882,10883,10882,2,-2
2020-05-08 15:48:58.780,10882,10883,10882,2,-2
2020-05-08 15:48:59.713,10881,10883,10883,1,1
2020-05-08 15:49:04.565,10882,10883,10883,2,2
2020-05-08 15:49:04.567,10882,10883,10883,2,2
2020-05-08 15:49:04.569,10882,10883,10883,6,6
2020-05-08 15:49:09.792,10883,10884,10883,1,-1
2020-05-08 15:49:20.998,10883,10884,10884,6,6
2020-05-08 15:49:21.825,10883,10884,10884,1,1
2020-05-08 15:49:22.038,10883,10884,10884,3,3
2020-05-08 15:49:25.311,10884,10885,10885,2,2
2020-05-08 15:49:25.513,10884,10885,10885,1,1
2020-05-08 15:49:28.754,10884,10885,10885,1,1
2020-05-08 15:49:29.842,10884,10885,10885,1,1
2020-05-08 15:49:32.169,10884,10885,10885,1,1
2020-05-08 15:49:34.760,10884,10885,10885,1,1
2020-05-08 15:49:36.249,10884,10885,10885,1,1
2020-05-08 15:49:42.363,10884,10885,10885,1,1
2020-05-08 15:50:00.722,10884,10885,10885,1,1
2020-05-08 15:50:01.578,10884,10885,10885,1,1
2020-05-08 15:50:03.529,10884,10885,10884,3,-3
2020-05-08 15:50:03.529,10884,10885,10884,3,-3
2020-05-08 15:50:06.982,10883,10884,10883,1,-1
2020-05-08 15:50:06.982,10883,10884,10883,2,-2
2020-05-08 15:50:06.982,10883,10884,10883,1,-1
2020-05-08 15:50:06.983,10883,10884,10883,2,-2
2020-05-08 15:50:06.983,10883,10884,10883,1,-1
2020-05-08 15:50:06.983,10883,10884,10883,2,-2
2020-05-08 15:50:06.983,10883,10884,10883,1,-1
2020-05-08 15:50:06.983,10883,10884,10883,2,-2
2020-05-08 15:50:18.972,10882,10883,10883,1,1
2020-05-08 15:50:19.551,10882,10883,10883,4,4
2020-05-08 15:50:22.969,10882,10883,10883,2,2
2020-05-08 15:50:27.824,10882,10883,10882,1,-1
2020-05-08 15:50:29.717,10882,10883,10882,1,-1
2020-05-08 15:50:58.403,10882,10883,10882,1,-1
2020-05-08 15:51:08.768,10881,10882,10881,2,-2
2020-05-08 15:51:09.069,10881,10882,10881,2,-2
2020-05-08 15:51:09.984,10881,10882,10881,1,-1
2020-05-08 15:51:09.984,10881,10882,10880,3,-3
2020-05-08 15:51:10.136,10880,10882,10880,4,-4
2020-05-08 15:51:10.257,10880,10882,10880,4,-4
2020-05-08 15:51:10.496,10880,10881,10880,2,-2
2020-05-08 15:51:10.571,10880,10881,10880,2,-2
2020-05-08 15:51:10.823,10879,10881,10879,1,-1
2020-05-08 15:51:10.830,10879,10881,10879,1,-1
2020-05-08 15:51:16.613,10879,10880,10880,1,1
2020-05-08 15:51:16.613,10879,10880,10880,2,2
2020-05-08 15:51:22.112,10879,10880,10879,1,-1
2020-05-08 15:51:22.870,10879,10880,10880,1,1
2020-05-08 15:51:29.357,10880,10881,10880,1,-1
2020-05-08 15:51:38.732,10879,10880,10880,1,1
2020-05-08 15:51:58.866,10879,10880,10880,2,2
2020-05-08 15:52:13.873,10880,10881,10880,2,-2
2020-05-08 15:52:25.588,10880,10881,10880,1,-1
2020-05-08 15:52:56.558,10880,10881,10881,3,3
2020-05-08 15:53:00.802,10880,10881,10880,1,-1
2020-05-08 15:53:08.761,10880,10881,10881,3,3
2020-05-08 15:53:48.233,10880,10881,10880,3,-3
2020-05-08 15:53:48.233,10880,10881,10880,1,-1
2020-05-08 15:54:03.069,10879,10880,10879,1,-1
2020-05-08 15:54:03.070,10879,10880,10879,1,-1
2020-05-08 15:54:03.157,10879,10880,10879,3,-3
2020-05-08 15:54:03.157,10879,10880,10879,1,-1
2020-05-08 15:54:10.681,10878,10880,10878,1,-1
2020-05-08 15:54:10.984,10878,10880,10878,1,-1
2020-05-08 15:54:13.401,10879,10880,10879,1,1
2020-05-08 15:54:24.845,10879,10880,10880,1,1
2020-05-08 15:54:49.930,10880,10881,10880,1,-1
2020-05-08 15:56:40.082,10879,10880,10879,2,-2
2020-05-08 15:56:41.411,10878,10879,10878,1,-1
2020-05-08 15:56:42.273,10878,10879,10879,1,1
2020-05-08 15:56:46.530,10878,10879,10878,1,-1
2020-05-08 15:56:46.536,10878,10879,10878,7,-7
2020-05-08 15:56:55.854,10878,10879,10878,1,-1
2020-05-08 15:57:10.672,10878,10879,10878,1,-1
2020-05-08 15:57:19.253,10878,10879,10878,1,-1
2020-05-08 15:57:26.702,10878,10879,10878,1,-1
2020-05-08 15:57:27.971,10878,10879,10878,4,-4
2020-05-08 15:57:34.260,10877,10878,10878,1,1
2020-05-08 15:57:36.582,10877,10879,10877,1,-1
2020-05-08 15:57:37.941,10877,10879,10878,1,1
2020-05-08 15:57:38.328,10877,10879,10877,1,-1
2020-05-08 15:57:46.179,10877,10879,10877,1,-1
2020-05-08 15:57:48.272,10877,10878,10877,1,-1
2020-05-08 15:58:02.284,10877,10878,10878,1,1
2020-05-08 15:58:02.284,10877,10878,10878,1,1
2020-05-08 15:58:05.190,10878,10879,10879,2,2
2020-05-08 15:58:06.221,10878,10879,10878,1,-1
2020-05-08 15:58:26.342,10877,10878,10878,3,3
2020-05-08 15:58:26.342,10877,10878,10878,4,4
2020-05-08 15:58:26.552,10878,10879,10878,1,-1
2020-05-08 15:58:28.685,10878,10879,10878,1,-1
2020-05-08 15:58:41.517,10878,10879,10878,1,-1
2020-05-08 15:58:56.202,10878,10879,10878,1,-1
2020-05-08 15:58:59.077,10877,10879,10878,3,-3
2020-05-08 15:58:59.077,10877,10879,10878,2,-2
2020-05-08 15:59:01.099,10877,10878,10878,1,1
2020-05-08 15:59:20.133,10877,10878,10878,2,2
2020-05-08 15:59:20.133,10877,10878,10878,2,2
2020-05-08 15:59:20.133,10877,10878,10878,2,2
2020-05-08 15:59:36.672,10878,10879,10878,1,-1
2020-05-08 15:59:53.462,10877,10878,10877,5,-5
2020-05-08 15:59:53.513,10877,10878,10877,1,-1
2020-05-08 15:59:57.311,10877,10878,10877,1,-1
2020-05-08 15:59:59.711,10877,10878,10877,6,-6
2020-05-08 16:00:00.020,10877,10878,10877,3,-3
2020-05-08 16:00:00.135,10877,10878,10877,6,-6
2020-05-08 16:00:00.136,10877,10878,10877,2,-2
2020-05-08 16:00:00.244,10877,10878,10876,4,-4
2020-05-08 16:00:00.358,10876,10877,10876,2,-2
2020-05-08 16:00:00.373,10876,10877,10876,1,-1
2020-05-08 16:00:00.375,10876,10877,10876,4,-4
2020-05-08 16:00:00.409,10876,10877,10876,1,-1
2020-05-08 16:00:00.516,10876,10877,10876,12,-12
2020-05-08 16:00:00.517,10876,10877,10876,3,-3
2020-05-08 16:00:00.742,10875,10876,10875,1,-1
2020-05-08 16:00:00.891,10875,10876,10875,1,-1
2020-05-08 16:00:01.042,10875,10876,10875,1,-1
2020-05-08 16:00:01.042,10875,10876,10875,1,-1
2020-05-08 16:00:01.085,10875,10876,10875,1,-1
2020-05-08 16:00:01.090,10875,10876,10875,1,-1
2020-05-08 16:00:01.096,10875,10876,10875,1,-1
2020-05-08 16:00:01.097,10875,10876,10875,4,-4
2020-05-08 16:00:01.097,10875,10876,10875,10,-10
2020-05-08 16:00:01.234,10874,10875,10874,2,-2
2020-05-08 16:00:01.258,10874,10875,10874,1,-1
2020-05-08 16:00:01.292,10874,10875,10874,1,-1
2020-05-08 16:00:01.300,10874,10875,10875,1,1
2020-05-08 16:00:01.365,10874,10875,10874,1,-1
2020-05-08 16:00:01.575,10874,10875,10874,1,-1
2020-05-08 16:00:01.579,10874,10875,10874,1,-1
2020-05-08 16:00:01.583,10874,10875,10874,1,-1
2020-05-08 16:00:01.635,10874,10875,10874,4,-4
2020-05-08 16:00:01.971,10874,10875,10874,1,-1
2020-05-08 16:00:02.022,10874,10875,10874,4,-4
2020-05-08 16:00:02.158,10873,10875,10873,1,-1
2020-05-08 16:00:02.289,10873,10875,10873,2,-2
2020-05-08 16:00:02.820,10873,10874,10873,1,-1
2020-05-08 16:00:02.825,10873,10874,10873,1,-1
2020-05-08 16:00:04.721,10873,10874,10874,1,1
2020-05-08 16:00:09.877,10873,10874,10874,1,1
2020-05-08 16:00:10.947,10873,10874,10874,1,1
2020-05-08 16:00:12.291,10873,10874,10873,1,-1
2020-05-08 16:00:13.234,10873,10874,10873,8,-8
2020-05-08 16:00:13.608,10872,10873,10872,5,-5
2020-05-08 16:00:13.664,10872,10873,10872,1,-1
2020-05-08 16:00:13.701,10872,10873,10872,1,-1
2020-05-08 16:00:13.750,10872,10873,10872,1,-1
2020-05-08 16:00:13.985,10872,10873,10872,1,-1
2020-05-08 16:00:14.291,10872,10873,10872,2,-2
2020-05-08 16:00:15.323,10872,10873,10873,1,1
2020-05-08 16:00:17.427,10872,10874,10874,2,2
2020-05-08 16:00:18.630,10872,10874,10873,1,-1
2020-05-08 16:00:20.845,10873,10874,10874,2,2
2020-05-08 16:00:22.514,10873,10875,10873,1,-1
2020-05-08 16:00:23.060,10873,10875,10873,1,-1
2020-05-08 16:00:26.040,10873,10874,10874,1,1
2020-05-08 16:00:31.018,10874,10875,10874,3,-3
2020-05-08 16:00:35.271,10874,10875,10874,1,-1
2020-05-08 16:00:35.271,10874,10875,10873,1,-1
2020-05-08 16:00:43.782,10873,10875,10874,1,1
2020-05-08 16:00:44.664,10873,10875,10875,2,2
2020-05-08 16:00:56.583,10874,10875,10874,1,-1
2020-05-08 16:01:03.479,10873,10874,10874,1,1
2020-05-08 16:01:03.965,10873,10875,10873,1,-1
2020-05-08 16:01:05.427,10873,10874,10874,1,1
2020-05-08 16:01:07.522,10873,10874,10874,1,1
2020-05-08 16:01:08.080,10873,10874,10874,1,1
2020-05-08 16:01:08.524,10873,10875,10874,1,-1
2020-05-08 16:01:11.096,10873,10874,10873,1,-1
2020-05-08 16:01:18.178,10873,10874,10874,1,1
2020-05-08 16:01:23.615,10873,10874,10874,1,1
2020-05-08 16:01:36.316,10873,10874,10873,1,-1
2020-05-08 16:01:38.781,10873,10874,10874,5,5
2020-05-08 16:01:43.839,10874,10875,10875,1,1
2020-05-08 16:01:43.843,10874,10875,10874,4,-4
2020-05-08 16:01:55.533,10874,10875,10874,5,-5
2020-05-08 16:01:55.535,10874,10875,10874,1,-1
2020-05-08 16:01:55.535,10874,10875,10874,1,-1
2020-05-08 16:02:00.700,10874,10875,10874,5,-5
2020-05-08 16:02:01.246,10874,10875,10875,3,3
2020-05-08 16:02:04.343,10874,10875,10874,3,-3
2020-05-08 16:02:04.343,10874,10875,10874,3,-3
2020-05-08 16:02:15.167,10873,10874,10874,1,1
2020-05-08 16:02:22.609,10873,10874,10873,1,-1
2020-05-08 16:02:25.343,10873,10874,10873,4,-4
2020-05-08 16:02:32.159,10873,10874,10873,5,-5
2020-05-08 16:02:32.259,10873,10874,10873,7,-7
2020-05-08 16:02:33.592,10872,10873,10872,1,-1
2020-05-08 16:02:36.259,10872,10873,10872,15,-15
2020-05-08 16:02:38.373,10871,10872,10871,2,-2
2020-05-08 16:02:38.657,10871,10872,10871,2,-2
2020-05-08 16:02:39.170,10871,10872,10872,1,1
2020-05-08 16:02:39.422,10871,10872,10872,4,4
2020-05-08 16:02:40.135,10871,10872,10872,1,1
2020-05-08 16:02:41.097,10871,10872,10872,1,1
2020-05-08 16:02:43.870,10871,10872,10872,2,2
2020-05-08 16:02:48.204,10872,10873,10872,1,-1
2020-05-08 16:02:48.449,10872,10873,10872,1,-1
2020-05-08 16:02:50.003,10872,10873,10872,2,-2
2020-05-08 16:02:51.008,10872,10873,10872,1,-1
2020-05-08 16:02:54.942,10872,10873,10873,1,1
2020-05-08 16:02:54.943,10872,10873,10873,2,2
2020-05-08 16:02:54.943,10872,10873,10873,2,2
2020-05-08 16:02:54.943,10872,10873,10873,1,1
2020-05-08 16:02:54.943,10872,10873,10873,1,1
2020-05-08 16:02:54.943,10872,10873,10873,3,3
2020-05-08 16:02:56.487,10872,10874,10872,1,-1
2020-05-08 16:03:01.570,10872,10873,10872,1,-1
2020-05-08 16:03:11.735,10872,10874,10872,1,-1
2020-05-08 16:03:20.249,10872,10873,10872,1,-1
2020-05-08 16:03:21.762,10872,10873,10873,1,1
2020-05-08 16:03:22.348,10873,10874,10873,1,-1
2020-05-08 16:03:27.192,10873,10874,10874,2,2
2020-05-08 16:03:27.229,10873,10874,10874,4,4
2020-05-08 16:03:30.208,10873,10874,10873,10,-10
2020-05-08 16:03:36.114,10873,10874,10874,1,1
2020-05-08 16:03:37.923,10873,10874,10874,2,2
2020-05-08 16:03:42.023,10873,10874,10874,2,2
2020-05-08 16:03:45.410,10873,10874,10874,1,1
2020-05-08 16:03:52.988,10873,10874,10874,2,2
2020-05-08 16:03:53.919,10873,10874,10874,1,1
2020-05-08 16:03:55.871,10873,10874,10874,2,2
2020-05-08 16:03:55.871,10873,10874,10874,1,1
2020-05-08 16:04:00.207,10874,10875,10875,1,1
2020-05-08 16:04:02.369,10874,10875,10875,1,1
2020-05-08 16:04:02.458,10874,10875,10875,1,1
2020-05-08 16:04:03.135,10875,10876,10875,1,-1
2020-05-08 16:04:03.136,10875,10876,10875,1,-1
2020-05-08 16:04:12.796,10874,10875,10875,1,1
2020-05-08 16:04:27.097,10875,10876,10875,2,-2
2020-05-08 16:04:27.097,10875,10876,10875,1,-1
2020-05-08 16:04:27.097,10875,10876,10875,2,-2
2020-05-08 16:04:27.097,10875,10876,10875,1,-1
2020-05-08 16:04:27.097,10875,10876,10875,2,-2
2020-05-08 16:04:27.097,10875,10876,10875,1,-1
2020-05-08 16:04:31.686,10874,10875,10875,1,1
2020-05-08 16:04:41.320,10874,10875,10875,1,1
2020-05-08 16:04:42.264,10874,10875,10875,1,1
2020-05-08 16:04:44.241,10874,10875,10875,1,1
2020-05-08 16:04:50.471,10874,10875,10874,3,-3
2020-05-08 16:04:52.348,10874,10875,10875,1,1
2020-05-08 16:05:24.445,10874,10875,10875,2,2
2020-05-08 16:05:29.760,10874,10875,10875,1,1
2020-05-08 16:05:31.813,10874,10875,10874,2,-2
2020-05-08 16:05:31.814,10874,10875,10874,3,-3
2020-05-08 16:06:03.694,10873,10874,10874,2,2
2020-05-08 16:06:04.431,10873,10874,10873,1,-1
2020-05-08 16:06:08.285,10873,10874,10874,1,1
2020-05-08 16:06:26.112,10873,10874,10874,1,1
2020-05-08 16:06:30.641,10873,10874,10874,1,1
2020-05-08 16:06:31.342,10873,10874,10874,1,1
2020-05-08 16:06:46.689,10874,10875,10874,4,-4
2020-05-08 16:07:01.496,10874,10875,10875,1,1
2020-05-08 16:07:04.326,10874,10875,10875,2,2
2020-05-08 16:07:04.641,10874,10875,10875,2,2
2020-05-08 16:07:20.185,10875,10876,10876,5,5
2020-05-08 16:07:20.186,10875,10876,10876,1,1
2020-05-08 16:07:28.692,10875,10876,10876,2,2
2020-05-08 16:07:31.106,10875,10876,10875,3,-3
2020-05-08 16:07:43.079,10874,10875,10874,5,-5
2020-05-08 16:07:43.079,10874,10875,10874,1,-1
2020-05-08 16:07:43.079,10874,10875,10874,1,-1
2020-05-08 16:07:43.079,10874,10875,10874,1,-1
2020-05-08 16:07:43.079,10874,10875,10874,1,-1
2020-05-08 16:07:43.640,10873,10874,10874,1,1
2020-05-08 16:07:43.888,10873,10874,10874,3,3
2020-05-08 16:07:43.888,10873,10874,10875,17,17
2020-05-08 16:07:50.040,10873,10875,10875,1,1
2020-05-08 16:07:56.623,10873,10875,10875,1,1
2020-05-08 16:07:58.570,10873,10874,10874,1,1
2020-05-08 16:07:58.570,10873,10874,10874,2,2
2020-05-08 16:07:58.571,10873,10874,10874,1,1
2020-05-08 16:08:07.501,10874,10875,10874,5,-5
2020-05-08 16:08:07.551,10874,10875,10875,5,5
2020-05-08 16:08:09.292,10875,10876,10875,5,-5
2020-05-08 16:08:18.259,10873,10874,10874,1,1
2020-05-08 16:08:20.423,10874,10875,10874,3,-3
2020-05-08 16:08:20.423,10874,10875,10874,2,-2
2020-05-08 16:08:25.085,10873,10874,10874,1,1
2020-05-08 16:08:26.914,10874,10875,10875,1,1
2020-05-08 16:08:28.938,10874,10875,10874,1,-1
2020-05-08 16:08:42.410,10874,10875,10875,5,5
2020-05-08 16:08:45.993,10874,10875,10875,1,1
2020-05-08 16:08:46.996,10874,10876,10876,1,1
2020-05-08 16:08:53.211,10875,10876,10875,2,-2
2020-05-08 16:08:55.499,10874,10875,10875,1,1
2020-05-08 16:08:56.657,10874,10875,10875,1,1
2020-05-08 16:08:56.657,10874,10875,10876,5,5
2020-05-08 16:09:02.218,10875,10876,10876,2,2
2020-05-08 16:09:03.631,10875,10876,10875,1,-1
2020-05-08 16:09:04.425,10875,10876,10875,2,-2
2020-05-08 16:09:04.434,10875,10876,10875,2,-2
2020-05-08 16:09:04.557,10875,10876,10876,1,1
2020-05-08 16:09:04.574,10875,10876,10875,1,-1
2020-05-08 16:09:04.588,10875,10876,10875,1,-1
2020-05-08 16:09:04.602,10875,10876,10875,2,-2
2020-05-08 16:09:04.742,10875,10876,10875,2,-2
2020-05-08 16:09:04.829,10875,10876,10875,1,-1
2020-05-08 16:09:04.829,10875,10876,10874,3,-3
2020-05-08 16:09:14.138,10875,10876,10876,1,1
2020-05-08 16:09:49.071,10876,10877,10876,1,-1
2020-05-08 16:09:52.701,10876,10877,10876,3,-3
2020-05-08 16:10:03.181,10875,10876,10875,2,-2
2020-05-08 16:10:07.316,10875,10876,10875,1,-1
2020-05-08 16:10:07.316,10875,10876,10874,2,-2
2020-05-08 16:10:10.424,10875,10876,10875,1,1
2020-05-08 16:10:10.424,10875,10876,10875,1,-1
2020-05-08 16:10:21.231,10874,10875,10874,1,-1
2020-05-08 16:10:24.678,10874,10875,10875,1,1
2020-05-08 16:10:36.798,10874,10875,10874,1,-1
2020-05-08 16:10:50.360,10874,10875,10874,1,-1
2020-05-08 16:10:55.982,10874,10875,10874,2,-2
2020-05-08 16:10:56.533,10874,10875,10874,1,-1
2020-05-08 16:10:56.739,10873,10875,10873,1,-1
2020-05-08 16:11:14.056,10873,10874,10873,1,-1
2020-05-08 16:11:14.471,10873,10874,10873,3,-3
2020-05-08 16:11:19.060,10873,10874,10873,1,-1
2020-05-08 16:11:30.755,10873,10874,10873,1,-1
2020-05-08 16:11:35.331,10873,10874,10874,3,3
2020-05-08 16:11:39.233,10873,10874,10874,2,2
2020-05-08 16:11:39.233,10873,10874,10874,1,1
2020-05-08 16:11:39.233,10873,10874,10874,1,1
2020-05-08 16:12:11.753,10874,10875,10875,1,1
2020-05-08 16:12:12.083,10875,10876,10876,2,2
2020-05-08 16:12:12.098,10875,10876,10876,4,4
2020-05-08 16:12:12.762,10876,10877,10876,1,-1
2020-05-08 16:12:14.345,10876,10877,10876,1,-1
2020-05-08 16:12:17.295,10876,10877,10877,1,1
2020-05-08 16:12:21.420,10876,10877,10877,1,1
2020-05-08 16:12:25.409,10876,10877,10877,1,1
2020-05-08 16:12:33.124,10876,10877,10877,2,2
2020-05-08 16:12:36.501,10876,10877,10877,1,1
2020-05-08 16:12:42.640,10877,10878,10877,1,-1
2020-05-08 16:12:43.386,10876,10877,10877,1,1
2020-05-08 16:12:49.357,10877,10878,10877,1,-1
2020-05-08 16:13:05.018,10877,10878,10877,1,-1
2020-05-08 16:13:21.685,10877,10878,10877,2,-2
2020-05-08 16:13:21.686,10877,10878,10877,1,-1
2020-05-08 16:13:21.686,10877,10878,10877,1,-1
2020-05-08 16:13:21.686,10877,10878,10877,2,-2
2020-05-08 16:13:29.639,10876,10877,10877,1,1
2020-05-08 16:13:42.607,10876,10877,10877,1,1
2020-05-08 16:13:43.064,10876,10877,10877,2,2
2020-05-08 16:13:43.064,10876,10877,10878,3,3
2020-05-08 16:13:43.567,10876,10878,10878,1,1
2020-05-08 16:13:47.280,10877,10878,10877,1,-1
2020-05-08 16:13:48.527,10877,10878,10878,1,1
2020-05-08 16:13:54.723,10877,10878,10878,1,1
2020-05-08 16:14:00.117,10877,10878,10877,3,-3
2020-05-08 16:14:00.117,10877,10878,10877,2,-2
2020-05-08 16:14:03.019,10876,10877,10876,1,-1
2020-05-08 16:14:03.019,10876,10877,10876,1,-1
2020-05-08 16:14:03.019,10876,10877,10876,1,-1
2020-05-08 16:14:03.020,10876,10877,10876,1,-1
2020-05-08 16:14:03.020,10876,10877,10876,4,-4
2020-05-08 16:14:04.025,10875,10876,10875,2,-2
2020-05-08 16:14:04.025,10875,10876,10875,1,-1
2020-05-08 16:14:04.135,10874,10875,10874,4,-4
2020-05-08 16:14:04.797,10873,10874,10874,3,3
2020-05-08 16:14:06.738,10874,10875,10875,2,2
2020-05-08 16:14:06.968,10875,10876,10875,1,-1
2020-05-08 16:14:10.041,10874,10876,10876,8,8
2020-05-08 16:14:10.042,10874,10876,10876,2,2
2020-05-08 16:14:19.212,10876,10877,10876,10,-10
2020-05-08 16:14:19.220,10876,10877,10875,1,-1
2020-05-08 16:14:51.522,10875,10876,10875,1,-1
2020-05-08 16:15:15.611,10874,10875,10875,1,1
2020-05-08 16:15:16.556,10874,10875,10874,1,-1
2020-05-08 16:15:21.003,10874,10875,10874,2,-2
2020-05-08 16:15:22.068,10873,10875,10874,1,-1
2020-05-08 16:15:25.678,10873,10875,10873,1,-1
2020-05-08 16:15:31.944,10873,10874,10873,1,-1
2020-05-08 16:15:34.833,10873,10874,10873,1,-1
2020-05-08 16:15:38.899,10873,10874,10873,1,-1
2020-05-08 16:16:10.416,10873,10874,10874,1,1
2020-05-08 16:16:10.892,10873,10874,10874,1,1
2020-05-08 16:16:10.892,10873,10874,10874,2,2
2020-05-08 16:16:10.892,10873,10874,10874,2,2
2020-05-08 16:16:11.836,10874,10875,10875,1,1
2020-05-08 16:16:25.550,10874,10875,10874,1,-1
2020-05-08 16:16:53.520,10874,10875,10874,1,-1
2020-05-08 16:16:53.597,10874,10875,10874,1,-1
2020-05-08 16:16:53.837,10874,10875,10874,2,-2
2020-05-08 16:16:53.837,10874,10875,10874,1,-1
2020-05-08 16:16:53.838,10874,10875,10874,1,-1
2020-05-08 16:16:53.838,10874,10875,10874,1,-1
2020-05-08 16:16:53.906,10873,10874,10874,1,1
2020-05-08 16:16:54.586,10873,10874,10874,1,1
2020-05-08 16:16:54.586,10873,10874,10874,2,2
2020-05-08 16:16:54.586,10873,10874,10874,1,1
2020-05-08 16:17:25.759,10874,10875,10874,1,-1
2020-05-08 16:17:33.312,10874,10875,10874,2,-2
2020-05-08 16:17:34.083,10874,10875,10874,1,-1
2020-05-08 16:18:05.985,10873,10874,10874,1,1
2020-05-08 16:18:11.820,10873,10874,10874,1,1
2020-05-08 16:18:14.224,10873,10874,10874,1,1
2020-05-08 16:18:23.525,10873,10874,10874,1,1
2020-05-08 16:18:27.896,10873,10874,10874,1,1
2020-05-08 16:18:42.167,10873,10874,10874,5,5
2020-05-08 16:18:46.206,10874,10875,10874,1,-1
2020-05-08 16:18:49.009,10874,10875,10875,8,8
2020-05-08 16:19:30.931,10874,10875,10875,1,1
2020-05-08 16:19:45.179,10874,10875,10874,4,-4
2020-05-08 16:19:51.396,10873,10874,10874,1,1
2020-05-08 16:19:52.850,10873,10874,10873,2,-2
2020-05-08 16:19:56.610,10873,10874,10873,4,-4
2020-05-08 16:19:57.391,10873,10874,10873,1,-1
2020-05-08 16:20:01.837,10873,10874,10873,1,-1
2020-05-08 16:20:02.333,10873,10874,10873,1,-1
2020-05-08 16:20:04.039,10873,10874,10873,1,-1
2020-05-08 16:20:13.256,10873,10874,10873,2,-2
2020-05-08 16:20:13.256,10873,10874,10873,9,-9
2020-05-08 16:20:15.085,10872,10873,10872,1,-1
2020-05-08 16:20:15.221,10872,10873,10872,1,-1
2020-05-08 16:20:15.402,10872,10873,10872,4,-4
2020-05-08 16:20:15.702,10872,10873,10872,1,-1
2020-05-08 16:20:16.273,10872,10873,10872,1,-1
2020-05-08 16:20:16.477,10872,10873,10872,1,-1
2020-05-08 16:20:18.042,10872,10873,10872,1,-1
2020-05-08 16:20:20.519,10871,10872,10871,1,-1
2020-05-08 16:20:20.658,10871,10872,10871,8,-8
2020-05-08 16:20:20.661,10871,10872,10871,4,-4
2020-05-08 16:20:20.759,10871,10872,10871,4,-4
2020-05-08 16:20:20.970,10871,10872,10871,2,-2
2020-05-08 16:20:20.971,10871,10872,10871,3,-3
2020-05-08 16:20:21.428,10870,10871,10870,1,-1
2020-05-08 16:20:21.514,10870,10871,10870,5,-5
2020-05-08 16:20:21.544,10870,10871,10870,1,-1
2020-05-08 16:20:21.545,10870,10871,10870,2,-2
2020-05-08 16:20:21.548,10870,10871,10870,1,-1
2020-05-08 16:20:21.579,10870,10871,10870,1,-1
2020-05-08 16:20:21.643,10870,10871,10870,1,-1
2020-05-08 16:20:21.869,10870,10871,10870,1,-1
2020-05-08 16:20:21.891,10870,10871,10870,1,-1
2020-05-08 16:20:22.171,10870,10871,10870,1,-1
2020-05-08 16:20:22.172,10870,10871,10870,2,-2
2020-05-08 16:20:22.172,10870,10871,10870,2,-2
2020-05-08 16:20:22.172,10870,10871,10870,3,-3
2020-05-08 16:20:22.172,10870,10871,10870,14,-14
2020-05-08 16:20:22.172,10870,10871,10870,5,-5
2020-05-08 16:20:22.172,10870,10871,10870,1,-1
2020-05-08 16:20:22.253,10870,10871,10869,1,-1
2020-05-08 16:20:22.310,10869,10870,10869,1,-1
2020-05-08 16:20:22.366,10869,10870,10869,1,-1
2020-05-08 16:20:22.386,10869,10870,10869,1,-1
2020-05-08 16:20:22.440,10869,10870,10869,1,-1
2020-05-08 16:20:22.680,10869,10870,10869,1,-1
2020-05-08 16:20:22.767,10869,10870,10870,1,1
2020-05-08 16:20:22.829,10869,10870,10869,1,-1
2020-05-08 16:20:23.010,10869,10870,10869,3,-3
2020-05-08 16:20:23.138,10868,10869,10868,1,-1
2020-05-08 16:20:23.356,10868,10869,10868,1,-1
2020-05-08 16:20:23.502,10868,10869,10868,1,-1
2020-05-08 16:20:23.503,10868,10869,10868,2,-2
2020-05-08 16:20:23.534,10868,10869,10868,2,-2
2020-05-08 16:20:23.609,10868,10869,10868,1,-1
2020-05-08 16:20:23.896,10868,10869,10868,1,-1
2020-05-08 16:20:24.005,10868,10869,10868,1,-1
2020-05-08 16:20:24.020,10868,10869,10868,1,-1
2020-05-08 16:20:24.091,10868,10869,10868,1,-1
2020-05-08 16:20:24.171,10868,10869,10869,1,1
2020-05-08 16:20:24.369,10868,10869,10868,1,-1
2020-05-08 16:20:24.778,10868,10869,10868,1,-1
2020-05-08 16:20:24.778,10868,10869,10867,1,-1
2020-05-08 16:20:24.914,10867,10869,10867,1,-1
2020-05-08 16:20:24.925,10867,10869,10867,3,-3
2020-05-08 16:20:24.962,10867,10869,10867,1,-1
2020-05-08 16:20:24.969,10867,10869,10867,5,-5
2020-05-08 16:20:24.970,10867,10869,10867,2,-2
2020-05-08 16:20:24.991,10867,10869,10867,2,-2
2020-05-08 16:20:25.051,10866,10868,10866,5,-5
2020-05-08 16:20:25.065,10866,10868,10866,1,-1
2020-05-08 16:20:25.084,10866,10868,10866,5,-5
2020-05-08 16:20:25.085,10866,10868,10867,1,1
2020-05-08 16:20:25.085,10866,10868,10867,4,-4
2020-05-08 16:20:25.085,10866,10868,10867,1,-1
2020-05-08 16:20:25.254,10867,10868,10867,2,-2
2020-05-08 16:20:25.331,10867,10868,10867,1,-1
2020-05-08 16:20:25.376,10867,10868,10867,1,-1
2020-05-08 16:20:25.410,10866,10868,10866,1,-1
2020-05-08 16:20:25.640,10866,10868,10866,1,-1
2020-05-08 16:20:25.825,10866,10868,10866,1,-1
2020-05-08 16:20:25.843,10866,10868,10866,1,-1
2020-05-08 16:20:25.850,10866,10868,10867,1,1
2020-05-08 16:20:25.850,10866,10868,10867,1,-1
2020-05-08 16:20:26.096,10866,10868,10866,1,-1
2020-05-08 16:20:26.113,10866,10868,10866,1,-1
2020-05-08 16:20:26.113,10866,10868,10867,1,1
2020-05-08 16:20:26.349,10866,10868,10866,1,-1
2020-05-08 16:20:26.371,10866,10868,10866,1,-1
2020-05-08 16:20:27.983,10866,10868,10866,2,-2
2020-05-08 16:20:29.478,10867,10868,10867,1,1
2020-05-08 16:20:30.605,10867,10868,10868,3,3
2020-05-08 16:20:30.915,10867,10869,10867,1,-1
2020-05-08 16:20:31.523,10867,10869,10867,8,-8
2020-05-08 16:20:31.523,10867,10869,10866,17,-17
2020-05-08 16:20:32.396,10866,10867,10866,1,-1
2020-05-08 16:20:35.463,10866,10867,10866,6,-6
2020-05-08 16:20:35.861,10866,10867,10866,3,-3
2020-05-08 16:20:35.861,10866,10867,10866,3,-3
2020-05-08 16:20:37.604,10865,10866,10866,1,1
2020-05-08 16:20:39.644,10865,10866,10865,6,-6
2020-05-08 16:20:39.849,10865,10866,10865,2,-2
2020-05-08 16:20:40.119,10865,10866,10865,1,-1
2020-05-08 16:20:40.121,10865,10866,10865,1,-1
2020-05-08 16:20:40.407,10865,10866,10865,1,-1
2020-05-08 16:20:40.941,10865,10866,10865,6,-6
2020-05-08 16:20:41.948,10865,10866,10865,1,-1
2020-05-08 16:20:47.519,10865,10866,10865,1,-1
2020-05-08 16:20:48.011,10865,10866,10865,1,-1
2020-05-08 16:20:49.327,10865,10866,10865,2,-2
2020-05-08 16:20:50.662,10865,10866,10865,3,-3
2020-05-08 16:20:52.041,10864,10866,10864,18,-18
2020-05-08 16:20:52.042,10864,10866,10864,1,-1
2020-05-08 16:20:52.042,10864,10866,10864,3,-3
2020-05-08 16:20:52.088,10864,10866,10864,2,-2
2020-05-08 16:20:52.418,10864,10865,10864,1,-1
2020-05-08 16:20:53.194,10864,10865,10864,1,-1
2020-05-08 16:20:55.581,10865,10866,10865,1,1
2020-05-08 16:20:57.979,10864,10866,10866,1,1
2020-05-08 16:20:59.041,10865,10866,10865,4,-4
2020-05-08 16:20:59.201,10865,10866,10865,1,-1
2020-05-08 16:20:59.279,10865,10866,10865,1,-1
2020-05-08 16:20:59.288,10865,10866,10865,1,-1
2020-05-08 16:20:59.288,10865,10866,10865,4,-4
2020-05-08 16:21:02.000,10864,10865,10865,3,3
2020-05-08 16:21:02.444,10864,10865,10864,6,-6
2020-05-08 16:21:02.444,10864,10865,10863,4,-4
2020-05-08 16:21:02.539,10863,10865,10863,2,-2
2020-05-08 16:21:02.566,10863,10865,10863,1,-1
2020-05-08 16:21:02.591,10863,10865,10865,1,1
2020-05-08 16:21:02.640,10863,10865,10863,3,-3
2020-05-08 16:21:02.654,10863,10865,10863,1,-1
2020-05-08 16:21:03.038,10863,10864,10863,10,-10
2020-05-08 16:21:03.126,10863,10864,10864,2,2
2020-05-08 16:21:03.665,10863,10864,10863,1,-1
2020-05-08 16:21:04.543,10862,10863,10862,1,-1
2020-05-08 16:21:04.645,10862,10863,10862,1,-1
2020-05-08 16:21:04.665,10862,10863,10862,1,-1
2020-05-08 16:21:04.776,10862,10863,10862,1,-1
2020-05-08 16:21:04.906,10862,10863,10862,1,-1
2020-05-08 16:21:04.988,10862,10863,10862,3,-3
2020-05-08 16:21:05.004,10862,10863,10862,8,-8
2020-05-08 16:21:05.211,10861,10862,10862,2,2
2020-05-08 16:21:05.308,10861,10863,10861,1,-1
2020-05-08 16:21:05.394,10861,10863,10861,1,-1
2020-05-08 16:21:05.424,10861,10863,10861,1,-1
2020-05-08 16:21:05.728,10861,10863,10861,1,-1
2020-05-08 16:21:05.822,10861,10863,10861,1,-1
2020-05-08 16:21:05.883,10861,10863,10861,10,-10
2020-05-08 16:21:05.896,10861,10862,10861,1,-1
2020-05-08 16:21:06.470,10861,10862,10861,2,-2
2020-05-08 16:21:06.470,10861,10862,10861,5,-5
2020-05-08 16:21:06.471,10861,10862,10861,3,-3
2020-05-08 16:21:06.761,10860,10861,10861,1,1
2020-05-08 16:21:06.931,10860,10861,10861,1,1
2020-05-08 16:21:07.113,10860,10861,10861,1,1
2020-05-08 16:21:07.695,10860,10861,10860,1,-1
2020-05-08 16:21:07.696,10860,10861,10861,1,1
2020-05-08 16:21:07.835,10860,10861,10860,10,-10
2020-05-08 16:21:07.836,10860,10861,10861,1,1
2020-05-08 16:21:07.864,10860,10861,10860,2,-2
2020-05-08 16:21:07.902,10860,10861,10860,10,-10
2020-05-08 16:21:08.049,10860,10861,10860,1,-1
2020-05-08 16:21:08.152,10860,10861,10860,2,-2
2020-05-08 16:21:08.152,10860,10861,10859,8,-8
2020-05-08 16:21:08.191,10860,10861,10858,1,-1
2020-05-08 16:21:08.271,10858,10860,10858,1,-1
2020-05-08 16:21:08.315,10858,10860,10858,15,-15
2020-05-08 16:21:08.334,10858,10860,10858,1,-1
2020-05-08 16:21:08.370,10858,10860,10860,1,1
2020-05-08 16:21:08.396,10858,10860,10858,1,-1
2020-05-08 16:21:08.419,10858,10860,10858,2,-2
2020-05-08 16:21:08.759,10858,10859,10858,1,-1
2020-05-08 16:21:09.171,10857,10859,10859,1,1
2020-05-08 16:21:09.614,10857,10859,10857,1,-1
2020-05-08 16:21:09.753,10857,10859,10857,3,-3
2020-05-08 16:21:09.840,10857,10859,10857,2,-2
2020-05-08 16:21:09.943,10857,10859,10857,1,-1
2020-05-08 16:21:10.189,10857,10859,10857,1,-1
2020-05-08 16:21:10.625,10858,10859,10858,1,1
2020-05-08 16:21:10.862,10857,10859,10859,1,1
2020-05-08 16:21:10.978,10857,10859,10857,1,-1
2020-05-08 16:21:11.131,10857,10859,10857,1,-1
2020-05-08 16:21:11.530,10857,10859,10857,1,-1
2020-05-08 16:21:12.362,10857,10859,10857,1,-1
2020-05-08 16:21:12.746,10857,10859,10857,2,-2
2020-05-08 16:21:13.368,10857,10858,10858,1,1
2020-05-08 16:21:13.401,10858,10859,10858,1,-1
2020-05-08 16:21:13.809,10858,10859,10858,1,-1
2020-05-08 16:21:15.223,10858,10859,10858,4,-4
2020-05-08 16:21:15.661,10857,10858,10858,1,1
2020-05-08 16:21:18.851,10858,10859,10858,1,-1
2020-05-08 16:21:20.106,10858,10859,10858,1,-1
2020-05-08 16:21:20.607,10858,10859,10859,2,2
2020-05-08 16:21:20.822,10858,10860,10860,1,1
2020-05-08 16:21:21.680,10859,10860,10859,1,-1
2020-05-08 16:21:21.751,10859,10860,10859,1,-1
2020-05-08 16:21:22.158,10859,10860,10860,2,2
2020-05-08 16:21:22.372,10859,10860,10859,3,-3
2020-05-08 16:21:23.496,10859,10860,10860,2,2
2020-05-08 16:21:23.496,10859,10860,10860,1,1
2020-05-08 16:21:23.945,10860,10861,10861,1,1
2020-05-08 16:21:23.978,10860,10861,10860,1,-1
2020-05-08 16:21:25.158,10860,10861,10860,2,-2
2020-05-08 16:21:25.173,10860,10861,10861,4,4
2020-05-08 16:21:25.830,10861,10862,10861,1,-1
2020-05-08 16:21:26.337,10861,10862,10861,1,-1
2020-05-08 16:21:26.629,10861,10862,10862,1,1
2020-05-08 16:21:27.161,10861,10863,10863,2,2
2020-05-08 16:21:27.665,10862,10863,10862,1,-1
2020-05-08 16:21:28.394,10862,10863,10862,3,-3
2020-05-08 16:21:28.444,10862,10863,10862,1,-1
2020-05-08 16:21:30.669,10861,10862,10862,2,2
2020-05-08 16:21:31.686,10861,10862,10862,1,1
2020-05-08 16:21:31.687,10861,10862,10862,1,1
2020-05-08 16:21:33.083,10862,10863,10862,1,-1
2020-05-08 16:21:33.199,10861,10862,10862,1,1
2020-05-08 16:21:37.267,10862,10863,10863,1,1
2020-05-08 16:21:39.915,10862,10863,10863,2,2
2020-05-08 16:21:41.430,10862,10863,10863,1,1
2020-05-08 16:21:41.441,10862,10863,10862,1,-1
2020-05-08 16:21:42.476,10862,10863,10863,1,1
2020-05-08 16:21:43.427,10862,10863,10863,1,1
2020-05-08 16:21:45.172,10862,10863,10862,2,-2
2020-05-08 16:21:45.929,10862,10863,10863,1,1
2020-05-08 16:21:45.930,10862,10863,10863,1,1
2020-05-08 16:21:45.930,10862,10863,10863,16,16
2020-05-08 16:21:45.931,10862,10863,10863,1,1
2020-05-08 16:21:45.931,10862,10863,10863,2,2
2020-05-08 16:21:45.931,10862,10863,10863,2,2
2020-05-08 16:21:46.043,10863,10864,10863,1,-1
2020-05-08 16:21:46.623,10863,10864,10863,10,-10
2020-05-08 16:21:46.846,10862,10864,10864,1,1
2020-05-08 16:21:47.070,10863,10864,10863,1,-1
2020-05-08 16:21:52.051,10863,10864,10863,1,-1
2020-05-08 16:21:52.059,10863,10864,10863,1,-1
2020-05-08 16:21:52.519,10862,10864,10864,1,1
2020-05-08 16:21:54.589,10863,10864,10863,2,-2
2020-05-08 16:21:54.589,10863,10864,10862,3,-3
2020-05-08 16:22:00.187,10862,10863,10863,1,1
2020-05-08 16:22:04.014,10862,10863,10863,1,1
2020-05-08 16:22:07.090,10862,10864,10862,1,-1
2020-05-08 16:22:07.145,10862,10863,10862,1,-1
2020-05-08 16:22:07.148,10862,10863,10862,1,-1
2020-05-08 16:22:07.155,10862,10863,10862,1,-1
2020-05-08 16:22:07.157,10862,10863,10862,2,-2
2020-05-08 16:22:07.157,10862,10863,10862,6,-6
2020-05-08 16:22:07.158,10862,10863,10861,1,-1
2020-05-08 16:22:16.734,10862,10863,10863,1,1
2020-05-08 16:22:18.225,10862,10863,10863,2,2
2020-05-08 16:22:19.329,10862,10863,10862,1,-1
2020-05-08 16:22:20.045,10862,10863,10862,1,-1
2020-05-08 16:22:29.101,10862,10863,10863,2,2
2020-05-08 16:22:29.101,10862,10863,10863,1,1
2020-05-08 16:22:32.089,10863,10864,10863,3,-3
2020-05-08 16:22:33.177,10863,10864,10863,2,-2
2020-05-08 16:22:35.078,10863,10864,10863,1,-1
2020-05-08 16:22:38.100,10863,10864,10863,1,-1
2020-05-08 16:22:40.731,10863,10864,10863,1,-1
2020-05-08 16:22:43.110,10863,10864,10863,2,-2
2020-05-08 16:22:44.486,10863,10864,10863,1,-1
2020-05-08 16:22:46.480,10863,10864,10863,2,-2
2020-05-08 16:22:46.480,10863,10864,10862,21,-21
2020-05-08 16:22:46.481,10863,10864,10862,1,-1
2020-05-08 16:22:46.481,10863,10864,10862,1,-1
2020-05-08 16:22:46.481,10863,10864,10862,3,-3
2020-05-08 16:22:46.482,10863,10864,10862,3,-3
2020-05-08 16:22:46.482,10863,10864,10862,1,-1
2020-05-08 16:22:46.482,10863,10864,10862,19,-19
2020-05-08 16:22:46.509,10862,10863,10862,1,-1
2020-05-08 16:22:50.367,10862,10863,10862,1,-1
2020-05-08 16:22:53.145,10862,10863,10863,2,2
2020-05-08 16:22:53.906,10862,10863,10862,1,-1
2020-05-08 16:22:53.969,10862,10863,10863,1,1
2020-05-08 16:22:54.183,10862,10863,10862,2,-2
2020-05-08 16:23:07.082,10862,10863,10862,2,-2
2020-05-08 16:23:08.917,10862,10863,10862,2,-2
2020-05-08 16:23:12.009,10862,10863,10862,2,-2
2020-05-08 16:23:12.027,10862,10863,10862,2,-2
2020-05-08 16:23:17.862,10862,10863,10862,1,-1
2020-05-08 16:23:22.888,10862,10863,10862,1,-1
2020-05-08 16:23:31.493,10862,10863,10863,1,1
2020-05-08 16:23:32.122,10862,10863,10863,1,1
2020-05-08 16:23:34.541,10862,10863,10863,1,1
2020-05-08 16:23:34.590,10862,10863,10862,1,-1
2020-05-08 16:23:38.736,10862,10863,10863,1,1
2020-05-08 16:23:39.288,10862,10863,10863,1,1
2020-05-08 16:23:51.047,10862,10863,10863,1,1
2020-05-08 16:23:55.819,10862,10863,10863,1,1
2020-05-08 16:23:57.900,10862,10863,10863,1,1
2020-05-08 16:23:59.554,10862,10863,10863,1,1
2020-05-08 16:23:59.598,10862,10863,10863,2,2
2020-05-08 16:24:01.705,10862,10863,10863,3,3
2020-05-08 16:24:01.705,10862,10863,10863,1,1
2020-05-08 16:24:02.191,10862,10863,10862,1,-1
2020-05-08 16:24:03.946,10862,10863,10862,1,-1
2020-05-08 16:24:06.879,10862,10863,10863,2,2
2020-05-08 16:24:09.277,10862,10863,10862,5,-5
2020-05-08 16:24:16.425,10862,10863,10863,1,1
2020-05-08 16:24:17.169,10862,10863,10862,2,-2
2020-05-08 16:24:18.629,10862,10863,10862,3,-3
2020-05-08 16:24:21.778,10862,10863,10862,1,-1
2020-05-08 16:24:23.654,10862,10863,10862,1,-1
2020-05-08 16:24:23.791,10862,10863,10862,1,-1
2020-05-08 16:24:29.082,10862,10863,10863,1,1
2020-05-08 16:24:33.119,10862,10863,10863,1,1
2020-05-08 16:24:34.261,10862,10863,10863,2,2
2020-05-08 16:24:43.068,10862,10863,10863,1,1
2020-05-08 16:24:44.023,10862,10863,10862,2,-2
2020-05-08 16:24:44.024,10862,10863,10862,1,-1
2020-05-08 16:24:44.024,10862,10863,10862,4,-4
2020-05-08 16:24:44.024,10862,10863,10862,2,-2
2020-05-08 16:24:44.024,10862,10863,10862,3,-3
2020-05-08 16:24:45.017,10861,10862,10862,2,2
2020-05-08 16:24:45.289,10861,10862,10861,1,-1
2020-05-08 16:24:45.562,10861,10862,10862,1,1
2020-05-08 16:24:49.343,10861,10862,10862,1,1
2020-05-08 16:24:50.466,10861,10862,10862,1,1
2020-05-08 16:24:53.911,10861,10862,10862,1,1
2020-05-08 16:24:56.150,10861,10862,10862,1,1
2020-05-08 16:24:58.701,10861,10862,10862,1,1
2020-05-08 16:25:02.639,10861,10862,10862,1,1
2020-05-08 16:25:03.135,10861,10862,10861,1,-1
2020-05-08 16:25:03.669,10861,10862,10861,1,-1
2020-05-08 16:25:04.556,10861,10862,10862,7,7
2020-05-08 16:25:07.144,10861,10862,10861,1,-1
2020-05-08 16:25:07.186,10861,10862,10861,16,-16
2020-05-08 16:25:08.077,10860,10861,10861,1,1
2020-05-08 16:25:10.840,10860,10861,10860,1,-1
2020-05-08 16:25:10.841,10860,10861,10860,2,-2
2020-05-08 16:25:10.841,10860,10861,10860,9,-9
2020-05-08 16:25:12.264,10859,10860,10859,1,-1
2020-05-08 16:25:12.264,10859,10860,10859,1,-1
2020-05-08 16:25:12.264,10859,10860,10859,2,-2
2020-05-08 16:25:12.265,10859,10860,10859,1,-1
2020-05-08 16:25:12.301,10859,10860,10858,2,-2
2020-05-08 16:25:12.302,10859,10860,10858,1,-1
2020-05-08 16:25:12.461,10858,10859,10858,5,-5
2020-05-08 16:25:12.916,10858,10859,10858,1,-1
2020-05-08 16:25:13.282,10858,10859,10859,1,1
2020-05-08 16:25:16.054,10858,10859,10858,1,-1
2020-05-08 16:25:16.230,10858,10859,10858,1,-1
2020-05-08 16:25:17.300,10858,10859,10858,1,-1
2020-05-08 16:25:19.356,10858,10859,10858,1,-1
2020-05-08 16:25:19.485,10857,10858,10858,4,4
2020-05-08 16:25:19.615,10857,10858,10858,1,1
2020-05-08 16:25:21.120,10857,10858,10858,7,7
2020-05-08 16:25:21.293,10858,10859,10858,4,-4
2020-05-08 16:25:21.293,10858,10859,10857,15,-15
2020-05-08 16:25:21.627,10857,10858,10856,2,-2
2020-05-08 16:25:21.660,10856,10858,10856,2,-2
2020-05-08 16:25:21.682,10856,10858,10856,3,-3
2020-05-08 16:25:21.804,10857,10858,10857,1,1
2020-05-08 16:25:22.164,10857,10858,10857,1,-1
2020-05-08 16:25:22.218,10857,10858,10857,2,-2
2020-05-08 16:25:23.095,10857,10858,10857,2,-2
2020-05-08 16:25:23.095,10857,10858,10856,2,-2
2020-05-08 16:25:23.738,10857,10858,10857,1,1
2020-05-08 16:25:23.811,10857,10858,10858,1,1
2020-05-08 16:25:24.550,10857,10858,10857,1,-1
2020-05-08 16:25:24.958,10857,10858,10857,2,-2
2020-05-08 16:25:26.430,10857,10858,10857,2,-2
2020-05-08 16:25:26.532,10857,10858,10857,1,-1
2020-05-08 16:25:27.231,10856,10858,10856,37,-37
2020-05-08 16:25:27.232,10856,10858,10856,5,-5
2020-05-08 16:25:27.233,10856,10858,10856,9,-9
2020-05-08 16:25:27.851,10855,10857,10857,1,1
2020-05-08 16:25:27.960,10855,10857,10855,1,-1
2020-05-08 16:25:28.142,10855,10857,10855,1,-1
2020-05-08 16:25:28.316,10855,10857,10857,1,1
2020-05-08 16:25:28.409,10855,10857,10855,2,-2
2020-05-08 16:25:28.411,10855,10857,10855,1,-1
2020-05-08 16:25:28.539,10855,10857,10855,1,-1
2020-05-08 16:25:28.756,10855,10856,10856,2,2
2020-05-08 16:25:28.882,10855,10857,10857,1,1
2020-05-08 16:25:30.121,10855,10857,10855,1,-1
2020-05-08 16:25:32.883,10855,10856,10856,1,1
2020-05-08 16:25:33.298,10855,10856,10856,1,1
2020-05-08 16:25:36.603,10856,10857,10856,5,-5
2020-05-08 16:25:37.108,10856,10857,10856,1,-1
2020-05-08 16:25:37.756,10855,10856,10856,1,1
2020-05-08 16:25:37.870,10855,10857,10855,2,-2
2020-05-08 16:25:40.784,10856,10857,10856,1,1
2020-05-08 16:25:41.552,10856,10857,10857,3,3
2020-05-08 16:25:41.955,10856,10857,10856,1,-1
2020-05-08 16:25:43.099,10856,10857,10856,1,-1
2020-05-08 16:25:43.146,10856,10857,10857,1,1
2020-05-08 16:25:44.326,10856,10858,10856,1,-1
2020-05-08 16:25:46.430,10856,10858,10858,1,1
2020-05-08 16:25:47.401,10857,10859,10857,3,-3
2020-05-08 16:25:51.678,10857,10858,10858,1,1
2020-05-08 16:25:51.891,10858,10859,10858,1,-1
2020-05-08 16:25:52.262,10858,10859,10858,1,-1
2020-05-08 16:25:57.437,10857,10858,10858,1,1
2020-05-08 16:25:57.658,10857,10858,10857,3,-3
2020-05-08 16:25:57.658,10857,10858,10856,1,-1
2020-05-08 16:25:59.482,10857,10858,10858,1,1
2020-05-08 16:26:02.399,10857,10858,10857,1,-1
2020-05-08 16:26:02.573,10857,10858,10857,5,-5
2020-05-08 16:26:02.573,10857,10858,10856,5,-5
2020-05-08 16:26:05.748,10856,10857,10857,3,3
2020-05-08 16:26:10.413,10857,10858,10858,2,2
2020-05-08 16:26:10.516,10857,10858,10857,1,-1
2020-05-08 16:26:12.477,10857,10858,10857,1,-1
2020-05-08 16:26:14.203,10857,10858,10857,2,-2
2020-05-08 16:26:16.528,10857,10858,10857,1,-1
2020-05-08 16:26:16.858,10856,10858,10856,1,-1
2020-05-08 16:26:18.407,10856,10857,10856,12,-12
2020-05-08 16:26:20.892,10856,10857,10856,1,-1
2020-05-08 16:26:22.134,10856,10857,10856,3,-3
2020-05-08 16:26:22.990,10856,10857,10856,1,-1
2020-05-08 16:26:23.000,10856,10857,10856,3,-3
2020-05-08 16:26:23.552,10856,10857,10856,1,-1
2020-05-08 16:26:25.058,10856,10857,10856,1,-1
2020-05-08 16:26:25.396,10856,10857,10856,1,-1
2020-05-08 16:26:25.710,10856,10857,10856,1,-1
2020-05-08 16:26:26.646,10856,10857,10856,1,-1
2020-05-08 16:26:28.329,10856,10857,10857,1,1
2020-05-08 16:26:28.456,10856,10857,10856,2,-2
2020-05-08 16:26:28.459,10856,10857,10856,2,-2
2020-05-08 16:26:28.460,10856,10857,10856,2,-2
2020-05-08 16:26:28.460,10856,10857,10856,3,-3
2020-05-08 16:26:28.460,10856,10857,10856,1,-1
2020-05-08 16:26:29.658,10856,10857,10857,1,1
2020-05-08 16:26:34.074,10857,10858,10857,1,-1
2020-05-08 16:26:37.669,10857,10858,10857,1,-1
2020-05-08 16:26:43.777,10857,10858,10857,2,-2
2020-05-08 16:26:44.309,10857,10858,10858,1,1
2020-05-08 16:26:51.511,10857,10858,10858,1,1
2020-05-08 16:26:52.958,10857,10858,10858,1,1
2020-05-08 16:26:56.438,10857,10858,10858,1,1
2020-05-08 16:26:57.715,10857,10858,10857,2,-2
2020-05-08 16:26:58.484,10857,10858,10858,10,10
2020-05-08 16:27:00.044,10857,10859,10859,1,1
2020-05-08 16:27:00.482,10858,10859,10858,1,-1
2020-05-08 16:27:03.058,10858,10859,10858,1,-1
2020-05-08 16:27:04.904,10858,10859,10858,1,-1
2020-05-08 16:27:10.876,10858,10859,10858,1,-1
2020-05-08 16:27:13.648,10858,10859,10859,1,1
2020-05-08 16:27:15.030,10858,10859,10859,1,1
2020-05-08 16:27:16.084,10858,10859,10859,1,1
2020-05-08 16:27:17.589,10858,10859,10859,1,1
2020-05-08 16:27:17.871,10858,10859,10859,2,2
2020-05-08 16:27:18.552,10858,10859,10859,1,1
2020-05-08 16:27:20.895,10858,10859,10859,3,3
2020-05-08 16:27:20.895,10858,10859,10859,3,3
2020-05-08 16:27:25.711,10859,10860,10860,1,1
2020-05-08 16:27:25.711,10859,10860,10860,2,2
2020-05-08 16:27:25.711,10859,10860,10860,5,5
2020-05-08 16:27:25.994,10860,10861,10861,3,3
2020-05-08 16:27:27.623,10860,10861,10861,3,3
2020-05-08 16:27:27.880,10861,10862,10862,1,1
2020-05-08 16:27:28.877,10861,10862,10862,1,1
2020-05-08 16:27:34.729,10861,10862,10862,1,1
2020-05-08 16:27:35.687,10862,10863,10862,1,-1
2020-05-08 16:27:35.705,10862,10863,10861,1,-1
2020-05-08 16:27:38.587,10861,10862,10861,1,-1
2020-05-08 16:27:44.384,10861,10862,10861,3,-3
2020-05-08 16:27:48.286,10861,10862,10861,1,-1
2020-05-08 16:27:48.931,10861,10862,10862,1,1
2020-05-08 16:27:50.301,10861,10862,10862,2,2
2020-05-08 16:27:51.426,10861,10862,10861,8,-8
2020-05-08 16:27:58.356,10860,10861,10861,1,1
2020-05-08 16:28:03.008,10860,10861,10861,1,1
2020-05-08 16:28:03.323,10860,10861,10860,1,-1
2020-05-08 16:28:03.359,10860,10861,10860,1,-1
2020-05-08 16:28:03.359,10860,10861,10860,2,-2
2020-05-08 16:28:03.359,10860,10861,10860,2,-2
2020-05-08 16:28:05.487,10858,10860,10858,1,-1
2020-05-08 16:28:09.036,10858,10860,10858,1,-1
2020-05-08 16:28:10.787,10858,10860,10859,1,1
2020-05-08 16:28:11.861,10858,10860,10860,10,10
2020-05-08 16:28:15.372,10859,10860,10860,1,1
2020-05-08 16:28:16.701,10859,10860,10860,2,2
2020-05-08 16:28:19.483,10860,10861,10860,1,-1
2020-05-08 16:28:20.011,10860,10861,10860,1,-1
2020-05-08 16:28:20.417,10860,10861,10861,1,1
2020-05-08 16:28:27.057,10860,10861,10861,1,1
2020-05-08 16:28:29.847,10860,10861,10860,1,-1
2020-05-08 16:28:36.425,10859,10861,10859,5,-5
2020-05-08 16:28:40.833,10859,10860,10860,1,1
2020-05-08 16:28:42.759,10860,10861,10860,1,-1
2020-05-08 16:28:46.298,10860,10861,10860,1,-1
2020-05-08 16:29:00.313,10859,10860,10860,1,1
2020-05-08 16:29:06.455,10859,10860,10860,3,3
2020-05-08 16:29:10.638,10859,10860,10860,3,3
2020-05-08 16:29:10.807,10859,10860,10859,2,-2
2020-05-08 16:29:20.060,10859,10860,10859,1,-1
2020-05-08 16:29:29.134,10859,10860,10859,1,-1
2020-05-08 16:29:29.329,10859,10860,10859,1,-1
2020-05-08 16:29:29.359,10859,10860,10859,1,-1
2020-05-08 16:29:33.640,10859,10860,10860,1,1
2020-05-08 16:29:34.260,10859,10860,10859,1,-1
2020-05-08 16:29:38.036,10859,10860,10859,3,-3
2020-05-08 16:29:44.249,10859,10860,10859,1,-1
2020-05-08 16:29:59.851,10859,10860,10860,3,3
2020-05-08 16:29:59.851,10859,10860,10860,2,2
2020-05-08 16:29:59.852,10859,10860,10860,1,1
2020-05-08 16:29:59.852,10859,10860,10860,2,2
2020-05-08 16:29:59.852,10859,10860,10860,4,4
2020-05-08 16:29:59.852,10859,10860,10860,1,1
2020-05-08 16:29:59.852,10859,10860,10860,3,3
2020-05-08 16:30:05.471,10859,10860,10859,2,-2
2020-05-08 16:30:05.472,10859,10860,10859,6,-6
2020-05-08 16:30:05.647,10858,10859,10858,1,-1
2020-05-08 16:30:05.805,10858,10859,10858,2,-2
2020-05-08 16:30:05.834,10858,10859,10858,1,-1
2020-05-08 16:30:05.931,10858,10859,10858,5,-5
2020-05-08 16:30:05.931,10858,10859,10858,1,-1
2020-05-08 16:30:05.931,10858,10859,10858,2,-2
2020-05-08 16:30:05.931,10858,10859,10858,2,-2
2020-05-08 16:30:05.943,10858,10859,10857,1,-1
2020-05-08 16:30:05.957,10858,10859,10857,4,-4
2020-05-08 16:30:06.027,10857,10858,10857,2,-2
2020-05-08 16:30:06.227,10857,10858,10857,4,-4
2020-05-08 16:30:06.539,10857,10858,10857,2,-2
2020-05-08 16:30:06.566,10857,10858,10856,2,-2
2020-05-08 16:30:06.573,10857,10858,10856,1,-1
2020-05-08 16:30:06.628,10857,10858,10856,1,-1
2020-05-08 16:30:06.715,10856,10857,10857,2,2
2020-05-08 16:30:08.608,10856,10857,10856,3,-3
2020-05-08 16:30:10.394,10856,10857,10857,1,1
2020-05-08 16:30:12.874,10856,10857,10856,1,-1
2020-05-08 16:30:15.383,10856,10857,10857,1,1
2020-05-08 16:30:24.941,10857,10858,10857,1,-1
2020-05-08 16:30:26.206,10856,10857,10856,1,-1
2020-05-08 16:30:26.792,10856,10857,10856,1,-1
2020-05-08 16:30:27.519,10856,10857,10856,1,-1
2020-05-08 16:30:35.073,10856,10857,10857,1,1
2020-05-08 16:30:37.294,10856,10857,10857,1,1
2020-05-08 16:30:38.673,10856,10857,10856,5,-5
2020-05-08 16:30:40.094,10856,10857,10857,1,1
2020-05-08 16:30:42.818,10856,10857,10857,1,1
2020-05-08 16:30:48.310,10856,10857,10857,1,1
2020-05-08 16:30:49.268,10856,10857,10856,5,-5
2020-05-08 16:30:53.879,10856,10857,10856,1,-1
2020-05-08 16:30:59.659,10856,10857,10856,1,-1
2020-05-08 16:31:00.694,10856,10857,10856,1,-1
2020-05-08 16:31:00.929,10856,10857,10856,1,-1
2020-05-08 16:31:01.468,10856,10857,10856,3,-3
2020-05-08 16:31:01.544,10856,10857,10856,1,-1
2020-05-08 16:31:01.549,10856,10857,10856,2,-2
2020-05-08 16:31:01.549,10856,10857,10856,5,-5
2020-05-08 16:31:02.169,10855,10856,10856,1,1
2020-05-08 16:31:02.201,10855,10856,10856,1,1
2020-05-08 16:31:02.201,10855,10856,10855,1,-1
2020-05-08 16:31:02.241,10855,10856,10855,1,-1
2020-05-08 16:31:02.374,10855,10857,10855,2,-2
2020-05-08 16:31:02.504,10855,10857,10855,6,-6
2020-05-08 16:31:02.510,10855,10856,10855,4,-4
2020-05-08 16:31:02.517,10855,10856,10855,4,-4
2020-05-08 16:31:02.522,10855,10856,10855,2,-2
2020-05-08 16:31:02.522,10855,10856,10855,5,-5
2020-05-08 16:31:02.522,10855,10856,10855,8,-8
