2020-07-31 15:00:00.012,12583,12584,12583,55,-55
2020-07-31 15:00:00.014,12583,12584,12583,5,-5
2020-07-31 15:00:00.059,12581,12584,12583,1,-1
2020-07-31 15:00:00.170,12582,12584,12582,1,-1
2020-07-31 15:00:00.204,12582,12584,12582,2,-2
2020-07-31 15:00:00.227,12582,12584,12582,1,-1
2020-07-31 15:00:00.354,12582,12584,12582,1,-1
2020-07-31 15:00:00.358,12582,12584,12582,1,-1
2020-07-31 15:00:00.431,12582,12584,12582,1,-1
2020-07-31 15:00:00.431,12582,12584,12582,1,-1
2020-07-31 15:00:00.450,12582,12584,12584,1,1
2020-07-31 15:00:00.481,12582,12584,12583,1,-1
2020-07-31 15:00:00.481,12582,12584,12583,1,-1
2020-07-31 15:00:00.554,12583,12584,12584,1,1
2020-07-31 15:00:00.574,12583,12584,12582,1,-1
2020-07-31 15:00:00.574,12583,12584,12582,1,-1
2020-07-31 15:00:00.579,12583,12584,12582,1,-1
2020-07-31 15:00:00.670,12582,12584,12582,3,-3
2020-07-31 15:00:00.698,12582,12584,12582,1,-1
2020-07-31 15:00:00.718,12582,12584,12582,2,-2
2020-07-31 15:00:00.718,12582,12584,12581,1,-1
2020-07-31 15:00:00.737,12582,12584,12581,1,-1
2020-07-31 15:00:00.744,12582,12584,12581,2,-2
2020-07-31 15:00:00.751,12582,12584,12581,1,-1
2020-07-31 15:00:00.816,12581,12583,12583,1,1
2020-07-31 15:00:00.939,12581,12583,12581,1,-1
2020-07-31 15:00:01.032,12581,12583,12581,3,-3
2020-07-31 15:00:01.034,12581,12583,12581,1,-1
2020-07-31 15:00:01.034,12581,12583,12581,4,-4
2020-07-31 15:00:01.034,12581,12583,12581,1,-1
2020-07-31 15:00:01.092,12581,12583,12581,1,-1
2020-07-31 15:00:01.118,12581,12583,12580,1,-1
2020-07-31 15:00:01.172,12580,12581,12580,2,-2
2020-07-31 15:00:01.172,12580,12581,12580,8,-8
2020-07-31 15:00:01.174,12580,12581,12579,2,-2
2020-07-31 15:00:01.496,12578,12580,12580,5,5
2020-07-31 15:00:01.635,12579,12581,12581,5,5
2020-07-31 15:00:01.760,12582,12583,12583,1,1
2020-07-31 15:00:01.813,12582,12583,12582,1,-1
2020-07-31 15:00:02.036,12582,12584,12582,3,-3
2020-07-31 15:00:02.067,12582,12584,12584,1,1
2020-07-31 15:00:02.424,12582,12584,12584,1,1
2020-07-31 15:00:02.425,12582,12584,12584,5,5
2020-07-31 15:00:02.427,12582,12584,12585,8,8
2020-07-31 15:00:02.918,12584,12586,12584,1,-1
2020-07-31 15:00:03.506,12584,12586,12584,3,-3
2020-07-31 15:00:04.363,12583,12584,12583,2,-2
2020-07-31 15:00:04.789,12582,12584,12584,1,1
2020-07-31 15:00:05.119,12582,12584,12582,1,-1
2020-07-31 15:00:05.499,12581,12583,12581,1,-1
2020-07-31 15:00:05.935,12581,12583,12583,3,3
2020-07-31 15:00:06.000,12581,12583,12581,1,-1
2020-07-31 15:00:06.045,12581,12583,12582,1,1
2020-07-31 15:00:06.135,12582,12583,12583,1,1
2020-07-31 15:00:07.254,12582,12584,12584,1,1
2020-07-31 15:00:07.541,12582,12584,12584,4,4
2020-07-31 15:00:07.542,12582,12584,12584,1,1
2020-07-31 15:00:08.083,12583,12585,12584,1,-1
2020-07-31 15:00:08.266,12583,12585,12585,3,3
2020-07-31 15:00:08.562,12585,12586,12585,1,-1
2020-07-31 15:00:08.686,12585,12586,12585,3,-3
2020-07-31 15:00:08.686,12585,12586,12584,2,-2
2020-07-31 15:00:09.810,12584,12586,12584,2,-2
2020-07-31 15:00:10.089,12584,12585,12585,1,1
2020-07-31 15:00:10.643,12584,12585,12584,1,-1
2020-07-31 15:00:11.211,12584,12585,12585,2,2
2020-07-31 15:00:11.211,12584,12585,12586,3,3
2020-07-31 15:00:11.409,12585,12586,12585,1,-1
2020-07-31 15:00:11.866,12584,12585,12584,1,-1
2020-07-31 15:00:12.502,12583,12585,12584,1,-1
2020-07-31 15:00:12.555,12584,12585,12584,1,-1
2020-07-31 15:00:13.270,12584,12585,12585,3,3
2020-07-31 15:00:13.385,12585,12586,12586,6,6
2020-07-31 15:00:13.398,12585,12586,12585,3,-3
2020-07-31 15:00:14.882,12584,12585,12585,1,1
2020-07-31 15:00:15.856,12585,12586,12585,1,-1
2020-07-31 15:00:16.141,12584,12585,12585,1,1
2020-07-31 15:00:16.253,12584,12585,12584,1,-1
2020-07-31 15:00:16.387,12584,12585,12585,3,3
2020-07-31 15:00:16.387,12584,12585,12586,1,1
2020-07-31 15:00:16.738,12584,12586,12585,1,-1
2020-07-31 15:00:17.482,12584,12585,12585,1,1
2020-07-31 15:00:17.678,12584,12586,12586,1,1
2020-07-31 15:00:18.194,12584,12586,12586,10,10
2020-07-31 15:00:18.387,12586,12587,12587,1,1
2020-07-31 15:00:18.428,12586,12587,12586,1,-1
2020-07-31 15:00:18.911,12586,12587,12586,1,-1
2020-07-31 15:00:20.062,12586,12587,12586,1,-1
2020-07-31 15:00:20.119,12586,12587,12586,1,-1
2020-07-31 15:00:20.312,12586,12587,12586,3,-3
2020-07-31 15:00:20.561,12586,12587,12587,10,10
2020-07-31 15:00:20.561,12586,12587,12587,1,1
2020-07-31 15:00:20.948,12586,12588,12586,5,-5
2020-07-31 15:00:20.948,12586,12588,12585,13,-13
2020-07-31 15:00:21.881,12584,12586,12584,1,-1
2020-07-31 15:00:22.068,12584,12586,12586,1,1
2020-07-31 15:00:22.537,12584,12586,12586,2,2
2020-07-31 15:00:22.959,12584,12586,12585,1,-1
2020-07-31 15:00:23.641,12585,12586,12585,5,-5
2020-07-31 15:00:24.316,12585,12586,12585,1,-1
2020-07-31 15:00:24.375,12585,12586,12586,1,1
2020-07-31 15:00:24.375,12585,12586,12586,1,1
2020-07-31 15:00:24.871,12586,12587,12587,1,1
2020-07-31 15:00:26.150,12585,12586,12586,1,1
2020-07-31 15:00:26.389,12586,12587,12586,1,-1
2020-07-31 15:00:27.104,12586,12587,12587,4,4
2020-07-31 15:00:27.521,12587,12588,12588,1,1
2020-07-31 15:00:27.521,12587,12588,12588,1,1
2020-07-31 15:00:27.522,12587,12588,12588,12,12
2020-07-31 15:00:27.522,12587,12588,12588,1,1
2020-07-31 15:00:27.559,12587,12588,12587,5,-5
2020-07-31 15:00:27.706,12587,12588,12587,5,-5
2020-07-31 15:00:27.962,12587,12588,12587,1,-1
2020-07-31 15:00:28.230,12587,12588,12588,1,1
2020-07-31 15:00:28.496,12587,12588,12588,2,2
2020-07-31 15:00:30.071,12587,12588,12588,1,1
2020-07-31 15:00:32.548,12587,12588,12587,2,-2
2020-07-31 15:00:32.899,12587,12588,12588,1,1
2020-07-31 15:00:34.633,12587,12588,12588,5,5
2020-07-31 15:00:34.791,12587,12588,12588,1,1
2020-07-31 15:00:34.960,12587,12588,12587,1,-1
2020-07-31 15:00:35.975,12587,12588,12588,1,1
2020-07-31 15:00:35.977,12587,12588,12588,11,11
2020-07-31 15:00:35.978,12587,12588,12588,4,4
2020-07-31 15:00:36.023,12587,12588,12587,3,-3
2020-07-31 15:00:37.789,12587,12588,12587,2,-2
2020-07-31 15:00:38.530,12586,12587,12586,17,-17
2020-07-31 15:00:38.531,12586,12587,12585,4,-4
2020-07-31 15:00:38.531,12586,12587,12585,4,-4
2020-07-31 15:00:38.531,12586,12587,12585,4,-4
2020-07-31 15:00:38.800,12584,12585,12585,5,5
2020-07-31 15:00:39.056,12585,12587,12587,4,4
2020-07-31 15:00:41.107,12585,12587,12587,1,1
2020-07-31 15:00:41.941,12585,12587,12585,2,-2
2020-07-31 15:00:42.092,12585,12587,12585,1,-1
2020-07-31 15:00:43.317,12585,12586,12586,1,1
2020-07-31 15:00:44.116,12585,12586,12585,1,-1
2020-07-31 15:00:44.675,12584,12586,12584,5,-5
2020-07-31 15:00:44.945,12584,12585,12585,7,7
2020-07-31 15:00:44.991,12584,12585,12585,3,3
2020-07-31 15:00:45.148,12584,12585,12584,2,-2
2020-07-31 15:00:45.323,12583,12584,12584,1,1
2020-07-31 15:00:45.330,12583,12584,12584,1,1
2020-07-31 15:00:46.934,12584,12585,12584,5,-5
2020-07-31 15:00:47.539,12583,12585,12585,2,2
2020-07-31 15:00:48.233,12583,12585,12583,2,-2
2020-07-31 15:00:49.386,12584,12585,12585,3,3
2020-07-31 15:00:50.175,12584,12585,12585,1,1
2020-07-31 15:00:50.378,12584,12585,12585,1,1
2020-07-31 15:00:50.626,12585,12586,12585,2,-2
2020-07-31 15:00:52.324,12585,12586,12585,1,-1
2020-07-31 15:00:52.929,12584,12586,12584,1,-1
2020-07-31 15:00:53.203,12584,12585,12585,10,10
2020-07-31 15:00:53.522,12585,12586,12585,1,-1
2020-07-31 15:00:53.663,12585,12586,12585,2,-2
2020-07-31 15:00:53.797,12584,12585,12584,1,-1
2020-07-31 15:00:53.936,12584,12585,12585,3,3
2020-07-31 15:00:55.028,12584,12585,12585,1,1
2020-07-31 15:00:55.291,12584,12585,12585,1,1
2020-07-31 15:00:55.802,12584,12585,12584,8,-8
2020-07-31 15:00:55.802,12584,12585,12584,1,-1
2020-07-31 15:00:56.110,12583,12584,12584,1,1
2020-07-31 15:00:56.716,12583,12584,12584,2,2
2020-07-31 15:00:58.165,12583,12584,12583,15,-15
2020-07-31 15:00:59.682,12582,12583,12582,2,-2
2020-07-31 15:01:00.080,12582,12583,12582,1,-1
2020-07-31 15:01:00.402,12582,12583,12583,5,5
2020-07-31 15:01:00.767,12583,12584,12583,1,-1
2020-07-31 15:01:01.258,12583,12584,12583,1,-1
2020-07-31 15:01:02.069,12583,12584,12583,1,-1
2020-07-31 15:01:02.302,12583,12584,12584,4,4
2020-07-31 15:01:02.487,12583,12584,12584,1,1
2020-07-31 15:01:03.672,12584,12585,12584,1,-1
2020-07-31 15:01:04.529,12584,12585,12584,1,-1
2020-07-31 15:01:05.539,12584,12585,12585,1,1
2020-07-31 15:01:06.537,12584,12585,12585,1,1
2020-07-31 15:01:07.917,12584,12585,12585,2,2
2020-07-31 15:01:08.121,12584,12585,12585,3,3
2020-07-31 15:01:10.719,12585,12586,12585,2,-2
2020-07-31 15:01:11.289,12585,12586,12586,4,4
2020-07-31 15:01:11.289,12585,12586,12586,9,9
2020-07-31 15:01:11.460,12586,12587,12586,1,-1
2020-07-31 15:01:17.880,12585,12586,12586,2,2
2020-07-31 15:01:17.901,12585,12586,12585,6,-6
2020-07-31 15:01:17.901,12585,12586,12584,1,-1
2020-07-31 15:01:18.034,12584,12586,12586,1,1
2020-07-31 15:01:18.214,12584,12586,12586,3,3
2020-07-31 15:01:22.609,12584,12586,12586,1,1
2020-07-31 15:01:23.186,12584,12586,12586,1,1
2020-07-31 15:01:23.565,12584,12586,12586,8,8
2020-07-31 15:01:23.565,12584,12586,12587,7,7
2020-07-31 15:01:24.261,12586,12587,12586,1,-1
2020-07-31 15:01:25.844,12585,12586,12586,1,1
2020-07-31 15:01:25.921,12585,12586,12586,1,1
2020-07-31 15:01:31.258,12585,12586,12586,1,1
2020-07-31 15:01:32.145,12585,12586,12586,1,1
2020-07-31 15:01:33.533,12585,12586,12586,1,1
2020-07-31 15:01:34.074,12585,12586,12586,1,1
2020-07-31 15:01:34.075,12585,12586,12586,8,8
2020-07-31 15:01:34.458,12586,12587,12586,1,-1
2020-07-31 15:01:35.547,12586,12587,12586,1,-1
2020-07-31 15:01:35.966,12586,12587,12586,1,-1
2020-07-31 15:01:36.193,12586,12587,12586,1,-1
2020-07-31 15:01:37.708,12586,12587,12587,1,1
2020-07-31 15:01:39.987,12586,12587,12587,3,3
2020-07-31 15:01:40.366,12586,12587,12587,1,1
2020-07-31 15:01:43.159,12586,12587,12586,5,-5
2020-07-31 15:01:43.688,12586,12587,12586,2,-2
2020-07-31 15:01:44.853,12585,12586,12586,1,1
2020-07-31 15:01:47.242,12585,12586,12586,2,2
2020-07-31 15:01:47.635,12585,12586,12586,1,1
2020-07-31 15:01:49.028,12585,12586,12586,3,3
2020-07-31 15:01:49.505,12585,12586,12585,5,-5
2020-07-31 15:01:50.737,12585,12586,12585,1,-1
2020-07-31 15:01:51.916,12585,12586,12586,1,1
2020-07-31 15:01:54.124,12585,12586,12586,1,1
2020-07-31 15:01:55.748,12585,12586,12586,1,1
2020-07-31 15:01:56.545,12585,12586,12585,1,-1
2020-07-31 15:01:57.996,12585,12586,12586,10,10
2020-07-31 15:01:59.418,12586,12587,12586,1,-1
2020-07-31 15:01:59.419,12586,12587,12586,2,-2
2020-07-31 15:01:59.419,12586,12587,12586,2,-2
2020-07-31 15:01:59.444,12586,12587,12586,6,-6
2020-07-31 15:01:59.444,12586,12587,12587,9,9
2020-07-31 15:02:02.210,12585,12586,12586,4,4
2020-07-31 15:02:02.430,12585,12587,12585,2,-2
2020-07-31 15:02:04.062,12585,12586,12586,1,1
2020-07-31 15:02:14.422,12585,12586,12585,4,-4
2020-07-31 15:02:14.532,12585,12586,12586,1,1
2020-07-31 15:02:15.037,12585,12586,12585,1,-1
2020-07-31 15:02:22.322,12585,12586,12586,1,1
2020-07-31 15:02:22.322,12585,12586,12586,1,1
2020-07-31 15:02:24.434,12586,12587,12586,1,-1
2020-07-31 15:02:25.747,12586,12587,12586,1,-1
2020-07-31 15:02:26.704,12585,12586,12586,1,1
2020-07-31 15:02:31.272,12585,12586,12586,1,1
2020-07-31 15:02:31.476,12585,12586,12586,1,1
2020-07-31 15:02:32.106,12585,12586,12585,18,-18
2020-07-31 15:02:32.608,12584,12585,12585,1,1
2020-07-31 15:02:34.011,12584,12585,12585,2,2
2020-07-31 15:02:34.512,12585,12586,12586,2,2
2020-07-31 15:02:34.579,12585,12586,12586,1,1
2020-07-31 15:02:37.782,12586,12587,12586,1,-1
2020-07-31 15:02:37.935,12586,12587,12586,1,-1
2020-07-31 15:02:42.990,12585,12586,12586,1,1
2020-07-31 15:02:44.531,12585,12586,12586,1,1
2020-07-31 15:02:45.617,12585,12586,12585,1,-1
2020-07-31 15:02:45.683,12584,12585,12585,1,1
2020-07-31 15:02:45.874,12584,12585,12585,1,1
2020-07-31 15:02:45.880,12584,12585,12586,1,1
2020-07-31 15:02:49.241,12584,12585,12585,4,4
2020-07-31 15:02:55.200,12584,12585,12585,2,2
2020-07-31 15:03:00.577,12584,12585,12584,2,-2
2020-07-31 15:03:00.577,12584,12585,12584,2,-2
2020-07-31 15:03:00.578,12584,12585,12584,6,-6
2020-07-31 15:03:00.635,12583,12584,12583,2,-2
2020-07-31 15:03:02.446,12582,12583,12583,1,1
2020-07-31 15:03:02.621,12582,12583,12582,1,-1
2020-07-31 15:03:02.648,12582,12583,12582,1,-1
2020-07-31 15:03:02.687,12582,12583,12582,1,-1
2020-07-31 15:03:02.751,12582,12583,12582,3,-3
2020-07-31 15:03:02.751,12582,12583,12582,5,-5
2020-07-31 15:03:02.752,12582,12583,12582,4,-4
2020-07-31 15:03:02.787,12581,12583,12581,1,-1
2020-07-31 15:03:02.896,12581,12582,12581,3,-3
2020-07-31 15:03:04.231,12580,12581,12581,1,1
2020-07-31 15:03:04.536,12580,12581,12580,1,-1
2020-07-31 15:03:04.747,12580,12581,12580,1,-1
2020-07-31 15:03:05.036,12580,12581,12580,1,-1
2020-07-31 15:03:05.037,12580,12581,12580,4,-4
2020-07-31 15:03:05.037,12580,12581,12580,10,-10
2020-07-31 15:03:05.164,12579,12581,12580,2,-2
2020-07-31 15:03:05.214,12579,12581,12580,2,-2
2020-07-31 15:03:05.260,12579,12580,12580,1,1
2020-07-31 15:03:05.385,12580,12581,12581,5,5
2020-07-31 15:03:11.308,12582,12583,12582,1,1
2020-07-31 15:03:14.432,12581,12582,12581,1,-1
2020-07-31 15:03:14.880,12581,12582,12581,1,-1
2020-07-31 15:03:15.499,12581,12582,12581,2,-2
2020-07-31 15:03:17.852,12581,12582,12581,1,-1
2020-07-31 15:03:18.476,12581,12582,12582,1,1
2020-07-31 15:03:20.081,12580,12581,12581,1,1
2020-07-31 15:03:24.468,12581,12582,12581,1,-1
2020-07-31 15:03:28.891,12581,12582,12581,4,-4
2020-07-31 15:03:29.039,12580,12581,12581,1,1
2020-07-31 15:03:30.158,12580,12581,12580,2,-2
2020-07-31 15:03:30.159,12580,12581,12580,9,-9
2020-07-31 15:03:30.159,12580,12581,12580,2,-2
2020-07-31 15:03:30.210,12580,12581,12580,2,-2
2020-07-31 15:03:30.260,12579,12580,12580,2,2
2020-07-31 15:03:30.260,12579,12580,12580,1,1
2020-07-31 15:03:32.153,12579,12580,12579,1,-1
2020-07-31 15:03:32.154,12579,12580,12579,1,-1
2020-07-31 15:03:32.677,12578,12579,12579,1,1
2020-07-31 15:03:33.733,12578,12579,12578,1,-1
2020-07-31 15:03:33.953,12578,12579,12578,2,-2
2020-07-31 15:03:34.635,12577,12578,12578,2,2
2020-07-31 15:03:36.270,12577,12579,12577,1,-1
2020-07-31 15:03:36.445,12577,12579,12577,5,-5
2020-07-31 15:03:36.452,12577,12579,12577,1,-1
2020-07-31 15:03:36.452,12577,12579,12576,4,-4
2020-07-31 15:03:36.656,12576,12578,12578,1,1
2020-07-31 15:03:38.030,12577,12578,12577,1,-1
2020-07-31 15:03:41.707,12576,12577,12576,1,-1
2020-07-31 15:03:41.836,12576,12577,12576,2,-2
2020-07-31 15:03:42.662,12576,12577,12576,1,-1
2020-07-31 15:03:43.635,12575,12576,12576,2,2
2020-07-31 15:03:44.385,12576,12577,12577,8,8
2020-07-31 15:03:45.250,12576,12578,12576,1,-1
2020-07-31 15:03:45.459,12576,12578,12576,1,-1
2020-07-31 15:03:45.516,12576,12578,12576,1,-1
2020-07-31 15:03:47.083,12575,12577,12575,1,-1
2020-07-31 15:03:47.176,12575,12577,12575,1,-1
2020-07-31 15:03:51.918,12575,12576,12576,1,1
2020-07-31 15:03:52.646,12575,12576,12576,2,2
2020-07-31 15:03:55.120,12576,12577,12576,1,-1
2020-07-31 15:03:55.309,12576,12577,12576,4,-4
2020-07-31 15:03:57.589,12575,12576,12576,1,1
2020-07-31 15:04:00.221,12575,12576,12576,19,19
2020-07-31 15:04:00.709,12576,12577,12576,3,-3
2020-07-31 15:04:01.726,12576,12577,12576,1,-1
2020-07-31 15:04:04.730,12576,12577,12577,1,1
2020-07-31 15:04:05.995,12576,12577,12576,1,-1
2020-07-31 15:04:08.235,12576,12577,12577,1,1
2020-07-31 15:04:09.110,12576,12577,12577,1,1
2020-07-31 15:04:09.870,12576,12577,12576,5,-5
2020-07-31 15:04:10.875,12576,12577,12577,1,1
2020-07-31 15:04:11.042,12576,12577,12576,2,-2
2020-07-31 15:04:12.768,12576,12577,12576,1,-1
2020-07-31 15:04:15.308,12576,12577,12576,1,-1
2020-07-31 15:04:16.011,12576,12577,12576,3,-3
2020-07-31 15:04:16.011,12576,12577,12576,1,-1
2020-07-31 15:04:16.206,12575,12576,12576,2,2
2020-07-31 15:04:20.194,12575,12576,12576,1,1
2020-07-31 15:04:20.694,12576,12577,12576,1,-1
2020-07-31 15:04:22.306,12575,12576,12575,1,-1
2020-07-31 15:04:25.778,12575,12576,12575,4,-4
2020-07-31 15:04:26.826,12575,12576,12575,5,-5
2020-07-31 15:04:26.827,12575,12576,12575,1,-1
2020-07-31 15:04:26.827,12575,12576,12575,1,-1
2020-07-31 15:04:26.842,12575,12576,12575,1,-1
2020-07-31 15:04:26.880,12575,12576,12575,5,-5
2020-07-31 15:04:28.836,12574,12575,12575,1,1
2020-07-31 15:04:28.935,12574,12575,12575,2,2
2020-07-31 15:04:47.637,12574,12575,12575,5,5
2020-07-31 15:04:47.637,12574,12575,12575,8,8
2020-07-31 15:04:51.024,12575,12576,12575,1,-1
2020-07-31 15:04:52.692,12575,12576,12575,1,-1
2020-07-31 15:04:53.990,12574,12575,12575,1,1
2020-07-31 15:04:55.880,12574,12576,12574,1,-1
2020-07-31 15:04:56.187,12574,12576,12574,1,-1
2020-07-31 15:05:01.729,12574,12575,12574,1,-1
2020-07-31 15:05:01.730,12574,12575,12574,7,-7
2020-07-31 15:05:01.730,12574,12575,12574,4,-4
2020-07-31 15:05:01.731,12574,12575,12574,5,-5
2020-07-31 15:05:01.733,12574,12575,12574,3,-3
2020-07-31 15:05:01.733,12574,12575,12574,1,-1
2020-07-31 15:05:02.206,12573,12574,12573,2,-2
2020-07-31 15:05:02.423,12573,12574,12573,1,-1
2020-07-31 15:05:02.452,12573,12574,12573,3,-3
2020-07-31 15:05:03.061,12573,12574,12573,2,-2
2020-07-31 15:05:03.970,12573,12574,12574,1,1
2020-07-31 15:05:06.261,12573,12574,12574,1,1
2020-07-31 15:05:10.025,12573,12574,12573,1,-1
2020-07-31 15:05:10.815,12573,12574,12573,14,-14
2020-07-31 15:05:10.815,12573,12574,12573,2,-2
2020-07-31 15:05:10.815,12573,12574,12573,9,-9
2020-07-31 15:05:13.370,12572,12573,12572,2,-2
2020-07-31 15:05:13.722,12572,12573,12573,2,2
2020-07-31 15:05:14.018,12573,12574,12573,1,-1
2020-07-31 15:05:15.035,12573,12574,12573,1,-1
2020-07-31 15:05:15.403,12573,12574,12574,2,2
2020-07-31 15:05:15.522,12573,12575,12573,1,-1
2020-07-31 15:05:15.743,12573,12575,12575,1,1
2020-07-31 15:05:17.673,12574,12575,12574,2,-2
2020-07-31 15:05:17.950,12574,12575,12574,1,-1
2020-07-31 15:05:18.266,12574,12575,12574,1,-1
2020-07-31 15:05:21.650,12573,12574,12574,1,1
2020-07-31 15:05:22.040,12574,12575,12574,1,-1
2020-07-31 15:05:26.667,12574,12575,12574,1,-1
2020-07-31 15:05:30.684,12574,12575,12575,10,10
2020-07-31 15:05:38.441,12575,12576,12575,1,-1
2020-07-31 15:05:39.339,12575,12576,12575,1,-1
2020-07-31 15:05:43.884,12575,12576,12575,1,-1
2020-07-31 15:05:44.024,12575,12576,12576,1,1
2020-07-31 15:05:44.176,12575,12576,12575,3,-3
2020-07-31 15:05:44.309,12575,12576,12575,1,-1
2020-07-31 15:05:44.536,12575,12576,12576,1,1
2020-07-31 15:05:44.730,12575,12576,12575,1,-1
2020-07-31 15:05:47.944,12575,12576,12576,35,35
2020-07-31 15:05:47.944,12575,12576,12576,1,1
2020-07-31 15:05:47.944,12575,12576,12576,8,8
2020-07-31 15:05:51.696,12576,12577,12576,1,-1
2020-07-31 15:05:52.023,12576,12577,12577,3,3
2020-07-31 15:05:52.025,12576,12577,12577,2,2
2020-07-31 15:05:52.025,12576,12577,12577,21,21
2020-07-31 15:05:52.025,12576,12577,12577,1,1
2020-07-31 15:05:52.026,12576,12577,12577,4,4
2020-07-31 15:05:52.026,12576,12577,12577,1,1
2020-07-31 15:05:52.026,12576,12577,12577,1,1
2020-07-31 15:05:52.026,12576,12577,12577,1,1
2020-07-31 15:05:52.026,12576,12577,12577,1,1
2020-07-31 15:05:56.875,12577,12578,12578,3,3
2020-07-31 15:05:58.150,12577,12579,12579,1,1
2020-07-31 15:06:02.051,12578,12579,12579,1,1
2020-07-31 15:06:02.117,12578,12579,12580,2,2
2020-07-31 15:06:03.445,12579,12581,12581,1,1
2020-07-31 15:06:04.001,12579,12581,12579,3,-3
2020-07-31 15:06:06.676,12579,12580,12580,9,9
2020-07-31 15:06:07.391,12580,12581,12581,1,1
2020-07-31 15:06:12.290,12580,12581,12580,5,-5
2020-07-31 15:06:18.984,12580,12581,12581,1,1
2020-07-31 15:06:19.681,12580,12581,12581,3,3
2020-07-31 15:06:20.640,12581,12582,12582,1,1
2020-07-31 15:06:22.267,12581,12582,12581,1,-1
2020-07-31 15:06:22.393,12581,12582,12581,1,-1
2020-07-31 15:06:26.397,12581,12582,12581,1,-1
2020-07-31 15:06:28.310,12581,12582,12581,11,-11
2020-07-31 15:06:29.650,12580,12582,12582,1,1
2020-07-31 15:06:32.512,12580,12581,12581,1,1
2020-07-31 15:06:32.621,12580,12581,12581,1,1
2020-07-31 15:06:33.261,12580,12581,12581,1,1
2020-07-31 15:06:34.514,12580,12581,12581,1,1
2020-07-31 15:06:34.675,12581,12582,12581,1,-1
2020-07-31 15:06:35.437,12580,12581,12580,2,-2
2020-07-31 15:06:35.822,12580,12581,12581,1,1
2020-07-31 15:06:37.781,12580,12581,12580,9,-9
2020-07-31 15:06:37.782,12580,12581,12580,2,-2
2020-07-31 15:06:38.721,12579,12580,12579,1,-1
2020-07-31 15:06:38.907,12578,12580,12580,1,1
2020-07-31 15:06:40.947,12579,12580,12579,1,-1
2020-07-31 15:06:43.265,12579,12580,12580,1,1
2020-07-31 15:06:43.265,12579,12580,12580,1,1
2020-07-31 15:06:46.592,12580,12581,12581,4,4
2020-07-31 15:06:46.592,12580,12581,12581,22,22
2020-07-31 15:06:46.897,12581,12582,12581,1,-1
2020-07-31 15:06:47.974,12581,12582,12581,1,-1
2020-07-31 15:06:48.253,12581,12582,12581,1,-1
2020-07-31 15:06:49.122,12581,12582,12581,2,-2
2020-07-31 15:06:54.216,12580,12581,12581,1,1
2020-07-31 15:06:56.132,12580,12581,12580,14,-14
2020-07-31 15:06:56.864,12579,12580,12580,1,1
2020-07-31 15:06:57.783,12579,12580,12580,1,1
2020-07-31 15:06:58.000,12579,12580,12580,1,1
2020-07-31 15:06:58.362,12579,12580,12580,2,2
2020-07-31 15:06:59.340,12579,12580,12580,1,1
2020-07-31 15:07:02.637,12579,12580,12580,1,1
2020-07-31 15:07:04.656,12579,12580,12579,2,-2
2020-07-31 15:07:04.657,12579,12580,12579,3,-3
2020-07-31 15:07:04.898,12578,12579,12579,1,1
2020-07-31 15:07:10.310,12578,12580,12578,1,-1
2020-07-31 15:07:12.431,12579,12580,12579,1,1
2020-07-31 15:07:13.767,12578,12580,12578,2,-2
2020-07-31 15:07:16.956,12578,12580,12578,1,-1
2020-07-31 15:07:17.213,12578,12580,12578,1,-1
2020-07-31 15:07:18.334,12579,12580,12580,1,1
2020-07-31 15:07:20.102,12579,12580,12579,1,-1
2020-07-31 15:07:23.834,12578,12579,12579,1,1
2020-07-31 15:07:24.141,12578,12579,12579,5,5
2020-07-31 15:07:27.554,12579,12580,12579,1,-1
2020-07-31 15:07:31.396,12578,12579,12578,1,-1
2020-07-31 15:07:31.448,12578,12579,12578,1,-1
2020-07-31 15:07:31.682,12577,12578,12578,4,4
2020-07-31 15:07:31.682,12577,12578,12579,1,1
2020-07-31 15:07:36.385,12578,12579,12578,1,-1
2020-07-31 15:07:38.538,12577,12578,12577,6,-6
2020-07-31 15:07:46.252,12577,12578,12577,1,-1
2020-07-31 15:07:46.647,12577,12578,12577,1,-1
2020-07-31 15:07:48.746,12576,12577,12577,5,5
2020-07-31 15:07:55.476,12576,12577,12577,1,1
2020-07-31 15:08:02.030,12577,12578,12577,2,-2
2020-07-31 15:08:02.168,12577,12578,12578,5,5
2020-07-31 15:08:05.043,12578,12579,12578,1,-1
2020-07-31 15:08:06.580,12578,12579,12579,1,1
2020-07-31 15:08:16.213,12578,12579,12578,2,-2
2020-07-31 15:08:16.515,12577,12578,12578,1,1
2020-07-31 15:08:16.517,12577,12578,12578,1,1
2020-07-31 15:08:26.116,12577,12578,12578,1,1
2020-07-31 15:08:27.343,12578,12579,12579,2,2
2020-07-31 15:08:27.343,12578,12579,12579,1,1
2020-07-31 15:08:32.189,12579,12580,12580,2,2
2020-07-31 15:08:32.189,12579,12580,12580,21,21
2020-07-31 15:08:32.190,12579,12580,12580,2,2
2020-07-31 15:08:32.495,12580,12581,12580,1,-1
2020-07-31 15:08:32.510,12580,12581,12580,1,-1
2020-07-31 15:08:33.010,12580,12581,12580,1,-1
2020-07-31 15:08:34.551,12579,12580,12579,1,-1
2020-07-31 15:08:41.693,12579,12580,12579,1,-1
2020-07-31 15:08:42.674,12578,12580,12578,1,-1
2020-07-31 15:08:45.998,12578,12579,12578,2,-2
2020-07-31 15:08:54.127,12578,12579,12578,1,-1
2020-07-31 15:09:00.590,12577,12578,12577,2,-2
2020-07-31 15:09:00.596,12577,12578,12577,2,-2
2020-07-31 15:09:01.071,12576,12577,12577,1,1
2020-07-31 15:09:03.228,12576,12578,12578,2,2
2020-07-31 15:09:10.732,12577,12578,12578,1,1
2020-07-31 15:09:10.732,12577,12578,12578,2,2
2020-07-31 15:09:12.012,12578,12579,12579,1,1
2020-07-31 15:09:14.298,12579,12580,12580,1,1
2020-07-31 15:09:18.465,12579,12580,12579,1,-1
2020-07-31 15:09:18.465,12579,12580,12579,2,-2
2020-07-31 15:09:18.465,12579,12580,12579,1,-1
2020-07-31 15:09:19.638,12578,12579,12579,1,1
2020-07-31 15:09:20.943,12579,12580,12579,1,-1
2020-07-31 15:09:29.012,12579,12580,12580,4,4
2020-07-31 15:09:38.680,12579,12580,12579,1,-1
2020-07-31 15:09:45.295,12578,12579,12579,1,1
2020-07-31 15:09:46.717,12578,12579,12579,5,5
2020-07-31 15:09:48.410,12578,12579,12578,6,-6
2020-07-31 15:09:48.410,12578,12579,12578,1,-1
2020-07-31 15:09:49.163,12577,12578,12577,2,-2
2020-07-31 15:09:51.737,12576,12578,12578,1,1
2020-07-31 15:09:58.901,12576,12577,12577,1,1
2020-07-31 15:10:01.548,12577,12578,12577,2,-2
2020-07-31 15:10:01.759,12577,12578,12577,1,-1
2020-07-31 15:10:05.424,12578,12579,12578,3,3
2020-07-31 15:10:09.789,12578,12579,12579,1,1
2020-07-31 15:10:32.070,12577,12578,12577,1,-1
2020-07-31 15:10:32.177,12577,12578,12577,1,-1
2020-07-31 15:10:32.352,12577,12578,12577,1,-1
2020-07-31 15:10:32.693,12577,12578,12577,1,-1
2020-07-31 15:10:32.888,12577,12578,12577,1,-1
2020-07-31 15:10:33.040,12576,12578,12576,1,-1
2020-07-31 15:10:33.138,12576,12578,12576,10,-10
2020-07-31 15:10:33.222,12576,12578,12576,1,-1
2020-07-31 15:10:34.337,12576,12578,12576,1,-1
2020-07-31 15:10:40.898,12577,12578,12577,1,1
2020-07-31 15:10:45.771,12577,12578,12577,1,-1
2020-07-31 15:10:49.129,12576,12577,12577,5,5
2020-07-31 15:10:54.711,12576,12578,12576,3,-3
2020-07-31 15:10:59.554,12576,12578,12576,16,-16
2020-07-31 15:11:03.198,12576,12577,12576,1,-1
2020-07-31 15:11:03.198,12576,12577,12575,1,-1
2020-07-31 15:11:03.807,12575,12576,12575,6,-6
2020-07-31 15:11:03.808,12575,12576,12575,1,-1
2020-07-31 15:11:07.136,12574,12575,12574,8,-8
2020-07-31 15:11:07.137,12574,12575,12574,2,-2
2020-07-31 15:11:13.783,12573,12574,12573,8,-8
2020-07-31 15:11:14.148,12572,12573,12572,1,-1
2020-07-31 15:11:14.148,12572,12573,12572,8,-8
2020-07-31 15:11:16.883,12572,12573,12572,1,-1
2020-07-31 15:11:18.031,12572,12573,12573,1,1
2020-07-31 15:11:19.464,12573,12574,12573,2,-2
2020-07-31 15:11:20.168,12572,12574,12572,1,-1
2020-07-31 15:11:24.896,12573,12574,12573,1,1
2020-07-31 15:11:26.499,12573,12574,12574,1,1
2020-07-31 15:11:31.028,12573,12574,12574,1,1
2020-07-31 15:11:36.354,12574,12575,12574,1,-1
2020-07-31 15:11:39.771,12573,12574,12574,1,1
2020-07-31 15:11:41.109,12573,12574,12574,1,1
2020-07-31 15:11:43.175,12573,12574,12574,1,1
2020-07-31 15:11:50.660,12573,12574,12574,4,4
2020-07-31 15:11:57.080,12574,12575,12574,1,-1
2020-07-31 15:11:58.168,12574,12575,12574,1,-1
2020-07-31 15:12:01.593,12573,12574,12574,1,1
2020-07-31 15:12:04.221,12573,12575,12573,2,-2
2020-07-31 15:12:10.518,12573,12575,12573,1,-1
2020-07-31 15:12:12.174,12574,12575,12575,2,2
2020-07-31 15:12:15.907,12575,12576,12575,1,-1
2020-07-31 15:12:19.257,12575,12576,12575,1,-1
2020-07-31 15:12:22.156,12575,12576,12575,1,-1
2020-07-31 15:12:27.736,12575,12576,12575,1,-1
2020-07-31 15:12:28.254,12575,12576,12575,2,-2
2020-07-31 15:12:28.283,12574,12575,12574,1,-1
2020-07-31 15:12:28.512,12573,12575,12575,1,1
2020-07-31 15:12:32.470,12574,12575,12574,1,-1
2020-07-31 15:12:32.470,12574,12575,12574,1,-1
2020-07-31 15:12:44.874,12573,12574,12573,1,-1
2020-07-31 15:12:45.237,12573,12574,12574,1,1
2020-07-31 15:12:46.476,12573,12574,12573,3,-3
2020-07-31 15:12:46.476,12573,12574,12573,14,-14
2020-07-31 15:12:49.926,12572,12574,12574,1,1
2020-07-31 15:12:51.414,12572,12574,12573,1,-1
2020-07-31 15:12:52.754,12572,12574,12572,5,-5
2020-07-31 15:13:00.660,12572,12573,12572,4,-4
2020-07-31 15:13:00.661,12572,12573,12572,4,-4
2020-07-31 15:13:01.265,12571,12572,12571,2,-2
2020-07-31 15:13:01.635,12571,12572,12571,1,-1
2020-07-31 15:13:01.885,12571,12572,12571,7,-7
2020-07-31 15:13:02.200,12570,12572,12570,7,-7
2020-07-31 15:13:04.560,12570,12572,12570,14,-14
2020-07-31 15:13:05.176,12570,12571,12571,1,1
2020-07-31 15:13:05.795,12570,12572,12570,1,-1
2020-07-31 15:13:07.306,12570,12572,12570,1,-1
2020-07-31 15:13:10.519,12570,12571,12570,5,-5
2020-07-31 15:13:13.450,12570,12571,12570,8,-8
2020-07-31 15:13:13.450,12570,12571,12569,2,-2
2020-07-31 15:13:13.533,12569,12571,12569,5,-5
2020-07-31 15:13:13.554,12569,12571,12569,4,-4
2020-07-31 15:13:13.564,12569,12571,12568,2,-2
2020-07-31 15:13:14.045,12568,12570,12568,3,-3
2020-07-31 15:13:14.925,12568,12570,12568,1,-1
2020-07-31 15:13:15.850,12567,12569,12567,1,-1
2020-07-31 15:13:15.962,12567,12569,12569,3,3
2020-07-31 15:13:16.372,12568,12570,12568,1,-1
2020-07-31 15:13:17.539,12568,12570,12568,1,-1
2020-07-31 15:13:20.986,12568,12570,12568,1,-1
2020-07-31 15:13:24.263,12568,12570,12568,1,-1
2020-07-31 15:13:27.028,12568,12569,12568,2,-2
2020-07-31 15:13:29.013,12568,12569,12568,1,-1
2020-07-31 15:13:30.697,12568,12569,12568,1,-1
2020-07-31 15:13:32.104,12568,12569,12568,1,-1
2020-07-31 15:13:36.647,12567,12568,12568,1,1
2020-07-31 15:13:37.328,12567,12569,12567,1,-1
2020-07-31 15:13:37.660,12567,12569,12567,1,-1
2020-07-31 15:13:37.660,12567,12569,12567,1,-1
2020-07-31 15:13:37.662,12567,12569,12567,1,-1
2020-07-31 15:13:40.775,12568,12569,12569,1,1
2020-07-31 15:13:41.231,12569,12570,12569,1,-1
2020-07-31 15:13:41.584,12569,12570,12569,1,-1
2020-07-31 15:13:43.001,12569,12570,12568,3,-3
2020-07-31 15:13:47.131,12567,12569,12569,1,1
2020-07-31 15:13:49.147,12568,12570,12568,2,-2
2020-07-31 15:13:51.361,12568,12569,12569,2,2
2020-07-31 15:13:55.420,12569,12570,12569,1,-1
2020-07-31 15:13:55.676,12568,12570,12568,6,-6
2020-07-31 15:14:00.610,12568,12569,12569,1,1
2020-07-31 15:14:01.094,12569,12570,12570,10,10
2020-07-31 15:14:01.094,12569,12570,12570,9,9
2020-07-31 15:14:01.464,12569,12571,12569,6,-6
2020-07-31 15:14:01.760,12570,12571,12571,11,11
2020-07-31 15:14:02.504,12570,12572,12570,2,-2
2020-07-31 15:14:02.986,12570,12572,12570,1,-1
2020-07-31 15:14:03.034,12570,12572,12570,1,-1
2020-07-31 15:14:05.464,12571,12572,12572,1,1
2020-07-31 15:14:05.475,12571,12572,12572,2,2
2020-07-31 15:14:05.475,12571,12572,12572,2,2
2020-07-31 15:14:05.678,12571,12573,12571,10,-10
2020-07-31 15:14:06.040,12571,12572,12572,2,2
2020-07-31 15:14:07.789,12570,12571,12571,1,1
2020-07-31 15:14:08.925,12571,12573,12573,1,1
2020-07-31 15:14:09.363,12571,12573,12573,2,2
2020-07-31 15:14:12.056,12572,12573,12572,1,-1
2020-07-31 15:14:12.271,12572,12573,12572,1,-1
2020-07-31 15:14:13.406,12573,12574,12573,10,10
2020-07-31 15:14:17.654,12573,12574,12573,1,-1
2020-07-31 15:14:19.120,12573,12574,12573,1,-1
2020-07-31 15:14:22.854,12573,12574,12573,7,-7
2020-07-31 15:14:27.065,12572,12573,12573,1,1
2020-07-31 15:14:27.204,12572,12573,12573,1,1
2020-07-31 15:14:39.561,12572,12573,12572,2,-2
2020-07-31 15:14:39.561,12572,12573,12572,3,-3
2020-07-31 15:14:39.561,12572,12573,12572,1,-1
2020-07-31 15:14:44.038,12571,12572,12571,2,-2
2020-07-31 15:14:44.038,12571,12572,12570,4,-4
2020-07-31 15:14:45.326,12570,12572,12572,3,3
2020-07-31 15:14:49.585,12571,12572,12572,1,1
2020-07-31 15:14:52.221,12571,12572,12571,6,-6
2020-07-31 15:14:57.673,12571,12572,12571,1,-1
2020-07-31 15:15:00.772,12571,12572,12571,1,-1
2020-07-31 15:15:01.532,12570,12572,12570,2,-2
2020-07-31 15:15:02.250,12570,12572,12570,1,-1
2020-07-31 15:15:02.998,12570,12572,12572,1,1
2020-07-31 15:15:03.506,12570,12572,12570,2,-2
2020-07-31 15:15:04.036,12570,12572,12570,4,-4
2020-07-31 15:15:07.197,12570,12572,12570,2,-2
2020-07-31 15:15:07.381,12570,12572,12570,2,-2
2020-07-31 15:15:07.881,12570,12572,12570,2,-2
2020-07-31 15:15:07.983,12570,12572,12570,4,-4
2020-07-31 15:15:08.214,12570,12571,12570,2,-2
2020-07-31 15:15:14.263,12568,12569,12568,3,-3
2020-07-31 15:15:18.579,12567,12568,12567,1,-1
2020-07-31 15:15:21.548,12567,12568,12567,8,-8
2020-07-31 15:15:21.642,12566,12567,12566,6,-6
2020-07-31 15:15:26.750,12565,12567,12565,1,-1
2020-07-31 15:15:27.878,12565,12567,12565,1,-1
2020-07-31 15:15:30.218,12566,12567,12566,1,1
2020-07-31 15:15:30.218,12566,12567,12565,1,-1
2020-07-31 15:15:30.855,12565,12566,12566,1,1
2020-07-31 15:15:32.638,12565,12567,12565,1,-1
2020-07-31 15:15:35.791,12566,12568,12566,1,1
2020-07-31 15:15:36.075,12566,12568,12566,2,-2
2020-07-31 15:15:36.622,12566,12567,12566,1,-1
2020-07-31 15:15:38.625,12566,12567,12566,3,-3
2020-07-31 15:15:40.065,12565,12566,12566,1,1
2020-07-31 15:15:42.001,12565,12566,12565,1,-1
2020-07-31 15:15:44.195,12565,12566,12565,1,-1
2020-07-31 15:15:44.776,12565,12566,12565,1,-1
2020-07-31 15:15:44.889,12565,12566,12565,1,-1
2020-07-31 15:15:48.497,12565,12566,12566,2,2
2020-07-31 15:15:50.520,12565,12566,12565,7,-7
2020-07-31 15:15:51.670,12564,12565,12565,1,1
2020-07-31 15:15:52.767,12564,12565,12564,2,-2
2020-07-31 15:15:52.767,12564,12565,12564,10,-10
2020-07-31 15:15:53.496,12563,12564,12563,4,-4
2020-07-31 15:15:53.496,12563,12564,12562,1,-1
2020-07-31 15:15:53.594,12562,12564,12562,4,-4
2020-07-31 15:15:53.963,12562,12564,12564,6,6
2020-07-31 15:15:54.042,12562,12564,12562,1,-1
2020-07-31 15:15:54.883,12562,12564,12562,1,-1
2020-07-31 15:15:55.313,12562,12564,12562,1,-1
2020-07-31 15:15:55.468,12562,12564,12562,3,-3
2020-07-31 15:15:56.042,12562,12564,12562,1,-1
2020-07-31 15:15:57.877,12562,12564,12562,1,-1
2020-07-31 15:15:58.046,12562,12563,12562,1,-1
2020-07-31 15:15:58.270,12562,12563,12563,1,1
2020-07-31 15:15:59.226,12562,12563,12562,2,-2
2020-07-31 15:15:59.378,12562,12563,12562,1,-1
2020-07-31 15:16:00.251,12562,12563,12563,2,2
2020-07-31 15:16:00.511,12562,12564,12562,2,-2
2020-07-31 15:16:02.688,12563,12564,12563,1,1
2020-07-31 15:16:03.690,12563,12564,12563,1,-1
2020-07-31 15:16:03.874,12563,12565,12563,3,-3
2020-07-31 15:16:04.546,12563,12565,12563,1,-1
2020-07-31 15:16:06.181,12563,12565,12563,1,-1
2020-07-31 15:16:06.648,12563,12565,12563,1,-1
2020-07-31 15:16:08.913,12564,12565,12565,1,1
2020-07-31 15:16:11.813,12564,12566,12564,1,-1
2020-07-31 15:16:12.621,12564,12566,12564,1,-1
2020-07-31 15:16:15.905,12565,12566,12566,1,1
2020-07-31 15:16:17.932,12565,12566,12566,1,1
2020-07-31 15:16:18.593,12565,12566,12566,1,1
2020-07-31 15:16:18.647,12565,12566,12565,2,-2
2020-07-31 15:16:19.739,12564,12565,12565,1,1
2020-07-31 15:16:20.058,12565,12566,12565,4,-4
2020-07-31 15:16:20.059,12565,12566,12565,2,-2
2020-07-31 15:16:21.942,12565,12566,12566,1,1
2020-07-31 15:16:26.455,12565,12567,12565,1,-1
2020-07-31 15:16:34.616,12566,12567,12567,1,1
2020-07-31 15:16:35.496,12566,12568,12568,1,1
2020-07-31 15:16:43.814,12566,12567,12566,1,-1
2020-07-31 15:16:44.809,12566,12567,12567,1,1
2020-07-31 15:16:52.006,12567,12569,12569,2,2
2020-07-31 15:16:54.016,12567,12569,12567,1,-1
2020-07-31 15:16:54.465,12567,12569,12569,1,1
2020-07-31 15:16:57.934,12567,12568,12568,1,1
2020-07-31 15:16:57.934,12567,12568,12569,20,20
2020-07-31 15:16:57.934,12567,12568,12570,21,21
2020-07-31 15:17:00.162,12568,12570,12570,5,5
2020-07-31 15:17:02.956,12569,12570,12570,4,4
2020-07-31 15:17:03.915,12569,12571,12571,1,1
2020-07-31 15:17:06.393,12570,12571,12570,1,-1
2020-07-31 15:17:07.225,12569,12571,12570,1,-1
2020-07-31 15:17:07.388,12570,12571,12571,1,1
2020-07-31 15:17:10.197,12571,12572,12572,3,3
2020-07-31 15:17:15.238,12572,12573,12573,1,1
2020-07-31 15:17:26.550,12571,12572,12572,3,3
2020-07-31 15:17:26.740,12572,12573,12572,2,-2
2020-07-31 15:17:30.906,12572,12573,12573,2,2
2020-07-31 15:17:31.124,12572,12573,12572,4,-4
2020-07-31 15:17:31.280,12571,12572,12572,1,1
2020-07-31 15:17:31.280,12571,12572,12573,6,6
2020-07-31 15:17:31.694,12571,12573,12571,1,-1
2020-07-31 15:17:32.110,12571,12573,12573,1,1
2020-07-31 15:17:33.490,12571,12572,12571,4,-4
2020-07-31 15:17:33.491,12571,12572,12571,1,-1
2020-07-31 15:17:33.491,12571,12572,12571,1,-1
2020-07-31 15:17:35.386,12570,12571,12570,1,-1
2020-07-31 15:17:37.240,12570,12571,12571,1,1
2020-07-31 15:17:38.066,12570,12571,12571,1,1
2020-07-31 15:17:38.066,12570,12571,12572,1,1
2020-07-31 15:17:41.593,12571,12572,12571,1,-1
2020-07-31 15:17:44.093,12571,12572,12571,2,-2
2020-07-31 15:17:48.537,12570,12571,12571,1,1
2020-07-31 15:17:53.203,12570,12571,12571,1,1
2020-07-31 15:17:57.524,12570,12571,12571,2,2
2020-07-31 15:18:00.033,12571,12572,12572,1,1
2020-07-31 15:18:00.492,12571,12572,12571,2,-2
2020-07-31 15:18:01.820,12570,12572,12570,1,-1
2020-07-31 15:18:02.125,12571,12572,12571,2,2
2020-07-31 15:18:02.139,12571,12572,12571,2,-2
2020-07-31 15:18:02.221,12571,12572,12571,1,-1
2020-07-31 15:18:02.370,12571,12572,12571,1,-1
2020-07-31 15:18:03.068,12571,12572,12572,1,1
2020-07-31 15:18:03.201,12571,12573,12571,1,-1
2020-07-31 15:18:16.067,12571,12572,12571,4,-4
2020-07-31 15:18:16.068,12571,12572,12571,5,-5
2020-07-31 15:18:17.903,12570,12572,12571,1,-1
2020-07-31 15:18:17.937,12570,12572,12572,5,5
2020-07-31 15:18:18.099,12570,12572,12572,5,5
2020-07-31 15:18:27.444,12571,12572,12572,1,1
2020-07-31 15:18:33.745,12571,12572,12572,1,1
2020-07-31 15:18:35.799,12571,12572,12571,1,-1
2020-07-31 15:18:36.852,12571,12572,12572,1,1
2020-07-31 15:18:43.695,12571,12572,12572,5,5
2020-07-31 15:18:48.137,12571,12573,12573,2,2
2020-07-31 15:18:52.118,12572,12573,12572,1,-1
2020-07-31 15:18:53.749,12571,12572,12572,1,1
2020-07-31 15:18:53.783,12571,12572,12572,2,2
2020-07-31 15:18:53.783,12571,12572,12573,3,3
2020-07-31 15:19:02.369,12571,12573,12571,2,-2
2020-07-31 15:19:03.932,12571,12572,12572,1,1
2020-07-31 15:19:05.853,12571,12572,12571,1,-1
2020-07-31 15:19:06.553,12570,12572,12572,1,1
2020-07-31 15:19:11.616,12571,12572,12572,2,2
2020-07-31 15:19:19.688,12571,12572,12572,1,1
2020-07-31 15:19:34.662,12571,12572,12572,1,1
2020-07-31 15:19:37.175,12571,12572,12572,19,19
2020-07-31 15:19:37.901,12572,12573,12573,4,4
2020-07-31 15:19:37.901,12572,12573,12573,7,7
2020-07-31 15:19:39.057,12572,12574,12574,1,1
2020-07-31 15:19:41.889,12572,12574,12574,1,1
2020-07-31 15:19:45.793,12572,12573,12572,1,-1
2020-07-31 15:20:00.715,12572,12573,12573,1,1
2020-07-31 15:20:03.203,12572,12573,12572,1,-1
2020-07-31 15:20:03.205,12572,12573,12572,1,-1
2020-07-31 15:20:06.772,12571,12573,12573,7,7
2020-07-31 15:20:06.772,12571,12573,12574,3,3
2020-07-31 15:20:10.137,12572,12573,12573,1,1
2020-07-31 15:20:24.584,12573,12574,12573,1,-1
2020-07-31 15:20:25.681,12573,12574,12573,2,-2
2020-07-31 15:20:40.176,12573,12574,12574,1,1
2020-07-31 15:20:40.176,12573,12574,12574,6,6
2020-07-31 15:20:42.114,12573,12575,12575,14,14
2020-07-31 15:20:42.329,12574,12576,12576,1,1
2020-07-31 15:20:43.851,12575,12576,12576,1,1
2020-07-31 15:20:48.461,12574,12576,12576,1,1
2020-07-31 15:20:51.938,12574,12576,12576,1,1
2020-07-31 15:20:52.850,12574,12576,12576,2,2
2020-07-31 15:20:55.140,12575,12576,12576,3,3
2020-07-31 15:20:55.141,12575,12576,12576,26,26
2020-07-31 15:20:55.939,12576,12577,12577,2,2
2020-07-31 15:20:58.587,12576,12577,12577,1,1
2020-07-31 15:21:02.187,12576,12577,12577,2,2
2020-07-31 15:21:02.466,12576,12577,12577,1,1
2020-07-31 15:21:04.871,12576,12577,12577,1,1
2020-07-31 15:21:05.786,12576,12577,12577,1,1
2020-07-31 15:21:06.404,12576,12577,12577,2,2
2020-07-31 15:21:06.405,12576,12577,12577,1,1
2020-07-31 15:21:06.405,12576,12577,12577,2,2
2020-07-31 15:21:06.405,12576,12577,12577,1,1
2020-07-31 15:21:06.405,12576,12577,12577,1,1
2020-07-31 15:21:09.170,12577,12578,12578,2,2
2020-07-31 15:21:09.176,12577,12578,12578,8,8
2020-07-31 15:21:12.497,12578,12579,12579,8,8
2020-07-31 15:21:13.830,12578,12579,12579,4,4
2020-07-31 15:21:14.172,12578,12580,12580,1,1
2020-07-31 15:21:14.455,12578,12580,12580,1,1
2020-07-31 15:21:14.521,12578,12580,12578,2,-2
2020-07-31 15:21:14.551,12578,12580,12578,1,-1
2020-07-31 15:21:14.622,12578,12580,12580,2,2
2020-07-31 15:21:15.089,12578,12580,12580,1,1
2020-07-31 15:21:16.685,12578,12580,12580,1,1
2020-07-31 15:21:16.904,12579,12580,12580,1,1
2020-07-31 15:21:17.045,12579,12580,12580,1,1
2020-07-31 15:21:17.715,12579,12580,12579,1,-1
2020-07-31 15:21:21.406,12579,12580,12579,3,-3
2020-07-31 15:21:21.799,12579,12580,12580,1,1
2020-07-31 15:21:21.974,12579,12580,12580,1,1
2020-07-31 15:21:23.279,12579,12580,12580,1,1
2020-07-31 15:21:25.153,12579,12580,12580,1,1
2020-07-31 15:21:27.043,12579,12580,12579,2,-2
2020-07-31 15:21:30.765,12578,12579,12579,1,1
2020-07-31 15:21:36.599,12579,12580,12580,6,6
2020-07-31 15:21:40.244,12579,12580,12579,2,-2
2020-07-31 15:21:42.030,12578,12579,12578,8,-8
2020-07-31 15:21:42.166,12577,12579,12579,3,3
2020-07-31 15:21:49.748,12577,12578,12577,1,-1
2020-07-31 15:21:49.909,12577,12578,12577,1,-1
2020-07-31 15:21:56.877,12577,12578,12578,1,1
2020-07-31 15:21:56.974,12577,12578,12578,1,1
2020-07-31 15:21:59.684,12577,12579,12579,2,2
2020-07-31 15:22:06.023,12578,12579,12578,1,-1
2020-07-31 15:22:13.527,12578,12579,12579,1,1
2020-07-31 15:22:15.347,12578,12579,12579,1,1
2020-07-31 15:22:16.597,12578,12580,12578,1,-1
2020-07-31 15:22:26.262,12579,12580,12580,5,5
2020-07-31 15:22:26.262,12579,12580,12580,7,7
2020-07-31 15:22:26.262,12579,12580,12580,5,5
2020-07-31 15:22:27.739,12580,12581,12580,1,-1
2020-07-31 15:22:29.842,12580,12581,12581,5,5
2020-07-31 15:22:29.842,12580,12581,12581,1,1
2020-07-31 15:22:29.842,12580,12581,12581,4,4
2020-07-31 15:22:29.842,12580,12581,12581,1,1
2020-07-31 15:22:35.204,12581,12582,12582,1,1
2020-07-31 15:22:35.702,12581,12582,12581,4,-4
2020-07-31 15:22:36.122,12580,12581,12581,2,2
2020-07-31 15:22:36.883,12580,12581,12581,2,2
2020-07-31 15:22:40.141,12581,12582,12581,1,-1
2020-07-31 15:22:43.429,12580,12581,12581,1,1
2020-07-31 15:22:45.531,12580,12582,12581,1,-1
2020-07-31 15:22:50.156,12581,12582,12581,1,-1
2020-07-31 15:23:01.945,12581,12582,12581,2,-2
2020-07-31 15:23:02.260,12580,12581,12581,6,6
2020-07-31 15:23:02.770,12580,12581,12581,3,3
2020-07-31 15:23:04.267,12580,12582,12582,1,1
2020-07-31 15:23:07.751,12581,12582,12581,1,-1
2020-07-31 15:23:13.457,12581,12582,12582,1,1
2020-07-31 15:23:16.060,12581,12582,12581,1,-1
2020-07-31 15:23:17.179,12581,12582,12581,2,-2
2020-07-31 15:23:22.102,12580,12582,12582,1,1
2020-07-31 15:23:33.546,12581,12582,12581,1,-1
2020-07-31 15:23:41.176,12581,12582,12581,2,-2
2020-07-31 15:23:42.321,12581,12582,12581,1,-1
2020-07-31 15:23:44.019,12581,12582,12581,3,-3
2020-07-31 15:23:51.911,12580,12581,12581,1,1
2020-07-31 15:23:52.542,12580,12581,12581,1,1
2020-07-31 15:23:59.778,12581,12582,12581,1,-1
2020-07-31 15:24:00.993,12581,12582,12581,1,-1
2020-07-31 15:24:02.171,12580,12582,12581,1,-1
2020-07-31 15:24:02.171,12580,12582,12582,8,8
2020-07-31 15:24:03.689,12580,12581,12581,1,1
2020-07-31 15:24:09.257,12580,12581,12581,1,1
2020-07-31 15:24:10.554,12581,12582,12581,1,-1
2020-07-31 15:24:13.542,12581,12582,12581,1,-1
2020-07-31 15:24:14.428,12581,12582,12582,1,1
2020-07-31 15:24:14.647,12581,12582,12582,2,2
2020-07-31 15:24:18.756,12581,12582,12581,2,-2
2020-07-31 15:24:22.957,12581,12582,12581,1,-1
2020-07-31 15:24:32.497,12581,12582,12581,1,-1
2020-07-31 15:24:50.671,12581,12582,12582,3,3
2020-07-31 15:24:52.107,12581,12582,12582,2,2
2020-07-31 15:24:52.107,12581,12582,12582,8,8
2020-07-31 15:24:58.385,12582,12583,12582,1,-1
2020-07-31 15:25:07.544,12582,12583,12582,1,-1
2020-07-31 15:25:07.820,12581,12583,12583,1,1
2020-07-31 15:25:07.998,12581,12583,12583,2,2
2020-07-31 15:25:08.021,12581,12583,12581,2,-2
2020-07-31 15:25:08.032,12581,12583,12581,2,-2
2020-07-31 15:25:11.690,12582,12583,12582,1,1
2020-07-31 15:25:12.053,12582,12583,12583,5,5
2020-07-31 15:25:12.054,12582,12583,12583,5,5
2020-07-31 15:25:12.054,12582,12583,12583,4,4
2020-07-31 15:25:12.054,12582,12583,12583,6,6
2020-07-31 15:25:12.054,12582,12583,12583,2,2
2020-07-31 15:25:12.054,12582,12583,12583,8,8
2020-07-31 15:25:12.083,12582,12583,12583,1,1
2020-07-31 15:25:12.425,12582,12584,12583,1,-1
2020-07-31 15:25:14.431,12583,12584,12584,5,5
2020-07-31 15:25:14.540,12583,12584,12584,1,1
2020-07-31 15:25:14.543,12583,12584,12584,1,1
2020-07-31 15:25:14.554,12583,12584,12584,2,2
2020-07-31 15:25:14.616,12583,12584,12584,1,1
2020-07-31 15:25:18.256,12583,12584,12584,1,1
2020-07-31 15:25:18.885,12583,12584,12583,2,-2
2020-07-31 15:25:18.885,12583,12584,12583,1,-1
2020-07-31 15:25:20.750,12582,12583,12583,1,1
2020-07-31 15:25:22.481,12581,12583,12583,2,2
2020-07-31 15:25:23.370,12581,12583,12583,1,1
2020-07-31 15:25:27.932,12581,12583,12583,1,1
2020-07-31 15:25:28.720,12581,12583,12583,2,2
2020-07-31 15:25:29.701,12581,12583,12583,1,1
2020-07-31 15:25:32.760,12581,12583,12583,2,2
2020-07-31 15:25:33.872,12581,12583,12583,1,1
2020-07-31 15:25:38.162,12582,12583,12582,1,-1
2020-07-31 15:25:39.985,12581,12583,12583,1,1
2020-07-31 15:25:50.705,12581,12582,12582,1,1
2020-07-31 15:26:04.606,12581,12582,12582,1,1
2020-07-31 15:26:07.996,12581,12582,12582,1,1
2020-07-31 15:26:08.606,12581,12582,12581,1,-1
2020-07-31 15:26:13.907,12581,12582,12582,1,1
2020-07-31 15:26:14.228,12581,12582,12582,4,4
2020-07-31 15:26:19.023,12582,12583,12582,1,-1
2020-07-31 15:26:28.311,12581,12582,12582,1,1
2020-07-31 15:26:30.968,12581,12582,12581,2,-2
2020-07-31 15:26:33.068,12581,12582,12581,4,-4
2020-07-31 15:26:33.667,12580,12582,12581,1,-1
2020-07-31 15:26:35.912,12580,12582,12582,1,1
2020-07-31 15:26:47.190,12580,12582,12582,1,1
2020-07-31 15:26:54.097,12581,12582,12581,1,-1
2020-07-31 15:26:55.629,12580,12581,12580,11,-11
2020-07-31 15:26:56.180,12579,12580,12580,2,2
2020-07-31 15:26:56.785,12579,12580,12579,2,-2
2020-07-31 15:27:02.558,12578,12579,12578,3,-3
2020-07-31 15:27:10.015,12578,12580,12580,1,1
2020-07-31 15:27:11.783,12579,12580,12579,1,-1
2020-07-31 15:27:21.882,12579,12580,12580,3,3
2020-07-31 15:27:25.780,12579,12581,12579,1,-1
2020-07-31 15:27:31.319,12579,12581,12581,4,4
2020-07-31 15:27:55.856,12580,12581,12580,2,-2
2020-07-31 15:28:02.382,12579,12581,12581,3,3
2020-07-31 15:28:04.313,12580,12582,12580,6,-6
2020-07-31 15:28:04.998,12580,12581,12580,1,-1
2020-07-31 15:28:07.434,12580,12581,12580,1,-1
2020-07-31 15:28:11.469,12580,12581,12580,1,-1
2020-07-31 15:28:15.652,12580,12581,12581,5,5
2020-07-31 15:28:16.339,12581,12582,12581,1,-1
2020-07-31 15:28:21.846,12581,12582,12582,2,2
2020-07-31 15:28:21.846,12581,12582,12582,1,1
2020-07-31 15:28:28.525,12582,12583,12583,7,7
2020-07-31 15:28:28.525,12582,12583,12583,4,4
2020-07-31 15:28:28.525,12582,12583,12583,1,1
2020-07-31 15:28:30.074,12583,12584,12584,11,11
2020-07-31 15:28:30.589,12584,12585,12585,1,1
2020-07-31 15:28:32.436,12584,12585,12585,2,2
2020-07-31 15:28:32.669,12584,12585,12585,2,2
2020-07-31 15:28:32.674,12584,12585,12585,17,17
2020-07-31 15:28:32.675,12584,12585,12585,7,7
2020-07-31 15:28:36.060,12585,12586,12585,1,-1
2020-07-31 15:28:36.151,12585,12586,12585,1,-1
2020-07-31 15:28:37.178,12585,12586,12586,17,17
2020-07-31 15:28:37.178,12585,12586,12587,3,3
2020-07-31 15:28:37.291,12585,12587,12587,1,1
2020-07-31 15:28:37.294,12585,12587,12587,6,6
2020-07-31 15:28:37.548,12586,12587,12587,1,1
2020-07-31 15:28:39.076,12586,12587,12586,2,-2
2020-07-31 15:28:41.188,12585,12586,12585,1,-1
2020-07-31 15:28:41.205,12585,12586,12586,5,5
2020-07-31 15:28:42.716,12586,12587,12587,3,3
2020-07-31 15:28:43.842,12586,12587,12587,1,1
2020-07-31 15:28:45.241,12586,12587,12587,1,1
2020-07-31 15:28:45.289,12586,12587,12587,1,1
2020-07-31 15:28:46.656,12587,12588,12588,16,16
2020-07-31 15:28:46.656,12587,12588,12589,4,4
2020-07-31 15:28:46.793,12587,12589,12589,1,1
2020-07-31 15:28:47.397,12588,12589,12589,1,1
2020-07-31 15:28:47.943,12588,12589,12588,1,-1
2020-07-31 15:28:48.273,12588,12589,12589,3,3
2020-07-31 15:28:49.656,12588,12589,12589,1,1
2020-07-31 15:28:49.798,12588,12589,12589,1,1
2020-07-31 15:28:49.979,12588,12589,12589,1,1
2020-07-31 15:28:50.086,12588,12589,12589,2,2
2020-07-31 15:28:50.433,12588,12589,12589,1,1
2020-07-31 15:28:50.433,12588,12589,12590,2,2
2020-07-31 15:28:50.562,12588,12589,12589,1,1
2020-07-31 15:28:50.728,12588,12590,12590,1,1
2020-07-31 15:28:50.775,12589,12590,12590,3,3
2020-07-31 15:28:50.775,12589,12590,12590,11,11
2020-07-31 15:28:50.775,12589,12590,12590,10,10
2020-07-31 15:28:51.129,12589,12591,12589,1,-1
2020-07-31 15:28:51.419,12589,12591,12589,1,-1
2020-07-31 15:28:51.635,12590,12591,12591,7,7
2020-07-31 15:28:51.679,12590,12591,12590,2,-2
2020-07-31 15:28:51.786,12590,12592,12590,1,-1
2020-07-31 15:28:51.878,12590,12592,12592,1,1
2020-07-31 15:28:52.143,12590,12592,12592,1,1
2020-07-31 15:28:53.027,12590,12592,12590,1,-1
2020-07-31 15:28:53.341,12590,12592,12590,1,-1
2020-07-31 15:28:53.851,12590,12592,12592,3,3
2020-07-31 15:28:55.016,12590,12591,12591,1,1
2020-07-31 15:28:55.123,12590,12591,12591,5,5
2020-07-31 15:28:56.172,12590,12591,12591,1,1
2020-07-31 15:28:56.365,12590,12591,12591,1,1
2020-07-31 15:28:56.478,12590,12591,12591,1,1
2020-07-31 15:28:56.868,12590,12591,12591,5,5
2020-07-31 15:28:56.875,12590,12591,12591,1,1
2020-07-31 15:28:57.311,12591,12592,12592,1,1
2020-07-31 15:28:57.962,12591,12592,12591,1,-1
2020-07-31 15:28:58.076,12591,12592,12592,1,1
2020-07-31 15:28:58.166,12591,12592,12591,1,-1
2020-07-31 15:28:59.083,12591,12592,12592,2,2
2020-07-31 15:29:00.402,12591,12592,12591,1,-1
2020-07-31 15:29:00.866,12591,12592,12592,1,1
2020-07-31 15:29:00.908,12591,12592,12592,1,1
2020-07-31 15:29:01.123,12591,12592,12592,10,10
2020-07-31 15:29:01.123,12591,12592,12592,2,2
2020-07-31 15:29:01.383,12592,12593,12592,1,-1
2020-07-31 15:29:01.797,12592,12593,12593,1,1
2020-07-31 15:29:01.942,12592,12593,12593,1,1
2020-07-31 15:29:01.962,12592,12593,12593,1,1
2020-07-31 15:29:04.639,12593,12594,12594,1,1
2020-07-31 15:29:04.641,12593,12594,12594,1,1
2020-07-31 15:29:04.650,12593,12594,12593,1,-1
2020-07-31 15:29:04.779,12593,12594,12594,1,1
2020-07-31 15:29:05.546,12593,12594,12593,1,-1
2020-07-31 15:29:06.088,12591,12593,12593,1,1
2020-07-31 15:29:06.200,12591,12593,12593,2,2
2020-07-31 15:29:06.273,12591,12593,12593,2,2
2020-07-31 15:29:07.397,12592,12593,12592,2,-2
2020-07-31 15:29:08.423,12592,12593,12593,1,1
2020-07-31 15:29:08.821,12592,12593,12592,1,-1
2020-07-31 15:29:10.514,12592,12593,12592,1,-1
2020-07-31 15:29:10.760,12592,12593,12592,1,-1
2020-07-31 15:29:10.885,12591,12593,12592,1,-1
2020-07-31 15:29:14.399,12591,12592,12592,1,1
2020-07-31 15:29:14.860,12591,12592,12592,1,1
2020-07-31 15:29:14.963,12592,12593,12592,1,-1
2020-07-31 15:29:16.246,12591,12592,12591,21,-21
2020-07-31 15:29:17.318,12590,12592,12592,2,2
2020-07-31 15:29:17.593,12590,12592,12591,1,-1
2020-07-31 15:29:22.091,12590,12591,12591,1,1
2020-07-31 15:29:22.099,12590,12591,12591,1,1
2020-07-31 15:29:22.229,12590,12591,12591,1,1
2020-07-31 15:29:23.058,12590,12592,12592,1,1
2020-07-31 15:29:23.258,12590,12592,12592,1,1
2020-07-31 15:29:24.914,12590,12591,12591,1,1
2020-07-31 15:29:26.186,12591,12592,12591,2,-2
2020-07-31 15:29:27.754,12590,12592,12590,1,-1
2020-07-31 15:29:32.734,12591,12592,12591,1,1
2020-07-31 15:29:34.419,12590,12592,12590,1,-1
2020-07-31 15:29:37.669,12590,12591,12591,1,1
2020-07-31 15:29:38.211,12590,12591,12590,9,-9
2020-07-31 15:29:38.211,12590,12591,12590,29,-29
2020-07-31 15:29:38.211,12590,12591,12590,13,-13
2020-07-31 15:29:38.212,12590,12591,12590,1,-1
2020-07-31 15:29:38.212,12590,12591,12590,5,-5
2020-07-31 15:29:38.212,12590,12591,12590,1,-1
2020-07-31 15:29:42.045,12590,12591,12590,1,-1
2020-07-31 15:29:45.107,12589,12591,12591,1,1
2020-07-31 15:29:49.012,12589,12590,12590,2,2
2020-07-31 15:29:49.103,12589,12590,12590,1,1
2020-07-31 15:29:50.898,12589,12590,12590,1,1
2020-07-31 15:29:51.136,12589,12590,12590,2,2
2020-07-31 15:29:51.555,12589,12590,12590,3,3
2020-07-31 15:29:52.025,12589,12590,12590,1,1
2020-07-31 15:29:56.653,12589,12590,12590,2,2
2020-07-31 15:29:57.115,12589,12591,12591,1,1
2020-07-31 15:29:57.175,12589,12591,12591,1,1
2020-07-31 15:29:57.543,12590,12591,12590,1,-1
2020-07-31 15:29:59.009,12590,12591,12590,1,-1
2020-07-31 15:29:59.848,12590,12591,12590,1,-1
2020-07-31 15:30:04.590,12590,12591,12590,1,-1
2020-07-31 15:30:05.358,12590,12591,12590,1,-1
2020-07-31 15:30:05.391,12590,12591,12591,1,1
2020-07-31 15:30:05.391,12590,12591,12591,2,2
2020-07-31 15:30:05.394,12590,12591,12591,4,4
2020-07-31 15:30:05.394,12590,12591,12592,1,1
2020-07-31 15:30:05.396,12590,12591,12592,1,1
2020-07-31 15:30:07.540,12590,12591,12591,1,1
2020-07-31 15:30:07.540,12590,12591,12592,1,1
2020-07-31 15:30:08.167,12591,12592,12591,1,-1
2020-07-31 15:30:10.072,12590,12592,12592,4,4
2020-07-31 15:30:10.072,12590,12592,12592,5,5
2020-07-31 15:30:10.073,12590,12592,12592,3,3
2020-07-31 15:30:10.073,12590,12592,12592,5,5
2020-07-31 15:30:11.075,12592,12593,12593,9,9
2020-07-31 15:30:11.075,12592,12593,12593,3,3
2020-07-31 15:30:11.075,12592,12593,12593,4,4
2020-07-31 15:30:11.222,12592,12594,12594,1,1
2020-07-31 15:30:11.603,12592,12594,12594,1,1
2020-07-31 15:30:11.790,12592,12594,12592,1,-1
2020-07-31 15:30:11.846,12592,12594,12594,1,1
2020-07-31 15:30:11.906,12592,12594,12594,2,2
2020-07-31 15:30:12.118,12592,12594,12592,1,-1
2020-07-31 15:30:14.083,12592,12594,12592,1,-1
2020-07-31 15:30:14.121,12592,12594,12592,1,-1
2020-07-31 15:30:15.669,12592,12594,12592,4,-4
2020-07-31 15:30:16.571,12592,12593,12592,1,-1
2020-07-31 15:30:21.529,12591,12593,12592,1,-1
2020-07-31 15:30:22.736,12591,12593,12591,1,-1
2020-07-31 15:30:24.275,12592,12593,12593,2,2
2020-07-31 15:30:24.569,12592,12594,12593,1,-1
2020-07-31 15:30:26.284,12593,12594,12593,1,-1
2020-07-31 15:30:26.668,12593,12594,12593,1,-1
2020-07-31 15:30:32.279,12592,12593,12593,1,1
2020-07-31 15:30:36.716,12592,12594,12594,2,2
2020-07-31 15:30:37.051,12592,12594,12594,4,4
2020-07-31 15:30:39.732,12593,12594,12594,1,1
2020-07-31 15:30:40.235,12593,12594,12594,16,16
2020-07-31 15:30:40.236,12593,12594,12594,8,8
2020-07-31 15:30:40.236,12593,12594,12594,4,4
2020-07-31 15:30:41.552,12594,12595,12594,6,-6
2020-07-31 15:30:45.592,12594,12595,12595,5,5
2020-07-31 15:30:45.592,12594,12595,12595,23,23
2020-07-31 15:30:45.868,12595,12596,12596,1,1
2020-07-31 15:30:46.342,12594,12595,12595,1,1
2020-07-31 15:30:46.946,12595,12596,12595,1,-1
2020-07-31 15:30:48.558,12595,12596,12596,1,1
2020-07-31 15:30:48.644,12595,12596,12595,1,-1
2020-07-31 15:30:51.222,12595,12596,12596,1,1
2020-07-31 15:30:52.625,12595,12596,12596,14,14
2020-07-31 15:30:52.625,12595,12596,12597,6,6
2020-07-31 15:30:53.143,12595,12597,12597,10,10
2020-07-31 15:30:53.508,12595,12597,12597,2,2
2020-07-31 15:30:54.753,12595,12596,12596,1,1
2020-07-31 15:30:56.766,12595,12597,12595,1,-1
2020-07-31 15:30:59.002,12595,12596,12596,1,1
2020-07-31 15:30:59.002,12595,12596,12597,2,2
2020-07-31 15:31:01.479,12595,12596,12596,1,1
2020-07-31 15:31:03.480,12596,12597,12597,1,1
2020-07-31 15:31:03.606,12596,12597,12597,4,4
2020-07-31 15:31:04.901,12596,12598,12598,1,1
2020-07-31 15:31:06.421,12597,12598,12597,1,-1
2020-07-31 15:31:07.230,12597,12598,12597,1,-1
2020-07-31 15:31:07.260,12597,12598,12597,1,-1
2020-07-31 15:31:08.709,12596,12597,12597,2,2
2020-07-31 15:31:08.980,12596,12597,12597,1,1
2020-07-31 15:31:09.221,12596,12597,12597,1,1
2020-07-31 15:31:10.871,12596,12597,12596,2,-2
2020-07-31 15:31:10.871,12596,12597,12596,4,-4
2020-07-31 15:31:11.473,12595,12596,12595,1,-1
2020-07-31 15:31:12.677,12595,12596,12596,3,3
2020-07-31 15:31:16.631,12596,12597,12597,3,3
2020-07-31 15:31:17.805,12597,12598,12598,3,3
2020-07-31 15:31:17.805,12597,12598,12598,8,8
2020-07-31 15:31:17.805,12597,12598,12598,4,4
2020-07-31 15:31:17.806,12597,12598,12598,3,3
2020-07-31 15:31:17.806,12597,12598,12598,4,4
2020-07-31 15:31:17.806,12597,12598,12598,1,1
2020-07-31 15:31:17.806,12597,12598,12598,1,1
2020-07-31 15:31:17.806,12597,12598,12598,1,1
2020-07-31 15:31:18.699,12598,12599,12599,20,20
2020-07-31 15:31:18.862,12598,12599,12598,1,-1
2020-07-31 15:31:18.862,12598,12599,12598,1,-1
2020-07-31 15:31:18.862,12598,12599,12598,4,-4
2020-07-31 15:31:18.977,12597,12598,12598,2,2
2020-07-31 15:31:20.417,12598,12599,12598,1,-1
2020-07-31 15:31:21.237,12598,12599,12598,1,-1
2020-07-31 15:31:21.944,12598,12599,12598,1,-1
2020-07-31 15:31:22.657,12598,12599,12599,1,1
2020-07-31 15:31:22.848,12598,12599,12598,2,-2
2020-07-31 15:31:23.746,12597,12599,12598,1,-1
2020-07-31 15:31:26.875,12597,12598,12598,1,1
2020-07-31 15:31:26.963,12597,12598,12598,4,4
2020-07-31 15:31:26.963,12597,12598,12599,3,3
2020-07-31 15:31:26.978,12597,12598,12599,1,1
2020-07-31 15:31:27.289,12598,12599,12599,2,2
2020-07-31 15:31:29.664,12598,12599,12598,1,-1
2020-07-31 15:31:33.260,12598,12599,12599,2,2
2020-07-31 15:31:33.841,12599,12600,12600,1,1
2020-07-31 15:31:36.004,12599,12600,12600,5,5
2020-07-31 15:31:36.337,12599,12600,12600,5,5
2020-07-31 15:31:36.540,12599,12600,12600,1,1
2020-07-31 15:31:36.623,12599,12600,12600,5,5
2020-07-31 15:31:36.951,12599,12600,12600,5,5
2020-07-31 15:31:37.105,12599,12600,12599,6,-6
2020-07-31 15:31:38.871,12598,12599,12599,1,1
2020-07-31 15:31:38.885,12598,12599,12599,1,1
2020-07-31 15:31:39.896,12598,12599,12598,1,-1
2020-07-31 15:31:39.897,12598,12599,12598,2,-2
2020-07-31 15:31:39.897,12598,12599,12598,4,-4
2020-07-31 15:31:39.897,12598,12599,12598,12,-12
2020-07-31 15:31:40.205,12597,12599,12599,1,1
2020-07-31 15:31:40.385,12597,12598,12597,1,-1
2020-07-31 15:31:40.811,12596,12598,12596,1,-1
2020-07-31 15:31:40.970,12596,12598,12598,1,1
2020-07-31 15:31:41.430,12596,12597,12597,1,1
2020-07-31 15:31:47.824,12597,12598,12597,3,-3
2020-07-31 15:31:48.780,12596,12598,12596,2,-2
2020-07-31 15:31:50.765,12596,12597,12597,1,1
2020-07-31 15:31:55.595,12596,12597,12597,1,1
2020-07-31 15:31:56.576,12596,12597,12597,1,1
2020-07-31 15:31:59.049,12596,12597,12597,1,1
2020-07-31 15:32:01.596,12596,12597,12597,1,1
2020-07-31 15:32:01.743,12596,12597,12597,1,1
2020-07-31 15:32:03.251,12596,12597,12596,1,-1
2020-07-31 15:32:03.271,12596,12597,12596,3,-3
2020-07-31 15:32:03.271,12596,12597,12595,1,-1
2020-07-31 15:32:05.718,12595,12596,12595,1,-1
2020-07-31 15:32:07.594,12595,12597,12597,2,2
2020-07-31 15:32:08.510,12595,12597,12595,1,-1
2020-07-31 15:32:09.135,12596,12597,12596,1,1
2020-07-31 15:32:10.385,12595,12596,12596,1,1
2020-07-31 15:32:12.093,12595,12597,12595,1,-1
2020-07-31 15:32:15.002,12595,12596,12596,1,1
2020-07-31 15:32:16.802,12595,12596,12596,1,1
2020-07-31 15:32:20.802,12595,12596,12595,12,-12
2020-07-31 15:32:20.989,12594,12595,12594,8,-8
2020-07-31 15:32:21.044,12593,12594,12594,1,1
2020-07-31 15:32:23.405,12593,12595,12593,2,-2
2020-07-31 15:32:25.446,12594,12595,12594,1,1
2020-07-31 15:32:25.927,12593,12595,12593,1,-1
2020-07-31 15:32:26.634,12593,12594,12594,1,1
2020-07-31 15:32:27.320,12594,12595,12594,1,-1
2020-07-31 15:32:28.442,12594,12595,12594,6,-6
2020-07-31 15:32:32.697,12595,12596,12595,1,1
2020-07-31 15:32:33.551,12594,12596,12594,1,-1
2020-07-31 15:32:34.667,12594,12595,12595,1,1
2020-07-31 15:32:34.667,12594,12595,12596,2,2
2020-07-31 15:32:36.543,12594,12595,12594,10,-10
2020-07-31 15:32:42.717,12594,12595,12594,1,-1
2020-07-31 15:32:43.230,12594,12595,12594,1,-1
2020-07-31 15:32:45.683,12594,12595,12594,1,-1
2020-07-31 15:32:45.966,12594,12595,12595,1,1
2020-07-31 15:32:46.781,12594,12595,12595,1,1
2020-07-31 15:32:51.054,12594,12595,12595,5,5
2020-07-31 15:32:53.561,12594,12595,12594,1,-1
2020-07-31 15:32:53.561,12594,12595,12594,6,-6
2020-07-31 15:32:56.647,12594,12595,12594,1,-1
2020-07-31 15:32:59.712,12594,12595,12594,1,-1
2020-07-31 15:33:02.235,12594,12595,12595,5,5
2020-07-31 15:33:04.968,12593,12594,12594,1,1
2020-07-31 15:33:09.595,12593,12594,12593,4,-4
2020-07-31 15:33:18.527,12592,12593,12592,3,-3
2020-07-31 15:33:18.965,12592,12593,12593,2,2
2020-07-31 15:33:23.273,12592,12593,12592,1,-1
2020-07-31 15:33:23.780,12592,12593,12592,2,-2
2020-07-31 15:33:25.763,12592,12593,12592,2,-2
2020-07-31 15:33:26.407,12591,12592,12592,1,1
2020-07-31 15:33:28.358,12591,12592,12591,1,-1
2020-07-31 15:33:29.797,12590,12592,12590,1,-1
2020-07-31 15:33:30.304,12591,12592,12591,2,2
2020-07-31 15:33:30.304,12591,12592,12591,1,-1
2020-07-31 15:33:33.155,12590,12592,12590,5,-5
2020-07-31 15:33:37.940,12591,12592,12591,1,1
2020-07-31 15:33:42.805,12590,12591,12591,1,1
2020-07-31 15:33:42.885,12590,12591,12591,1,1
2020-07-31 15:33:43.007,12590,12591,12590,1,-1
2020-07-31 15:33:44.212,12590,12591,12591,1,1
2020-07-31 15:33:51.351,12591,12592,12592,20,20
2020-07-31 15:33:51.352,12591,12592,12592,1,1
2020-07-31 15:33:51.352,12591,12592,12592,3,3
2020-07-31 15:33:51.758,12591,12592,12591,1,-1
2020-07-31 15:33:53.079,12591,12592,12592,6,6
2020-07-31 15:33:53.079,12591,12592,12592,2,2
2020-07-31 15:33:53.080,12591,12592,12592,2,2
2020-07-31 15:33:53.080,12591,12592,12592,1,1
2020-07-31 15:34:02.787,12591,12593,12593,1,1
2020-07-31 15:34:09.311,12592,12593,12592,1,-1
2020-07-31 15:34:10.740,12592,12593,12592,4,-4
2020-07-31 15:34:10.740,12592,12593,12591,22,-22
2020-07-31 15:34:10.741,12592,12593,12591,1,-1
2020-07-31 15:34:15.784,12590,12591,12590,1,-1
2020-07-31 15:34:18.376,12590,12591,12590,2,-2
2020-07-31 15:34:18.376,12590,12591,12590,2,-2
2020-07-31 15:34:18.376,12590,12591,12590,9,-9
2020-07-31 15:34:19.990,12589,12590,12590,1,1
2020-07-31 15:34:20.769,12589,12590,12590,1,1
2020-07-31 15:34:21.142,12589,12590,12590,1,1
2020-07-31 15:34:21.821,12589,12591,12589,3,-3
2020-07-31 15:34:25.175,12590,12591,12590,3,3
2020-07-31 15:34:26.264,12590,12591,12590,2,-2
2020-07-31 15:34:26.266,12590,12591,12590,1,-1
2020-07-31 15:34:28.870,12590,12591,12590,1,-1
2020-07-31 15:34:29.048,12590,12591,12590,6,-6
2020-07-31 15:34:29.108,12590,12591,12589,1,-1
2020-07-31 15:34:30.005,12590,12591,12590,1,1
2020-07-31 15:34:30.941,12590,12591,12590,1,-1
2020-07-31 15:34:30.941,12590,12591,12590,1,-1
2020-07-31 15:34:31.233,12590,12591,12590,1,-1
2020-07-31 15:34:31.233,12590,12591,12590,1,-1
2020-07-31 15:34:32.088,12589,12590,12590,1,1
2020-07-31 15:34:33.048,12589,12591,12589,2,-2
2020-07-31 15:34:33.074,12589,12591,12591,1,1
2020-07-31 15:34:34.694,12590,12591,12590,1,-1
2020-07-31 15:34:35.463,12590,12591,12590,1,-1
2020-07-31 15:34:35.934,12590,12591,12590,1,-1
2020-07-31 15:34:36.207,12590,12591,12590,2,-2
2020-07-31 15:34:36.208,12590,12591,12590,1,-1
2020-07-31 15:34:38.308,12589,12590,12589,1,-1
2020-07-31 15:34:38.308,12589,12590,12589,2,-2
2020-07-31 15:34:38.308,12589,12590,12589,12,-12
2020-07-31 15:34:38.308,12589,12590,12589,11,-11
2020-07-31 15:34:40.140,12588,12590,12590,2,2
2020-07-31 15:34:43.344,12588,12589,12589,1,1
2020-07-31 15:34:45.953,12588,12589,12588,1,-1
2020-07-31 15:34:45.953,12588,12589,12588,11,-11
2020-07-31 15:34:45.954,12588,12589,12588,7,-7
2020-07-31 15:34:45.954,12588,12589,12588,2,-2
2020-07-31 15:34:46.821,12587,12588,12587,4,-4
2020-07-31 15:34:46.964,12587,12588,12587,1,-1
2020-07-31 15:34:47.055,12587,12588,12587,2,-2
2020-07-31 15:34:47.055,12587,12588,12587,5,-5
2020-07-31 15:34:47.055,12587,12588,12587,6,-6
2020-07-31 15:34:47.207,12586,12588,12588,1,1
2020-07-31 15:34:48.226,12586,12587,12586,2,-2
2020-07-31 15:34:49.793,12586,12587,12587,1,1
2020-07-31 15:34:50.392,12586,12588,12588,1,1
2020-07-31 15:34:50.720,12586,12588,12586,5,-5
2020-07-31 15:34:50.920,12586,12587,12587,1,1
2020-07-31 15:34:51.736,12586,12587,12586,2,-2
2020-07-31 15:34:52.350,12586,12587,12587,1,1
2020-07-31 15:34:53.570,12586,12587,12587,1,1
2020-07-31 15:34:55.430,12587,12588,12588,1,1
2020-07-31 15:34:56.891,12587,12588,12587,1,-1
2020-07-31 15:34:56.892,12587,12588,12587,1,-1
2020-07-31 15:34:57.979,12586,12587,12587,1,1
2020-07-31 15:34:58.260,12587,12588,12587,2,-2
2020-07-31 15:34:58.260,12587,12588,12587,1,-1
2020-07-31 15:34:59.022,12586,12588,12588,10,10
2020-07-31 15:34:59.521,12587,12588,12587,1,-1
2020-07-31 15:35:00.450,12586,12588,12586,1,-1
2020-07-31 15:35:00.688,12586,12588,12588,1,1
2020-07-31 15:35:01.806,12586,12588,12587,2,-2
2020-07-31 15:35:02.542,12586,12587,12587,2,2
2020-07-31 15:35:02.909,12586,12588,12586,2,-2
2020-07-31 15:35:04.596,12586,12587,12586,2,-2
2020-07-31 15:35:04.597,12586,12587,12586,4,-4
2020-07-31 15:35:04.597,12586,12587,12586,2,-2
2020-07-31 15:35:04.597,12586,12587,12586,2,-2
2020-07-31 15:35:04.598,12586,12587,12586,1,-1
2020-07-31 15:35:04.711,12585,12586,12585,2,-2
2020-07-31 15:35:04.760,12585,12586,12585,2,-2
2020-07-31 15:35:04.801,12585,12586,12585,2,-2
2020-07-31 15:35:04.801,12585,12586,12585,1,-1
2020-07-31 15:35:04.811,12585,12586,12585,2,-2
2020-07-31 15:35:04.811,12585,12586,12585,2,-2
2020-07-31 15:35:04.918,12585,12586,12586,1,1
2020-07-31 15:35:04.920,12585,12586,12585,1,-1
2020-07-31 15:35:04.920,12585,12586,12585,3,-3
2020-07-31 15:35:04.920,12585,12586,12585,1,-1
2020-07-31 15:35:04.923,12585,12586,12584,1,-1
2020-07-31 15:35:04.923,12585,12586,12584,1,-1
2020-07-31 15:35:05.630,12583,12585,12585,1,1
2020-07-31 15:35:05.885,12583,12584,12584,2,2
2020-07-31 15:35:05.916,12583,12584,12585,1,1
2020-07-31 15:35:08.047,12583,12585,12583,1,-1
2020-07-31 15:35:08.204,12583,12585,12583,1,-1
2020-07-31 15:35:08.441,12583,12585,12583,5,-5
2020-07-31 15:35:12.193,12584,12585,12585,3,3
2020-07-31 15:35:12.193,12584,12585,12585,5,5
2020-07-31 15:35:12.193,12584,12585,12585,2,2
2020-07-31 15:35:13.688,12585,12586,12586,2,2
2020-07-31 15:35:14.763,12585,12587,12585,1,-1
2020-07-31 15:35:14.832,12585,12587,12585,1,-1
2020-07-31 15:35:15.548,12585,12586,12585,1,-1
2020-07-31 15:35:15.747,12585,12586,12585,2,-2
2020-07-31 15:35:15.748,12585,12586,12585,1,-1
2020-07-31 15:35:16.053,12585,12586,12585,1,-1
2020-07-31 15:35:16.261,12585,12586,12585,2,-2
2020-07-31 15:35:17.941,12585,12586,12585,1,-1
2020-07-31 15:35:21.684,12585,12586,12586,5,5
2020-07-31 15:35:25.907,12586,12587,12586,5,-5
2020-07-31 15:35:27.097,12586,12587,12587,1,1
2020-07-31 15:35:27.097,12586,12587,12587,1,1
2020-07-31 15:35:28.923,12587,12588,12588,2,2
2020-07-31 15:35:29.571,12588,12589,12588,1,-1
2020-07-31 15:35:33.052,12588,12589,12588,1,-1
2020-07-31 15:35:34.987,12588,12589,12589,2,2
2020-07-31 15:35:34.987,12588,12589,12589,3,3
2020-07-31 15:35:34.988,12588,12589,12589,1,1
2020-07-31 15:35:35.451,12589,12590,12590,5,5
2020-07-31 15:35:35.746,12589,12591,12591,3,3
2020-07-31 15:35:36.219,12589,12591,12589,1,-1
2020-07-31 15:35:37.046,12589,12591,12589,1,-1
2020-07-31 15:35:40.261,12588,12589,12589,1,1
2020-07-31 15:35:42.669,12588,12589,12588,1,-1
2020-07-31 15:35:44.643,12588,12589,12589,4,4
2020-07-31 15:35:44.964,12589,12590,12589,4,-4
2020-07-31 15:35:44.964,12589,12590,12588,5,-5
2020-07-31 15:35:48.126,12588,12590,12588,1,-1
2020-07-31 15:35:52.240,12589,12590,12589,2,2
2020-07-31 15:35:56.584,12588,12590,12589,1,-1
2020-07-31 15:35:56.977,12589,12590,12590,10,10
2020-07-31 15:35:57.110,12589,12591,12589,1,-1
2020-07-31 15:35:57.830,12590,12591,12590,1,1
2020-07-31 15:35:58.379,12590,12591,12591,1,1
2020-07-31 15:35:58.892,12591,12592,12591,5,-5
2020-07-31 15:36:00.128,12590,12592,12590,3,-3
2020-07-31 15:36:05.493,12591,12592,12591,1,1
2020-07-31 15:36:13.189,12591,12592,12592,2,2
2020-07-31 15:36:13.189,12591,12592,12592,2,2
2020-07-31 15:36:13.721,12592,12593,12593,1,1
2020-07-31 15:36:16.029,12592,12593,12592,1,-1
2020-07-31 15:36:16.669,12592,12593,12593,1,1
2020-07-31 15:36:20.198,12592,12593,12593,1,1
2020-07-31 15:36:20.335,12592,12593,12593,2,2
2020-07-31 15:36:20.429,12593,12594,12594,1,1
2020-07-31 15:36:26.326,12592,12593,12592,1,-1
2020-07-31 15:36:29.602,12591,12593,12593,1,1
2020-07-31 15:36:30.488,12591,12593,12591,2,-2
2020-07-31 15:36:36.047,12591,12593,12591,1,-1
2020-07-31 15:36:39.014,12591,12592,12591,2,-2
2020-07-31 15:36:44.356,12591,12592,12591,1,-1
2020-07-31 15:36:44.357,12591,12592,12591,2,-2
2020-07-31 15:36:44.357,12591,12592,12591,3,-3
2020-07-31 15:36:44.357,12591,12592,12591,2,-2
2020-07-31 15:36:44.357,12591,12592,12591,6,-6
2020-07-31 15:36:58.541,12591,12592,12591,3,-3
2020-07-31 15:37:01.544,12591,12592,12591,1,-1
2020-07-31 15:37:01.545,12591,12592,12591,8,-8
2020-07-31 15:37:04.789,12591,12592,12591,1,-1
2020-07-31 15:37:07.858,12590,12591,12591,2,2
2020-07-31 15:37:07.858,12590,12591,12591,1,1
2020-07-31 15:37:08.387,12591,12592,12591,1,-1
2020-07-31 15:37:10.812,12591,12592,12592,1,1
2020-07-31 15:37:17.657,12590,12591,12591,1,1
2020-07-31 15:37:26.210,12590,12592,12592,5,5
2020-07-31 15:37:34.878,12590,12591,12591,1,1
2020-07-31 15:37:39.517,12590,12591,12591,5,5
2020-07-31 15:37:43.879,12590,12592,12592,1,1
2020-07-31 15:37:49.648,12590,12591,12591,2,2
2020-07-31 15:37:51.424,12591,12592,12592,1,1
2020-07-31 15:38:00.261,12590,12591,12591,2,2
2020-07-31 15:38:03.385,12590,12591,12590,4,-4
2020-07-31 15:38:03.608,12589,12591,12589,1,-1
2020-07-31 15:38:07.231,12590,12591,12591,2,2
2020-07-31 15:38:09.655,12590,12591,12590,1,-1
2020-07-31 15:38:09.816,12590,12591,12590,1,-1
2020-07-31 15:38:22.337,12590,12591,12590,1,-1
2020-07-31 15:38:26.029,12590,12591,12591,1,1
2020-07-31 15:38:26.029,12590,12591,12591,1,1
2020-07-31 15:38:29.053,12591,12592,12591,1,-1
2020-07-31 15:38:32.140,12590,12592,12592,2,2
2020-07-31 15:38:36.605,12591,12592,12592,5,5
2020-07-31 15:38:40.187,12590,12591,12591,1,1
2020-07-31 15:38:49.407,12591,12592,12591,1,-1
2020-07-31 15:39:11.238,12590,12591,12591,1,1
2020-07-31 15:39:18.196,12590,12591,12591,1,1
2020-07-31 15:39:19.662,12590,12591,12591,1,1
2020-07-31 15:39:23.233,12590,12591,12591,1,1
2020-07-31 15:39:26.156,12590,12591,12591,1,1
2020-07-31 15:39:29.019,12590,12591,12590,4,-4
2020-07-31 15:39:29.020,12590,12591,12590,1,-1
2020-07-31 15:39:29.020,12590,12591,12590,8,-8
2020-07-31 15:39:45.572,12589,12590,12590,1,1
2020-07-31 15:39:45.572,12589,12590,12590,4,4
2020-07-31 15:39:45.572,12589,12590,12590,2,2
2020-07-31 15:39:48.787,12590,12591,12591,4,4
2020-07-31 15:39:49.577,12591,12592,12592,2,2
2020-07-31 15:39:49.813,12592,12593,12593,2,2
2020-07-31 15:39:50.119,12593,12594,12594,1,1
2020-07-31 15:39:52.493,12591,12593,12591,1,-1
2020-07-31 15:39:52.603,12591,12593,12591,1,-1
2020-07-31 15:39:59.870,12591,12592,12592,1,1
2020-07-31 15:40:00.713,12592,12594,12594,1,1
2020-07-31 15:40:01.018,12593,12594,12594,1,1
2020-07-31 15:40:01.061,12593,12594,12594,6,6
2020-07-31 15:40:02.637,12593,12595,12593,1,-1
2020-07-31 15:40:02.782,12593,12595,12593,1,-1
2020-07-31 15:40:04.264,12592,12594,12592,1,-1
2020-07-31 15:40:07.996,12592,12594,12593,1,1
2020-07-31 15:40:08.301,12593,12594,12593,1,-1
2020-07-31 15:40:08.923,12592,12593,12592,1,-1
2020-07-31 15:40:09.066,12592,12593,12592,6,-6
2020-07-31 15:40:16.074,12592,12593,12593,3,3
2020-07-31 15:40:16.613,12593,12594,12593,1,-1
2020-07-31 15:40:17.238,12592,12594,12592,1,-1
2020-07-31 15:40:17.306,12592,12594,12592,1,-1
2020-07-31 15:40:18.269,12593,12594,12594,3,3
2020-07-31 15:40:18.742,12594,12595,12595,1,1
2020-07-31 15:40:18.743,12594,12595,12595,11,11
2020-07-31 15:40:18.743,12594,12595,12595,1,1
2020-07-31 15:40:18.743,12594,12595,12595,6,6
2020-07-31 15:40:19.014,12595,12596,12595,1,-1
2020-07-31 15:40:19.056,12595,12596,12595,1,-1
2020-07-31 15:40:21.590,12594,12595,12594,1,-1
2020-07-31 15:40:28.130,12593,12594,12593,1,-1
2020-07-31 15:40:28.716,12592,12594,12594,8,8
2020-07-31 15:40:28.716,12592,12594,12595,2,2
2020-07-31 15:40:37.217,12593,12595,12593,11,-11
2020-07-31 15:40:37.217,12593,12595,12592,9,-9
2020-07-31 15:40:37.260,12592,12594,12592,1,-1
2020-07-31 15:40:37.757,12592,12594,12594,1,1
2020-07-31 15:40:56.988,12590,12591,12591,2,2
2020-07-31 15:40:56.988,12590,12591,12591,2,2
2020-07-31 15:41:05.019,12590,12592,12592,1,1
2020-07-31 15:41:09.801,12590,12592,12592,1,1
2020-07-31 15:41:14.442,12591,12593,12593,1,1
2020-07-31 15:41:17.533,12592,12593,12593,1,1
2020-07-31 15:41:18.435,12593,12594,12593,1,-1
2020-07-31 15:41:35.179,12592,12593,12593,1,1
2020-07-31 15:41:36.119,12592,12593,12593,1,1
2020-07-31 15:41:38.746,12593,12594,12594,1,1
2020-07-31 15:41:38.746,12593,12594,12594,8,8
2020-07-31 15:41:40.383,12594,12595,12595,2,2
2020-07-31 15:41:40.383,12594,12595,12595,2,2
2020-07-31 15:41:42.090,12594,12596,12594,1,-1
2020-07-31 15:41:43.407,12594,12595,12595,2,2
2020-07-31 15:41:45.974,12595,12596,12595,1,-1
2020-07-31 15:41:56.625,12594,12595,12595,4,4
2020-07-31 15:42:00.690,12594,12595,12594,1,-1
2020-07-31 15:42:06.006,12592,12594,12594,1,1
2020-07-31 15:42:18.799,12594,12595,12595,1,1
2020-07-31 15:42:23.072,12594,12595,12594,1,-1
2020-07-31 15:42:25.605,12593,12594,12594,1,1
2020-07-31 15:42:27.625,12593,12594,12593,1,-1
2020-07-31 15:42:48.055,12593,12594,12593,1,-1
2020-07-31 15:42:49.029,12593,12594,12593,4,-4
2020-07-31 15:42:53.614,12592,12593,12593,1,1
2020-07-31 15:43:02.230,12592,12593,12592,3,-3
2020-07-31 15:43:02.230,12592,12593,12592,1,-1
2020-07-31 15:43:02.638,12591,12592,12591,1,-1
2020-07-31 15:43:06.000,12591,12592,12591,1,-1
2020-07-31 15:43:06.000,12591,12592,12591,2,-2
2020-07-31 15:43:07.597,12590,12592,12590,1,-1
2020-07-31 15:43:07.874,12590,12592,12592,1,1
2020-07-31 15:43:08.082,12591,12592,12591,1,-1
2020-07-31 15:43:08.985,12591,12592,12591,1,-1
2020-07-31 15:43:11.180,12590,12591,12590,1,-1
2020-07-31 15:43:12.631,12589,12590,12590,1,1
2020-07-31 15:43:12.631,12589,12590,12591,2,2
2020-07-31 15:43:14.060,12590,12591,12590,1,-1
2020-07-31 15:43:14.231,12589,12591,12589,1,-1
2020-07-31 15:43:14.306,12589,12591,12589,4,-4
2020-07-31 15:43:15.926,12589,12591,12589,1,-1
2020-07-31 15:43:21.251,12589,12591,12589,5,-5
2020-07-31 15:43:27.354,12590,12591,12590,1,1
2020-07-31 15:43:33.697,12590,12591,12591,2,2
2020-07-31 15:43:42.647,12590,12591,12590,1,-1
2020-07-31 15:43:42.722,12590,12591,12589,1,-1
2020-07-31 15:43:43.628,12589,12590,12589,1,-1
2020-07-31 15:43:44.995,12589,12590,12590,1,1
2020-07-31 15:43:46.824,12590,12591,12590,1,-1
2020-07-31 15:43:52.472,12590,12591,12591,1,1
2020-07-31 15:43:52.473,12590,12591,12591,1,1
2020-07-31 15:43:52.722,12591,12592,12590,1,-1
2020-07-31 15:44:01.255,12590,12591,12591,1,1
2020-07-31 15:44:02.385,12590,12592,12592,1,1
2020-07-31 15:44:19.904,12591,12592,12591,1,-1
2020-07-31 15:44:29.986,12590,12591,12590,1,-1
2020-07-31 15:44:40.550,12590,12591,12591,1,1
2020-07-31 15:44:42.386,12590,12591,12591,1,1
2020-07-31 15:44:44.451,12590,12592,12590,1,-1
2020-07-31 15:44:48.088,12590,12592,12591,1,1
2020-07-31 15:44:58.772,12591,12592,12591,1,-1
2020-07-31 15:45:03.863,12590,12591,12591,1,1
2020-07-31 15:45:07.276,12591,12592,12592,2,2
2020-07-31 15:45:08.444,12591,12592,12592,1,1
2020-07-31 15:45:08.444,12591,12592,12592,1,1
2020-07-31 15:45:10.468,12592,12593,12593,6,6
2020-07-31 15:45:10.469,12592,12593,12593,1,1
2020-07-31 15:45:10.469,12592,12593,12593,2,2
2020-07-31 15:45:12.637,12593,12594,12594,1,1
2020-07-31 15:45:13.036,12593,12595,12595,1,1
2020-07-31 15:45:13.684,12592,12594,12594,1,1
2020-07-31 15:45:16.624,12593,12594,12594,1,1
2020-07-31 15:45:17.818,12593,12594,12594,6,6
2020-07-31 15:45:17.938,12593,12594,12593,1,-1
2020-07-31 15:45:26.314,12591,12593,12593,1,1
2020-07-31 15:45:36.033,12591,12593,12592,2,-2
2020-07-31 15:45:39.848,12591,12592,12591,2,-2
2020-07-31 15:45:39.849,12591,12592,12591,3,-3
2020-07-31 15:45:43.540,12590,12592,12590,5,-5
2020-07-31 15:46:03.408,12590,12592,12590,1,-1
2020-07-31 15:46:18.923,12590,12592,12590,3,-3
2020-07-31 15:46:21.945,12590,12592,12590,1,-1
2020-07-31 15:46:23.377,12590,12591,12590,14,-14
2020-07-31 15:46:28.846,12590,12591,12590,1,-1
2020-07-31 15:46:28.846,12590,12591,12589,2,-2
2020-07-31 15:46:34.102,12589,12590,12589,1,-1
2020-07-31 15:46:40.151,12589,12590,12589,1,-1
2020-07-31 15:46:46.583,12588,12589,12588,1,-1
2020-07-31 15:46:49.188,12588,12589,12589,2,2
2020-07-31 15:46:49.564,12589,12590,12589,1,-1
2020-07-31 15:46:54.729,12588,12589,12589,2,2
2020-07-31 15:47:01.509,12588,12589,12588,3,-3
2020-07-31 15:47:01.509,12588,12589,12588,6,-6
2020-07-31 15:47:01.635,12587,12588,12587,1,-1
2020-07-31 15:47:01.639,12587,12588,12588,2,2
2020-07-31 15:47:01.640,12587,12588,12588,3,3
2020-07-31 15:47:01.641,12587,12588,12588,3,3
2020-07-31 15:47:01.643,12587,12588,12588,2,2
2020-07-31 15:47:01.644,12587,12588,12588,1,1
2020-07-31 15:47:01.644,12587,12588,12588,1,1
2020-07-31 15:47:01.644,12587,12588,12589,2,2
2020-07-31 15:47:01.645,12587,12588,12589,1,1
2020-07-31 15:47:01.645,12587,12588,12589,1,1
2020-07-31 15:47:01.646,12587,12588,12589,1,1
2020-07-31 15:47:01.647,12587,12588,12589,1,1
2020-07-31 15:47:01.648,12587,12588,12589,3,3
2020-07-31 15:47:01.660,12587,12588,12589,1,1
2020-07-31 15:47:01.663,12587,12588,12590,1,1
2020-07-31 15:47:01.664,12587,12588,12590,1,1
2020-07-31 15:47:01.666,12587,12588,12590,9,9
2020-07-31 15:47:01.673,12587,12588,12590,1,1
2020-07-31 15:47:01.676,12587,12588,12590,1,1
2020-07-31 15:47:01.677,12587,12588,12590,2,2
2020-07-31 15:47:01.677,12587,12588,12591,3,3
2020-07-31 15:47:01.678,12587,12588,12591,5,5
2020-07-31 15:47:01.679,12587,12588,12591,1,1
2020-07-31 15:47:01.679,12587,12588,12591,2,2
2020-07-31 15:47:01.679,12587,12588,12592,1,1
2020-07-31 15:47:01.680,12587,12588,12591,1,1
2020-07-31 15:47:01.683,12587,12588,12590,5,5
2020-07-31 15:47:01.701,12587,12588,12591,2,2
2020-07-31 15:47:01.708,12587,12588,12589,1,1
2020-07-31 15:47:01.932,12589,12591,12589,5,-5
2020-07-31 15:47:02.352,12589,12591,12589,6,-6
2020-07-31 15:47:02.385,12589,12590,12589,6,-6
2020-07-31 15:47:06.385,12588,12589,12588,3,-3
2020-07-31 15:47:07.696,12587,12589,12589,1,1
2020-07-31 15:47:09.561,12588,12589,12588,1,-1
2020-07-31 15:47:22.077,12588,12589,12588,1,-1
2020-07-31 15:47:23.116,12588,12589,12589,1,1
2020-07-31 15:47:23.117,12588,12589,12589,2,2
2020-07-31 15:47:23.762,12588,12589,12589,1,1
2020-07-31 15:47:36.317,12589,12590,12589,1,-1
2020-07-31 15:47:39.971,12588,12589,12588,1,-1
2020-07-31 15:47:40.639,12588,12589,12588,1,-1
2020-07-31 15:47:46.905,12588,12589,12589,1,1
2020-07-31 15:47:50.091,12588,12589,12589,1,1
2020-07-31 15:47:56.896,12588,12589,12589,1,1
2020-07-31 15:48:01.423,12589,12590,12589,1,-1
2020-07-31 15:48:01.896,12588,12589,12589,1,1
2020-07-31 15:48:01.896,12588,12589,12590,1,1
2020-07-31 15:48:01.911,12588,12589,12590,2,2
2020-07-31 15:48:04.542,12588,12589,12589,1,1
2020-07-31 15:48:14.137,12589,12590,12589,1,-1
2020-07-31 15:48:27.486,12589,12590,12590,1,1
2020-07-31 15:48:32.782,12590,12591,12591,4,4
2020-07-31 15:48:39.373,12590,12591,12590,2,-2
2020-07-31 15:48:41.165,12589,12591,12591,10,10
2020-07-31 15:48:42.851,12589,12591,12590,1,-1
2020-07-31 15:48:44.592,12589,12590,12590,2,2
2020-07-31 15:48:52.100,12589,12590,12590,2,2
2020-07-31 15:48:56.931,12590,12591,12590,1,-1
2020-07-31 15:49:02.195,12589,12591,12590,1,-1
2020-07-31 15:49:02.579,12589,12590,12590,2,2
2020-07-31 15:49:23.392,12589,12590,12590,2,2
2020-07-31 15:49:26.445,12590,12591,12590,1,-1
2020-07-31 15:49:26.445,12590,12591,12590,1,-1
2020-07-31 15:49:28.585,12589,12590,12589,1,-1
2020-07-31 15:49:39.588,12589,12590,12589,1,-1
2020-07-31 15:49:53.668,12589,12590,12589,1,-1
2020-07-31 15:50:02.198,12589,12590,12589,1,-1
2020-07-31 15:50:02.335,12589,12590,12589,1,-1
2020-07-31 15:50:02.652,12588,12590,12590,2,2
2020-07-31 15:50:02.707,12588,12590,12590,2,2
2020-07-31 15:50:03.815,12589,12591,12589,2,-2
2020-07-31 15:50:08.324,12590,12591,12591,4,4
2020-07-31 15:50:11.159,12590,12592,12590,1,-1
2020-07-31 15:50:31.614,12588,12590,12590,2,2
2020-07-31 15:50:56.842,12588,12590,12588,1,-1
2020-07-31 15:51:04.895,12588,12589,12588,3,-3
2020-07-31 15:51:04.895,12588,12589,12588,4,-4
2020-07-31 15:51:05.700,12587,12588,12587,1,-1
2020-07-31 15:51:11.187,12587,12588,12587,3,-3
2020-07-31 15:51:11.474,12587,12588,12588,1,1
2020-07-31 15:51:11.870,12587,12588,12588,1,1
2020-07-31 15:51:16.235,12587,12588,12588,2,2
2020-07-31 15:51:16.435,12587,12588,12588,2,2
2020-07-31 15:51:16.720,12588,12589,12588,1,-1
2020-07-31 15:51:17.044,12587,12589,12587,2,-2
2020-07-31 15:51:31.371,12587,12589,12587,1,-1
2020-07-31 15:51:33.838,12588,12589,12589,1,1
2020-07-31 15:51:34.231,12588,12589,12588,1,-1
2020-07-31 15:51:35.045,12588,12589,12588,2,-2
2020-07-31 15:51:48.519,12587,12588,12587,2,-2
2020-07-31 15:51:48.519,12587,12588,12587,3,-3
2020-07-31 15:51:50.291,12586,12588,12588,2,2
2020-07-31 15:51:56.515,12587,12589,12589,1,1
2020-07-31 15:52:12.444,12587,12588,12588,1,1
2020-07-31 15:52:20.193,12587,12588,12588,3,3
2020-07-31 15:52:28.166,12588,12589,12588,1,-1
2020-07-31 15:52:29.135,12588,12589,12588,1,-1
2020-07-31 15:52:30.061,12586,12588,12588,1,1
2020-07-31 15:52:46.273,12586,12587,12587,1,1
2020-07-31 15:52:55.947,12586,12587,12586,1,-1
2020-07-31 15:52:58.973,12586,12587,12586,1,-1
2020-07-31 15:53:01.784,12586,12587,12586,2,-2
2020-07-31 15:53:02.405,12586,12587,12586,1,-1
2020-07-31 15:53:04.753,12586,12587,12586,1,-1
2020-07-31 15:53:05.035,12586,12587,12586,10,-10
2020-07-31 15:53:05.035,12586,12587,12586,12,-12
2020-07-31 15:53:05.159,12585,12586,12586,1,1
2020-07-31 15:53:05.159,12585,12586,12587,1,1
2020-07-31 15:53:06.805,12585,12587,12585,1,-1
2020-07-31 15:53:09.226,12585,12586,12586,1,1
2020-07-31 15:53:16.980,12585,12587,12587,2,2
2020-07-31 15:53:17.056,12585,12587,12587,1,1
2020-07-31 15:53:17.115,12585,12587,12587,1,1
2020-07-31 15:53:17.474,12586,12587,12587,1,1
2020-07-31 15:53:17.509,12586,12587,12587,1,1
2020-07-31 15:53:17.517,12586,12587,12587,1,1
2020-07-31 15:53:21.113,12586,12588,12586,13,-13
2020-07-31 15:53:22.419,12585,12586,12586,7,7
2020-07-31 15:53:28.558,12586,12588,12586,9,-9
2020-07-31 15:53:28.558,12586,12588,12586,1,-1
2020-07-31 15:53:28.559,12586,12588,12586,10,-10
2020-07-31 15:53:29.895,12586,12587,12586,1,-1
2020-07-31 15:53:30.265,12585,12586,12586,1,1
2020-07-31 15:53:32.106,12585,12586,12586,2,2
2020-07-31 15:53:38.536,12585,12586,12586,2,2
2020-07-31 15:53:38.759,12585,12587,12587,1,1
2020-07-31 15:53:44.257,12585,12586,12585,4,-4
2020-07-31 15:53:44.258,12585,12586,12585,6,-6
2020-07-31 15:53:44.629,12584,12585,12585,1,1
2020-07-31 15:53:45.045,12584,12586,12586,1,1
2020-07-31 15:53:45.397,12584,12586,12584,1,-1
2020-07-31 15:53:45.828,12585,12586,12585,1,1
2020-07-31 15:53:46.944,12585,12586,12585,1,-1
2020-07-31 15:53:49.656,12585,12586,12585,1,-1
2020-07-31 15:53:54.470,12584,12585,12585,1,1
2020-07-31 15:53:59.001,12584,12585,12584,14,-14
2020-07-31 15:54:01.089,12583,12584,12583,1,-1
2020-07-31 15:54:01.172,12583,12584,12583,1,-1
2020-07-31 15:54:03.521,12583,12584,12583,1,-1
2020-07-31 15:54:03.601,12583,12584,12583,1,-1
2020-07-31 15:54:03.601,12583,12584,12583,4,-4
2020-07-31 15:54:03.601,12583,12584,12583,4,-4
2020-07-31 15:54:03.601,12583,12584,12583,2,-2
2020-07-31 15:54:03.601,12583,12584,12583,1,-1
2020-07-31 15:54:07.984,12583,12584,12583,1,-1
2020-07-31 15:54:09.803,12583,12584,12583,2,-2
2020-07-31 15:54:12.171,12583,12584,12583,6,-6
2020-07-31 15:54:16.343,12582,12584,12582,1,-1
2020-07-31 15:54:32.176,12583,12584,12583,1,1
2020-07-31 15:54:32.296,12583,12584,12583,1,-1
2020-07-31 15:54:32.296,12583,12584,12583,1,-1
2020-07-31 15:54:35.495,12582,12584,12583,2,-2
2020-07-31 15:54:36.107,12583,12584,12584,1,1
2020-07-31 15:54:37.635,12583,12584,12584,5,5
2020-07-31 15:54:50.118,12584,12585,12584,1,-1
2020-07-31 15:54:53.792,12583,12585,12583,1,-1
2020-07-31 15:54:58.300,12584,12585,12584,1,1
2020-07-31 15:55:12.764,12583,12584,12583,2,-2
2020-07-31 15:55:23.708,12583,12584,12583,2,-2
2020-07-31 15:55:25.170,12583,12584,12583,1,-1
2020-07-31 15:55:26.455,12583,12584,12583,1,-1
2020-07-31 15:55:27.507,12583,12584,12583,1,-1
2020-07-31 15:55:27.837,12583,12584,12583,1,-1
2020-07-31 15:55:31.260,12582,12583,12583,1,1
2020-07-31 15:55:38.128,12582,12584,12582,1,-1
2020-07-31 15:55:38.441,12582,12583,12583,1,1
2020-07-31 15:55:44.066,12583,12584,12583,1,-1
2020-07-31 15:55:47.121,12583,12584,12584,5,5
2020-07-31 15:55:54.364,12584,12585,12584,1,-1
2020-07-31 15:55:54.364,12584,12585,12583,2,-2
2020-07-31 15:56:07.106,12583,12585,12583,1,-1
2020-07-31 15:56:11.967,12583,12585,12583,16,-16
2020-07-31 15:56:12.893,12582,12583,12582,1,-1
2020-07-31 15:56:13.018,12582,12583,12582,1,-1
2020-07-31 15:56:13.242,12582,12583,12582,1,-1
2020-07-31 15:56:13.446,12582,12583,12582,1,-1
2020-07-31 15:56:19.284,12582,12583,12583,4,4
2020-07-31 15:56:21.628,12582,12583,12582,1,-1
2020-07-31 15:56:28.679,12582,12583,12582,1,-1
2020-07-31 15:56:31.509,12582,12583,12583,1,1
2020-07-31 15:56:31.583,12582,12583,12582,18,-18
2020-07-31 15:56:31.584,12582,12583,12582,2,-2
2020-07-31 15:56:34.075,12581,12583,12581,20,-20
2020-07-31 15:56:34.191,12581,12582,12581,2,-2
2020-07-31 15:56:36.200,12581,12582,12581,1,-1
2020-07-31 15:56:39.506,12581,12582,12581,2,-2
2020-07-31 15:56:39.506,12581,12582,12581,1,-1
2020-07-31 15:56:41.937,12580,12581,12581,2,2
2020-07-31 15:56:46.883,12580,12581,12580,1,-1
2020-07-31 15:56:46.919,12580,12581,12580,5,-5
2020-07-31 15:56:46.920,12580,12581,12580,1,-1
2020-07-31 15:56:46.920,12580,12581,12580,2,-2
2020-07-31 15:56:46.920,12580,12581,12580,5,-5
2020-07-31 15:56:46.929,12580,12581,12579,1,-1
2020-07-31 15:56:46.961,12580,12581,12579,1,-1
2020-07-31 15:56:47.074,12579,12581,12581,1,1
2020-07-31 15:56:47.298,12579,12581,12581,2,2
2020-07-31 15:56:48.688,12580,12581,12580,1,-1
2020-07-31 15:56:48.976,12580,12581,12580,1,-1
2020-07-31 15:56:51.771,12579,12580,12579,1,-1
2020-07-31 15:56:54.123,12579,12580,12579,1,-1
2020-07-31 15:56:54.863,12579,12580,12579,2,-2
2020-07-31 15:56:57.054,12579,12580,12579,1,-1
2020-07-31 15:56:59.134,12579,12580,12580,4,4
2020-07-31 15:56:59.134,12579,12580,12580,1,1
2020-07-31 15:57:03.719,12579,12581,12580,1,-1
2020-07-31 15:57:05.061,12580,12581,12580,2,-2
2020-07-31 15:57:05.770,12580,12581,12581,1,1
2020-07-31 15:57:05.811,12580,12581,12581,1,1
2020-07-31 15:57:05.811,12580,12581,12581,1,1
2020-07-31 15:57:05.811,12580,12581,12581,1,1
2020-07-31 15:57:05.811,12580,12581,12581,1,1
2020-07-31 15:57:05.811,12580,12581,12581,1,1
2020-07-31 15:57:07.938,12581,12582,12580,1,-1
2020-07-31 15:57:13.680,12581,12582,12581,1,1
2020-07-31 15:57:18.510,12581,12582,12582,6,6
2020-07-31 15:57:39.652,12583,12584,12583,5,5
2020-07-31 15:57:41.136,12582,12583,12583,1,1
2020-07-31 15:57:46.289,12582,12583,12582,1,-1
2020-07-31 15:57:46.289,12582,12583,12582,3,-3
2020-07-31 15:57:46.290,12582,12583,12582,2,-2
2020-07-31 15:57:46.290,12582,12583,12582,4,-4
2020-07-31 15:57:46.562,12581,12582,12581,1,-1
2020-07-31 15:57:51.150,12581,12582,12581,20,-20
2020-07-31 15:57:54.883,12580,12581,12581,1,1
2020-07-31 15:57:55.073,12580,12581,12580,3,-3
2020-07-31 15:57:55.073,12580,12581,12580,1,-1
2020-07-31 15:57:57.846,12580,12581,12580,1,-1
2020-07-31 15:57:59.587,12579,12580,12580,1,1
2020-07-31 15:58:02.081,12579,12580,12579,1,-1
2020-07-31 15:58:05.520,12579,12580,12580,1,1
2020-07-31 15:58:08.285,12579,12580,12580,2,2
2020-07-31 15:58:09.257,12580,12581,12581,1,1
2020-07-31 15:58:15.461,12580,12581,12580,2,-2
2020-07-31 15:58:23.054,12580,12581,12580,1,-1
2020-07-31 15:58:24.182,12579,12580,12580,3,3
2020-07-31 15:58:28.146,12579,12580,12580,1,1
2020-07-31 15:58:29.186,12579,12580,12579,2,-2
2020-07-31 15:58:29.908,12579,12580,12580,1,1
2020-07-31 15:58:30.018,12579,12580,12580,1,1
2020-07-31 15:58:30.018,12579,12580,12580,1,1
2020-07-31 15:58:30.018,12579,12580,12580,1,1
2020-07-31 15:58:32.206,12579,12580,12580,1,1
2020-07-31 15:58:39.077,12579,12580,12580,1,1
2020-07-31 15:58:41.830,12579,12580,12580,1,1
2020-07-31 15:58:45.051,12579,12580,12580,1,1
2020-07-31 15:58:45.340,12579,12581,12579,1,-1
2020-07-31 15:58:52.773,12579,12580,12579,1,-1
2020-07-31 15:58:53.080,12579,12580,12580,1,1
2020-07-31 15:59:06.940,12580,12581,12581,3,3
2020-07-31 15:59:15.463,12580,12582,12582,10,10
2020-07-31 15:59:24.860,12581,12583,12583,1,1
2020-07-31 15:59:26.259,12581,12583,12583,1,1
2020-07-31 15:59:30.821,12581,12583,12583,1,1
2020-07-31 15:59:37.093,12581,12583,12583,1,1
2020-07-31 15:59:43.773,12581,12582,12582,2,2
2020-07-31 15:59:55.783,12582,12583,12583,2,2
2020-07-31 16:00:02.511,12582,12583,12583,1,1
2020-07-31 16:00:02.683,12582,12583,12582,10,-10
2020-07-31 16:00:02.687,12582,12583,12583,1,1
2020-07-31 16:00:02.958,12581,12583,12581,8,-8
2020-07-31 16:00:04.682,12580,12582,12580,10,-10
2020-07-31 16:00:08.558,12580,12582,12582,1,1
2020-07-31 16:00:20.156,12580,12581,12581,1,1
2020-07-31 16:00:32.018,12580,12581,12581,1,1
2020-07-31 16:00:35.457,12580,12581,12581,1,1
2020-07-31 16:00:35.601,12580,12582,12580,1,-1
2020-07-31 16:00:43.281,12580,12582,12581,2,2
2020-07-31 16:00:49.755,12581,12582,12581,2,-2
2020-07-31 16:00:51.355,12581,12582,12581,1,-1
2020-07-31 16:00:52.643,12581,12582,12581,1,-1
2020-07-31 16:00:52.823,12580,12582,12582,1,1
2020-07-31 16:01:13.418,12580,12581,12581,2,2
2020-07-31 16:01:13.907,12580,12581,12580,1,-1
2020-07-31 16:01:13.907,12580,12581,12580,2,-2
2020-07-31 16:01:13.907,12580,12581,12580,2,-2
2020-07-31 16:01:15.316,12579,12580,12580,1,1
2020-07-31 16:01:27.385,12579,12580,12579,5,-5
2020-07-31 16:01:29.278,12579,12580,12579,1,-1
2020-07-31 16:01:32.452,12579,12580,12579,1,-1
2020-07-31 16:01:32.452,12579,12580,12579,1,-1
2020-07-31 16:01:32.453,12579,12580,12579,1,-1
2020-07-31 16:01:37.475,12578,12579,12578,10,-10
2020-07-31 16:01:41.010,12577,12578,12577,1,-1
2020-07-31 16:01:43.252,12577,12579,12579,1,1
2020-07-31 16:01:44.349,12577,12578,12577,2,-2
2020-07-31 16:01:44.349,12577,12578,12577,8,-8
2020-07-31 16:01:47.864,12576,12577,12576,1,-1
2020-07-31 16:01:47.929,12576,12577,12576,2,-2
2020-07-31 16:01:49.202,12576,12577,12576,1,-1
2020-07-31 16:01:49.607,12576,12577,12576,1,-1
2020-07-31 16:01:49.665,12576,12577,12576,1,-1
2020-07-31 16:01:52.294,12576,12577,12576,1,-1
2020-07-31 16:01:53.450,12575,12576,12575,1,-1
2020-07-31 16:01:53.579,12575,12576,12575,1,-1
2020-07-31 16:01:53.581,12575,12576,12576,1,1
2020-07-31 16:01:58.824,12575,12576,12575,1,-1
2020-07-31 16:01:59.846,12575,12576,12576,1,1
2020-07-31 16:02:00.056,12575,12576,12576,6,6
2020-07-31 16:02:00.284,12576,12577,12576,1,-1
2020-07-31 16:02:00.355,12576,12577,12576,1,-1
2020-07-31 16:02:02.900,12576,12577,12576,2,-2
2020-07-31 16:02:03.065,12576,12577,12577,1,1
2020-07-31 16:02:04.148,12577,12578,12577,1,-1
2020-07-31 16:02:04.719,12577,12578,12577,1,-1
2020-07-31 16:02:04.904,12576,12578,12578,2,2
2020-07-31 16:02:07.217,12576,12578,12576,2,-2
2020-07-31 16:02:09.883,12577,12579,12579,1,1
2020-07-31 16:02:12.406,12577,12579,12577,1,-1
2020-07-31 16:02:13.523,12577,12578,12578,1,1
2020-07-31 16:02:22.316,12577,12578,12578,2,2
2020-07-31 16:02:30.226,12578,12579,12579,1,1
2020-07-31 16:02:31.269,12578,12580,12580,1,1
2020-07-31 16:02:37.544,12579,12580,12580,2,2
2020-07-31 16:02:37.544,12579,12580,12580,1,1
2020-07-31 16:02:40.133,12579,12580,12580,2,2
2020-07-31 16:02:43.574,12579,12580,12580,1,1
2020-07-31 16:02:45.459,12579,12581,12580,1,-1
2020-07-31 16:02:45.728,12580,12582,12580,1,-1
2020-07-31 16:03:00.304,12580,12581,12580,2,-2
2020-07-31 16:03:02.458,12579,12581,12581,8,8
2020-07-31 16:03:04.258,12580,12581,12580,1,-1
2020-07-31 16:03:04.352,12580,12581,12581,1,1
2020-07-31 16:03:12.162,12580,12581,12580,2,-2
2020-07-31 16:03:12.566,12580,12581,12580,2,-2
2020-07-31 16:03:12.904,12580,12581,12580,1,-1
2020-07-31 16:03:13.551,12580,12581,12580,1,-1
2020-07-31 16:03:20.756,12580,12581,12580,1,-1
2020-07-31 16:03:31.613,12579,12580,12580,5,5
2020-07-31 16:03:40.646,12579,12580,12580,1,1
2020-07-31 16:03:48.656,12580,12581,12581,3,3
2020-07-31 16:03:49.758,12581,12582,12581,1,-1
2020-07-31 16:03:53.052,12580,12581,12581,1,1
2020-07-31 16:03:56.666,12580,12581,12581,1,1
2020-07-31 16:03:59.049,12580,12581,12581,1,1
2020-07-31 16:04:02.242,12581,12582,12582,6,6
2020-07-31 16:04:02.242,12581,12582,12582,1,1
2020-07-31 16:04:05.022,12582,12583,12582,1,-1
2020-07-31 16:04:06.966,12582,12583,12582,1,-1
2020-07-31 16:04:11.722,12581,12582,12582,1,1
2020-07-31 16:04:22.231,12581,12582,12582,1,1
2020-07-31 16:04:31.428,12581,12582,12582,1,1
2020-07-31 16:04:31.771,12581,12582,12582,3,3
2020-07-31 16:04:36.596,12581,12582,12582,1,1
2020-07-31 16:04:38.748,12581,12582,12581,2,-2
2020-07-31 16:04:40.410,12580,12581,12581,1,1
2020-07-31 16:04:51.256,12581,12582,12581,2,-2
2020-07-31 16:04:54.739,12580,12581,12581,1,1
2020-07-31 16:04:54.836,12580,12582,12581,1,-1
2020-07-31 16:04:55.869,12580,12581,12580,7,-7
2020-07-31 16:04:56.081,12579,12580,12579,1,-1
2020-07-31 16:04:57.374,12579,12580,12580,2,2
2020-07-31 16:04:59.149,12579,12580,12579,1,-1
2020-07-31 16:04:59.149,12579,12580,12579,1,-1
2020-07-31 16:04:59.149,12579,12580,12579,2,-2
2020-07-31 16:04:59.303,12578,12579,12578,2,-2
2020-07-31 16:04:59.311,12578,12579,12578,5,-5
2020-07-31 16:05:04.452,12577,12578,12578,1,1
2020-07-31 16:05:07.113,12577,12578,12578,4,4
2020-07-31 16:05:19.051,12577,12579,12577,1,-1
2020-07-31 16:05:23.034,12578,12579,12579,1,1
2020-07-31 16:05:25.830,12578,12579,12578,1,-1
2020-07-31 16:05:28.055,12578,12579,12578,1,-1
2020-07-31 16:05:35.534,12577,12578,12577,6,-6
2020-07-31 16:05:36.467,12576,12578,12577,1,-1
2020-07-31 16:05:46.483,12576,12577,12576,7,-7
2020-07-31 16:05:46.546,12575,12576,12575,1,-1
2020-07-31 16:05:52.771,12575,12576,12575,1,-1
2020-07-31 16:05:52.921,12575,12576,12576,1,1
2020-07-31 16:05:54.515,12575,12576,12576,2,2
2020-07-31 16:05:54.934,12575,12577,12575,1,-1
2020-07-31 16:05:57.390,12575,12576,12576,1,1
2020-07-31 16:05:57.731,12575,12577,12575,2,-2
2020-07-31 16:05:58.065,12575,12577,12575,1,-1
2020-07-31 16:05:58.099,12575,12577,12575,1,-1
2020-07-31 16:05:59.631,12575,12577,12575,1,-1
2020-07-31 16:06:00.983,12575,12577,12575,1,-1
2020-07-31 16:06:01.664,12575,12577,12577,1,1
2020-07-31 16:06:02.644,12575,12577,12575,1,-1
2020-07-31 16:06:04.976,12576,12577,12576,3,3
2020-07-31 16:06:04.976,12576,12577,12576,1,-1
2020-07-31 16:06:11.260,12575,12576,12576,1,1
2020-07-31 16:06:19.080,12576,12577,12576,1,-1
2020-07-31 16:06:20.615,12575,12576,12576,1,1
2020-07-31 16:06:23.826,12576,12577,12576,1,-1
2020-07-31 16:06:25.982,12576,12577,12577,1,1
2020-07-31 16:06:26.286,12576,12577,12577,3,3
2020-07-31 16:06:26.385,12576,12577,12577,1,1
2020-07-31 16:06:43.351,12577,12578,12578,1,1
2020-07-31 16:07:10.641,12578,12579,12578,2,-2
2020-07-31 16:07:11.268,12578,12579,12578,1,-1
2020-07-31 16:07:11.600,12578,12579,12579,1,1
2020-07-31 16:07:14.749,12578,12579,12578,1,-1
2020-07-31 16:07:38.216,12579,12580,12580,2,2
2020-07-31 16:07:38.216,12579,12580,12580,1,1
2020-07-31 16:07:48.477,12581,12582,12581,1,1
2020-07-31 16:07:56.423,12580,12581,12581,1,1
2020-07-31 16:08:07.388,12580,12581,12581,4,4
2020-07-31 16:08:09.680,12580,12582,12582,1,1
2020-07-31 16:08:13.819,12581,12582,12582,4,4
2020-07-31 16:08:13.819,12581,12582,12582,5,5
2020-07-31 16:08:14.288,12582,12583,12582,2,-2
2020-07-31 16:08:20.143,12582,12583,12583,2,2
2020-07-31 16:08:20.544,12582,12584,12584,2,2
2020-07-31 16:08:22.538,12582,12584,12582,2,-2
2020-07-31 16:08:22.538,12582,12584,12582,1,-1
2020-07-31 16:08:22.954,12581,12583,12583,5,5
2020-07-31 16:08:26.447,12582,12583,12583,1,1
2020-07-31 16:08:27.691,12582,12583,12583,1,1
2020-07-31 16:08:32.417,12582,12583,12583,4,4
2020-07-31 16:08:35.126,12582,12583,12582,3,-3
2020-07-31 16:08:35.127,12582,12583,12582,1,-1
2020-07-31 16:08:37.673,12581,12582,12582,1,1
2020-07-31 16:08:39.411,12581,12582,12581,2,-2
2020-07-31 16:08:39.592,12580,12581,12581,2,2
2020-07-31 16:08:39.646,12580,12581,12581,1,1
2020-07-31 16:08:40.276,12580,12581,12580,1,-1
2020-07-31 16:08:40.276,12580,12581,12580,1,-1
2020-07-31 16:08:40.824,12579,12580,12579,1,-1
2020-07-31 16:08:53.628,12578,12579,12579,8,8
2020-07-31 16:08:53.630,12578,12579,12579,14,14
2020-07-31 16:09:01.276,12578,12579,12578,2,-2
2020-07-31 16:09:01.540,12577,12578,12577,1,-1
2020-07-31 16:09:03.934,12577,12578,12577,1,-1
2020-07-31 16:09:06.836,12576,12577,12577,1,1
2020-07-31 16:09:06.837,12576,12577,12577,2,2
2020-07-31 16:09:06.882,12576,12577,12577,3,3
2020-07-31 16:09:10.773,12577,12578,12577,4,-4
2020-07-31 16:09:14.489,12577,12579,12577,5,-5
2020-07-31 16:09:51.329,12577,12578,12577,4,-4
2020-07-31 16:09:59.484,12576,12577,12577,1,1
2020-07-31 16:10:05.947,12577,12578,12578,1,1
2020-07-31 16:10:25.020,12577,12578,12578,2,2
2020-07-31 16:10:38.570,12578,12579,12578,1,-1
2020-07-31 16:10:47.384,12577,12578,12578,1,1
2020-07-31 16:10:48.154,12578,12579,12579,1,1
2020-07-31 16:11:01.379,12578,12579,12579,1,1
2020-07-31 16:11:02.362,12578,12580,12580,8,8
2020-07-31 16:11:13.868,12578,12579,12578,1,-1
2020-07-31 16:11:28.018,12578,12579,12578,3,-3
2020-07-31 16:11:28.607,12577,12578,12577,8,-8
2020-07-31 16:11:30.707,12576,12577,12576,10,-10
2020-07-31 16:11:32.634,12575,12576,12576,2,2
2020-07-31 16:11:32.634,12575,12576,12577,3,3
2020-07-31 16:11:46.429,12577,12578,12577,1,-1
2020-07-31 16:11:53.832,12576,12577,12577,1,1
2020-07-31 16:12:04.205,12578,12579,12579,1,1
2020-07-31 16:12:34.569,12578,12579,12579,1,1
2020-07-31 16:12:35.047,12578,12579,12579,1,1
2020-07-31 16:12:51.428,12578,12579,12579,1,1
2020-07-31 16:12:53.026,12578,12579,12579,1,1
2020-07-31 16:12:54.481,12578,12579,12579,3,3
2020-07-31 16:13:00.696,12578,12579,12579,1,1
2020-07-31 16:13:01.084,12579,12580,12579,4,-4
2020-07-31 16:13:01.362,12579,12580,12579,1,-1
2020-07-31 16:13:02.169,12578,12580,12578,7,-7
2020-07-31 16:13:11.849,12579,12580,12580,1,1
2020-07-31 16:13:11.849,12579,12580,12580,12,12
2020-07-31 16:13:11.849,12579,12580,12580,3,3
2020-07-31 16:13:16.015,12580,12581,12581,1,1
2020-07-31 16:13:16.016,12580,12581,12581,1,1
2020-07-31 16:13:16.298,12581,12582,12581,3,-3
2020-07-31 16:13:20.252,12580,12582,12582,1,1
2020-07-31 16:13:21.504,12579,12581,12581,1,1
2020-07-31 16:13:23.305,12579,12581,12581,1,1
2020-07-31 16:13:34.289,12579,12580,12580,1,1
2020-07-31 16:13:35.540,12579,12580,12580,1,1
2020-07-31 16:13:36.954,12579,12581,12581,4,4
2020-07-31 16:13:49.284,12579,12580,12580,1,1
2020-07-31 16:14:02.385,12580,12581,12581,4,4
2020-07-31 16:14:02.388,12580,12581,12581,1,1
2020-07-31 16:14:04.949,12580,12581,12580,1,-1
2020-07-31 16:14:10.326,12579,12580,12580,1,1
2020-07-31 16:14:23.799,12580,12581,12581,1,1
2020-07-31 16:14:32.313,12580,12581,12580,1,-1
2020-07-31 16:14:33.645,12579,12581,12581,1,1
2020-07-31 16:15:00.299,12580,12581,12581,1,1
2020-07-31 16:15:03.358,12580,12581,12579,1,-1
2020-07-31 16:15:34.990,12579,12580,12580,2,2
2020-07-31 16:16:00.759,12580,12581,12581,2,2
2020-07-31 16:16:14.858,12580,12581,12581,1,1
2020-07-31 16:16:16.351,12580,12581,12581,1,1
2020-07-31 16:16:21.029,12581,12582,12581,1,-1
2020-07-31 16:16:31.661,12581,12582,12581,5,-5
2020-07-31 16:16:39.734,12581,12582,12582,2,2
2020-07-31 16:16:39.734,12581,12582,12582,3,3
2020-07-31 16:16:41.963,12582,12583,12583,3,3
2020-07-31 16:16:41.963,12582,12583,12583,1,1
2020-07-31 16:16:41.963,12582,12583,12583,4,4
2020-07-31 16:17:01.734,12582,12583,12583,1,1
2020-07-31 16:17:02.373,12582,12584,12584,1,1
2020-07-31 16:17:02.457,12582,12584,12584,1,1
2020-07-31 16:17:03.244,12583,12584,12583,1,-1
2020-07-31 16:17:07.263,12581,12583,12583,1,1
2020-07-31 16:17:07.954,12582,12583,12583,1,1
2020-07-31 16:17:10.550,12582,12583,12583,1,1
2020-07-31 16:17:14.213,12582,12583,12582,1,-1
2020-07-31 16:17:17.719,12581,12582,12581,4,-4
2020-07-31 16:17:22.931,12581,12582,12582,1,1
2020-07-31 16:17:32.566,12581,12582,12582,1,1
2020-07-31 16:17:56.717,12582,12583,12583,1,1
2020-07-31 16:18:02.196,12582,12583,12583,6,6
2020-07-31 16:18:02.552,12582,12584,12582,3,-3
2020-07-31 16:18:02.674,12582,12584,12582,3,-3
2020-07-31 16:18:02.950,12582,12584,12582,2,-2
2020-07-31 16:18:03.936,12582,12584,12584,1,1
2020-07-31 16:18:08.929,12583,12584,12584,1,1
2020-07-31 16:18:11.043,12583,12584,12584,1,1
2020-07-31 16:18:11.043,12583,12584,12584,4,4
2020-07-31 16:18:11.044,12583,12584,12584,2,2
2020-07-31 16:18:11.044,12583,12584,12584,1,1
2020-07-31 16:18:14.848,12583,12585,12585,1,1
2020-07-31 16:18:15.030,12583,12585,12583,1,-1
2020-07-31 16:18:15.070,12583,12585,12585,3,3
2020-07-31 16:18:15.130,12583,12585,12585,1,1
2020-07-31 16:18:15.660,12584,12585,12584,1,-1
2020-07-31 16:18:20.170,12583,12585,12585,10,10
2020-07-31 16:18:24.508,12584,12585,12584,1,-1
2020-07-31 16:18:26.036,12584,12585,12585,1,1
2020-07-31 16:18:31.764,12584,12585,12585,2,2
2020-07-31 16:18:35.186,12585,12586,12586,2,2
2020-07-31 16:18:36.399,12585,12586,12585,1,-1
2020-07-31 16:18:37.433,12585,12586,12586,1,1
2020-07-31 16:18:37.699,12585,12586,12585,3,-3
2020-07-31 16:18:38.578,12583,12585,12585,1,1
2020-07-31 16:18:38.697,12583,12585,12585,1,1
2020-07-31 16:18:44.648,12584,12585,12584,1,-1
2020-07-31 16:18:44.648,12584,12585,12583,4,-4
2020-07-31 16:18:48.061,12583,12585,12585,1,1
2020-07-31 16:18:53.665,12583,12585,12585,4,4
2020-07-31 16:19:06.040,12583,12585,12585,1,1
2020-07-31 16:19:07.190,12583,12585,12583,5,-5
2020-07-31 16:19:07.565,12583,12585,12583,1,-1
2020-07-31 16:19:13.717,12583,12584,12583,1,-1
2020-07-31 16:19:15.898,12583,12584,12583,1,-1
2020-07-31 16:19:15.899,12583,12584,12583,1,-1
2020-07-31 16:19:20.814,12582,12584,12584,2,2
2020-07-31 16:19:39.995,12583,12584,12583,3,-3
2020-07-31 16:19:58.596,12582,12583,12583,1,1
2020-07-31 16:20:05.444,12583,12584,12583,4,-4
2020-07-31 16:20:06.117,12582,12584,12584,1,1
2020-07-31 16:20:06.266,12583,12584,12584,3,3
2020-07-31 16:20:06.622,12584,12585,12584,1,-1
2020-07-31 16:20:09.650,12583,12585,12584,1,-1
2020-07-31 16:20:17.166,12584,12585,12585,2,2
2020-07-31 16:20:17.166,12584,12585,12585,7,7
2020-07-31 16:20:18.438,12584,12586,12584,1,-1
2020-07-31 16:20:29.381,12585,12586,12585,2,2
