2022-08-29 15:00:00.024,14843,14844,14847,133,133
2022-08-29 15:00:00.026,14846,14847,14846,2,-2
2022-08-29 15:00:00.058,14845,14846,14845,2,-2
2022-08-29 15:00:00.058,14845,14846,14845,1,-1
2022-08-29 15:00:00.173,14844,14846,14845,1,-1
2022-08-29 15:00:00.173,14844,14846,14846,3,3
2022-08-29 15:00:00.179,14844,14846,14846,1,1
2022-08-29 15:00:00.225,14844,14846,14846,1,1
2022-08-29 15:00:00.234,14844,14846,14844,1,-1
2022-08-29 15:00:00.303,14844,14846,14846,1,1
2022-08-29 15:00:00.305,14844,14846,14844,1,-1
2022-08-29 15:00:00.306,14844,14846,14844,4,-4
2022-08-29 15:00:00.326,14844,14846,14843,1,-1
2022-08-29 15:00:00.332,14844,14846,14843,1,-1
2022-08-29 15:00:00.362,14842,14844,14844,1,1
2022-08-29 15:00:00.363,14842,14844,14843,1,1
2022-08-29 15:00:00.363,14842,14844,14843,1,1
2022-08-29 15:00:00.364,14842,14844,14843,1,1
2022-08-29 15:00:00.364,14842,14844,14843,1,1
2022-08-29 15:00:00.372,14842,14844,14844,1,1
2022-08-29 15:00:00.393,14842,14844,14842,1,-1
2022-08-29 15:00:00.411,14842,14844,14842,1,-1
2022-08-29 15:00:00.555,14842,14843,14843,2,2
2022-08-29 15:00:00.556,14842,14843,14843,1,1
2022-08-29 15:00:00.614,14842,14843,14843,1,1
2022-08-29 15:00:00.614,14842,14843,14844,2,2
2022-08-29 15:00:00.713,14842,14843,14843,1,1
2022-08-29 15:00:00.750,14842,14844,14844,1,1
2022-08-29 15:00:00.948,14843,14844,14845,3,3
2022-08-29 15:00:00.948,14843,14844,14846,2,2
2022-08-29 15:00:00.969,14843,14844,14843,1,-1
2022-08-29 15:00:00.970,14843,14844,14843,1,-1
2022-08-29 15:00:01.040,14843,14844,14843,1,-1
2022-08-29 15:00:01.040,14843,14844,14843,1,-1
2022-08-29 15:00:01.043,14843,14844,14844,1,1
2022-08-29 15:00:01.061,14843,14844,14844,1,1
2022-08-29 15:00:01.235,14843,14844,14843,1,-1
2022-08-29 15:00:01.466,14843,14845,14844,2,-2
2022-08-29 15:00:01.710,14843,14845,14844,2,-2
2022-08-29 15:00:01.740,14844,14845,14844,2,-2
2022-08-29 15:00:01.800,14844,14845,14845,1,1
2022-08-29 15:00:01.861,14844,14845,14845,1,1
2022-08-29 15:00:02.026,14843,14845,14843,1,-1
2022-08-29 15:00:02.279,14844,14845,14844,1,-1
2022-08-29 15:00:02.362,14843,14844,14844,1,1
2022-08-29 15:00:02.437,14843,14844,14843,1,-1
2022-08-29 15:00:02.438,14843,14844,14843,1,-1
2022-08-29 15:00:02.801,14842,14844,14844,2,2
2022-08-29 15:00:02.998,14842,14844,14842,1,-1
2022-08-29 15:00:03.253,14842,14844,14842,1,-1
2022-08-29 15:00:03.451,14842,14844,14843,1,-1
2022-08-29 15:00:03.679,14843,14844,14843,2,-2
2022-08-29 15:00:04.120,14843,14844,14844,5,5
2022-08-29 15:00:04.121,14843,14844,14844,2,2
2022-08-29 15:00:04.199,14843,14844,14844,1,1
2022-08-29 15:00:04.916,14843,14845,14845,2,2
2022-08-29 15:00:05.341,14844,14845,14844,2,-2
2022-08-29 15:00:05.432,14843,14845,14843,1,-1
2022-08-29 15:00:05.667,14844,14845,14845,1,1
2022-08-29 15:00:05.900,14844,14845,14845,5,5
2022-08-29 15:00:05.901,14844,14845,14845,3,3
2022-08-29 15:00:06.160,14844,14846,14844,1,-1
2022-08-29 15:00:06.314,14844,14845,14845,4,4
2022-08-29 15:00:06.388,14845,14846,14845,1,-1
2022-08-29 15:00:06.389,14845,14846,14846,1,1
2022-08-29 15:00:06.577,14845,14847,14845,1,-1
2022-08-29 15:00:06.710,14846,14847,14846,1,-1
2022-08-29 15:00:06.894,14846,14847,14847,7,7
2022-08-29 15:00:07.364,14847,14848,14848,2,2
2022-08-29 15:00:07.364,14847,14848,14848,8,8
2022-08-29 15:00:07.365,14847,14848,14848,14,14
2022-08-29 15:00:07.500,14848,14849,14848,2,-2
2022-08-29 15:00:07.828,14847,14849,14847,1,-1
2022-08-29 15:00:08.007,14847,14849,14849,1,1
2022-08-29 15:00:08.088,14847,14849,14847,9,-9
2022-08-29 15:00:08.088,14847,14849,14846,11,-11
2022-08-29 15:00:08.094,14847,14849,14846,1,-1
2022-08-29 15:00:08.118,14846,14848,14846,1,-1
2022-08-29 15:00:08.201,14846,14848,14847,3,-3
2022-08-29 15:00:08.228,14846,14848,14846,6,-6
2022-08-29 15:00:08.229,14846,14848,14846,1,-1
2022-08-29 15:00:08.229,14846,14848,14846,2,-2
2022-08-29 15:00:08.229,14846,14848,14846,1,-1
2022-08-29 15:00:08.242,14845,14847,14845,2,-2
2022-08-29 15:00:08.287,14845,14847,14847,5,5
2022-08-29 15:00:09.001,14846,14848,14846,1,-1
2022-08-29 15:00:09.117,14845,14847,14845,3,-3
2022-08-29 15:00:09.386,14844,14846,14844,1,-1
2022-08-29 15:00:09.461,14844,14846,14845,1,-1
2022-08-29 15:00:10.251,14844,14845,14845,1,1
2022-08-29 15:00:10.251,14844,14845,14846,2,2
2022-08-29 15:00:10.416,14845,14847,14846,2,2
2022-08-29 15:00:10.423,14845,14847,14845,1,-1
2022-08-29 15:00:10.900,14844,14845,14845,1,1
2022-08-29 15:00:11.352,14845,14846,14845,1,-1
2022-08-29 15:00:11.436,14845,14846,14846,1,1
2022-08-29 15:00:11.614,14845,14847,14847,1,1
2022-08-29 15:00:11.749,14845,14847,14845,2,-2
2022-08-29 15:00:11.815,14845,14847,14845,6,-6
2022-08-29 15:00:11.883,14844,14845,14844,1,-1
2022-08-29 15:00:12.088,14844,14845,14845,1,1
2022-08-29 15:00:12.178,14845,14846,14845,1,-1
2022-08-29 15:00:12.411,14844,14845,14845,1,1
2022-08-29 15:00:12.669,14844,14845,14844,5,-5
2022-08-29 15:00:12.840,14843,14844,14844,1,1
2022-08-29 15:00:13.010,14843,14844,14843,7,-7
2022-08-29 15:00:13.010,14843,14844,14842,11,-11
2022-08-29 15:00:13.010,14843,14844,14841,8,-8
2022-08-29 15:00:13.072,14843,14844,14841,1,-1
2022-08-29 15:00:13.156,14841,14843,14841,1,-1
2022-08-29 15:00:13.277,14841,14843,14843,1,1
2022-08-29 15:00:13.600,14841,14843,14842,1,1
2022-08-29 15:00:13.979,14841,14843,14842,1,1
2022-08-29 15:00:14.086,14841,14842,14841,1,-1
2022-08-29 15:00:14.294,14841,14843,14842,1,-1
2022-08-29 15:00:14.592,14842,14844,14844,5,5
2022-08-29 15:00:14.592,14842,14844,14844,1,1
2022-08-29 15:00:14.775,14844,14845,14844,1,-1
2022-08-29 15:00:14.775,14844,14845,14845,1,1
2022-08-29 15:00:14.903,14844,14846,14844,1,-1
2022-08-29 15:00:15.873,14844,14846,14846,1,1
2022-08-29 15:00:15.893,14844,14846,14846,1,1
2022-08-29 15:00:16.559,14845,14846,14845,1,-1
2022-08-29 15:00:16.679,14845,14846,14845,1,-1
2022-08-29 15:00:16.734,14845,14846,14845,1,-1
2022-08-29 15:00:17.947,14844,14845,14844,2,-2
2022-08-29 15:00:18.879,14843,14844,14843,1,-1
2022-08-29 15:00:18.879,14843,14844,14843,1,-1
2022-08-29 15:00:18.987,14841,14843,14841,1,-1
2022-08-29 15:00:19.215,14841,14842,14841,2,-2
2022-08-29 15:00:19.215,14841,14842,14840,8,-8
2022-08-29 15:00:20.421,14842,14843,14843,1,1
2022-08-29 15:00:20.421,14842,14843,14843,1,1
2022-08-29 15:00:20.436,14842,14843,14845,1,1
2022-08-29 15:00:21.499,14843,14844,14843,1,-1
2022-08-29 15:00:21.568,14843,14844,14843,1,-1
2022-08-29 15:00:23.119,14843,14844,14844,1,1
2022-08-29 15:00:23.740,14844,14845,14844,3,-3
2022-08-29 15:00:23.993,14844,14845,14844,1,-1
2022-08-29 15:00:24.150,14843,14844,14844,1,1
2022-08-29 15:00:25.893,14843,14844,14844,5,5
2022-08-29 15:00:27.114,14843,14844,14843,1,-1
2022-08-29 15:00:27.243,14843,14844,14843,1,-1
2022-08-29 15:00:27.244,14843,14844,14843,1,-1
2022-08-29 15:00:27.244,14843,14844,14843,2,-2
2022-08-29 15:00:27.244,14843,14844,14843,4,-4
2022-08-29 15:00:27.244,14843,14844,14843,8,-8
2022-08-29 15:00:27.534,14842,14843,14842,2,-2
2022-08-29 15:00:28.284,14842,14843,14842,1,-1
2022-08-29 15:00:29.957,14842,14843,14843,1,1
2022-08-29 15:00:29.957,14842,14843,14844,11,11
2022-08-29 15:00:29.957,14842,14843,14845,3,3
2022-08-29 15:00:30.136,14844,14845,14845,2,2
2022-08-29 15:00:30.137,14844,14845,14845,4,4
2022-08-29 15:00:30.137,14844,14845,14845,7,7
2022-08-29 15:00:30.497,14845,14846,14845,1,-1
2022-08-29 15:00:31.411,14844,14846,14844,1,-1
2022-08-29 15:00:31.747,14844,14846,14844,1,-1
2022-08-29 15:00:32.628,14844,14846,14844,1,-1
2022-08-29 15:00:33.371,14844,14846,14844,1,-1
2022-08-29 15:00:33.389,14844,14846,14844,1,-1
2022-08-29 15:00:33.728,14843,14845,14845,1,1
2022-08-29 15:00:34.129,14844,14845,14845,2,2
2022-08-29 15:00:35.026,14844,14845,14845,1,1
2022-08-29 15:00:35.510,14845,14846,14846,1,1
2022-08-29 15:00:35.510,14845,14846,14846,2,2
2022-08-29 15:00:35.510,14845,14846,14846,3,3
2022-08-29 15:00:35.510,14845,14846,14846,10,10
2022-08-29 15:00:36.671,14846,14847,14847,3,3
2022-08-29 15:00:36.826,14846,14847,14846,1,-1
2022-08-29 15:00:36.977,14846,14847,14846,1,-1
2022-08-29 15:00:37.127,14846,14847,14847,1,1
2022-08-29 15:00:37.811,14846,14847,14847,4,4
2022-08-29 15:00:37.811,14846,14847,14847,1,1
2022-08-29 15:00:38.073,14847,14848,14847,1,-1
2022-08-29 15:00:38.907,14846,14847,14847,1,1
2022-08-29 15:00:39.537,14846,14847,14846,2,-2
2022-08-29 15:00:39.537,14846,14847,14845,8,-8
2022-08-29 15:00:40.071,14845,14846,14845,1,-1
2022-08-29 15:00:41.266,14843,14845,14845,1,1
2022-08-29 15:00:42.565,14844,14845,14845,1,1
2022-08-29 15:00:43.141,14844,14845,14845,2,2
2022-08-29 15:00:43.150,14844,14845,14844,1,-1
2022-08-29 15:00:43.605,14843,14844,14844,5,5
2022-08-29 15:00:44.987,14843,14844,14844,1,1
2022-08-29 15:00:45.305,14844,14845,14845,2,2
2022-08-29 15:00:45.307,14844,14845,14844,4,-4
2022-08-29 15:00:47.410,14844,14845,14845,2,2
2022-08-29 15:00:48.026,14844,14845,14845,1,1
2022-08-29 15:00:48.468,14844,14845,14844,1,-1
2022-08-29 15:00:48.526,14843,14844,14843,2,-2
2022-08-29 15:00:48.629,14842,14844,14844,8,8
2022-08-29 15:00:48.947,14842,14844,14844,5,5
2022-08-29 15:00:50.657,14843,14844,14844,1,1
2022-08-29 15:00:51.051,14843,14845,14844,1,1
2022-08-29 15:00:51.682,14843,14844,14844,1,1
2022-08-29 15:00:51.682,14843,14844,14845,2,2
2022-08-29 15:00:51.750,14843,14845,14845,2,2
2022-08-29 15:00:54.394,14843,14845,14845,1,1
2022-08-29 15:00:55.704,14843,14844,14844,1,1
2022-08-29 15:00:55.704,14843,14844,14845,1,1
2022-08-29 15:00:58.305,14843,14844,14844,1,1
2022-08-29 15:00:58.305,14843,14844,14844,1,1
2022-08-29 15:00:58.306,14843,14844,14844,1,1
2022-08-29 15:00:59.309,14844,14845,14845,11,11
2022-08-29 15:00:59.541,14845,14846,14845,1,-1
2022-08-29 15:00:59.665,14845,14846,14845,1,-1
2022-08-29 15:00:59.695,14845,14846,14845,1,-1
2022-08-29 15:00:59.851,14845,14846,14845,1,-1
2022-08-29 15:01:00.048,14845,14846,14846,1,1
2022-08-29 15:01:00.048,14845,14846,14846,1,1
2022-08-29 15:01:00.048,14845,14846,14846,2,2
2022-08-29 15:01:00.048,14845,14846,14846,1,1
2022-08-29 15:01:00.172,14846,14847,14846,7,-7
2022-08-29 15:01:00.196,14846,14847,14845,5,-5
2022-08-29 15:01:00.253,14844,14846,14846,2,2
2022-08-29 15:01:00.395,14845,14846,14846,1,1
2022-08-29 15:01:00.516,14845,14846,14846,2,2
2022-08-29 15:01:01.364,14845,14847,14845,4,-4
2022-08-29 15:01:01.407,14845,14847,14845,3,-3
2022-08-29 15:01:01.903,14845,14846,14846,2,2
2022-08-29 15:01:01.971,14845,14846,14846,1,1
2022-08-29 15:01:03.419,14845,14846,14846,1,1
2022-08-29 15:01:05.004,14846,14847,14847,3,3
2022-08-29 15:01:05.004,14846,14847,14847,3,3
2022-08-29 15:01:05.153,14847,14848,14847,1,-1
2022-08-29 15:01:05.226,14847,14848,14848,13,13
2022-08-29 15:01:05.327,14848,14849,14849,2,2
2022-08-29 15:01:05.328,14848,14849,14849,1,1
2022-08-29 15:01:05.328,14848,14849,14849,7,7
2022-08-29 15:01:05.329,14848,14849,14849,1,1
2022-08-29 15:01:05.329,14848,14849,14849,3,3
2022-08-29 15:01:05.329,14848,14849,14849,3,3
2022-08-29 15:01:05.792,14849,14850,14850,2,2
2022-08-29 15:01:05.793,14849,14850,14850,12,12
2022-08-29 15:01:05.793,14849,14850,14850,1,1
2022-08-29 15:01:05.793,14849,14850,14850,1,1
2022-08-29 15:01:05.793,14849,14850,14850,12,12
2022-08-29 15:01:06.105,14850,14851,14851,1,1
2022-08-29 15:01:06.105,14850,14851,14851,12,12
2022-08-29 15:01:06.107,14850,14851,14852,1,1
2022-08-29 15:01:06.109,14851,14852,14852,1,1
2022-08-29 15:01:06.142,14851,14852,14851,1,-1
2022-08-29 15:01:06.212,14851,14852,14852,1,1
2022-08-29 15:01:06.388,14851,14852,14852,1,1
2022-08-29 15:01:06.393,14851,14852,14852,1,1
2022-08-29 15:01:06.928,14851,14852,14850,1,-1
2022-08-29 15:01:06.952,14851,14852,14850,1,-1
2022-08-29 15:01:07.288,14850,14851,14850,2,-2
2022-08-29 15:01:07.319,14850,14851,14849,2,-2
2022-08-29 15:01:07.319,14850,14851,14848,13,-13
2022-08-29 15:01:07.319,14850,14851,14847,5,-5
2022-08-29 15:01:07.518,14847,14849,14847,3,-3
2022-08-29 15:01:08.026,14846,14848,14848,1,1
2022-08-29 15:01:08.076,14846,14848,14848,2,2
2022-08-29 15:01:09.225,14848,14850,14849,1,1
2022-08-29 15:01:09.682,14848,14850,14848,1,-1
2022-08-29 15:01:09.779,14848,14850,14850,1,1
2022-08-29 15:01:10.719,14848,14850,14848,1,-1
2022-08-29 15:01:11.254,14848,14850,14850,10,10
2022-08-29 15:01:11.653,14850,14851,14850,1,-1
2022-08-29 15:01:11.954,14849,14851,14849,1,-1
2022-08-29 15:01:12.094,14849,14850,14849,1,-1
2022-08-29 15:01:13.183,14849,14850,14849,1,-1
2022-08-29 15:01:13.496,14848,14849,14848,1,-1
2022-08-29 15:01:13.498,14848,14849,14848,1,-1
2022-08-29 15:01:13.499,14848,14849,14848,1,-1
2022-08-29 15:01:14.720,14847,14849,14848,1,-1
2022-08-29 15:01:15.300,14847,14848,14848,1,1
2022-08-29 15:01:15.738,14847,14848,14848,2,2
2022-08-29 15:01:15.895,14847,14848,14847,1,-1
2022-08-29 15:01:15.948,14847,14848,14848,1,1
2022-08-29 15:01:16.073,14847,14848,14848,4,4
2022-08-29 15:01:17.036,14847,14849,14849,1,1
2022-08-29 15:01:18.587,14847,14848,14847,1,-1
2022-08-29 15:01:18.658,14847,14848,14848,1,1
2022-08-29 15:01:20.040,14847,14848,14848,1,1
2022-08-29 15:01:20.099,14847,14848,14848,1,1
2022-08-29 15:01:22.459,14847,14848,14848,1,1
2022-08-29 15:01:22.583,14847,14848,14847,1,-1
2022-08-29 15:01:22.971,14847,14848,14847,1,-1
2022-08-29 15:01:23.381,14847,14849,14849,1,1
2022-08-29 15:01:23.531,14847,14849,14849,1,1
2022-08-29 15:01:23.568,14847,14849,14849,1,1
2022-08-29 15:01:24.022,14847,14849,14849,3,3
2022-08-29 15:01:25.088,14848,14849,14848,2,-2
2022-08-29 15:01:25.418,14848,14849,14849,1,1
2022-08-29 15:01:25.422,14848,14849,14850,1,1
2022-08-29 15:01:25.422,14848,14849,14850,1,1
2022-08-29 15:01:25.422,14848,14849,14850,3,3
2022-08-29 15:01:25.422,14848,14849,14850,5,5
2022-08-29 15:01:26.089,14850,14851,14850,5,-5
2022-08-29 15:01:26.089,14850,14851,14849,13,-13
2022-08-29 15:01:26.089,14850,14851,14848,2,-2
2022-08-29 15:01:26.779,14848,14850,14850,2,2
2022-08-29 15:01:27.661,14848,14849,14848,1,-1
2022-08-29 15:01:27.759,14848,14849,14848,1,-1
2022-08-29 15:01:27.759,14848,14849,14848,3,-3
2022-08-29 15:01:29.140,14847,14849,14848,1,-1
2022-08-29 15:01:29.171,14847,14849,14848,1,-1
2022-08-29 15:01:29.171,14847,14849,14849,1,1
2022-08-29 15:01:30.249,14848,14849,14848,1,-1
2022-08-29 15:01:30.630,14848,14849,14849,1,1
2022-08-29 15:01:30.908,14848,14849,14848,4,-4
2022-08-29 15:01:32.201,14848,14849,14848,1,-1
2022-08-29 15:01:32.636,14848,14849,14849,2,2
2022-08-29 15:01:32.636,14848,14849,14850,18,18
2022-08-29 15:01:33.235,14849,14850,14850,1,1
2022-08-29 15:01:34.602,14849,14850,14849,1,-1
2022-08-29 15:01:34.653,14849,14850,14849,1,-1
2022-08-29 15:01:35.365,14849,14850,14850,5,5
2022-08-29 15:01:35.581,14849,14851,14851,1,1
2022-08-29 15:01:38.019,14849,14850,14849,1,-1
2022-08-29 15:01:38.139,14849,14850,14850,2,2
2022-08-29 15:01:39.755,14849,14850,14849,7,-7
2022-08-29 15:01:39.755,14849,14850,14848,13,-13
2022-08-29 15:01:42.471,14848,14849,14849,1,1
2022-08-29 15:01:42.471,14848,14849,14850,1,1
2022-08-29 15:01:43.340,14848,14849,14848,1,-1
2022-08-29 15:01:43.340,14848,14849,14848,3,-3
2022-08-29 15:01:43.343,14848,14849,14848,1,-1
2022-08-29 15:01:43.989,14848,14849,14848,1,-1
2022-08-29 15:01:46.655,14848,14849,14849,1,1
2022-08-29 15:01:46.665,14848,14849,14849,1,1
2022-08-29 15:01:47.158,14849,14850,14849,2,-2
2022-08-29 15:01:47.434,14849,14850,14849,1,-1
2022-08-29 15:01:48.815,14849,14850,14849,1,-1
2022-08-29 15:01:50.726,14849,14850,14850,1,1
2022-08-29 15:01:50.727,14849,14850,14850,4,4
2022-08-29 15:01:51.873,14849,14850,14850,2,2
2022-08-29 15:01:53.088,14849,14851,14851,2,2
2022-08-29 15:01:53.254,14849,14851,14851,2,2
2022-08-29 15:01:54.920,14849,14850,14850,1,1
2022-08-29 15:01:56.926,14849,14850,14850,1,1
2022-08-29 15:01:58.656,14849,14850,14850,4,4
2022-08-29 15:02:00.184,14850,14851,14850,2,-2
2022-08-29 15:02:00.184,14850,14851,14850,2,-2
2022-08-29 15:02:00.184,14850,14851,14850,2,-2
2022-08-29 15:02:00.185,14850,14851,14849,1,-1
2022-08-29 15:02:02.271,14849,14851,14851,2,2
2022-08-29 15:02:03.490,14849,14850,14850,1,1
2022-08-29 15:02:03.804,14849,14850,14850,1,1
2022-08-29 15:02:03.983,14849,14850,14850,4,4
2022-08-29 15:02:05.381,14849,14850,14849,4,-4
2022-08-29 15:02:08.322,14849,14850,14850,1,1
2022-08-29 15:02:11.731,14849,14850,14850,1,1
2022-08-29 15:02:12.142,14849,14850,14850,1,1
2022-08-29 15:02:13.511,14849,14850,14849,1,-1
2022-08-29 15:02:14.037,14849,14850,14850,2,2
2022-08-29 15:02:15.772,14849,14850,14850,1,1
2022-08-29 15:02:15.952,14849,14850,14850,1,1
2022-08-29 15:02:15.988,14849,14850,14850,1,1
2022-08-29 15:02:16.158,14849,14850,14850,3,3
2022-08-29 15:02:16.158,14849,14850,14850,6,6
2022-08-29 15:02:16.158,14849,14850,14850,1,1
2022-08-29 15:02:16.875,14849,14851,14851,1,1
2022-08-29 15:02:19.424,14849,14850,14850,1,1
2022-08-29 15:02:19.503,14849,14850,14849,1,-1
2022-08-29 15:02:19.952,14849,14850,14849,2,-2
2022-08-29 15:02:19.955,14849,14850,14850,5,5
2022-08-29 15:02:21.993,14849,14850,14850,1,1
2022-08-29 15:02:23.512,14849,14850,14850,1,1
2022-08-29 15:02:23.711,14849,14850,14849,26,-26
2022-08-29 15:02:26.004,14848,14849,14849,1,1
2022-08-29 15:02:26.026,14848,14849,14849,1,1
2022-08-29 15:02:26.027,14848,14849,14849,4,4
2022-08-29 15:02:26.027,14848,14849,14849,3,3
2022-08-29 15:02:26.027,14848,14849,14849,4,4
2022-08-29 15:02:28.170,14849,14850,14850,2,2
2022-08-29 15:02:29.105,14849,14850,14850,1,1
2022-08-29 15:02:30.115,14850,14851,14850,1,-1
2022-08-29 15:02:31.855,14849,14850,14850,1,1
2022-08-29 15:02:32.341,14849,14851,14850,4,4
2022-08-29 15:02:33.727,14850,14851,14851,9,9
2022-08-29 15:02:34.394,14851,14852,14852,1,1
2022-08-29 15:02:34.721,14851,14852,14852,7,7
2022-08-29 15:02:34.723,14851,14852,14852,4,4
2022-08-29 15:02:34.723,14851,14852,14852,1,1
2022-08-29 15:02:34.723,14851,14852,14852,4,4
2022-08-29 15:02:34.728,14851,14852,14853,13,13
2022-08-29 15:02:34.794,14852,14853,14853,1,1
2022-08-29 15:02:35.139,14852,14854,14852,1,-1
2022-08-29 15:02:35.262,14851,14853,14851,1,-1
2022-08-29 15:02:35.749,14852,14853,14852,1,-1
2022-08-29 15:02:36.516,14852,14853,14853,1,1
2022-08-29 15:02:37.470,14852,14853,14852,1,-1
2022-08-29 15:02:37.755,14851,14853,14852,1,-1
2022-08-29 15:02:38.107,14851,14852,14852,1,1
2022-08-29 15:02:40.388,14851,14852,14852,1,1
2022-08-29 15:02:40.749,14851,14853,14851,1,-1
2022-08-29 15:02:40.957,14851,14852,14852,1,1
2022-08-29 15:02:41.387,14851,14853,14852,1,1
2022-08-29 15:02:43.729,14851,14853,14852,1,1
2022-08-29 15:02:44.092,14851,14853,14853,1,1
2022-08-29 15:02:44.322,14851,14853,14852,1,1
2022-08-29 15:02:45.194,14851,14853,14851,2,-2
2022-08-29 15:02:45.581,14851,14853,14852,1,-1
2022-08-29 15:02:48.985,14852,14853,14853,1,1
2022-08-29 15:02:51.103,14852,14853,14852,10,-10
2022-08-29 15:02:52.130,14851,14852,14852,11,11
2022-08-29 15:02:52.389,14851,14853,14853,1,1
2022-08-29 15:02:54.775,14851,14853,14853,7,7
2022-08-29 15:02:55.155,14852,14854,14852,1,-1
2022-08-29 15:02:55.320,14852,14854,14854,1,1
2022-08-29 15:02:55.743,14852,14854,14854,1,1
2022-08-29 15:02:55.760,14852,14854,14854,3,3
2022-08-29 15:02:55.836,14852,14854,14853,1,1
2022-08-29 15:02:56.848,14853,14854,14853,1,-1
2022-08-29 15:02:56.958,14853,14854,14854,2,2
2022-08-29 15:02:56.958,14853,14854,14854,2,2
2022-08-29 15:02:58.006,14854,14855,14855,4,4
2022-08-29 15:02:58.006,14854,14855,14855,12,12
2022-08-29 15:02:58.007,14854,14855,14855,11,11
2022-08-29 15:02:58.198,14854,14856,14856,3,3
2022-08-29 15:02:58.746,14854,14856,14856,3,3
2022-08-29 15:02:59.506,14854,14856,14854,2,-2
2022-08-29 15:03:00.319,14855,14856,14855,1,-1
2022-08-29 15:03:00.677,14854,14856,14856,1,1
2022-08-29 15:03:00.680,14854,14856,14856,4,4
2022-08-29 15:03:00.681,14854,14856,14856,1,1
2022-08-29 15:03:00.690,14854,14856,14856,1,1
2022-08-29 15:03:00.776,14854,14857,14857,1,1
2022-08-29 15:03:00.870,14855,14856,14856,2,2
2022-08-29 15:03:01.001,14855,14857,14855,1,-1
2022-08-29 15:03:01.567,14854,14856,14854,1,-1
2022-08-29 15:03:01.716,14854,14855,14855,1,1
2022-08-29 15:03:01.716,14854,14855,14856,1,1
2022-08-29 15:03:03.087,14855,14856,14855,1,-1
2022-08-29 15:03:04.558,14855,14856,14855,1,-1
2022-08-29 15:03:04.980,14854,14855,14854,1,-1
2022-08-29 15:03:05.005,14854,14855,14854,1,-1
2022-08-29 15:03:06.686,14855,14856,14856,1,1
2022-08-29 15:03:06.987,14855,14856,14855,1,-1
2022-08-29 15:03:08.445,14855,14856,14856,1,1
2022-08-29 15:03:08.455,14855,14856,14855,5,-5
2022-08-29 15:03:08.456,14855,14856,14855,1,-1
2022-08-29 15:03:08.456,14855,14856,14855,1,-1
2022-08-29 15:03:08.456,14855,14856,14855,14,-14
2022-08-29 15:03:08.541,14854,14855,14854,2,-2
2022-08-29 15:03:08.541,14854,14855,14854,1,-1
2022-08-29 15:03:08.541,14854,14855,14854,1,-1
2022-08-29 15:03:08.541,14854,14855,14854,1,-1
2022-08-29 15:03:09.149,14853,14854,14854,3,3
2022-08-29 15:03:09.678,14853,14854,14854,1,1
2022-08-29 15:03:11.059,14853,14854,14854,2,2
2022-08-29 15:03:11.470,14854,14855,14854,1,-1
2022-08-29 15:03:11.580,14854,14856,14854,2,-2
2022-08-29 15:03:12.034,14854,14856,14856,2,2
2022-08-29 15:03:12.741,14854,14855,14855,2,2
2022-08-29 15:03:14.650,14855,14856,14856,1,1
2022-08-29 15:03:16.085,14855,14856,14856,1,1
2022-08-29 15:03:16.085,14855,14856,14856,3,3
2022-08-29 15:03:18.260,14855,14857,14857,5,5
2022-08-29 15:03:19.247,14855,14857,14857,10,10
2022-08-29 15:03:21.098,14855,14857,14855,1,-1
2022-08-29 15:03:21.487,14855,14856,14855,1,-1
2022-08-29 15:03:21.921,14855,14856,14856,1,1
2022-08-29 15:03:25.484,14855,14856,14855,2,-2
2022-08-29 15:03:26.216,14855,14856,14856,1,1
2022-08-29 15:03:26.725,14855,14857,14856,1,1
2022-08-29 15:03:28.804,14856,14857,14856,2,-2
2022-08-29 15:03:28.843,14856,14857,14856,1,-1
2022-08-29 15:03:29.059,14856,14857,14856,1,-1
2022-08-29 15:03:29.350,14855,14856,14856,8,8
2022-08-29 15:03:29.350,14855,14856,14856,12,12
2022-08-29 15:03:29.509,14855,14856,14855,1,-1
2022-08-29 15:03:29.524,14855,14856,14856,1,1
2022-08-29 15:03:29.867,14855,14856,14856,3,3
2022-08-29 15:03:31.369,14855,14856,14856,1,1
2022-08-29 15:03:32.049,14856,14857,14856,2,-2
2022-08-29 15:03:33.120,14856,14857,14857,1,1
2022-08-29 15:03:33.120,14856,14857,14857,4,4
2022-08-29 15:03:33.120,14856,14857,14857,2,2
2022-08-29 15:03:33.120,14856,14857,14857,5,5
2022-08-29 15:03:35.941,14856,14858,14858,1,1
2022-08-29 15:03:37.096,14856,14858,14857,1,1
2022-08-29 15:03:37.344,14857,14858,14858,26,26
2022-08-29 15:03:37.344,14857,14858,14858,1,1
2022-08-29 15:03:37.344,14857,14858,14858,1,1
2022-08-29 15:03:37.345,14857,14858,14858,12,12
2022-08-29 15:03:37.346,14857,14858,14859,28,28
2022-08-29 15:03:37.439,14858,14860,14860,1,1
2022-08-29 15:03:37.530,14858,14860,14860,1,1
2022-08-29 15:03:37.569,14858,14860,14858,1,-1
2022-08-29 15:03:37.682,14858,14860,14860,2,2
2022-08-29 15:03:39.653,14859,14860,14860,1,1
2022-08-29 15:03:40.202,14859,14860,14860,10,10
2022-08-29 15:03:40.281,14859,14860,14860,1,1
2022-08-29 15:03:40.281,14859,14860,14860,6,6
2022-08-29 15:03:40.281,14859,14860,14860,1,1
2022-08-29 15:03:40.281,14859,14860,14860,1,1
2022-08-29 15:03:40.281,14859,14860,14860,1,1
2022-08-29 15:03:40.281,14859,14860,14860,1,1
2022-08-29 15:03:40.282,14859,14860,14860,19,19
2022-08-29 15:03:40.296,14859,14860,14861,1,1
2022-08-29 15:03:40.392,14860,14861,14860,1,-1
2022-08-29 15:03:41.574,14860,14861,14861,1,1
2022-08-29 15:03:42.429,14860,14861,14860,1,-1
2022-08-29 15:03:42.789,14860,14861,14861,1,1
2022-08-29 15:03:42.789,14860,14861,14861,1,1
2022-08-29 15:03:42.789,14860,14861,14861,40,40
2022-08-29 15:03:42.868,14861,14862,14862,9,9
2022-08-29 15:03:42.928,14861,14862,14861,1,-1
2022-08-29 15:03:43.889,14861,14862,14861,2,-2
2022-08-29 15:03:44.020,14861,14862,14861,1,-1
2022-08-29 15:03:45.384,14861,14862,14862,1,1
2022-08-29 15:03:45.406,14861,14862,14862,1,1
2022-08-29 15:03:45.555,14861,14862,14862,1,1
2022-08-29 15:03:46.674,14861,14862,14861,1,-1
2022-08-29 15:03:47.113,14861,14862,14861,1,-1
2022-08-29 15:03:47.137,14861,14862,14862,1,1
2022-08-29 15:03:47.316,14861,14862,14862,1,1
2022-08-29 15:03:48.093,14861,14862,14862,5,5
2022-08-29 15:03:49.006,14861,14862,14862,2,2
2022-08-29 15:03:49.859,14861,14862,14862,9,9
2022-08-29 15:03:49.859,14861,14862,14862,3,3
2022-08-29 15:03:49.859,14861,14862,14862,10,10
2022-08-29 15:03:50.400,14862,14863,14863,11,11
2022-08-29 15:03:50.573,14863,14864,14864,1,1
2022-08-29 15:03:50.672,14863,14864,14864,2,2
2022-08-29 15:03:50.878,14863,14865,14863,1,-1
2022-08-29 15:03:50.911,14863,14865,14865,1,1
2022-08-29 15:03:51.159,14864,14865,14864,1,-1
2022-08-29 15:03:51.499,14864,14865,14864,1,-1
2022-08-29 15:03:52.835,14864,14865,14865,1,1
2022-08-29 15:03:53.096,14864,14865,14865,1,1
2022-08-29 15:03:53.183,14864,14865,14865,7,7
2022-08-29 15:03:53.646,14864,14866,14866,10,10
2022-08-29 15:03:54.227,14864,14866,14866,1,1
2022-08-29 15:03:54.664,14864,14866,14865,6,6
2022-08-29 15:03:54.664,14864,14866,14866,7,7
2022-08-29 15:03:54.815,14864,14866,14866,1,1
2022-08-29 15:03:55.036,14864,14866,14864,1,-1
2022-08-29 15:03:55.415,14864,14866,14866,1,1
2022-08-29 15:03:55.742,14864,14866,14866,5,5
2022-08-29 15:03:56.567,14864,14865,14864,1,-1
2022-08-29 15:03:56.601,14864,14865,14864,3,-3
2022-08-29 15:03:57.276,14863,14865,14865,4,4
2022-08-29 15:03:57.630,14863,14864,14864,1,1
2022-08-29 15:03:57.631,14863,14864,14864,1,1
2022-08-29 15:03:59.000,14863,14864,14864,1,1
2022-08-29 15:03:59.630,14863,14864,14863,1,-1
2022-08-29 15:03:59.676,14863,14864,14863,1,-1
2022-08-29 15:03:59.729,14863,14864,14863,1,-1
2022-08-29 15:03:59.729,14863,14864,14864,3,3
2022-08-29 15:04:02.111,14864,14865,14865,1,1
2022-08-29 15:04:02.119,14864,14865,14865,4,4
2022-08-29 15:04:02.590,14864,14866,14866,1,1
2022-08-29 15:04:03.943,14864,14865,14864,7,-7
2022-08-29 15:04:03.985,14863,14864,14863,1,-1
2022-08-29 15:04:04.125,14862,14864,14864,1,1
2022-08-29 15:04:04.533,14862,14864,14863,1,1
2022-08-29 15:04:05.323,14862,14863,14863,1,1
2022-08-29 15:04:06.435,14862,14863,14863,1,1
2022-08-29 15:04:08.616,14862,14863,14862,3,-3
2022-08-29 15:04:08.617,14862,14863,14862,2,-2
2022-08-29 15:04:08.728,14862,14863,14862,1,-1
2022-08-29 15:04:09.303,14861,14862,14861,1,-1
2022-08-29 15:04:09.792,14861,14862,14861,1,-1
2022-08-29 15:04:10.497,14861,14862,14861,1,-1
2022-08-29 15:04:10.559,14861,14862,14862,5,5
2022-08-29 15:04:10.559,14861,14862,14862,1,1
2022-08-29 15:04:10.599,14861,14862,14862,1,1
2022-08-29 15:04:10.882,14861,14863,14861,1,-1
2022-08-29 15:04:11.450,14861,14862,14862,1,1
2022-08-29 15:04:12.062,14861,14862,14862,3,3
2022-08-29 15:04:12.726,14861,14862,14862,1,1
2022-08-29 15:04:12.757,14861,14863,14862,1,1
2022-08-29 15:04:12.896,14861,14863,14861,1,-1
2022-08-29 15:04:13.109,14861,14862,14862,1,1
2022-08-29 15:04:13.355,14861,14862,14861,2,-2
2022-08-29 15:04:14.221,14861,14862,14862,1,1
2022-08-29 15:04:14.415,14861,14862,14862,3,3
2022-08-29 15:04:14.781,14861,14863,14861,1,-1
2022-08-29 15:04:14.952,14861,14863,14861,1,-1
2022-08-29 15:04:16.921,14862,14863,14862,1,-1
2022-08-29 15:04:16.921,14862,14863,14861,1,-1
2022-08-29 15:04:17.867,14862,14863,14862,1,-1
2022-08-29 15:04:18.761,14862,14863,14863,5,5
2022-08-29 15:04:18.761,14862,14863,14864,10,10
2022-08-29 15:04:18.761,14862,14863,14865,1,1
2022-08-29 15:04:19.628,14864,14865,14865,24,24
2022-08-29 15:04:22.243,14864,14866,14864,1,-1
2022-08-29 15:04:25.408,14864,14866,14866,1,1
2022-08-29 15:04:25.605,14864,14866,14864,1,-1
2022-08-29 15:04:26.404,14864,14866,14866,3,3
2022-08-29 15:04:27.219,14864,14866,14866,1,1
2022-08-29 15:04:28.134,14864,14865,14865,1,1
2022-08-29 15:04:28.706,14864,14866,14865,1,1
2022-08-29 15:04:31.067,14865,14866,14865,1,-1
2022-08-29 15:04:31.067,14865,14866,14865,2,-2
2022-08-29 15:04:32.644,14864,14865,14865,1,1
2022-08-29 15:04:33.071,14865,14866,14866,1,1
2022-08-29 15:04:33.184,14865,14866,14866,2,2
2022-08-29 15:04:33.214,14865,14866,14866,4,4
2022-08-29 15:04:35.625,14865,14866,14866,1,1
2022-08-29 15:04:35.626,14865,14866,14866,2,2
2022-08-29 15:04:36.214,14865,14867,14867,1,1
2022-08-29 15:04:36.347,14865,14867,14867,1,1
2022-08-29 15:04:36.463,14865,14867,14865,1,-1
2022-08-29 15:04:36.814,14865,14867,14865,5,-5
2022-08-29 15:04:37.421,14865,14867,14867,1,1
2022-08-29 15:04:38.228,14865,14867,14865,5,-5
2022-08-29 15:04:38.357,14864,14866,14864,1,-1
2022-08-29 15:04:38.667,14864,14865,14864,3,-3
2022-08-29 15:04:38.915,14862,14864,14864,1,1
2022-08-29 15:04:40.474,14862,14864,14864,1,1
2022-08-29 15:04:40.583,14862,14864,14863,1,1
2022-08-29 15:04:40.904,14862,14864,14862,1,-1
2022-08-29 15:04:41.357,14862,14863,14863,2,2
2022-08-29 15:04:45.901,14862,14863,14863,1,1
2022-08-29 15:04:46.940,14862,14864,14863,1,1
2022-08-29 15:04:48.209,14862,14863,14863,1,1
2022-08-29 15:04:48.615,14862,14864,14863,1,1
2022-08-29 15:04:50.427,14862,14863,14863,1,1
2022-08-29 15:04:50.431,14862,14863,14862,2,-2
2022-08-29 15:04:51.047,14862,14863,14863,3,3
2022-08-29 15:04:51.457,14862,14864,14862,4,-4
2022-08-29 15:04:53.315,14861,14863,14861,1,-1
2022-08-29 15:04:54.276,14862,14863,14862,1,-1
2022-08-29 15:04:54.276,14862,14863,14862,3,-3
2022-08-29 15:04:54.612,14861,14862,14861,4,-4
2022-08-29 15:04:55.594,14860,14862,14862,2,2
2022-08-29 15:04:56.542,14860,14862,14862,1,1
2022-08-29 15:05:00.002,14861,14863,14863,1,1
2022-08-29 15:05:00.116,14861,14863,14861,1,-1
2022-08-29 15:05:00.199,14861,14863,14862,4,-4
2022-08-29 15:05:01.136,14860,14862,14862,2,2
2022-08-29 15:05:01.226,14860,14862,14862,6,6
2022-08-29 15:05:01.226,14860,14862,14863,4,4
2022-08-29 15:05:01.423,14861,14863,14863,2,2
2022-08-29 15:05:01.611,14861,14863,14861,2,-2
2022-08-29 15:05:04.861,14861,14863,14861,1,-1
2022-08-29 15:05:09.212,14861,14862,14861,1,-1
2022-08-29 15:05:10.577,14861,14863,14861,1,-1
2022-08-29 15:05:11.373,14862,14863,14862,1,-1
2022-08-29 15:05:11.658,14862,14863,14863,1,1
2022-08-29 15:05:12.921,14863,14864,14864,3,3
2022-08-29 15:05:13.590,14864,14865,14864,1,-1
2022-08-29 15:05:17.004,14864,14865,14864,1,-1
2022-08-29 15:05:21.364,14864,14865,14865,3,3
2022-08-29 15:05:21.365,14864,14865,14865,2,2
2022-08-29 15:05:23.466,14865,14866,14865,1,-1
2022-08-29 15:05:23.466,14865,14866,14865,1,-1
2022-08-29 15:05:24.237,14864,14865,14865,1,1
2022-08-29 15:05:24.237,14864,14865,14865,1,1
2022-08-29 15:05:25.142,14864,14865,14864,2,-2
2022-08-29 15:05:25.354,14863,14865,14865,1,1
2022-08-29 15:05:26.918,14864,14865,14865,4,4
2022-08-29 15:05:29.630,14864,14865,14865,1,1
2022-08-29 15:05:29.630,14864,14865,14865,1,1
2022-08-29 15:05:33.105,14865,14866,14866,1,1
2022-08-29 15:05:33.263,14865,14866,14865,1,-1
2022-08-29 15:05:35.333,14865,14866,14865,1,-1
2022-08-29 15:05:37.389,14865,14866,14865,5,-5
2022-08-29 15:05:37.898,14864,14866,14866,5,5
2022-08-29 15:05:39.406,14864,14866,14866,3,3
2022-08-29 15:05:40.197,14865,14866,14866,1,1
2022-08-29 15:05:42.300,14865,14866,14865,1,-1
2022-08-29 15:05:43.457,14865,14866,14866,1,1
2022-08-29 15:05:43.998,14865,14866,14866,1,1
2022-08-29 15:05:44.136,14865,14866,14866,1,1
2022-08-29 15:05:45.528,14865,14866,14865,1,-1
2022-08-29 15:05:45.574,14865,14866,14865,1,-1
2022-08-29 15:05:47.137,14864,14865,14864,4,-4
2022-08-29 15:05:47.550,14863,14865,14865,5,5
2022-08-29 15:05:47.604,14863,14865,14865,4,4
2022-08-29 15:05:47.657,14863,14865,14865,1,1
2022-08-29 15:05:49.571,14863,14866,14865,3,3
2022-08-29 15:05:53.065,14863,14865,14863,1,-1
2022-08-29 15:05:54.131,14863,14865,14865,3,3
2022-08-29 15:05:55.939,14864,14865,14865,1,1
2022-08-29 15:05:56.130,14865,14866,14865,1,-1
2022-08-29 15:05:56.555,14865,14866,14866,8,8
2022-08-29 15:05:56.556,14865,14866,14866,3,3
2022-08-29 15:05:56.556,14865,14866,14866,2,2
2022-08-29 15:05:56.556,14865,14866,14866,1,1
2022-08-29 15:05:56.556,14865,14866,14866,1,1
2022-08-29 15:05:58.665,14866,14867,14866,4,-4
2022-08-29 15:05:58.915,14866,14867,14866,3,-3
2022-08-29 15:05:59.144,14866,14867,14867,1,1
2022-08-29 15:06:00.026,14866,14867,14867,1,1
2022-08-29 15:06:00.027,14866,14867,14867,16,16
2022-08-29 15:06:00.335,14867,14868,14867,1,-1
2022-08-29 15:06:00.555,14866,14868,14868,1,1
2022-08-29 15:06:01.180,14866,14868,14868,1,1
2022-08-29 15:06:01.835,14865,14867,14867,1,1
2022-08-29 15:06:03.192,14865,14866,14866,1,1
2022-08-29 15:06:03.531,14865,14866,14865,1,-1
2022-08-29 15:06:03.531,14865,14866,14865,1,-1
2022-08-29 15:06:06.691,14863,14865,14865,2,2
2022-08-29 15:06:07.492,14863,14865,14865,1,1
2022-08-29 15:06:07.612,14863,14865,14865,1,1
2022-08-29 15:06:07.683,14863,14865,14863,1,-1
2022-08-29 15:06:10.500,14864,14865,14864,1,-1
2022-08-29 15:06:12.368,14863,14865,14865,1,1
2022-08-29 15:06:14.400,14863,14865,14865,1,1
2022-08-29 15:06:14.867,14864,14866,14866,3,3
2022-08-29 15:06:14.867,14864,14866,14867,1,1
2022-08-29 15:06:18.991,14865,14866,14865,2,-2
2022-08-29 15:06:20.953,14865,14866,14865,1,-1
2022-08-29 15:06:21.586,14864,14865,14864,4,-4
2022-08-29 15:06:22.548,14863,14864,14864,2,2
2022-08-29 15:06:22.613,14863,14865,14863,5,-5
2022-08-29 15:06:23.111,14863,14865,14863,1,-1
2022-08-29 15:06:23.827,14863,14864,14863,6,-6
2022-08-29 15:06:24.069,14862,14863,14862,4,-4
2022-08-29 15:06:24.069,14862,14863,14862,1,-1
2022-08-29 15:06:25.523,14861,14863,14861,10,-10
2022-08-29 15:06:25.524,14861,14863,14861,1,-1
2022-08-29 15:06:25.524,14861,14863,14861,1,-1
2022-08-29 15:06:25.528,14861,14863,14860,1,-1
2022-08-29 15:06:25.530,14861,14863,14860,2,-2
2022-08-29 15:06:25.530,14861,14863,14860,1,-1
2022-08-29 15:06:25.536,14861,14863,14860,2,-2
2022-08-29 15:06:25.536,14861,14863,14860,4,-4
2022-08-29 15:06:25.556,14861,14863,14860,3,-3
2022-08-29 15:06:25.556,14861,14863,14860,2,-2
2022-08-29 15:06:25.557,14861,14863,14860,2,-2
2022-08-29 15:06:25.557,14861,14863,14860,1,-1
2022-08-29 15:06:27.431,14860,14862,14862,1,1
2022-08-29 15:06:32.358,14860,14862,14862,1,1
2022-08-29 15:06:32.775,14861,14862,14861,1,-1
2022-08-29 15:06:33.534,14861,14862,14862,1,1
2022-08-29 15:06:33.944,14861,14863,14861,1,-1
2022-08-29 15:06:34.860,14861,14862,14862,1,1
2022-08-29 15:06:36.369,14861,14862,14861,9,-9
2022-08-29 15:06:36.713,14860,14861,14861,1,1
2022-08-29 15:06:37.197,14860,14862,14860,2,-2
2022-08-29 15:06:39.164,14859,14861,14861,4,4
2022-08-29 15:06:40.079,14860,14862,14860,1,-1
2022-08-29 15:06:41.373,14859,14861,14861,3,3
2022-08-29 15:06:42.083,14861,14862,14861,1,-1
2022-08-29 15:06:42.579,14861,14862,14861,3,-3
2022-08-29 15:06:44.626,14860,14862,14860,1,-1
2022-08-29 15:06:44.682,14860,14862,14860,1,-1
2022-08-29 15:06:48.528,14859,14861,14859,1,-1
2022-08-29 15:06:50.767,14860,14861,14860,1,-1
2022-08-29 15:06:51.794,14860,14861,14860,1,-1
2022-08-29 15:06:55.436,14859,14860,14859,1,-1
2022-08-29 15:06:57.493,14859,14861,14861,1,1
2022-08-29 15:06:59.354,14859,14861,14861,2,2
2022-08-29 15:07:00.680,14860,14861,14861,1,1
2022-08-29 15:07:00.681,14860,14861,14861,2,2
2022-08-29 15:07:01.087,14860,14861,14860,1,-1
2022-08-29 15:07:01.784,14860,14861,14860,1,-1
2022-08-29 15:07:02.954,14859,14860,14860,1,1
2022-08-29 15:07:02.954,14859,14860,14860,3,3
2022-08-29 15:07:03.704,14859,14861,14859,1,-1
2022-08-29 15:07:06.824,14859,14860,14859,1,-1
2022-08-29 15:07:10.749,14859,14860,14859,1,-1
2022-08-29 15:07:11.416,14859,14860,14859,1,-1
2022-08-29 15:07:16.048,14859,14860,14860,3,3
2022-08-29 15:07:16.049,14859,14860,14860,3,3
2022-08-29 15:07:19.458,14859,14861,14861,1,1
2022-08-29 15:07:20.334,14859,14861,14859,12,-12
2022-08-29 15:07:20.334,14859,14861,14859,1,-1
2022-08-29 15:07:20.866,14858,14859,14859,1,1
2022-08-29 15:07:20.867,14858,14859,14858,1,-1
2022-08-29 15:07:22.362,14857,14858,14858,2,2
2022-08-29 15:07:23.413,14857,14858,14857,1,-1
2022-08-29 15:07:25.761,14857,14858,14857,1,-1
2022-08-29 15:07:25.761,14857,14858,14857,5,-5
2022-08-29 15:07:29.621,14857,14858,14858,2,2
2022-08-29 15:07:30.930,14857,14859,14859,4,4
2022-08-29 15:07:32.733,14858,14860,14860,3,3
2022-08-29 15:07:33.092,14859,14860,14860,1,1
2022-08-29 15:07:34.585,14860,14861,14861,1,1
2022-08-29 15:07:37.281,14859,14860,14859,1,-1
2022-08-29 15:07:41.861,14859,14860,14859,1,-1
2022-08-29 15:07:41.861,14859,14860,14858,1,-1
2022-08-29 15:07:42.486,14858,14859,14858,1,-1
2022-08-29 15:07:42.486,14858,14859,14857,1,-1
2022-08-29 15:07:44.926,14857,14859,14858,1,-1
2022-08-29 15:07:46.578,14857,14858,14857,1,-1
2022-08-29 15:07:46.579,14857,14858,14857,6,-6
2022-08-29 15:07:47.747,14856,14858,14856,1,-1
2022-08-29 15:07:56.715,14856,14858,14856,1,-1
2022-08-29 15:07:57.117,14857,14858,14857,1,-1
2022-08-29 15:07:58.174,14857,14858,14857,1,-1
2022-08-29 15:07:59.339,14857,14858,14857,2,-2
2022-08-29 15:07:59.642,14857,14858,14857,1,-1
2022-08-29 15:08:02.828,14856,14857,14857,1,1
2022-08-29 15:08:03.257,14857,14858,14857,1,-1
2022-08-29 15:08:04.073,14857,14858,14858,1,1
2022-08-29 15:08:04.817,14858,14860,14858,1,-1
2022-08-29 15:08:05.223,14858,14859,14858,1,-1
2022-08-29 15:08:06.752,14858,14859,14858,1,-1
2022-08-29 15:08:07.740,14857,14858,14858,2,2
2022-08-29 15:08:07.740,14857,14858,14858,2,2
2022-08-29 15:08:11.008,14858,14859,14859,2,2
2022-08-29 15:08:12.897,14858,14859,14859,2,2
2022-08-29 15:08:13.938,14859,14860,14859,1,-1
2022-08-29 15:08:14.428,14859,14860,14860,3,3
2022-08-29 15:08:15.888,14859,14861,14859,1,-1
2022-08-29 15:08:16.210,14859,14861,14859,2,-2
2022-08-29 15:08:17.187,14860,14861,14860,1,-1
2022-08-29 15:08:17.187,14860,14861,14859,10,-10
2022-08-29 15:08:17.188,14860,14861,14859,14,-14
2022-08-29 15:08:20.553,14859,14860,14859,1,-1
2022-08-29 15:08:24.570,14858,14859,14858,8,-8
2022-08-29 15:08:24.570,14858,14859,14858,2,-2
2022-08-29 15:08:24.570,14858,14859,14858,2,-2
2022-08-29 15:08:24.570,14858,14859,14858,4,-4
2022-08-29 15:08:24.571,14858,14859,14858,3,-3
2022-08-29 15:08:24.571,14858,14859,14858,9,-9
2022-08-29 15:08:24.571,14858,14859,14858,8,-8
2022-08-29 15:08:26.504,14857,14858,14857,2,-2
2022-08-29 15:08:26.505,14857,14858,14857,1,-1
2022-08-29 15:08:28.406,14857,14858,14857,2,-2
2022-08-29 15:08:30.076,14857,14858,14857,1,-1
2022-08-29 15:08:35.173,14857,14858,14857,1,-1
2022-08-29 15:08:35.501,14857,14858,14858,2,2
2022-08-29 15:08:37.653,14858,14859,14858,1,-1
2022-08-29 15:08:38.167,14857,14859,14857,2,-2
2022-08-29 15:08:38.694,14857,14859,14857,2,-2
2022-08-29 15:08:40.394,14858,14859,14858,1,-1
2022-08-29 15:08:42.468,14857,14859,14857,1,-1
2022-08-29 15:08:45.061,14858,14859,14858,1,-1
2022-08-29 15:08:46.207,14858,14859,14859,3,3
2022-08-29 15:08:46.960,14858,14859,14858,2,-2
2022-08-29 15:08:47.710,14857,14859,14857,2,-2
2022-08-29 15:08:52.506,14857,14858,14857,1,-1
2022-08-29 15:08:55.231,14857,14858,14858,2,2
2022-08-29 15:08:57.302,14858,14859,14858,2,-2
2022-08-29 15:08:59.778,14858,14859,14859,4,4
2022-08-29 15:09:00.114,14858,14860,14858,6,-6
2022-08-29 15:09:11.615,14857,14858,14857,1,-1
2022-08-29 15:09:14.664,14857,14858,14857,1,-1
2022-08-29 15:09:17.188,14857,14858,14857,1,-1
2022-08-29 15:09:19.760,14857,14858,14857,2,-2
2022-08-29 15:09:20.275,14857,14858,14857,2,-2
2022-08-29 15:09:20.275,14857,14858,14857,3,-3
2022-08-29 15:09:24.811,14856,14857,14856,1,-1
2022-08-29 15:09:25.932,14856,14857,14856,10,-10
2022-08-29 15:09:29.838,14855,14856,14856,1,1
2022-08-29 15:09:31.568,14856,14857,14856,2,-2
2022-08-29 15:09:35.079,14855,14856,14856,1,1
2022-08-29 15:09:38.746,14855,14856,14855,2,-2
2022-08-29 15:09:38.881,14855,14856,14855,1,-1
2022-08-29 15:09:38.966,14855,14856,14855,1,-1
2022-08-29 15:09:38.966,14855,14856,14855,4,-4
2022-08-29 15:09:41.627,14855,14856,14855,1,-1
2022-08-29 15:09:41.866,14855,14856,14855,1,-1
2022-08-29 15:09:42.993,14855,14856,14855,3,-3
2022-08-29 15:09:43.001,14855,14856,14856,6,6
2022-08-29 15:09:43.399,14856,14857,14856,1,-1
2022-08-29 15:09:43.536,14856,14857,14856,1,-1
2022-08-29 15:09:44.174,14856,14857,14856,1,-1
2022-08-29 15:09:45.624,14856,14857,14856,1,-1
2022-08-29 15:09:46.373,14855,14857,14856,1,-1
2022-08-29 15:09:47.167,14855,14856,14856,1,1
2022-08-29 15:09:50.563,14854,14856,14856,1,1
2022-08-29 15:09:57.667,14854,14855,14855,1,1
2022-08-29 15:10:00.203,14854,14855,14854,1,-1
2022-08-29 15:10:00.216,14854,14855,14855,4,4
2022-08-29 15:10:00.320,14854,14855,14854,1,-1
2022-08-29 15:10:00.615,14854,14855,14854,1,-1
2022-08-29 15:10:00.615,14854,14855,14854,4,-4
2022-08-29 15:10:00.818,14853,14855,14854,1,-1
2022-08-29 15:10:01.454,14854,14855,14855,2,2
2022-08-29 15:10:01.551,14855,14856,14855,1,-1
2022-08-29 15:10:02.401,14855,14856,14856,3,3
2022-08-29 15:10:02.401,14855,14856,14857,3,3
2022-08-29 15:10:02.476,14855,14856,14858,1,1
2022-08-29 15:10:02.857,14855,14857,14857,4,4
2022-08-29 15:10:03.048,14856,14858,14858,4,4
2022-08-29 15:10:04.766,14857,14858,14857,1,-1
2022-08-29 15:10:04.921,14857,14858,14857,1,-1
2022-08-29 15:10:05.120,14857,14858,14857,1,-1
2022-08-29 15:10:05.308,14857,14858,14857,1,-1
2022-08-29 15:10:05.499,14857,14858,14857,1,-1
2022-08-29 15:10:05.669,14857,14858,14856,1,-1
2022-08-29 15:10:06.001,14856,14858,14856,1,-1
2022-08-29 15:10:12.668,14856,14857,14857,1,1
2022-08-29 15:10:15.620,14857,14858,14857,1,-1
2022-08-29 15:10:17.650,14856,14857,14856,5,-5
2022-08-29 15:10:20.382,14855,14857,14856,2,-2
2022-08-29 15:10:21.777,14855,14857,14855,5,-5
2022-08-29 15:10:21.897,14855,14857,14855,1,-1
2022-08-29 15:10:24.721,14855,14856,14856,1,1
2022-08-29 15:10:25.065,14856,14857,14857,1,1
2022-08-29 15:10:25.065,14856,14857,14857,4,4
2022-08-29 15:10:26.856,14857,14858,14858,1,1
2022-08-29 15:10:26.856,14857,14858,14858,1,1
2022-08-29 15:10:26.856,14857,14858,14858,2,2
2022-08-29 15:10:35.300,14857,14859,14859,4,4
2022-08-29 15:10:37.695,14857,14858,14858,1,1
2022-08-29 15:10:39.938,14858,14859,14859,5,5
2022-08-29 15:10:39.949,14858,14859,14860,1,1
2022-08-29 15:10:42.170,14858,14860,14858,5,-5
2022-08-29 15:10:42.237,14858,14859,14858,1,-1
2022-08-29 15:10:42.238,14858,14859,14858,1,-1
2022-08-29 15:10:45.852,14858,14860,14858,1,-1
2022-08-29 15:10:49.305,14857,14858,14858,3,3
2022-08-29 15:10:50.425,14857,14859,14857,4,-4
2022-08-29 15:10:51.380,14856,14858,14858,1,1
2022-08-29 15:10:54.314,14856,14858,14856,1,-1
2022-08-29 15:10:54.503,14856,14858,14856,1,-1
2022-08-29 15:10:57.118,14856,14857,14857,1,1
2022-08-29 15:11:00.231,14856,14857,14857,3,3
2022-08-29 15:11:08.988,14856,14857,14856,1,-1
2022-08-29 15:11:08.989,14856,14857,14856,1,-1
2022-08-29 15:11:09.343,14855,14857,14856,3,-3
2022-08-29 15:11:12.185,14856,14857,14857,7,7
2022-08-29 15:11:12.185,14856,14857,14857,1,1
2022-08-29 15:11:12.185,14856,14857,14857,4,4
2022-08-29 15:11:12.721,14856,14858,14856,1,-1
2022-08-29 15:11:19.743,14855,14857,14857,1,1
2022-08-29 15:11:23.160,14855,14856,14855,7,-7
2022-08-29 15:11:23.328,14854,14855,14855,1,1
2022-08-29 15:11:25.448,14854,14855,14854,1,-1
2022-08-29 15:11:25.448,14854,14855,14854,1,-1
2022-08-29 15:11:26.080,14853,14854,14854,2,2
2022-08-29 15:11:27.813,14854,14855,14854,1,-1
2022-08-29 15:11:29.950,14854,14855,14855,2,2
2022-08-29 15:11:31.370,14855,14856,14856,2,2
2022-08-29 15:11:34.412,14855,14856,14855,2,-2
2022-08-29 15:11:37.808,14855,14856,14856,2,2
2022-08-29 15:11:37.856,14855,14856,14855,10,-10
2022-08-29 15:11:39.668,14855,14856,14856,2,2
2022-08-29 15:11:40.198,14855,14856,14855,1,-1
2022-08-29 15:11:41.670,14855,14856,14856,2,2
2022-08-29 15:11:42.578,14855,14856,14855,1,-1
2022-08-29 15:11:43.109,14855,14856,14855,1,-1
2022-08-29 15:11:43.119,14855,14856,14855,7,-7
2022-08-29 15:11:43.119,14855,14856,14854,3,-3
2022-08-29 15:11:43.470,14855,14856,14856,1,1
2022-08-29 15:11:44.310,14856,14857,14856,1,-1
2022-08-29 15:11:44.544,14856,14857,14856,1,-1
2022-08-29 15:11:44.563,14856,14857,14856,1,-1
2022-08-29 15:11:44.950,14855,14857,14857,2,2
2022-08-29 15:11:47.488,14856,14857,14856,1,-1
2022-08-29 15:11:47.550,14856,14857,14857,2,2
2022-08-29 15:11:48.568,14856,14857,14857,2,2
2022-08-29 15:11:48.817,14856,14857,14857,2,2
2022-08-29 15:11:51.433,14857,14858,14857,2,-2
2022-08-29 15:11:51.726,14857,14858,14858,2,2
2022-08-29 15:11:53.735,14857,14858,14858,2,2
2022-08-29 15:11:53.751,14857,14858,14857,1,-1
2022-08-29 15:11:54.121,14857,14858,14858,2,2
2022-08-29 15:11:55.354,14857,14858,14857,1,-1
2022-08-29 15:11:55.354,14857,14858,14857,9,-9
2022-08-29 15:11:55.354,14857,14858,14857,1,-1
2022-08-29 15:11:55.355,14857,14858,14857,4,-4
2022-08-29 15:11:55.633,14857,14858,14857,2,-2
2022-08-29 15:11:55.633,14857,14858,14856,2,-2
2022-08-29 15:11:55.709,14857,14858,14858,2,2
2022-08-29 15:11:57.253,14856,14857,14857,2,2
2022-08-29 15:11:58.437,14856,14858,14857,1,1
2022-08-29 15:11:58.707,14857,14858,14857,1,-1
2022-08-29 15:11:59.553,14857,14858,14857,2,-2
2022-08-29 15:12:01.377,14857,14858,14857,1,-1
2022-08-29 15:12:01.873,14857,14858,14858,1,1
2022-08-29 15:12:01.948,14857,14858,14858,1,1
2022-08-29 15:12:06.391,14857,14858,14858,2,2
2022-08-29 15:12:06.474,14857,14858,14858,1,1
2022-08-29 15:12:10.984,14858,14859,14858,1,-1
2022-08-29 15:12:11.407,14857,14858,14858,2,2
2022-08-29 15:12:12.758,14857,14858,14858,1,1
2022-08-29 15:12:12.773,14857,14858,14858,1,1
2022-08-29 15:12:13.685,14857,14858,14858,1,1
2022-08-29 15:12:13.951,14857,14858,14858,2,2
2022-08-29 15:12:16.747,14857,14858,14858,2,2
2022-08-29 15:12:20.565,14857,14858,14857,1,-1
2022-08-29 15:12:20.566,14857,14858,14857,1,-1
2022-08-29 15:12:20.599,14857,14858,14857,2,-2
2022-08-29 15:12:22.423,14856,14858,14856,1,-1
2022-08-29 15:12:24.439,14856,14857,14857,1,1
2022-08-29 15:12:29.254,14856,14857,14857,1,1
2022-08-29 15:12:32.477,14856,14857,14856,1,-1
2022-08-29 15:12:32.477,14856,14857,14856,1,-1
2022-08-29 15:12:39.356,14855,14857,14855,1,-1
2022-08-29 15:12:45.875,14855,14857,14855,2,-2
2022-08-29 15:12:46.507,14855,14856,14855,2,-2
2022-08-29 15:12:46.508,14855,14856,14855,1,-1
2022-08-29 15:12:48.775,14855,14856,14855,2,-2
2022-08-29 15:12:50.118,14854,14855,14854,4,-4
2022-08-29 15:12:50.749,14853,14854,14853,21,-21
2022-08-29 15:12:50.952,14852,14853,14852,2,-2
2022-08-29 15:12:51.022,14852,14853,14852,7,-7
2022-08-29 15:12:51.040,14852,14853,14853,1,1
2022-08-29 15:12:51.199,14851,14853,14851,2,-2
2022-08-29 15:12:51.279,14851,14853,14851,2,-2
2022-08-29 15:12:51.793,14852,14853,14852,1,-1
2022-08-29 15:12:51.980,14851,14853,14851,1,-1
2022-08-29 15:12:52.319,14851,14853,14853,1,1
2022-08-29 15:12:53.916,14851,14852,14851,1,-1
2022-08-29 15:12:53.989,14851,14852,14851,9,-9
2022-08-29 15:12:56.131,14851,14852,14851,1,-1
2022-08-29 15:12:58.390,14851,14852,14851,1,-1
2022-08-29 15:12:59.156,14851,14852,14852,1,1
2022-08-29 15:12:59.434,14851,14852,14851,1,-1
2022-08-29 15:13:00.189,14851,14852,14851,2,-2
2022-08-29 15:13:00.248,14851,14852,14852,4,4
2022-08-29 15:13:00.762,14851,14853,14853,1,1
2022-08-29 15:13:02.534,14852,14853,14853,1,1
2022-08-29 15:13:02.536,14852,14853,14853,1,1
2022-08-29 15:13:02.536,14852,14853,14853,1,1
2022-08-29 15:13:02.696,14853,14855,14853,5,-5
2022-08-29 15:13:03.738,14852,14853,14853,1,1
2022-08-29 15:13:03.792,14852,14853,14852,1,-1
2022-08-29 15:13:03.792,14852,14853,14852,1,-1
2022-08-29 15:13:07.032,14852,14853,14852,1,-1
2022-08-29 15:13:07.871,14851,14852,14851,2,-2
2022-08-29 15:13:11.513,14850,14852,14851,1,-1
2022-08-29 15:13:11.541,14850,14852,14851,4,-4
2022-08-29 15:13:11.546,14850,14852,14850,1,-1
2022-08-29 15:13:11.546,14850,14852,14850,5,-5
2022-08-29 15:13:11.546,14850,14852,14850,2,-2
2022-08-29 15:13:11.546,14850,14852,14850,1,-1
2022-08-29 15:13:11.546,14850,14852,14850,5,-5
2022-08-29 15:13:11.707,14849,14850,14849,2,-2
2022-08-29 15:13:11.753,14849,14851,14849,1,-1
2022-08-29 15:13:11.770,14849,14851,14849,1,-1
2022-08-29 15:13:15.514,14849,14850,14849,1,-1
2022-08-29 15:13:15.743,14849,14850,14849,2,-2
2022-08-29 15:13:17.808,14848,14849,14849,1,1
2022-08-29 15:13:20.297,14849,14850,14849,1,-1
2022-08-29 15:13:21.003,14848,14849,14849,1,1
2022-08-29 15:13:22.938,14848,14849,14849,1,1
2022-08-29 15:13:23.107,14848,14849,14848,1,-1
2022-08-29 15:13:24.523,14848,14849,14848,1,-1
2022-08-29 15:13:25.025,14848,14849,14848,1,-1
2022-08-29 15:13:29.101,14848,14849,14848,3,-3
2022-08-29 15:13:29.179,14848,14849,14848,1,-1
2022-08-29 15:13:29.625,14848,14849,14848,4,-4
2022-08-29 15:13:36.066,14847,14848,14848,1,1
2022-08-29 15:13:38.710,14847,14848,14848,1,1
2022-08-29 15:13:38.985,14848,14849,14849,4,4
2022-08-29 15:13:38.989,14848,14849,14848,1,-1
2022-08-29 15:13:38.989,14848,14849,14848,1,-1
2022-08-29 15:13:43.102,14848,14850,14848,3,-3
2022-08-29 15:13:44.313,14848,14849,14849,1,1
2022-08-29 15:13:44.837,14848,14850,14848,1,-1
2022-08-29 15:13:44.885,14848,14850,14848,1,-1
2022-08-29 15:13:44.985,14848,14850,14848,1,-1
2022-08-29 15:13:45.939,14849,14850,14849,1,-1
2022-08-29 15:13:48.202,14849,14850,14849,1,-1
2022-08-29 15:13:48.511,14849,14850,14849,4,-4
2022-08-29 15:13:51.645,14849,14850,14850,11,11
2022-08-29 15:13:51.645,14849,14850,14850,1,1
2022-08-29 15:13:54.265,14848,14850,14850,5,5
2022-08-29 15:14:05.432,14849,14850,14849,1,-1
2022-08-29 15:14:10.529,14849,14850,14849,1,-1
2022-08-29 15:14:15.044,14848,14849,14848,1,-1
2022-08-29 15:14:17.364,14848,14850,14848,1,-1
2022-08-29 15:14:20.632,14848,14850,14848,2,-2
2022-08-29 15:14:31.380,14848,14849,14848,6,-6
2022-08-29 15:14:31.380,14848,14849,14848,3,-3
2022-08-29 15:14:31.380,14848,14849,14848,1,-1
2022-08-29 15:14:31.380,14848,14849,14848,1,-1
2022-08-29 15:14:31.380,14848,14849,14848,7,-7
2022-08-29 15:14:32.705,14847,14849,14847,1,-1
2022-08-29 15:14:36.970,14848,14849,14848,5,-5
2022-08-29 15:14:38.207,14848,14849,14849,2,2
2022-08-29 15:14:38.957,14848,14850,14849,1,1
2022-08-29 15:14:39.403,14849,14850,14850,2,2
2022-08-29 15:14:43.708,14849,14850,14849,1,-1
2022-08-29 15:14:47.605,14848,14850,14850,1,1
2022-08-29 15:14:47.779,14848,14850,14850,1,1
2022-08-29 15:14:50.542,14848,14849,14848,3,-3
2022-08-29 15:14:50.542,14848,14849,14848,1,-1
2022-08-29 15:14:56.073,14848,14849,14849,4,4
2022-08-29 15:14:57.286,14848,14849,14848,3,-3
2022-08-29 15:15:01.535,14848,14849,14848,1,-1
2022-08-29 15:15:13.622,14847,14848,14848,1,1
2022-08-29 15:15:13.929,14847,14848,14848,2,2
2022-08-29 15:15:13.932,14847,14848,14848,2,2
2022-08-29 15:15:13.935,14847,14848,14848,1,1
2022-08-29 15:15:13.935,14847,14848,14848,1,1
2022-08-29 15:15:13.935,14847,14848,14848,1,1
2022-08-29 15:15:13.935,14847,14848,14848,4,4
2022-08-29 15:15:14.290,14848,14849,14848,1,-1
2022-08-29 15:15:18.100,14847,14848,14847,2,-2
2022-08-29 15:15:24.283,14847,14848,14847,2,-2
2022-08-29 15:15:24.970,14847,14848,14847,2,-2
2022-08-29 15:15:24.970,14847,14848,14847,3,-3
2022-08-29 15:15:24.971,14847,14848,14847,2,-2
2022-08-29 15:15:24.971,14847,14848,14847,2,-2
2022-08-29 15:15:24.971,14847,14848,14847,2,-2
2022-08-29 15:15:24.971,14847,14848,14847,9,-9
2022-08-29 15:15:25.149,14846,14847,14847,1,1
2022-08-29 15:15:39.268,14847,14848,14848,1,1
2022-08-29 15:15:41.587,14847,14848,14848,1,1
2022-08-29 15:15:41.649,14847,14849,14849,2,2
2022-08-29 15:15:43.519,14848,14849,14848,2,-2
2022-08-29 15:15:44.147,14848,14849,14848,2,-2
2022-08-29 15:15:48.416,14848,14849,14849,1,1
2022-08-29 15:15:49.066,14848,14849,14849,4,4
2022-08-29 15:15:49.899,14849,14850,14849,1,-1
2022-08-29 15:15:50.755,14849,14850,14850,1,1
2022-08-29 15:15:50.755,14849,14850,14850,6,6
2022-08-29 15:15:50.755,14849,14850,14850,2,2
2022-08-29 15:15:50.755,14849,14850,14850,1,1
2022-08-29 15:15:50.755,14849,14850,14850,1,1
2022-08-29 15:15:50.755,14849,14850,14850,1,1
2022-08-29 15:15:50.755,14849,14850,14850,2,2
2022-08-29 15:15:50.755,14849,14850,14850,6,6
2022-08-29 15:15:57.167,14848,14850,14850,5,5
2022-08-29 15:16:01.598,14849,14850,14850,1,1
2022-08-29 15:16:01.598,14849,14850,14850,4,4
2022-08-29 15:16:02.511,14849,14851,14849,1,-1
2022-08-29 15:16:07.981,14849,14850,14850,1,1
2022-08-29 15:16:07.995,14849,14850,14850,1,1
2022-08-29 15:16:11.301,14849,14850,14850,2,2
2022-08-29 15:16:16.396,14849,14850,14850,1,1
2022-08-29 15:16:16.966,14849,14850,14849,3,-3
2022-08-29 15:16:20.735,14848,14849,14849,1,1
2022-08-29 15:16:20.736,14848,14849,14849,2,2
2022-08-29 15:16:25.321,14848,14849,14849,2,2
2022-08-29 15:16:28.922,14848,14849,14848,1,-1
2022-08-29 15:16:32.506,14848,14849,14848,1,-1
2022-08-29 15:16:32.507,14848,14849,14848,4,-4
2022-08-29 15:16:35.118,14847,14848,14848,11,11
2022-08-29 15:16:35.119,14847,14848,14848,8,8
2022-08-29 15:16:35.119,14847,14848,14848,1,1
2022-08-29 15:16:36.013,14847,14848,14848,1,1
2022-08-29 15:16:45.424,14848,14849,14849,1,1
2022-08-29 15:16:45.938,14848,14849,14848,1,-1
2022-08-29 15:16:48.651,14847,14848,14848,1,1
2022-08-29 15:16:50.780,14847,14848,14847,2,-2
2022-08-29 15:16:51.285,14846,14848,14848,1,1
2022-08-29 15:16:57.428,14847,14848,14848,1,1
2022-08-29 15:16:57.814,14848,14849,14849,1,1
2022-08-29 15:16:58.224,14849,14850,14849,1,-1
2022-08-29 15:17:03.075,14849,14850,14850,1,1
2022-08-29 15:17:04.387,14849,14850,14850,6,6
2022-08-29 15:17:07.425,14849,14850,14850,1,1
2022-08-29 15:17:07.561,14849,14850,14850,1,1
2022-08-29 15:17:08.106,14849,14850,14850,5,5
2022-08-29 15:17:09.215,14849,14850,14849,2,-2
2022-08-29 15:17:09.215,14849,14850,14849,2,-2
2022-08-29 15:17:09.215,14849,14850,14849,1,-1
2022-08-29 15:17:10.843,14848,14849,14849,1,1
2022-08-29 15:17:16.331,14848,14850,14848,1,-1
2022-08-29 15:17:16.934,14849,14850,14849,1,-1
2022-08-29 15:17:19.874,14848,14849,14849,1,1
2022-08-29 15:17:28.155,14849,14850,14850,1,1
2022-08-29 15:17:33.064,14848,14850,14848,3,-3
2022-08-29 15:17:33.147,14847,14849,14849,1,1
2022-08-29 15:17:34.106,14847,14849,14847,1,-1
2022-08-29 15:17:34.107,14847,14849,14847,1,-1
2022-08-29 15:17:52.616,14849,14850,14850,1,1
2022-08-29 15:18:00.216,14849,14850,14849,2,-2
2022-08-29 15:18:01.449,14849,14850,14849,2,-2
2022-08-29 15:18:01.449,14849,14850,14849,1,-1
2022-08-29 15:18:01.450,14849,14850,14849,9,-9
2022-08-29 15:18:01.521,14847,14849,14847,2,-2
2022-08-29 15:18:02.503,14847,14848,14848,1,1
2022-08-29 15:18:02.582,14847,14848,14848,3,3
2022-08-29 15:18:02.772,14847,14848,14847,1,-1
2022-08-29 15:18:02.772,14847,14848,14847,3,-3
2022-08-29 15:18:02.772,14847,14848,14847,1,-1
2022-08-29 15:18:10.666,14846,14848,14847,1,-1
2022-08-29 15:18:10.788,14846,14848,14847,1,-1
2022-08-29 15:18:12.346,14846,14847,14846,1,-1
2022-08-29 15:18:13.607,14846,14847,14846,12,-12
2022-08-29 15:18:14.055,14845,14846,14845,1,-1
2022-08-29 15:18:14.056,14845,14846,14845,10,-10
2022-08-29 15:18:14.710,14844,14846,14846,2,2
2022-08-29 15:18:14.900,14845,14846,14845,1,-1
2022-08-29 15:18:18.789,14845,14846,14846,1,1
2022-08-29 15:18:18.789,14845,14846,14846,2,2
2022-08-29 15:18:19.917,14846,14847,14846,1,-1
2022-08-29 15:18:22.521,14845,14847,14845,1,-1
2022-08-29 15:18:27.226,14845,14846,14846,1,1
2022-08-29 15:18:27.588,14845,14846,14846,1,1
2022-08-29 15:18:31.413,14845,14846,14846,1,1
2022-08-29 15:18:31.413,14845,14846,14846,2,2
2022-08-29 15:18:33.504,14846,14848,14846,10,-10
2022-08-29 15:18:39.144,14846,14847,14846,1,-1
2022-08-29 15:18:39.144,14846,14847,14846,3,-3
2022-08-29 15:18:43.334,14845,14846,14846,1,1
2022-08-29 15:18:43.398,14845,14846,14845,5,-5
2022-08-29 15:18:43.399,14845,14846,14845,3,-3
2022-08-29 15:18:44.424,14844,14845,14845,1,1
2022-08-29 15:18:44.464,14844,14845,14845,1,1
2022-08-29 15:18:45.878,14844,14845,14844,11,-11
2022-08-29 15:18:46.071,14843,14844,14843,1,-1
2022-08-29 15:18:46.072,14843,14844,14843,7,-7
2022-08-29 15:18:49.254,14842,14843,14842,1,-1
2022-08-29 15:18:49.705,14842,14843,14843,1,1
2022-08-29 15:18:49.800,14842,14843,14842,1,-1
2022-08-29 15:18:50.185,14842,14843,14842,5,-5
2022-08-29 15:18:50.185,14842,14843,14842,1,-1
2022-08-29 15:18:50.185,14842,14843,14842,1,-1
2022-08-29 15:18:51.630,14841,14843,14841,1,-1
2022-08-29 15:18:51.830,14841,14843,14843,1,1
2022-08-29 15:18:51.855,14841,14843,14841,1,-1
2022-08-29 15:18:56.124,14841,14842,14841,3,-3
2022-08-29 15:18:57.542,14840,14842,14842,1,1
2022-08-29 15:18:57.886,14841,14842,14841,1,-1
2022-08-29 15:19:00.005,14840,14841,14840,2,-2
2022-08-29 15:19:00.006,14840,14841,14840,4,-4
2022-08-29 15:19:00.006,14840,14841,14840,1,-1
2022-08-29 15:19:00.137,14839,14841,14839,1,-1
2022-08-29 15:19:00.137,14839,14841,14839,1,-1
2022-08-29 15:19:00.202,14839,14841,14839,6,-6
2022-08-29 15:19:00.215,14839,14841,14840,1,-1
2022-08-29 15:19:00.216,14839,14841,14839,1,-1
2022-08-29 15:19:00.273,14838,14840,14838,1,-1
2022-08-29 15:19:00.608,14838,14839,14839,1,1
2022-08-29 15:19:00.648,14838,14839,14839,1,1
2022-08-29 15:19:03.837,14838,14839,14838,5,-5
2022-08-29 15:19:03.837,14838,14839,14838,4,-4
2022-08-29 15:19:04.979,14837,14838,14837,3,-3
2022-08-29 15:19:05.193,14836,14837,14836,1,-1
2022-08-29 15:19:05.494,14836,14838,14836,2,-2
2022-08-29 15:19:06.629,14836,14838,14836,1,-1
2022-08-29 15:19:07.597,14836,14837,14836,1,-1
2022-08-29 15:19:07.988,14836,14837,14836,1,-1
2022-08-29 15:19:08.690,14836,14837,14837,1,1
2022-08-29 15:19:09.136,14836,14837,14836,1,-1
2022-08-29 15:19:09.430,14836,14837,14836,4,-4
2022-08-29 15:19:11.121,14835,14836,14835,1,-1
2022-08-29 15:19:11.293,14835,14836,14835,1,-1
2022-08-29 15:19:11.300,14835,14836,14836,1,1
2022-08-29 15:19:13.177,14835,14836,14835,5,-5
2022-08-29 15:19:14.332,14835,14836,14836,2,2
2022-08-29 15:19:15.273,14837,14838,14837,1,-1
2022-08-29 15:19:15.515,14836,14837,14836,1,-1
2022-08-29 15:19:17.205,14836,14837,14837,1,1
2022-08-29 15:19:17.768,14836,14837,14837,1,1
2022-08-29 15:19:18.472,14836,14837,14836,1,-1
2022-08-29 15:19:19.634,14836,14837,14836,2,-2
2022-08-29 15:19:20.166,14836,14838,14836,3,-3
2022-08-29 15:19:21.392,14837,14838,14838,1,1
2022-08-29 15:19:21.392,14837,14838,14837,1,-1
2022-08-29 15:19:23.225,14836,14837,14837,1,1
2022-08-29 15:19:23.961,14836,14837,14836,1,-1
2022-08-29 15:19:25.246,14836,14837,14836,1,-1
2022-08-29 15:19:26.194,14835,14836,14836,1,1
2022-08-29 15:19:27.212,14835,14836,14835,1,-1
2022-08-29 15:19:27.301,14835,14836,14836,1,1
2022-08-29 15:19:29.433,14835,14836,14836,4,4
2022-08-29 15:19:29.658,14836,14837,14837,2,2
2022-08-29 15:19:30.155,14836,14837,14836,1,-1
2022-08-29 15:19:30.571,14835,14836,14836,1,1
2022-08-29 15:19:32.552,14835,14836,14835,3,-3
2022-08-29 15:19:35.332,14835,14836,14835,1,-1
2022-08-29 15:19:36.210,14834,14835,14835,1,1
2022-08-29 15:19:36.363,14835,14836,14836,3,3
2022-08-29 15:19:36.406,14835,14836,14835,1,-1
2022-08-29 15:19:36.496,14835,14837,14835,2,-2
2022-08-29 15:19:38.457,14835,14837,14835,1,-1
2022-08-29 15:19:39.908,14835,14836,14835,1,-1
2022-08-29 15:19:40.409,14835,14836,14835,4,-4
2022-08-29 15:19:40.737,14834,14835,14835,1,1
2022-08-29 15:19:40.737,14834,14835,14835,1,1
2022-08-29 15:19:41.495,14835,14836,14835,1,-1
2022-08-29 15:19:44.066,14835,14836,14835,1,-1
2022-08-29 15:19:45.932,14835,14836,14835,1,-1
2022-08-29 15:19:46.129,14835,14836,14835,5,-5
2022-08-29 15:19:46.130,14835,14836,14835,3,-3
2022-08-29 15:19:46.130,14835,14836,14835,1,-1
2022-08-29 15:19:46.130,14835,14836,14835,1,-1
2022-08-29 15:19:46.130,14835,14836,14835,1,-1
2022-08-29 15:19:46.565,14834,14835,14834,9,-9
2022-08-29 15:19:46.733,14833,14835,14833,2,-2
2022-08-29 15:19:48.142,14833,14835,14835,1,1
2022-08-29 15:19:48.297,14833,14835,14833,1,-1
2022-08-29 15:19:50.878,14833,14835,14833,1,-1
2022-08-29 15:19:52.366,14834,14835,14834,1,-1
2022-08-29 15:19:52.366,14834,14835,14833,9,-9
2022-08-29 15:19:52.675,14833,14834,14833,1,-1
2022-08-29 15:19:52.680,14833,14834,14833,1,-1
2022-08-29 15:19:52.729,14833,14834,14833,2,-2
2022-08-29 15:19:52.736,14833,14835,14833,2,-2
2022-08-29 15:19:52.750,14833,14835,14833,1,-1
2022-08-29 15:19:52.951,14832,14834,14833,8,-8
2022-08-29 15:19:54.124,14833,14834,14833,1,-1
2022-08-29 15:19:54.742,14832,14833,14832,6,-6
2022-08-29 15:19:55.766,14831,14833,14832,1,-1
2022-08-29 15:19:56.121,14831,14833,14831,8,-8
2022-08-29 15:19:56.758,14831,14832,14831,1,-1
2022-08-29 15:19:57.078,14831,14832,14831,1,-1
2022-08-29 15:19:57.468,14831,14832,14831,2,-2
2022-08-29 15:19:57.717,14831,14832,14831,1,-1
2022-08-29 15:19:59.090,14830,14831,14831,2,2
2022-08-29 15:20:00.192,14830,14831,14830,2,-2
2022-08-29 15:20:00.244,14830,14831,14831,3,3
2022-08-29 15:20:00.289,14830,14831,14831,6,6
2022-08-29 15:20:00.377,14831,14833,14831,1,-1
2022-08-29 15:20:00.494,14831,14833,14831,1,-1
2022-08-29 15:20:00.643,14831,14833,14831,1,-1
2022-08-29 15:20:00.652,14831,14833,14831,1,-1
2022-08-29 15:20:01.624,14830,14832,14830,1,-1
2022-08-29 15:20:01.819,14830,14832,14830,1,-1
2022-08-29 15:20:03.211,14830,14831,14831,1,1
2022-08-29 15:20:03.389,14830,14831,14831,1,1
2022-08-29 15:20:03.466,14830,14831,14830,1,-1
2022-08-29 15:20:03.968,14830,14832,14832,1,1
2022-08-29 15:20:05.565,14831,14832,14832,1,1
2022-08-29 15:20:05.628,14831,14832,14831,1,-1
2022-08-29 15:20:05.663,14831,14832,14831,2,-2
2022-08-29 15:20:05.663,14831,14832,14830,1,-1
2022-08-29 15:20:06.757,14830,14832,14832,4,4
2022-08-29 15:20:07.085,14831,14833,14833,5,5
2022-08-29 15:20:10.016,14831,14833,14833,1,1
2022-08-29 15:20:10.935,14832,14833,14832,1,-1
2022-08-29 15:20:11.697,14832,14833,14833,2,2
2022-08-29 15:20:12.401,14833,14834,14833,2,-2
2022-08-29 15:20:12.402,14833,14834,14833,5,-5
2022-08-29 15:20:12.559,14832,14834,14832,1,-1
2022-08-29 15:20:13.191,14833,14834,14833,1,-1
2022-08-29 15:20:13.329,14833,14834,14833,1,-1
2022-08-29 15:20:13.595,14833,14834,14834,2,2
2022-08-29 15:20:17.431,14834,14835,14835,1,1
2022-08-29 15:20:18.168,14834,14835,14834,1,-1
2022-08-29 15:20:18.168,14834,14835,14834,1,-1
2022-08-29 15:20:19.914,14833,14834,14834,5,5
2022-08-29 15:20:20.192,14833,14834,14833,1,-1
2022-08-29 15:20:23.065,14833,14834,14834,1,1
2022-08-29 15:20:24.173,14833,14834,14834,1,1
2022-08-29 15:20:24.674,14833,14834,14834,1,1
2022-08-29 15:20:25.341,14833,14835,14833,1,-1
2022-08-29 15:20:25.507,14833,14835,14833,2,-2
2022-08-29 15:20:25.507,14833,14835,14833,2,-2
2022-08-29 15:20:25.507,14833,14835,14833,3,-3
2022-08-29 15:20:27.853,14832,14833,14832,7,-7
2022-08-29 15:20:27.853,14832,14833,14832,1,-1
2022-08-29 15:20:28.202,14831,14832,14831,1,-1
2022-08-29 15:20:29.697,14830,14832,14832,1,1
2022-08-29 15:20:30.303,14830,14832,14832,2,2
2022-08-29 15:20:30.706,14830,14832,14831,2,2
2022-08-29 15:20:31.195,14830,14832,14832,2,2
2022-08-29 15:20:31.434,14830,14832,14832,1,1
2022-08-29 15:20:31.874,14831,14832,14831,2,-2
2022-08-29 15:20:31.903,14831,14832,14831,1,-1
2022-08-29 15:20:32.105,14830,14832,14832,2,2
2022-08-29 15:20:32.204,14830,14832,14830,1,-1
2022-08-29 15:20:32.588,14830,14832,14832,5,5
2022-08-29 15:20:33.143,14831,14832,14832,2,2
2022-08-29 15:20:33.571,14831,14832,14832,2,2
2022-08-29 15:20:34.492,14831,14832,14832,4,4
2022-08-29 15:20:34.492,14831,14832,14832,1,1
2022-08-29 15:20:34.920,14831,14832,14831,1,-1
2022-08-29 15:20:34.920,14831,14832,14831,1,-1
2022-08-29 15:20:35.023,14830,14832,14832,2,2
2022-08-29 15:20:35.073,14830,14832,14830,3,-3
2022-08-29 15:20:35.433,14830,14832,14830,1,-1
2022-08-29 15:20:35.438,14830,14832,14830,1,-1
2022-08-29 15:20:35.995,14831,14832,14831,2,-2
2022-08-29 15:20:36.294,14830,14832,14830,1,-1
2022-08-29 15:20:36.932,14831,14832,14831,1,-1
2022-08-29 15:20:37.346,14831,14832,14831,1,-1
2022-08-29 15:20:38.823,14831,14832,14832,2,2
2022-08-29 15:20:40.210,14831,14832,14831,1,-1
2022-08-29 15:20:41.562,14831,14832,14832,1,1
2022-08-29 15:20:42.850,14831,14832,14831,1,-1
2022-08-29 15:20:43.744,14831,14832,14832,2,2
2022-08-29 15:20:44.181,14831,14832,14831,1,-1
2022-08-29 15:20:44.192,14831,14832,14832,2,2
2022-08-29 15:20:44.556,14831,14832,14831,1,-1
2022-08-29 15:20:44.673,14831,14832,14832,2,2
2022-08-29 15:20:44.868,14831,14832,14831,1,-1
2022-08-29 15:20:45.392,14831,14832,14832,1,1
2022-08-29 15:20:45.952,14831,14833,14832,2,2
2022-08-29 15:20:46.131,14831,14833,14831,2,-2
2022-08-29 15:20:46.768,14831,14833,14831,1,-1
2022-08-29 15:20:47.016,14831,14832,14832,1,1
2022-08-29 15:20:48.367,14832,14833,14832,1,-1
2022-08-29 15:20:48.433,14832,14833,14832,1,-1
2022-08-29 15:20:48.573,14832,14833,14833,13,13
2022-08-29 15:20:48.573,14832,14833,14833,1,1
2022-08-29 15:20:48.573,14832,14833,14833,2,2
2022-08-29 15:20:48.573,14832,14833,14833,2,2
2022-08-29 15:20:48.573,14832,14833,14833,2,2
2022-08-29 15:20:48.574,14832,14833,14833,5,5
2022-08-29 15:20:48.574,14832,14833,14833,1,1
2022-08-29 15:20:48.574,14832,14833,14833,3,3
2022-08-29 15:20:48.574,14832,14833,14833,1,1
2022-08-29 15:20:48.574,14832,14833,14833,1,1
2022-08-29 15:20:48.897,14832,14834,14832,1,-1
2022-08-29 15:20:49.434,14832,14833,14832,1,-1
2022-08-29 15:20:49.435,14832,14833,14832,1,-1
2022-08-29 15:20:50.201,14831,14832,14831,1,-1
2022-08-29 15:20:50.253,14831,14832,14831,1,-1
2022-08-29 15:20:50.444,14831,14832,14831,1,-1
2022-08-29 15:20:50.456,14831,14832,14832,2,2
2022-08-29 15:20:50.848,14830,14832,14831,1,1
2022-08-29 15:20:51.215,14831,14832,14832,2,2
2022-08-29 15:20:52.894,14831,14833,14831,2,-2
2022-08-29 15:20:53.578,14831,14832,14831,1,-1
2022-08-29 15:20:55.097,14831,14833,14831,1,-1
2022-08-29 15:20:56.268,14830,14831,14831,1,1
2022-08-29 15:20:56.541,14831,14833,14831,1,-1
2022-08-29 15:20:56.680,14830,14832,14831,1,-1
2022-08-29 15:20:58.184,14831,14832,14831,1,-1
2022-08-29 15:20:58.403,14831,14833,14831,1,-1
2022-08-29 15:20:58.504,14831,14833,14831,1,-1
2022-08-29 15:20:59.218,14831,14833,14831,2,-2
2022-08-29 15:21:01.931,14832,14833,14833,7,7
2022-08-29 15:21:02.041,14833,14835,14833,1,-1
2022-08-29 15:21:02.128,14833,14835,14833,5,-5
2022-08-29 15:21:04.301,14833,14834,14833,1,-1
2022-08-29 15:21:04.412,14833,14834,14834,5,5
2022-08-29 15:21:04.447,14833,14834,14833,1,-1
2022-08-29 15:21:04.537,14832,14834,14833,1,-1
2022-08-29 15:21:04.537,14832,14834,14833,1,-1
2022-08-29 15:21:05.047,14832,14834,14834,2,2
2022-08-29 15:21:05.676,14833,14834,14833,2,-2
2022-08-29 15:21:05.927,14832,14834,14834,2,2
2022-08-29 15:21:08.731,14833,14834,14834,2,2
2022-08-29 15:21:09.128,14833,14835,14834,2,2
2022-08-29 15:21:09.809,14833,14835,14833,1,-1
2022-08-29 15:21:10.314,14834,14835,14834,1,-1
2022-08-29 15:21:10.314,14834,14835,14834,1,-1
2022-08-29 15:21:12.777,14833,14834,14833,1,-1
2022-08-29 15:21:13.783,14833,14834,14834,1,1
2022-08-29 15:21:14.023,14833,14835,14835,2,2
2022-08-29 15:21:16.706,14834,14835,14834,3,-3
2022-08-29 15:21:16.726,14834,14835,14834,1,-1
2022-08-29 15:21:16.726,14834,14835,14834,1,-1
2022-08-29 15:21:17.041,14834,14835,14834,1,-1
2022-08-29 15:21:17.041,14834,14835,14834,1,-1
2022-08-29 15:21:17.043,14834,14835,14834,6,-6
2022-08-29 15:21:17.043,14834,14835,14834,1,-1
2022-08-29 15:21:17.043,14834,14835,14834,3,-3
2022-08-29 15:21:17.043,14834,14835,14834,5,-5
2022-08-29 15:21:17.043,14834,14835,14834,1,-1
2022-08-29 15:21:17.113,14833,14834,14833,1,-1
2022-08-29 15:21:17.113,14833,14834,14833,2,-2
2022-08-29 15:21:17.213,14833,14834,14832,1,-1
2022-08-29 15:21:17.467,14832,14834,14834,5,5
2022-08-29 15:21:18.596,14832,14834,14833,1,1
2022-08-29 15:21:20.174,14833,14835,14835,2,2
2022-08-29 15:21:21.583,14833,14834,14834,1,1
2022-08-29 15:21:24.930,14833,14835,14835,2,2
2022-08-29 15:21:25.373,14833,14835,14835,2,2
2022-08-29 15:21:25.561,14833,14835,14834,1,1
2022-08-29 15:21:25.561,14833,14835,14835,4,4
2022-08-29 15:21:26.174,14833,14835,14835,2,2
2022-08-29 15:21:27.525,14833,14835,14834,1,1
2022-08-29 15:21:28.283,14833,14834,14833,6,-6
2022-08-29 15:21:29.826,14833,14834,14833,1,-1
2022-08-29 15:21:30.346,14833,14834,14833,1,-1
2022-08-29 15:21:31.303,14834,14835,14834,2,-2
2022-08-29 15:21:31.341,14834,14835,14835,1,1
2022-08-29 15:21:31.387,14834,14835,14834,1,-1
2022-08-29 15:21:31.697,14834,14835,14835,2,2
2022-08-29 15:21:32.074,14834,14835,14835,2,2
2022-08-29 15:21:32.506,14834,14835,14835,2,2
2022-08-29 15:21:32.961,14834,14835,14835,2,2
2022-08-29 15:21:33.277,14834,14835,14835,1,1
2022-08-29 15:21:33.278,14834,14835,14835,1,1
2022-08-29 15:21:34.079,14834,14836,14836,2,2
2022-08-29 15:21:34.463,14834,14836,14835,2,2
2022-08-29 15:21:34.925,14834,14836,14835,2,2
2022-08-29 15:21:35.325,14834,14835,14835,1,1
2022-08-29 15:21:35.325,14834,14835,14836,1,1
2022-08-29 15:21:35.745,14834,14836,14836,2,2
2022-08-29 15:21:36.389,14834,14836,14836,2,2
2022-08-29 15:21:37.690,14834,14836,14834,6,-6
2022-08-29 15:21:37.900,14834,14835,14835,1,1
2022-08-29 15:21:38.084,14834,14835,14834,2,-2
2022-08-29 15:21:38.084,14834,14835,14834,1,-1
2022-08-29 15:21:38.166,14833,14835,14833,1,-1
2022-08-29 15:21:38.171,14833,14835,14833,1,-1
2022-08-29 15:21:39.633,14834,14835,14834,1,-1
2022-08-29 15:21:39.638,14834,14835,14834,1,-1
2022-08-29 15:21:40.018,14833,14835,14835,2,2
2022-08-29 15:21:41.308,14833,14834,14834,2,2
2022-08-29 15:21:41.629,14833,14834,14834,2,2
2022-08-29 15:21:41.657,14833,14834,14834,2,2
2022-08-29 15:21:42.121,14834,14835,14834,1,-1
2022-08-29 15:21:42.316,14834,14835,14834,1,-1
2022-08-29 15:21:42.791,14833,14835,14835,2,2
2022-08-29 15:21:46.498,14834,14836,14834,5,-5
2022-08-29 15:21:46.952,14834,14836,14834,3,-3
2022-08-29 15:21:47.470,14834,14836,14836,1,1
2022-08-29 15:21:47.629,14834,14836,14834,1,-1
2022-08-29 15:21:48.507,14834,14836,14835,1,-1
2022-08-29 15:21:48.876,14835,14836,14835,1,-1
2022-08-29 15:21:49.030,14833,14835,14833,1,-1
2022-08-29 15:21:49.045,14833,14835,14833,2,-2
2022-08-29 15:21:50.918,14833,14835,14833,3,-3
2022-08-29 15:21:51.094,14833,14834,14833,3,-3
2022-08-29 15:21:51.095,14833,14834,14833,4,-4
2022-08-29 15:21:51.095,14833,14834,14833,9,-9
2022-08-29 15:21:51.757,14832,14834,14834,1,1
2022-08-29 15:21:52.987,14832,14834,14832,1,-1
2022-08-29 15:21:52.987,14832,14834,14832,6,-6
2022-08-29 15:21:52.987,14832,14834,14832,7,-7
2022-08-29 15:21:52.987,14832,14834,14832,2,-2
2022-08-29 15:21:52.987,14832,14834,14832,6,-6
2022-08-29 15:21:52.987,14832,14834,14832,3,-3
2022-08-29 15:21:53.390,14831,14832,14831,1,-1
2022-08-29 15:21:54.356,14830,14832,14830,1,-1
2022-08-29 15:21:55.835,14830,14832,14832,3,3
2022-08-29 15:21:57.635,14832,14834,14832,1,-1
2022-08-29 15:21:57.635,14832,14834,14832,2,-2
2022-08-29 15:21:58.759,14832,14833,14832,2,-2
2022-08-29 15:21:59.009,14831,14832,14831,2,-2
2022-08-29 15:22:00.042,14831,14832,14831,1,-1
2022-08-29 15:22:00.043,14831,14832,14831,1,-1
2022-08-29 15:22:00.043,14831,14832,14831,5,-5
2022-08-29 15:22:00.043,14831,14832,14831,4,-4
2022-08-29 15:22:00.043,14831,14832,14831,1,-1
2022-08-29 15:22:00.043,14831,14832,14831,2,-2
2022-08-29 15:22:00.043,14831,14832,14831,6,-6
2022-08-29 15:22:00.126,14830,14831,14830,7,-7
2022-08-29 15:22:00.595,14829,14830,14829,4,-4
2022-08-29 15:22:01.189,14829,14830,14830,1,1
2022-08-29 15:22:01.190,14829,14830,14830,1,1
2022-08-29 15:22:01.190,14829,14830,14830,1,1
2022-08-29 15:22:01.190,14829,14830,14830,1,1
2022-08-29 15:22:01.190,14829,14830,14830,6,6
2022-08-29 15:22:01.199,14829,14830,14830,1,1
2022-08-29 15:22:01.203,14829,14830,14829,3,-3
2022-08-29 15:22:01.812,14828,14830,14830,6,6
2022-08-29 15:22:01.812,14828,14830,14831,4,4
2022-08-29 15:22:01.999,14829,14830,14830,1,1
2022-08-29 15:22:01.999,14829,14830,14831,1,1
2022-08-29 15:22:02.441,14829,14831,14831,4,4
2022-08-29 15:22:03.365,14829,14831,14831,1,1
2022-08-29 15:22:03.486,14829,14831,14829,1,-1
2022-08-29 15:22:05.993,14829,14831,14831,3,3
2022-08-29 15:22:07.761,14830,14831,14831,1,1
2022-08-29 15:22:07.761,14830,14831,14832,1,1
2022-08-29 15:22:09.571,14830,14831,14830,2,-2
2022-08-29 15:22:13.251,14830,14831,14830,1,-1
2022-08-29 15:22:13.860,14830,14831,14830,2,-2
2022-08-29 15:22:15.244,14830,14831,14831,1,1
2022-08-29 15:22:16.133,14829,14831,14831,1,1
2022-08-29 15:22:20.191,14830,14831,14830,1,-1
2022-08-29 15:22:20.471,14829,14831,14829,1,-1
2022-08-29 15:22:20.563,14829,14831,14829,3,-3
2022-08-29 15:22:22.975,14829,14831,14830,1,-1
2022-08-29 15:22:23.768,14830,14831,14831,1,1
2022-08-29 15:22:24.212,14830,14831,14830,3,-3
2022-08-29 15:22:24.730,14830,14831,14830,1,-1
2022-08-29 15:22:24.730,14830,14831,14830,1,-1
2022-08-29 15:22:24.730,14830,14831,14830,2,-2
2022-08-29 15:22:27.757,14829,14830,14829,1,-1
2022-08-29 15:22:29.175,14829,14830,14830,1,1
2022-08-29 15:22:30.905,14829,14831,14830,1,1
2022-08-29 15:22:32.631,14830,14831,14830,1,-1
2022-08-29 15:22:32.631,14830,14831,14830,3,-3
2022-08-29 15:22:34.683,14830,14831,14831,16,16
2022-08-29 15:22:35.717,14831,14832,14831,1,-1
2022-08-29 15:22:35.846,14831,14832,14832,1,1
2022-08-29 15:22:35.846,14831,14832,14832,3,3
2022-08-29 15:22:36.567,14831,14833,14831,1,-1
2022-08-29 15:22:39.013,14831,14833,14833,4,4
2022-08-29 15:22:40.194,14832,14833,14832,4,-4
2022-08-29 15:22:40.334,14832,14833,14831,4,-4
2022-08-29 15:22:44.479,14830,14831,14830,1,-1
2022-08-29 15:22:44.480,14830,14831,14830,3,-3
2022-08-29 15:22:45.487,14829,14831,14831,1,1
2022-08-29 15:22:46.461,14829,14831,14830,1,1
2022-08-29 15:22:50.663,14829,14830,14830,2,2
2022-08-29 15:22:51.159,14829,14830,14829,1,-1
2022-08-29 15:22:51.160,14829,14830,14829,14,-14
2022-08-29 15:22:51.160,14829,14830,14829,4,-4
2022-08-29 15:22:51.160,14829,14830,14829,1,-1
2022-08-29 15:22:51.160,14829,14830,14829,6,-6
2022-08-29 15:22:51.160,14829,14830,14829,1,-1
2022-08-29 15:22:51.160,14829,14830,14829,3,-3
2022-08-29 15:22:51.160,14829,14830,14829,1,-1
2022-08-29 15:22:51.160,14829,14830,14829,3,-3
2022-08-29 15:22:51.642,14828,14829,14829,1,1
2022-08-29 15:22:54.842,14829,14831,14829,5,-5
2022-08-29 15:22:54.843,14829,14831,14829,15,-15
2022-08-29 15:22:57.465,14828,14829,14828,2,-2
2022-08-29 15:22:57.465,14828,14829,14828,17,-17
2022-08-29 15:22:57.741,14827,14829,14827,2,-2
2022-08-29 15:22:57.935,14827,14828,14827,1,-1
2022-08-29 15:22:59.262,14827,14829,14827,1,-1
2022-08-29 15:23:01.704,14827,14828,14827,1,-1
2022-08-29 15:23:02.728,14827,14828,14827,1,-1
2022-08-29 15:23:03.495,14826,14828,14828,1,1
2022-08-29 15:23:05.164,14826,14827,14827,1,1
2022-08-29 15:23:05.741,14826,14828,14826,1,-1
2022-08-29 15:23:06.284,14826,14828,14826,4,-4
2022-08-29 15:23:06.930,14826,14828,14826,1,-1
2022-08-29 15:23:10.083,14826,14827,14826,1,-1
2022-08-29 15:23:10.996,14826,14827,14827,1,1
2022-08-29 15:23:12.071,14826,14827,14827,1,1
2022-08-29 15:23:12.079,14826,14827,14827,1,1
2022-08-29 15:23:12.079,14826,14827,14827,1,1
2022-08-29 15:23:12.080,14826,14827,14827,1,1
2022-08-29 15:23:13.950,14826,14827,14827,1,1
2022-08-29 15:23:14.793,14827,14828,14827,1,-1
2022-08-29 15:23:14.865,14826,14828,14828,1,1
2022-08-29 15:23:16.611,14826,14827,14827,1,1
2022-08-29 15:23:17.002,14826,14828,14828,1,1
2022-08-29 15:23:18.303,14826,14828,14827,1,1
2022-08-29 15:23:18.892,14826,14828,14826,1,-1
2022-08-29 15:23:21.762,14826,14828,14828,1,1
2022-08-29 15:23:23.309,14827,14828,14827,1,-1
2022-08-29 15:23:25.764,14827,14828,14827,1,-1
2022-08-29 15:23:30.940,14826,14827,14826,4,-4
2022-08-29 15:23:30.940,14826,14827,14826,11,-11
2022-08-29 15:23:30.940,14826,14827,14826,3,-3
2022-08-29 15:23:30.940,14826,14827,14826,2,-2
2022-08-29 15:23:30.941,14826,14827,14826,2,-2
2022-08-29 15:23:30.941,14826,14827,14826,3,-3
2022-08-29 15:23:30.941,14826,14827,14826,1,-1
2022-08-29 15:23:30.941,14826,14827,14826,3,-3
2022-08-29 15:23:32.921,14825,14826,14825,1,-1
2022-08-29 15:23:32.921,14825,14826,14825,1,-1
2022-08-29 15:23:32.921,14825,14826,14825,1,-1
2022-08-29 15:23:32.922,14825,14826,14825,1,-1
2022-08-29 15:23:32.922,14825,14826,14825,1,-1
2022-08-29 15:23:33.023,14825,14826,14825,18,-18
2022-08-29 15:23:34.053,14824,14825,14824,1,-1
2022-08-29 15:23:34.060,14824,14825,14824,1,-1
2022-08-29 15:23:34.073,14824,14825,14825,1,1
2022-08-29 15:23:34.560,14823,14824,14823,2,-2
2022-08-29 15:23:34.561,14823,14824,14823,1,-1
2022-08-29 15:23:35.447,14822,14823,14822,1,-1
2022-08-29 15:23:36.850,14822,14823,14823,1,1
2022-08-29 15:23:37.912,14823,14824,14823,2,-2
2022-08-29 15:23:38.728,14823,14824,14823,1,-1
2022-08-29 15:23:38.987,14823,14824,14823,1,-1
2022-08-29 15:23:40.200,14823,14824,14823,9,-9
2022-08-29 15:23:41.627,14823,14824,14824,2,2
2022-08-29 15:23:41.738,14823,14824,14823,6,-6
2022-08-29 15:23:41.738,14823,14824,14822,9,-9
2022-08-29 15:23:43.511,14822,14823,14822,4,-4
2022-08-29 15:23:43.768,14821,14823,14821,3,-3
2022-08-29 15:23:43.882,14821,14823,14821,1,-1
2022-08-29 15:23:45.004,14821,14822,14821,1,-1
2022-08-29 15:23:45.005,14821,14822,14821,1,-1
2022-08-29 15:23:45.411,14821,14822,14821,1,-1
2022-08-29 15:23:45.434,14821,14822,14821,1,-1
2022-08-29 15:23:45.559,14821,14822,14821,4,-4
2022-08-29 15:23:45.559,14821,14822,14821,2,-2
2022-08-29 15:23:45.821,14820,14821,14821,6,6
2022-08-29 15:23:45.886,14821,14822,14821,8,-8
2022-08-29 15:23:45.887,14821,14822,14821,6,-6
2022-08-29 15:23:46.475,14820,14822,14820,4,-4
2022-08-29 15:23:46.752,14821,14822,14821,1,-1
2022-08-29 15:23:47.077,14821,14823,14822,1,-1
2022-08-29 15:23:47.425,14821,14823,14821,1,-1
2022-08-29 15:23:50.430,14821,14823,14821,1,-1
2022-08-29 15:23:50.988,14821,14822,14822,1,1
2022-08-29 15:23:52.119,14821,14822,14822,7,7
2022-08-29 15:23:53.730,14822,14823,14822,6,-6
2022-08-29 15:23:53.730,14822,14823,14821,14,-14
2022-08-29 15:23:54.512,14821,14822,14822,2,2
2022-08-29 15:23:55.392,14821,14823,14821,1,-1
2022-08-29 15:23:56.363,14821,14823,14823,1,1
2022-08-29 15:23:57.350,14822,14824,14822,1,-1
2022-08-29 15:23:57.834,14821,14823,14821,1,-1
2022-08-29 15:23:58.540,14821,14823,14821,1,-1
2022-08-29 15:23:58.885,14821,14823,14821,2,-2
2022-08-29 15:23:59.311,14821,14822,14822,1,1
2022-08-29 15:23:59.311,14821,14822,14822,1,1
2022-08-29 15:23:59.402,14821,14823,14821,1,-1
2022-08-29 15:24:00.694,14822,14823,14823,19,19
2022-08-29 15:24:00.695,14822,14823,14823,3,3
2022-08-29 15:24:00.695,14822,14823,14823,1,1
2022-08-29 15:24:00.695,14822,14823,14823,3,3
2022-08-29 15:24:02.049,14822,14824,14822,1,-1
2022-08-29 15:24:02.322,14823,14824,14824,1,1
2022-08-29 15:24:02.323,14823,14824,14824,1,1
2022-08-29 15:24:02.331,14823,14824,14824,1,1
2022-08-29 15:24:02.331,14823,14824,14824,1,1
2022-08-29 15:24:03.581,14824,14825,14824,1,-1
2022-08-29 15:24:05.005,14824,14825,14825,2,2
2022-08-29 15:24:05.999,14825,14826,14826,1,1
2022-08-29 15:24:06.352,14826,14828,14826,1,-1
2022-08-29 15:24:07.050,14825,14827,14827,1,1
2022-08-29 15:24:07.525,14825,14827,14825,2,-2
2022-08-29 15:24:07.879,14825,14827,14825,5,-5
2022-08-29 15:24:10.249,14827,14828,14827,1,-1
2022-08-29 15:24:12.603,14825,14826,14826,1,1
2022-08-29 15:24:12.864,14825,14826,14825,1,-1
2022-08-29 15:24:14.276,14824,14826,14826,3,3
2022-08-29 15:24:16.325,14824,14826,14826,2,2
2022-08-29 15:24:16.600,14826,14827,14827,3,3
2022-08-29 15:24:16.602,14826,14827,14828,10,10
2022-08-29 15:24:16.605,14826,14827,14829,1,1
2022-08-29 15:24:17.489,14827,14829,14827,1,-1
2022-08-29 15:24:18.832,14827,14829,14829,1,1
2022-08-29 15:24:21.540,14827,14829,14827,6,-6
2022-08-29 15:24:22.144,14826,14828,14828,1,1
2022-08-29 15:24:22.426,14826,14828,14828,1,1
2022-08-29 15:24:22.716,14826,14828,14829,2,2
2022-08-29 15:24:23.812,14828,14829,14828,2,-2
2022-08-29 15:24:30.427,14826,14828,14828,1,1
2022-08-29 15:24:30.651,14826,14828,14826,1,-1
2022-08-29 15:24:31.189,14825,14827,14827,3,3
2022-08-29 15:24:32.508,14825,14826,14825,2,-2
2022-08-29 15:24:33.387,14824,14826,14824,1,-1
2022-08-29 15:24:33.631,14824,14826,14824,2,-2
2022-08-29 15:24:37.242,14823,14825,14824,1,-1
2022-08-29 15:24:38.750,14824,14826,14826,1,1
2022-08-29 15:24:41.679,14825,14826,14826,1,1
2022-08-29 15:24:42.215,14826,14827,14826,1,-1
2022-08-29 15:24:44.135,14827,14828,14827,1,-1
2022-08-29 15:24:44.195,14827,14828,14827,1,-1
2022-08-29 15:24:44.911,14827,14828,14827,1,-1
2022-08-29 15:24:48.269,14827,14828,14828,1,1
2022-08-29 15:24:49.801,14827,14828,14828,1,1
2022-08-29 15:24:52.309,14827,14828,14827,1,-1
2022-08-29 15:24:53.242,14827,14828,14827,2,-2
2022-08-29 15:24:53.963,14826,14827,14827,1,1
2022-08-29 15:24:54.189,14826,14827,14827,1,1
2022-08-29 15:24:54.625,14826,14827,14827,1,1
2022-08-29 15:24:55.915,14827,14828,14827,4,-4
2022-08-29 15:24:56.370,14827,14828,14827,1,-1
2022-08-29 15:24:56.982,14826,14828,14828,1,1
2022-08-29 15:24:59.933,14827,14828,14828,3,3
2022-08-29 15:25:00.212,14827,14828,14828,2,2
2022-08-29 15:25:00.803,14827,14828,14827,1,-1
2022-08-29 15:25:01.178,14826,14828,14826,1,-1
2022-08-29 15:25:01.529,14826,14828,14826,1,-1
2022-08-29 15:25:01.601,14826,14828,14826,1,-1
2022-08-29 15:25:06.099,14826,14828,14828,1,1
2022-08-29 15:25:07.312,14827,14828,14828,6,6
2022-08-29 15:25:09.227,14828,14829,14829,1,1
2022-08-29 15:25:09.228,14828,14829,14829,1,1
2022-08-29 15:25:09.543,14829,14830,14829,1,-1
2022-08-29 15:25:11.591,14829,14830,14830,1,1
2022-08-29 15:25:11.633,14829,14830,14830,1,1
2022-08-29 15:25:11.641,14829,14830,14830,1,1
2022-08-29 15:25:12.615,14829,14831,14829,1,-1
2022-08-29 15:25:13.543,14829,14831,14831,1,1
2022-08-29 15:25:14.687,14830,14831,14831,2,2
2022-08-29 15:25:21.860,14831,14832,14831,5,-5
2022-08-29 15:25:24.179,14831,14832,14832,1,1
2022-08-29 15:25:24.179,14831,14832,14832,4,4
2022-08-29 15:25:24.179,14831,14832,14832,2,2
2022-08-29 15:25:24.179,14831,14832,14832,1,1
2022-08-29 15:25:24.179,14831,14832,14832,1,1
2022-08-29 15:25:25.070,14832,14833,14833,2,2
2022-08-29 15:25:26.342,14832,14833,14832,1,-1
2022-08-29 15:25:26.349,14832,14833,14833,4,4
2022-08-29 15:25:29.012,14831,14833,14833,6,6
2022-08-29 15:25:30.632,14832,14833,14833,1,1
2022-08-29 15:25:32.947,14832,14833,14832,2,-2
2022-08-29 15:25:33.364,14831,14833,14833,1,1
2022-08-29 15:25:33.381,14831,14833,14831,1,-1
2022-08-29 15:25:34.077,14831,14833,14833,1,1
2022-08-29 15:25:38.119,14832,14833,14833,1,1
2022-08-29 15:25:39.559,14832,14833,14832,1,-1
2022-08-29 15:25:40.264,14831,14833,14833,1,1
2022-08-29 15:25:44.386,14831,14833,14833,3,3
2022-08-29 15:25:45.274,14832,14833,14833,1,1
2022-08-29 15:25:48.312,14831,14832,14831,2,-2
2022-08-29 15:25:48.312,14831,14832,14831,2,-2
2022-08-29 15:25:54.890,14830,14831,14831,1,1
2022-08-29 15:25:55.264,14830,14831,14831,2,2
2022-08-29 15:25:57.575,14831,14832,14831,1,-1
2022-08-29 15:25:57.966,14830,14831,14830,1,-1
2022-08-29 15:25:57.966,14830,14831,14830,2,-2
2022-08-29 15:25:57.966,14830,14831,14830,6,-6
2022-08-29 15:25:58.662,14829,14831,14831,1,1
2022-08-29 15:26:01.883,14831,14832,14831,1,-1
2022-08-29 15:26:04.455,14831,14832,14831,1,-1
2022-08-29 15:26:06.062,14831,14832,14831,1,-1
2022-08-29 15:26:06.978,14830,14832,14831,1,-1
2022-08-29 15:26:10.717,14831,14832,14832,1,1
2022-08-29 15:26:13.970,14832,14833,14832,1,-1
2022-08-29 15:26:17.971,14832,14833,14832,1,-1
2022-08-29 15:26:20.005,14831,14832,14831,1,-1
2022-08-29 15:26:26.773,14830,14831,14831,1,1
2022-08-29 15:26:28.861,14831,14832,14831,4,-4
2022-08-29 15:26:29.023,14831,14832,14832,1,1
2022-08-29 15:26:29.023,14831,14832,14832,2,2
2022-08-29 15:26:35.661,14831,14832,14831,2,-2
2022-08-29 15:26:35.968,14830,14832,14832,2,2
2022-08-29 15:26:37.604,14831,14832,14832,1,1
2022-08-29 15:26:39.973,14831,14832,14832,9,9
2022-08-29 15:26:39.973,14831,14832,14832,1,1
2022-08-29 15:26:41.338,14831,14832,14832,1,1
2022-08-29 15:26:42.878,14831,14832,14831,1,-1
2022-08-29 15:26:48.109,14831,14833,14833,2,2
2022-08-29 15:26:48.974,14831,14833,14831,1,-1
2022-08-29 15:26:49.235,14831,14833,14833,2,2
2022-08-29 15:26:50.151,14831,14833,14831,2,-2
2022-08-29 15:26:55.764,14831,14832,14831,1,-1
2022-08-29 15:26:58.779,14831,14832,14831,1,-1
2022-08-29 15:27:03.973,14831,14832,14831,1,-1
2022-08-29 15:27:06.553,14831,14832,14831,1,-1
2022-08-29 15:27:06.971,14831,14832,14831,5,-5
2022-08-29 15:27:09.125,14831,14832,14831,2,-2
2022-08-29 15:27:14.363,14831,14832,14832,2,2
2022-08-29 15:27:18.723,14831,14832,14832,1,1
2022-08-29 15:27:23.354,14831,14832,14832,1,1
2022-08-29 15:27:27.062,14831,14832,14831,2,-2
2022-08-29 15:27:30.225,14830,14831,14831,1,1
2022-08-29 15:27:30.225,14830,14831,14831,1,1
2022-08-29 15:27:31.620,14831,14832,14831,1,-1
2022-08-29 15:27:32.306,14831,14832,14832,1,1
2022-08-29 15:27:32.351,14831,14832,14833,1,1
2022-08-29 15:27:33.172,14831,14832,14832,1,1
2022-08-29 15:27:34.615,14832,14833,14833,3,3
2022-08-29 15:27:34.732,14832,14833,14833,1,1
2022-08-29 15:27:36.069,14833,14834,14833,1,-1
2022-08-29 15:27:40.220,14832,14833,14833,1,1
2022-08-29 15:27:46.243,14832,14833,14832,3,-3
2022-08-29 15:27:47.721,14831,14832,14831,1,-1
2022-08-29 15:27:48.742,14830,14832,14832,7,7
2022-08-29 15:27:48.742,14830,14832,14833,1,1
2022-08-29 15:27:53.861,14831,14833,14833,2,2
2022-08-29 15:27:54.392,14831,14832,14832,1,1
2022-08-29 15:27:54.637,14831,14833,14833,2,2
2022-08-29 15:27:59.272,14832,14833,14833,1,1
2022-08-29 15:28:04.502,14831,14833,14831,1,-1
2022-08-29 15:28:04.883,14830,14831,14830,2,-2
2022-08-29 15:28:04.883,14830,14831,14830,3,-3
2022-08-29 15:28:04.926,14830,14831,14830,3,-3
2022-08-29 15:28:04.926,14830,14831,14830,1,-1
2022-08-29 15:28:04.926,14830,14831,14830,1,-1
2022-08-29 15:28:05.604,14830,14831,14830,1,-1
2022-08-29 15:28:07.354,14829,14831,14829,3,-3
2022-08-29 15:28:08.922,14829,14830,14830,1,1
2022-08-29 15:28:09.979,14829,14831,14829,3,-3
2022-08-29 15:28:13.196,14829,14831,14829,2,-2
2022-08-29 15:28:19.289,14830,14831,14831,2,2
2022-08-29 15:28:19.611,14830,14831,14830,1,-1
2022-08-29 15:28:20.793,14829,14830,14830,2,2
2022-08-29 15:28:22.169,14829,14830,14829,2,-2
2022-08-29 15:28:26.181,14829,14830,14829,1,-1
2022-08-29 15:28:26.700,14828,14830,14830,1,1
2022-08-29 15:28:26.732,14828,14830,14830,1,1
2022-08-29 15:28:29.727,14829,14830,14829,1,-1
2022-08-29 15:28:33.023,14828,14829,14829,1,1
2022-08-29 15:28:37.052,14829,14830,14829,1,-1
2022-08-29 15:28:45.055,14829,14830,14830,5,5
2022-08-29 15:28:45.055,14829,14830,14830,1,1
2022-08-29 15:28:46.768,14831,14832,14831,1,-1
2022-08-29 15:28:47.392,14831,14832,14832,2,2
2022-08-29 15:28:52.237,14832,14833,14833,1,1
2022-08-29 15:28:59.447,14833,14834,14833,1,-1
2022-08-29 15:29:00.246,14833,14834,14833,3,-3
2022-08-29 15:29:03.941,14833,14834,14834,1,1
2022-08-29 15:29:04.883,14833,14834,14833,1,-1
2022-08-29 15:29:06.992,14833,14834,14834,1,1
2022-08-29 15:29:06.992,14833,14834,14834,1,1
2022-08-29 15:29:06.992,14833,14834,14834,3,3
2022-08-29 15:29:06.992,14833,14834,14834,3,3
2022-08-29 15:29:06.992,14833,14834,14834,1,1
2022-08-29 15:29:16.394,14834,14835,14834,1,-1
2022-08-29 15:29:16.394,14834,14835,14834,1,-1
2022-08-29 15:29:16.395,14834,14835,14834,1,-1
2022-08-29 15:29:18.559,14833,14834,14833,3,-3
2022-08-29 15:29:23.548,14833,14834,14834,4,4
2022-08-29 15:29:23.548,14833,14834,14834,1,1
2022-08-29 15:29:24.689,14834,14835,14834,1,-1
2022-08-29 15:29:28.266,14834,14835,14835,16,16
2022-08-29 15:29:28.267,14834,14835,14835,1,1
2022-08-29 15:29:28.415,14835,14837,14836,1,1
2022-08-29 15:29:28.681,14834,14836,14836,5,5
2022-08-29 15:29:28.683,14834,14836,14836,1,1
2022-08-29 15:29:28.687,14834,14836,14837,5,5
2022-08-29 15:29:28.693,14834,14836,14837,5,5
2022-08-29 15:29:31.259,14836,14837,14836,1,-1
2022-08-29 15:29:31.633,14835,14837,14837,1,1
2022-08-29 15:29:38.059,14835,14837,14837,2,2
2022-08-29 15:29:38.300,14835,14837,14837,2,2
2022-08-29 15:29:38.502,14835,14837,14837,1,1
2022-08-29 15:29:43.208,14836,14837,14837,1,1
2022-08-29 15:29:46.617,14836,14837,14837,1,1
2022-08-29 15:29:47.847,14836,14837,14837,1,1
2022-08-29 15:29:47.847,14836,14837,14838,1,1
2022-08-29 15:29:50.738,14837,14838,14837,1,-1
2022-08-29 15:29:51.577,14837,14838,14838,1,1
2022-08-29 15:29:52.263,14837,14838,14838,1,1
2022-08-29 15:29:56.120,14837,14838,14838,1,1
2022-08-29 15:29:57.568,14837,14838,14837,1,-1
2022-08-29 15:30:00.194,14837,14838,14838,5,5
2022-08-29 15:30:00.238,14838,14839,14838,1,-1
2022-08-29 15:30:00.686,14837,14838,14838,1,1
2022-08-29 15:30:00.729,14837,14838,14839,1,1
2022-08-29 15:30:00.729,14837,14838,14839,1,1
2022-08-29 15:30:00.836,14837,14839,14839,1,1
2022-08-29 15:30:00.836,14837,14839,14839,1,1
2022-08-29 15:30:00.912,14837,14839,14839,1,1
2022-08-29 15:30:00.977,14837,14839,14839,1,1
2022-08-29 15:30:04.597,14838,14839,14838,1,-1
2022-08-29 15:30:04.699,14838,14839,14839,1,1
2022-08-29 15:30:04.700,14838,14839,14839,4,4
2022-08-29 15:30:05.953,14839,14840,14839,1,-1
2022-08-29 15:30:06.427,14839,14840,14840,4,4
2022-08-29 15:30:08.989,14840,14841,14841,2,2
2022-08-29 15:30:09.370,14841,14842,14842,1,1
2022-08-29 15:30:09.712,14841,14842,14842,2,2
2022-08-29 15:30:10.308,14841,14843,14843,2,2
2022-08-29 15:30:10.747,14841,14843,14843,1,1
2022-08-29 15:30:12.325,14842,14843,14843,2,2
2022-08-29 15:30:14.481,14842,14843,14842,3,-3
2022-08-29 15:30:14.519,14841,14843,14843,1,1
2022-08-29 15:30:15.200,14841,14843,14841,2,-2
2022-08-29 15:30:15.276,14841,14843,14843,2,2
2022-08-29 15:30:15.350,14841,14843,14843,2,2
2022-08-29 15:30:17.678,14842,14843,14843,1,1
2022-08-29 15:30:18.202,14842,14843,14842,2,-2
2022-08-29 15:30:19.928,14841,14843,14843,1,1
2022-08-29 15:30:21.609,14841,14842,14841,1,-1
2022-08-29 15:30:21.906,14841,14842,14842,1,1
2022-08-29 15:30:23.354,14842,14843,14843,1,1
2022-08-29 15:30:24.709,14842,14843,14842,1,-1
2022-08-29 15:30:26.069,14842,14843,14843,1,1
2022-08-29 15:30:26.164,14842,14843,14843,1,1
2022-08-29 15:30:26.861,14842,14843,14842,1,-1
2022-08-29 15:30:27.020,14842,14843,14843,1,1
2022-08-29 15:30:27.165,14842,14843,14842,1,-1
2022-08-29 15:30:29.682,14842,14843,14842,2,-2
2022-08-29 15:30:33.215,14842,14843,14843,1,1
2022-08-29 15:30:36.713,14842,14843,14843,1,1
2022-08-29 15:30:40.205,14842,14843,14843,6,6
2022-08-29 15:30:40.253,14842,14843,14843,1,1
2022-08-29 15:30:40.933,14842,14843,14843,1,1
2022-08-29 15:30:40.933,14842,14843,14843,1,1
2022-08-29 15:30:41.129,14842,14843,14843,1,1
2022-08-29 15:30:41.129,14842,14843,14843,4,4
2022-08-29 15:30:42.166,14843,14844,14843,1,-1
2022-08-29 15:30:42.403,14843,14844,14844,9,9
2022-08-29 15:30:42.404,14843,14844,14844,2,2
2022-08-29 15:30:42.404,14843,14844,14844,1,1
2022-08-29 15:30:42.404,14843,14844,14844,3,3
2022-08-29 15:30:42.566,14844,14845,14845,2,2
2022-08-29 15:30:47.171,14843,14844,14844,3,3
2022-08-29 15:30:47.306,14843,14844,14844,1,1
2022-08-29 15:30:48.644,14843,14844,14843,1,-1
2022-08-29 15:30:48.986,14843,14844,14843,1,-1
2022-08-29 15:30:51.566,14843,14844,14844,1,1
2022-08-29 15:30:51.566,14843,14844,14844,1,1
2022-08-29 15:30:56.002,14844,14845,14845,5,5
2022-08-29 15:30:58.363,14844,14845,14845,1,1
2022-08-29 15:30:58.876,14844,14845,14845,2,2
2022-08-29 15:30:58.956,14844,14845,14844,1,-1
2022-08-29 15:30:59.107,14844,14845,14845,1,1
2022-08-29 15:31:00.187,14844,14845,14845,4,4
2022-08-29 15:31:00.485,14845,14846,14845,1,-1
2022-08-29 15:31:01.246,14845,14846,14845,2,-2
2022-08-29 15:31:01.246,14845,14846,14845,1,-1
2022-08-29 15:31:04.730,14844,14845,14845,1,1
2022-08-29 15:31:05.241,14844,14845,14844,3,-3
2022-08-29 15:31:05.241,14844,14845,14844,2,-2
2022-08-29 15:31:05.568,14844,14845,14844,1,-1
2022-08-29 15:31:05.568,14844,14845,14844,1,-1
2022-08-29 15:31:07.478,14844,14845,14844,1,-1
2022-08-29 15:31:11.062,14843,14844,14844,1,1
2022-08-29 15:31:11.063,14843,14844,14844,1,1
2022-08-29 15:31:11.296,14844,14845,14845,2,2
2022-08-29 15:31:11.442,14844,14845,14844,1,-1
2022-08-29 15:31:12.659,14843,14845,14843,1,-1
2022-08-29 15:31:12.811,14843,14845,14843,1,-1
2022-08-29 15:31:13.721,14843,14844,14843,1,-1
2022-08-29 15:31:15.420,14843,14844,14843,1,-1
2022-08-29 15:31:15.755,14843,14844,14843,1,-1
2022-08-29 15:31:16.618,14843,14844,14844,2,2
2022-08-29 15:31:18.203,14843,14844,14843,1,-1
2022-08-29 15:31:23.096,14843,14844,14844,1,1
2022-08-29 15:31:23.099,14843,14844,14844,1,1
2022-08-29 15:31:23.099,14843,14844,14844,1,1
2022-08-29 15:31:23.099,14843,14844,14844,1,1
2022-08-29 15:31:23.099,14843,14844,14844,3,3
2022-08-29 15:31:23.413,14844,14845,14844,1,-1
2022-08-29 15:31:25.025,14844,14845,14844,1,-1
2022-08-29 15:31:25.187,14844,14845,14844,1,-1
2022-08-29 15:31:30.155,14844,14845,14845,1,1
2022-08-29 15:31:30.155,14844,14845,14845,4,4
2022-08-29 15:31:30.229,14844,14845,14846,2,2
2022-08-29 15:31:30.372,14845,14846,14846,1,1
2022-08-29 15:31:31.097,14844,14846,14845,1,1
2022-08-29 15:31:33.958,14845,14846,14845,4,-4
2022-08-29 15:31:35.141,14844,14845,14845,1,1
2022-08-29 15:31:35.569,14844,14845,14844,1,-1
2022-08-29 15:31:39.738,14843,14844,14843,9,-9
2022-08-29 15:31:40.751,14842,14843,14843,1,1
2022-08-29 15:31:41.568,14842,14843,14842,1,-1
2022-08-29 15:31:41.569,14842,14843,14842,2,-2
2022-08-29 15:31:44.580,14842,14843,14842,1,-1
2022-08-29 15:31:47.687,14841,14843,14843,2,2
2022-08-29 15:31:48.363,14841,14843,14843,2,2
2022-08-29 15:31:50.304,14841,14843,14843,1,1
2022-08-29 15:31:51.164,14841,14843,14843,3,3
2022-08-29 15:31:54.346,14842,14844,14844,2,2
2022-08-29 15:31:54.746,14842,14844,14844,2,2
2022-08-29 15:31:54.751,14842,14844,14842,2,-2
2022-08-29 15:31:54.903,14842,14844,14842,1,-1
2022-08-29 15:31:56.741,14842,14843,14842,1,-1
2022-08-29 15:31:58.175,14841,14842,14841,2,-2
2022-08-29 15:31:58.379,14841,14842,14841,1,-1
2022-08-29 15:32:14.416,14842,14843,14843,1,1
2022-08-29 15:32:20.038,14842,14843,14842,1,-1
2022-08-29 15:32:20.317,14842,14843,14842,2,-2
2022-08-29 15:32:21.832,14841,14843,14843,1,1
2022-08-29 15:32:28.054,14841,14842,14842,1,1
2022-08-29 15:32:37.097,14842,14843,14843,1,1
2022-08-29 15:32:42.941,14842,14843,14842,1,-1
2022-08-29 15:32:51.030,14841,14843,14843,1,1
2022-08-29 15:32:53.368,14842,14843,14843,3,3
2022-08-29 15:32:55.489,14843,14844,14844,1,1
2022-08-29 15:32:56.268,14844,14845,14844,1,-1
2022-08-29 15:33:00.196,14844,14845,14845,2,2
2022-08-29 15:33:00.197,14844,14845,14845,3,3
2022-08-29 15:33:01.870,14845,14846,14846,7,7
2022-08-29 15:33:01.871,14845,14846,14846,4,4
2022-08-29 15:33:03.406,14846,14847,14846,1,-1
2022-08-29 15:33:04.208,14846,14847,14847,1,1
2022-08-29 15:33:04.208,14846,14847,14847,4,4
2022-08-29 15:33:04.208,14846,14847,14847,9,9
2022-08-29 15:33:04.208,14846,14847,14847,1,1
2022-08-29 15:33:04.208,14846,14847,14847,1,1
2022-08-29 15:33:04.208,14846,14847,14847,2,2
2022-08-29 15:33:05.678,14847,14848,14847,4,-4
2022-08-29 15:33:05.698,14847,14848,14847,2,-2
2022-08-29 15:33:09.137,14846,14848,14846,1,-1
2022-08-29 15:33:10.135,14846,14847,14847,1,1
2022-08-29 15:33:12.323,14847,14848,14847,1,-1
2022-08-29 15:33:12.897,14847,14848,14848,7,7
2022-08-29 15:33:12.898,14847,14848,14848,1,1
2022-08-29 15:33:12.898,14847,14848,14848,5,5
2022-08-29 15:33:14.285,14847,14848,14848,1,1
2022-08-29 15:33:18.712,14847,14848,14847,1,-1
2022-08-29 15:33:20.187,14847,14848,14848,1,1
2022-08-29 15:33:20.214,14847,14848,14849,1,1
2022-08-29 15:33:20.506,14847,14848,14847,1,-1
2022-08-29 15:33:21.790,14847,14848,14848,1,1
2022-08-29 15:33:22.782,14847,14848,14847,1,-1
2022-08-29 15:33:25.724,14847,14848,14847,2,-2
2022-08-29 15:33:26.301,14846,14848,14848,1,1
2022-08-29 15:33:28.615,14846,14848,14848,1,1
2022-08-29 15:33:29.298,14846,14848,14848,1,1
2022-08-29 15:33:33.359,14846,14847,14846,1,-1
2022-08-29 15:33:33.360,14846,14847,14846,2,-2
2022-08-29 15:33:33.374,14846,14847,14846,1,-1
2022-08-29 15:33:33.375,14846,14847,14846,1,-1
2022-08-29 15:33:34.370,14845,14847,14847,5,5
2022-08-29 15:33:36.123,14846,14847,14847,2,2
2022-08-29 15:33:36.410,14845,14847,14847,1,1
2022-08-29 15:33:38.902,14846,14847,14846,1,-1
2022-08-29 15:33:41.194,14846,14847,14846,1,-1
2022-08-29 15:33:41.195,14846,14847,14846,1,-1
2022-08-29 15:33:42.636,14845,14846,14846,1,1
2022-08-29 15:33:43.542,14845,14846,14845,2,-2
2022-08-29 15:33:48.172,14845,14846,14845,1,-1
2022-08-29 15:33:48.970,14845,14846,14845,1,-1
2022-08-29 15:33:54.603,14845,14846,14846,5,5
2022-08-29 15:33:54.876,14845,14846,14846,2,2
2022-08-29 15:33:56.389,14846,14847,14847,2,2
2022-08-29 15:33:57.131,14846,14847,14847,1,1
2022-08-29 15:33:57.413,14846,14848,14846,1,-1
2022-08-29 15:33:57.861,14846,14847,14846,1,-1
2022-08-29 15:33:58.340,14846,14847,14847,1,1
2022-08-29 15:33:59.983,14845,14847,14847,1,1
2022-08-29 15:34:00.005,14845,14847,14847,1,1
2022-08-29 15:34:01.077,14846,14847,14847,1,1
2022-08-29 15:34:03.808,14846,14847,14846,1,-1
2022-08-29 15:34:05.016,14845,14846,14846,1,1
2022-08-29 15:34:11.405,14846,14847,14846,1,-1
2022-08-29 15:34:13.259,14846,14847,14846,1,-1
2022-08-29 15:34:14.131,14846,14847,14847,4,4
2022-08-29 15:34:22.841,14847,14848,14847,1,-1
2022-08-29 15:34:22.841,14847,14848,14847,1,-1
2022-08-29 15:34:23.199,14846,14847,14846,2,-2
2022-08-29 15:34:23.199,14846,14847,14845,1,-1
2022-08-29 15:34:27.778,14845,14847,14845,1,-1
2022-08-29 15:34:29.201,14845,14847,14847,1,1
2022-08-29 15:34:30.094,14845,14847,14845,1,-1
2022-08-29 15:34:35.147,14845,14847,14845,1,-1
2022-08-29 15:34:38.718,14845,14847,14845,1,-1
2022-08-29 15:34:41.723,14845,14846,14845,1,-1
2022-08-29 15:34:41.723,14845,14846,14845,3,-3
2022-08-29 15:34:47.821,14845,14847,14845,1,-1
2022-08-29 15:34:49.132,14846,14847,14846,1,-1
2022-08-29 15:34:49.685,14845,14847,14847,1,1
2022-08-29 15:34:49.778,14846,14848,14846,3,-3
2022-08-29 15:34:52.219,14846,14847,14847,2,2
2022-08-29 15:34:57.072,14846,14848,14846,1,-1
2022-08-29 15:34:58.429,14847,14848,14847,1,-1
2022-08-29 15:34:58.429,14847,14848,14847,1,-1
2022-08-29 15:34:59.706,14846,14847,14847,1,1
2022-08-29 15:34:59.706,14846,14847,14848,1,1
2022-08-29 15:35:01.558,14846,14848,14846,2,-2
2022-08-29 15:35:01.929,14846,14848,14846,1,-1
2022-08-29 15:35:02.190,14846,14848,14848,5,5
2022-08-29 15:35:02.894,14846,14848,14846,1,-1
2022-08-29 15:35:02.967,14846,14848,14848,2,2
2022-08-29 15:35:05.714,14846,14848,14848,1,1
2022-08-29 15:35:05.714,14846,14848,14848,1,1
2022-08-29 15:35:07.178,14847,14849,14848,1,1
2022-08-29 15:35:07.786,14848,14849,14848,1,-1
2022-08-29 15:35:12.615,14847,14848,14848,1,1
2022-08-29 15:35:13.628,14847,14848,14848,1,1
2022-08-29 15:35:15.811,14847,14848,14848,1,1
2022-08-29 15:35:15.812,14847,14848,14848,1,1
2022-08-29 15:35:15.991,14847,14849,14849,1,1
2022-08-29 15:35:16.663,14847,14849,14849,1,1
2022-08-29 15:35:18.060,14848,14849,14849,1,1
2022-08-29 15:35:18.060,14848,14849,14849,3,3
2022-08-29 15:35:18.060,14848,14849,14849,3,3
2022-08-29 15:35:19.093,14849,14850,14849,1,-1
2022-08-29 15:35:19.444,14849,14850,14850,1,1
2022-08-29 15:35:19.444,14849,14850,14850,1,1
2022-08-29 15:35:19.445,14849,14850,14850,22,22
2022-08-29 15:35:19.524,14850,14851,14851,1,1
2022-08-29 15:35:20.139,14850,14851,14851,1,1
2022-08-29 15:35:20.577,14850,14851,14850,1,-1
2022-08-29 15:35:23.885,14850,14851,14851,1,1
2022-08-29 15:35:24.687,14850,14851,14851,1,1
2022-08-29 15:35:24.776,14850,14851,14851,1,1
2022-08-29 15:35:24.778,14850,14851,14851,1,1
2022-08-29 15:35:25.151,14850,14851,14850,2,-2
2022-08-29 15:35:25.660,14850,14851,14850,1,-1
2022-08-29 15:35:25.732,14850,14851,14851,2,2
2022-08-29 15:35:26.505,14850,14851,14851,1,1
2022-08-29 15:35:26.944,14850,14851,14851,4,4
2022-08-29 15:35:29.686,14850,14851,14851,1,1
2022-08-29 15:35:30.633,14850,14851,14851,1,1
2022-08-29 15:35:30.796,14850,14852,14852,1,1
2022-08-29 15:35:30.921,14850,14852,14852,1,1
2022-08-29 15:35:32.948,14851,14852,14852,1,1
2022-08-29 15:35:33.447,14851,14852,14852,1,1
2022-08-29 15:35:34.465,14851,14852,14852,1,1
2022-08-29 15:35:34.732,14851,14852,14851,2,-2
2022-08-29 15:35:35.715,14851,14852,14851,3,-3
2022-08-29 15:35:36.323,14850,14851,14850,1,-1
2022-08-29 15:35:37.129,14850,14851,14850,1,-1
2022-08-29 15:35:37.400,14849,14850,14850,3,3
2022-08-29 15:35:37.950,14849,14851,14851,6,6
2022-08-29 15:35:39.963,14850,14852,14852,2,2
2022-08-29 15:35:41.586,14850,14852,14851,1,1
2022-08-29 15:35:47.075,14850,14851,14851,1,1
2022-08-29 15:35:47.075,14850,14851,14851,2,2
2022-08-29 15:35:47.229,14850,14852,14852,1,1
2022-08-29 15:35:49.609,14850,14851,14850,1,-1
2022-08-29 15:35:50.148,14850,14851,14851,4,4
2022-08-29 15:35:50.750,14851,14852,14852,21,21
2022-08-29 15:35:51.025,14852,14853,14853,7,7
2022-08-29 15:35:51.956,14851,14853,14853,1,1
2022-08-29 15:35:51.956,14851,14853,14853,1,1
2022-08-29 15:35:52.472,14851,14853,14853,4,4
2022-08-29 15:35:54.655,14853,14854,14853,1,-1
2022-08-29 15:35:55.059,14852,14853,14853,1,1
2022-08-29 15:35:55.210,14852,14853,14853,1,1
2022-08-29 15:35:57.125,14852,14854,14852,1,-1
2022-08-29 15:35:58.105,14852,14853,14853,1,1
2022-08-29 15:35:58.926,14852,14854,14852,1,-1
2022-08-29 15:36:00.137,14852,14853,14853,1,1
2022-08-29 15:36:01.177,14853,14854,14854,2,2
2022-08-29 15:36:01.282,14853,14854,14853,1,-1
2022-08-29 15:36:02.712,14852,14853,14853,1,1
2022-08-29 15:36:03.136,14852,14853,14853,1,1
2022-08-29 15:36:03.136,14852,14853,14853,2,2
2022-08-29 15:36:04.534,14853,14854,14853,1,-1
2022-08-29 15:36:04.600,14853,14854,14854,6,6
2022-08-29 15:36:05.124,14853,14855,14855,2,2
