2021-03-29,15:00:00.099000,16424,16425,16425,64
2021-03-29,15:00:00.214000,16424,16425,16425,1
2021-03-29,15:00:00.232000,16424,16425,16425,1
2021-03-29,15:00:00.263000,16424,16425,16425,4
2021-03-29,15:00:00.280000,16424,16425,16425,1
2021-03-29,15:00:00.334000,16424,16425,16425,2
2021-03-29,15:00:00.404000,16424,16425,16425,1
2021-03-29,15:00:00.443000,16424,16425,16425,1
2021-03-29,15:00:00.445000,16424,16425,16425,1
2021-03-29,15:00:00.445000,16424,16425,16426,1
2021-03-29,15:00:00.449000,16424,16425,16426,1
2021-03-29,15:00:00.480000,16424,16425,16426,1
2021-03-29,15:00:00.480000,16424,16425,16426,1
2021-03-29,15:00:00.509000,16424,16426,16426,1
2021-03-29,15:00:00.522000,16424,16426,16426,1
2021-03-29,15:00:00.535000,16424,16426,16427,1
2021-03-29,15:00:00.539000,16424,16426,16427,1
2021-03-29,15:00:00.541000,16424,16426,16427,1
2021-03-29,15:00:00.547000,16424,16426,16427,1
2021-03-29,15:00:00.547000,16424,16426,16427,2
2021-03-29,15:00:00.555000,16424,16426,16424,2
2021-03-29,15:00:00.579000,16424,16426,16427,1
2021-03-29,15:00:00.589000,16424,16426,16426,1
2021-03-29,15:00:00.600000,16424,16426,16428,1
2021-03-29,15:00:00.618000,16424,16426,16428,1
2021-03-29,15:00:00.974000,16424,16426,16424,2
2021-03-29,15:00:01.001000,16424,16425,16424,1
2021-03-29,15:00:01.122000,16424,16425,16424,4
2021-03-29,15:00:01.344000,16423,16425,16425,1
2021-03-29,15:00:01.356000,16423,16425,16423,4
2021-03-29,15:00:01.368000,16423,16425,16426,1
2021-03-29,15:00:01.510000,16422,16426,16426,1
2021-03-29,15:00:01.659000,16422,16426,16426,1
2021-03-29,15:00:02.368000,16423,16426,16423,1
2021-03-29,15:00:02.368000,16423,16426,16422,3
2021-03-29,15:00:02.368000,16423,16426,16421,1
2021-03-29,15:00:02.440000,16421,16425,16423,1
2021-03-29,15:00:03.378000,16424,16426,16426,1
2021-03-29,15:00:03.817000,16424,16425,16424,1
2021-03-29,15:00:04.249000,16424,16425,16425,1
2021-03-29,15:00:05.822000,16424,16426,16425,1
2021-03-29,15:00:05.847000,16424,16426,16425,1
2021-03-29,15:00:05.874000,16424,16425,16425,1
2021-03-29,15:00:05.957000,16424,16425,16425,2
2021-03-29,15:00:06.780000,16425,16426,16425,1
2021-03-29,15:00:06.900000,16425,16426,16425,1
2021-03-29,15:00:07.678000,16425,16426,16425,1
2021-03-29,15:00:07.898000,16425,16426,16426,1
2021-03-29,15:00:09.460000,16425,16426,16426,1
2021-03-29,15:00:09.629000,16425,16426,16426,1
2021-03-29,15:00:09.881000,16425,16426,16426,1
2021-03-29,15:00:10.515000,16425,16426,16426,1
2021-03-29,15:00:11.037000,16425,16426,16425,1
2021-03-29,15:00:11.038000,16425,16426,16425,2
2021-03-29,15:00:11.038000,16425,16426,16425,6
2021-03-29,15:00:11.039000,16425,16426,16425,4
2021-03-29,15:00:11.760000,16424,16425,16424,1
2021-03-29,15:00:12.093000,16423,16425,16424,1
2021-03-29,15:00:12.648000,16423,16424,16423,1
2021-03-29,15:00:12.708000,16423,16424,16424,1
2021-03-29,15:00:14.041000,16422,16424,16422,1
2021-03-29,15:00:18.351000,16422,16423,16423,1
2021-03-29,15:00:18.435000,16422,16423,16422,2
2021-03-29,15:00:19.394000,16422,16423,16423,1
2021-03-29,15:00:19.658000,16422,16423,16422,1
2021-03-29,15:00:20.257000,16422,16423,16422,1
2021-03-29,15:00:20.293000,16422,16423,16422,2
2021-03-29,15:00:20.751000,16421,16422,16422,3
2021-03-29,15:00:20.751000,16421,16422,16423,1
2021-03-29,15:00:21.284000,16421,16423,16423,1
2021-03-29,15:00:21.886000,16421,16423,16423,1
2021-03-29,15:00:22.105000,16421,16423,16422,1
2021-03-29,15:00:23.902000,16422,16423,16422,7
2021-03-29,15:00:23.947000,16422,16423,16423,1
2021-03-29,15:00:24.040000,16421,16423,16421,1
2021-03-29,15:00:27.082000,16422,16423,16422,3
2021-03-29,15:00:27.922000,16422,16423,16423,7
2021-03-29,15:00:29.009000,16422,16424,16422,5
2021-03-29,15:00:30.702000,16422,16424,16422,1
2021-03-29,15:00:31.661000,16422,16423,16423,1
2021-03-29,15:00:33.418000,16423,16424,16424,6
2021-03-29,15:00:34.332000,16424,16425,16424,1
2021-03-29,15:00:34.332000,16424,16425,16423,1
2021-03-29,15:00:34.871000,16423,16425,16425,1
2021-03-29,15:00:35.981000,16423,16424,16424,1
2021-03-29,15:00:36.002000,16423,16424,16423,9
2021-03-29,15:00:36.132000,16422,16424,16424,2
2021-03-29,15:00:36.375000,16424,16425,16424,1
2021-03-29,15:00:37.394000,16424,16425,16424,1
2021-03-29,15:00:37.813000,16424,16425,16425,2
2021-03-29,15:00:38.350000,16424,16425,16424,1
2021-03-29,15:00:39.654000,16424,16425,16424,2
2021-03-29,15:00:39.913000,16423,16424,16424,1
2021-03-29,15:00:40.470000,16423,16424,16424,7
2021-03-29,15:00:40.826000,16423,16425,16425,1
2021-03-29,15:00:41.037000,16424,16425,16424,1
2021-03-29,15:00:41.415000,16423,16425,16425,1
2021-03-29,15:00:43.394000,16424,16425,16425,1
2021-03-29,15:00:43.632000,16424,16425,16425,1
2021-03-29,15:00:44.536000,16424,16425,16425,2
2021-03-29,15:00:44.536000,16424,16425,16426,1
2021-03-29,15:00:46.668000,16425,16426,16425,1
2021-03-29,15:00:46.673000,16425,16426,16424,1
2021-03-29,15:00:49.908000,16425,16426,16426,17
2021-03-29,15:00:50.437000,16426,16427,16426,1
2021-03-29,15:00:50.437000,16426,16427,16425,5
2021-03-29,15:00:50.438000,16426,16427,16424,1
2021-03-29,15:00:51.500000,16425,16426,16426,1
2021-03-29,15:00:52.464000,16426,16427,16427,1
2021-03-29,15:00:52.464000,16426,16427,16427,1
2021-03-29,15:00:52.465000,16426,16427,16427,1
2021-03-29,15:00:54.572000,16427,16428,16428,1
2021-03-29,15:00:55.272000,16427,16428,16427,1
2021-03-29,15:00:55.539000,16427,16428,16428,11
2021-03-29,15:00:55.539000,16427,16428,16428,1
2021-03-29,15:00:55.569000,16427,16428,16427,1
2021-03-29,15:00:57.002000,16427,16428,16427,1
2021-03-29,15:00:57.045000,16427,16428,16428,1
2021-03-29,15:00:57.045000,16427,16428,16429,1
2021-03-29,15:00:57.559000,16427,16429,16429,1
2021-03-29,15:00:57.899000,16427,16429,16427,1
2021-03-29,15:00:57.899000,16427,16429,16426,1
2021-03-29,15:00:58.478000,16426,16428,16426,1
2021-03-29,15:00:58.757000,16426,16428,16426,1
2021-03-29,15:00:59.964000,16426,16428,16428,1
2021-03-29,15:01:00.011000,16426,16428,16426,1
2021-03-29,15:01:00.100000,16426,16428,16428,1
2021-03-29,15:01:00.128000,16426,16429,16429,1
2021-03-29,15:01:00.128000,16426,16429,16429,2
2021-03-29,15:01:00.130000,16426,16429,16429,1
2021-03-29,15:01:00.131000,16426,16429,16426,1
2021-03-29,15:01:00.219000,16426,16429,16426,1
2021-03-29,15:01:00.247000,16426,16429,16429,1
2021-03-29,15:01:00.659000,16427,16429,16429,1
2021-03-29,15:01:01.873000,16428,16429,16429,6
2021-03-29,15:01:01.873000,16428,16429,16429,5
2021-03-29,15:01:01.874000,16428,16429,16429,5
2021-03-29,15:01:01.875000,16428,16429,16430,15
2021-03-29,15:01:01.875000,16428,16429,16430,12
2021-03-29,15:01:01.876000,16428,16429,16430,5
2021-03-29,15:01:01.876000,16428,16429,16431,1
2021-03-29,15:01:01.876000,16428,16429,16431,1
2021-03-29,15:01:01.876000,16428,16429,16431,1
2021-03-29,15:01:01.876000,16428,16429,16431,1
2021-03-29,15:01:01.876000,16428,16429,16431,1
2021-03-29,15:01:01.876000,16428,16429,16431,1
2021-03-29,15:01:01.877000,16428,16429,16431,1
2021-03-29,15:01:01.877000,16428,16429,16431,1
2021-03-29,15:01:01.877000,16428,16429,16432,1
2021-03-29,15:01:01.877000,16428,16429,16432,1
2021-03-29,15:01:01.877000,16428,16429,16432,1
2021-03-29,15:01:01.877000,16428,16429,16432,1
2021-03-29,15:01:01.877000,16428,16429,16432,1
2021-03-29,15:01:01.877000,16428,16429,16432,1
2021-03-29,15:01:01.880000,16428,16429,16430,1
2021-03-29,15:01:02.121000,16429,16432,16432,2
2021-03-29,15:01:02.782000,16430,16432,16432,4
2021-03-29,15:01:03.109000,16430,16432,16430,1
2021-03-29,15:01:03.110000,16430,16432,16430,1
2021-03-29,15:01:03.518000,16429,16431,16431,3
2021-03-29,15:01:03.518000,16429,16431,16431,2
2021-03-29,15:01:03.585000,16429,16431,16430,1
2021-03-29,15:01:03.586000,16429,16431,16430,1
2021-03-29,15:01:05.194000,16430,16431,16430,1
2021-03-29,15:01:05.913000,16430,16431,16431,1
2021-03-29,15:01:06.598000,16430,16431,16431,2
2021-03-29,15:01:06.599000,16430,16431,16431,1
2021-03-29,15:01:06.714000,16431,16433,16431,1
2021-03-29,15:01:06.961000,16430,16433,16432,1
2021-03-29,15:01:07.210000,16431,16433,16432,1
2021-03-29,15:01:07.210000,16431,16433,16432,1
2021-03-29,15:01:07.243000,16431,16433,16433,13
2021-03-29,15:01:07.251000,16431,16433,16433,1
2021-03-29,15:01:09.691000,16431,16433,16431,1
2021-03-29,15:01:09.827000,16430,16433,16432,2
2021-03-29,15:01:10.016000,16430,16433,16430,1
2021-03-29,15:01:10.195000,16430,16433,16430,1
2021-03-29,15:01:10.563000,16430,16433,16431,1
2021-03-29,15:01:15.113000,16431,16432,16432,1
2021-03-29,15:01:15.113000,16431,16432,16433,14
2021-03-29,15:01:15.192000,16433,16434,16433,1
2021-03-29,15:01:15.343000,16433,16434,16433,1
2021-03-29,15:01:15.682000,16432,16433,16433,5
2021-03-29,15:01:16.402000,16432,16434,16432,1
2021-03-29,15:01:18.051000,16432,16434,16434,8
2021-03-29,15:01:18.052000,16432,16434,16434,11
2021-03-29,15:01:18.125000,16432,16435,16435,1
2021-03-29,15:01:18.790000,16433,16435,16435,1
2021-03-29,15:01:18.890000,16433,16435,16435,1
2021-03-29,15:01:19.142000,16433,16435,16433,1
2021-03-29,15:01:20.197000,16433,16435,16433,1
2021-03-29,15:01:20.287000,16433,16435,16433,1
2021-03-29,15:01:20.525000,16433,16434,16434,1
2021-03-29,15:01:21.010000,16433,16435,16433,1
2021-03-29,15:01:21.884000,16432,16435,16435,1
2021-03-29,15:01:22.576000,16432,16434,16434,1
2021-03-29,15:01:23.027000,16432,16434,16432,1
2021-03-29,15:01:23.118000,16432,16434,16434,2
2021-03-29,15:01:24.368000,16432,16433,16433,1
2021-03-29,15:01:24.545000,16432,16434,16434,1
2021-03-29,15:01:24.744000,16433,16434,16433,1
2021-03-29,15:01:25.199000,16433,16434,16433,1
2021-03-29,15:01:25.872000,16433,16434,16433,1
2021-03-29,15:01:28.874000,16433,16434,16433,1
2021-03-29,15:01:28.960000,16433,16434,16434,1
2021-03-29,15:01:30.042000,16433,16434,16433,1
2021-03-29,15:01:30.126000,16433,16434,16434,1
2021-03-29,15:01:30.197000,16433,16434,16433,1
2021-03-29,15:01:30.249000,16433,16434,16433,6
2021-03-29,15:01:30.249000,16433,16434,16433,1
2021-03-29,15:01:30.250000,16433,16434,16433,6
2021-03-29,15:01:30.929000,16433,16434,16434,2
2021-03-29,15:01:31.887000,16433,16434,16433,1
2021-03-29,15:01:32.523000,16432,16433,16433,1
2021-03-29,15:01:33.128000,16433,16434,16433,1
2021-03-29,15:01:33.869000,16432,16433,16432,1
2021-03-29,15:01:33.869000,16432,16433,16432,2
2021-03-29,15:01:33.869000,16432,16433,16432,1
2021-03-29,15:01:33.880000,16431,16433,16433,1
2021-03-29,15:01:34.158000,16431,16433,16433,2
2021-03-29,15:01:35.189000,16431,16433,16431,1
2021-03-29,15:01:36.616000,16431,16433,16433,3
2021-03-29,15:01:37.579000,16432,16433,16433,2
2021-03-29,15:01:37.627000,16432,16434,16434,1
2021-03-29,15:01:37.627000,16432,16434,16434,1
2021-03-29,15:01:37.628000,16432,16434,16434,1
2021-03-29,15:01:37.749000,16433,16434,16434,6
2021-03-29,15:01:37.750000,16433,16434,16434,1
2021-03-29,15:01:37.750000,16433,16434,16434,1
2021-03-29,15:01:37.750000,16433,16434,16434,3
2021-03-29,15:01:37.934000,16432,16434,16432,1
2021-03-29,15:01:38.021000,16432,16433,16433,1
2021-03-29,15:01:38.347000,16433,16434,16434,1
2021-03-29,15:01:40.219000,16432,16434,16432,1
2021-03-29,15:01:43.569000,16432,16434,16432,1
2021-03-29,15:01:44.118000,16432,16434,16432,1
2021-03-29,15:01:45.214000,16432,16434,16432,1
2021-03-29,15:01:46.411000,16432,16434,16432,2
2021-03-29,15:01:47.239000,16433,16434,16434,7
2021-03-29,15:01:47.361000,16434,16435,16435,4
2021-03-29,15:01:50.207000,16433,16434,16433,1
2021-03-29,15:01:52.828000,16432,16434,16434,2
2021-03-29,15:01:55.197000,16433,16434,16433,1
2021-03-29,15:01:55.286000,16432,16434,16434,1
2021-03-29,15:01:56.456000,16433,16434,16433,3
2021-03-29,15:01:57.110000,16432,16433,16433,1
2021-03-29,15:01:58.892000,16432,16433,16432,5
2021-03-29,15:01:59.228000,16431,16433,16431,1
2021-03-29,15:01:59.843000,16431,16432,16432,1
2021-03-29,15:01:59.972000,16431,16432,16432,1
2021-03-29,15:02:00.207000,16431,16432,16431,1
2021-03-29,15:02:00.208000,16431,16432,16432,1
2021-03-29,15:02:00.436000,16431,16433,16432,1
2021-03-29,15:02:00.821000,16432,16433,16432,1
2021-03-29,15:02:01.289000,16432,16433,16433,1
2021-03-29,15:02:01.290000,16432,16433,16433,1
2021-03-29,15:02:03.647000,16432,16433,16433,2
2021-03-29,15:02:04.525000,16433,16434,16433,1
2021-03-29,15:02:04.525000,16433,16434,16434,2
2021-03-29,15:02:04.926000,16433,16434,16434,1
2021-03-29,15:02:05.204000,16433,16434,16433,1
2021-03-29,15:02:06.470000,16432,16434,16434,2
2021-03-29,15:02:08.655000,16432,16434,16434,2
2021-03-29,15:02:09.274000,16432,16434,16434,1
2021-03-29,15:02:10.168000,16432,16434,16432,1
2021-03-29,15:02:11.175000,16433,16434,16434,3
2021-03-29,15:02:12.531000,16433,16435,16433,3
2021-03-29,15:02:14.976000,16433,16434,16434,1
2021-03-29,15:02:15.240000,16433,16434,16433,1
2021-03-29,15:02:19.964000,16433,16434,16434,1
2021-03-29,15:02:20.427000,16433,16434,16434,9
2021-03-29,15:02:21.448000,16433,16435,16434,1
2021-03-29,15:02:21.448000,16433,16435,16434,1
2021-03-29,15:02:23.008000,16434,16435,16434,1
2021-03-29,15:02:23.939000,16433,16435,16433,1
2021-03-29,15:02:24.025000,16433,16435,16433,2
2021-03-29,15:02:24.343000,16433,16435,16435,1
2021-03-29,15:02:32.560000,16434,16435,16434,1
2021-03-29,15:02:32.644000,16434,16435,16435,1
2021-03-29,15:02:32.645000,16434,16435,16435,1
2021-03-29,15:02:33.773000,16434,16435,16435,32
2021-03-29,15:02:33.774000,16434,16435,16436,1
2021-03-29,15:02:33.775000,16434,16435,16436,1
2021-03-29,15:02:35.520000,16435,16436,16435,1
2021-03-29,15:02:35.520000,16435,16436,16436,1
2021-03-29,15:02:37.508000,16435,16436,16436,4
2021-03-29,15:02:37.508000,16435,16436,16436,8
2021-03-29,15:02:37.508000,16435,16436,16436,1
2021-03-29,15:02:37.508000,16435,16436,16436,1
2021-03-29,15:02:37.701000,16436,16437,16436,1
2021-03-29,15:02:37.882000,16436,16437,16437,1
2021-03-29,15:02:37.882000,16436,16437,16437,1
2021-03-29,15:02:38.090000,16436,16437,16436,1
2021-03-29,15:02:39.186000,16436,16437,16437,1
2021-03-29,15:02:39.186000,16436,16437,16437,1
2021-03-29,15:02:39.210000,16436,16437,16437,7
2021-03-29,15:02:39.211000,16436,16437,16437,6
2021-03-29,15:02:39.832000,16437,16438,16438,1
2021-03-29,15:02:39.833000,16437,16438,16438,24
2021-03-29,15:02:41.147000,16437,16439,16438,1
2021-03-29,15:02:41.629000,16437,16439,16439,1
2021-03-29,15:02:41.629000,16437,16439,16439,1
2021-03-29,15:02:41.951000,16437,16439,16438,1
2021-03-29,15:02:41.951000,16437,16439,16438,2
2021-03-29,15:02:41.979000,16437,16439,16437,1
2021-03-29,15:02:42.330000,16436,16438,16438,1
2021-03-29,15:02:42.330000,16436,16438,16438,1
2021-03-29,15:02:42.375000,16437,16439,16439,1
2021-03-29,15:02:42.621000,16437,16439,16439,1
2021-03-29,15:02:42.921000,16437,16439,16439,1
2021-03-29,15:02:42.922000,16437,16439,16439,1
2021-03-29,15:02:45.054000,16437,16439,16438,1
2021-03-29,15:02:45.098000,16437,16439,16439,1
2021-03-29,15:02:45.116000,16437,16439,16439,1
2021-03-29,15:02:45.459000,16438,16439,16439,4
2021-03-29,15:02:47.097000,16438,16439,16439,1
2021-03-29,15:02:47.097000,16438,16439,16439,7
2021-03-29,15:02:47.670000,16438,16439,16439,1
2021-03-29,15:02:49.597000,16439,16440,16439,1
2021-03-29,15:02:50.649000,16439,16440,16439,1
2021-03-29,15:02:51.161000,16439,16440,16440,1
2021-03-29,15:02:51.162000,16439,16440,16440,1
2021-03-29,15:02:51.190000,16439,16440,16440,2
2021-03-29,15:02:51.191000,16439,16440,16440,1
2021-03-29,15:02:51.200000,16439,16440,16440,2
2021-03-29,15:02:51.211000,16439,16440,16440,2
2021-03-29,15:02:51.215000,16439,16440,16440,1
2021-03-29,15:02:51.237000,16439,16440,16440,2
2021-03-29,15:02:51.684000,16439,16440,16439,1
2021-03-29,15:02:53.453000,16439,16440,16439,1
2021-03-29,15:02:54.188000,16439,16440,16440,5
2021-03-29,15:02:55.245000,16439,16440,16439,2
2021-03-29,15:02:56.128000,16439,16440,16439,1
2021-03-29,15:02:56.129000,16439,16440,16439,1
2021-03-29,15:02:56.552000,16438,16440,16439,1
2021-03-29,15:02:57.197000,16439,16440,16439,1
2021-03-29,15:02:57.459000,16439,16440,16439,1
2021-03-29,15:02:58.898000,16439,16440,16439,1
2021-03-29,15:02:59.183000,16439,16440,16439,1
2021-03-29,15:02:59.183000,16439,16440,16439,1
2021-03-29,15:02:59.183000,16439,16440,16439,1
2021-03-29,15:02:59.183000,16439,16440,16439,1
2021-03-29,15:02:59.945000,16438,16439,16439,3
2021-03-29,15:02:59.946000,16438,16439,16439,1
2021-03-29,15:02:59.946000,16438,16439,16439,1
2021-03-29,15:02:59.948000,16438,16439,16440,2
2021-03-29,15:03:00.023000,16438,16440,16438,1
2021-03-29,15:03:00.183000,16438,16440,16439,1
2021-03-29,15:03:00.318000,16438,16439,16439,1
2021-03-29,15:03:00.318000,16438,16439,16439,1
2021-03-29,15:03:00.328000,16438,16439,16439,1
2021-03-29,15:03:00.347000,16438,16439,16439,1
2021-03-29,15:03:00.492000,16438,16439,16439,1
2021-03-29,15:03:00.910000,16439,16440,16439,1
2021-03-29,15:03:00.911000,16439,16440,16439,1
2021-03-29,15:03:01,16438,16439,16438,1
2021-03-29,15:03:01.188000,16438,16439,16439,1
2021-03-29,15:03:01.253000,16438,16439,16438,1
2021-03-29,15:03:01.421000,16438,16439,16438,1
2021-03-29,15:03:01.441000,16438,16439,16438,1
2021-03-29,15:03:01.533000,16437,16438,16438,1
2021-03-29,15:03:01.574000,16437,16438,16439,1
2021-03-29,15:03:01.574000,16437,16438,16439,1
2021-03-29,15:03:02.681000,16438,16439,16438,1
2021-03-29,15:03:02.729000,16438,16439,16438,1
2021-03-29,15:03:02.737000,16438,16439,16438,1
2021-03-29,15:03:02.742000,16438,16439,16438,1
2021-03-29,15:03:02.744000,16438,16439,16438,1
2021-03-29,15:03:02.749000,16438,16439,16438,1
2021-03-29,15:03:02.755000,16438,16439,16438,1
2021-03-29,15:03:02.756000,16438,16439,16438,1
2021-03-29,15:03:02.762000,16438,16439,16438,1
2021-03-29,15:03:02.766000,16438,16439,16438,1
2021-03-29,15:03:02.782000,16438,16439,16438,1
2021-03-29,15:03:02.789000,16438,16439,16438,1
2021-03-29,15:03:02.807000,16438,16439,16438,1
2021-03-29,15:03:02.867000,16438,16439,16438,1
2021-03-29,15:03:02.869000,16438,16439,16438,23
2021-03-29,15:03:02.907000,16437,16438,16437,1
2021-03-29,15:03:03.042000,16436,16438,16436,1
2021-03-29,15:03:03.081000,16436,16438,16436,1
2021-03-29,15:03:03.081000,16436,16438,16435,1
2021-03-29,15:03:03.085000,16436,16438,16435,2
2021-03-29,15:03:03.088000,16436,16438,16435,2
2021-03-29,15:03:03.144000,16435,16437,16437,4
2021-03-29,15:03:03.383000,16435,16438,16438,1
2021-03-29,15:03:04.344000,16435,16438,16437,1
2021-03-29,15:03:04.344000,16435,16438,16438,1
2021-03-29,15:03:05.919000,16436,16438,16438,5
2021-03-29,15:03:07.184000,16437,16438,16437,1
2021-03-29,15:03:08.249000,16436,16437,16437,1
2021-03-29,15:03:12.792000,16436,16437,16437,2
2021-03-29,15:03:17.562000,16436,16437,16436,3
2021-03-29,15:03:20.876000,16436,16437,16437,1
2021-03-29,15:03:21.177000,16436,16437,16437,1
2021-03-29,15:03:21.821000,16436,16437,16436,1
2021-03-29,15:03:25.331000,16436,16437,16437,4
2021-03-29,15:03:25.331000,16436,16437,16438,1
2021-03-29,15:03:26.115000,16437,16438,16437,1
2021-03-29,15:03:26.146000,16436,16437,16436,1
2021-03-29,15:03:27.649000,16436,16437,16436,1
2021-03-29,15:03:28.935000,16436,16437,16436,1
2021-03-29,15:03:29.180000,16436,16437,16436,1
2021-03-29,15:03:31.951000,16436,16437,16437,1
2021-03-29,15:03:32.938000,16436,16437,16436,1
2021-03-29,15:03:33.779000,16436,16437,16437,1
2021-03-29,15:03:35.441000,16435,16437,16436,1
2021-03-29,15:03:37.934000,16436,16437,16436,1
2021-03-29,15:03:39.423000,16436,16437,16436,1
2021-03-29,15:03:40.855000,16436,16437,16436,1
2021-03-29,15:03:41.956000,16436,16437,16436,1
2021-03-29,15:03:43.156000,16436,16437,16436,1
2021-03-29,15:03:44.892000,16436,16437,16436,1
2021-03-29,15:03:44.908000,16436,16437,16436,1
2021-03-29,15:03:46.608000,16436,16437,16437,1
2021-03-29,15:03:49.867000,16436,16437,16436,1
2021-03-29,15:03:49.867000,16436,16437,16436,1
2021-03-29,15:03:49.867000,16436,16437,16436,1
2021-03-29,15:03:49.867000,16436,16437,16436,1
2021-03-29,15:03:49.868000,16436,16437,16436,1
2021-03-29,15:03:49.868000,16436,16437,16436,5
2021-03-29,15:03:50.752000,16435,16437,16437,1
2021-03-29,15:03:50.920000,16435,16437,16435,1
2021-03-29,15:03:54.617000,16436,16437,16437,1
2021-03-29,15:03:54.654000,16436,16437,16436,1
2021-03-29,15:03:59.852000,16436,16437,16437,1
2021-03-29,15:04:00.153000,16436,16437,16436,1
2021-03-29,15:04:00.464000,16436,16437,16436,1
2021-03-29,15:04:00.536000,16436,16437,16436,1
2021-03-29,15:04:00.549000,16436,16437,16437,4
2021-03-29,15:04:01.499000,16435,16437,16437,1
2021-03-29,15:04:08.293000,16436,16437,16437,6
2021-03-29,15:04:10.209000,16436,16437,16437,2
2021-03-29,15:04:11.517000,16436,16437,16436,2
2021-03-29,15:04:14.624000,16436,16437,16437,1
2021-03-29,15:04:14.737000,16436,16437,16437,1
2021-03-29,15:04:20.452000,16436,16437,16436,2
2021-03-29,15:04:22.604000,16436,16437,16437,1
2021-03-29,15:04:22.604000,16436,16437,16437,1
2021-03-29,15:04:22.604000,16436,16437,16437,1
2021-03-29,15:04:23.524000,16437,16438,16437,1
2021-03-29,15:04:25.397000,16437,16438,16437,1
2021-03-29,15:04:26.756000,16437,16438,16437,1
2021-03-29,15:04:28.359000,16437,16438,16437,1
2021-03-29,15:04:29.124000,16436,16437,16437,1
2021-03-29,15:04:29.872000,16436,16438,16438,4
2021-03-29,15:04:30.273000,16437,16438,16438,1
2021-03-29,15:04:32.684000,16437,16438,16438,1
2021-03-29,15:04:34.694000,16437,16438,16438,4
2021-03-29,15:04:34.749000,16438,16439,16439,1
2021-03-29,15:04:34.926000,16438,16439,16438,1
2021-03-29,15:04:35.952000,16438,16439,16438,1
2021-03-29,15:04:36.146000,16438,16439,16438,1
2021-03-29,15:04:37.202000,16438,16439,16438,1
2021-03-29,15:04:39.592000,16438,16439,16439,3
2021-03-29,15:04:39.868000,16438,16439,16439,2
2021-03-29,15:04:40.042000,16439,16440,16440,5
2021-03-29,15:04:40.042000,16439,16440,16440,4
2021-03-29,15:04:40.128000,16439,16441,16439,1
2021-03-29,15:04:40.758000,16439,16441,16441,2
2021-03-29,15:04:41.173000,16440,16441,16440,1
2021-03-29,15:04:41.249000,16439,16440,16440,1
2021-03-29,15:04:42.703000,16439,16440,16439,1
2021-03-29,15:04:43.760000,16439,16440,16440,1
2021-03-29,15:04:44.083000,16439,16440,16440,1
2021-03-29,15:04:44.083000,16439,16440,16440,3
2021-03-29,15:04:45.444000,16439,16441,16440,1
2021-03-29,15:04:45.717000,16439,16440,16440,1
2021-03-29,15:04:45.717000,16439,16440,16440,3
2021-03-29,15:04:46.266000,16440,16441,16440,1
2021-03-29,15:04:47.058000,16440,16441,16441,1
2021-03-29,15:04:47.175000,16440,16441,16440,1
2021-03-29,15:04:51.001000,16440,16441,16440,1
2021-03-29,15:04:51.444000,16440,16441,16440,2
2021-03-29,15:04:56.500000,16439,16440,16440,1
2021-03-29,15:04:56.501000,16439,16440,16440,1
2021-03-29,15:04:57.634000,16440,16441,16440,1
2021-03-29,15:04:58.213000,16440,16441,16440,1
2021-03-29,15:04:59.946000,16440,16441,16441,1
2021-03-29,15:05:01.902000,16440,16441,16441,1
2021-03-29,15:05:03.347000,16440,16441,16441,4
2021-03-29,15:05:04.042000,16440,16442,16440,1
2021-03-29,15:05:04.908000,16441,16442,16441,1
2021-03-29,15:05:05.167000,16440,16441,16441,1
2021-03-29,15:05:06.798000,16440,16441,16441,1
2021-03-29,15:05:06.798000,16440,16441,16441,3
2021-03-29,15:05:07.164000,16441,16442,16441,1
2021-03-29,15:05:07.306000,16440,16441,16441,1
2021-03-29,15:05:10.627000,16440,16442,16442,1
2021-03-29,15:05:13.136000,16441,16442,16442,4
2021-03-29,15:05:13.136000,16441,16442,16442,2
2021-03-29,15:05:13.136000,16441,16442,16442,1
2021-03-29,15:05:13.137000,16441,16442,16442,1
2021-03-29,15:05:13.446000,16441,16442,16442,1
2021-03-29,15:05:17.206000,16441,16442,16442,2
2021-03-29,15:05:17.419000,16441,16442,16442,1
2021-03-29,15:05:18.390000,16441,16442,16442,1
2021-03-29,15:05:18.651000,16441,16442,16442,1
2021-03-29,15:05:19.782000,16441,16442,16442,1
2021-03-29,15:05:20.639000,16441,16442,16442,1
2021-03-29,15:05:22.190000,16441,16443,16443,1
2021-03-29,15:05:22.320000,16441,16443,16441,1
2021-03-29,15:05:22.487000,16441,16443,16443,4
2021-03-29,15:05:23.857000,16441,16443,16443,1
2021-03-29,15:05:26.860000,16441,16442,16442,1
2021-03-29,15:05:26.924000,16441,16442,16442,1
2021-03-29,15:05:28.126000,16441,16443,16443,2
2021-03-29,15:05:30.632000,16441,16442,16442,3
2021-03-29,15:05:31.705000,16441,16443,16443,2
2021-03-29,15:05:32.272000,16441,16443,16443,4
2021-03-29,15:05:32.386000,16441,16444,16443,1
2021-03-29,15:05:32.712000,16441,16443,16443,1
2021-03-29,15:05:32.919000,16441,16443,16441,1
2021-03-29,15:05:33.905000,16441,16443,16441,1
2021-03-29,15:05:37.389000,16441,16442,16441,54
2021-03-29,15:05:37.391000,16441,16442,16440,1
2021-03-29,15:05:37.391000,16441,16442,16440,1
2021-03-29,15:05:37.391000,16441,16442,16440,4
2021-03-29,15:05:37.391000,16441,16442,16440,5
2021-03-29,15:05:37.433000,16441,16442,16440,1
2021-03-29,15:05:37.686000,16439,16441,16441,1
2021-03-29,15:05:41.885000,16440,16441,16441,2
2021-03-29,15:05:46.555000,16440,16441,16441,1
2021-03-29,15:05:48.107000,16440,16441,16441,1
2021-03-29,15:05:49.028000,16440,16441,16441,1
2021-03-29,15:05:49.029000,16440,16441,16441,4
2021-03-29,15:05:53.284000,16440,16442,16442,2
2021-03-29,15:05:54.181000,16440,16441,16440,1
2021-03-29,15:05:54.263000,16440,16441,16441,2
2021-03-29,15:05:57.963000,16441,16442,16442,1
2021-03-29,15:05:58.265000,16441,16442,16441,1
2021-03-29,15:05:58.286000,16441,16442,16440,1
2021-03-29,15:05:59.357000,16440,16442,16442,1
2021-03-29,15:06:00.023000,16440,16442,16440,1
2021-03-29,15:06:00.023000,16440,16442,16440,1
2021-03-29,15:06:00.038000,16440,16442,16440,1
2021-03-29,15:06:00.047000,16440,16442,16440,1
2021-03-29,15:06:00.067000,16440,16442,16440,1
2021-03-29,15:06:00.074000,16440,16442,16440,1
2021-03-29,15:06:05.812000,16440,16441,16440,1
2021-03-29,15:06:06.979000,16440,16441,16440,1
2021-03-29,15:06:07.117000,16439,16440,16440,5
2021-03-29,15:06:07.117000,16439,16440,16440,1
2021-03-29,15:06:07.916000,16439,16440,16440,4
2021-03-29,15:06:14.011000,16439,16440,16440,2
2021-03-29,15:06:16.030000,16439,16440,16440,1
2021-03-29,15:06:16.449000,16439,16440,16439,19
2021-03-29,15:06:16.450000,16439,16440,16439,44
2021-03-29,15:06:16.451000,16439,16440,16438,5
2021-03-29,15:06:26.074000,16437,16438,16438,1
2021-03-29,15:06:26.372000,16437,16439,16438,1
2021-03-29,15:06:28.503000,16438,16439,16438,1
2021-03-29,15:06:29.931000,16438,16439,16439,1
2021-03-29,15:06:30.903000,16438,16439,16438,1
2021-03-29,15:06:34.076000,16437,16438,16438,1
2021-03-29,15:06:36.311000,16438,16439,16438,1
2021-03-29,15:06:36.345000,16438,16439,16438,1
2021-03-29,15:06:37.176000,16438,16439,16438,2
2021-03-29,15:06:37.176000,16438,16439,16438,2
2021-03-29,15:06:38.022000,16438,16439,16438,2
2021-03-29,15:06:41.158000,16438,16439,16438,1
2021-03-29,15:06:45.378000,16438,16439,16439,4
2021-03-29,15:06:45.378000,16438,16439,16439,1
2021-03-29,15:06:45.573000,16438,16440,16438,1
2021-03-29,15:06:50.867000,16438,16439,16439,2
2021-03-29,15:06:57.771000,16438,16440,16438,1
2021-03-29,15:06:59.835000,16438,16439,16439,4
2021-03-29,15:07:03.795000,16438,16439,16438,1
2021-03-29,15:07:10.416000,16438,16439,16439,2
2021-03-29,15:07:10.416000,16438,16439,16440,1
2021-03-29,15:07:12.434000,16438,16440,16438,1
2021-03-29,15:07:13.177000,16438,16440,16438,1
2021-03-29,15:07:14.628000,16438,16440,16438,1
2021-03-29,15:07:19.967000,16438,16439,16439,1
2021-03-29,15:07:20.902000,16439,16440,16439,1
2021-03-29,15:07:21.750000,16439,16440,16439,1
2021-03-29,15:07:23.130000,16439,16440,16440,9
2021-03-29,15:07:29.139000,16439,16440,16440,1
2021-03-29,15:07:29.139000,16439,16440,16441,4
2021-03-29,15:07:29.954000,16439,16440,16440,1
2021-03-29,15:07:30.740000,16440,16441,16440,1
2021-03-29,15:07:33.358000,16440,16441,16441,1
2021-03-29,15:07:33.872000,16440,16441,16440,1
2021-03-29,15:07:35.323000,16440,16441,16441,1
2021-03-29,15:07:38.920000,16440,16441,16440,2
2021-03-29,15:07:42.912000,16440,16441,16441,1
2021-03-29,15:07:43.331000,16440,16441,16441,3
2021-03-29,15:07:49.685000,16441,16442,16442,4
2021-03-29,15:07:49.949000,16441,16442,16441,3
2021-03-29,15:07:51.158000,16441,16442,16441,1
2021-03-29,15:07:53.170000,16441,16442,16441,1
2021-03-29,15:07:53.671000,16441,16442,16441,2
2021-03-29,15:07:53.672000,16441,16442,16441,1
2021-03-29,15:07:53.672000,16441,16442,16441,2
2021-03-29,15:07:53.672000,16441,16442,16441,1
2021-03-29,15:07:53.672000,16441,16442,16441,1
2021-03-29,15:07:55.311000,16440,16441,16441,1
2021-03-29,15:07:58.967000,16441,16442,16442,2
2021-03-29,15:07:59.137000,16441,16442,16442,7
2021-03-29,15:07:59.201000,16441,16442,16443,4
2021-03-29,15:07:59.201000,16441,16442,16443,1
2021-03-29,15:08:03.152000,16442,16444,16442,1
2021-03-29,15:08:03.605000,16441,16444,16444,1
2021-03-29,15:08:07.318000,16441,16443,16443,1
2021-03-29,15:08:07.318000,16441,16443,16444,2
2021-03-29,15:08:08.961000,16442,16444,16444,10
2021-03-29,15:08:12.143000,16442,16444,16442,1
2021-03-29,15:08:13.772000,16442,16444,16444,4
2021-03-29,15:08:14.766000,16443,16445,16445,2
2021-03-29,15:08:14.895000,16443,16445,16445,1
2021-03-29,15:08:16.535000,16443,16445,16445,23
2021-03-29,15:08:17.128000,16444,16446,16446,4
2021-03-29,15:08:17.306000,16444,16446,16444,2
2021-03-29,15:08:18.751000,16444,16446,16444,1
2021-03-29,15:08:20.571000,16445,16446,16445,1
2021-03-29,15:08:23.478000,16445,16446,16446,1
2021-03-29,15:08:23.965000,16445,16446,16445,2
2021-03-29,15:08:24.220000,16444,16445,16444,1
2021-03-29,15:08:24.637000,16442,16444,16444,1
2021-03-29,15:08:26.085000,16442,16443,16443,1
2021-03-29,15:08:27.054000,16442,16443,16443,1
2021-03-29,15:08:27.243000,16442,16444,16444,1
2021-03-29,15:08:34,16443,16444,16443,1
2021-03-29,15:08:34.002000,16443,16444,16443,2
2021-03-29,15:08:35.972000,16442,16443,16443,2
2021-03-29,15:08:35.973000,16442,16443,16443,2
2021-03-29,15:08:37.173000,16443,16444,16443,3
2021-03-29,15:08:38.022000,16442,16444,16444,1
2021-03-29,15:08:38.490000,16442,16444,16442,1
2021-03-29,15:08:44.674000,16442,16443,16442,6
2021-03-29,15:08:44.738000,16442,16443,16442,1
2021-03-29,15:08:44.916000,16441,16443,16441,1
2021-03-29,15:08:44.936000,16441,16443,16441,1
2021-03-29,15:08:45.249000,16441,16442,16442,1
2021-03-29,15:08:47.861000,16441,16442,16441,1
2021-03-29,15:08:49.055000,16441,16443,16441,1
2021-03-29,15:09:03.807000,16441,16442,16441,4
2021-03-29,15:09:07.615000,16440,16442,16441,1
2021-03-29,15:09:07.721000,16440,16441,16440,7
2021-03-29,15:09:14.907000,16440,16441,16440,1
2021-03-29,15:09:16.725000,16439,16440,16440,1
2021-03-29,15:09:21.937000,16439,16440,16440,1
2021-03-29,15:09:23.411000,16439,16440,16439,5
2021-03-29,15:09:23.765000,16438,16439,16439,1
2021-03-29,15:09:25.571000,16438,16439,16438,2
2021-03-29,15:09:26.142000,16438,16439,16439,1
2021-03-29,15:09:26.142000,16438,16439,16439,1
2021-03-29,15:09:26.142000,16438,16439,16439,1
2021-03-29,15:09:26.142000,16438,16439,16439,2
2021-03-29,15:09:26.142000,16438,16439,16439,1
2021-03-29,15:09:26.142000,16438,16439,16439,6
2021-03-29,15:09:26.888000,16439,16440,16440,8
2021-03-29,15:09:27.929000,16440,16442,16442,3
2021-03-29,15:09:29.067000,16440,16442,16440,1
2021-03-29,15:09:30.470000,16440,16442,16440,1
2021-03-29,15:09:31.441000,16439,16441,16441,1
2021-03-29,15:09:31.534000,16439,16441,16439,1
2021-03-29,15:09:33.303000,16439,16441,16441,1
2021-03-29,15:09:36.734000,16439,16441,16441,1
2021-03-29,15:09:48.728000,16440,16441,16441,3
2021-03-29,15:09:55.524000,16441,16443,16443,1
2021-03-29,15:10:01.455000,16441,16442,16442,1
2021-03-29,15:10:03.392000,16441,16442,16441,1
2021-03-29,15:10:03.857000,16441,16442,16442,1
2021-03-29,15:10:08.250000,16442,16443,16442,1
2021-03-29,15:10:08.539000,16441,16442,16442,1
2021-03-29,15:10:09.853000,16442,16443,16442,1
2021-03-29,15:10:10.785000,16442,16443,16442,1
2021-03-29,15:10:12.407000,16442,16443,16443,1
2021-03-29,15:10:12.546000,16442,16443,16442,1
2021-03-29,15:10:20.039000,16442,16443,16443,5
2021-03-29,15:10:20.227000,16443,16444,16444,3
2021-03-29,15:10:20.264000,16443,16445,16444,1
2021-03-29,15:10:20.345000,16443,16445,16444,3
2021-03-29,15:10:21.331000,16444,16445,16445,2
2021-03-29,15:10:22.376000,16444,16445,16445,1
2021-03-29,15:10:24.940000,16444,16445,16445,1
2021-03-29,15:10:26.787000,16444,16445,16445,3
2021-03-29,15:10:27.692000,16445,16446,16445,1
2021-03-29,15:10:29.006000,16444,16445,16445,2
2021-03-29,15:10:34.018000,16445,16446,16446,1
2021-03-29,15:10:34.869000,16445,16446,16446,3
2021-03-29,15:10:34.967000,16445,16446,16446,13
2021-03-29,15:10:35.311000,16445,16447,16447,12
2021-03-29,15:10:36.764000,16446,16448,16446,1
2021-03-29,15:10:36.764000,16446,16448,16445,1
2021-03-29,15:10:36.765000,16446,16448,16447,2
2021-03-29,15:10:36.765000,16446,16448,16447,1
2021-03-29,15:10:37.394000,16446,16447,16447,1
2021-03-29,15:10:39.166000,16447,16448,16448,25
2021-03-29,15:10:39.167000,16447,16448,16448,2
2021-03-29,15:10:39.872000,16447,16449,16448,1
2021-03-29,15:10:42.948000,16448,16449,16448,1
2021-03-29,15:10:42.949000,16448,16449,16448,4
2021-03-29,15:10:43.320000,16447,16448,16448,1
2021-03-29,15:10:44.557000,16447,16448,16447,1
2021-03-29,15:10:44.604000,16447,16448,16448,1
2021-03-29,15:10:44.749000,16446,16448,16446,1
2021-03-29,15:10:44.962000,16446,16447,16447,1
2021-03-29,15:10:45.118000,16446,16447,16447,1
2021-03-29,15:10:46.371000,16446,16447,16447,1
2021-03-29,15:10:53.062000,16446,16447,16447,1
2021-03-29,15:10:54.758000,16447,16448,16447,1
2021-03-29,15:10:54.758000,16447,16448,16447,1
2021-03-29,15:10:54.758000,16447,16448,16447,1
2021-03-29,15:10:55.503000,16446,16447,16447,2
2021-03-29,15:10:55.528000,16446,16447,16446,1
2021-03-29,15:10:56.027000,16446,16447,16446,1
2021-03-29,15:10:57.190000,16446,16447,16446,1
2021-03-29,15:10:57.947000,16446,16447,16447,1
2021-03-29,15:10:59.761000,16446,16447,16446,1
2021-03-29,15:10:59.966000,16445,16447,16447,1
2021-03-29,15:11:01.534000,16446,16447,16447,1
2021-03-29,15:11:01.635000,16446,16447,16447,3
2021-03-29,15:11:01.999000,16447,16448,16447,1
2021-03-29,15:11:02.134000,16446,16448,16448,5
2021-03-29,15:11:02.250000,16447,16448,16448,1
2021-03-29,15:11:02.396000,16447,16449,16449,1
2021-03-29,15:11:02.917000,16447,16449,16449,2
2021-03-29,15:11:03.423000,16447,16449,16448,1
2021-03-29,15:11:03.663000,16447,16449,16447,1
2021-03-29,15:11:03.760000,16446,16448,16448,1
2021-03-29,15:11:03.904000,16446,16449,16449,1
2021-03-29,15:11:06.560000,16446,16448,16448,8
2021-03-29,15:11:06.560000,16446,16448,16448,2
2021-03-29,15:11:07.038000,16447,16449,16448,1
2021-03-29,15:11:07.038000,16447,16449,16448,1
2021-03-29,15:11:09.928000,16447,16449,16449,1
2021-03-29,15:11:10.663000,16447,16449,16448,1
2021-03-29,15:11:12.195000,16447,16449,16448,1
2021-03-29,15:11:12.221000,16447,16449,16448,1
2021-03-29,15:11:13.450000,16448,16449,16448,1
2021-03-29,15:11:14.206000,16448,16449,16449,2
2021-03-29,15:11:15.074000,16448,16449,16448,2
2021-03-29,15:11:15.545000,16448,16449,16449,7
2021-03-29,15:11:16.412000,16449,16450,16450,1
2021-03-29,15:11:16.437000,16449,16450,16450,1
2021-03-29,15:11:16.437000,16449,16450,16450,7
2021-03-29,15:11:16.438000,16449,16450,16450,2
2021-03-29,15:11:16.438000,16449,16450,16450,1
2021-03-29,15:11:16.468000,16449,16450,16450,15
2021-03-29,15:11:16.540000,16450,16451,16451,1
2021-03-29,15:11:16.658000,16450,16451,16451,1
2021-03-29,15:11:16.669000,16450,16451,16451,1
2021-03-29,15:11:16.679000,16450,16451,16451,1
2021-03-29,15:11:16.730000,16450,16451,16451,2
2021-03-29,15:11:16.735000,16450,16451,16452,1
2021-03-29,15:11:16.743000,16450,16451,16452,1
2021-03-29,15:11:16.752000,16450,16452,16452,1
2021-03-29,15:11:16.757000,16450,16452,16452,1
2021-03-29,15:11:16.760000,16450,16452,16452,2
2021-03-29,15:11:16.764000,16450,16452,16452,1
2021-03-29,15:11:16.841000,16450,16452,16452,2
2021-03-29,15:11:16.871000,16450,16452,16452,1
2021-03-29,15:11:16.935000,16450,16452,16452,1
2021-03-29,15:11:16.938000,16450,16452,16452,1
2021-03-29,15:11:17.040000,16450,16452,16452,1
2021-03-29,15:11:17.056000,16450,16452,16452,2
2021-03-29,15:11:17.074000,16450,16452,16452,1
2021-03-29,15:11:17.094000,16450,16452,16452,3
2021-03-29,15:11:17.111000,16450,16452,16452,1
2021-03-29,15:11:17.113000,16450,16452,16452,1
2021-03-29,15:11:17.127000,16450,16452,16452,1
2021-03-29,15:11:17.169000,16450,16452,16452,1
2021-03-29,15:11:17.339000,16450,16452,16452,1
2021-03-29,15:11:17.375000,16450,16452,16452,1
2021-03-29,15:11:17.392000,16450,16452,16452,1
2021-03-29,15:11:17.405000,16450,16452,16452,1
2021-03-29,15:11:17.430000,16450,16452,16453,1
2021-03-29,15:11:17.437000,16450,16452,16453,1
2021-03-29,15:11:17.444000,16450,16452,16453,1
2021-03-29,15:11:17.451000,16450,16452,16453,2
2021-03-29,15:11:17.455000,16450,16452,16453,1
2021-03-29,15:11:18.436000,16451,16453,16453,1
2021-03-29,15:11:18.438000,16451,16453,16453,1
2021-03-29,15:11:18.456000,16451,16453,16453,1
2021-03-29,15:11:18.469000,16451,16453,16453,1
2021-03-29,15:11:18.496000,16451,16453,16453,1
2021-03-29,15:11:18.530000,16451,16453,16453,1
2021-03-29,15:11:18.549000,16451,16453,16453,1
2021-03-29,15:11:18.557000,16451,16453,16453,1
2021-03-29,15:11:20.516000,16450,16452,16450,1
2021-03-29,15:11:20.921000,16449,16452,16449,1
2021-03-29,15:11:21.663000,16450,16451,16451,2
2021-03-29,15:11:22.249000,16450,16451,16450,1
2021-03-29,15:11:22.396000,16449,16451,16451,2
2021-03-29,15:11:23.455000,16449,16450,16450,1
2021-03-29,15:11:23.455000,16449,16450,16451,6
2021-03-29,15:11:24.148000,16450,16452,16450,2
2021-03-29,15:11:29.148000,16451,16452,16451,1
2021-03-29,15:11:30.725000,16451,16452,16451,1
2021-03-29,15:11:30.728000,16451,16452,16451,1
2021-03-29,15:11:30.730000,16451,16452,16451,1
2021-03-29,15:11:30.983000,16451,16452,16451,1
2021-03-29,15:11:31.834000,16450,16451,16451,1
2021-03-29,15:11:31.915000,16450,16451,16451,1
2021-03-29,15:11:33.263000,16450,16452,16450,1
2021-03-29,15:11:33.315000,16450,16452,16450,2
2021-03-29,15:11:37.875000,16450,16452,16450,1
2021-03-29,15:11:38.575000,16450,16452,16450,35
2021-03-29,15:11:38.576000,16450,16452,16450,17
2021-03-29,15:11:38.577000,16450,16452,16449,1
2021-03-29,15:11:38.778000,16449,16450,16449,1
2021-03-29,15:11:39.615000,16449,16450,16450,1
2021-03-29,15:11:40.027000,16449,16450,16449,1
2021-03-29,15:11:40.027000,16449,16450,16449,1
2021-03-29,15:11:40.027000,16449,16450,16449,1
2021-03-29,15:11:40.028000,16449,16450,16449,1
2021-03-29,15:11:40.028000,16449,16450,16449,1
2021-03-29,15:11:40.028000,16449,16450,16449,1
2021-03-29,15:11:40.295000,16449,16450,16450,1
2021-03-29,15:11:40.516000,16449,16450,16450,2
2021-03-29,15:11:41.400000,16449,16451,16450,1
2021-03-29,15:11:42.448000,16450,16451,16450,1
2021-03-29,15:11:42.719000,16449,16450,16450,1
2021-03-29,15:11:42.744000,16449,16450,16450,1
2021-03-29,15:11:43.353000,16449,16450,16450,1
2021-03-29,15:11:48.805000,16449,16450,16450,1
2021-03-29,15:11:51.190000,16449,16450,16450,1
2021-03-29,15:11:51.246000,16449,16450,16450,1
2021-03-29,15:11:51.690000,16449,16450,16449,1
2021-03-29,15:11:52.023000,16449,16450,16449,1
2021-03-29,15:11:54.499000,16449,16450,16449,5
2021-03-29,15:11:54.499000,16449,16450,16449,2
2021-03-29,15:11:54.500000,16449,16450,16449,1
2021-03-29,15:11:54.500000,16449,16450,16449,1
2021-03-29,15:11:54.500000,16449,16450,16449,1
2021-03-29,15:11:54.500000,16449,16450,16449,6
2021-03-29,15:11:54.500000,16449,16450,16449,1
2021-03-29,15:12:06.743000,16448,16449,16449,1
2021-03-29,15:12:07.085000,16448,16449,16449,1
2021-03-29,15:12:08.330000,16448,16449,16449,1
2021-03-29,15:12:08.846000,16448,16449,16448,1
2021-03-29,15:12:09.730000,16448,16449,16448,2
2021-03-29,15:12:15.141000,16448,16449,16449,1
2021-03-29,15:12:15.468000,16448,16449,16449,3
2021-03-29,15:12:18.414000,16448,16449,16449,1
2021-03-29,15:12:21.653000,16448,16449,16449,1
2021-03-29,15:12:25.026000,16448,16449,16449,1
2021-03-29,15:12:26.925000,16448,16449,16449,1
2021-03-29,15:12:30.411000,16448,16449,16449,2
2021-03-29,15:12:33.453000,16449,16450,16449,1
2021-03-29,15:12:35.452000,16449,16450,16449,1
2021-03-29,15:12:36.416000,16449,16450,16450,1
2021-03-29,15:12:36.419000,16449,16450,16450,1
2021-03-29,15:12:36.503000,16449,16450,16449,1
2021-03-29,15:12:36.522000,16449,16450,16450,1
2021-03-29,15:12:40.490000,16449,16450,16450,1
2021-03-29,15:12:41.445000,16449,16450,16450,1
2021-03-29,15:12:42.996000,16449,16450,16450,1
2021-03-29,15:12:46.571000,16449,16450,16449,1
2021-03-29,15:12:47.854000,16449,16450,16450,1
2021-03-29,15:12:52.430000,16449,16450,16450,1
2021-03-29,15:12:52.663000,16449,16450,16450,2
2021-03-29,15:12:52.710000,16449,16450,16450,1
2021-03-29,15:12:52.710000,16449,16450,16451,2
2021-03-29,15:12:52.725000,16449,16450,16451,3
2021-03-29,15:12:53.376000,16449,16450,16450,1
2021-03-29,15:12:54.426000,16450,16451,16450,1
2021-03-29,15:12:59.447000,16450,16451,16450,1
2021-03-29,15:13:05.247000,16449,16450,16450,1
2021-03-29,15:13:08.994000,16449,16450,16450,1
2021-03-29,15:13:09.851000,16449,16450,16450,1
2021-03-29,15:13:09.852000,16449,16450,16450,4
2021-03-29,15:13:09.852000,16449,16450,16450,2
2021-03-29,15:13:09.852000,16449,16450,16450,1
2021-03-29,15:13:09.852000,16449,16450,16450,10
2021-03-29,15:13:14.187000,16449,16450,16450,1
2021-03-29,15:13:15.157000,16449,16451,16451,1
2021-03-29,15:13:17.240000,16449,16451,16451,1
2021-03-29,15:13:22.136000,16449,16450,16450,1
2021-03-29,15:13:22.251000,16450,16451,16451,1
2021-03-29,15:13:22.252000,16450,16451,16451,1
2021-03-29,15:13:36.139000,16450,16451,16451,1
2021-03-29,15:13:36.685000,16450,16451,16451,1
2021-03-29,15:13:39.013000,16450,16451,16451,2
2021-03-29,15:13:39.013000,16450,16451,16451,6
2021-03-29,15:13:39.014000,16450,16451,16451,1
2021-03-29,15:13:39.014000,16450,16451,16451,1
2021-03-29,15:13:39.014000,16450,16451,16451,1
2021-03-29,15:13:39.124000,16451,16452,16452,6
2021-03-29,15:13:39.126000,16451,16452,16452,1
2021-03-29,15:13:39.126000,16451,16452,16452,1
2021-03-29,15:13:40.174000,16450,16452,16451,1
2021-03-29,15:13:40.224000,16450,16452,16451,1
2021-03-29,15:13:51.751000,16450,16451,16451,2
2021-03-29,15:13:53.824000,16450,16452,16452,22
2021-03-29,15:13:55.587000,16451,16452,16452,1
2021-03-29,15:13:57.167000,16451,16452,16452,1
2021-03-29,15:13:58.207000,16451,16453,16453,1
2021-03-29,15:14:00.898000,16451,16452,16452,1
2021-03-29,15:14:02.459000,16452,16453,16453,1
2021-03-29,15:14:03.580000,16452,16453,16453,2
2021-03-29,15:14:03.581000,16452,16453,16453,2
2021-03-29,15:14:03.581000,16452,16453,16453,1
2021-03-29,15:14:03.581000,16452,16453,16453,2
2021-03-29,15:14:03.624000,16452,16453,16453,1
2021-03-29,15:14:04.353000,16452,16453,16452,1
2021-03-29,15:14:07.177000,16452,16453,16452,1
2021-03-29,15:14:07.187000,16452,16453,16452,1
2021-03-29,15:14:14.209000,16452,16453,16453,1
2021-03-29,15:14:19.386000,16452,16453,16453,1
2021-03-29,15:14:20.610000,16452,16453,16453,1
2021-03-29,15:14:24.902000,16452,16453,16453,1
2021-03-29,15:14:27.245000,16452,16453,16453,1
2021-03-29,15:14:27.983000,16452,16453,16452,1
2021-03-29,15:14:30.161000,16452,16453,16452,1
2021-03-29,15:14:31.864000,16452,16453,16452,1
2021-03-29,15:14:45.610000,16452,16453,16453,2
2021-03-29,15:14:46.229000,16452,16453,16453,1
2021-03-29,15:14:47.594000,16452,16453,16453,2
2021-03-29,15:14:47.979000,16452,16453,16453,1
2021-03-29,15:14:49.702000,16452,16453,16453,2
2021-03-29,15:14:50.749000,16452,16453,16453,2
2021-03-29,15:14:50.976000,16452,16453,16453,6
2021-03-29,15:14:51.196000,16452,16453,16453,2
2021-03-29,15:14:51.846000,16452,16453,16453,1
2021-03-29,15:14:55.682000,16452,16453,16452,5
2021-03-29,15:14:56.656000,16452,16453,16453,1
2021-03-29,15:14:56.855000,16452,16453,16453,12
2021-03-29,15:14:58.070000,16453,16454,16453,1
2021-03-29,15:15:00.986000,16452,16453,16453,1
2021-03-29,15:15:01.104000,16452,16453,16453,2
2021-03-29,15:15:01.104000,16452,16453,16454,13
2021-03-29,15:15:01.113000,16452,16453,16454,4
2021-03-29,15:15:01.113000,16452,16453,16455,26
2021-03-29,15:15:01.114000,16452,16453,16455,4
2021-03-29,15:15:01.213000,16453,16455,16455,1
2021-03-29,15:15:01.226000,16453,16455,16455,1
2021-03-29,15:15:01.251000,16453,16455,16455,3
2021-03-29,15:15:01.256000,16453,16455,16455,2
2021-03-29,15:15:01.304000,16453,16455,16455,2
2021-03-29,15:15:01.304000,16453,16455,16456,1
2021-03-29,15:15:01.690000,16453,16456,16455,4
2021-03-29,15:15:01.879000,16453,16455,16453,1
2021-03-29,15:15:02.298000,16453,16455,16455,3
2021-03-29,15:15:02.449000,16453,16455,16455,3
2021-03-29,15:15:02.528000,16453,16455,16453,2
2021-03-29,15:15:03.249000,16453,16455,16455,1
2021-03-29,15:15:11.999000,16454,16455,16454,1
2021-03-29,15:15:12.616000,16453,16454,16454,1
2021-03-29,15:15:14.976000,16453,16454,16454,2
2021-03-29,15:15:14.976000,16453,16454,16454,6
2021-03-29,15:15:15.874000,16453,16454,16453,4
2021-03-29,15:15:15.943000,16453,16454,16454,1
2021-03-29,15:15:15.999000,16453,16454,16453,1
2021-03-29,15:15:17.898000,16453,16454,16453,1
2021-03-29,15:15:18.197000,16452,16454,16454,2
2021-03-29,15:15:19.386000,16453,16454,16453,1
2021-03-29,15:15:20.767000,16452,16453,16453,1
2021-03-29,15:15:20.860000,16452,16453,16453,1
2021-03-29,15:15:22.251000,16452,16453,16453,1
2021-03-29,15:15:23.857000,16452,16453,16453,5
2021-03-29,15:15:23.858000,16452,16453,16453,1
2021-03-29,15:15:25.836000,16452,16453,16452,5
2021-03-29,15:15:25.980000,16452,16453,16453,1
2021-03-29,15:15:27.221000,16452,16453,16453,1
2021-03-29,15:15:28.719000,16452,16453,16453,3
2021-03-29,15:15:28.720000,16452,16453,16453,1
2021-03-29,15:15:29.850000,16452,16454,16452,2
2021-03-29,15:15:30.579000,16452,16454,16453,1
2021-03-29,15:15:36.064000,16452,16453,16453,1
2021-03-29,15:15:46.673000,16452,16453,16452,15
2021-03-29,15:15:46.674000,16452,16453,16452,1
2021-03-29,15:15:46.674000,16452,16453,16452,4
2021-03-29,15:15:46.674000,16452,16453,16452,1
2021-03-29,15:15:46.674000,16452,16453,16452,1
2021-03-29,15:15:47.682000,16451,16452,16451,1
2021-03-29,15:15:48.246000,16451,16452,16452,1
2021-03-29,15:15:59.537000,16451,16452,16451,1
2021-03-29,15:15:59.537000,16451,16452,16451,1
2021-03-29,15:15:59.537000,16451,16452,16451,2
2021-03-29,15:15:59.538000,16451,16452,16451,1
2021-03-29,15:15:59.538000,16451,16452,16451,1
2021-03-29,15:15:59.542000,16451,16452,16451,2
2021-03-29,15:15:59.542000,16451,16452,16451,1
2021-03-29,15:16:02.201000,16451,16452,16451,1
2021-03-29,15:16:04.099000,16451,16452,16451,1
2021-03-29,15:16:06.524000,16450,16451,16450,1
2021-03-29,15:16:09.714000,16450,16451,16450,2
2021-03-29,15:16:09.751000,16450,16451,16451,1
2021-03-29,15:16:09.752000,16450,16451,16451,1
2021-03-29,15:16:10.403000,16450,16451,16450,5
2021-03-29,15:16:10.914000,16450,16451,16450,2
2021-03-29,15:16:18.003000,16450,16451,16450,1
2021-03-29,15:16:33.714000,16449,16450,16449,1
2021-03-29,15:16:33.714000,16449,16450,16449,3
2021-03-29,15:16:33.714000,16449,16450,16449,11
2021-03-29,15:16:33.714000,16449,16450,16449,2
2021-03-29,15:16:33.750000,16448,16449,16449,1
2021-03-29,15:16:42.294000,16448,16449,16448,3
2021-03-29,15:16:42.294000,16448,16449,16448,1
2021-03-29,15:16:42.294000,16448,16449,16448,1
2021-03-29,15:16:42.294000,16448,16449,16448,2
2021-03-29,15:16:42.294000,16448,16449,16448,1
2021-03-29,15:16:42.294000,16448,16449,16448,1
2021-03-29,15:16:42.295000,16448,16449,16448,2
2021-03-29,15:16:42.295000,16448,16449,16448,1
2021-03-29,15:16:42.344000,16448,16449,16448,3
2021-03-29,15:16:42.376000,16448,16449,16449,1
2021-03-29,15:16:42.377000,16448,16449,16449,1
2021-03-29,15:16:42.377000,16448,16449,16449,1
2021-03-29,15:16:42.377000,16448,16449,16449,1
2021-03-29,15:16:42.377000,16448,16449,16449,1
2021-03-29,15:16:42.378000,16448,16449,16449,1
2021-03-29,15:16:42.378000,16448,16449,16449,1
2021-03-29,15:16:42.378000,16448,16449,16449,1
2021-03-29,15:16:42.379000,16448,16449,16450,1
2021-03-29,15:16:42.379000,16448,16449,16450,1
2021-03-29,15:16:42.874000,16448,16450,16448,1
2021-03-29,15:16:44.056000,16447,16449,16449,1
2021-03-29,15:16:44.126000,16448,16450,16450,1
2021-03-29,15:16:56.844000,16447,16448,16447,1
2021-03-29,15:16:57.952000,16447,16448,16447,18
2021-03-29,15:16:57.952000,16447,16448,16447,1
2021-03-29,15:16:59.085000,16446,16448,16448,2
2021-03-29,15:17:01.336000,16447,16448,16448,3
2021-03-29,15:17:03.685000,16447,16448,16447,1
2021-03-29,15:17:04.254000,16446,16448,16446,1
2021-03-29,15:17:06.187000,16446,16448,16448,2
2021-03-29,15:17:07.161000,16446,16448,16446,1
2021-03-29,15:17:07.303000,16446,16448,16446,1
2021-03-29,15:17:09.961000,16446,16448,16448,4
2021-03-29,15:17:10.103000,16448,16449,16448,1
2021-03-29,15:17:11.096000,16448,16449,16448,1
2021-03-29,15:17:11.275000,16448,16449,16448,2
2021-03-29,15:17:13.229000,16448,16449,16448,3
2021-03-29,15:17:18.691000,16447,16448,16448,2
2021-03-29,15:17:24.405000,16447,16448,16447,1
2021-03-29,15:17:24.405000,16447,16448,16447,1
2021-03-29,15:17:32.325000,16445,16447,16445,1
2021-03-29,15:17:32.396000,16445,16447,16445,1
2021-03-29,15:17:32.596000,16445,16447,16447,3
2021-03-29,15:17:32.661000,16446,16447,16447,1
2021-03-29,15:17:32.661000,16446,16447,16448,2
2021-03-29,15:17:33.673000,16446,16447,16447,1
2021-03-29,15:17:35.686000,16446,16448,16446,1
2021-03-29,15:17:35.686000,16446,16448,16445,2
2021-03-29,15:17:37.317000,16445,16447,16445,1
2021-03-29,15:17:53.507000,16445,16446,16445,4
2021-03-29,15:17:56.586000,16445,16446,16445,1
2021-03-29,15:17:57.028000,16445,16446,16445,2
2021-03-29,15:18:02.403000,16445,16446,16445,1
2021-03-29,15:18:02.804000,16445,16446,16445,5
2021-03-29,15:18:02.804000,16445,16446,16445,3
2021-03-29,15:18:02.804000,16445,16446,16445,2
2021-03-29,15:18:02.931000,16444,16446,16444,5
2021-03-29,15:18:09.630000,16444,16445,16444,1
2021-03-29,15:18:09.681000,16444,16445,16445,2
2021-03-29,15:18:10.763000,16444,16445,16444,1
2021-03-29,15:18:11.001000,16444,16445,16444,1
2021-03-29,15:18:11.374000,16444,16445,16445,2
2021-03-29,15:18:12.220000,16445,16446,16445,1
2021-03-29,15:18:14.771000,16444,16445,16445,1
2021-03-29,15:18:15.668000,16445,16446,16445,1
2021-03-29,15:18:16.371000,16444,16445,16444,1
2021-03-29,15:18:21.918000,16444,16445,16444,1
2021-03-29,15:18:24.372000,16444,16445,16444,1
2021-03-29,15:18:26.068000,16444,16445,16444,1
2021-03-29,15:18:28.441000,16444,16445,16444,2
2021-03-29,15:18:28.441000,16444,16445,16444,4
2021-03-29,15:18:28.442000,16444,16445,16444,2
2021-03-29,15:18:29.424000,16443,16444,16444,1
2021-03-29,15:18:30.597000,16443,16444,16443,1
2021-03-29,15:18:31.327000,16443,16444,16444,1
2021-03-29,15:18:40.499000,16443,16444,16444,4
2021-03-29,15:18:40.500000,16443,16444,16443,1
2021-03-29,15:18:40.617000,16443,16444,16443,5
2021-03-29,15:18:43.427000,16443,16444,16443,1
2021-03-29,15:18:45.645000,16443,16444,16443,2
2021-03-29,15:18:48.602000,16443,16444,16443,2
2021-03-29,15:18:49.621000,16443,16444,16443,1
2021-03-29,15:18:52.584000,16443,16444,16443,2
2021-03-29,15:18:54.493000,16443,16444,16443,2
2021-03-29,15:18:54.826000,16443,16444,16443,2
2021-03-29,15:18:58.684000,16443,16444,16444,1
2021-03-29,15:18:59.430000,16443,16444,16444,2
2021-03-29,15:19:07.961000,16443,16445,16443,3
2021-03-29,15:19:10.575000,16443,16444,16443,1
2021-03-29,15:19:13.278000,16443,16444,16443,3
2021-03-29,15:19:16.119000,16443,16444,16443,2
2021-03-29,15:19:16.121000,16443,16444,16443,2
2021-03-29,15:19:18.737000,16443,16445,16443,1
2021-03-29,15:19:21.259000,16443,16444,16443,1
2021-03-29,15:19:26.702000,16443,16444,16444,1
2021-03-29,15:19:30.722000,16444,16445,16445,1
2021-03-29,15:19:34.815000,16444,16445,16444,5
2021-03-29,15:19:34.941000,16443,16445,16445,2
2021-03-29,15:19:35.376000,16444,16445,16444,4
2021-03-29,15:19:35.378000,16444,16445,16444,16
2021-03-29,15:19:35.378000,16444,16445,16444,1
2021-03-29,15:19:41.296000,16444,16445,16444,1
2021-03-29,15:19:45.395000,16444,16445,16444,1
2021-03-29,15:19:54.041000,16444,16445,16444,1
2021-03-29,15:19:54.343000,16443,16444,16444,1
2021-03-29,15:19:54.343000,16443,16444,16445,2
2021-03-29,15:20:01.103000,16443,16444,16443,1
2021-03-29,15:20:12.899000,16443,16444,16443,1
2021-03-29,15:20:18.783000,16443,16444,16443,1
2021-03-29,15:20:24.276000,16443,16444,16444,1
2021-03-29,15:20:24.276000,16443,16444,16444,2
2021-03-29,15:20:24.276000,16443,16444,16444,1
2021-03-29,15:20:24.276000,16443,16444,16444,1
2021-03-29,15:20:24.276000,16443,16444,16444,1
2021-03-29,15:20:24.276000,16443,16444,16444,1
2021-03-29,15:20:24.277000,16443,16444,16444,28
2021-03-29,15:20:24.277000,16443,16444,16444,1
2021-03-29,15:20:24.277000,16443,16444,16444,3
2021-03-29,15:20:24.277000,16443,16444,16444,8
2021-03-29,15:20:24.277000,16443,16444,16444,5
2021-03-29,15:20:32.264000,16444,16445,16444,2
2021-03-29,15:20:33.215000,16444,16445,16444,1
2021-03-29,15:20:33.927000,16444,16445,16445,1
2021-03-29,15:20:34.240000,16444,16445,16444,2
2021-03-29,15:20:45.829000,16444,16445,16444,2
2021-03-29,15:20:47.096000,16444,16445,16444,2
2021-03-29,15:20:47.096000,16444,16445,16443,1
2021-03-29,15:20:48.019000,16443,16444,16444,1
2021-03-29,15:20:57.250000,16443,16444,16444,1
2021-03-29,15:21:00.284000,16444,16445,16445,1
2021-03-29,15:21:00.284000,16444,16445,16445,2
2021-03-29,15:21:00.284000,16444,16445,16445,1
2021-03-29,15:21:00.284000,16444,16445,16445,1
2021-03-29,15:21:00.284000,16444,16445,16445,3
2021-03-29,15:21:00.285000,16444,16445,16445,1
2021-03-29,15:21:00.285000,16444,16445,16445,15
2021-03-29,15:21:00.285000,16444,16445,16445,1
2021-03-29,15:21:00.285000,16444,16445,16445,5
2021-03-29,15:21:00.285000,16444,16445,16445,1
2021-03-29,15:21:00.285000,16444,16445,16445,21
2021-03-29,15:21:05.462000,16445,16446,16445,1
2021-03-29,15:21:08.863000,16445,16446,16445,5
2021-03-29,15:21:17.594000,16445,16446,16446,5
2021-03-29,15:21:22.138000,16445,16446,16445,1
2021-03-29,15:21:22.138000,16445,16446,16445,1
2021-03-29,15:21:22.138000,16445,16446,16445,3
2021-03-29,15:21:44.719000,16445,16446,16445,2
2021-03-29,15:21:58.420000,16444,16445,16445,3
2021-03-29,15:22:02.124000,16445,16446,16445,6
2021-03-29,15:22:02.124000,16445,16446,16445,1
2021-03-29,15:22:04.077000,16444,16445,16444,1
2021-03-29,15:22:04.077000,16444,16445,16444,4
2021-03-29,15:22:04.086000,16444,16445,16443,2
2021-03-29,15:22:18.212000,16443,16444,16443,11
2021-03-29,15:22:22.419000,16442,16444,16442,1
2021-03-29,15:22:22.769000,16442,16444,16444,3
2021-03-29,15:22:35.452000,16442,16444,16442,1
2021-03-29,15:22:51.427000,16442,16443,16442,1
2021-03-29,15:22:57.529000,16442,16444,16442,1
2021-03-29,15:23:01.752000,16442,16443,16442,1
2021-03-29,15:23:01.895000,16442,16443,16442,1
2021-03-29,15:23:02.023000,16442,16443,16442,1
2021-03-29,15:23:02.024000,16442,16443,16442,1
2021-03-29,15:23:02.024000,16442,16443,16442,1
2021-03-29,15:23:02.024000,16442,16443,16442,1
2021-03-29,15:23:02.024000,16442,16443,16442,5
2021-03-29,15:23:12.059000,16441,16443,16441,2
2021-03-29,15:23:15.807000,16441,16442,16441,1
2021-03-29,15:23:16.795000,16441,16442,16441,6
2021-03-29,15:23:16.795000,16441,16442,16441,5
2021-03-29,15:23:25.905000,16440,16441,16440,9
2021-03-29,15:23:27.775000,16439,16441,16441,1
2021-03-29,15:23:27.881000,16440,16441,16440,1
2021-03-29,15:23:30.521000,16439,16441,16441,2
2021-03-29,15:23:34.813000,16440,16441,16440,2
2021-03-29,15:23:34.813000,16440,16441,16439,3
2021-03-29,15:23:36.145000,16439,16441,16439,2
2021-03-29,15:23:43.394000,16440,16441,16440,1
2021-03-29,15:23:43.453000,16440,16441,16440,1
2021-03-29,15:23:43.453000,16440,16441,16439,1
2021-03-29,15:23:45.624000,16440,16441,16441,5
2021-03-29,15:23:50.999000,16440,16441,16441,1
2021-03-29,15:23:52.802000,16441,16442,16442,1
2021-03-29,15:23:52.802000,16441,16442,16442,3
2021-03-29,15:23:53.044000,16442,16443,16442,3
2021-03-29,15:24:10.399000,16441,16442,16442,1
2021-03-29,15:24:10.450000,16441,16442,16441,1
2021-03-29,15:24:10.450000,16441,16442,16441,1
2021-03-29,15:24:10.450000,16441,16442,16441,1
2021-03-29,15:24:10.451000,16441,16442,16441,3
2021-03-29,15:24:10.451000,16441,16442,16441,1
2021-03-29,15:24:10.881000,16441,16442,16441,1
2021-03-29,15:24:16.224000,16441,16442,16441,2
2021-03-29,15:24:16.817000,16441,16442,16442,1
2021-03-29,15:24:17.174000,16441,16442,16442,1
2021-03-29,15:24:20.800000,16442,16443,16442,1
2021-03-29,15:24:23.868000,16442,16443,16442,1
2021-03-29,15:24:23.868000,16442,16443,16441,3
2021-03-29,15:24:25.354000,16441,16442,16441,1
2021-03-29,15:24:28.040000,16441,16442,16441,1
2021-03-29,15:24:28.040000,16441,16442,16441,1
2021-03-29,15:24:28.040000,16441,16442,16441,1
2021-03-29,15:24:28.040000,16441,16442,16441,1
2021-03-29,15:24:34.592000,16441,16442,16441,1
2021-03-29,15:24:35.134000,16440,16442,16440,4
2021-03-29,15:24:35.134000,16440,16442,16440,2
2021-03-29,15:24:35.140000,16440,16442,16439,11
2021-03-29,15:24:35.182000,16440,16442,16438,1
2021-03-29,15:24:35.183000,16440,16442,16438,1
2021-03-29,15:24:35.183000,16440,16442,16438,1
2021-03-29,15:24:35.578000,16438,16439,16438,1
2021-03-29,15:24:35.755000,16438,16439,16438,1
2021-03-29,15:24:35.773000,16438,16439,16438,1
2021-03-29,15:24:35.824000,16438,16439,16438,1
2021-03-29,15:24:36.035000,16438,16439,16438,1
2021-03-29,15:24:36.118000,16438,16439,16438,2
2021-03-29,15:24:36.119000,16438,16439,16438,2
2021-03-29,15:24:36.119000,16438,16439,16438,4
2021-03-29,15:24:36.119000,16438,16439,16438,1
2021-03-29,15:24:36.120000,16438,16439,16438,1
2021-03-29,15:24:36.120000,16438,16439,16438,4
2021-03-29,15:24:36.122000,16438,16439,16437,2
2021-03-29,15:24:37.182000,16437,16439,16439,1
2021-03-29,15:24:38.008000,16437,16438,16438,1
2021-03-29,15:24:40.865000,16438,16441,16440,1
2021-03-29,15:24:46.859000,16439,16441,16439,3
2021-03-29,15:24:50.935000,16440,16441,16440,1
2021-03-29,15:24:51.804000,16440,16441,16440,1
2021-03-29,15:24:56.847000,16439,16441,16439,2
2021-03-29,15:24:58.790000,16440,16441,16440,1
2021-03-29,15:24:59.024000,16440,16441,16440,1
2021-03-29,15:25:21.335000,16440,16441,16440,1
2021-03-29,15:25:24.434000,16440,16441,16440,1
2021-03-29,15:25:29.398000,16440,16441,16440,2
2021-03-29,15:25:29.693000,16440,16441,16440,1
2021-03-29,15:25:31.741000,16439,16441,16440,1
2021-03-29,15:25:34.960000,16440,16441,16440,1
2021-03-29,15:25:49.182000,16440,16441,16441,3
2021-03-29,15:25:49.281000,16440,16441,16441,4
2021-03-29,15:25:49.281000,16440,16441,16442,1
2021-03-29,15:25:49.662000,16440,16442,16440,1
2021-03-29,15:25:51.438000,16440,16441,16440,2
2021-03-29,15:25:53.210000,16440,16442,16442,1
2021-03-29,15:25:59.801000,16439,16441,16441,1
2021-03-29,15:26:18.619000,16440,16441,16441,1
2021-03-29,15:26:27.251000,16441,16442,16441,1
2021-03-29,15:26:27.441000,16440,16441,16441,1
2021-03-29,15:26:32.229000,16440,16441,16440,1
2021-03-29,15:26:32.230000,16440,16441,16440,4
2021-03-29,15:26:32.230000,16440,16441,16440,2
2021-03-29,15:26:32.234000,16440,16441,16440,4
2021-03-29,15:26:32.234000,16440,16441,16440,1
2021-03-29,15:26:32.237000,16440,16441,16440,1
2021-03-29,15:26:32.633000,16440,16441,16441,1
2021-03-29,15:26:49.784000,16440,16441,16441,1
2021-03-29,15:26:49.922000,16440,16441,16440,1
2021-03-29,15:27:03.014000,16440,16441,16441,5
2021-03-29,15:27:08.196000,16441,16442,16441,1
2021-03-29,15:27:10.128000,16441,16442,16441,1
2021-03-29,15:27:10.953000,16440,16441,16441,1
2021-03-29,15:27:10.954000,16440,16441,16441,1
2021-03-29,15:27:10.954000,16440,16441,16441,1
2021-03-29,15:27:10.954000,16440,16441,16441,1
2021-03-29,15:27:13.577000,16441,16442,16441,1
2021-03-29,15:27:13.633000,16440,16441,16441,1
2021-03-29,15:27:18.234000,16441,16442,16441,2
2021-03-29,15:27:24.362000,16440,16441,16441,1
2021-03-29,15:27:33.687000,16440,16441,16440,1
2021-03-29,15:27:41.034000,16440,16441,16440,2
2021-03-29,15:27:43.345000,16440,16441,16441,1
2021-03-29,15:27:43.346000,16440,16441,16441,4
2021-03-29,15:27:43.346000,16440,16441,16441,1
2021-03-29,15:27:53.092000,16440,16442,16442,1
2021-03-29,15:27:57.981000,16441,16442,16441,1
2021-03-29,15:27:57.981000,16441,16442,16441,1
2021-03-29,15:28:05.126000,16440,16442,16440,1
2021-03-29,15:28:05.947000,16440,16442,16442,3
2021-03-29,15:28:19.882000,16441,16442,16441,2
2021-03-29,15:28:20.488000,16441,16442,16441,1
2021-03-29,15:28:29.232000,16441,16442,16441,1
2021-03-29,15:28:37.637000,16441,16442,16441,1
2021-03-29,15:28:39.910000,16441,16442,16441,1
2021-03-29,15:28:42.011000,16441,16442,16441,1
2021-03-29,15:28:42.011000,16441,16442,16440,2
2021-03-29,15:28:52.354000,16440,16442,16442,12
2021-03-29,15:28:53.988000,16441,16442,16441,1
2021-03-29,15:28:54.896000,16441,16442,16441,1
2021-03-29,15:29:03.304000,16441,16442,16441,1
2021-03-29,15:29:04.385000,16441,16442,16442,2
2021-03-29,15:29:08.384000,16442,16443,16443,10
2021-03-29,15:29:15.649000,16443,16444,16444,5
2021-03-29,15:29:18.425000,16443,16445,16443,1
2021-03-29,15:29:26.721000,16444,16445,16445,1
2021-03-29,15:29:30.343000,16444,16445,16445,2
2021-03-29,15:29:37.574000,16444,16445,16445,1
2021-03-29,15:29:38.736000,16444,16445,16445,1
2021-03-29,15:29:38.761000,16444,16445,16445,1
2021-03-29,15:29:38.761000,16444,16445,16445,11
2021-03-29,15:29:38.761000,16444,16445,16445,3
2021-03-29,15:29:38.762000,16444,16445,16445,2
2021-03-29,15:29:38.762000,16444,16445,16445,2
2021-03-29,15:29:38.762000,16444,16445,16445,1
2021-03-29,15:29:38.762000,16444,16445,16445,1
2021-03-29,15:29:38.762000,16444,16445,16445,1
2021-03-29,15:29:38.762000,16444,16445,16445,1
2021-03-29,15:29:38.762000,16444,16445,16445,6
2021-03-29,15:29:38.762000,16444,16445,16445,1
2021-03-29,15:29:38.762000,16444,16445,16445,1
2021-03-29,15:29:38.763000,16444,16445,16445,1
2021-03-29,15:29:40.913000,16445,16446,16446,1
2021-03-29,15:29:43.712000,16445,16446,16445,1
2021-03-29,15:29:49.673000,16445,16446,16446,1
2021-03-29,15:29:52.416000,16445,16447,16446,1
2021-03-29,15:29:52.626000,16445,16447,16446,1
2021-03-29,15:29:56.966000,16445,16446,16446,1
2021-03-29,15:29:57.867000,16445,16447,16447,1
2021-03-29,15:30:02.097000,16446,16447,16447,2
2021-03-29,15:30:02.133000,16446,16447,16447,1
2021-03-29,15:30:02.279000,16446,16447,16447,1
2021-03-29,15:30:02.506000,16446,16447,16446,1
2021-03-29,15:30:02.536000,16446,16447,16447,1
2021-03-29,15:30:02.550000,16446,16447,16447,1
2021-03-29,15:30:02.560000,16446,16447,16447,1
2021-03-29,15:30:02.560000,16446,16447,16448,1
2021-03-29,15:30:02.574000,16446,16447,16448,2
2021-03-29,15:30:02.725000,16446,16448,16448,2
2021-03-29,15:30:07.698000,16446,16447,16447,1
2021-03-29,15:30:09.087000,16446,16447,16447,1
2021-03-29,15:30:09.217000,16446,16447,16446,2
2021-03-29,15:30:09.217000,16446,16447,16446,1
2021-03-29,15:30:11.384000,16445,16446,16446,1
2021-03-29,15:30:14.991000,16446,16447,16447,1
2021-03-29,15:30:16.987000,16446,16447,16447,1
2021-03-29,15:30:17.589000,16447,16448,16448,2
2021-03-29,15:30:17.589000,16447,16448,16448,1
2021-03-29,15:30:17.775000,16448,16449,16448,2
2021-03-29,15:30:24.072000,16448,16449,16449,1
2021-03-29,15:30:24.506000,16448,16449,16449,1
2021-03-29,15:30:24.655000,16448,16449,16448,1
2021-03-29,15:30:24.991000,16448,16449,16448,1
2021-03-29,15:30:27.250000,16448,16449,16449,1
2021-03-29,15:30:34.016000,16448,16449,16449,1
2021-03-29,15:30:35.310000,16448,16449,16448,5
2021-03-29,15:30:38.179000,16447,16448,16448,1
2021-03-29,15:30:42.346000,16447,16448,16448,2
2021-03-29,15:30:43.176000,16447,16448,16447,1
2021-03-29,15:30:43.177000,16447,16448,16447,2
2021-03-29,15:30:43.177000,16447,16448,16447,1
2021-03-29,15:30:43.177000,16447,16448,16447,2
2021-03-29,15:30:43.177000,16447,16448,16447,2
2021-03-29,15:30:43.177000,16447,16448,16447,1
2021-03-29,15:30:43.562000,16446,16447,16447,1
2021-03-29,15:30:48.456000,16446,16447,16447,1
2021-03-29,15:30:48.474000,16446,16447,16447,1
2021-03-29,15:30:51.931000,16447,16448,16448,1
2021-03-29,15:30:54.355000,16447,16448,16448,3
2021-03-29,15:30:54.355000,16447,16448,16449,2
2021-03-29,15:31:01.560000,16448,16449,16449,1
2021-03-29,15:31:10.085000,16448,16449,16449,1
2021-03-29,15:31:11.383000,16448,16449,16449,1
2021-03-29,15:31:16.345000,16448,16449,16448,1
2021-03-29,15:31:18.646000,16448,16449,16449,2
2021-03-29,15:31:18.647000,16448,16449,16449,2
2021-03-29,15:31:18.647000,16448,16449,16449,1
2021-03-29,15:31:18.647000,16448,16449,16449,1
2021-03-29,15:31:18.647000,16448,16449,16449,1
2021-03-29,15:31:18.647000,16448,16449,16449,1
2021-03-29,15:31:18.647000,16448,16449,16449,5
2021-03-29,15:31:18.647000,16448,16449,16449,3
2021-03-29,15:31:22.830000,16449,16450,16450,1
2021-03-29,15:31:24.467000,16449,16450,16449,1
2021-03-29,15:31:25.060000,16448,16449,16449,1
2021-03-29,15:31:26.391000,16448,16450,16450,1
2021-03-29,15:31:26.550000,16449,16450,16449,1
2021-03-29,15:31:26.550000,16449,16450,16449,1
2021-03-29,15:31:27.258000,16448,16449,16449,3
2021-03-29,15:31:27.258000,16448,16449,16450,2
2021-03-29,15:31:28.820000,16448,16449,16449,1
2021-03-29,15:31:29.709000,16448,16449,16448,2
2021-03-29,15:31:30.614000,16447,16448,16448,1
2021-03-29,15:31:32.321000,16447,16449,16449,1
2021-03-29,15:31:33.409000,16447,16448,16448,1
2021-03-29,15:31:44.185000,16447,16448,16447,1
2021-03-29,15:31:44.185000,16447,16448,16447,1
2021-03-29,15:31:44.185000,16447,16448,16447,3
2021-03-29,15:31:44.185000,16447,16448,16447,2
2021-03-29,15:32:06.571000,16446,16447,16446,4
2021-03-29,15:32:16.438000,16445,16447,16445,1
2021-03-29,15:32:19.094000,16445,16446,16446,1
2021-03-29,15:32:19.136000,16445,16447,16447,1
2021-03-29,15:32:29.680000,16446,16447,16446,1
2021-03-29,15:32:35.806000,16445,16446,16445,1
2021-03-29,15:32:35.942000,16445,16446,16445,3
2021-03-29,15:32:36.799000,16445,16446,16445,2
2021-03-29,15:32:39.474000,16445,16446,16446,1
2021-03-29,15:32:40.381000,16445,16446,16445,2
2021-03-29,15:32:40.381000,16445,16446,16444,3
2021-03-29,15:32:44.882000,16444,16446,16446,1
2021-03-29,15:32:50.683000,16445,16446,16446,1
2021-03-29,15:32:50.706000,16445,16446,16447,1
2021-03-29,15:32:50.937000,16445,16447,16445,1
2021-03-29,15:32:52.255000,16445,16447,16447,2
2021-03-29,15:32:52.255000,16445,16447,16448,1
2021-03-29,15:33:03.451000,16446,16448,16448,1
2021-03-29,15:33:24.779000,16445,16446,16445,1
2021-03-29,15:33:24.779000,16445,16446,16445,1
2021-03-29,15:33:33.174000,16444,16445,16444,3
2021-03-29,15:33:33.174000,16444,16445,16444,1
2021-03-29,15:33:33.174000,16444,16445,16444,3
2021-03-29,15:33:33.471000,16443,16445,16445,1
2021-03-29,15:33:48.070000,16443,16444,16443,2
2021-03-29,15:33:53.745000,16443,16444,16443,2
2021-03-29,15:33:55.335000,16443,16444,16444,2
2021-03-29,15:34:00.610000,16443,16444,16444,1
2021-03-29,15:34:11.108000,16443,16444,16444,2
2021-03-29,15:34:11.805000,16444,16445,16444,1
2021-03-29,15:34:22.193000,16444,16445,16445,1
2021-03-29,15:34:22.194000,16444,16445,16445,1
2021-03-29,15:34:22.939000,16444,16445,16445,1
2021-03-29,15:34:25.038000,16444,16445,16444,1
2021-03-29,15:34:25.403000,16444,16445,16445,2
2021-03-29,15:34:25.403000,16444,16445,16446,1
2021-03-29,15:34:26.655000,16445,16446,16446,1
2021-03-29,15:34:26.655000,16445,16446,16447,2
2021-03-29,15:34:28.756000,16445,16446,16446,1
2021-03-29,15:34:28.756000,16445,16446,16447,6
2021-03-29,15:34:29.122000,16445,16447,16447,1
2021-03-29,15:34:34.512000,16446,16448,16448,2
2021-03-29,15:34:35.074000,16447,16448,16448,5
2021-03-29,15:34:38.671000,16447,16448,16448,1
2021-03-29,15:34:39.333000,16447,16448,16447,1
2021-03-29,15:34:39.904000,16446,16447,16446,1
2021-03-29,15:34:39.904000,16446,16447,16446,1
2021-03-29,15:34:42.134000,16445,16446,16445,1
2021-03-29,15:34:42.249000,16445,16446,16445,1
2021-03-29,15:34:45.970000,16444,16446,16444,1
2021-03-29,15:34:49.249000,16444,16445,16444,2
2021-03-29,15:34:50.499000,16444,16445,16444,3
2021-03-29,15:34:50.499000,16444,16445,16444,1
2021-03-29,15:34:53.620000,16443,16444,16443,1
2021-03-29,15:34:53.621000,16443,16444,16443,1
2021-03-29,15:34:53.621000,16443,16444,16443,1
2021-03-29,15:34:53.621000,16443,16444,16443,3
2021-03-29,15:34:53.621000,16443,16444,16443,2
2021-03-29,15:34:53.621000,16443,16444,16443,1
2021-03-29,15:34:53.634000,16442,16443,16442,3
2021-03-29,15:34:53.635000,16442,16443,16442,2
2021-03-29,15:34:53.635000,16442,16443,16442,2
2021-03-29,15:34:56.582000,16442,16443,16443,1
2021-03-29,15:34:56.582000,16442,16443,16444,1
2021-03-29,15:34:56.880000,16442,16444,16444,1
2021-03-29,15:34:58.725000,16442,16443,16442,1
2021-03-29,15:35:02.805000,16442,16444,16444,1
2021-03-29,15:35:08.347000,16442,16444,16444,1
2021-03-29,15:35:26.273000,16442,16443,16443,1
2021-03-29,15:35:33.389000,16443,16444,16443,1
2021-03-29,15:35:34.416000,16443,16444,16444,1
2021-03-29,15:35:34.416000,16443,16444,16444,3
2021-03-29,15:35:34.416000,16443,16444,16444,1
2021-03-29,15:35:34.416000,16443,16444,16444,1
2021-03-29,15:35:36.996000,16445,16446,16445,1
2021-03-29,15:35:36.996000,16445,16446,16444,2
2021-03-29,15:35:45.517000,16444,16446,16444,2
2021-03-29,15:35:50.256000,16443,16444,16444,1
2021-03-29,15:35:52.759000,16442,16444,16444,1
2021-03-29,15:35:54.188000,16442,16444,16444,3
2021-03-29,15:36:01.474000,16442,16443,16442,1
2021-03-29,15:36:01.795000,16442,16443,16443,1
2021-03-29,15:36:01.796000,16442,16443,16443,6
2021-03-29,15:36:01.796000,16442,16443,16443,3
2021-03-29,15:36:12.376000,16443,16444,16443,1
2021-03-29,15:36:14.194000,16443,16444,16443,1
2021-03-29,15:36:14.446000,16443,16444,16444,2
2021-03-29,15:36:14.448000,16443,16444,16444,2
2021-03-29,15:36:14.478000,16443,16444,16444,2
2021-03-29,15:36:22.044000,16444,16445,16444,1
2021-03-29,15:36:36.554000,16444,16445,16444,1
2021-03-29,15:36:46.817000,16444,16445,16444,6
2021-03-29,15:37:05.168000,16444,16445,16445,3
2021-03-29,15:37:05.168000,16444,16445,16445,5
2021-03-29,15:37:05.169000,16444,16445,16445,2
2021-03-29,15:37:16.206000,16445,16446,16446,5
2021-03-29,15:37:40.411000,16446,16447,16446,1
2021-03-29,15:37:42.835000,16445,16446,16446,1
2021-03-29,15:37:46.220000,16445,16446,16445,1
2021-03-29,15:37:46.220000,16445,16446,16445,2
2021-03-29,15:37:46.220000,16445,16446,16445,1
2021-03-29,15:37:46.261000,16445,16446,16445,1
2021-03-29,15:37:46.262000,16445,16446,16445,1
2021-03-29,15:37:46.425000,16445,16446,16445,1
2021-03-29,15:38:08.881000,16445,16446,16445,1
2021-03-29,15:38:09.991000,16444,16445,16444,1
2021-03-29,15:38:09.992000,16444,16445,16444,1
2021-03-29,15:38:13.406000,16444,16445,16444,1
2021-03-29,15:38:29.186000,16443,16444,16443,1
2021-03-29,15:38:32.649000,16443,16444,16444,1
2021-03-29,15:38:38.489000,16444,16446,16444,1
2021-03-29,15:38:59.866000,16445,16446,16445,1
2021-03-29,15:39:03.137000,16445,16446,16445,3
2021-03-29,15:39:10.323000,16445,16446,16445,1
2021-03-29,15:39:12.719000,16444,16445,16445,1
2021-03-29,15:39:12.719000,16444,16445,16445,3
2021-03-29,15:39:14.174000,16445,16446,16445,1
2021-03-29,15:39:30.021000,16445,16446,16446,1
2021-03-29,15:39:30.022000,16445,16446,16446,1
2021-03-29,15:39:30.022000,16445,16446,16446,2
2021-03-29,15:39:31.644000,16446,16447,16447,1
2021-03-29,15:39:35.524000,16446,16447,16446,1
2021-03-29,15:39:54.276000,16446,16447,16446,1
2021-03-29,15:40:00.121000,16446,16447,16447,1
2021-03-29,15:40:01.327000,16446,16447,16447,1
2021-03-29,15:40:01.826000,16446,16447,16447,3
2021-03-29,15:40:01.826000,16446,16447,16448,10
2021-03-29,15:40:01.826000,16446,16447,16449,3
2021-03-29,15:40:04.612000,16447,16448,16448,1
2021-03-29,15:40:04.612000,16447,16448,16449,1
2021-03-29,15:40:04.846000,16447,16448,16448,1
2021-03-29,15:40:10.220000,16447,16448,16447,1
2021-03-29,15:40:11.115000,16446,16447,16447,1
2021-03-29,15:40:15.396000,16447,16448,16447,1
2021-03-29,15:40:15.826000,16447,16448,16448,1
2021-03-29,15:40:20.686000,16447,16448,16447,1
2021-03-29,15:40:20.686000,16447,16448,16446,1
2021-03-29,15:41:07.314000,16447,16448,16447,1
2021-03-29,15:41:07.314000,16447,16448,16447,3
2021-03-29,15:41:07.314000,16447,16448,16447,1
2021-03-29,15:41:10.185000,16446,16447,16446,2
2021-03-29,15:41:10.185000,16446,16447,16446,3
2021-03-29,15:41:10.185000,16446,16447,16446,2
2021-03-29,15:41:10.185000,16446,16447,16446,1
2021-03-29,15:41:28.293000,16446,16447,16446,1
2021-03-29,15:41:31.331000,16446,16447,16447,1
2021-03-29,15:41:31.331000,16446,16447,16447,5
2021-03-29,15:41:31.331000,16446,16447,16447,1
2021-03-29,15:41:33.874000,16447,16448,16448,6
2021-03-29,15:41:33.874000,16447,16448,16448,2
2021-03-29,15:41:33.874000,16447,16448,16448,2
2021-03-29,15:41:34.175000,16447,16448,16448,1
2021-03-29,15:41:34.179000,16447,16448,16448,1
2021-03-29,15:41:39.917000,16447,16448,16448,1
2021-03-29,15:41:41.596000,16447,16448,16448,1
2021-03-29,15:41:43.848000,16447,16448,16448,1
2021-03-29,15:41:44.562000,16447,16448,16448,1
2021-03-29,15:41:54.358000,16447,16448,16448,1
2021-03-29,15:41:54.889000,16447,16448,16448,1
2021-03-29,15:42:15.706000,16447,16448,16448,1
2021-03-29,15:42:16.002000,16447,16448,16448,6
2021-03-29,15:42:19.695000,16447,16448,16447,1
2021-03-29,15:42:25.661000,16447,16448,16447,1
2021-03-29,15:42:28.716000,16447,16448,16447,1
2021-03-29,15:42:32.818000,16447,16448,16447,1
2021-03-29,15:42:32.818000,16447,16448,16447,3
2021-03-29,15:42:40.399000,16446,16447,16447,2
2021-03-29,15:42:58.113000,16446,16447,16447,2
2021-03-29,15:42:59.571000,16446,16447,16447,1
2021-03-29,15:43:13.421000,16446,16447,16446,4
2021-03-29,15:43:13.421000,16446,16447,16446,2
2021-03-29,15:43:19.739000,16446,16447,16446,1
2021-03-29,15:43:43.573000,16445,16446,16445,1
2021-03-29,15:43:43.573000,16445,16446,16445,1
2021-03-29,15:43:43.573000,16445,16446,16445,1
2021-03-29,15:43:43.574000,16445,16446,16445,5
2021-03-29,15:43:51.532000,16444,16446,16444,1
2021-03-29,15:43:58.456000,16445,16446,16446,1
2021-03-29,15:43:58.456000,16445,16446,16446,1
2021-03-29,15:44:12.266000,16445,16446,16446,1
2021-03-29,15:44:12.267000,16445,16446,16446,1
2021-03-29,15:44:13.155000,16446,16447,16446,4
2021-03-29,15:44:13.155000,16446,16447,16445,1
2021-03-29,15:44:14.248000,16446,16447,16447,1
2021-03-29,15:44:24.424000,16446,16447,16447,1
2021-03-29,15:44:24.425000,16446,16447,16447,1
2021-03-29,15:44:24.425000,16446,16447,16447,3
2021-03-29,15:44:24.425000,16446,16447,16447,1
2021-03-29,15:44:24.425000,16446,16447,16447,1
2021-03-29,15:44:24.425000,16446,16447,16447,1
2021-03-29,15:44:24.425000,16446,16447,16447,1
2021-03-29,15:44:24.425000,16446,16447,16447,1
2021-03-29,15:44:24.425000,16446,16447,16447,2
2021-03-29,15:44:24.425000,16446,16447,16447,1
2021-03-29,15:44:24.425000,16446,16447,16447,1
2021-03-29,15:44:24.425000,16446,16447,16447,1
2021-03-29,15:44:24.425000,16446,16447,16447,2
2021-03-29,15:44:24.425000,16446,16447,16447,1
2021-03-29,15:44:24.425000,16446,16447,16447,7
2021-03-29,15:44:24.428000,16446,16447,16448,4
2021-03-29,15:44:24.443000,16446,16447,16449,1
2021-03-29,15:44:31.629000,16448,16449,16448,2
2021-03-29,15:44:36.033000,16448,16449,16449,2
2021-03-29,15:44:37.655000,16448,16449,16449,1
2021-03-29,15:44:37.789000,16448,16449,16449,1
2021-03-29,15:45:00.624000,16448,16449,16449,1
2021-03-29,15:45:01.941000,16448,16449,16449,1
2021-03-29,15:45:03.076000,16448,16449,16448,1
2021-03-29,15:45:03.768000,16448,16449,16449,1
2021-03-29,15:45:04.830000,16448,16449,16448,1
2021-03-29,15:45:11.226000,16448,16449,16449,2
2021-03-29,15:45:13.551000,16448,16449,16449,2
2021-03-29,15:45:14.599000,16449,16450,16450,1
2021-03-29,15:45:14.895000,16449,16450,16450,1
2021-03-29,15:45:14.910000,16449,16450,16450,1
2021-03-29,15:45:18.779000,16449,16450,16449,1
2021-03-29,15:45:18.779000,16449,16450,16449,5
2021-03-29,15:45:18.779000,16449,16450,16449,2
2021-03-29,15:45:18.779000,16449,16450,16449,1
2021-03-29,15:45:18.779000,16449,16450,16449,2
2021-03-29,15:45:18.779000,16449,16450,16449,1
2021-03-29,15:45:19.438000,16448,16449,16449,1
2021-03-29,15:45:21.866000,16448,16449,16449,1
2021-03-29,15:45:23.783000,16448,16449,16448,1
2021-03-29,15:45:23.784000,16448,16449,16448,1
2021-03-29,15:45:23.784000,16448,16449,16448,3
2021-03-29,15:45:23.784000,16448,16449,16448,1
2021-03-29,15:45:26.695000,16447,16448,16448,1
2021-03-29,15:45:27.295000,16447,16448,16448,1
2021-03-29,15:45:27.962000,16447,16448,16447,1
2021-03-29,15:45:29.092000,16446,16448,16446,2
2021-03-29,15:45:29.248000,16446,16448,16448,1
2021-03-29,15:45:39.615000,16447,16449,16449,6
2021-03-29,15:45:39.615000,16447,16449,16450,14
2021-03-29,15:45:40.589000,16448,16450,16449,1
2021-03-29,15:45:40.754000,16448,16449,16448,1
2021-03-29,15:45:47.248000,16445,16447,16445,1
2021-03-29,15:45:47.940000,16445,16447,16447,2
2021-03-29,15:45:47.940000,16445,16447,16448,8
2021-03-29,15:45:53.570000,16446,16448,16448,1
2021-03-29,15:46:07.176000,16446,16448,16448,1
2021-03-29,15:46:07.894000,16446,16448,16448,1
2021-03-29,15:46:39.874000,16446,16447,16446,1
2021-03-29,15:46:40,16445,16447,16447,1
2021-03-29,15:46:40.001000,16445,16447,16447,1
2021-03-29,15:46:51.999000,16445,16446,16445,3
2021-03-29,15:46:52.124000,16445,16446,16445,1
2021-03-29,15:46:52.251000,16444,16446,16446,1
2021-03-29,15:46:52.251000,16444,16446,16446,1
2021-03-29,15:46:52.251000,16444,16446,16446,1
2021-03-29,15:46:52.251000,16444,16446,16446,1
2021-03-29,15:46:52.251000,16444,16446,16447,1
2021-03-29,15:46:58.749000,16444,16446,16444,1
2021-03-29,15:47:14.181000,16444,16445,16445,1
2021-03-29,15:47:20.990000,16444,16445,16445,1
2021-03-29,15:47:21.059000,16444,16446,16444,1
2021-03-29,15:47:25.780000,16444,16445,16445,1
2021-03-29,15:47:26.939000,16445,16446,16444,1
2021-03-29,15:47:30.799000,16444,16445,16445,1
2021-03-29,15:47:40.267000,16445,16446,16446,2
2021-03-29,15:47:41.831000,16445,16446,16445,4
2021-03-29,15:47:48.064000,16445,16446,16445,1
2021-03-29,15:48:00.678000,16445,16446,16445,2
2021-03-29,15:48:03.724000,16445,16446,16445,1
2021-03-29,15:48:16.689000,16445,16446,16445,3
2021-03-29,15:48:21.400000,16445,16446,16446,1
2021-03-29,15:48:21.400000,16445,16446,16446,1
2021-03-29,15:48:21.400000,16445,16446,16446,3
2021-03-29,15:48:29.876000,16446,16447,16446,1
2021-03-29,15:48:57.729000,16446,16447,16447,3
2021-03-29,15:49:02.554000,16447,16448,16447,2
2021-03-29,15:49:03.145000,16447,16448,16448,1
2021-03-29,15:49:19.392000,16448,16449,16449,1
2021-03-29,15:49:19.393000,16448,16449,16449,4
2021-03-29,15:49:19.393000,16448,16449,16449,2
2021-03-29,15:49:19.393000,16448,16449,16449,2
2021-03-29,15:49:27.969000,16449,16450,16450,1
2021-03-29,15:49:29.209000,16449,16450,16450,1
2021-03-29,15:49:29.210000,16449,16450,16450,2
2021-03-29,15:49:29.210000,16449,16450,16450,1
2021-03-29,15:49:29.210000,16449,16450,16450,1
2021-03-29,15:49:29.211000,16449,16450,16450,1
2021-03-29,15:49:29.213000,16449,16450,16450,1
2021-03-29,15:49:29.214000,16449,16450,16450,1
2021-03-29,15:49:29.215000,16449,16450,16450,12
2021-03-29,15:49:29.215000,16449,16450,16450,2
2021-03-29,15:49:30.172000,16450,16451,16450,1
2021-03-29,15:49:30.291000,16450,16451,16451,1
2021-03-29,15:49:30.292000,16450,16451,16451,1
2021-03-29,15:49:30.296000,16450,16451,16451,1
2021-03-29,15:49:30.297000,16450,16451,16451,1
2021-03-29,15:49:30.297000,16450,16451,16451,1
2021-03-29,15:49:30.304000,16450,16451,16451,2
2021-03-29,15:49:30.317000,16450,16451,16451,1
2021-03-29,15:49:33.170000,16451,16452,16451,1
2021-03-29,15:49:33.170000,16451,16452,16451,3
2021-03-29,15:49:35.584000,16450,16451,16451,1
2021-03-29,15:49:38.712000,16450,16451,16451,1
2021-03-29,15:49:39.082000,16451,16452,16451,1
2021-03-29,15:49:41.876000,16450,16451,16451,1
2021-03-29,15:49:42.903000,16450,16451,16450,2
2021-03-29,15:49:57.764000,16450,16451,16451,3
2021-03-29,15:49:57.764000,16450,16451,16451,2
2021-03-29,15:49:57.765000,16450,16451,16451,1
2021-03-29,15:50:01.842000,16451,16452,16452,1
2021-03-29,15:50:01.925000,16451,16452,16452,1
2021-03-29,15:50:02.164000,16451,16452,16452,1
2021-03-29,15:50:02.190000,16451,16452,16452,1
2021-03-29,15:50:02.333000,16451,16452,16452,25
2021-03-29,15:50:02.374000,16452,16453,16453,6
2021-03-29,15:50:05.863000,16452,16453,16453,4
2021-03-29,15:50:05.863000,16452,16453,16453,4
2021-03-29,15:50:16.495000,16453,16454,16454,1
2021-03-29,15:50:16.583000,16453,16454,16454,1
2021-03-29,15:50:20.148000,16453,16454,16454,1
2021-03-29,15:50:20.672000,16453,16454,16454,1
2021-03-29,15:50:22.078000,16453,16454,16454,1
2021-03-29,15:50:25.889000,16453,16454,16454,1
2021-03-29,15:50:26.936000,16453,16454,16454,1
2021-03-29,15:50:29.349000,16453,16454,16454,1
2021-03-29,15:50:31.869000,16453,16454,16453,1
2021-03-29,15:50:31.869000,16453,16454,16453,2
2021-03-29,15:50:31.869000,16453,16454,16453,3
2021-03-29,15:50:31.869000,16453,16454,16453,2
2021-03-29,15:50:33.289000,16452,16454,16454,4
2021-03-29,15:50:33.313000,16452,16454,16452,1
2021-03-29,15:50:44.015000,16452,16453,16453,4
2021-03-29,15:50:44.015000,16452,16453,16454,1
2021-03-29,15:50:45.031000,16452,16453,16453,1
2021-03-29,15:50:49.584000,16453,16454,16454,1
2021-03-29,15:50:56.069000,16453,16454,16453,1
2021-03-29,15:51:06.640000,16453,16454,16453,1
2021-03-29,15:51:14.719000,16453,16454,16453,1
2021-03-29,15:51:14.719000,16453,16454,16453,1
2021-03-29,15:51:16.329000,16452,16453,16453,1
2021-03-29,15:51:16.694000,16452,16453,16453,1
2021-03-29,15:51:17.479000,16452,16453,16452,5
2021-03-29,15:51:18.180000,16451,16452,16452,1
2021-03-29,15:51:32.611000,16451,16452,16451,2
2021-03-29,15:51:35.348000,16451,16452,16451,1
2021-03-29,15:51:35.348000,16451,16452,16451,1
2021-03-29,15:51:39.778000,16450,16452,16452,1
2021-03-29,15:51:46.635000,16451,16452,16452,2
2021-03-29,15:51:46.636000,16451,16452,16452,1
2021-03-29,15:51:46.636000,16451,16452,16452,1
2021-03-29,15:51:46.636000,16451,16452,16452,1
2021-03-29,15:51:47.810000,16452,16453,16452,1
2021-03-29,15:51:47.890000,16452,16453,16452,1
2021-03-29,15:51:49.249000,16452,16453,16452,1
2021-03-29,15:51:49.639000,16451,16452,16452,1
2021-03-29,15:51:49.813000,16451,16452,16452,2
2021-03-29,15:51:49.813000,16451,16452,16452,1
2021-03-29,15:51:49.813000,16451,16452,16452,1
2021-03-29,15:51:49.813000,16451,16452,16452,5
2021-03-29,15:51:49.814000,16451,16452,16452,6
2021-03-29,15:51:49.814000,16451,16452,16452,2
2021-03-29,15:51:49.814000,16451,16452,16452,1
2021-03-29,15:51:52.136000,16451,16453,16453,1
2021-03-29,15:51:56.704000,16451,16452,16452,1
2021-03-29,15:52:01.924000,16451,16452,16452,1
2021-03-29,15:52:08.958000,16451,16452,16451,1
2021-03-29,15:52:12.057000,16451,16452,16452,1
2021-03-29,15:52:13.921000,16452,16453,16452,1
2021-03-29,15:52:18.891000,16451,16452,16452,2
2021-03-29,15:52:21.522000,16451,16452,16451,1
2021-03-29,15:52:21.522000,16451,16452,16451,4
2021-03-29,15:52:25.877000,16450,16452,16450,5
2021-03-29,15:52:27.928000,16450,16452,16450,1
2021-03-29,15:52:34.042000,16449,16450,16450,1
2021-03-29,15:52:34.265000,16449,16450,16449,1
2021-03-29,15:52:35.038000,16449,16450,16449,6
2021-03-29,15:52:43.727000,16448,16449,16448,1
2021-03-29,15:52:48.129000,16448,16449,16448,1
2021-03-29,15:52:53.924000,16448,16449,16448,1
2021-03-29,15:52:53.924000,16448,16449,16447,1
2021-03-29,15:53:01.237000,16447,16448,16448,1
2021-03-29,15:53:02.570000,16448,16449,16448,1
2021-03-29,15:53:05.685000,16448,16449,16449,1
2021-03-29,15:53:05.685000,16448,16449,16449,1
2021-03-29,15:53:05.685000,16448,16449,16449,2
2021-03-29,15:53:10.173000,16449,16450,16449,1
2021-03-29,15:53:10.421000,16449,16450,16450,1
2021-03-29,15:53:33.543000,16451,16452,16451,1
2021-03-29,15:53:37,16451,16452,16451,2
2021-03-29,15:53:49.584000,16451,16452,16451,1
2021-03-29,15:53:49.585000,16451,16452,16451,2
2021-03-29,15:54:06.081000,16451,16452,16451,1
2021-03-29,15:54:06.399000,16450,16452,16452,1
2021-03-29,15:54:06.419000,16450,16452,16452,1
2021-03-29,15:54:06.588000,16451,16452,16452,1
2021-03-29,15:54:15.204000,16451,16452,16452,1
2021-03-29,15:54:18.349000,16450,16452,16452,1
2021-03-29,15:54:29.568000,16450,16451,16451,1
2021-03-29,15:54:29.568000,16450,16451,16451,1
2021-03-29,15:54:35.283000,16451,16452,16451,1
2021-03-29,15:54:38.470000,16451,16452,16452,1
2021-03-29,15:54:39.415000,16451,16452,16451,1
2021-03-29,15:54:46.404000,16450,16451,16451,1
2021-03-29,15:54:46.404000,16450,16451,16452,1
2021-03-29,15:54:53.504000,16450,16451,16450,1
2021-03-29,15:55:04.629000,16450,16451,16451,1
2021-03-29,15:55:09.467000,16450,16451,16450,2
2021-03-29,15:55:14.389000,16450,16451,16451,1
2021-03-29,15:55:18.876000,16450,16451,16450,3
2021-03-29,15:55:18.876000,16450,16451,16450,1
2021-03-29,15:55:18.876000,16450,16451,16450,1
2021-03-29,15:55:18.876000,16450,16451,16450,1
2021-03-29,15:55:18.876000,16450,16451,16450,1
2021-03-29,15:55:18.876000,16450,16451,16450,2
2021-03-29,15:55:18.876000,16450,16451,16450,1
2021-03-29,15:55:18.876000,16450,16451,16450,1
2021-03-29,15:55:19.635000,16449,16451,16451,1
2021-03-29,15:55:35.986000,16449,16450,16450,1
2021-03-29,15:55:35.986000,16449,16450,16450,1
2021-03-29,15:55:37.891000,16449,16450,16449,2
2021-03-29,15:55:43.649000,16449,16450,16449,1
2021-03-29,15:55:47.395000,16449,16450,16449,2
2021-03-29,15:56:04.610000,16448,16449,16449,1
2021-03-29,15:56:04.610000,16448,16449,16449,1
2021-03-29,15:56:07.285000,16448,16449,16449,1
2021-03-29,15:56:20.671000,16448,16449,16448,1
2021-03-29,15:56:20.671000,16448,16449,16448,7
2021-03-29,15:56:28.713000,16447,16448,16447,1
2021-03-29,15:56:31.158000,16447,16448,16447,2
2021-03-29,15:56:31.844000,16447,16448,16447,2
2021-03-29,15:56:31.845000,16447,16448,16447,1
2021-03-29,15:56:31.846000,16447,16448,16447,1
2021-03-29,15:56:34.958000,16446,16448,16446,1
2021-03-29,15:56:35.283000,16447,16448,16448,1
2021-03-29,15:56:35.283000,16447,16448,16448,1
2021-03-29,15:56:38.795000,16447,16449,16447,1
2021-03-29,15:56:40.428000,16447,16449,16447,1
2021-03-29,15:56:58.279000,16448,16449,16449,1
2021-03-29,15:56:58.280000,16448,16449,16449,1
2021-03-29,15:57:27.199000,16448,16449,16448,1
2021-03-29,15:57:37.684000,16447,16448,16448,1
2021-03-29,15:57:42.122000,16448,16449,16449,1
2021-03-29,15:57:42.122000,16448,16449,16449,2
2021-03-29,15:57:44.369000,16449,16450,16450,1
2021-03-29,15:57:44.419000,16449,16450,16450,3
2021-03-29,15:57:46.967000,16449,16450,16450,2
2021-03-29,15:57:57.734000,16449,16450,16449,1
2021-03-29,15:57:57.734000,16449,16450,16449,5
2021-03-29,15:58:13.869000,16448,16449,16449,1
2021-03-29,15:58:14.502000,16449,16451,16449,1
2021-03-29,15:58:18.822000,16449,16450,16449,1
2021-03-29,15:58:24.438000,16449,16450,16449,1
2021-03-29,15:58:35.191000,16448,16449,16449,1
2021-03-29,15:58:37.005000,16448,16449,16448,1
2021-03-29,15:58:37.005000,16448,16449,16448,1
2021-03-29,15:58:37.005000,16448,16449,16448,1
2021-03-29,15:58:37.397000,16447,16448,16448,1
2021-03-29,15:58:59.648000,16446,16448,16448,1
2021-03-29,15:59:11.998000,16447,16448,16447,1
2021-03-29,15:59:18.472000,16446,16447,16447,1
2021-03-29,15:59:18.473000,16446,16447,16447,1
2021-03-29,15:59:24.109000,16447,16448,16447,2
2021-03-29,15:59:24.109000,16447,16448,16446,2
2021-03-29,15:59:29.344000,16447,16448,16447,2
2021-03-29,15:59:30.487000,16446,16448,16446,1
2021-03-29,15:59:33.439000,16446,16447,16446,4
2021-03-29,15:59:34.043000,16446,16447,16446,1
2021-03-29,15:59:34.043000,16446,16447,16445,3
2021-03-29,15:59:36.474000,16446,16447,16447,1
2021-03-29,15:59:42.055000,16446,16448,16446,1
2021-03-29,15:59:53.359000,16446,16447,16447,1
2021-03-29,16:00:12.703000,16447,16448,16447,1
2021-03-29,16:00:13.042000,16447,16448,16447,1
2021-03-29,16:00:13.093000,16447,16448,16446,1
2021-03-29,16:00:13.094000,16447,16448,16446,1
2021-03-29,16:00:13.094000,16447,16448,16445,1
2021-03-29,16:00:13.159000,16446,16448,16446,1
2021-03-29,16:00:13.245000,16446,16448,16448,3
2021-03-29,16:00:13.252000,16447,16448,16448,1
2021-03-29,16:00:13.252000,16447,16448,16449,2
2021-03-29,16:00:13.292000,16447,16448,16447,1
2021-03-29,16:00:13.306000,16447,16448,16449,1
2021-03-29,16:00:13.312000,16447,16448,16447,1
2021-03-29,16:00:13.314000,16447,16448,16446,1
2021-03-29,16:00:13.373000,16447,16448,16446,2
2021-03-29,16:00:13.373000,16447,16448,16446,1
2021-03-29,16:00:13.422000,16446,16448,16446,1
2021-03-29,16:00:13.514000,16446,16448,16446,1
2021-03-29,16:00:13.522000,16446,16448,16446,1
2021-03-29,16:00:13.532000,16446,16448,16445,1
2021-03-29,16:00:13.926000,16445,16448,16445,1
2021-03-29,16:00:13.926000,16445,16448,16445,1
2021-03-29,16:00:13.932000,16445,16448,16445,1
2021-03-29,16:00:13.941000,16445,16448,16445,1
2021-03-29,16:00:13.941000,16445,16448,16445,1
2021-03-29,16:00:14.435000,16445,16447,16447,1
2021-03-29,16:00:14.436000,16445,16447,16447,1
2021-03-29,16:00:14.593000,16445,16447,16447,1
2021-03-29,16:00:14.593000,16445,16447,16448,1
2021-03-29,16:00:15.990000,16445,16447,16447,2
2021-03-29,16:00:16.209000,16445,16447,16447,2
2021-03-29,16:00:16.209000,16445,16447,16448,1
2021-03-29,16:00:16.212000,16445,16447,16447,1
2021-03-29,16:00:16.212000,16445,16447,16448,2
2021-03-29,16:00:16.225000,16445,16447,16448,3
2021-03-29,16:00:18.918000,16446,16448,16446,1
2021-03-29,16:00:23.023000,16446,16447,16446,1
2021-03-29,16:00:23.024000,16446,16447,16446,1
2021-03-29,16:00:28.789000,16445,16446,16445,1
2021-03-29,16:00:31.909000,16444,16445,16444,1
2021-03-29,16:00:31.916000,16444,16445,16444,1
2021-03-29,16:00:32.169000,16444,16445,16444,1
2021-03-29,16:00:32.242000,16444,16445,16445,1
2021-03-29,16:00:32.242000,16444,16445,16446,2
2021-03-29,16:00:35.442000,16444,16445,16444,1
2021-03-29,16:00:35.442000,16444,16445,16444,1
2021-03-29,16:00:35.442000,16444,16445,16444,1
2021-03-29,16:00:35.442000,16444,16445,16444,7
2021-03-29,16:00:37.442000,16443,16444,16443,1
2021-03-29,16:00:38.102000,16443,16444,16443,1
2021-03-29,16:00:39.864000,16443,16444,16443,1
2021-03-29,16:00:40.892000,16443,16444,16443,11
2021-03-29,16:00:40.893000,16443,16444,16443,1
2021-03-29,16:00:40.893000,16443,16444,16443,1
2021-03-29,16:00:45.627000,16443,16444,16443,1
2021-03-29,16:00:46.398000,16443,16444,16443,1
2021-03-29,16:00:51.383000,16443,16444,16444,1
2021-03-29,16:00:51.383000,16443,16444,16444,1
2021-03-29,16:00:57.483000,16443,16444,16443,1
2021-03-29,16:00:58.502000,16443,16444,16444,1
2021-03-29,16:01:00.513000,16443,16444,16444,1
2021-03-29,16:01:05.253000,16443,16444,16443,1
2021-03-29,16:01:05.254000,16443,16444,16443,3
2021-03-29,16:01:05.254000,16443,16444,16443,1
2021-03-29,16:01:05.254000,16443,16444,16443,1
2021-03-29,16:01:05.254000,16443,16444,16443,1
2021-03-29,16:01:05.254000,16443,16444,16443,2
2021-03-29,16:01:05.882000,16442,16443,16442,1
2021-03-29,16:01:10.377000,16442,16443,16443,1
2021-03-29,16:01:15.788000,16443,16444,16443,2
2021-03-29,16:01:21.678000,16443,16444,16444,1
2021-03-29,16:01:26.381000,16443,16444,16444,1
2021-03-29,16:01:27.334000,16443,16444,16444,1
2021-03-29,16:01:27.334000,16443,16444,16444,1
2021-03-29,16:01:28.026000,16444,16445,16445,4
2021-03-29,16:01:30.816000,16445,16446,16445,1
2021-03-29,16:01:32.328000,16445,16446,16445,1
2021-03-29,16:01:32.328000,16445,16446,16445,1
2021-03-29,16:01:58.737000,16444,16445,16445,1
2021-03-29,16:02:15.654000,16444,16445,16445,1
2021-03-29,16:02:22.206000,16444,16445,16445,1
2021-03-29,16:02:22.207000,16444,16445,16445,3
2021-03-29,16:02:27.096000,16444,16445,16445,1
2021-03-29,16:02:29.325000,16444,16445,16445,1
2021-03-29,16:02:33.084000,16445,16446,16446,1
2021-03-29,16:02:37.564000,16445,16446,16446,1
2021-03-29,16:02:38.799000,16445,16446,16446,2
2021-03-29,16:02:49.846000,16446,16447,16446,1
2021-03-29,16:02:59.766000,16446,16447,16447,1
2021-03-29,16:03:09.064000,16446,16447,16447,1
2021-03-29,16:03:09.065000,16446,16447,16447,1
2021-03-29,16:03:09.415000,16447,16448,16448,1
2021-03-29,16:03:16.211000,16447,16449,16449,1
2021-03-29,16:03:42.400000,16447,16448,16447,1
2021-03-29,16:03:56.124000,16446,16447,16447,1
2021-03-29,16:03:59.133000,16446,16447,16446,1
2021-03-29,16:03:59.133000,16446,16447,16445,2
2021-03-29,16:04:00.855000,16445,16447,16447,1
2021-03-29,16:04:16.824000,16446,16447,16446,1
2021-03-29,16:04:46.899000,16445,16446,16445,1
2021-03-29,16:04:52.713000,16445,16446,16445,7
2021-03-29,16:04:57.403000,16444,16445,16445,1
2021-03-29,16:05:06.028000,16445,16446,16445,2
2021-03-29,16:05:08.887000,16444,16445,16444,1
2021-03-29,16:05:13.155000,16444,16445,16444,5
2021-03-29,16:05:15.217000,16443,16444,16444,1
2021-03-29,16:05:18.895000,16443,16444,16444,1
2021-03-29,16:05:19.062000,16443,16444,16443,2
2021-03-29,16:05:19.234000,16443,16444,16444,1
2021-03-29,16:05:20.624000,16443,16444,16444,1
2021-03-29,16:05:27.966000,16444,16445,16444,1
2021-03-29,16:05:41.715000,16444,16445,16444,1
2021-03-29,16:05:44.486000,16444,16445,16444,1
2021-03-29,16:05:53.349000,16443,16444,16443,1
2021-03-29,16:05:53.349000,16443,16444,16443,8
2021-03-29,16:06:03.873000,16442,16443,16443,1
2021-03-29,16:06:04.320000,16443,16444,16443,1
2021-03-29,16:06:06.779000,16442,16444,16442,1
2021-03-29,16:06:07.075000,16442,16444,16444,1
2021-03-29,16:06:44.239000,16443,16444,16443,1
2021-03-29,16:06:54.342000,16443,16445,16445,1
2021-03-29,16:07:36.687000,16443,16444,16444,1
2021-03-29,16:07:36.687000,16443,16444,16444,2
2021-03-29,16:07:37.860000,16443,16445,16443,1
2021-03-29,16:07:41.249000,16444,16445,16445,1
2021-03-29,16:07:56.070000,16443,16444,16444,1
2021-03-29,16:07:59.070000,16443,16445,16445,1
2021-03-29,16:08:11.212000,16443,16445,16443,2
2021-03-29,16:08:29.660000,16444,16445,16444,2
2021-03-29,16:08:30.106000,16443,16445,16443,11
2021-03-29,16:08:40.065000,16443,16444,16443,1
2021-03-29,16:08:44.394000,16442,16444,16444,1
2021-03-29,16:08:46.791000,16442,16444,16443,1
2021-03-29,16:08:52.122000,16443,16444,16443,1
2021-03-29,16:08:52.491000,16442,16444,16442,1
2021-03-29,16:08:56.224000,16442,16443,16443,1
2021-03-29,16:09:11.255000,16442,16443,16442,1
2021-03-29,16:09:16.760000,16442,16443,16442,1
2021-03-29,16:09:16.760000,16442,16443,16442,3
2021-03-29,16:09:16.761000,16442,16443,16442,7
2021-03-29,16:09:20.410000,16441,16442,16441,1
2021-03-29,16:09:20.410000,16441,16442,16441,1
2021-03-29,16:09:20.410000,16441,16442,16441,4
2021-03-29,16:09:20.410000,16441,16442,16441,1
2021-03-29,16:09:20.410000,16441,16442,16441,2
2021-03-29,16:09:20.410000,16441,16442,16441,3
2021-03-29,16:09:20.411000,16441,16442,16441,7
2021-03-29,16:09:20.700000,16440,16441,16440,1
2021-03-29,16:09:20.838000,16440,16442,16440,1
2021-03-29,16:09:24.090000,16440,16442,16440,1
2021-03-29,16:09:32.086000,16441,16442,16441,2
2021-03-29,16:09:37.802000,16440,16441,16441,1
2021-03-29,16:09:38.156000,16441,16442,16441,1
2021-03-29,16:09:43.655000,16441,16442,16442,1
2021-03-29,16:09:43.656000,16441,16442,16442,3
2021-03-29,16:09:43.709000,16441,16442,16442,1
2021-03-29,16:09:44.432000,16442,16443,16442,1
2021-03-29,16:09:49.045000,16441,16442,16442,1
2021-03-29,16:09:57.890000,16442,16443,16442,3
2021-03-29,16:09:58.100000,16442,16443,16442,1
2021-03-29,16:10:00.396000,16442,16443,16443,1
2021-03-29,16:10:17.235000,16441,16443,16441,1
2021-03-29,16:10:19.255000,16442,16443,16442,1
2021-03-29,16:10:28.350000,16442,16443,16442,1
2021-03-29,16:10:28.912000,16442,16443,16442,1
2021-03-29,16:10:30.636000,16442,16443,16442,1
2021-03-29,16:10:46.796000,16442,16443,16442,1
2021-03-29,16:10:54.545000,16442,16443,16442,1
2021-03-29,16:10:56.291000,16442,16443,16443,1
2021-03-29,16:11:03.549000,16442,16443,16442,1
2021-03-29,16:11:06.871000,16442,16443,16443,1
2021-03-29,16:11:06.872000,16442,16443,16443,1
2021-03-29,16:11:06.872000,16442,16443,16443,7
2021-03-29,16:11:06.911000,16443,16444,16443,1
2021-03-29,16:11:12.369000,16443,16444,16444,2
2021-03-29,16:11:15.708000,16443,16444,16444,1
2021-03-29,16:11:15.708000,16443,16444,16444,1
2021-03-29,16:11:23.048000,16443,16445,16445,1
2021-03-29,16:11:44.789000,16443,16444,16443,1
2021-03-29,16:11:57.374000,16443,16444,16443,1
2021-03-29,16:11:58.358000,16442,16444,16444,1
2021-03-29,16:12:27.911000,16442,16443,16443,1
2021-03-29,16:12:35.465000,16442,16443,16443,1
2021-03-29,16:13:07.184000,16442,16443,16443,1
2021-03-29,16:13:19.624000,16442,16443,16442,5
2021-03-29,16:13:19.625000,16442,16443,16442,3
2021-03-29,16:13:19.625000,16442,16443,16442,2
2021-03-29,16:13:26.117000,16442,16443,16442,1
2021-03-29,16:13:27.952000,16442,16443,16443,1
2021-03-29,16:13:30.757000,16442,16443,16442,1
2021-03-29,16:13:34.366000,16441,16442,16441,1
2021-03-29,16:13:34.366000,16441,16442,16441,2
2021-03-29,16:13:34.366000,16441,16442,16441,1
2021-03-29,16:13:34.366000,16441,16442,16441,1
2021-03-29,16:13:34.369000,16441,16442,16440,2
2021-03-29,16:13:34.370000,16441,16442,16440,1
2021-03-29,16:13:34.370000,16441,16442,16440,6
2021-03-29,16:13:34.370000,16441,16442,16440,15
2021-03-29,16:13:34.370000,16441,16442,16440,9
2021-03-29,16:13:35.729000,16439,16441,16441,1
2021-03-29,16:13:39.804000,16439,16441,16439,1
2021-03-29,16:13:40.064000,16439,16441,16439,2
2021-03-29,16:13:40.167000,16439,16441,16439,2
2021-03-29,16:13:43.147000,16440,16441,16440,1
2021-03-29,16:13:43.273000,16439,16441,16439,1
2021-03-29,16:13:48.538000,16440,16441,16440,1
2021-03-29,16:13:48.538000,16440,16441,16439,1
2021-03-29,16:13:51.058000,16440,16441,16440,2
2021-03-29,16:13:52.139000,16440,16441,16441,1
2021-03-29,16:13:53.527000,16441,16442,16441,1
2021-03-29,16:13:53.838000,16440,16442,16440,2
2021-03-29,16:13:55.880000,16441,16442,16441,1
2021-03-29,16:14:05.472000,16441,16442,16441,1
2021-03-29,16:14:10.093000,16441,16442,16441,2
2021-03-29,16:14:17.620000,16440,16442,16440,2
2021-03-29,16:14:19.712000,16440,16442,16440,2
2021-03-29,16:14:22.324000,16440,16441,16441,2
2021-03-29,16:14:22.324000,16440,16441,16442,15
2021-03-29,16:14:22.325000,16440,16441,16442,3
2021-03-29,16:14:22.648000,16440,16442,16440,2
2021-03-29,16:14:31.990000,16440,16442,16440,1
2021-03-29,16:14:36.282000,16440,16442,16440,1
2021-03-29,16:14:38.146000,16441,16442,16441,1
2021-03-29,16:14:46.291000,16441,16442,16441,1
2021-03-29,16:14:55.199000,16440,16441,16440,2
2021-03-29,16:15:00.966000,16440,16441,16441,1
2021-03-29,16:15:00.966000,16440,16441,16441,1
2021-03-29,16:15:00.966000,16440,16441,16441,1
2021-03-29,16:15:00.966000,16440,16441,16441,1
2021-03-29,16:15:01.514000,16440,16442,16440,2
2021-03-29,16:15:11.120000,16440,16441,16441,1
2021-03-29,16:15:13.295000,16440,16441,16440,1
2021-03-29,16:15:14.775000,16441,16442,16441,1
2021-03-29,16:15:14.843000,16441,16442,16440,1
2021-03-29,16:15:16.199000,16440,16441,16440,1
2021-03-29,16:15:20.924000,16440,16441,16440,1
2021-03-29,16:15:24.640000,16440,16441,16440,1
2021-03-29,16:15:27.103000,16439,16440,16439,1
2021-03-29,16:15:27.784000,16439,16440,16440,1
2021-03-29,16:15:29.550000,16439,16440,16440,1
2021-03-29,16:15:29.551000,16439,16440,16440,2
2021-03-29,16:15:33.228000,16440,16441,16440,1
2021-03-29,16:15:33.515000,16440,16441,16440,1
2021-03-29,16:15:34.742000,16440,16441,16440,1
2021-03-29,16:15:39.304000,16440,16441,16440,1
2021-03-29,16:15:40.348000,16440,16441,16441,1
2021-03-29,16:15:43.408000,16440,16441,16440,1
2021-03-29,16:15:43.410000,16440,16441,16440,3
2021-03-29,16:15:43.410000,16440,16441,16440,1
2021-03-29,16:15:43.532000,16439,16440,16440,1
2021-03-29,16:15:46.262000,16439,16441,16439,1
2021-03-29,16:15:51.437000,16440,16441,16441,1
2021-03-29,16:15:58.603000,16440,16441,16441,1
2021-03-29,16:16:00.545000,16440,16442,16440,1
2021-03-29,16:16:00.545000,16440,16442,16440,1
2021-03-29,16:16:01.968000,16441,16442,16441,1
2021-03-29,16:16:03.187000,16441,16442,16442,1
2021-03-29,16:16:04.988000,16441,16442,16441,1
2021-03-29,16:16:29.130000,16441,16442,16442,1
2021-03-29,16:16:42.694000,16441,16442,16442,1
2021-03-29,16:16:42.870000,16441,16442,16441,1
2021-03-29,16:16:44.088000,16441,16442,16441,1
2021-03-29,16:17:04.562000,16441,16442,16441,1
2021-03-29,16:17:04.562000,16441,16442,16441,2
2021-03-29,16:17:04.562000,16441,16442,16441,1
2021-03-29,16:17:33.968000,16440,16441,16440,2
2021-03-29,16:17:35.274000,16440,16441,16441,1
2021-03-29,16:17:35.274000,16440,16441,16441,1
2021-03-29,16:17:35.274000,16440,16441,16441,1
2021-03-29,16:17:46.598000,16441,16442,16442,1
2021-03-29,16:17:50.945000,16441,16442,16442,1
2021-03-29,16:17:51.799000,16441,16442,16441,1
2021-03-29,16:18:03.086000,16440,16441,16440,4
2021-03-29,16:18:06.321000,16439,16440,16439,1
2021-03-29,16:18:06.321000,16439,16440,16439,1
2021-03-29,16:18:06.321000,16439,16440,16439,1
2021-03-29,16:18:06.321000,16439,16440,16439,1
2021-03-29,16:18:06.321000,16439,16440,16439,1
2021-03-29,16:18:06.321000,16439,16440,16439,2
2021-03-29,16:18:10.674000,16439,16440,16439,1
2021-03-29,16:18:10.998000,16439,16440,16439,1
2021-03-29,16:18:18.296000,16439,16440,16439,6
2021-03-29,16:18:18.838000,16438,16439,16439,1
2021-03-29,16:18:19.759000,16438,16439,16439,1
2021-03-29,16:18:20.064000,16438,16439,16439,1
2021-03-29,16:18:22.994000,16438,16440,16438,1
