2023-02-21 15:00:00,15532,15532,15532,94,0
2023-02-21 15:00:00,15529,15529,15529,2,-2
2023-02-21 15:00:00,15529,15529,15529,2,0
2023-02-21 15:00:00,15529,15529,15529,2,0
2023-02-21 15:00:00,15529,15529,15529,4,0
2023-02-21 15:00:00,15528,15528,15528,2,-2
2023-02-21 15:00:00,15528,15528,15528,2,0
2023-02-21 15:00:00,15528,15528,15528,2,0
2023-02-21 15:00:00,15528,15528,15528,2,0
2023-02-21 15:00:00,15529,15529,15529,2,2
2023-02-21 15:00:00,15530,15530,15530,2,2
2023-02-21 15:00:00,15530,15530,15530,4,0
2023-02-21 15:00:00,15530,15530,15530,2,0
2023-02-21 15:00:00,15529,15529,15529,2,-2
2023-02-21 15:00:00,15528,15528,15528,2,-2
2023-02-21 15:00:00,15527,15527,15527,2,-2
2023-02-21 15:00:00,15527,15527,15527,2,0
2023-02-21 15:00:00,15528,15528,15528,2,2
2023-02-21 15:00:00,15529,15529,15529,2,2
2023-02-21 15:00:00,15529,15529,15529,2,0
2023-02-21 15:00:00,15529,15529,15529,2,0
2023-02-21 15:00:00,15530,15530,15530,4,4
2023-02-21 15:00:00,15531,15531,15531,4,4
2023-02-21 15:00:00,15532,15532,15532,2,2
2023-02-21 15:00:00,15532,15532,15532,2,0
2023-02-21 15:00:00,15532,15532,15532,4,0
2023-02-21 15:00:00,15532,15532,15532,2,0
2023-02-21 15:00:00,15532,15532,15532,2,0
2023-02-21 15:00:00,15531,15531,15531,2,-2
2023-02-21 15:00:00,15532,15532,15532,2,2
2023-02-21 15:00:00,15533,15533,15533,2,2
2023-02-21 15:00:01,15533,15533,15533,2,0
2023-02-21 15:00:01,15534,15534,15534,2,2
2023-02-21 15:00:01,15532,15532,15532,2,-2
2023-02-21 15:00:01,15533,15533,15533,2,2
2023-02-21 15:00:01,15531,15531,15531,2,-2
2023-02-21 15:00:01,15531,15531,15531,2,0
2023-02-21 15:00:01,15531,15531,15531,2,0
2023-02-21 15:00:01,15531,15531,15531,4,0
2023-02-21 15:00:03,15529,15529,15529,2,-2
2023-02-21 15:00:03,15530,15530,15530,2,2
2023-02-21 15:00:03,15531,15531,15531,2,2
2023-02-21 15:00:03,15528,15528,15528,2,-2
2023-02-21 15:00:03,15528,15528,15528,2,0
2023-02-21 15:00:03,15528,15528,15528,2,0
2023-02-21 15:00:03,15528,15528,15528,2,0
2023-02-21 15:00:04,15531,15531,15531,2,2
2023-02-21 15:00:04,15531,15531,15531,2,0
2023-02-21 15:00:04,15528,15528,15528,4,-4
2023-02-21 15:00:04,15528,15528,15528,2,0
2023-02-21 15:00:05,15530,15530,15530,2,2
2023-02-21 15:00:06,15529,15529,15529,2,-2
2023-02-21 15:00:06,15529,15529,15529,4,0
2023-02-21 15:00:08,15529,15529,15529,2,0
2023-02-21 15:00:12,15529,15529,15529,2,0
2023-02-21 15:00:12,15529,15529,15529,2,0
2023-02-21 15:00:15,15529,15529,15529,2,0
2023-02-21 15:00:15,15529,15529,15529,2,0
2023-02-21 15:00:15,15528,15528,15528,2,-2
2023-02-21 15:00:15,15528,15528,15528,2,0
2023-02-21 15:00:15,15528,15528,15528,2,0
2023-02-21 15:00:16,15528,15528,15528,2,0
2023-02-21 15:00:16,15528,15528,15528,2,0
2023-02-21 15:00:16,15528,15528,15528,2,0
2023-02-21 15:00:16,15528,15528,15528,2,0
2023-02-21 15:00:17,15529,15529,15529,2,2
2023-02-21 15:00:17,15528,15528,15528,2,-2
2023-02-21 15:00:21,15528,15528,15528,2,0
2023-02-21 15:00:21,15527,15527,15527,2,-2
2023-02-21 15:00:22,15528,15528,15528,2,2
2023-02-21 15:00:22,15529,15529,15529,4,4
2023-02-21 15:00:29,15529,15529,15529,2,0
2023-02-21 15:00:30,15529,15529,15529,2,0
2023-02-21 15:00:34,15530,15530,15530,2,2
2023-02-21 15:00:34,15529,15529,15529,2,-2
2023-02-21 15:00:39,15530,15530,15530,8,8
2023-02-21 15:00:40,15530,15530,15530,2,0
2023-02-21 15:00:41,15531,15531,15531,4,4
2023-02-21 15:00:42,15530,15530,15530,2,-2
2023-02-21 15:00:53,15530,15530,15530,2,0
2023-02-21 15:00:57,15530,15530,15530,2,0
2023-02-21 15:01:00,15529,15529,15529,2,-2
2023-02-21 15:01:00,15529,15529,15529,2,0
2023-02-21 15:01:00,15529,15529,15529,2,0
2023-02-21 15:01:00,15529,15529,15529,2,0
2023-02-21 15:01:00,15529,15529,15529,2,0
2023-02-21 15:01:00,15528,15528,15528,2,-2
2023-02-21 15:01:00,15528,15528,15528,4,0
2023-02-21 15:01:00,15528,15528,15528,2,0
2023-02-21 15:01:00,15528,15528,15528,2,0
2023-02-21 15:01:00,15527,15527,15527,2,-2
2023-02-21 15:01:00,15527,15527,15527,2,0
2023-02-21 15:01:00,15528,15528,15528,2,2
2023-02-21 15:01:02,15527,15527,15527,2,-2
2023-02-21 15:01:02,15527,15527,15527,2,0
2023-02-21 15:01:02,15527,15527,15527,2,0
2023-02-21 15:01:13,15526,15526,15526,2,-2
2023-02-21 15:01:15,15527,15527,15527,4,4
2023-02-21 15:01:16,15527,15527,15527,2,0
2023-02-21 15:01:19,15527,15527,15527,6,0
2023-02-21 15:01:19,15527,15527,15527,4,0
2023-02-21 15:01:29,15529,15529,15529,2,2
2023-02-21 15:01:30,15528,15528,15528,2,-2
2023-02-21 15:01:34,15528,15528,15528,2,0
2023-02-21 15:01:38,15528,15528,15528,4,0
2023-02-21 15:01:38,15529,15529,15529,2,2
2023-02-21 15:01:42,15529,15529,15529,2,0
2023-02-21 15:01:51,15529,15529,15529,2,0
2023-02-21 15:02:00,15529,15529,15529,6,0
2023-02-21 15:02:36,15529,15529,15529,2,0
2023-02-21 15:02:40,15528,15528,15528,2,-2
2023-02-21 15:02:40,15528,15528,15528,2,0
2023-02-21 15:02:40,15528,15528,15528,2,0
2023-02-21 15:02:40,15528,15528,15528,2,0
2023-02-21 15:02:40,15528,15528,15528,2,0
2023-02-21 15:02:40,15528,15528,15528,2,0
2023-02-21 15:02:40,15528,15528,15528,2,0
2023-02-21 15:02:59,15529,15529,15529,4,4
2023-02-21 15:03:04,15529,15529,15529,4,0
2023-02-21 15:03:04,15529,15529,15529,2,0
2023-02-21 15:03:05,15528,15528,15528,2,-2
2023-02-21 15:03:05,15528,15528,15528,2,0
2023-02-21 15:03:05,15528,15528,15528,2,0
2023-02-21 15:03:05,15528,15528,15528,2,0
2023-02-21 15:03:06,15528,15528,15528,2,0
2023-02-21 15:03:08,15528,15528,15528,2,0
2023-02-21 15:03:09,15529,15529,15529,2,2
2023-02-21 15:03:13,15529,15529,15529,4,0
2023-02-21 15:03:21,15530,15530,15530,22,22
2023-02-21 15:03:26,15531,15531,15531,2,2
2023-02-21 15:03:28,15530,15530,15530,4,-4
2023-02-21 15:03:28,15529,15529,15529,2,-2
2023-02-21 15:03:28,15529,15529,15529,2,0
2023-02-21 15:03:28,15529,15529,15529,2,0
2023-02-21 15:03:28,15529,15529,15529,4,0
2023-02-21 15:03:28,15530,15530,15530,2,2
2023-02-21 15:03:29,15530,15530,15530,2,0
2023-02-21 15:03:32,15530,15530,15530,2,0
2023-02-21 15:03:32,15530,15530,15530,2,0
2023-02-21 15:03:34,15530,15530,15530,2,0
2023-02-21 15:03:36,15530,15530,15530,2,0
2023-02-21 15:03:36,15529,15529,15529,2,-2
2023-02-21 15:03:38,15530,15530,15530,2,2
2023-02-21 15:03:39,15530,15530,15530,2,0
2023-02-21 15:03:39,15530,15530,15530,2,0
2023-02-21 15:03:50,15529,15529,15529,2,-2
2023-02-21 15:03:50,15529,15529,15529,2,0
2023-02-21 15:04:02,15529,15529,15529,2,0
2023-02-21 15:04:03,15530,15530,15530,4,4
2023-02-21 15:04:03,15529,15529,15529,2,-2
2023-02-21 15:04:03,15529,15529,15529,2,0
2023-02-21 15:04:05,15530,15530,15530,2,2
2023-02-21 15:04:05,15531,15531,15531,54,54
2023-02-21 15:04:05,15532,15532,15532,12,12
2023-02-21 15:04:12,15532,15532,15532,2,0
2023-02-21 15:04:18,15533,15533,15533,2,2
2023-02-21 15:04:19,15532,15532,15532,2,-2
2023-02-21 15:04:19,15532,15532,15532,2,0
2023-02-21 15:04:27,15532,15532,15532,2,0
2023-02-21 15:04:30,15532,15532,15532,2,0
2023-02-21 15:04:31,15532,15532,15532,2,0
2023-02-21 15:04:33,15532,15532,15532,2,0
2023-02-21 15:04:39,15532,15532,15532,2,0
2023-02-21 15:04:48,15532,15532,15532,4,0
2023-02-21 15:04:48,15531,15531,15531,2,-2
2023-02-21 15:04:48,15531,15531,15531,2,0
2023-02-21 15:04:48,15531,15531,15531,2,0
2023-02-21 15:04:48,15531,15531,15531,2,0
2023-02-21 15:04:48,15530,15530,15530,2,-2
2023-02-21 15:04:48,15530,15530,15530,2,0
2023-02-21 15:04:48,15530,15530,15530,4,0
2023-02-21 15:04:48,15530,15530,15530,4,0
2023-02-21 15:04:48,15529,15529,15529,2,-2
2023-02-21 15:04:48,15529,15529,15529,2,0
2023-02-21 15:04:48,15529,15529,15529,2,0
2023-02-21 15:04:48,15529,15529,15529,4,0
2023-02-21 15:04:48,15529,15529,15529,2,0
2023-02-21 15:04:49,15531,15531,15531,2,2
2023-02-21 15:05:02,15529,15529,15529,2,-2
2023-02-21 15:05:02,15530,15530,15530,2,2
2023-02-21 15:05:02,15529,15529,15529,2,-2
2023-02-21 15:05:03,15529,15529,15529,2,0
2023-02-21 15:05:03,15529,15529,15529,2,0
2023-02-21 15:05:03,15529,15529,15529,2,0
2023-02-21 15:05:03,15528,15528,15528,2,-2
2023-02-21 15:05:03,15528,15528,15528,2,0
2023-02-21 15:05:05,15530,15530,15530,12,12
2023-02-21 15:05:10,15531,15531,15531,2,2
2023-02-21 15:05:10,15530,15530,15530,2,-2
2023-02-21 15:05:13,15531,15531,15531,8,8
2023-02-21 15:05:19,15532,15532,15532,2,2
2023-02-21 15:05:23,15532,15532,15532,2,0
2023-02-21 15:05:27,15531,15531,15531,2,-2
2023-02-21 15:05:27,15533,15533,15533,2,2
2023-02-21 15:05:29,15532,15532,15532,4,-4
2023-02-21 15:05:29,15532,15532,15532,6,0
2023-02-21 15:05:36,15532,15532,15532,2,0
2023-02-21 15:05:37,15531,15531,15531,2,-2
2023-02-21 15:05:37,15531,15531,15531,2,0
2023-02-21 15:05:37,15531,15531,15531,2,0
2023-02-21 15:05:45,15529,15529,15529,2,-2
2023-02-21 15:05:45,15529,15529,15529,4,0
2023-02-21 15:05:45,15529,15529,15529,2,0
2023-02-21 15:05:47,15529,15529,15529,2,0
2023-02-21 15:05:49,15528,15528,15528,2,-2
2023-02-21 15:05:49,15530,15530,15530,2,2
2023-02-21 15:06:02,15528,15528,15528,2,-2
2023-02-21 15:06:02,15528,15528,15528,2,0
2023-02-21 15:06:02,15528,15528,15528,2,0
2023-02-21 15:06:02,15528,15528,15528,2,0
2023-02-21 15:06:02,15528,15528,15528,2,0
2023-02-21 15:06:02,15528,15528,15528,4,0
2023-02-21 15:06:07,15528,15528,15528,20,0
2023-02-21 15:06:07,15527,15527,15527,2,-2
2023-02-21 15:06:07,15527,15527,15527,2,0
2023-02-21 15:06:07,15527,15527,15527,6,0
2023-02-21 15:06:15,15527,15527,15527,2,0
2023-02-21 15:06:16,15528,15528,15528,2,2
2023-02-21 15:06:19,15527,15527,15527,2,-2
2023-02-21 15:06:26,15528,15528,15528,2,2
2023-02-21 15:06:27,15527,15527,15527,2,-2
2023-02-21 15:06:28,15528,15528,15528,6,6
2023-02-21 15:06:34,15528,15528,15528,2,0
2023-02-21 15:06:36,15529,15529,15529,8,8
2023-02-21 15:06:42,15528,15528,15528,2,-2
2023-02-21 15:06:50,15528,15528,15528,2,0
2023-02-21 15:06:59,15528,15528,15528,2,0
2023-02-21 15:07:01,15528,15528,15528,2,0
2023-02-21 15:07:01,15528,15528,15528,4,0
2023-02-21 15:07:01,15528,15528,15528,10,0
2023-02-21 15:07:05,15528,15528,15528,2,0
2023-02-21 15:07:08,15527,15527,15527,2,-2
2023-02-21 15:07:10,15528,15528,15528,2,2
2023-02-21 15:07:20,15527,15527,15527,2,-2
2023-02-21 15:07:20,15527,15527,15527,2,0
2023-02-21 15:07:20,15527,15527,15527,2,0
2023-02-21 15:07:20,15527,15527,15527,4,0
2023-02-21 15:07:20,15527,15527,15527,2,0
2023-02-21 15:07:20,15527,15527,15527,2,0
2023-02-21 15:07:20,15527,15527,15527,2,0
2023-02-21 15:07:20,15527,15527,15527,10,0
2023-02-21 15:07:20,15527,15527,15527,2,0
2023-02-21 15:07:20,15527,15527,15527,2,0
2023-02-21 15:07:20,15527,15527,15527,10,0
2023-02-21 15:07:20,15527,15527,15527,4,0
2023-02-21 15:07:21,15527,15527,15527,10,0
2023-02-21 15:07:34,15527,15527,15527,10,0
2023-02-21 15:07:42,15527,15527,15527,2,0
2023-02-21 15:07:43,15527,15527,15527,2,0
2023-02-21 15:07:54,15527,15527,15527,4,0
2023-02-21 15:07:55,15527,15527,15527,2,0
2023-02-21 15:07:55,15527,15527,15527,2,0
2023-02-21 15:07:55,15527,15527,15527,2,0
2023-02-21 15:07:55,15527,15527,15527,2,0
2023-02-21 15:07:57,15528,15528,15528,2,2
2023-02-21 15:08:00,15528,15528,15528,8,0
2023-02-21 15:08:11,15528,15528,15528,2,0
2023-02-21 15:08:15,15528,15528,15528,2,0
2023-02-21 15:08:23,15528,15528,15528,4,0
2023-02-21 15:08:23,15528,15528,15528,2,0
2023-02-21 15:08:34,15527,15527,15527,6,-6
2023-02-21 15:08:38,15527,15527,15527,2,0
2023-02-21 15:08:38,15527,15527,15527,2,0
2023-02-21 15:08:38,15527,15527,15527,2,0
2023-02-21 15:08:38,15527,15527,15527,6,0
2023-02-21 15:08:38,15527,15527,15527,2,0
2023-02-21 15:08:38,15527,15527,15527,2,0
2023-02-21 15:08:38,15527,15527,15527,4,0
2023-02-21 15:08:42,15527,15527,15527,10,0
2023-02-21 15:08:43,15526,15526,15526,2,-2
2023-02-21 15:08:46,15526,15526,15526,2,0
2023-02-21 15:08:50,15526,15526,15526,2,0
2023-02-21 15:08:53,15526,15526,15526,2,0
2023-02-21 15:08:53,15526,15526,15526,2,0
2023-02-21 15:08:53,15526,15526,15526,6,0
2023-02-21 15:08:55,15526,15526,15526,4,0
2023-02-21 15:08:56,15525,15525,15525,2,-2
2023-02-21 15:08:56,15525,15525,15525,2,0
2023-02-21 15:08:56,15525,15525,15525,2,0
2023-02-21 15:08:56,15525,15525,15525,2,0
2023-02-21 15:08:56,15525,15525,15525,2,0
2023-02-21 15:08:56,15525,15525,15525,2,0
2023-02-21 15:08:56,15525,15525,15525,2,0
2023-02-21 15:08:56,15525,15525,15525,2,0
2023-02-21 15:08:56,15525,15525,15525,4,0
2023-02-21 15:08:56,15524,15524,15524,2,-2
2023-02-21 15:08:56,15525,15525,15525,2,2
2023-02-21 15:08:56,15524,15524,15524,2,-2
2023-02-21 15:08:56,15524,15524,15524,2,0
2023-02-21 15:08:56,15524,15524,15524,6,0
2023-02-21 15:08:56,15524,15524,15524,2,0
2023-02-21 15:08:56,15524,15524,15524,2,0
2023-02-21 15:08:57,15524,15524,15524,4,0
2023-02-21 15:08:57,15524,15524,15524,2,0
2023-02-21 15:08:58,15524,15524,15524,2,0
2023-02-21 15:08:58,15524,15524,15524,4,0
2023-02-21 15:08:58,15524,15524,15524,2,0
2023-02-21 15:08:58,15524,15524,15524,2,0
2023-02-21 15:08:59,15524,15524,15524,4,0
2023-02-21 15:09:07,15523,15523,15523,2,-2
2023-02-21 15:09:07,15523,15523,15523,4,0
2023-02-21 15:09:07,15523,15523,15523,2,0
2023-02-21 15:09:07,15523,15523,15523,2,0
2023-02-21 15:09:07,15523,15523,15523,2,0
2023-02-21 15:09:07,15523,15523,15523,4,0
2023-02-21 15:09:07,15522,15522,15522,2,-2
2023-02-21 15:09:07,15522,15522,15522,2,0
2023-02-21 15:09:12,15522,15522,15522,2,0
2023-02-21 15:09:12,15522,15522,15522,2,0
2023-02-21 15:09:13,15522,15522,15522,2,0
2023-02-21 15:09:13,15522,15522,15522,4,0
2023-02-21 15:09:13,15522,15522,15522,2,0
2023-02-21 15:09:14,15521,15521,15521,2,-2
2023-02-21 15:09:14,15521,15521,15521,2,0
2023-02-21 15:09:16,15522,15522,15522,6,6
2023-02-21 15:09:17,15521,15521,15521,2,-2
2023-02-21 15:09:21,15522,15522,15522,2,2
2023-02-21 15:09:23,15521,15521,15521,2,-2
2023-02-21 15:09:23,15521,15521,15521,2,0
2023-02-21 15:09:23,15522,15522,15522,4,4
2023-02-21 15:09:25,15521,15521,15521,2,-2
2023-02-21 15:09:27,15521,15521,15521,2,0
2023-02-21 15:09:27,15521,15521,15521,2,0
2023-02-21 15:09:27,15522,15522,15522,2,2
2023-02-21 15:09:27,15521,15521,15521,2,-2
2023-02-21 15:09:27,15521,15521,15521,2,0
2023-02-21 15:09:29,15522,15522,15522,6,6
2023-02-21 15:09:32,15522,15522,15522,4,0
2023-02-21 15:09:33,15523,15523,15523,4,4
2023-02-21 15:09:33,15523,15523,15523,4,0
2023-02-21 15:09:33,15524,15524,15524,2,2
2023-02-21 15:09:33,15524,15524,15524,2,0
2023-02-21 15:09:33,15525,15525,15525,2,2
2023-02-21 15:09:33,15525,15525,15525,4,0
2023-02-21 15:09:34,15524,15524,15524,2,-2
2023-02-21 15:09:34,15524,15524,15524,2,0
2023-02-21 15:09:34,15524,15524,15524,2,0
2023-02-21 15:09:34,15524,15524,15524,4,0
2023-02-21 15:09:35,15523,15523,15523,2,-2
2023-02-21 15:09:35,15523,15523,15523,2,0
2023-02-21 15:09:35,15524,15524,15524,2,2
2023-02-21 15:09:37,15525,15525,15525,2,2
2023-02-21 15:09:37,15524,15524,15524,2,-2
2023-02-21 15:09:40,15525,15525,15525,10,10
2023-02-21 15:09:40,15525,15525,15525,6,0
2023-02-21 15:09:40,15525,15525,15525,2,0
2023-02-21 15:09:40,15525,15525,15525,2,0
2023-02-21 15:09:40,15525,15525,15525,2,0
2023-02-21 15:09:40,15525,15525,15525,2,0
2023-02-21 15:09:41,15525,15525,15525,2,0
2023-02-21 15:09:42,15524,15524,15524,2,-2
2023-02-21 15:09:45,15524,15524,15524,2,0
2023-02-21 15:09:46,15525,15525,15525,2,2
2023-02-21 15:09:47,15525,15525,15525,8,0
2023-02-21 15:09:47,15525,15525,15525,6,0
2023-02-21 15:09:48,15525,15525,15525,6,0
2023-02-21 15:09:50,15525,15525,15525,2,0
2023-02-21 15:09:50,15525,15525,15525,4,0
2023-02-21 15:09:50,15524,15524,15524,4,-4
2023-02-21 15:09:50,15524,15524,15524,2,0
2023-02-21 15:09:52,15524,15524,15524,2,0
2023-02-21 15:09:52,15524,15524,15524,2,0
2023-02-21 15:09:52,15524,15524,15524,2,0
2023-02-21 15:09:52,15524,15524,15524,2,0
2023-02-21 15:09:53,15523,15523,15523,2,-2
2023-02-21 15:09:53,15523,15523,15523,2,0
2023-02-21 15:10:03,15523,15523,15523,2,0
2023-02-21 15:10:03,15523,15523,15523,2,0
2023-02-21 15:10:03,15523,15523,15523,2,0
2023-02-21 15:10:05,15523,15523,15523,2,0
2023-02-21 15:10:05,15523,15523,15523,2,0
2023-02-21 15:10:05,15523,15523,15523,2,0
2023-02-21 15:10:07,15523,15523,15523,4,0
2023-02-21 15:10:13,15523,15523,15523,2,0
2023-02-21 15:10:13,15523,15523,15523,2,0
2023-02-21 15:10:13,15523,15523,15523,4,0
2023-02-21 15:10:13,15523,15523,15523,2,0
2023-02-21 15:10:14,15523,15523,15523,2,0
2023-02-21 15:10:14,15523,15523,15523,2,0
2023-02-21 15:10:14,15523,15523,15523,2,0
2023-02-21 15:10:14,15523,15523,15523,6,0
2023-02-21 15:10:15,15522,15522,15522,2,-2
2023-02-21 15:10:15,15522,15522,15522,2,0
2023-02-21 15:10:25,15523,15523,15523,2,2
2023-02-21 15:10:25,15522,15522,15522,2,-2
2023-02-21 15:10:25,15522,15522,15522,2,0
2023-02-21 15:10:27,15522,15522,15522,2,0
2023-02-21 15:10:27,15522,15522,15522,2,0
2023-02-21 15:10:28,15523,15523,15523,4,4
2023-02-21 15:10:28,15523,15523,15523,2,0
2023-02-21 15:10:28,15523,15523,15523,2,0
2023-02-21 15:10:28,15523,15523,15523,2,0
2023-02-21 15:10:28,15523,15523,15523,2,0
2023-02-21 15:10:28,15523,15523,15523,2,0
2023-02-21 15:10:28,15523,15523,15523,2,0
2023-02-21 15:10:28,15523,15523,15523,2,0
2023-02-21 15:10:28,15523,15523,15523,2,0
2023-02-21 15:10:28,15523,15523,15523,2,0
2023-02-21 15:10:28,15523,15523,15523,2,0
2023-02-21 15:10:28,15523,15523,15523,2,0
2023-02-21 15:10:28,15523,15523,15523,2,0
2023-02-21 15:10:28,15524,15524,15524,6,6
2023-02-21 15:10:28,15524,15524,15524,4,0
2023-02-21 15:10:28,15524,15524,15524,2,0
2023-02-21 15:10:28,15524,15524,15524,6,0
2023-02-21 15:10:28,15524,15524,15524,2,0
2023-02-21 15:10:28,15524,15524,15524,2,0
2023-02-21 15:10:29,15524,15524,15524,6,0
2023-02-21 15:10:29,15524,15524,15524,4,0
2023-02-21 15:10:29,15524,15524,15524,2,0
2023-02-21 15:10:29,15524,15524,15524,2,0
2023-02-21 15:10:29,15524,15524,15524,4,0
2023-02-21 15:10:29,15524,15524,15524,4,0
2023-02-21 15:10:29,15524,15524,15524,2,0
2023-02-21 15:10:29,15524,15524,15524,6,0
2023-02-21 15:10:29,15524,15524,15524,4,0
2023-02-21 15:10:29,15524,15524,15524,2,0
2023-02-21 15:10:29,15524,15524,15524,2,0
2023-02-21 15:10:29,15524,15524,15524,2,0
2023-02-21 15:10:29,15523,15523,15523,2,-2
2023-02-21 15:10:29,15523,15523,15523,2,0
2023-02-21 15:10:29,15523,15523,15523,4,0
2023-02-21 15:10:29,15523,15523,15523,2,0
2023-02-21 15:10:29,15523,15523,15523,6,0
2023-02-21 15:10:29,15523,15523,15523,2,0
2023-02-21 15:10:29,15523,15523,15523,2,0
2023-02-21 15:10:30,15524,15524,15524,6,6
2023-02-21 15:10:30,15524,15524,15524,4,0
2023-02-21 15:10:30,15524,15524,15524,2,0
2023-02-21 15:10:30,15524,15524,15524,2,0
2023-02-21 15:10:30,15524,15524,15524,2,0
2023-02-21 15:10:31,15523,15523,15523,2,-2
2023-02-21 15:10:31,15523,15523,15523,2,0
2023-02-21 15:10:31,15523,15523,15523,4,0
2023-02-21 15:10:31,15523,15523,15523,6,0
2023-02-21 15:10:31,15523,15523,15523,2,0
2023-02-21 15:10:31,15523,15523,15523,2,0
2023-02-21 15:10:31,15523,15523,15523,2,0
2023-02-21 15:10:32,15524,15524,15524,6,6
2023-02-21 15:10:32,15524,15524,15524,4,0
2023-02-21 15:10:32,15524,15524,15524,2,0
2023-02-21 15:10:32,15524,15524,15524,2,0
2023-02-21 15:10:33,15524,15524,15524,4,0
2023-02-21 15:10:33,15524,15524,15524,2,0
2023-02-21 15:10:33,15524,15524,15524,2,0
2023-02-21 15:10:35,15523,15523,15523,2,-2
2023-02-21 15:10:35,15523,15523,15523,2,0
2023-02-21 15:10:36,15523,15523,15523,2,0
2023-02-21 15:10:39,15523,15523,15523,4,0
2023-02-21 15:11:00,15524,15524,15524,24,24
2023-02-21 15:11:02,15524,15524,15524,2,0
2023-02-21 15:11:02,15525,15525,15525,2,2
2023-02-21 15:11:03,15525,15525,15525,12,0
2023-02-21 15:11:03,15525,15525,15525,2,0
2023-02-21 15:11:03,15525,15525,15525,2,0
2023-02-21 15:11:07,15525,15525,15525,4,0
2023-02-21 15:11:09,15526,15526,15526,2,2
2023-02-21 15:11:09,15525,15525,15525,2,-2
2023-02-21 15:11:09,15525,15525,15525,2,0
2023-02-21 15:11:13,15525,15525,15525,2,0
2023-02-21 15:11:17,15525,15525,15525,2,0
2023-02-21 15:11:17,15525,15525,15525,2,0
2023-02-21 15:11:19,15526,15526,15526,2,2
2023-02-21 15:11:20,15526,15526,15526,2,0
2023-02-21 15:11:21,15525,15525,15525,2,-2
2023-02-21 15:11:22,15526,15526,15526,2,2
2023-02-21 15:11:26,15525,15525,15525,2,-2
2023-02-21 15:11:28,15525,15525,15525,4,0
2023-02-21 15:11:28,15525,15525,15525,2,0
2023-02-21 15:11:31,15524,15524,15524,2,-2
2023-02-21 15:11:31,15524,15524,15524,2,0
2023-02-21 15:11:31,15524,15524,15524,2,0
2023-02-21 15:11:43,15524,15524,15524,2,0
2023-02-21 15:11:43,15524,15524,15524,2,0
2023-02-21 15:11:43,15524,15524,15524,2,0
2023-02-21 15:11:48,15524,15524,15524,2,0
2023-02-21 15:11:49,15524,15524,15524,2,0
2023-02-21 15:11:53,15524,15524,15524,2,0
2023-02-21 15:11:53,15523,15523,15523,2,-2
2023-02-21 15:11:53,15523,15523,15523,2,0
2023-02-21 15:11:53,15523,15523,15523,2,0
2023-02-21 15:11:53,15523,15523,15523,2,0
2023-02-21 15:11:53,15523,15523,15523,2,0
2023-02-21 15:11:53,15523,15523,15523,2,0
2023-02-21 15:11:53,15523,15523,15523,2,0
2023-02-21 15:11:53,15523,15523,15523,2,0
2023-02-21 15:11:53,15523,15523,15523,2,0
2023-02-21 15:11:57,15523,15523,15523,2,0
2023-02-21 15:11:57,15523,15523,15523,2,0
2023-02-21 15:11:57,15523,15523,15523,4,0
2023-02-21 15:11:57,15523,15523,15523,2,0
2023-02-21 15:11:57,15523,15523,15523,2,0
2023-02-21 15:11:57,15523,15523,15523,4,0
2023-02-21 15:11:57,15523,15523,15523,2,0
2023-02-21 15:12:08,15522,15522,15522,2,-2
2023-02-21 15:12:10,15522,15522,15522,2,0
2023-02-21 15:12:12,15523,15523,15523,2,2
2023-02-21 15:12:16,15523,15523,15523,8,0
2023-02-21 15:12:18,15523,15523,15523,2,0
2023-02-21 15:12:18,15523,15523,15523,2,0
2023-02-21 15:12:18,15523,15523,15523,2,0
2023-02-21 15:12:49,15523,15523,15523,2,0
2023-02-21 15:12:51,15523,15523,15523,2,0
2023-02-21 15:12:51,15523,15523,15523,2,0
2023-02-21 15:12:54,15523,15523,15523,2,0
2023-02-21 15:12:57,15523,15523,15523,2,0
2023-02-21 15:12:57,15523,15523,15523,4,0
2023-02-21 15:12:57,15523,15523,15523,2,0
2023-02-21 15:12:57,15523,15523,15523,2,0
2023-02-21 15:13:04,15523,15523,15523,4,0
2023-02-21 15:13:04,15523,15523,15523,2,0
2023-02-21 15:13:09,15523,15523,15523,2,0
2023-02-21 15:13:23,15523,15523,15523,2,0
2023-02-21 15:13:35,15523,15523,15523,2,0
2023-02-21 15:13:35,15523,15523,15523,2,0
2023-02-21 15:13:35,15523,15523,15523,2,0
2023-02-21 15:13:35,15523,15523,15523,2,0
2023-02-21 15:13:35,15523,15523,15523,2,0
2023-02-21 15:13:35,15523,15523,15523,2,0
2023-02-21 15:13:35,15523,15523,15523,2,0
2023-02-21 15:13:35,15523,15523,15523,2,0
2023-02-21 15:13:41,15522,15522,15522,2,-2
2023-02-21 15:13:41,15522,15522,15522,2,0
2023-02-21 15:13:41,15522,15522,15522,2,0
2023-02-21 15:13:41,15522,15522,15522,2,0
2023-02-21 15:13:41,15522,15522,15522,2,0
2023-02-21 15:13:41,15522,15522,15522,2,0
2023-02-21 15:13:41,15522,15522,15522,2,0
2023-02-21 15:13:41,15522,15522,15522,2,0
2023-02-21 15:13:41,15522,15522,15522,2,0
2023-02-21 15:13:41,15522,15522,15522,2,0
2023-02-21 15:13:41,15522,15522,15522,2,0
2023-02-21 15:13:46,15522,15522,15522,2,0
2023-02-21 15:13:46,15522,15522,15522,8,0
2023-02-21 15:13:46,15522,15522,15522,4,0
2023-02-21 15:13:46,15521,15521,15521,2,-2
2023-02-21 15:13:47,15522,15522,15522,2,2
2023-02-21 15:13:48,15521,15521,15521,2,-2
2023-02-21 15:13:48,15522,15522,15522,4,4
2023-02-21 15:13:50,15522,15522,15522,2,0
2023-02-21 15:13:52,15522,15522,15522,2,0
2023-02-21 15:13:53,15522,15522,15522,2,0
2023-02-21 15:13:58,15522,15522,15522,2,0
2023-02-21 15:14:01,15522,15522,15522,2,0
2023-02-21 15:14:01,15521,15521,15521,2,-2
2023-02-21 15:14:01,15521,15521,15521,2,0
2023-02-21 15:14:01,15521,15521,15521,2,0
2023-02-21 15:14:01,15521,15521,15521,4,0
2023-02-21 15:14:01,15521,15521,15521,2,0
2023-02-21 15:14:01,15521,15521,15521,6,0
2023-02-21 15:14:02,15522,15522,15522,2,2
2023-02-21 15:14:02,15521,15521,15521,2,-2
2023-02-21 15:14:02,15521,15521,15521,2,0
2023-02-21 15:14:02,15521,15521,15521,2,0
2023-02-21 15:14:02,15521,15521,15521,2,0
2023-02-21 15:14:02,15522,15522,15522,4,4
2023-02-21 15:14:02,15521,15521,15521,2,-2
2023-02-21 15:14:02,15521,15521,15521,2,0
2023-02-21 15:14:02,15521,15521,15521,2,0
2023-02-21 15:14:02,15521,15521,15521,2,0
2023-02-21 15:14:02,15520,15520,15520,2,-2
2023-02-21 15:14:02,15520,15520,15520,2,0
2023-02-21 15:14:02,15520,15520,15520,2,0
2023-02-21 15:14:02,15520,15520,15520,4,0
2023-02-21 15:14:02,15520,15520,15520,2,0
2023-02-21 15:14:02,15521,15521,15521,2,2
2023-02-21 15:14:02,15521,15521,15521,2,0
2023-02-21 15:14:06,15521,15521,15521,2,0
2023-02-21 15:14:08,15521,15521,15521,4,0
2023-02-21 15:14:08,15521,15521,15521,2,0
2023-02-21 15:14:08,15521,15521,15521,4,0
2023-02-21 15:14:08,15521,15521,15521,2,0
2023-02-21 15:14:08,15521,15521,15521,2,0
2023-02-21 15:14:08,15521,15521,15521,2,0
2023-02-21 15:14:08,15521,15521,15521,4,0
2023-02-21 15:14:20,15521,15521,15521,2,0
2023-02-21 15:14:38,15521,15521,15521,2,0
2023-02-21 15:14:48,15521,15521,15521,2,0
2023-02-21 15:14:48,15521,15521,15521,4,0
2023-02-21 15:14:48,15521,15521,15521,2,0
2023-02-21 15:14:48,15521,15521,15521,4,0
2023-02-21 15:15:00,15521,15521,15521,2,0
2023-02-21 15:15:01,15520,15520,15520,2,-2
2023-02-21 15:15:01,15520,15520,15520,2,0
2023-02-21 15:15:01,15520,15520,15520,2,0
2023-02-21 15:15:01,15520,15520,15520,2,0
2023-02-21 15:15:01,15520,15520,15520,2,0
2023-02-21 15:15:01,15520,15520,15520,2,0
2023-02-21 15:15:01,15520,15520,15520,2,0
2023-02-21 15:15:01,15520,15520,15520,2,0
2023-02-21 15:15:01,15520,15520,15520,4,0
2023-02-21 15:15:01,15520,15520,15520,6,0
2023-02-21 15:15:01,15520,15520,15520,2,0
2023-02-21 15:15:01,15520,15520,15520,2,0
2023-02-21 15:15:01,15520,15520,15520,14,0
2023-02-21 15:15:01,15520,15520,15520,4,0
2023-02-21 15:15:01,15520,15520,15520,2,0
2023-02-21 15:15:01,15520,15520,15520,2,0
2023-02-21 15:15:01,15520,15520,15520,4,0
2023-02-21 15:15:01,15520,15520,15520,2,0
2023-02-21 15:15:01,15520,15520,15520,4,0
2023-02-21 15:15:01,15519,15519,15519,2,-2
2023-02-21 15:15:02,15520,15520,15520,2,2
2023-02-21 15:15:05,15520,15520,15520,2,0
2023-02-21 15:15:06,15521,15521,15521,2,2
2023-02-21 15:15:07,15520,15520,15520,2,-2
2023-02-21 15:15:07,15520,15520,15520,2,0
2023-02-21 15:15:07,15520,15520,15520,4,0
2023-02-21 15:15:07,15520,15520,15520,2,0
2023-02-21 15:15:24,15519,15519,15519,2,-2
2023-02-21 15:15:26,15519,15519,15519,2,0
2023-02-21 15:15:28,15519,15519,15519,2,0
2023-02-21 15:15:30,15519,15519,15519,2,0
2023-02-21 15:15:30,15519,15519,15519,4,0
2023-02-21 15:15:30,15519,15519,15519,2,0
2023-02-21 15:15:37,15519,15519,15519,4,0
2023-02-21 15:15:44,15519,15519,15519,2,0
2023-02-21 15:15:55,15519,15519,15519,2,0
2023-02-21 15:15:57,15520,15520,15520,2,2
2023-02-21 15:15:58,15520,15520,15520,6,0
2023-02-21 15:16:01,15521,15521,15521,2,2
2023-02-21 15:16:01,15520,15520,15520,2,-2
2023-02-21 15:16:04,15520,15520,15520,4,0
2023-02-21 15:16:05,15521,15521,15521,2,2
2023-02-21 15:16:05,15520,15520,15520,2,-2
2023-02-21 15:16:05,15520,15520,15520,2,0
2023-02-21 15:16:10,15520,15520,15520,2,0
2023-02-21 15:16:15,15520,15520,15520,4,0
2023-02-21 15:16:15,15520,15520,15520,2,0
2023-02-21 15:16:19,15520,15520,15520,2,0
2023-02-21 15:16:20,15519,15519,15519,2,-2
2023-02-21 15:16:22,15519,15519,15519,2,0
2023-02-21 15:16:28,15519,15519,15519,2,0
2023-02-21 15:16:38,15519,15519,15519,2,0
2023-02-21 15:16:38,15520,15520,15520,2,2
2023-02-21 15:16:43,15519,15519,15519,10,-10
2023-02-21 15:17:02,15520,15520,15520,2,2
2023-02-21 15:17:05,15520,15520,15520,2,0
2023-02-21 15:17:13,15520,15520,15520,2,0
2023-02-21 15:17:18,15520,15520,15520,4,0
2023-02-21 15:17:18,15520,15520,15520,6,0
2023-02-21 15:17:18,15520,15520,15520,2,0
2023-02-21 15:17:25,15520,15520,15520,2,0
2023-02-21 15:17:51,15521,15521,15521,2,2
2023-02-21 15:17:51,15521,15521,15521,12,0
2023-02-21 15:17:51,15521,15521,15521,2,0
2023-02-21 15:17:51,15521,15521,15521,2,0
2023-02-21 15:17:51,15521,15521,15521,4,0
2023-02-21 15:18:20,15522,15522,15522,4,4
2023-02-21 15:18:20,15521,15521,15521,2,-2
2023-02-21 15:18:20,15522,15522,15522,2,2
2023-02-21 15:18:38,15521,15521,15521,2,-2
2023-02-21 15:18:40,15522,15522,15522,2,2
2023-02-21 15:18:52,15522,15522,15522,2,0
2023-02-21 15:19:00,15522,15522,15522,2,0
2023-02-21 15:19:12,15521,15521,15521,2,-2
2023-02-21 15:19:12,15521,15521,15521,2,0
2023-02-21 15:19:12,15521,15521,15521,16,0
2023-02-21 15:19:12,15521,15521,15521,2,0
2023-02-21 15:19:12,15521,15521,15521,2,0
2023-02-21 15:19:12,15521,15521,15521,2,0
2023-02-21 15:19:12,15521,15521,15521,2,0
2023-02-21 15:19:12,15521,15521,15521,2,0
2023-02-21 15:19:12,15521,15521,15521,2,0
2023-02-21 15:19:12,15521,15521,15521,2,0
2023-02-21 15:19:22,15521,15521,15521,10,0
2023-02-21 15:19:24,15520,15520,15520,6,-6
2023-02-21 15:19:24,15520,15520,15520,2,0
2023-02-21 15:19:24,15520,15520,15520,2,0
2023-02-21 15:19:24,15520,15520,15520,2,0
2023-02-21 15:19:24,15520,15520,15520,2,0
2023-02-21 15:19:24,15520,15520,15520,2,0
2023-02-21 15:19:24,15520,15520,15520,4,0
2023-02-21 15:19:24,15520,15520,15520,2,0
2023-02-21 15:19:24,15520,15520,15520,2,0
2023-02-21 15:19:24,15520,15520,15520,2,0
2023-02-21 15:19:24,15520,15520,15520,2,0
2023-02-21 15:19:29,15519,15519,15519,10,-10
2023-02-21 15:19:31,15520,15520,15520,2,2
2023-02-21 15:19:31,15519,15519,15519,2,-2
2023-02-21 15:19:36,15520,15520,15520,6,6
2023-02-21 15:20:02,15519,15519,15519,2,-2
2023-02-21 15:20:18,15520,15520,15520,12,12
2023-02-21 15:20:24,15520,15520,15520,2,0
2023-02-21 15:20:25,15520,15520,15520,2,0
2023-02-21 15:20:34,15520,15520,15520,2,0
2023-02-21 15:20:39,15521,15521,15521,8,8
2023-02-21 15:20:40,15520,15520,15520,4,-4
2023-02-21 15:20:40,15520,15520,15520,2,0
2023-02-21 15:20:40,15520,15520,15520,2,0
2023-02-21 15:20:40,15520,15520,15520,2,0
2023-02-21 15:20:40,15520,15520,15520,2,0
2023-02-21 15:20:40,15520,15520,15520,2,0
2023-02-21 15:21:28,15520,15520,15520,2,0
2023-02-21 15:22:19,15520,15520,15520,2,0
2023-02-21 15:22:29,15520,15520,15520,2,0
2023-02-21 15:22:33,15521,15521,15521,2,2
2023-02-21 15:22:51,15520,15520,15520,2,-2
2023-02-21 15:22:51,15520,15520,15520,2,0
2023-02-21 15:22:57,15521,15521,15521,2,2
2023-02-21 15:23:16,15520,15520,15520,2,-2
2023-02-21 15:23:20,15520,15520,15520,2,0
2023-02-21 15:23:29,15520,15520,15520,2,0
2023-02-21 15:23:33,15521,15521,15521,2,2
2023-02-21 15:23:44,15521,15521,15521,2,0
2023-02-21 15:23:46,15521,15521,15521,2,0
2023-02-21 15:23:46,15521,15521,15521,14,0
2023-02-21 15:23:47,15522,15522,15522,2,2
2023-02-21 15:23:58,15521,15521,15521,2,-2
2023-02-21 15:24:02,15521,15521,15521,2,0
2023-02-21 15:24:02,15521,15521,15521,2,0
2023-02-21 15:24:02,15521,15521,15521,2,0
2023-02-21 15:24:02,15520,15520,15520,2,-2
2023-02-21 15:24:18,15520,15520,15520,2,0
2023-02-21 15:24:18,15520,15520,15520,2,0
2023-02-21 15:24:29,15521,15521,15521,2,2
2023-02-21 15:24:29,15520,15520,15520,2,-2
2023-02-21 15:24:29,15521,15521,15521,2,2
2023-02-21 15:24:29,15521,15521,15521,2,0
2023-02-21 15:24:29,15521,15521,15521,2,0
2023-02-21 15:24:40,15521,15521,15521,2,0
2023-02-21 15:25:01,15521,15521,15521,2,0
2023-02-21 15:25:01,15521,15521,15521,2,0
2023-02-21 15:25:01,15521,15521,15521,4,0
2023-02-21 15:25:01,15521,15521,15521,2,0
2023-02-21 15:25:04,15520,15520,15520,2,-2
2023-02-21 15:25:07,15520,15520,15520,2,0
2023-02-21 15:25:12,15520,15520,15520,2,0
2023-02-21 15:25:12,15520,15520,15520,2,0
2023-02-21 15:25:12,15520,15520,15520,2,0
2023-02-21 15:25:12,15520,15520,15520,2,0
2023-02-21 15:25:12,15520,15520,15520,2,0
2023-02-21 15:25:12,15520,15520,15520,2,0
2023-02-21 15:25:12,15520,15520,15520,2,0
2023-02-21 15:25:12,15520,15520,15520,2,0
2023-02-21 15:25:12,15520,15520,15520,4,0
2023-02-21 15:25:12,15520,15520,15520,2,0
2023-02-21 15:25:12,15520,15520,15520,2,0
2023-02-21 15:25:12,15520,15520,15520,2,0
2023-02-21 15:25:14,15520,15520,15520,2,0
2023-02-21 15:25:17,15519,15519,15519,2,-2
2023-02-21 15:25:17,15519,15519,15519,2,0
2023-02-21 15:25:17,15519,15519,15519,4,0
2023-02-21 15:25:17,15519,15519,15519,2,0
2023-02-21 15:25:23,15519,15519,15519,2,0
2023-02-21 15:25:23,15519,15519,15519,4,0
2023-02-21 15:25:23,15519,15519,15519,2,0
2023-02-21 15:25:23,15519,15519,15519,2,0
2023-02-21 15:25:23,15519,15519,15519,2,0
2023-02-21 15:25:23,15519,15519,15519,2,0
2023-02-21 15:25:23,15519,15519,15519,2,0
2023-02-21 15:25:23,15519,15519,15519,2,0
2023-02-21 15:25:24,15518,15518,15518,2,-2
2023-02-21 15:25:25,15518,15518,15518,2,0
2023-02-21 15:25:25,15518,15518,15518,10,0
2023-02-21 15:25:25,15518,15518,15518,2,0
2023-02-21 15:25:31,15518,15518,15518,2,0
2023-02-21 15:25:39,15518,15518,15518,4,0
2023-02-21 15:25:49,15519,15519,15519,22,22
2023-02-21 15:25:50,15520,15520,15520,6,6
2023-02-21 15:25:52,15519,15519,15519,6,-6
2023-02-21 15:25:52,15519,15519,15519,2,0
2023-02-21 15:25:52,15518,15518,15518,2,-2
2023-02-21 15:25:57,15519,15519,15519,2,2
2023-02-21 15:25:57,15518,15518,15518,2,-2
2023-02-21 15:26:00,15518,15518,15518,2,0
2023-02-21 15:26:01,15519,15519,15519,2,2
2023-02-21 15:26:06,15519,15519,15519,2,0
2023-02-21 15:26:13,15518,15518,15518,4,-4
2023-02-21 15:26:13,15518,15518,15518,8,0
2023-02-21 15:26:13,15518,15518,15518,2,0
2023-02-21 15:26:13,15518,15518,15518,2,0
2023-02-21 15:26:13,15518,15518,15518,2,0
2023-02-21 15:26:13,15518,15518,15518,2,0
2023-02-21 15:26:13,15518,15518,15518,2,0
2023-02-21 15:26:13,15518,15518,15518,2,0
2023-02-21 15:26:13,15518,15518,15518,2,0
2023-02-21 15:26:13,15518,15518,15518,2,0
2023-02-21 15:26:13,15517,15517,15517,2,-2
2023-02-21 15:26:13,15517,15517,15517,2,0
2023-02-21 15:26:13,15517,15517,15517,2,0
2023-02-21 15:26:13,15517,15517,15517,2,0
2023-02-21 15:26:13,15517,15517,15517,2,0
2023-02-21 15:26:13,15517,15517,15517,2,0
2023-02-21 15:26:13,15517,15517,15517,2,0
2023-02-21 15:26:20,15519,15519,15519,4,4
2023-02-21 15:26:21,15517,15517,15517,2,-2
2023-02-21 15:26:22,15517,15517,15517,2,0
2023-02-21 15:26:33,15517,15517,15517,2,0
2023-02-21 15:26:34,15517,15517,15517,4,0
2023-02-21 15:26:34,15517,15517,15517,2,0
2023-02-21 15:26:43,15518,15518,15518,8,8
2023-02-21 15:26:50,15518,15518,15518,2,0
2023-02-21 15:27:08,15519,15519,15519,4,4
2023-02-21 15:27:16,15519,15519,15519,2,0
2023-02-21 15:27:22,15519,15519,15519,2,0
2023-02-21 15:27:23,15518,15518,15518,2,-2
2023-02-21 15:27:30,15519,15519,15519,2,2
2023-02-21 15:27:32,15519,15519,15519,2,0
2023-02-21 15:27:33,15519,15519,15519,2,0
2023-02-21 15:27:36,15519,15519,15519,2,0
2023-02-21 15:27:37,15519,15519,15519,2,0
2023-02-21 15:27:39,15519,15519,15519,2,0
2023-02-21 15:27:48,15519,15519,15519,2,0
2023-02-21 15:27:48,15519,15519,15519,2,0
2023-02-21 15:27:48,15519,15519,15519,2,0
2023-02-21 15:27:48,15519,15519,15519,2,0
2023-02-21 15:27:48,15519,15519,15519,2,0
2023-02-21 15:27:48,15519,15519,15519,2,0
2023-02-21 15:27:48,15519,15519,15519,2,0
2023-02-21 15:27:48,15519,15519,15519,6,0
2023-02-21 15:27:49,15518,15518,15518,4,-4
2023-02-21 15:27:50,15518,15518,15518,2,0
2023-02-21 15:28:22,15518,15518,15518,2,0
2023-02-21 15:28:26,15518,15518,15518,2,0
2023-02-21 15:28:31,15518,15518,15518,2,0
2023-02-21 15:28:36,15518,15518,15518,2,0
2023-02-21 15:28:40,15518,15518,15518,2,0
2023-02-21 15:28:40,15518,15518,15518,2,0
2023-02-21 15:28:40,15518,15518,15518,2,0
2023-02-21 15:28:40,15518,15518,15518,2,0
2023-02-21 15:28:56,15518,15518,15518,2,0
2023-02-21 15:29:10,15518,15518,15518,2,0
2023-02-21 15:29:29,15518,15518,15518,2,0
2023-02-21 15:29:29,15518,15518,15518,2,0
2023-02-21 15:29:29,15518,15518,15518,4,0
2023-02-21 15:29:41,15519,15519,15519,2,2
2023-02-21 15:29:45,15520,15520,15520,20,20
2023-02-21 15:29:46,15520,15520,15520,8,0
2023-02-21 15:29:46,15521,15521,15521,12,12
2023-02-21 15:29:49,15521,15521,15521,2,0
2023-02-21 15:29:59,15521,15521,15521,10,0
2023-02-21 15:30:02,15519,15519,15519,2,-2
2023-02-21 15:30:02,15520,15520,15520,2,2
2023-02-21 15:30:02,15520,15520,15520,2,0
2023-02-21 15:30:02,15520,15520,15520,2,0
2023-02-21 15:30:03,15520,15520,15520,2,0
2023-02-21 15:30:04,15520,15520,15520,10,0
2023-02-21 15:30:04,15519,15519,15519,2,-2
2023-02-21 15:30:05,15518,15518,15518,2,-2
2023-02-21 15:30:05,15518,15518,15518,2,0
2023-02-21 15:30:37,15519,15519,15519,2,2
2023-02-21 15:30:57,15519,15519,15519,2,0
2023-02-21 15:31:08,15519,15519,15519,2,0
2023-02-21 15:31:08,15520,15520,15520,2,2
2023-02-21 15:31:11,15519,15519,15519,2,-2
2023-02-21 15:31:45,15520,15520,15520,6,6
2023-02-21 15:31:45,15520,15520,15520,2,0
2023-02-21 15:31:45,15519,15519,15519,2,-2
2023-02-21 15:31:56,15519,15519,15519,2,0
2023-02-21 15:31:56,15521,15521,15521,2,2
2023-02-21 15:31:56,15521,15521,15521,2,0
2023-02-21 15:31:57,15521,15521,15521,8,0
2023-02-21 15:32:20,15521,15521,15521,6,0
2023-02-21 15:32:20,15521,15521,15521,4,0
2023-02-21 15:32:35,15522,15522,15522,2,2
2023-02-21 15:32:35,15522,15522,15522,18,0
2023-02-21 15:32:35,15522,15522,15522,4,0
2023-02-21 15:32:35,15522,15522,15522,6,0
2023-02-21 15:32:35,15522,15522,15522,2,0
2023-02-21 15:32:35,15522,15522,15522,22,0
2023-02-21 15:32:35,15522,15522,15522,2,0
2023-02-21 15:32:35,15522,15522,15522,2,0
2023-02-21 15:32:35,15522,15522,15522,2,0
2023-02-21 15:32:35,15522,15522,15522,2,0
2023-02-21 15:32:42,15522,15522,15522,10,0
2023-02-21 15:32:46,15522,15522,15522,2,0
2023-02-21 15:32:48,15522,15522,15522,2,0
2023-02-21 15:32:51,15522,15522,15522,2,0
2023-02-21 15:32:52,15523,15523,15523,2,2
2023-02-21 15:33:03,15523,15523,15523,2,0
2023-02-21 15:33:12,15523,15523,15523,2,0
2023-02-21 15:33:15,15523,15523,15523,6,0
2023-02-21 15:33:16,15523,15523,15523,2,0
2023-02-21 15:33:16,15523,15523,15523,2,0
2023-02-21 15:33:18,15522,15522,15522,2,-2
2023-02-21 15:33:18,15522,15522,15522,2,0
2023-02-21 15:33:28,15522,15522,15522,2,0
2023-02-21 15:33:28,15523,15523,15523,4,4
2023-02-21 15:33:35,15523,15523,15523,4,0
2023-02-21 15:33:43,15523,15523,15523,2,0
2023-02-21 15:33:55,15524,15524,15524,2,2
2023-02-21 15:33:55,15524,15524,15524,4,0
2023-02-21 15:33:56,15523,15523,15523,2,-2
2023-02-21 15:34:00,15523,15523,15523,2,0
2023-02-21 15:34:08,15523,15523,15523,2,0
2023-02-21 15:34:08,15523,15523,15523,4,0
2023-02-21 15:34:08,15523,15523,15523,2,0
2023-02-21 15:34:11,15523,15523,15523,2,0
2023-02-21 15:34:13,15523,15523,15523,2,0
2023-02-21 15:34:15,15523,15523,15523,2,0
2023-02-21 15:34:21,15523,15523,15523,2,0
2023-02-21 15:34:26,15522,15522,15522,2,-2
2023-02-21 15:34:26,15522,15522,15522,2,0
2023-02-21 15:34:26,15522,15522,15522,2,0
2023-02-21 15:34:26,15522,15522,15522,4,0
2023-02-21 15:34:26,15522,15522,15522,2,0
2023-02-21 15:34:26,15522,15522,15522,4,0
2023-02-21 15:34:26,15522,15522,15522,2,0
2023-02-21 15:34:26,15522,15522,15522,2,0
2023-02-21 15:34:26,15521,15521,15521,2,-2
2023-02-21 15:34:30,15522,15522,15522,2,2
2023-02-21 15:34:34,15522,15522,15522,2,0
2023-02-21 15:34:51,15521,15521,15521,2,-2
2023-02-21 15:34:51,15521,15521,15521,2,0
2023-02-21 15:34:51,15520,15520,15520,2,-2
2023-02-21 15:34:51,15520,15520,15520,2,0
2023-02-21 15:34:51,15520,15520,15520,2,0
2023-02-21 15:35:06,15520,15520,15520,2,0
2023-02-21 15:35:13,15520,15520,15520,2,0
2023-02-21 15:35:13,15520,15520,15520,2,0
2023-02-21 15:35:13,15520,15520,15520,2,0
2023-02-21 15:35:13,15520,15520,15520,2,0
2023-02-21 15:35:13,15520,15520,15520,2,0
2023-02-21 15:35:15,15520,15520,15520,2,0
2023-02-21 15:35:15,15520,15520,15520,2,0
2023-02-21 15:35:23,15519,15519,15519,2,-2
2023-02-21 15:35:23,15519,15519,15519,2,0
2023-02-21 15:35:23,15519,15519,15519,4,0
2023-02-21 15:35:23,15519,15519,15519,2,0
2023-02-21 15:35:23,15519,15519,15519,2,0
2023-02-21 15:35:23,15519,15519,15519,2,0
2023-02-21 15:35:23,15518,15518,15518,2,-2
2023-02-21 15:35:23,15518,15518,15518,2,0
2023-02-21 15:35:44,15520,15520,15520,2,2
2023-02-21 15:36:01,15521,15521,15521,2,2
2023-02-21 15:36:21,15522,15522,15522,10,10
2023-02-21 15:36:50,15521,15521,15521,2,-2
2023-02-21 15:36:50,15521,15521,15521,2,0
2023-02-21 15:36:50,15521,15521,15521,2,0
2023-02-21 15:36:50,15521,15521,15521,2,0
2023-02-21 15:37:02,15521,15521,15521,2,0
2023-02-21 15:37:08,15521,15521,15521,2,0
2023-02-21 15:37:08,15521,15521,15521,2,0
2023-02-21 15:37:08,15520,15520,15520,2,-2
2023-02-21 15:37:08,15520,15520,15520,2,0
2023-02-21 15:37:08,15520,15520,15520,2,0
2023-02-21 15:37:08,15521,15521,15521,2,2
2023-02-21 15:37:09,15520,15520,15520,2,-2
2023-02-21 15:37:09,15520,15520,15520,2,0
2023-02-21 15:37:09,15520,15520,15520,2,0
2023-02-21 15:37:09,15520,15520,15520,2,0
2023-02-21 15:37:09,15520,15520,15520,2,0
2023-02-21 15:37:14,15521,15521,15521,2,2
2023-02-21 15:37:14,15521,15521,15521,2,0
2023-02-21 15:37:14,15521,15521,15521,2,0
2023-02-21 15:37:18,15521,15521,15521,2,0
2023-02-21 15:37:20,15521,15521,15521,2,0
2023-02-21 15:37:22,15521,15521,15521,2,0
2023-02-21 15:37:29,15521,15521,15521,6,0
2023-02-21 15:37:29,15521,15521,15521,6,0
2023-02-21 15:37:34,15522,15522,15522,6,6
2023-02-21 15:37:45,15521,15521,15521,2,-2
2023-02-21 15:37:45,15521,15521,15521,2,0
2023-02-21 15:37:52,15521,15521,15521,2,0
2023-02-21 15:37:54,15521,15521,15521,2,0
2023-02-21 15:38:05,15521,15521,15521,2,0
2023-02-21 15:38:11,15521,15521,15521,2,0
2023-02-21 15:38:14,15520,15520,15520,2,-2
2023-02-21 15:38:26,15520,15520,15520,2,0
2023-02-21 15:38:27,15520,15520,15520,2,0
2023-02-21 15:38:29,15520,15520,15520,2,0
2023-02-21 15:38:42,15520,15520,15520,2,0
2023-02-21 15:38:44,15520,15520,15520,2,0
2023-02-21 15:39:27,15520,15520,15520,2,0
2023-02-21 15:39:59,15520,15520,15520,2,0
2023-02-21 15:40:00,15520,15520,15520,2,0
2023-02-21 15:40:11,15521,15521,15521,2,2
2023-02-21 15:40:11,15521,15521,15521,6,0
2023-02-21 15:40:46,15521,15521,15521,2,0
2023-02-21 15:40:52,15521,15521,15521,4,0
2023-02-21 15:41:03,15521,15521,15521,2,0
2023-02-21 15:41:03,15521,15521,15521,2,0
2023-02-21 15:41:35,15521,15521,15521,2,0
2023-02-21 15:41:35,15521,15521,15521,2,0
2023-02-21 15:41:53,15521,15521,15521,2,0
2023-02-21 15:42:09,15521,15521,15521,2,0
2023-02-21 15:42:19,15522,15522,15522,12,12
2023-02-21 15:42:20,15523,15523,15523,2,2
2023-02-21 15:42:48,15523,15523,15523,4,0
2023-02-21 15:42:48,15522,15522,15522,2,-2
2023-02-21 15:42:48,15522,15522,15522,2,0
2023-02-21 15:42:50,15522,15522,15522,2,0
2023-02-21 15:42:50,15522,15522,15522,2,0
2023-02-21 15:43:07,15522,15522,15522,2,0
2023-02-21 15:43:38,15522,15522,15522,2,0
2023-02-21 15:43:38,15522,15522,15522,2,0
2023-02-21 15:43:38,15522,15522,15522,2,0
2023-02-21 15:43:38,15522,15522,15522,2,0
2023-02-21 15:43:51,15523,15523,15523,2,2
2023-02-21 15:43:54,15523,15523,15523,2,0
2023-02-21 15:43:55,15524,15524,15524,26,26
2023-02-21 15:44:00,15524,15524,15524,4,0
2023-02-21 15:44:03,15524,15524,15524,2,0
2023-02-21 15:44:12,15524,15524,15524,2,0
2023-02-21 15:44:12,15524,15524,15524,4,0
2023-02-21 15:44:12,15524,15524,15524,4,0
2023-02-21 15:44:15,15524,15524,15524,2,0
2023-02-21 15:44:15,15524,15524,15524,2,0
2023-02-21 15:44:15,15524,15524,15524,4,0
2023-02-21 15:44:18,15524,15524,15524,2,0
2023-02-21 15:44:24,15524,15524,15524,2,0
2023-02-21 15:44:25,15524,15524,15524,2,0
2023-02-21 15:44:41,15524,15524,15524,8,0
2023-02-21 15:44:47,15523,15523,15523,2,-2
2023-02-21 15:44:47,15523,15523,15523,2,0
2023-02-21 15:44:47,15523,15523,15523,2,0
2023-02-21 15:44:47,15523,15523,15523,2,0
2023-02-21 15:44:47,15523,15523,15523,12,0
2023-02-21 15:44:53,15523,15523,15523,2,0
2023-02-21 15:45:30,15522,15522,15522,4,-4
2023-02-21 15:45:31,15523,15523,15523,2,2
2023-02-21 15:45:32,15522,15522,15522,2,-2
2023-02-21 15:45:51,15522,15522,15522,2,0
2023-02-21 15:45:51,15522,15522,15522,2,0
2023-02-21 15:45:51,15522,15522,15522,2,0
2023-02-21 15:45:51,15523,15523,15523,2,2
2023-02-21 15:46:03,15522,15522,15522,2,-2
2023-02-21 15:46:03,15522,15522,15522,2,0
2023-02-21 15:46:03,15521,15521,15521,2,-2
2023-02-21 15:46:03,15521,15521,15521,2,0
2023-02-21 15:46:03,15521,15521,15521,2,0
2023-02-21 15:46:03,15521,15521,15521,2,0
2023-02-21 15:46:07,15522,15522,15522,2,2
2023-02-21 15:46:07,15523,15523,15523,2,2
2023-02-21 15:46:41,15523,15523,15523,4,0
2023-02-21 15:46:41,15523,15523,15523,2,0
2023-02-21 15:46:46,15523,15523,15523,2,0
2023-02-21 15:46:49,15523,15523,15523,2,0
2023-02-21 15:46:59,15523,15523,15523,6,0
2023-02-21 15:47:10,15522,15522,15522,2,-2
2023-02-21 15:47:10,15522,15522,15522,4,0
2023-02-21 15:47:10,15522,15522,15522,2,0
2023-02-21 15:47:10,15522,15522,15522,2,0
2023-02-21 15:47:15,15521,15521,15521,2,-2
2023-02-21 15:47:15,15521,15521,15521,2,0
2023-02-21 15:47:22,15520,15520,15520,2,-2
2023-02-21 15:47:25,15520,15520,15520,2,0
2023-02-21 15:47:25,15520,15520,15520,2,0
2023-02-21 15:47:25,15520,15520,15520,2,0
2023-02-21 15:47:30,15520,15520,15520,2,0
2023-02-21 15:48:02,15520,15520,15520,2,0
2023-02-21 15:48:02,15520,15520,15520,2,0
2023-02-21 15:48:02,15520,15520,15520,4,0
2023-02-21 15:48:02,15520,15520,15520,2,0
2023-02-21 15:48:02,15520,15520,15520,2,0
2023-02-21 15:48:02,15520,15520,15520,2,0
2023-02-21 15:48:02,15520,15520,15520,2,0
2023-02-21 15:48:02,15520,15520,15520,2,0
2023-02-21 15:48:02,15520,15520,15520,2,0
2023-02-21 15:48:02,15520,15520,15520,2,0
2023-02-21 15:48:02,15520,15520,15520,2,0
2023-02-21 15:48:02,15520,15520,15520,2,0
2023-02-21 15:48:06,15519,15519,15519,2,-2
2023-02-21 15:48:06,15519,15519,15519,2,0
2023-02-21 15:48:06,15519,15519,15519,6,0
2023-02-21 15:48:06,15519,15519,15519,2,0
2023-02-21 15:48:06,15519,15519,15519,8,0
2023-02-21 15:48:06,15519,15519,15519,2,0
2023-02-21 15:48:06,15519,15519,15519,2,0
2023-02-21 15:48:06,15519,15519,15519,2,0
2023-02-21 15:48:06,15519,15519,15519,2,0
2023-02-21 15:48:11,15519,15519,15519,2,0
2023-02-21 15:48:12,15519,15519,15519,10,0
2023-02-21 15:48:20,15518,15518,15518,2,-2
2023-02-21 15:48:20,15518,15518,15518,2,0
2023-02-21 15:48:20,15518,15518,15518,2,0
2023-02-21 15:48:20,15518,15518,15518,20,0
2023-02-21 15:48:20,15518,15518,15518,2,0
2023-02-21 15:48:20,15518,15518,15518,2,0
2023-02-21 15:48:20,15518,15518,15518,2,0
2023-02-21 15:48:20,15518,15518,15518,2,0
2023-02-21 15:48:20,15518,15518,15518,2,0
2023-02-21 15:48:20,15518,15518,15518,2,0
2023-02-21 15:48:20,15518,15518,15518,2,0
2023-02-21 15:48:20,15518,15518,15518,2,0
2023-02-21 15:48:24,15518,15518,15518,2,0
2023-02-21 15:48:28,15518,15518,15518,2,0
2023-02-21 15:48:29,15517,15517,15517,2,-2
2023-02-21 15:48:29,15517,15517,15517,2,0
2023-02-21 15:48:29,15517,15517,15517,2,0
2023-02-21 15:48:29,15517,15517,15517,2,0
2023-02-21 15:48:29,15517,15517,15517,2,0
2023-02-21 15:48:29,15517,15517,15517,2,0
2023-02-21 15:48:29,15517,15517,15517,2,0
2023-02-21 15:48:29,15517,15517,15517,2,0
2023-02-21 15:48:29,15517,15517,15517,2,0
2023-02-21 15:48:30,15517,15517,15517,2,0
2023-02-21 15:48:30,15517,15517,15517,4,0
2023-02-21 15:48:30,15516,15516,15516,2,-2
2023-02-21 15:48:30,15516,15516,15516,2,0
2023-02-21 15:48:31,15517,15517,15517,2,2
2023-02-21 15:48:35,15517,15517,15517,2,0
2023-02-21 15:48:38,15518,15518,15518,6,6
2023-02-21 15:48:38,15518,15518,15518,4,0
2023-02-21 15:48:39,15518,15518,15518,10,0
2023-02-21 15:48:39,15517,15517,15517,2,-2
2023-02-21 15:48:42,15517,15517,15517,2,0
2023-02-21 15:48:54,15519,15519,15519,8,8
2023-02-21 15:48:55,15519,15519,15519,2,0
2023-02-21 15:48:59,15519,15519,15519,2,0
2023-02-21 15:48:59,15519,15519,15519,2,0
2023-02-21 15:48:59,15519,15519,15519,2,0
2023-02-21 15:48:59,15519,15519,15519,2,0
2023-02-21 15:48:59,15520,15520,15520,4,4
2023-02-21 15:49:23,15520,15520,15520,2,0
2023-02-21 15:49:34,15519,15519,15519,2,-2
2023-02-21 15:49:38,15519,15519,15519,2,0
2023-02-21 15:49:55,15519,15519,15519,2,0
2023-02-21 15:49:55,15518,15518,15518,4,-4
2023-02-21 15:50:17,15520,15520,15520,18,18
2023-02-21 15:50:43,15520,15520,15520,2,0
2023-02-21 15:50:46,15520,15520,15520,2,0
2023-02-21 15:50:48,15520,15520,15520,2,0
2023-02-21 15:51:06,15520,15520,15520,2,0
2023-02-21 15:51:45,15521,15521,15521,2,2
2023-02-21 15:52:48,15522,15522,15522,2,2
2023-02-21 15:52:48,15522,15522,15522,8,0
2023-02-21 15:52:48,15522,15522,15522,2,0
2023-02-21 15:53:08,15523,15523,15523,6,6
2023-02-21 15:53:45,15523,15523,15523,2,0
2023-02-21 15:54:00,15523,15523,15523,2,0
2023-02-21 15:54:05,15523,15523,15523,2,0
2023-02-21 15:54:13,15523,15523,15523,2,0
2023-02-21 15:54:18,15523,15523,15523,2,0
2023-02-21 15:54:18,15523,15523,15523,2,0
2023-02-21 15:54:25,15523,15523,15523,2,0
2023-02-21 15:54:32,15522,15522,15522,2,-2
2023-02-21 15:54:32,15522,15522,15522,2,0
2023-02-21 15:54:32,15522,15522,15522,2,0
2023-02-21 15:54:36,15522,15522,15522,2,0
2023-02-21 15:54:39,15522,15522,15522,2,0
2023-02-21 15:55:01,15521,15521,15521,2,-2
2023-02-21 15:55:01,15521,15521,15521,4,0
2023-02-21 15:55:08,15521,15521,15521,4,0
2023-02-21 15:55:12,15520,15520,15520,2,-2
2023-02-21 15:55:33,15520,15520,15520,2,0
2023-02-21 15:55:34,15520,15520,15520,2,0
2023-02-21 15:55:38,15520,15520,15520,4,0
2023-02-21 15:56:00,15521,15521,15521,2,2
2023-02-21 15:56:15,15521,15521,15521,2,0
2023-02-21 15:56:16,15521,15521,15521,2,0
2023-02-21 15:56:25,15521,15521,15521,2,0
2023-02-21 15:56:41,15521,15521,15521,2,0
2023-02-21 15:56:49,15522,15522,15522,4,4
2023-02-21 15:57:14,15522,15522,15522,2,0
2023-02-21 15:57:15,15521,15521,15521,2,-2
2023-02-21 15:57:15,15521,15521,15521,2,0
2023-02-21 15:57:15,15521,15521,15521,2,0
2023-02-21 15:57:37,15522,15522,15522,2,2
2023-02-21 15:57:38,15522,15522,15522,2,0
2023-02-21 15:57:45,15522,15522,15522,2,0
2023-02-21 15:57:45,15522,15522,15522,2,0
2023-02-21 15:57:46,15521,15521,15521,2,-2
2023-02-21 15:59:59,15521,15521,15521,2,0
2023-02-21 16:00:00,15522,15522,15522,4,4
2023-02-21 16:00:00,15522,15522,15522,4,0
2023-02-21 16:00:01,15523,15523,15523,2,2
2023-02-21 16:00:01,15523,15523,15523,2,0
2023-02-21 16:00:01,15523,15523,15523,2,0
2023-02-21 16:00:01,15521,15521,15521,2,-2
2023-02-21 16:00:01,15521,15521,15521,2,0
2023-02-21 16:00:01,15521,15521,15521,2,0
2023-02-21 16:00:01,15521,15521,15521,2,0
2023-02-21 16:00:01,15521,15521,15521,2,0
2023-02-21 16:00:01,15523,15523,15523,16,16
2023-02-21 16:00:04,15521,15521,15521,2,-2
2023-02-21 16:00:17,15521,15521,15521,2,0
2023-02-21 16:00:17,15521,15521,15521,2,0
2023-02-21 16:00:25,15520,15520,15520,2,-2
2023-02-21 16:00:25,15520,15520,15520,2,0
2023-02-21 16:00:25,15520,15520,15520,2,0
2023-02-21 16:00:25,15520,15520,15520,2,0
2023-02-21 16:00:25,15520,15520,15520,2,0
2023-02-21 16:00:25,15520,15520,15520,2,0
2023-02-21 16:00:25,15520,15520,15520,8,0
2023-02-21 16:00:25,15520,15520,15520,2,0
2023-02-21 16:00:25,15520,15520,15520,2,0
2023-02-21 16:00:25,15520,15520,15520,2,0
2023-02-21 16:00:25,15520,15520,15520,2,0
2023-02-21 16:00:25,15520,15520,15520,2,0
2023-02-21 16:00:25,15520,15520,15520,2,0
2023-02-21 16:00:31,15519,15519,15519,2,-2
2023-02-21 16:00:34,15519,15519,15519,2,0
2023-02-21 16:00:34,15519,15519,15519,2,0
2023-02-21 16:00:34,15519,15519,15519,2,0
2023-02-21 16:00:34,15519,15519,15519,10,0
2023-02-21 16:00:34,15519,15519,15519,2,0
2023-02-21 16:00:34,15519,15519,15519,2,0
2023-02-21 16:00:34,15518,15518,15518,2,-2
2023-02-21 16:00:38,15519,15519,15519,2,2
2023-02-21 16:00:39,15519,15519,15519,2,0
2023-02-21 16:00:43,15520,15520,15520,2,2
2023-02-21 16:00:50,15521,15521,15521,2,2
2023-02-21 16:00:57,15521,15521,15521,2,0
2023-02-21 16:01:00,15520,15520,15520,2,-2
2023-02-21 16:01:00,15520,15520,15520,2,0
2023-02-21 16:01:13,15520,15520,15520,2,0
2023-02-21 16:01:22,15522,15522,15522,2,2
2023-02-21 16:01:22,15522,15522,15522,8,0
2023-02-21 16:01:39,15523,15523,15523,2,2
2023-02-21 16:01:40,15523,15523,15523,8,0
2023-02-21 16:01:50,15522,15522,15522,4,-4
2023-02-21 16:01:50,15522,15522,15522,2,0
2023-02-21 16:02:03,15523,15523,15523,20,20
2023-02-21 16:02:03,15523,15523,15523,2,0
2023-02-21 16:02:06,15524,15524,15524,30,30
2023-02-21 16:02:06,15524,15524,15524,2,0
2023-02-21 16:02:06,15524,15524,15524,6,0
2023-02-21 16:02:07,15525,15525,15525,2,2
2023-02-21 16:02:08,15525,15525,15525,2,0
2023-02-21 16:02:19,15524,15524,15524,4,-4
2023-02-21 16:02:19,15524,15524,15524,2,0
2023-02-21 16:02:19,15524,15524,15524,2,0
2023-02-21 16:02:19,15523,15523,15523,2,-2
2023-02-21 16:02:32,15523,15523,15523,2,0
2023-02-21 16:02:32,15523,15523,15523,2,0
2023-02-21 16:02:32,15522,15522,15522,2,-2
2023-02-21 16:02:32,15522,15522,15522,2,0
2023-02-21 16:02:56,15522,15522,15522,2,0
2023-02-21 16:02:57,15522,15522,15522,2,0
2023-02-21 16:03:01,15522,15522,15522,2,0
2023-02-21 16:03:18,15522,15522,15522,2,0
2023-02-21 16:03:20,15522,15522,15522,2,0
2023-02-21 16:03:20,15522,15522,15522,2,0
2023-02-21 16:03:20,15522,15522,15522,2,0
2023-02-21 16:03:20,15522,15522,15522,2,0
2023-02-21 16:03:20,15522,15522,15522,2,0
2023-02-21 16:03:21,15523,15523,15523,10,10
2023-02-21 16:03:21,15522,15522,15522,2,-2
2023-02-21 16:03:21,15522,15522,15522,2,0
2023-02-21 16:03:21,15522,15522,15522,4,0
2023-02-21 16:03:50,15521,15521,15521,2,-2
2023-02-21 16:03:50,15521,15521,15521,6,0
2023-02-21 16:03:50,15521,15521,15521,2,0
2023-02-21 16:03:50,15521,15521,15521,6,0
2023-02-21 16:03:51,15520,15520,15520,2,-2
2023-02-21 16:04:08,15520,15520,15520,2,0
2023-02-21 16:04:08,15520,15520,15520,4,0
2023-02-21 16:04:08,15520,15520,15520,2,0
2023-02-21 16:04:08,15520,15520,15520,2,0
2023-02-21 16:04:08,15520,15520,15520,2,0
2023-02-21 16:04:09,15520,15520,15520,2,0
2023-02-21 16:04:09,15521,15521,15521,2,2
2023-02-21 16:04:20,15520,15520,15520,2,-2
2023-02-21 16:04:20,15519,15519,15519,2,-2
2023-02-21 16:04:20,15519,15519,15519,2,0
2023-02-21 16:04:20,15519,15519,15519,2,0
2023-02-21 16:04:27,15519,15519,15519,2,0
2023-02-21 16:04:35,15520,15520,15520,2,2
2023-02-21 16:04:35,15520,15520,15520,8,0
2023-02-21 16:04:35,15520,15520,15520,4,0
2023-02-21 16:04:38,15521,15521,15521,2,2
2023-02-21 16:04:38,15521,15521,15521,4,0
2023-02-21 16:04:44,15520,15520,15520,4,-4
2023-02-21 16:05:22,15520,15520,15520,2,0
2023-02-21 16:05:37,15523,15523,15523,8,8
2023-02-21 16:05:40,15524,15524,15524,2,2
2023-02-21 16:05:41,15524,15524,15524,2,0
2023-02-21 16:05:41,15524,15524,15524,4,0
2023-02-21 16:05:51,15525,15525,15525,20,20
2023-02-21 16:05:57,15525,15525,15525,2,0
2023-02-21 16:06:00,15525,15525,15525,12,0
2023-02-21 16:06:03,15525,15525,15525,2,0
2023-02-21 16:06:04,15525,15525,15525,2,0
2023-02-21 16:06:10,15525,15525,15525,10,0
2023-02-21 16:06:11,15526,15526,15526,2,2
2023-02-21 16:06:11,15526,15526,15526,8,0
2023-02-21 16:06:11,15526,15526,15526,4,0
2023-02-21 16:06:11,15526,15526,15526,4,0
2023-02-21 16:06:11,15526,15526,15526,2,0
2023-02-21 16:06:11,15526,15526,15526,2,0
2023-02-21 16:06:11,15526,15526,15526,14,0
2023-02-21 16:06:11,15526,15526,15526,2,0
2023-02-21 16:06:13,15527,15527,15527,2,2
2023-02-21 16:06:13,15527,15527,15527,24,0
2023-02-21 16:06:13,15527,15527,15527,4,0
2023-02-21 16:06:23,15526,15526,15526,2,-2
2023-02-21 16:06:24,15526,15526,15526,2,0
2023-02-21 16:06:37,15527,15527,15527,2,2
2023-02-21 16:06:40,15527,15527,15527,2,0
2023-02-21 16:06:41,15527,15527,15527,2,0
2023-02-21 16:06:45,15527,15527,15527,2,0
2023-02-21 16:06:53,15527,15527,15527,20,0
2023-02-21 16:06:54,15527,15527,15527,4,0
2023-02-21 16:06:55,15527,15527,15527,2,0
2023-02-21 16:07:19,15527,15527,15527,6,0
2023-02-21 16:07:20,15527,15527,15527,6,0
2023-02-21 16:07:21,15527,15527,15527,2,0
2023-02-21 16:07:24,15527,15527,15527,2,0
2023-02-21 16:07:24,15527,15527,15527,2,0
2023-02-21 16:07:28,15527,15527,15527,28,0
2023-02-21 16:07:28,15528,15528,15528,88,88
2023-02-21 16:07:28,15528,15528,15528,2,0
2023-02-21 16:07:28,15528,15528,15528,2,0
2023-02-21 16:07:28,15528,15528,15528,2,0
2023-02-21 16:07:31,15528,15528,15528,4,0
2023-02-21 16:07:31,15528,15528,15528,6,0
2023-02-21 16:07:35,15527,15527,15527,2,-2
2023-02-21 16:07:35,15527,15527,15527,2,0
2023-02-21 16:07:36,15528,15528,15528,18,18
2023-02-21 16:07:49,15527,15527,15527,2,-2
2023-02-21 16:07:51,15528,15528,15528,2,2
2023-02-21 16:07:53,15527,15527,15527,2,-2
2023-02-21 16:07:53,15527,15527,15527,2,0
2023-02-21 16:08:00,15527,15527,15527,4,0
2023-02-21 16:08:05,15527,15527,15527,10,0
2023-02-21 16:08:23,15526,15526,15526,2,-2
2023-02-21 16:08:45,15527,15527,15527,4,4
2023-02-21 16:08:55,15526,15526,15526,2,-2
2023-02-21 16:09:00,15527,15527,15527,4,4
2023-02-21 16:09:00,15527,15527,15527,6,0
2023-02-21 16:09:03,15527,15527,15527,2,0
2023-02-21 16:09:04,15527,15527,15527,2,0
2023-02-21 16:09:08,15527,15527,15527,2,0
2023-02-21 16:09:08,15527,15527,15527,2,0
2023-02-21 16:09:08,15527,15527,15527,2,0
2023-02-21 16:09:08,15527,15527,15527,2,0
2023-02-21 16:09:08,15527,15527,15527,2,0
2023-02-21 16:09:08,15527,15527,15527,2,0
2023-02-21 16:09:12,15527,15527,15527,2,0
2023-02-21 16:09:26,15527,15527,15527,4,0
2023-02-21 16:09:35,15527,15527,15527,2,0
2023-02-21 16:09:40,15527,15527,15527,2,0
2023-02-21 16:09:43,15526,15526,15526,4,-4
2023-02-21 16:09:43,15526,15526,15526,6,0
2023-02-21 16:09:43,15526,15526,15526,2,0
2023-02-21 16:10:03,15527,15527,15527,2,2
2023-02-21 16:10:11,15527,15527,15527,2,0
2023-02-21 16:10:20,15527,15527,15527,2,0
2023-02-21 16:10:28,15527,15527,15527,2,0
2023-02-21 16:10:30,15528,15528,15528,18,18
2023-02-21 16:10:59,15527,15527,15527,6,-6
2023-02-21 16:11:00,15527,15527,15527,2,0
2023-02-21 16:11:01,15526,15526,15526,2,-2
2023-02-21 16:11:01,15526,15526,15526,2,0
2023-02-21 16:11:01,15526,15526,15526,4,0
2023-02-21 16:11:01,15526,15526,15526,2,0
2023-02-21 16:11:08,15526,15526,15526,2,0
2023-02-21 16:11:10,15525,15525,15525,4,-4
2023-02-21 16:11:10,15525,15525,15525,2,0
2023-02-21 16:11:10,15525,15525,15525,2,0
2023-02-21 16:11:20,15526,15526,15526,2,2
2023-02-21 16:11:42,15525,15525,15525,2,-2
2023-02-21 16:11:47,15525,15525,15525,2,0
2023-02-21 16:11:48,15524,15524,15524,2,-2
2023-02-21 16:11:55,15526,15526,15526,4,4
2023-02-21 16:11:56,15527,15527,15527,2,2
2023-02-21 16:12:07,15526,15526,15526,2,-2
2023-02-21 16:12:07,15526,15526,15526,2,0
2023-02-21 16:12:07,15527,15527,15527,2,2
2023-02-21 16:12:12,15526,15526,15526,2,-2
2023-02-21 16:13:02,15526,15526,15526,2,0
2023-02-21 16:13:02,15526,15526,15526,2,0
2023-02-21 16:13:05,15526,15526,15526,2,0
2023-02-21 16:13:08,15526,15526,15526,2,0
2023-02-21 16:13:39,15525,15525,15525,4,-4
2023-02-21 16:13:39,15525,15525,15525,2,0
2023-02-21 16:13:40,15525,15525,15525,2,0
2023-02-21 16:13:50,15526,15526,15526,2,2
2023-02-21 16:14:00,15526,15526,15526,4,0
2023-02-21 16:14:05,15526,15526,15526,6,0
2023-02-21 16:14:27,15526,15526,15526,6,0
2023-02-21 16:14:27,15526,15526,15526,2,0
2023-02-21 16:14:31,15526,15526,15526,2,0
2023-02-21 16:14:33,15526,15526,15526,2,0
2023-02-21 16:14:33,15526,15526,15526,2,0
2023-02-21 16:14:33,15526,15526,15526,2,0
2023-02-21 16:14:40,15527,15527,15527,2,2
2023-02-21 16:14:45,15527,15527,15527,6,0
2023-02-21 16:14:47,15527,15527,15527,6,0
2023-02-21 16:14:48,15527,15527,15527,2,0
2023-02-21 16:14:53,15527,15527,15527,2,0
2023-02-21 16:14:58,15528,15528,15528,8,8
2023-02-21 16:15:00,15527,15527,15527,2,-2
2023-02-21 16:15:00,15528,15528,15528,2,2
2023-02-21 16:15:01,15526,15526,15526,2,-2
2023-02-21 16:15:10,15528,15528,15528,6,6
2023-02-21 16:15:10,15528,15528,15528,4,0
2023-02-21 16:15:10,15528,15528,15528,2,0
2023-02-21 16:15:11,15528,15528,15528,2,0
2023-02-21 16:15:19,15528,15528,15528,2,0
2023-02-21 16:15:20,15529,15529,15529,2,2
2023-02-21 16:15:21,15528,15528,15528,2,-2
2023-02-21 16:15:22,15528,15528,15528,2,0
2023-02-21 16:15:26,15528,15528,15528,8,0
2023-02-21 16:15:31,15527,15527,15527,2,-2
2023-02-21 16:15:40,15525,15525,15525,2,-2
2023-02-21 16:15:51,15525,15525,15525,2,0
2023-02-21 16:15:51,15525,15525,15525,2,0
2023-02-21 16:15:51,15525,15525,15525,2,0
2023-02-21 16:15:51,15525,15525,15525,2,0
2023-02-21 16:15:51,15525,15525,15525,2,0
2023-02-21 16:15:52,15524,15524,15524,2,-2
2023-02-21 16:15:57,15524,15524,15524,2,0
2023-02-21 16:15:59,15524,15524,15524,2,0
2023-02-21 16:15:59,15524,15524,15524,2,0
2023-02-21 16:15:59,15523,15523,15523,4,-4
2023-02-21 16:16:02,15524,15524,15524,2,2
2023-02-21 16:16:06,15523,15523,15523,4,-4
2023-02-21 16:16:10,15522,15522,15522,2,-2
2023-02-21 16:16:10,15522,15522,15522,2,0
2023-02-21 16:16:10,15522,15522,15522,8,0
2023-02-21 16:16:10,15522,15522,15522,2,0
2023-02-21 16:16:10,15522,15522,15522,10,0
2023-02-21 16:16:10,15522,15522,15522,2,0
2023-02-21 16:16:15,15521,15521,15521,2,-2
2023-02-21 16:16:17,15521,15521,15521,4,0
2023-02-21 16:16:22,15520,15520,15520,4,-4
2023-02-21 16:16:23,15520,15520,15520,4,0
2023-02-21 16:16:23,15520,15520,15520,2,0
2023-02-21 16:16:23,15520,15520,15520,2,0
2023-02-21 16:16:23,15520,15520,15520,2,0
2023-02-21 16:16:23,15520,15520,15520,2,0
2023-02-21 16:16:23,15520,15520,15520,2,0
2023-02-21 16:16:23,15520,15520,15520,2,0
2023-02-21 16:16:23,15520,15520,15520,2,0
2023-02-21 16:16:23,15520,15520,15520,2,0
2023-02-21 16:16:23,15520,15520,15520,2,0
2023-02-21 16:16:23,15520,15520,15520,2,0
2023-02-21 16:16:23,15520,15520,15520,2,0
2023-02-21 16:16:26,15519,15519,15519,2,-2
2023-02-21 16:16:26,15519,15519,15519,2,0
2023-02-21 16:16:26,15519,15519,15519,2,0
2023-02-21 16:16:26,15519,15519,15519,2,0
2023-02-21 16:16:26,15519,15519,15519,2,0
2023-02-21 16:16:26,15519,15519,15519,4,0
2023-02-21 16:16:26,15519,15519,15519,2,0
2023-02-21 16:16:26,15519,15519,15519,2,0
2023-02-21 16:16:26,15520,15520,15520,4,4
2023-02-21 16:16:26,15520,15520,15520,2,0
2023-02-21 16:16:30,15521,15521,15521,2,2
2023-02-21 16:16:35,15521,15521,15521,2,0
2023-02-21 16:16:50,15520,15520,15520,2,-2
2023-02-21 16:16:50,15520,15520,15520,2,0
2023-02-21 16:16:50,15520,15520,15520,4,0
2023-02-21 16:16:50,15520,15520,15520,2,0
2023-02-21 16:16:50,15520,15520,15520,2,0
2023-02-21 16:16:50,15520,15520,15520,2,0
2023-02-21 16:16:50,15520,15520,15520,2,0
2023-02-21 16:16:50,15520,15520,15520,2,0
2023-02-21 16:16:55,15520,15520,15520,2,0
2023-02-21 16:17:00,15519,15519,15519,2,-2
2023-02-21 16:17:00,15519,15519,15519,2,0
2023-02-21 16:17:00,15519,15519,15519,2,0
2023-02-21 16:17:00,15519,15519,15519,2,0
2023-02-21 16:17:01,15519,15519,15519,4,0
2023-02-21 16:17:04,15518,15518,15518,2,-2
2023-02-21 16:17:04,15518,15518,15518,2,0
2023-02-21 16:17:04,15518,15518,15518,2,0
2023-02-21 16:17:04,15518,15518,15518,2,0
2023-02-21 16:17:04,15518,15518,15518,2,0
2023-02-21 16:17:04,15518,15518,15518,2,0
2023-02-21 16:17:04,15518,15518,15518,8,0
2023-02-21 16:17:04,15518,15518,15518,2,0
2023-02-21 16:17:04,15518,15518,15518,2,0
2023-02-21 16:17:04,15518,15518,15518,2,0
2023-02-21 16:17:04,15518,15518,15518,2,0
2023-02-21 16:17:10,15517,15517,15517,2,-2
2023-02-21 16:17:10,15517,15517,15517,2,0
2023-02-21 16:17:11,15517,15517,15517,2,0
2023-02-21 16:17:14,15517,15517,15517,2,0
2023-02-21 16:17:14,15517,15517,15517,2,0
2023-02-21 16:17:14,15517,15517,15517,2,0
2023-02-21 16:17:14,15517,15517,15517,2,0
2023-02-21 16:17:14,15517,15517,15517,2,0
2023-02-21 16:17:14,15517,15517,15517,4,0
2023-02-21 16:17:14,15516,15516,15516,4,-4
2023-02-21 16:17:14,15516,15516,15516,2,0
2023-02-21 16:17:14,15516,15516,15516,2,0
2023-02-21 16:17:14,15516,15516,15516,2,0
2023-02-21 16:17:14,15516,15516,15516,2,0
2023-02-21 16:17:14,15516,15516,15516,2,0
2023-02-21 16:17:14,15516,15516,15516,2,0
2023-02-21 16:17:14,15516,15516,15516,2,0
2023-02-21 16:17:14,15516,15516,15516,2,0
2023-02-21 16:17:14,15516,15516,15516,6,0
2023-02-21 16:17:14,15516,15516,15516,2,0
2023-02-21 16:17:14,15516,15516,15516,2,0
2023-02-21 16:17:14,15516,15516,15516,2,0
2023-02-21 16:17:14,15516,15516,15516,16,0
2023-02-21 16:17:14,15516,15516,15516,20,0
2023-02-21 16:17:14,15516,15516,15516,10,0
2023-02-21 16:17:14,15516,15516,15516,2,0
2023-02-21 16:17:14,15516,15516,15516,4,0
2023-02-21 16:17:14,15516,15516,15516,2,0
2023-02-21 16:17:14,15516,15516,15516,2,0
2023-02-21 16:17:14,15515,15515,15515,2,-2
2023-02-21 16:17:14,15515,15515,15515,2,0
2023-02-21 16:17:14,15515,15515,15515,8,0
2023-02-21 16:17:14,15515,15515,15515,4,0
2023-02-21 16:17:14,15515,15515,15515,12,0
2023-02-21 16:17:14,15515,15515,15515,2,0
2023-02-21 16:17:14,15515,15515,15515,2,0
2023-02-21 16:17:14,15515,15515,15515,2,0
2023-02-21 16:17:14,15515,15515,15515,2,0
2023-02-21 16:17:14,15515,15515,15515,4,0
2023-02-21 16:17:14,15515,15515,15515,4,0
2023-02-21 16:17:14,15515,15515,15515,2,0
2023-02-21 16:17:14,15515,15515,15515,2,0
2023-02-21 16:17:14,15515,15515,15515,2,0
2023-02-21 16:17:14,15515,15515,15515,6,0
2023-02-21 16:17:14,15515,15515,15515,2,0
2023-02-21 16:17:14,15515,15515,15515,2,0
2023-02-21 16:17:14,15515,15515,15515,2,0
2023-02-21 16:17:14,15515,15515,15515,2,0
2023-02-21 16:17:14,15515,15515,15515,2,0
2023-02-21 16:17:14,15515,15515,15515,2,0
2023-02-21 16:17:14,15515,15515,15515,2,0
2023-02-21 16:17:14,15515,15515,15515,2,0
2023-02-21 16:17:14,15515,15515,15515,2,0
2023-02-21 16:17:14,15515,15515,15515,2,0
2023-02-21 16:17:14,15515,15515,15515,2,0
2023-02-21 16:17:14,15514,15514,15514,2,-2
2023-02-21 16:17:14,15514,15514,15514,2,0
2023-02-21 16:17:14,15515,15515,15515,2,2
2023-02-21 16:17:14,15515,15515,15515,2,0
2023-02-21 16:17:14,15515,15515,15515,2,0
2023-02-21 16:17:14,15515,15515,15515,2,0
2023-02-21 16:17:14,15515,15515,15515,2,0
2023-02-21 16:17:15,15515,15515,15515,2,0
2023-02-21 16:17:15,15515,15515,15515,4,0
2023-02-21 16:17:15,15515,15515,15515,2,0
2023-02-21 16:17:15,15515,15515,15515,2,0
2023-02-21 16:17:15,15515,15515,15515,2,0
2023-02-21 16:17:15,15515,15515,15515,2,0
2023-02-21 16:17:15,15515,15515,15515,2,0
2023-02-21 16:17:15,15515,15515,15515,2,0
2023-02-21 16:17:15,15515,15515,15515,2,0
2023-02-21 16:17:15,15515,15515,15515,2,0
2023-02-21 16:17:15,15515,15515,15515,2,0
2023-02-21 16:17:15,15514,15514,15514,8,-8
2023-02-21 16:17:15,15514,15514,15514,8,0
2023-02-21 16:17:17,15514,15514,15514,2,0
2023-02-21 16:17:17,15514,15514,15514,2,0
2023-02-21 16:17:19,15515,15515,15515,2,2
2023-02-21 16:17:19,15516,15516,15516,2,2
2023-02-21 16:17:19,15515,15515,15515,2,-2
2023-02-21 16:17:20,15515,15515,15515,2,0
2023-02-21 16:17:20,15515,15515,15515,2,0
2023-02-21 16:17:20,15515,15515,15515,4,0
2023-02-21 16:17:21,15515,15515,15515,2,0
2023-02-21 16:17:25,15516,15516,15516,2,2
2023-02-21 16:17:25,15516,15516,15516,2,0
2023-02-21 16:17:26,15515,15515,15515,2,-2
2023-02-21 16:17:30,15516,15516,15516,2,2
2023-02-21 16:17:32,15516,15516,15516,2,0
2023-02-21 16:17:33,15516,15516,15516,2,0
2023-02-21 16:17:33,15516,15516,15516,2,0
2023-02-21 16:17:33,15516,15516,15516,2,0
2023-02-21 16:17:33,15516,15516,15516,2,0
2023-02-21 16:17:33,15516,15516,15516,2,0
2023-02-21 16:17:33,15515,15515,15515,2,-2
2023-02-21 16:17:38,15516,15516,15516,2,2
2023-02-21 16:17:42,15518,15518,15518,20,20
2023-02-21 16:17:44,15518,15518,15518,2,0
2023-02-21 16:17:45,15517,15517,15517,4,-4
2023-02-21 16:17:45,15517,15517,15517,2,0
2023-02-21 16:17:52,15517,15517,15517,14,0
2023-02-21 16:17:55,15516,15516,15516,2,-2
2023-02-21 16:17:55,15516,15516,15516,2,0
2023-02-21 16:17:55,15516,15516,15516,20,0
2023-02-21 16:17:55,15516,15516,15516,2,0
2023-02-21 16:17:55,15516,15516,15516,2,0
2023-02-21 16:18:09,15516,15516,15516,10,0
2023-02-21 16:18:12,15516,15516,15516,4,0
2023-02-21 16:18:12,15516,15516,15516,2,0
2023-02-21 16:18:13,15516,15516,15516,2,0
2023-02-21 16:18:14,15516,15516,15516,2,0
2023-02-21 16:18:16,15516,15516,15516,2,0
2023-02-21 16:18:19,15516,15516,15516,2,0
2023-02-21 16:18:19,15516,15516,15516,2,0
2023-02-21 16:18:24,15516,15516,15516,2,0
2023-02-21 16:18:24,15517,15517,15517,2,2
2023-02-21 16:18:26,15516,15516,15516,2,-2
2023-02-21 16:18:26,15516,15516,15516,2,0
2023-02-21 16:18:26,15515,15515,15515,2,-2
2023-02-21 16:18:26,15517,15517,15517,2,2
2023-02-21 16:18:27,15516,15516,15516,2,-2
2023-02-21 16:18:28,15515,15515,15515,2,-2
2023-02-21 16:18:33,15516,15516,15516,2,2
2023-02-21 16:18:36,15516,15516,15516,2,0
2023-02-21 16:18:38,15517,15517,15517,2,2
2023-02-21 16:18:38,15517,15517,15517,4,0
2023-02-21 16:18:46,15518,15518,15518,6,6
2023-02-21 16:18:46,15518,15518,15518,2,0
2023-02-21 16:18:50,15518,15518,15518,2,0
2023-02-21 16:18:52,15518,15518,15518,2,0
2023-02-21 16:19:06,15518,15518,15518,2,0
2023-02-21 16:19:19,15518,15518,15518,8,0
2023-02-21 16:19:28,15518,15518,15518,4,0
2023-02-21 16:19:28,15518,15518,15518,2,0
2023-02-21 16:19:28,15518,15518,15518,2,0
2023-02-21 16:19:28,15518,15518,15518,2,0
2023-02-21 16:19:28,15518,15518,15518,2,0
2023-02-21 16:19:28,15518,15518,15518,4,0
2023-02-21 16:19:28,15518,15518,15518,4,0
2023-02-21 16:19:50,15518,15518,15518,2,0
2023-02-21 16:19:50,15518,15518,15518,2,0
2023-02-21 16:20:02,15518,15518,15518,4,0
2023-02-21 16:20:02,15518,15518,15518,2,0
2023-02-21 16:20:02,15518,15518,15518,2,0
2023-02-21 16:20:02,15518,15518,15518,2,0
2023-02-21 16:20:02,15517,15517,15517,2,-2
2023-02-21 16:20:02,15517,15517,15517,2,0
2023-02-21 16:20:02,15517,15517,15517,2,0
2023-02-21 16:20:02,15517,15517,15517,2,0
2023-02-21 16:20:02,15517,15517,15517,2,0
2023-02-21 16:20:02,15517,15517,15517,2,0
2023-02-21 16:20:02,15517,15517,15517,2,0
2023-02-21 16:20:02,15517,15517,15517,2,0
2023-02-21 16:20:02,15517,15517,15517,2,0
2023-02-21 16:20:02,15517,15517,15517,2,0
2023-02-21 16:20:02,15517,15517,15517,2,0
2023-02-21 16:20:03,15516,15516,15516,2,-2
2023-02-21 16:20:03,15516,15516,15516,2,0
2023-02-21 16:20:14,15517,15517,15517,2,2
2023-02-21 16:20:14,15516,15516,15516,2,-2
2023-02-21 16:20:20,15516,15516,15516,2,0
2023-02-21 16:20:20,15516,15516,15516,2,0
2023-02-21 16:20:30,15517,15517,15517,4,4
2023-02-21 16:20:30,15516,15516,15516,2,-2
2023-02-21 16:20:30,15516,15516,15516,2,0
2023-02-21 16:20:42,15517,15517,15517,2,2
2023-02-21 16:20:42,15516,15516,15516,2,-2
2023-02-21 16:20:42,15516,15516,15516,2,0
2023-02-21 16:20:43,15516,15516,15516,2,0
2023-02-21 16:20:43,15516,15516,15516,2,0
2023-02-21 16:20:43,15516,15516,15516,2,0
2023-02-21 16:20:43,15515,15515,15515,2,-2
2023-02-21 16:20:44,15515,15515,15515,2,0
2023-02-21 16:20:44,15515,15515,15515,2,0
2023-02-21 16:20:46,15516,15516,15516,2,2
2023-02-21 16:20:57,15517,15517,15517,2,2
2023-02-21 16:21:01,15517,15517,15517,2,0
2023-02-21 16:21:01,15517,15517,15517,2,0
2023-02-21 16:21:01,15516,15516,15516,2,-2
2023-02-21 16:21:02,15517,15517,15517,2,2
2023-02-21 16:21:23,15517,15517,15517,2,0
2023-02-21 16:21:23,15517,15517,15517,2,0
2023-02-21 16:21:23,15517,15517,15517,2,0
2023-02-21 16:21:23,15516,15516,15516,2,-2
2023-02-21 16:21:31,15517,15517,15517,2,2
2023-02-21 16:21:31,15517,15517,15517,2,0
2023-02-21 16:22:00,15516,15516,15516,2,-2
2023-02-21 16:22:00,15516,15516,15516,2,0
2023-02-21 16:22:00,15516,15516,15516,2,0
2023-02-21 16:22:00,15516,15516,15516,2,0
2023-02-21 16:22:00,15516,15516,15516,2,0
2023-02-21 16:22:00,15516,15516,15516,2,0
2023-02-21 16:22:00,15516,15516,15516,2,0
2023-02-21 16:22:00,15516,15516,15516,2,0
2023-02-21 16:22:00,15516,15516,15516,2,0
2023-02-21 16:22:00,15516,15516,15516,2,0
2023-02-21 16:22:02,15515,15515,15515,2,-2
2023-02-21 16:22:02,15515,15515,15515,10,0
2023-02-21 16:22:02,15515,15515,15515,2,0
2023-02-21 16:22:02,15515,15515,15515,2,0
2023-02-21 16:22:02,15515,15515,15515,6,0
2023-02-21 16:22:02,15515,15515,15515,2,0
2023-02-21 16:22:02,15515,15515,15515,4,0
2023-02-21 16:22:02,15515,15515,15515,2,0
2023-02-21 16:22:02,15515,15515,15515,6,0
2023-02-21 16:22:02,15515,15515,15515,2,0
2023-02-21 16:22:02,15515,15515,15515,10,0
2023-02-21 16:22:02,15515,15515,15515,2,0
2023-02-21 16:22:02,15515,15515,15515,2,0
2023-02-21 16:22:02,15515,15515,15515,2,0
2023-02-21 16:22:02,15515,15515,15515,2,0
2023-02-21 16:22:02,15515,15515,15515,2,0
2023-02-21 16:22:02,15515,15515,15515,2,0
2023-02-21 16:22:02,15515,15515,15515,2,0
2023-02-21 16:22:02,15515,15515,15515,2,0
2023-02-21 16:22:02,15515,15515,15515,2,0
2023-02-21 16:22:02,15515,15515,15515,4,0
2023-02-21 16:22:02,15515,15515,15515,2,0
2023-02-21 16:22:02,15515,15515,15515,2,0
2023-02-21 16:22:02,15515,15515,15515,2,0
2023-02-21 16:22:03,15514,15514,15514,18,-18
2023-02-21 16:22:03,15514,15514,15514,2,0
2023-02-21 16:22:03,15514,15514,15514,10,0
2023-02-21 16:22:03,15514,15514,15514,2,0
2023-02-21 16:22:03,15514,15514,15514,2,0
2023-02-21 16:22:03,15514,15514,15514,2,0
2023-02-21 16:22:03,15514,15514,15514,8,0
2023-02-21 16:22:03,15514,15514,15514,4,0
2023-02-21 16:22:03,15514,15514,15514,2,0
2023-02-21 16:22:03,15514,15514,15514,2,0
2023-02-21 16:22:07,15514,15514,15514,6,0
2023-02-21 16:22:13,15513,15513,15513,2,-2
2023-02-21 16:22:13,15513,15513,15513,2,0
2023-02-21 16:22:13,15513,15513,15513,2,0
2023-02-21 16:22:13,15513,15513,15513,2,0
2023-02-21 16:22:13,15513,15513,15513,2,0
2023-02-21 16:22:13,15513,15513,15513,2,0
2023-02-21 16:22:13,15513,15513,15513,2,0
2023-02-21 16:22:13,15513,15513,15513,6,0
2023-02-21 16:22:13,15513,15513,15513,2,0
2023-02-21 16:22:13,15513,15513,15513,2,0
2023-02-21 16:22:13,15513,15513,15513,2,0
2023-02-21 16:22:13,15513,15513,15513,2,0
2023-02-21 16:22:13,15513,15513,15513,2,0
2023-02-21 16:22:13,15513,15513,15513,2,0
2023-02-21 16:22:13,15513,15513,15513,2,0
2023-02-21 16:22:13,15513,15513,15513,2,0
2023-02-21 16:22:14,15513,15513,15513,2,0
2023-02-21 16:22:16,15512,15512,15512,2,-2
2023-02-21 16:22:16,15512,15512,15512,2,0
2023-02-21 16:22:16,15512,15512,15512,4,0
2023-02-21 16:22:16,15512,15512,15512,4,0
2023-02-21 16:22:16,15512,15512,15512,2,0
2023-02-21 16:22:19,15513,15513,15513,4,4
2023-02-21 16:22:19,15514,15514,15514,2,2
2023-02-21 16:22:20,15513,15513,15513,2,-2
2023-02-21 16:22:21,15513,15513,15513,2,0
2023-02-21 16:22:21,15513,15513,15513,2,0
2023-02-21 16:22:25,15514,15514,15514,6,6
2023-02-21 16:22:25,15514,15514,15514,2,0
2023-02-21 16:22:30,15514,15514,15514,2,0
2023-02-21 16:22:30,15514,15514,15514,2,0
2023-02-21 16:22:30,15515,15515,15515,2,2
2023-02-21 16:22:43,15515,15515,15515,4,0
2023-02-21 16:22:43,15515,15515,15515,2,0
2023-02-21 16:22:43,15515,15515,15515,4,0
2023-02-21 16:22:44,15515,15515,15515,2,0
2023-02-21 16:22:44,15515,15515,15515,2,0
2023-02-21 16:22:46,15516,15516,15516,6,6
2023-02-21 16:22:46,15515,15515,15515,2,-2
2023-02-21 16:22:46,15515,15515,15515,2,0
2023-02-21 16:22:46,15515,15515,15515,2,0
2023-02-21 16:22:46,15515,15515,15515,2,0
2023-02-21 16:22:59,15515,15515,15515,2,0
2023-02-21 16:22:59,15515,15515,15515,2,0
2023-02-21 16:22:59,15515,15515,15515,4,0
2023-02-21 16:23:35,15516,15516,15516,2,2
2023-02-21 16:23:35,15515,15515,15515,2,-2
2023-02-21 16:23:35,15515,15515,15515,2,0
2023-02-21 16:23:38,15515,15515,15515,2,0
2023-02-21 16:23:38,15515,15515,15515,2,0
2023-02-21 16:23:38,15515,15515,15515,2,0
2023-02-21 16:23:38,15515,15515,15515,2,0
2023-02-21 16:23:49,15515,15515,15515,2,0
2023-02-21 16:23:58,15516,15516,15516,2,2
2023-02-21 16:24:01,15516,15516,15516,2,0
2023-02-21 16:24:04,15516,15516,15516,2,0
2023-02-21 16:24:07,15516,15516,15516,2,0
2023-02-21 16:24:10,15516,15516,15516,2,0
2023-02-21 16:24:12,15516,15516,15516,2,0
2023-02-21 16:24:13,15515,15515,15515,2,-2
2023-02-21 16:24:28,15516,15516,15516,2,2
2023-02-21 16:24:28,15516,15516,15516,6,0
2023-02-21 16:24:28,15516,15516,15516,2,0
2023-02-21 16:24:28,15516,15516,15516,2,0
2023-02-21 16:24:28,15516,15516,15516,2,0
2023-02-21 16:24:38,15517,15517,15517,4,4
2023-02-21 16:24:49,15517,15517,15517,2,0
2023-02-21 16:25:00,15517,15517,15517,2,0
2023-02-21 16:25:00,15517,15517,15517,2,0
2023-02-21 16:25:12,15517,15517,15517,2,0
2023-02-21 16:25:13,15516,15516,15516,2,-2
2023-02-21 16:25:13,15516,15516,15516,2,0
2023-02-21 16:25:14,15516,15516,15516,2,0
2023-02-21 16:25:23,15517,15517,15517,4,4
2023-02-21 16:25:25,15517,15517,15517,2,0
2023-02-21 16:25:40,15517,15517,15517,10,0
2023-02-21 16:25:40,15518,15518,15518,6,6
2023-02-21 16:25:40,15518,15518,15518,2,0
2023-02-21 16:25:41,15519,15519,15519,2,2
2023-02-21 16:25:44,15519,15519,15519,2,0
2023-02-21 16:25:45,15519,15519,15519,2,0
2023-02-21 16:25:49,15519,15519,15519,2,0
2023-02-21 16:25:49,15519,15519,15519,6,0
2023-02-21 16:25:57,15519,15519,15519,2,0
2023-02-21 16:25:57,15519,15519,15519,2,0
2023-02-21 16:25:57,15519,15519,15519,2,0
2023-02-21 16:25:57,15519,15519,15519,2,0
2023-02-21 16:25:59,15519,15519,15519,2,0
2023-02-21 16:26:02,15520,15520,15520,2,2
2023-02-21 16:26:02,15520,15520,15520,6,0
2023-02-21 16:26:02,15520,15520,15520,2,0
2023-02-21 16:26:02,15520,15520,15520,4,0
2023-02-21 16:26:02,15520,15520,15520,6,0
2023-02-21 16:26:07,15520,15520,15520,2,0
2023-02-21 16:26:19,15521,15521,15521,12,12
2023-02-21 16:26:19,15522,15522,15522,4,4
2023-02-21 16:26:22,15521,15521,15521,2,-2
2023-02-21 16:26:25,15521,15521,15521,2,0
2023-02-21 16:26:27,15521,15521,15521,2,0
2023-02-21 16:26:33,15521,15521,15521,2,0
2023-02-21 16:26:36,15521,15521,15521,6,0
2023-02-21 16:26:38,15522,15522,15522,8,8
2023-02-21 16:26:45,15522,15522,15522,8,0
2023-02-21 16:26:45,15522,15522,15522,2,0
2023-02-21 16:26:45,15521,15521,15521,2,-2
2023-02-21 16:26:45,15521,15521,15521,4,0
2023-02-21 16:27:10,15521,15521,15521,2,0
2023-02-21 16:27:32,15521,15521,15521,2,0
2023-02-21 16:27:47,15520,15520,15520,2,-2
2023-02-21 16:27:47,15520,15520,15520,8,0
2023-02-21 16:27:47,15520,15520,15520,4,0
2023-02-21 16:27:47,15520,15520,15520,4,0
2023-02-21 16:27:47,15520,15520,15520,2,0
2023-02-21 16:27:47,15520,15520,15520,2,0
2023-02-21 16:28:06,15519,15519,15519,2,-2
2023-02-21 16:28:14,15518,15518,15518,2,-2
2023-02-21 16:28:17,15518,15518,15518,2,0
2023-02-21 16:28:29,15518,15518,15518,2,0
2023-02-21 16:28:29,15518,15518,15518,2,0
2023-02-21 16:28:37,15519,15519,15519,2,2
2023-02-21 16:28:41,15518,15518,15518,2,-2
2023-02-21 16:28:41,15518,15518,15518,2,0
2023-02-21 16:28:41,15518,15518,15518,2,0
2023-02-21 16:28:57,15518,15518,15518,2,0
2023-02-21 16:28:57,15517,15517,15517,2,-2
2023-02-21 16:28:57,15517,15517,15517,2,0
2023-02-21 16:28:59,15518,15518,15518,2,2
2023-02-21 16:29:09,15518,15518,15518,2,0
2023-02-21 16:29:19,15517,15517,15517,2,-2
2023-02-21 16:29:19,15517,15517,15517,2,0
2023-02-21 16:29:19,15517,15517,15517,2,0
2023-02-21 16:29:19,15517,15517,15517,4,0
2023-02-21 16:29:19,15518,15518,15518,2,2
2023-02-21 16:29:22,15517,15517,15517,2,-2
2023-02-21 16:29:22,15516,15516,15516,2,-2
2023-02-21 16:29:22,15516,15516,15516,2,0
2023-02-21 16:29:22,15516,15516,15516,2,0
2023-02-21 16:29:22,15516,15516,15516,2,0
2023-02-21 16:29:24,15516,15516,15516,2,0
2023-02-21 16:29:24,15516,15516,15516,2,0
2023-02-21 16:29:24,15516,15516,15516,2,0
2023-02-21 16:29:24,15516,15516,15516,2,0
2023-02-21 16:29:24,15516,15516,15516,2,0
2023-02-21 16:29:24,15516,15516,15516,2,0
2023-02-21 16:29:25,15516,15516,15516,2,0
2023-02-21 16:29:25,15516,15516,15516,4,0
2023-02-21 16:29:25,15516,15516,15516,2,0
2023-02-21 16:29:25,15516,15516,15516,2,0
2023-02-21 16:29:26,15517,15517,15517,2,2
2023-02-21 16:29:27,15517,15517,15517,2,0
2023-02-21 16:29:27,15518,15518,15518,2,2
2023-02-21 16:29:39,15516,15516,15516,2,-2
2023-02-21 16:29:39,15516,15516,15516,2,0
2023-02-21 16:29:43,15518,15518,15518,2,2
2023-02-21 16:29:59,15518,15518,15518,2,0
2023-02-21 16:29:59,15517,15517,15517,2,-2
2023-02-21 16:29:59,15516,15516,15516,2,-2
2023-02-21 16:30:00,15518,15518,15518,2,2
2023-02-21 16:30:00,15518,15518,15518,4,0
2023-02-21 16:30:00,15518,15518,15518,8,0
2023-02-21 16:30:01,15519,15519,15519,2,2
2023-02-21 16:30:01,15519,15519,15519,2,0
2023-02-21 16:30:09,15516,15516,15516,2,-2
2023-02-21 16:30:09,15516,15516,15516,2,0
2023-02-21 16:30:09,15516,15516,15516,2,0
2023-02-21 16:30:14,15515,15515,15515,2,-2
2023-02-21 16:30:16,15516,15516,15516,2,2
2023-02-21 16:30:33,15516,15516,15516,2,0
2023-02-21 16:30:33,15516,15516,15516,2,0
2023-02-21 16:30:39,15517,15517,15517,2,2
2023-02-21 16:30:48,15516,15516,15516,2,-2
2023-02-21 16:31:20,15516,15516,15516,2,0
2023-02-21 16:31:20,15516,15516,15516,2,0
2023-02-21 16:31:26,15516,15516,15516,2,0
2023-02-21 16:31:30,15516,15516,15516,2,0
2023-02-21 16:31:35,15516,15516,15516,2,0
2023-02-21 16:31:44,15516,15516,15516,2,0
2023-02-21 16:31:47,15516,15516,15516,4,0
2023-02-21 16:31:47,15516,15516,15516,2,0
2023-02-21 16:31:49,15516,15516,15516,2,0
2023-02-21 16:31:50,15516,15516,15516,2,0
2023-02-21 16:31:56,15517,15517,15517,2,2
2023-02-21 16:32:01,15518,15518,15518,2,2
2023-02-21 16:32:01,15518,15518,15518,4,0
2023-02-21 16:32:01,15518,15518,15518,2,0
2023-02-21 16:32:02,15519,15519,15519,2,2
2023-02-21 16:32:02,15519,15519,15519,2,0
2023-02-21 16:32:02,15520,15520,15520,10,10
2023-02-21 16:32:03,15521,15521,15521,2,2
2023-02-21 16:32:05,15521,15521,15521,2,0
2023-02-21 16:32:05,15521,15521,15521,4,0
2023-02-21 16:32:06,15521,15521,15521,2,0
2023-02-21 16:32:09,15520,15520,15520,2,-2
2023-02-21 16:32:22,15519,15519,15519,2,-2
2023-02-21 16:32:23,15520,15520,15520,2,2
2023-02-21 16:32:28,15519,15519,15519,2,-2
2023-02-21 16:32:28,15519,15519,15519,2,0
2023-02-21 16:32:28,15519,15519,15519,2,0
2023-02-21 16:32:28,15519,15519,15519,2,0
2023-02-21 16:32:30,15518,15518,15518,2,-2
2023-02-21 16:32:31,15518,15518,15518,2,0
2023-02-21 16:32:49,15517,15517,15517,2,-2
2023-02-21 16:32:51,15517,15517,15517,8,0
2023-02-21 16:32:54,15517,15517,15517,4,0
2023-02-21 16:32:55,15517,15517,15517,4,0
2023-02-21 16:33:10,15517,15517,15517,2,0
2023-02-21 16:33:12,15518,15518,15518,4,4
2023-02-21 16:33:12,15518,15518,15518,4,0
2023-02-21 16:33:20,15518,15518,15518,2,0
2023-02-21 16:34:00,15517,15517,15517,2,-2
2023-02-21 16:34:08,15516,15516,15516,2,-2
2023-02-21 16:34:08,15516,15516,15516,2,0
2023-02-21 16:34:08,15516,15516,15516,8,0
2023-02-21 16:34:08,15516,15516,15516,2,0
2023-02-21 16:34:08,15516,15516,15516,2,0
2023-02-21 16:34:08,15516,15516,15516,2,0
2023-02-21 16:34:17,15517,15517,15517,2,2
2023-02-21 16:34:17,15516,15516,15516,2,-2
2023-02-21 16:34:17,15516,15516,15516,4,0
2023-02-21 16:34:17,15516,15516,15516,2,0
2023-02-21 16:34:17,15516,15516,15516,2,0
2023-02-21 16:34:17,15516,15516,15516,2,0
2023-02-21 16:34:17,15516,15516,15516,2,0
2023-02-21 16:34:17,15516,15516,15516,2,0
2023-02-21 16:34:17,15516,15516,15516,2,0
2023-02-21 16:34:17,15515,15515,15515,2,-2
2023-02-21 16:34:29,15516,15516,15516,2,2
2023-02-21 16:34:53,15516,15516,15516,2,0
2023-02-21 16:35:17,15516,15516,15516,2,0
2023-02-21 16:35:17,15516,15516,15516,2,0
2023-02-21 16:35:17,15515,15515,15515,16,-16
2023-02-21 16:35:21,15515,15515,15515,2,0
2023-02-21 16:35:21,15515,15515,15515,2,0
2023-02-21 16:35:21,15515,15515,15515,2,0
2023-02-21 16:35:21,15515,15515,15515,2,0
2023-02-21 16:35:21,15515,15515,15515,2,0
2023-02-21 16:35:21,15515,15515,15515,2,0
2023-02-21 16:35:21,15515,15515,15515,4,0
2023-02-21 16:35:21,15515,15515,15515,2,0
2023-02-21 16:35:21,15515,15515,15515,2,0
2023-02-21 16:35:25,15515,15515,15515,4,0
2023-02-21 16:35:25,15515,15515,15515,2,0
2023-02-21 16:35:25,15515,15515,15515,2,0
2023-02-21 16:35:25,15515,15515,15515,2,0
2023-02-21 16:35:25,15515,15515,15515,2,0
2023-02-21 16:35:25,15515,15515,15515,2,0
2023-02-21 16:35:25,15515,15515,15515,2,0
2023-02-21 16:35:25,15515,15515,15515,2,0
2023-02-21 16:35:25,15515,15515,15515,2,0
2023-02-21 16:35:28,15515,15515,15515,2,0
2023-02-21 16:35:29,15515,15515,15515,4,0
2023-02-21 16:35:29,15515,15515,15515,2,0
2023-02-21 16:35:30,15515,15515,15515,4,0
2023-02-21 16:35:48,15514,15514,15514,4,-4
2023-02-21 16:35:48,15514,15514,15514,16,0
2023-02-21 16:35:51,15514,15514,15514,8,0
2023-02-21 16:35:51,15514,15514,15514,2,0
2023-02-21 16:35:51,15514,15514,15514,2,0
2023-02-21 16:35:51,15514,15514,15514,2,0
2023-02-21 16:35:51,15514,15514,15514,2,0
2023-02-21 16:35:51,15514,15514,15514,2,0
2023-02-21 16:35:51,15514,15514,15514,2,0
2023-02-21 16:35:54,15514,15514,15514,2,0
2023-02-21 16:35:55,15515,15515,15515,6,6
2023-02-21 16:35:55,15515,15515,15515,4,0
2023-02-21 16:35:56,15514,15514,15514,2,-2
2023-02-21 16:35:56,15514,15514,15514,2,0
2023-02-21 16:35:56,15514,15514,15514,2,0
2023-02-21 16:35:56,15514,15514,15514,2,0
2023-02-21 16:35:56,15514,15514,15514,2,0
2023-02-21 16:35:56,15514,15514,15514,2,0
2023-02-21 16:35:56,15514,15514,15514,2,0
2023-02-21 16:35:56,15514,15514,15514,6,0
2023-02-21 16:36:05,15516,15516,15516,2,2
2023-02-21 16:36:05,15516,15516,15516,2,0
2023-02-21 16:36:05,15516,15516,15516,4,0
2023-02-21 16:36:07,15516,15516,15516,4,0
2023-02-21 16:36:07,15516,15516,15516,2,0
2023-02-21 16:36:07,15516,15516,15516,2,0
2023-02-21 16:36:07,15516,15516,15516,6,0
2023-02-21 16:36:07,15516,15516,15516,2,0
2023-02-21 16:36:07,15516,15516,15516,2,0
2023-02-21 16:36:07,15516,15516,15516,2,0
2023-02-21 16:36:15,15516,15516,15516,4,0
2023-02-21 16:36:17,15517,15517,15517,2,2
2023-02-21 16:36:20,15516,15516,15516,2,-2
2023-02-21 16:36:20,15515,15515,15515,2,-2
2023-02-21 16:36:20,15515,15515,15515,2,0
2023-02-21 16:36:20,15515,15515,15515,2,0
2023-02-21 16:36:20,15515,15515,15515,2,0
2023-02-21 16:36:20,15515,15515,15515,2,0
2023-02-21 16:36:20,15515,15515,15515,2,0
2023-02-21 16:36:20,15515,15515,15515,2,0
2023-02-21 16:36:20,15515,15515,15515,2,0
2023-02-21 16:36:20,15515,15515,15515,2,0
2023-02-21 16:36:26,15514,15514,15514,2,-2
2023-02-21 16:36:32,15514,15514,15514,2,0
2023-02-21 16:36:39,15515,15515,15515,2,2
2023-02-21 16:36:47,15515,15515,15515,2,0
2023-02-21 16:36:51,15514,15514,15514,2,-2
2023-02-21 16:36:51,15514,15514,15514,2,0
2023-02-21 16:36:51,15514,15514,15514,2,0
2023-02-21 16:36:51,15514,15514,15514,2,0
2023-02-21 16:36:51,15514,15514,15514,2,0
2023-02-21 16:36:51,15514,15514,15514,4,0
2023-02-21 16:36:56,15514,15514,15514,2,0
2023-02-21 16:37:00,15514,15514,15514,2,0
2023-02-21 16:37:00,15514,15514,15514,2,0
2023-02-21 16:37:03,15514,15514,15514,4,0
2023-02-21 16:37:03,15514,15514,15514,2,0
2023-02-21 16:37:04,15514,15514,15514,2,0
2023-02-21 16:37:04,15514,15514,15514,2,0
2023-02-21 16:37:04,15513,15513,15513,2,-2
2023-02-21 16:37:04,15514,15514,15514,2,2
2023-02-21 16:37:06,15514,15514,15514,6,0
2023-02-21 16:37:09,15514,15514,15514,2,0
2023-02-21 16:37:12,15514,15514,15514,8,0
2023-02-21 16:37:12,15514,15514,15514,12,0
2023-02-21 16:37:14,15513,15513,15513,2,-2
2023-02-21 16:37:14,15513,15513,15513,2,0
2023-02-21 16:37:14,15513,15513,15513,2,0
2023-02-21 16:37:20,15513,15513,15513,2,0
2023-02-21 16:37:20,15513,15513,15513,4,0
2023-02-21 16:37:20,15513,15513,15513,2,0
2023-02-21 16:37:22,15513,15513,15513,2,0
2023-02-21 16:37:22,15513,15513,15513,2,0
2023-02-21 16:37:22,15513,15513,15513,2,0
2023-02-21 16:37:22,15513,15513,15513,4,0
2023-02-21 16:37:22,15513,15513,15513,2,0
2023-02-21 16:37:22,15513,15513,15513,2,0
2023-02-21 16:37:22,15513,15513,15513,2,0
2023-02-21 16:37:25,15514,15514,15514,6,6
2023-02-21 16:37:58,15514,15514,15514,2,0
2023-02-21 16:38:01,15514,15514,15514,2,0
2023-02-21 16:38:13,15514,15514,15514,4,0
2023-02-21 16:38:14,15514,15514,15514,2,0
2023-02-21 16:38:14,15514,15514,15514,2,0
2023-02-21 16:38:27,15514,15514,15514,2,0
2023-02-21 16:38:27,15514,15514,15514,2,0
2023-02-21 16:38:37,15514,15514,15514,2,0
2023-02-21 16:38:39,15514,15514,15514,2,0
2023-02-21 16:38:39,15514,15514,15514,2,0
2023-02-21 16:38:40,15513,15513,15513,8,-8
2023-02-21 16:38:40,15513,15513,15513,2,0
2023-02-21 16:38:40,15513,15513,15513,2,0
2023-02-21 16:38:40,15513,15513,15513,2,0
2023-02-21 16:38:40,15513,15513,15513,2,0
2023-02-21 16:38:40,15513,15513,15513,6,0
2023-02-21 16:38:40,15513,15513,15513,2,0
2023-02-21 16:38:40,15513,15513,15513,2,0
2023-02-21 16:38:40,15513,15513,15513,4,0
2023-02-21 16:38:40,15513,15513,15513,2,0
2023-02-21 16:38:40,15513,15513,15513,2,0
2023-02-21 16:38:40,15513,15513,15513,2,0
2023-02-21 16:38:42,15513,15513,15513,2,0
2023-02-21 16:38:45,15512,15512,15512,2,-2
2023-02-21 16:38:45,15512,15512,15512,2,0
2023-02-21 16:38:46,15512,15512,15512,2,0
2023-02-21 16:38:46,15512,15512,15512,2,0
2023-02-21 16:38:46,15512,15512,15512,2,0
2023-02-21 16:38:49,15512,15512,15512,2,0
2023-02-21 16:39:00,15512,15512,15512,2,0
2023-02-21 16:39:00,15512,15512,15512,2,0
2023-02-21 16:39:00,15512,15512,15512,4,0
2023-02-21 16:39:02,15512,15512,15512,2,0
2023-02-21 16:39:02,15512,15512,15512,2,0
2023-02-21 16:39:02,15512,15512,15512,2,0
2023-02-21 16:39:02,15512,15512,15512,2,0
2023-02-21 16:39:02,15512,15512,15512,2,0
2023-02-21 16:39:02,15512,15512,15512,20,0
2023-02-21 16:39:02,15512,15512,15512,2,0
2023-02-21 16:39:02,15512,15512,15512,2,0
2023-02-21 16:39:02,15512,15512,15512,6,0
2023-02-21 16:39:02,15512,15512,15512,2,0
2023-02-21 16:39:02,15512,15512,15512,8,0
2023-02-21 16:39:02,15512,15512,15512,4,0
2023-02-21 16:39:02,15512,15512,15512,2,0
2023-02-21 16:39:02,15512,15512,15512,2,0
2023-02-21 16:39:02,15512,15512,15512,4,0
2023-02-21 16:39:02,15512,15512,15512,4,0
2023-02-21 16:39:02,15512,15512,15512,2,0
2023-02-21 16:39:02,15512,15512,15512,2,0
2023-02-21 16:39:02,15512,15512,15512,2,0
2023-02-21 16:39:02,15512,15512,15512,2,0
2023-02-21 16:39:02,15512,15512,15512,2,0
2023-02-21 16:39:02,15512,15512,15512,2,0
2023-02-21 16:39:02,15512,15512,15512,4,0
2023-02-21 16:39:02,15512,15512,15512,6,0
2023-02-21 16:39:02,15512,15512,15512,2,0
2023-02-21 16:39:02,15512,15512,15512,4,0
2023-02-21 16:39:02,15512,15512,15512,2,0
2023-02-21 16:39:02,15512,15512,15512,2,0
2023-02-21 16:39:02,15512,15512,15512,2,0
2023-02-21 16:39:02,15512,15512,15512,2,0
2023-02-21 16:39:02,15512,15512,15512,2,0
2023-02-21 16:39:02,15512,15512,15512,2,0
2023-02-21 16:39:02,15512,15512,15512,2,0
2023-02-21 16:39:02,15512,15512,15512,4,0
2023-02-21 16:39:02,15512,15512,15512,2,0
2023-02-21 16:39:02,15512,15512,15512,2,0
2023-02-21 16:39:02,15511,15511,15511,2,-2
2023-02-21 16:39:06,15512,15512,15512,2,2
2023-02-21 16:39:06,15511,15511,15511,2,-2
2023-02-21 16:39:06,15511,15511,15511,2,0
2023-02-21 16:39:06,15511,15511,15511,2,0
2023-02-21 16:39:06,15511,15511,15511,2,0
2023-02-21 16:39:07,15512,15512,15512,2,2
2023-02-21 16:39:17,15512,15512,15512,2,0
2023-02-21 16:39:24,15513,15513,15513,2,2
2023-02-21 16:39:24,15513,15513,15513,4,0
2023-02-21 16:39:24,15513,15513,15513,2,0
2023-02-21 16:39:25,15513,15513,15513,2,0
2023-02-21 16:39:38,15513,15513,15513,2,0
2023-02-21 16:39:38,15513,15513,15513,2,0
2023-02-21 16:39:38,15512,15512,15512,2,-2
2023-02-21 16:39:41,15513,15513,15513,2,2
2023-02-21 16:39:41,15513,15513,15513,4,0
2023-02-21 16:39:45,15512,15512,15512,2,-2
2023-02-21 16:39:46,15512,15512,15512,2,0
2023-02-21 16:39:46,15512,15512,15512,2,0
2023-02-21 16:39:46,15511,15511,15511,2,-2
2023-02-21 16:39:46,15511,15511,15511,2,0
2023-02-21 16:39:52,15511,15511,15511,2,0
2023-02-21 16:39:52,15511,15511,15511,2,0
2023-02-21 16:39:52,15511,15511,15511,2,0
2023-02-21 16:39:57,15511,15511,15511,2,0
2023-02-21 16:39:59,15512,15512,15512,6,6
2023-02-21 16:39:59,15513,15513,15513,14,14
2023-02-21 16:40:01,15511,15511,15511,6,-6
2023-02-21 16:40:01,15511,15511,15511,2,0
2023-02-21 16:40:01,15511,15511,15511,2,0
2023-02-21 16:40:01,15511,15511,15511,4,0
2023-02-21 16:40:01,15511,15511,15511,2,0
2023-02-21 16:40:01,15511,15511,15511,2,0
2023-02-21 16:40:01,15511,15511,15511,4,0
2023-02-21 16:40:01,15511,15511,15511,4,0
2023-02-21 16:40:01,15511,15511,15511,2,0
2023-02-21 16:40:01,15511,15511,15511,2,0
2023-02-21 16:40:01,15511,15511,15511,2,0
2023-02-21 16:40:01,15511,15511,15511,2,0
2023-02-21 16:40:01,15511,15511,15511,2,0
2023-02-21 16:40:01,15511,15511,15511,2,0
2023-02-21 16:40:01,15511,15511,15511,2,0
2023-02-21 16:40:01,15511,15511,15511,2,0
2023-02-21 16:40:01,15510,15510,15510,2,-2
2023-02-21 16:40:01,15510,15510,15510,2,0
2023-02-21 16:40:01,15510,15510,15510,2,0
2023-02-21 16:40:01,15510,15510,15510,2,0
2023-02-21 16:40:01,15510,15510,15510,2,0
2023-02-21 16:40:01,15510,15510,15510,2,0
2023-02-21 16:40:01,15510,15510,15510,2,0
2023-02-21 16:40:01,15510,15510,15510,2,0
2023-02-21 16:40:01,15510,15510,15510,2,0
2023-02-21 16:40:01,15510,15510,15510,2,0
2023-02-21 16:40:01,15510,15510,15510,2,0
2023-02-21 16:40:01,15510,15510,15510,2,0
2023-02-21 16:40:01,15510,15510,15510,2,0
2023-02-21 16:40:01,15510,15510,15510,2,0
2023-02-21 16:40:01,15510,15510,15510,2,0
2023-02-21 16:40:01,15510,15510,15510,2,0
2023-02-21 16:40:01,15510,15510,15510,6,0
2023-02-21 16:40:01,15510,15510,15510,14,0
2023-02-21 16:40:01,15510,15510,15510,2,0
2023-02-21 16:40:01,15510,15510,15510,2,0
2023-02-21 16:40:01,15510,15510,15510,2,0
2023-02-21 16:40:01,15510,15510,15510,2,0
2023-02-21 16:40:01,15510,15510,15510,4,0
2023-02-21 16:40:01,15510,15510,15510,2,0
2023-02-21 16:40:01,15510,15510,15510,2,0
2023-02-21 16:40:01,15510,15510,15510,2,0
2023-02-21 16:40:01,15510,15510,15510,2,0
2023-02-21 16:40:01,15510,15510,15510,2,0
2023-02-21 16:40:01,15510,15510,15510,2,0
2023-02-21 16:40:01,15510,15510,15510,2,0
2023-02-21 16:40:01,15510,15510,15510,2,0
2023-02-21 16:40:01,15510,15510,15510,2,0
2023-02-21 16:40:01,15510,15510,15510,2,0
2023-02-21 16:40:01,15510,15510,15510,2,0
2023-02-21 16:40:01,15510,15510,15510,2,0
2023-02-21 16:40:01,15510,15510,15510,2,0
2023-02-21 16:40:01,15510,15510,15510,2,0
2023-02-21 16:40:01,15510,15510,15510,2,0
2023-02-21 16:40:01,15509,15509,15509,2,-2
2023-02-21 16:40:01,15509,15509,15509,2,0
2023-02-21 16:40:01,15509,15509,15509,2,0
2023-02-21 16:40:01,15509,15509,15509,2,0
2023-02-21 16:40:01,15509,15509,15509,2,0
2023-02-21 16:40:01,15509,15509,15509,2,0
2023-02-21 16:40:01,15509,15509,15509,20,0
2023-02-21 16:40:01,15509,15509,15509,2,0
2023-02-21 16:40:01,15509,15509,15509,4,0
2023-02-21 16:40:01,15509,15509,15509,2,0
2023-02-21 16:40:01,15509,15509,15509,2,0
2023-02-21 16:40:01,15509,15509,15509,2,0
2023-02-21 16:40:01,15509,15509,15509,2,0
2023-02-21 16:40:01,15508,15508,15508,2,-2
2023-02-21 16:40:01,15508,15508,15508,2,0
2023-02-21 16:40:01,15508,15508,15508,2,0
2023-02-21 16:40:01,15508,15508,15508,2,0
2023-02-21 16:40:01,15508,15508,15508,2,0
2023-02-21 16:40:01,15508,15508,15508,2,0
2023-02-21 16:40:01,15508,15508,15508,2,0
2023-02-21 16:40:01,15508,15508,15508,2,0
2023-02-21 16:40:01,15508,15508,15508,20,0
2023-02-21 16:40:01,15508,15508,15508,20,0
2023-02-21 16:40:01,15508,15508,15508,2,0
2023-02-21 16:40:01,15508,15508,15508,2,0
2023-02-21 16:40:01,15508,15508,15508,2,0
2023-02-21 16:40:01,15508,15508,15508,2,0
2023-02-21 16:40:01,15508,15508,15508,2,0
2023-02-21 16:40:01,15508,15508,15508,2,0
2023-02-21 16:40:01,15508,15508,15508,4,0
2023-02-21 16:40:01,15507,15507,15507,4,-4
2023-02-21 16:40:01,15507,15507,15507,4,0
2023-02-21 16:40:01,15507,15507,15507,8,0
2023-02-21 16:40:01,15507,15507,15507,2,0
2023-02-21 16:40:01,15507,15507,15507,2,0
2023-02-21 16:40:01,15507,15507,15507,2,0
2023-02-21 16:40:01,15507,15507,15507,6,0
2023-02-21 16:40:01,15507,15507,15507,2,0
2023-02-21 16:40:01,15507,15507,15507,6,0
2023-02-21 16:40:01,15507,15507,15507,6,0
2023-02-21 16:40:01,15507,15507,15507,2,0
2023-02-21 16:40:01,15507,15507,15507,2,0
2023-02-21 16:40:01,15507,15507,15507,2,0
2023-02-21 16:40:01,15507,15507,15507,2,0
2023-02-21 16:40:01,15507,15507,15507,2,0
2023-02-21 16:40:01,15507,15507,15507,16,0
2023-02-21 16:40:01,15507,15507,15507,2,0
2023-02-21 16:40:01,15507,15507,15507,4,0
2023-02-21 16:40:01,15506,15506,15506,4,-4
2023-02-21 16:40:01,15506,15506,15506,2,0
2023-02-21 16:40:01,15506,15506,15506,2,0
2023-02-21 16:40:01,15506,15506,15506,2,0
2023-02-21 16:40:01,15506,15506,15506,2,0
2023-02-21 16:40:01,15506,15506,15506,2,0
2023-02-21 16:40:01,15506,15506,15506,2,0
2023-02-21 16:40:01,15506,15506,15506,4,0
2023-02-21 16:40:01,15506,15506,15506,4,0
2023-02-21 16:40:01,15506,15506,15506,2,0
2023-02-21 16:40:01,15506,15506,15506,2,0
2023-02-21 16:40:01,15506,15506,15506,2,0
2023-02-21 16:40:01,15506,15506,15506,2,0
2023-02-21 16:40:01,15506,15506,15506,2,0
2023-02-21 16:40:01,15506,15506,15506,2,0
2023-02-21 16:40:01,15506,15506,15506,2,0
2023-02-21 16:40:01,15505,15505,15505,2,-2
2023-02-21 16:40:01,15505,15505,15505,2,0
2023-02-21 16:40:01,15507,15507,15507,18,18
2023-02-21 16:40:01,15507,15507,15507,2,0
2023-02-21 16:40:01,15507,15507,15507,2,0
2023-02-21 16:40:01,15507,15507,15507,2,0
2023-02-21 16:40:01,15506,15506,15506,2,-2
2023-02-21 16:40:01,15506,15506,15506,2,0
2023-02-21 16:40:01,15506,15506,15506,2,0
2023-02-21 16:40:01,15506,15506,15506,2,0
2023-02-21 16:40:01,15506,15506,15506,2,0
2023-02-21 16:40:01,15506,15506,15506,2,0
2023-02-21 16:40:01,15506,15506,15506,2,0
2023-02-21 16:40:01,15506,15506,15506,4,0
2023-02-21 16:40:01,15507,15507,15507,2,2
2023-02-21 16:40:01,15506,15506,15506,4,-4
2023-02-21 16:40:01,15506,15506,15506,2,0
2023-02-21 16:40:01,15508,15508,15508,2,2
2023-02-21 16:40:01,15508,15508,15508,12,0
2023-02-21 16:40:01,15507,15507,15507,2,-2
2023-02-21 16:40:01,15507,15507,15507,2,0
2023-02-21 16:40:01,15507,15507,15507,2,0
2023-02-21 16:40:02,15507,15507,15507,2,0
2023-02-21 16:40:02,15507,15507,15507,4,0
2023-02-21 16:40:11,15508,15508,15508,4,4
2023-02-21 16:40:13,15509,15509,15509,2,2
2023-02-21 16:40:13,15509,15509,15509,2,0
2023-02-21 16:40:13,15509,15509,15509,2,0
2023-02-21 16:40:13,15509,15509,15509,2,0
2023-02-21 16:40:13,15509,15509,15509,2,0
2023-02-21 16:40:18,15511,15511,15511,4,4
2023-02-21 16:40:18,15510,15510,15510,2,-2
2023-02-21 16:40:20,15510,15510,15510,2,0
2023-02-21 16:40:20,15510,15510,15510,2,0
2023-02-21 16:40:20,15510,15510,15510,2,0
2023-02-21 16:40:20,15510,15510,15510,2,0
2023-02-21 16:40:20,15510,15510,15510,2,0
2023-02-21 16:40:25,15509,15509,15509,2,-2
2023-02-21 16:40:31,15509,15509,15509,2,0
2023-02-21 16:40:32,15508,15508,15508,4,-4
2023-02-21 16:40:37,15508,15508,15508,2,0
2023-02-21 16:40:40,15508,15508,15508,2,0
2023-02-21 16:40:40,15508,15508,15508,2,0
2023-02-21 16:40:40,15508,15508,15508,2,0
2023-02-21 16:40:40,15508,15508,15508,2,0
2023-02-21 16:40:40,15507,15507,15507,2,-2
2023-02-21 16:40:48,15508,15508,15508,2,2
2023-02-21 16:40:48,15507,15507,15507,4,-4
2023-02-21 16:40:48,15507,15507,15507,2,0
2023-02-21 16:40:48,15507,15507,15507,2,0
2023-02-21 16:40:48,15507,15507,15507,2,0
2023-02-21 16:40:48,15507,15507,15507,2,0
2023-02-21 16:40:50,15507,15507,15507,2,0
2023-02-21 16:40:50,15507,15507,15507,2,0
2023-02-21 16:40:50,15506,15506,15506,2,-2
2023-02-21 16:40:50,15506,15506,15506,2,0
2023-02-21 16:40:50,15506,15506,15506,2,0
2023-02-21 16:40:50,15506,15506,15506,4,0
2023-02-21 16:40:51,15506,15506,15506,2,0
2023-02-21 16:40:51,15506,15506,15506,2,0
2023-02-21 16:40:51,15506,15506,15506,4,0
2023-02-21 16:40:51,15506,15506,15506,2,0
2023-02-21 16:40:51,15506,15506,15506,2,0
2023-02-21 16:40:53,15506,15506,15506,2,0
2023-02-21 16:40:53,15506,15506,15506,2,0
2023-02-21 16:40:53,15505,15505,15505,4,-4
2023-02-21 16:40:53,15505,15505,15505,2,0
2023-02-21 16:40:53,15505,15505,15505,2,0
2023-02-21 16:40:53,15505,15505,15505,2,0
2023-02-21 16:40:56,15505,15505,15505,2,0
2023-02-21 16:40:57,15505,15505,15505,2,0
2023-02-21 16:40:59,15507,15507,15507,10,10
2023-02-21 16:41:04,15506,15506,15506,2,-2
2023-02-21 16:41:04,15506,15506,15506,2,0
2023-02-21 16:41:04,15506,15506,15506,2,0
2023-02-21 16:41:04,15506,15506,15506,2,0
2023-02-21 16:41:04,15506,15506,15506,2,0
2023-02-21 16:41:09,15507,15507,15507,2,2
2023-02-21 16:41:09,15507,15507,15507,2,0
2023-02-21 16:41:11,15507,15507,15507,2,0
2023-02-21 16:41:11,15507,15507,15507,2,0
2023-02-21 16:41:11,15507,15507,15507,2,0
2023-02-21 16:41:13,15507,15507,15507,2,0
2023-02-21 16:41:13,15507,15507,15507,2,0
2023-02-21 16:41:13,15507,15507,15507,2,0
2023-02-21 16:41:13,15507,15507,15507,4,0
2023-02-21 16:41:13,15507,15507,15507,4,0
2023-02-21 16:41:20,15507,15507,15507,2,0
2023-02-21 16:41:21,15507,15507,15507,2,0
2023-02-21 16:41:28,15507,15507,15507,2,0
2023-02-21 16:41:28,15507,15507,15507,2,0
2023-02-21 16:41:28,15507,15507,15507,2,0
2023-02-21 16:41:29,15508,15508,15508,2,2
2023-02-21 16:41:33,15507,15507,15507,2,-2
2023-02-21 16:41:33,15507,15507,15507,2,0
2023-02-21 16:41:33,15508,15508,15508,2,2
2023-02-21 16:41:36,15507,15507,15507,2,-2
2023-02-21 16:41:37,15508,15508,15508,2,2
2023-02-21 16:41:37,15507,15507,15507,2,-2
2023-02-21 16:41:37,15507,15507,15507,2,0
2023-02-21 16:41:37,15507,15507,15507,4,0
2023-02-21 16:41:37,15509,15509,15509,10,10
2023-02-21 16:41:38,15508,15508,15508,2,-2
2023-02-21 16:41:40,15508,15508,15508,2,0
2023-02-21 16:41:40,15508,15508,15508,8,0
2023-02-21 16:41:48,15506,15506,15506,2,-2
2023-02-21 16:41:48,15506,15506,15506,2,0
2023-02-21 16:41:48,15506,15506,15506,2,0
2023-02-21 16:41:48,15506,15506,15506,2,0
2023-02-21 16:41:48,15506,15506,15506,2,0
2023-02-21 16:41:48,15506,15506,15506,2,0
2023-02-21 16:41:48,15506,15506,15506,2,0
2023-02-21 16:41:48,15506,15506,15506,2,0
2023-02-21 16:41:48,15506,15506,15506,2,0
2023-02-21 16:41:48,15506,15506,15506,4,0
2023-02-21 16:41:48,15506,15506,15506,2,0
2023-02-21 16:41:48,15506,15506,15506,2,0
2023-02-21 16:41:48,15506,15506,15506,2,0
2023-02-21 16:41:48,15505,15505,15505,2,-2
2023-02-21 16:41:48,15505,15505,15505,2,0
2023-02-21 16:41:48,15505,15505,15505,4,0
2023-02-21 16:41:48,15505,15505,15505,2,0
2023-02-21 16:41:48,15505,15505,15505,2,0
2023-02-21 16:41:52,15506,15506,15506,4,4
2023-02-21 16:41:59,15506,15506,15506,2,0
2023-02-21 16:42:01,15506,15506,15506,2,0
2023-02-21 16:42:01,15506,15506,15506,2,0
2023-02-21 16:42:02,15506,15506,15506,2,0
2023-02-21 16:42:02,15506,15506,15506,2,0
2023-02-21 16:42:02,15506,15506,15506,2,0
2023-02-21 16:42:10,15508,15508,15508,2,2
2023-02-21 16:42:10,15508,15508,15508,2,0
2023-02-21 16:42:10,15509,15509,15509,2,2
2023-02-21 16:42:11,15508,15508,15508,2,-2
2023-02-21 16:42:20,15507,15507,15507,2,-2
