2024-12-09 15:00:00.055,23230,23242,23235,44,-44
2024-12-09 15:00:00.149,23235,23240,23240,1,1
2024-12-09 15:00:00.149,23235,23240,23235,1,-1
2024-12-09 15:00:00.266,23235,23241,23235,1,-1
2024-12-09 15:00:00.366,23235,23241,23235,1,-1
2024-12-09 15:00:00.369,23235,23241,23241,1,1
2024-12-09 15:00:00.422,23234,23240,23240,2,2
2024-12-09 15:00:00.425,23234,23240,23241,1,1
2024-12-09 15:00:00.501,23234,23240,23241,1,1
2024-12-09 15:00:00.515,23234,23240,23234,1,-1
2024-12-09 15:00:00.628,23233,23241,23241,1,1
2024-12-09 15:00:00.629,23233,23241,23242,1,1
2024-12-09 15:00:00.633,23233,23241,23242,1,1
2024-12-09 15:00:00.667,23233,23243,23243,1,1
2024-12-09 15:00:00.676,23233,23243,23243,1,1
2024-12-09 15:00:00.700,23233,23243,23243,1,1
2024-12-09 15:00:00.712,23233,23243,23243,1,1
2024-12-09 15:00:00.749,23233,23243,23244,1,1
2024-12-09 15:00:00.772,23233,23243,23244,1,1
2024-12-09 15:00:01.068,23233,23240,23240,1,1
2024-12-09 15:00:01.403,23234,23241,23237,1,-1
2024-12-09 15:00:01.403,23234,23241,23237,1,-1
2024-12-09 15:00:01.403,23234,23241,23237,2,-2
2024-12-09 15:00:01.944,23235,23241,23241,1,1
2024-12-09 15:00:01.944,23235,23241,23245,1,1
2024-12-09 15:00:02.083,23235,23240,23240,1,1
2024-12-09 15:00:02.814,23237,23240,23240,1,1
2024-12-09 15:00:02.964,23237,23240,23240,1,1
2024-12-09 15:00:03.049,23237,23241,23241,2,2
2024-12-09 15:00:03.163,23237,23244,23241,1,1
2024-12-09 15:00:03.546,23240,23244,23240,1,-1
2024-12-09 15:00:03.644,23240,23244,23244,1,1
2024-12-09 15:00:04.259,23240,23246,23242,1,-1
2024-12-09 15:00:06.053,23242,23245,23245,1,1
2024-12-09 15:00:08.654,23243,23244,23244,1,1
2024-12-09 15:00:08.884,23243,23245,23245,1,1
2024-12-09 15:00:09.453,23243,23246,23246,1,1
2024-12-09 15:00:09.586,23243,23246,23243,2,-2
2024-12-09 15:00:09.586,23243,23246,23242,2,-2
2024-12-09 15:00:09.592,23243,23246,23243,1,-1
2024-12-09 15:00:09.592,23243,23246,23242,1,-1
2024-12-09 15:00:09.629,23243,23246,23243,1,-1
2024-12-09 15:00:12.262,23244,23246,23244,1,-1
2024-12-09 15:00:13.073,23242,23245,23245,1,1
2024-12-09 15:00:15.767,23243,23245,23244,1,1
2024-12-09 15:00:15.931,23243,23245,23245,2,2
2024-12-09 15:00:16.152,23244,23246,23244,1,-1
2024-12-09 15:00:16.202,23244,23246,23244,1,-1
2024-12-09 15:00:16.346,23244,23246,23244,1,-1
2024-12-09 15:00:16.941,23244,23246,23246,1,1
2024-12-09 15:00:17.872,23244,23247,23245,10,-10
2024-12-09 15:00:17.872,23244,23247,23244,2,-2
2024-12-09 15:00:18.656,23244,23247,23245,2,-2
2024-12-09 15:00:19.624,23245,23247,23247,2,2
2024-12-09 15:00:19.993,23247,23249,23247,3,-3
2024-12-09 15:00:19.993,23247,23249,23246,3,-3
2024-12-09 15:00:19.993,23247,23249,23246,4,-4
2024-12-09 15:00:20.970,23247,23248,23248,1,1
2024-12-09 15:00:22.153,23247,23249,23247,2,-2
2024-12-09 15:00:22.153,23247,23249,23247,1,-1
2024-12-09 15:00:22.243,23246,23248,23248,1,1
2024-12-09 15:00:22.517,23246,23248,23248,1,1
2024-12-09 15:00:22.518,23246,23248,23246,1,-1
2024-12-09 15:00:22.793,23246,23248,23248,3,3
2024-12-09 15:00:24.283,23246,23248,23246,1,-1
2024-12-09 15:00:24.635,23246,23248,23246,2,-2
2024-12-09 15:00:24.812,23246,23248,23248,1,1
2024-12-09 15:00:31.085,23246,23247,23246,2,-2
2024-12-09 15:00:32.700,23246,23247,23246,2,-2
2024-12-09 15:00:33.579,23245,23246,23245,1,-1
2024-12-09 15:00:33.580,23245,23246,23245,4,-4
2024-12-09 15:00:33.581,23245,23246,23245,4,-4
2024-12-09 15:00:33.608,23245,23246,23245,1,-1
2024-12-09 15:00:35.791,23244,23245,23245,1,1
2024-12-09 15:00:35.903,23244,23245,23246,2,2
2024-12-09 15:00:37.283,23245,23247,23245,1,-1
2024-12-09 15:00:40.408,23245,23247,23245,1,-1
2024-12-09 15:00:40.871,23245,23247,23245,1,-1
2024-12-09 15:00:41.937,23245,23247,23246,1,-1
2024-12-09 15:00:43.466,23245,23247,23247,5,5
2024-12-09 15:00:43.468,23245,23247,23248,7,7
2024-12-09 15:00:44.079,23248,23249,23248,1,-1
2024-12-09 15:00:49.870,23247,23249,23249,1,1
2024-12-09 15:00:49.870,23247,23249,23249,1,1
2024-12-09 15:00:50.351,23248,23249,23249,2,2
2024-12-09 15:00:52.104,23248,23249,23249,2,2
2024-12-09 15:00:52.106,23248,23249,23250,5,5
2024-12-09 15:00:52.360,23250,23251,23250,1,-1
2024-12-09 15:00:56.452,23249,23251,23249,1,-1
2024-12-09 15:00:57.444,23249,23250,23249,1,-1
2024-12-09 15:00:57.445,23249,23250,23249,1,-1
2024-12-09 15:00:58.309,23248,23250,23250,1,1
2024-12-09 15:00:58.801,23248,23250,23250,1,1
2024-12-09 15:00:59.233,23248,23250,23250,2,2
2024-12-09 15:01:00.029,23248,23250,23250,2,2
2024-12-09 15:01:00.029,23248,23250,23251,2,2
2024-12-09 15:01:00.044,23249,23251,23251,1,1
2024-12-09 15:01:00.352,23249,23251,23249,2,-2
2024-12-09 15:01:00.409,23249,23251,23249,1,-1
2024-12-09 15:01:02.325,23248,23251,23251,2,2
2024-12-09 15:01:02.325,23248,23251,23251,6,6
2024-12-09 15:01:02.325,23248,23251,23251,3,3
2024-12-09 15:01:02.326,23248,23251,23252,1,1
2024-12-09 15:01:02.327,23248,23251,23252,1,1
2024-12-09 15:01:02.327,23248,23251,23252,1,1
2024-12-09 15:01:02.592,23252,23253,23252,1,-1
2024-12-09 15:01:02.843,23252,23253,23253,3,3
2024-12-09 15:01:02.844,23252,23253,23254,1,1
2024-12-09 15:01:05.885,23252,23254,23252,1,-1
2024-12-09 15:01:05.885,23252,23254,23252,1,-1
2024-12-09 15:01:05.888,23252,23254,23251,1,-1
2024-12-09 15:01:05.890,23252,23254,23250,2,-2
2024-12-09 15:01:05.939,23248,23249,23248,1,-1
2024-12-09 15:01:05.974,23248,23249,23250,1,1
2024-12-09 15:01:06.125,23249,23251,23249,1,-1
2024-12-09 15:01:07.256,23248,23249,23249,1,1
2024-12-09 15:01:08.227,23248,23250,23248,1,-1
2024-12-09 15:01:08.264,23248,23250,23248,1,-1
2024-12-09 15:01:08.264,23248,23250,23248,7,-7
2024-12-09 15:01:08.265,23248,23250,23248,1,-1
2024-12-09 15:01:09.414,23248,23249,23249,1,1
2024-12-09 15:01:10.423,23248,23251,23248,1,-1
2024-12-09 15:01:11.465,23249,23251,23249,1,-1
2024-12-09 15:01:16.466,23248,23250,23250,1,1
2024-12-09 15:01:16.466,23248,23250,23250,2,2
2024-12-09 15:01:18.179,23250,23251,23251,1,1
2024-12-09 15:01:20.134,23250,23252,23251,1,1
2024-12-09 15:01:20.136,23250,23252,23252,2,2
2024-12-09 15:01:20.345,23251,23254,23251,3,-3
2024-12-09 15:01:20.346,23251,23254,23251,2,-2
2024-12-09 15:01:20.539,23250,23251,23251,3,3
2024-12-09 15:01:20.585,23250,23251,23251,1,1
2024-12-09 15:01:20.648,23250,23251,23250,1,-1
2024-12-09 15:01:29.591,23250,23252,23250,1,-1
2024-12-09 15:01:29.592,23250,23252,23250,1,-1
2024-12-09 15:01:29.592,23250,23252,23250,1,-1
2024-12-09 15:01:29.592,23250,23252,23250,2,-2
2024-12-09 15:01:29.592,23250,23252,23250,2,-2
2024-12-09 15:01:29.601,23250,23252,23249,1,-1
2024-12-09 15:01:29.618,23250,23252,23250,1,-1
2024-12-09 15:01:29.834,23249,23251,23249,1,-1
2024-12-09 15:01:31.286,23249,23250,23249,1,-1
2024-12-09 15:01:31.771,23248,23250,23248,6,-6
2024-12-09 15:01:31.772,23248,23250,23247,1,-1
2024-12-09 15:01:31.813,23246,23247,23246,2,-2
2024-12-09 15:01:33.264,23245,23246,23246,2,2
2024-12-09 15:01:34.245,23245,23248,23247,1,1
2024-12-09 15:01:40.191,23246,23248,23248,1,1
2024-12-09 15:01:43.276,23247,23249,23249,1,1
2024-12-09 15:01:45.826,23247,23249,23247,2,-2
2024-12-09 15:01:45.826,23247,23249,23246,3,-3
2024-12-09 15:01:45.826,23247,23249,23245,6,-6
2024-12-09 15:01:45.838,23247,23249,23248,1,-1
2024-12-09 15:01:48.913,23247,23250,23247,4,-4
2024-12-09 15:01:48.913,23247,23250,23246,1,-1
2024-12-09 15:01:49.166,23246,23249,23246,1,-1
2024-12-09 15:01:49.191,23246,23249,23246,1,-1
2024-12-09 15:01:49.511,23246,23249,23246,1,-1
2024-12-09 15:01:51.242,23246,23248,23246,1,-1
2024-12-09 15:01:51.995,23246,23248,23246,2,-2
2024-12-09 15:01:51.995,23246,23248,23246,1,-1
2024-12-09 15:01:54.545,23246,23248,23246,1,-1
2024-12-09 15:01:59.392,23245,23247,23247,1,1
2024-12-09 15:01:59.393,23245,23247,23247,2,2
2024-12-09 15:01:59.394,23245,23247,23247,2,2
2024-12-09 15:01:59.395,23245,23247,23248,1,1
2024-12-09 15:01:59.556,23247,23249,23249,1,1
2024-12-09 15:02:00.828,23248,23250,23248,1,-1
2024-12-09 15:02:02.017,23248,23250,23248,1,-1
2024-12-09 15:02:03.001,23248,23250,23250,2,2
2024-12-09 15:02:03.006,23248,23250,23250,5,5
2024-12-09 15:02:03.007,23248,23250,23250,1,1
2024-12-09 15:02:03.429,23250,23251,23250,1,-1
2024-12-09 15:02:03.476,23250,23251,23250,2,-2
2024-12-09 15:02:07.924,23250,23251,23250,2,-2
2024-12-09 15:02:08.261,23249,23251,23249,1,-1
2024-12-09 15:02:08.499,23249,23251,23249,1,-1
2024-12-09 15:02:08.499,23249,23251,23249,1,-1
2024-12-09 15:02:08.550,23248,23250,23248,1,-1
2024-12-09 15:02:09.383,23248,23250,23248,2,-2
2024-12-09 15:02:09.913,23248,23250,23250,1,1
2024-12-09 15:02:12.083,23248,23249,23248,1,-1
2024-12-09 15:02:12.411,23248,23249,23248,1,-1
2024-12-09 15:02:15.287,23247,23248,23247,1,-1
2024-12-09 15:02:15.654,23246,23248,23246,1,-1
2024-12-09 15:02:15.706,23245,23247,23245,1,-1
2024-12-09 15:02:15.975,23244,23246,23246,1,1
2024-12-09 15:02:24.087,23245,23247,23245,1,-1
2024-12-09 15:02:26.039,23245,23247,23245,1,-1
2024-12-09 15:02:30.254,23246,23247,23247,1,1
2024-12-09 15:02:32.003,23248,23250,23250,1,1
2024-12-09 15:02:32.003,23248,23250,23250,7,7
2024-12-09 15:02:32.003,23248,23250,23250,1,1
2024-12-09 15:02:32.594,23249,23251,23249,1,-1
2024-12-09 15:02:32.890,23249,23251,23250,1,-1
2024-12-09 15:02:34.596,23249,23251,23249,2,-2
2024-12-09 15:02:39.466,23247,23249,23247,1,-1
2024-12-09 15:02:39.466,23247,23249,23247,1,-1
2024-12-09 15:02:45.614,23247,23249,23247,1,-1
2024-12-09 15:03:00.040,23247,23248,23248,1,1
2024-12-09 15:03:00.040,23247,23248,23249,1,1
2024-12-09 15:03:00.042,23247,23248,23249,2,2
2024-12-09 15:03:00.047,23247,23248,23249,1,1
2024-12-09 15:03:00.052,23247,23248,23249,2,2
2024-12-09 15:03:00.053,23247,23248,23249,1,1
2024-12-09 15:03:00.053,23247,23248,23249,1,1
2024-12-09 15:03:00.119,23251,23252,23250,2,-2
2024-12-09 15:03:00.119,23251,23252,23250,1,-1
2024-12-09 15:03:00.119,23251,23252,23251,1,-1
2024-12-09 15:03:00.128,23251,23252,23251,2,-2
2024-12-09 15:03:00.148,23251,23252,23251,1,-1
2024-12-09 15:03:00.156,23251,23252,23251,1,-1
2024-12-09 15:03:00.157,23251,23252,23251,1,-1
2024-12-09 15:03:00.157,23251,23252,23251,2,-2
2024-12-09 15:03:00.186,23251,23252,23252,1,1
2024-12-09 15:03:00.336,23251,23252,23251,1,-1
2024-12-09 15:03:01.858,23251,23252,23251,1,-1
2024-12-09 15:03:03.318,23250,23252,23250,3,-3
2024-12-09 15:03:10.058,23248,23250,23250,2,2
2024-12-09 15:03:15.273,23249,23251,23251,1,1
2024-12-09 15:03:51.106,23249,23251,23249,1,-1
2024-12-09 15:03:56.041,23249,23250,23249,1,-1
2024-12-09 15:03:56.041,23249,23250,23249,3,-3
2024-12-09 15:03:58.007,23248,23249,23249,1,1
2024-12-09 15:04:11.263,23248,23250,23248,3,-3
2024-12-09 15:04:11.288,23247,23248,23248,1,1
2024-12-09 15:04:28.843,23247,23249,23247,1,-1
2024-12-09 15:04:28.843,23247,23249,23247,1,-1
2024-12-09 15:04:29.960,23246,23248,23246,1,-1
2024-12-09 15:04:30.272,23245,23247,23245,4,-4
2024-12-09 15:04:30.272,23245,23247,23244,4,-4
2024-12-09 15:04:30.465,23244,23246,23244,1,-1
2024-12-09 15:04:30.465,23244,23246,23243,7,-7
2024-12-09 15:04:30.487,23244,23246,23243,1,-1
2024-12-09 15:04:30.487,23244,23246,23242,7,-7
2024-12-09 15:04:30.674,23242,23245,23242,5,-5
2024-12-09 15:04:30.674,23242,23245,23241,3,-3
2024-12-09 15:04:30.716,23242,23245,23241,1,-1
2024-12-09 15:04:31.117,23241,23244,23241,1,-1
2024-12-09 15:04:36.990,23241,23243,23241,3,-3
2024-12-09 15:04:36.990,23241,23243,23240,11,-11
2024-12-09 15:04:40.359,23240,23242,23240,1,-1
2024-12-09 15:04:40.475,23237,23240,23240,1,1
2024-12-09 15:04:47.945,23238,23241,23238,1,-1
2024-12-09 15:04:48.527,23238,23240,23240,1,1
2024-12-09 15:04:50.518,23239,23241,23239,7,-7
2024-12-09 15:04:50.519,23239,23241,23239,7,-7
2024-12-09 15:04:50.953,23239,23241,23239,1,-1
2024-12-09 15:04:56.612,23238,23240,23240,1,1
2024-12-09 15:04:58.804,23240,23241,23240,1,-1
2024-12-09 15:04:58.804,23240,23241,23240,1,-1
2024-12-09 15:04:59.177,23239,23241,23239,1,-1
2024-12-09 15:05:10.307,23239,23241,23239,1,-1
2024-12-09 15:05:31.083,23241,23242,23242,1,1
2024-12-09 15:05:31.681,23241,23244,23241,1,-1
2024-12-09 15:05:36.587,23241,23244,23242,1,-1
2024-12-09 15:06:00.196,23242,23243,23243,2,2
2024-12-09 15:06:00.419,23242,23243,23243,1,1
2024-12-09 15:06:00.702,23242,23245,23242,1,-1
2024-12-09 15:06:11.106,23242,23244,23242,1,-1
2024-12-09 15:06:20.197,23241,23242,23242,2,2
2024-12-09 15:06:21.619,23242,23245,23242,2,-2
2024-12-09 15:06:37.514,23243,23246,23246,1,1
2024-12-09 15:06:41.337,23245,23247,23245,1,-1
2024-12-09 15:06:49.808,23245,23247,23245,2,-2
2024-12-09 15:06:56.022,23245,23247,23245,2,-2
2024-12-09 15:07:00.206,23245,23246,23246,1,1
2024-12-09 15:07:04.135,23245,23247,23245,1,-1
2024-12-09 15:07:06.641,23245,23247,23245,1,-1
2024-12-09 15:07:08.529,23244,23245,23245,2,2
2024-12-09 15:07:12.505,23244,23247,23244,3,-3
2024-12-09 15:07:40.192,23246,23247,23247,2,2
2024-12-09 15:07:49.380,23246,23248,23246,2,-2
2024-12-09 15:07:52.301,23245,23246,23245,1,-1
2024-12-09 15:07:52.301,23245,23246,23245,1,-1
2024-12-09 15:07:52.302,23245,23246,23245,1,-1
2024-12-09 15:07:52.302,23245,23246,23245,1,-1
2024-12-09 15:07:52.303,23245,23246,23244,3,-3
2024-12-09 15:07:52.586,23243,23244,23243,1,-1
2024-12-09 15:08:00.198,23242,23243,23243,1,1
2024-12-09 15:08:15.270,23244,23246,23246,1,1
2024-12-09 15:08:34.145,23244,23245,23244,1,-1
2024-12-09 15:08:34.145,23244,23245,23243,1,-1
2024-12-09 15:08:49.280,23243,23244,23243,1,-1
2024-12-09 15:08:49.281,23243,23244,23243,2,-2
2024-12-09 15:08:49.312,23242,23243,23242,3,-3
2024-12-09 15:08:50.574,23241,23242,23241,1,-1
2024-12-09 15:08:50.792,23241,23242,23242,1,1
2024-12-09 15:08:50.792,23241,23242,23243,1,1
2024-12-09 15:09:02.576,23241,23242,23241,1,-1
2024-12-09 15:09:02.741,23241,23242,23241,1,-1
2024-12-09 15:09:10.598,23240,23242,23240,6,-6
2024-12-09 15:09:10.891,23240,23241,23237,1,-1
2024-12-09 15:09:10.891,23240,23241,23238,6,-6
2024-12-09 15:09:10.891,23240,23241,23240,1,-1
2024-12-09 15:09:10.891,23240,23241,23239,1,-1
2024-12-09 15:09:11.329,23238,23240,23238,1,-1
2024-12-09 15:09:19.244,23237,23239,23237,2,-2
2024-12-09 15:09:25.302,23238,23240,23238,3,-3
2024-12-09 15:09:33.324,23238,23239,23238,8,-8
2024-12-09 15:09:33.324,23238,23239,23237,2,-2
2024-12-09 15:09:38.514,23236,23238,23238,1,1
2024-12-09 15:09:43.992,23237,23238,23238,1,1
2024-12-09 15:09:50.106,23237,23239,23237,1,-1
2024-12-09 15:09:52.876,23237,23239,23237,4,-4
2024-12-09 15:10:01.012,23237,23239,23237,1,-1
2024-12-09 15:10:05.558,23237,23239,23239,1,1
2024-12-09 15:10:05.558,23237,23239,23239,1,1
2024-12-09 15:10:05.558,23237,23239,23239,4,4
2024-12-09 15:10:05.558,23237,23239,23239,6,6
2024-12-09 15:10:05.558,23237,23239,23239,1,1
2024-12-09 15:10:05.558,23237,23239,23239,3,3
2024-12-09 15:10:05.558,23237,23239,23239,2,2
2024-12-09 15:10:06.029,23238,23240,23238,1,-1
2024-12-09 15:10:07.111,23237,23239,23239,1,1
2024-12-09 15:10:07.515,23237,23239,23238,1,1
2024-12-09 15:10:15.866,23239,23240,23240,2,2
2024-12-09 15:10:23.153,23239,23240,23239,3,-3
2024-12-09 15:10:23.153,23239,23240,23238,3,-3
2024-12-09 15:10:23.153,23239,23240,23237,2,-2
2024-12-09 15:10:23.606,23236,23239,23239,1,1
2024-12-09 15:10:36.206,23237,23239,23239,1,1
2024-12-09 15:10:36.206,23237,23239,23239,1,1
2024-12-09 15:10:42.659,23239,23240,23239,1,-1
2024-12-09 15:11:00.005,23237,23239,23239,1,1
2024-12-09 15:11:05.790,23239,23240,23240,2,2
2024-12-09 15:11:10.700,23239,23240,23239,2,-2
2024-12-09 15:11:19.210,23239,23240,23240,2,2
2024-12-09 15:11:19.222,23239,23240,23240,3,3
2024-12-09 15:11:38.454,23240,23242,23242,1,1
2024-12-09 15:11:38.454,23240,23242,23242,1,1
2024-12-09 15:11:38.565,23241,23243,23243,1,1
2024-12-09 15:11:43.678,23241,23242,23242,1,1
2024-12-09 15:12:02.127,23241,23243,23243,1,1
2024-12-09 15:12:02.759,23242,23244,23244,1,1
2024-12-09 15:12:02.760,23242,23244,23244,1,1
2024-12-09 15:12:02.760,23242,23244,23244,1,1
2024-12-09 15:12:02.836,23243,23244,23244,16,16
2024-12-09 15:12:03.201,23244,23245,23244,1,-1
2024-12-09 15:12:07.035,23242,23244,23242,3,-3
2024-12-09 15:12:10.569,23242,23244,23242,3,-3
2024-12-09 15:12:21.334,23242,23243,23242,1,-1
2024-12-09 15:12:21.950,23241,23242,23241,2,-2
2024-12-09 15:12:21.966,23241,23242,23240,1,-1
2024-12-09 15:12:21.975,23241,23242,23241,1,-1
2024-12-09 15:12:36.474,23240,23241,23240,1,-1
2024-12-09 15:13:07.333,23239,23241,23241,1,1
2024-12-09 15:13:12.959,23240,23241,23241,1,1
2024-12-09 15:13:21.012,23241,23242,23242,1,1
2024-12-09 15:13:55.253,23241,23242,23242,2,2
2024-12-09 15:13:55.253,23241,23242,23242,1,1
2024-12-09 15:14:00.198,23241,23242,23242,1,1
2024-12-09 15:14:00.199,23241,23242,23242,1,1
2024-12-09 15:14:04.868,23242,23244,23242,2,-2
2024-12-09 15:14:14.919,23242,23244,23244,1,1
2024-12-09 15:14:28.440,23243,23244,23244,2,2
2024-12-09 15:14:35.769,23244,23245,23244,1,-1
2024-12-09 15:14:39.525,23244,23245,23244,2,-2
2024-12-09 15:14:39.551,23243,23244,23244,1,1
2024-12-09 15:14:42.947,23243,23244,23244,1,1
2024-12-09 15:14:46.049,23243,23244,23243,1,-1
2024-12-09 15:15:00.196,23243,23244,23244,1,1
2024-12-09 15:15:00.431,23243,23244,23244,2,2
2024-12-09 15:15:00.431,23243,23244,23245,5,5
2024-12-09 15:15:00.431,23243,23244,23246,1,1
2024-12-09 15:15:00.434,23243,23244,23246,3,3
2024-12-09 15:15:00.434,23243,23244,23247,1,1
2024-12-09 15:15:00.440,23243,23244,23246,1,1
2024-12-09 15:15:00.440,23243,23244,23247,3,3
2024-12-09 15:15:03.006,23246,23248,23246,1,-1
2024-12-09 15:15:06.221,23246,23248,23246,1,-1
2024-12-09 15:15:06.683,23246,23248,23246,1,-1
2024-12-09 15:15:07.697,23245,23248,23245,2,-2
2024-12-09 15:15:14.593,23245,23246,23245,4,-4
2024-12-09 15:15:15.034,23244,23245,23244,1,-1
2024-12-09 15:15:16.363,23243,23244,23244,1,1
2024-12-09 15:15:22.230,23243,23245,23243,1,-1
2024-12-09 15:15:35.695,23242,23245,23242,2,-2
2024-12-09 15:16:01.320,23242,23243,23242,1,-1
2024-12-09 15:16:08.421,23242,23243,23242,1,-1
2024-12-09 15:16:12.028,23242,23243,23242,1,-1
2024-12-09 15:16:18.669,23242,23243,23243,1,1
2024-12-09 15:16:18.669,23242,23243,23243,3,3
2024-12-09 15:16:18.670,23242,23243,23243,1,1
2024-12-09 15:16:40.195,23244,23245,23245,2,2
2024-12-09 15:17:04.617,23245,23246,23245,1,-1
2024-12-09 15:17:05.347,23245,23246,23245,4,-4
2024-12-09 15:17:05.507,23244,23245,23244,1,-1
2024-12-09 15:17:05.507,23244,23245,23244,1,-1
2024-12-09 15:17:05.507,23244,23245,23244,2,-2
2024-12-09 15:17:13.225,23243,23244,23244,1,1
2024-12-09 15:17:20.000,23244,23246,23244,2,-2
2024-12-09 15:17:24.907,23243,23245,23243,2,-2
2024-12-09 15:17:28.586,23243,23245,23243,2,-2
2024-12-09 15:17:38.444,23242,23244,23242,2,-2
2024-12-09 15:17:41.751,23241,23243,23241,5,-5
2024-12-09 15:17:41.751,23241,23243,23240,12,-12
2024-12-09 15:17:41.752,23241,23243,23240,3,-3
2024-12-09 15:17:41.979,23238,23241,23238,2,-2
2024-12-09 15:17:45.358,23239,23242,23239,2,-2
2024-12-09 15:17:50.770,23239,23242,23239,1,-1
2024-12-09 15:17:51.747,23238,23241,23238,1,-1
2024-12-09 15:18:03.821,23239,23240,23240,1,1
2024-12-09 15:18:04.049,23240,23242,23240,1,-1
2024-12-09 15:18:34.894,23241,23244,23241,2,-2
2024-12-09 15:18:45.323,23241,23243,23241,2,-2
2024-12-09 15:18:49.995,23241,23243,23241,1,-1
2024-12-09 15:18:49.996,23241,23243,23240,3,-3
2024-12-09 15:18:54.680,23240,23241,23240,1,-1
2024-12-09 15:19:09.722,23240,23241,23240,1,-1
2024-12-09 15:19:26.121,23240,23241,23241,8,8
2024-12-09 15:19:26.121,23240,23241,23241,1,1
2024-12-09 15:19:32.339,23241,23244,23244,1,1
2024-12-09 15:19:32.717,23241,23244,23244,1,1
2024-12-09 15:19:32.746,23241,23244,23244,1,1
2024-12-09 15:19:32.773,23241,23244,23245,1,1
2024-12-09 15:19:54.843,23243,23245,23245,4,4
2024-12-09 15:19:54.843,23243,23245,23246,1,1
2024-12-09 15:20:00.961,23244,23246,23246,3,3
2024-12-09 15:20:01.424,23244,23247,23247,1,1
2024-12-09 15:20:01.604,23244,23247,23247,1,1
2024-12-09 15:20:01.879,23244,23247,23247,1,1
2024-12-09 15:20:02.027,23244,23247,23247,1,1
2024-12-09 15:20:02.204,23244,23247,23247,1,1
2024-12-09 15:20:02.351,23245,23247,23247,1,1
2024-12-09 15:20:02.509,23245,23248,23248,1,1
2024-12-09 15:20:02.652,23245,23248,23248,1,1
2024-12-09 15:20:02.654,23245,23248,23248,1,1
2024-12-09 15:20:02.853,23245,23248,23248,1,1
2024-12-09 15:20:03.008,23245,23248,23248,1,1
2024-12-09 15:20:03.157,23245,23248,23248,1,1
2024-12-09 15:20:03.306,23245,23248,23248,1,1
2024-12-09 15:20:03.446,23245,23248,23248,1,1
2024-12-09 15:20:03.596,23245,23248,23248,1,1
2024-12-09 15:20:03.751,23245,23248,23248,1,1
2024-12-09 15:20:03.899,23245,23248,23248,1,1
2024-12-09 15:20:04.048,23245,23248,23248,1,1
2024-12-09 15:20:04.189,23245,23248,23248,1,1
2024-12-09 15:20:04.190,23245,23248,23248,4,4
2024-12-09 15:20:04.339,23247,23249,23249,1,1
2024-12-09 15:20:04.498,23247,23249,23249,1,1
2024-12-09 15:20:05.640,23247,23250,23250,1,1
2024-12-09 15:20:05.735,23247,23250,23250,1,1
2024-12-09 15:20:07.813,23247,23250,23250,3,3
2024-12-09 15:20:10.260,23249,23250,23250,1,1
2024-12-09 15:20:12.419,23249,23251,23251,3,3
2024-12-09 15:20:12.419,23249,23251,23252,1,1
2024-12-09 15:20:14.306,23251,23252,23251,3,-3
2024-12-09 15:20:14.306,23251,23252,23250,7,-7
2024-12-09 15:20:17.762,23250,23251,23250,1,-1
2024-12-09 15:20:17.920,23250,23251,23250,3,-3
2024-12-09 15:20:20.026,23249,23250,23249,2,-2
2024-12-09 15:20:20.191,23248,23249,23249,2,2
2024-12-09 15:20:24.521,23249,23250,23250,2,2
2024-12-09 15:20:25.483,23249,23251,23249,1,-1
2024-12-09 15:20:26.558,23249,23251,23249,2,-2
2024-12-09 15:20:30.947,23249,23250,23250,1,1
2024-12-09 15:20:30.948,23249,23250,23251,1,1
2024-12-09 15:20:31.292,23250,23252,23250,1,-1
2024-12-09 15:20:34.466,23249,23251,23251,1,1
2024-12-09 15:20:38.411,23250,23252,23252,5,5
2024-12-09 15:20:38.411,23250,23252,23252,3,3
2024-12-09 15:20:38.412,23250,23252,23252,2,2
2024-12-09 15:20:39.546,23251,23253,23253,1,1
2024-12-09 15:20:39.546,23251,23253,23253,2,2
2024-12-09 15:20:39.929,23253,23254,23254,3,3
2024-12-09 15:20:40.086,23253,23255,23255,1,1
2024-12-09 15:20:40.091,23253,23255,23255,1,1
2024-12-09 15:20:42.204,23254,23257,23254,1,-1
2024-12-09 15:20:45.207,23254,23255,23255,1,1
2024-12-09 15:20:45.207,23254,23255,23255,1,1
2024-12-09 15:20:47.605,23255,23257,23255,1,-1
2024-12-09 15:20:47.718,23255,23257,23255,1,-1
2024-12-09 15:20:47.962,23255,23257,23255,1,-1
2024-12-09 15:20:48.474,23255,23257,23257,1,1
2024-12-09 15:20:51.726,23256,23257,23256,1,-1
2024-12-09 15:20:55.268,23255,23257,23257,2,2
2024-12-09 15:21:00.187,23256,23257,23257,1,1
2024-12-09 15:21:00.419,23256,23258,23258,1,1
2024-12-09 15:21:00.618,23256,23258,23258,1,1
2024-12-09 15:21:01.092,23256,23258,23258,9,9
2024-12-09 15:21:01.685,23258,23259,23259,7,7
2024-12-09 15:21:01.685,23258,23259,23260,6,6
2024-12-09 15:21:01.685,23258,23259,23260,4,4
2024-12-09 15:21:01.686,23258,23259,23261,1,1
2024-12-09 15:21:01.836,23259,23262,23262,1,1
2024-12-09 15:21:01.843,23259,23262,23262,1,1
2024-12-09 15:21:01.936,23261,23263,23261,1,-1
2024-12-09 15:21:01.955,23261,23263,23262,1,-1
2024-12-09 15:21:05.494,23261,23262,23261,1,-1
2024-12-09 15:21:08.816,23259,23262,23260,1,-1
2024-12-09 15:21:09.316,23259,23262,23262,1,1
2024-12-09 15:21:09.850,23259,23262,23262,1,1
2024-12-09 15:21:09.981,23260,23262,23262,2,2
2024-12-09 15:21:10.126,23262,23263,23262,1,-1
2024-12-09 15:21:10.984,23262,23263,23263,1,1
2024-12-09 15:21:11.056,23262,23264,23264,1,1
2024-12-09 15:21:11.079,23262,23264,23264,1,1
2024-12-09 15:21:11.220,23262,23264,23264,1,1
2024-12-09 15:21:11.279,23262,23264,23264,1,1
2024-12-09 15:21:12.014,23262,23264,23264,1,1
2024-12-09 15:21:12.025,23262,23264,23263,1,1
2024-12-09 15:21:13.703,23263,23264,23264,1,1
2024-12-09 15:21:14.296,23263,23265,23263,1,-1
2024-12-09 15:21:17.230,23262,23264,23265,3,3
2024-12-09 15:21:17.230,23262,23264,23264,3,3
2024-12-09 15:21:17.296,23262,23264,23264,1,1
2024-12-09 15:21:17.310,23262,23264,23265,2,2
2024-12-09 15:21:17.344,23262,23264,23265,1,1
2024-12-09 15:21:17.372,23262,23264,23265,1,1
2024-12-09 15:21:17.549,23263,23266,23266,3,3
2024-12-09 15:21:17.888,23264,23266,23266,1,1
2024-12-09 15:21:17.917,23264,23266,23266,7,7
2024-12-09 15:21:17.917,23264,23266,23266,6,6
2024-12-09 15:21:20.113,23266,23267,23267,1,1
2024-12-09 15:21:20.176,23267,23268,23268,2,2
2024-12-09 15:21:20.176,23267,23268,23268,4,4
2024-12-09 15:21:20.429,23267,23269,23269,4,4
2024-12-09 15:21:20.429,23267,23269,23269,1,1
2024-12-09 15:21:20.430,23267,23269,23270,5,5
2024-12-09 15:21:20.553,23269,23271,23271,1,1
2024-12-09 15:21:20.554,23269,23271,23271,1,1
2024-12-09 15:21:20.570,23269,23271,23272,1,1
2024-12-09 15:21:20.571,23269,23271,23272,1,1
2024-12-09 15:21:20.571,23269,23271,23273,5,5
2024-12-09 15:21:20.677,23271,23274,23274,2,2
2024-12-09 15:21:20.695,23271,23274,23274,1,1
2024-12-09 15:21:20.695,23271,23274,23275,3,3
2024-12-09 15:21:20.722,23271,23274,23275,1,1
2024-12-09 15:21:20.748,23271,23274,23275,1,1
2024-12-09 15:21:20.803,23272,23275,23275,4,4
2024-12-09 15:21:20.806,23272,23275,23273,1,-1
2024-12-09 15:21:20.828,23272,23275,23275,6,6
2024-12-09 15:21:20.828,23272,23275,23276,4,4
2024-12-09 15:21:20.828,23272,23275,23277,6,6
2024-12-09 15:21:20.828,23272,23275,23278,8,8
2024-12-09 15:21:20.829,23272,23275,23278,1,1
2024-12-09 15:21:20.859,23272,23275,23278,4,4
2024-12-09 15:21:20.866,23272,23275,23279,1,1
2024-12-09 15:21:20.874,23272,23275,23279,1,1
2024-12-09 15:21:20.874,23272,23275,23279,1,1
2024-12-09 15:21:20.878,23272,23275,23279,1,1
2024-12-09 15:21:20.889,23272,23275,23279,2,2
2024-12-09 15:21:20.889,23272,23275,23280,2,2
2024-12-09 15:21:20.920,23277,23280,23280,3,3
2024-12-09 15:21:20.933,23277,23280,23280,1,1
2024-12-09 15:21:20.942,23277,23280,23280,7,7
2024-12-09 15:21:20.942,23277,23280,23281,3,3
2024-12-09 15:21:20.942,23277,23280,23281,4,4
2024-12-09 15:21:20.943,23277,23280,23281,1,1
2024-12-09 15:21:20.943,23277,23280,23282,5,5
2024-12-09 15:21:20.944,23277,23280,23282,1,1
2024-12-09 15:21:20.945,23277,23280,23281,1,1
2024-12-09 15:21:20.945,23277,23280,23282,1,1
2024-12-09 15:21:20.969,23277,23280,23282,1,1
2024-12-09 15:21:20.972,23277,23280,23282,1,1
2024-12-09 15:21:20.981,23277,23280,23282,1,1
2024-12-09 15:21:21.008,23277,23280,23279,1,1
2024-12-09 15:21:21.009,23277,23280,23281,1,1
2024-12-09 15:21:21.033,23277,23280,23281,1,1
2024-12-09 15:21:21.045,23278,23281,23281,1,1
2024-12-09 15:21:21.081,23278,23281,23282,1,1
2024-12-09 15:21:21.106,23278,23281,23280,1,1
2024-12-09 15:21:21.136,23278,23281,23281,1,1
2024-12-09 15:21:21.169,23278,23281,23281,2,2
2024-12-09 15:21:21.169,23278,23281,23282,1,1
2024-12-09 15:21:21.189,23278,23281,23281,1,1
2024-12-09 15:21:21.192,23278,23281,23281,2,2
2024-12-09 15:21:21.397,23281,23283,23283,1,1
2024-12-09 15:21:21.675,23281,23283,23283,1,1
2024-12-09 15:21:21.697,23281,23283,23283,1,1
2024-12-09 15:21:22.229,23281,23283,23283,1,1
2024-12-09 15:21:22.505,23282,23284,23282,1,-1
2024-12-09 15:21:22.960,23282,23284,23284,1,1
2024-12-09 15:21:22.987,23282,23284,23284,1,1
2024-12-09 15:21:22.987,23282,23284,23285,4,4
2024-12-09 15:21:22.987,23282,23284,23285,2,2
2024-12-09 15:21:22.987,23282,23284,23286,3,3
2024-12-09 15:21:22.993,23282,23284,23285,1,1
2024-12-09 15:21:22.993,23282,23284,23286,4,4
2024-12-09 15:21:23.000,23282,23284,23286,3,3
2024-12-09 15:21:23.000,23282,23284,23287,2,2
2024-12-09 15:21:23.040,23284,23287,23287,1,1
2024-12-09 15:21:23.041,23284,23287,23287,4,4
2024-12-09 15:21:23.046,23284,23287,23287,1,1
2024-12-09 15:21:23.047,23284,23287,23287,1,1
2024-12-09 15:21:23.055,23284,23287,23289,4,4
2024-12-09 15:21:23.055,23284,23287,23288,4,4
2024-12-09 15:21:23.074,23284,23287,23288,1,1
2024-12-09 15:21:23.098,23284,23287,23289,1,1
2024-12-09 15:21:23.099,23284,23287,23289,1,1
2024-12-09 15:21:23.108,23284,23287,23289,5,5
2024-12-09 15:21:23.111,23284,23287,23289,1,1
2024-12-09 15:21:23.111,23284,23287,23290,2,2
2024-12-09 15:21:23.112,23284,23287,23290,2,2
2024-12-09 15:21:23.112,23284,23287,23290,6,6
2024-12-09 15:21:23.114,23284,23287,23291,1,1
2024-12-09 15:21:23.114,23284,23287,23291,5,5
2024-12-09 15:21:23.117,23284,23287,23292,2,2
2024-12-09 15:21:23.117,23284,23287,23292,8,8
2024-12-09 15:21:23.128,23284,23287,23293,1,1
2024-12-09 15:21:23.128,23284,23287,23293,4,4
2024-12-09 15:21:23.128,23284,23287,23293,1,1
2024-12-09 15:21:23.132,23284,23287,23294,1,1
2024-12-09 15:21:23.134,23284,23287,23294,1,1
2024-12-09 15:21:23.134,23284,23287,23294,1,1
2024-12-09 15:21:23.142,23284,23287,23294,1,1
2024-12-09 15:21:23.143,23284,23287,23294,2,2
2024-12-09 15:21:23.147,23284,23287,23292,2,2
2024-12-09 15:21:23.149,23284,23287,23294,1,1
2024-12-09 15:21:23.164,23291,23294,23294,2,2
2024-12-09 15:21:23.167,23291,23294,23295,1,1
2024-12-09 15:21:23.171,23291,23294,23295,1,1
2024-12-09 15:21:23.200,23291,23294,23295,1,1
2024-12-09 15:21:23.200,23291,23294,23295,1,1
2024-12-09 15:21:23.210,23291,23294,23295,1,1
2024-12-09 15:21:23.213,23291,23294,23296,1,1
2024-12-09 15:21:23.214,23291,23294,23296,1,1
2024-12-09 15:21:23.218,23291,23294,23297,6,6
2024-12-09 15:21:23.218,23291,23294,23296,2,2
2024-12-09 15:21:23.222,23291,23294,23297,1,1
2024-12-09 15:21:23.223,23291,23294,23297,1,1
2024-12-09 15:21:23.227,23291,23294,23298,6,6
2024-12-09 15:21:23.227,23291,23294,23299,2,2
2024-12-09 15:21:23.241,23291,23294,23298,1,1
2024-12-09 15:21:23.255,23291,23294,23298,2,2
2024-12-09 15:21:23.255,23291,23294,23299,3,3
2024-12-09 15:21:23.273,23291,23294,23298,1,1
2024-12-09 15:21:23.278,23291,23294,23298,1,1
2024-12-09 15:21:23.292,23296,23298,23298,1,1
2024-12-09 15:21:23.296,23296,23298,23298,3,3
2024-12-09 15:21:23.296,23296,23298,23299,4,4
2024-12-09 15:21:23.322,23296,23298,23298,1,1
2024-12-09 15:21:23.335,23296,23298,23296,2,-2
2024-12-09 15:21:23.335,23296,23298,23296,1,-1
2024-12-09 15:21:23.336,23296,23298,23298,1,1
2024-12-09 15:21:23.397,23296,23298,23298,2,2
2024-12-09 15:21:23.399,23296,23298,23298,1,1
2024-12-09 15:21:23.406,23296,23298,23298,1,1
2024-12-09 15:21:23.408,23295,23298,23298,1,1
2024-12-09 15:21:23.408,23295,23298,23299,88,88
2024-12-09 15:21:23.409,23295,23298,23299,1,1
2024-12-09 15:21:23.409,23295,23298,23299,1,1
2024-12-09 15:21:23.410,23295,23298,23300,1,1
2024-12-09 15:21:23.411,23295,23298,23300,1,1
2024-12-09 15:21:23.411,23295,23298,23300,1,1
2024-12-09 15:21:23.411,23295,23298,23300,5,5
2024-12-09 15:21:23.420,23295,23298,23300,1,1
2024-12-09 15:21:23.429,23295,23298,23300,1,1
2024-12-09 15:21:23.430,23295,23298,23298,2,2
2024-12-09 15:21:23.430,23295,23298,23297,1,1
2024-12-09 15:21:23.435,23295,23298,23300,1,1
2024-12-09 15:21:23.435,23295,23298,23301,1,1
2024-12-09 15:21:23.446,23295,23298,23302,1,1
2024-12-09 15:21:23.454,23295,23298,23302,1,1
2024-12-09 15:21:23.458,23295,23298,23302,1,1
2024-12-09 15:21:23.468,23295,23298,23302,1,1
2024-12-09 15:21:23.497,23295,23298,23302,1,1
2024-12-09 15:21:23.531,23295,23298,23302,1,1
2024-12-09 15:21:23.545,23298,23302,23302,1,1
2024-12-09 15:21:23.556,23298,23302,23303,1,1
2024-12-09 15:21:23.565,23298,23302,23303,2,2
2024-12-09 15:21:23.568,23298,23302,23298,2,-2
2024-12-09 15:21:23.575,23298,23302,23300,1,-1
2024-12-09 15:21:23.587,23298,23302,23302,2,2
2024-12-09 15:21:23.593,23298,23302,23303,1,1
2024-12-09 15:21:23.616,23298,23302,23303,5,5
2024-12-09 15:21:23.624,23298,23302,23304,2,2
2024-12-09 15:21:23.624,23298,23302,23303,3,3
2024-12-09 15:21:23.636,23298,23302,23305,1,1
2024-12-09 15:21:23.636,23298,23302,23305,1,1
2024-12-09 15:21:23.645,23298,23302,23305,1,1
2024-12-09 15:21:23.645,23298,23302,23306,1,1
2024-12-09 15:21:23.671,23302,23305,23302,2,-2
2024-12-09 15:21:23.671,23302,23305,23301,1,-1
2024-12-09 15:21:23.674,23302,23305,23304,1,1
2024-12-09 15:21:23.674,23302,23305,23305,1,1
2024-12-09 15:21:23.697,23302,23305,23305,1,1
2024-12-09 15:21:23.743,23302,23305,23305,1,1
2024-12-09 15:21:23.743,23302,23305,23306,2,2
2024-12-09 15:21:23.757,23302,23305,23303,1,-1
2024-12-09 15:21:23.782,23302,23305,23305,1,1
2024-12-09 15:21:23.785,23302,23305,23305,1,1
2024-12-09 15:21:23.793,23302,23305,23305,1,1
2024-12-09 15:21:23.808,23302,23305,23305,1,1
2024-12-09 15:21:23.828,23302,23305,23302,1,-1
2024-12-09 15:21:23.828,23302,23305,23301,2,-2
2024-12-09 15:21:23.828,23302,23305,23301,2,-2
2024-12-09 15:21:23.829,23302,23305,23301,1,-1
2024-12-09 15:21:23.840,23302,23305,23304,1,1
2024-12-09 15:21:23.841,23302,23305,23302,1,-1
2024-12-09 15:21:23.841,23302,23305,23302,1,-1
2024-12-09 15:21:23.856,23302,23305,23305,1,1
2024-12-09 15:21:23.873,23302,23305,23302,1,-1
2024-12-09 15:21:23.920,23301,23305,23301,2,-2
2024-12-09 15:21:23.944,23301,23305,23300,2,-2
2024-12-09 15:21:23.954,23301,23305,23304,1,1
2024-12-09 15:21:23.968,23301,23305,23304,1,1
2024-12-09 15:21:23.971,23301,23305,23304,1,1
2024-12-09 15:21:23.998,23301,23305,23304,1,1
2024-12-09 15:21:24.003,23301,23305,23304,1,1
2024-12-09 15:21:24.037,23301,23304,23301,1,-1
2024-12-09 15:21:24.058,23301,23304,23303,1,1
2024-12-09 15:21:24.094,23301,23304,23300,2,-2
2024-12-09 15:21:24.114,23301,23304,23302,3,-3
2024-12-09 15:21:24.115,23301,23304,23302,5,-5
2024-12-09 15:21:24.116,23301,23304,23302,1,-1
2024-12-09 15:21:24.116,23301,23304,23302,1,-1
2024-12-09 15:21:24.123,23301,23304,23303,2,2
2024-12-09 15:21:24.160,23301,23304,23304,1,1
2024-12-09 15:21:24.160,23301,23304,23304,2,2
2024-12-09 15:21:24.160,23301,23304,23305,1,1
2024-12-09 15:21:24.161,23301,23304,23304,1,1
2024-12-09 15:21:24.161,23301,23304,23305,2,2
2024-12-09 15:21:24.162,23301,23304,23307,1,1
2024-12-09 15:21:24.162,23301,23304,23307,5,5
2024-12-09 15:21:24.162,23301,23304,23306,1,1
2024-12-09 15:21:24.162,23301,23304,23306,1,1
2024-12-09 15:21:24.162,23301,23304,23306,2,2
2024-12-09 15:21:24.162,23301,23304,23306,1,1
2024-12-09 15:21:24.165,23301,23304,23307,1,1
2024-12-09 15:21:24.169,23301,23304,23308,1,1
2024-12-09 15:21:24.215,23301,23304,23308,1,1
2024-12-09 15:21:24.224,23301,23304,23308,1,1
2024-12-09 15:21:24.225,23301,23304,23308,1,1
2024-12-09 15:21:24.241,23301,23304,23308,1,1
2024-12-09 15:21:24.246,23301,23304,23308,1,1
2024-12-09 15:21:24.306,23306,23309,23309,1,1
2024-12-09 15:21:24.317,23306,23309,23309,1,1
2024-12-09 15:21:24.346,23306,23309,23309,1,1
2024-12-09 15:21:24.351,23306,23309,23306,1,-1
2024-12-09 15:21:24.369,23306,23309,23305,1,-1
2024-12-09 15:21:24.407,23306,23309,23304,1,-1
2024-12-09 15:21:24.411,23303,23306,23306,1,1
2024-12-09 15:21:24.411,23303,23306,23306,2,2
2024-12-09 15:21:24.434,23303,23306,23307,1,1
2024-12-09 15:21:24.453,23303,23306,23307,1,1
2024-12-09 15:21:24.465,23303,23306,23308,1,1
2024-12-09 15:21:24.523,23303,23306,23308,1,1
2024-12-09 15:21:24.533,23303,23306,23309,1,1
2024-12-09 15:21:24.581,23306,23309,23309,1,1
2024-12-09 15:21:24.583,23306,23309,23307,1,-1
2024-12-09 15:21:24.602,23306,23309,23309,1,1
2024-12-09 15:21:24.613,23306,23309,23309,1,1
2024-12-09 15:21:24.654,23306,23309,23310,3,3
2024-12-09 15:21:24.662,23307,23310,23310,1,1
2024-12-09 15:21:24.671,23307,23310,23310,1,1
2024-12-09 15:21:24.704,23307,23310,23310,1,1
2024-12-09 15:21:24.704,23307,23310,23310,1,1
2024-12-09 15:21:24.706,23307,23310,23310,1,1
2024-12-09 15:21:24.772,23307,23310,23310,5,5
2024-12-09 15:21:24.868,23308,23310,23310,1,1
2024-12-09 15:21:24.887,23308,23310,23310,1,1
2024-12-09 15:21:24.976,23307,23310,23307,2,-2
2024-12-09 15:21:24.980,23307,23310,23309,1,1
2024-12-09 15:21:25.056,23306,23310,23310,1,1
2024-12-09 15:21:25.128,23306,23310,23310,1,1
2024-12-09 15:21:25.148,23306,23310,23310,1,1
2024-12-09 15:21:25.197,23307,23310,23307,1,-1
2024-12-09 15:21:25.243,23307,23310,23310,1,1
2024-12-09 15:21:25.258,23307,23310,23310,1,1
2024-12-09 15:21:25.331,23307,23310,23310,1,1
2024-12-09 15:21:25.383,23307,23310,23310,1,1
2024-12-09 15:21:25.540,23308,23310,23310,1,1
2024-12-09 15:21:25.584,23308,23310,23309,1,1
2024-12-09 15:21:25.637,23308,23310,23311,1,1
2024-12-09 15:21:25.641,23308,23310,23311,1,1
2024-12-09 15:21:25.643,23308,23310,23311,1,1
2024-12-09 15:21:25.643,23308,23310,23311,2,2
2024-12-09 15:21:25.644,23308,23310,23310,1,1
2024-12-09 15:21:25.656,23308,23310,23309,1,1
2024-12-09 15:21:25.657,23308,23310,23309,2,2
2024-12-09 15:21:25.666,23308,23312,23312,1,1
2024-12-09 15:21:25.723,23308,23312,23312,1,1
2024-12-09 15:21:25.727,23308,23312,23312,1,1
2024-12-09 15:21:25.737,23308,23312,23312,1,1
2024-12-09 15:21:25.803,23309,23313,23313,1,1
2024-12-09 15:21:25.826,23309,23313,23313,1,1
2024-12-09 15:21:25.826,23309,23313,23314,1,1
2024-12-09 15:21:25.971,23311,23314,23313,3,3
2024-12-09 15:21:25.972,23311,23314,23311,1,-1
2024-12-09 15:21:26.054,23311,23314,23314,1,1
2024-12-09 15:21:26.095,23311,23314,23315,1,1
2024-12-09 15:21:26.100,23311,23314,23312,1,-1
2024-12-09 15:21:26.214,23311,23314,23315,2,2
2024-12-09 15:21:26.214,23311,23314,23314,2,2
2024-12-09 15:21:26.223,23311,23314,23316,1,1
2024-12-09 15:21:26.237,23311,23314,23316,1,1
2024-12-09 15:21:26.271,23311,23314,23312,1,-1
2024-12-09 15:21:26.306,23311,23316,23316,4,4
2024-12-09 15:21:26.353,23311,23316,23312,2,-2
2024-12-09 15:21:26.355,23311,23316,23311,1,-1
2024-12-09 15:21:26.367,23311,23316,23310,4,-4
2024-12-09 15:21:26.367,23311,23316,23309,1,-1
2024-12-09 15:21:26.368,23311,23316,23309,1,-1
2024-12-09 15:21:26.372,23311,23316,23311,3,-3
2024-12-09 15:21:26.372,23311,23316,23312,2,-2
2024-12-09 15:21:26.381,23311,23316,23311,1,-1
2024-12-09 15:21:26.386,23311,23316,23311,1,-1
2024-12-09 15:21:26.680,23309,23312,23309,2,-2
2024-12-09 15:21:26.693,23309,23312,23309,1,-1
2024-12-09 15:21:26.736,23309,23312,23311,1,1
2024-12-09 15:21:26.736,23309,23312,23312,1,1
2024-12-09 15:21:26.737,23309,23312,23312,1,1
2024-12-09 15:21:26.739,23309,23312,23312,1,1
2024-12-09 15:21:26.740,23309,23312,23313,1,1
2024-12-09 15:21:26.965,23310,23313,23313,1,1
2024-12-09 15:21:27.217,23310,23313,23310,1,-1
2024-12-09 15:21:27.218,23310,23313,23309,1,-1
2024-12-09 15:21:27.228,23310,23313,23312,4,4
2024-12-09 15:21:27.287,23310,23312,23312,1,1
2024-12-09 15:21:27.287,23310,23312,23313,1,1
2024-12-09 15:21:27.287,23310,23312,23313,1,1
2024-12-09 15:21:27.287,23310,23312,23314,1,1
2024-12-09 15:21:27.287,23310,23312,23314,1,1
2024-12-09 15:21:27.332,23310,23312,23315,2,2
2024-12-09 15:21:27.332,23310,23312,23316,2,2
2024-12-09 15:21:27.332,23310,23312,23314,1,1
2024-12-09 15:21:27.386,23310,23312,23316,4,4
2024-12-09 15:21:27.694,23313,23316,23313,1,-1
2024-12-09 15:21:27.779,23313,23316,23312,2,-2
2024-12-09 15:21:27.797,23311,23315,23312,3,-3
2024-12-09 15:21:28.038,23312,23315,23312,1,-1
2024-12-09 15:21:28.220,23311,23315,23312,1,-1
2024-12-09 15:21:28.244,23311,23315,23315,2,2
2024-12-09 15:21:28.244,23311,23315,23316,7,7
2024-12-09 15:21:28.354,23313,23316,23316,1,1
2024-12-09 15:21:28.354,23313,23316,23317,3,3
2024-12-09 15:21:28.509,23314,23317,23318,1,1
2024-12-09 15:21:28.517,23314,23317,23315,1,-1
2024-12-09 15:21:29.031,23315,23318,23319,1,1
2024-12-09 15:21:29.031,23315,23318,23318,1,1
2024-12-09 15:21:29.043,23315,23318,23318,1,1
2024-12-09 15:21:29.170,23316,23319,23319,2,2
2024-12-09 15:21:29.444,23315,23318,23315,1,-1
2024-12-09 15:21:29.446,23315,23318,23315,1,-1
2024-12-09 15:21:29.448,23315,23318,23314,3,-3
2024-12-09 15:21:29.454,23315,23318,23313,1,-1
2024-12-09 15:21:29.644,23312,23316,23316,1,1
2024-12-09 15:21:30.419,23313,23316,23315,1,1
2024-12-09 15:21:30.454,23313,23316,23313,2,-2
2024-12-09 15:21:30.456,23313,23316,23313,2,-2
2024-12-09 15:21:30.549,23312,23315,23312,7,-7
2024-12-09 15:21:30.550,23312,23315,23311,19,-19
2024-12-09 15:21:30.552,23312,23315,23310,1,-1
2024-12-09 15:21:30.555,23312,23315,23309,1,-1
2024-12-09 15:21:30.593,23312,23315,23308,1,-1
2024-12-09 15:21:30.644,23312,23315,23309,1,-1
2024-12-09 15:21:31.091,23308,23310,23307,5,-5
2024-12-09 15:21:31.091,23308,23310,23306,1,-1
2024-12-09 15:21:31.091,23308,23310,23308,2,-2
2024-12-09 15:21:31.532,23305,23308,23306,2,-2
2024-12-09 15:21:31.729,23304,23307,23304,1,-1
2024-12-09 15:21:31.803,23303,23306,23303,6,-6
2024-12-09 15:21:32.771,23302,23304,23304,1,1
2024-12-09 15:21:32.771,23302,23304,23305,1,1
2024-12-09 15:21:33.149,23302,23305,23302,1,-1
2024-12-09 15:21:33.370,23301,23302,23301,1,-1
2024-12-09 15:21:33.370,23301,23302,23301,1,-1
2024-12-09 15:21:34.058,23300,23301,23300,1,-1
2024-12-09 15:21:34.952,23300,23302,23300,1,-1
2024-12-09 15:21:35.191,23298,23301,23301,3,3
2024-12-09 15:21:35.191,23298,23301,23302,1,1
2024-12-09 15:21:35.270,23298,23301,23301,1,1
2024-12-09 15:21:35.577,23299,23302,23299,1,-1
2024-12-09 15:21:36.213,23299,23301,23299,1,-1
2024-12-09 15:21:36.265,23299,23301,23299,1,-1
2024-12-09 15:21:36.287,23298,23299,23299,1,1
2024-12-09 15:21:36.288,23298,23299,23300,1,1
2024-12-09 15:21:36.288,23298,23299,23300,1,1
2024-12-09 15:21:36.288,23298,23299,23300,1,1
2024-12-09 15:21:36.289,23298,23299,23301,1,1
2024-12-09 15:21:36.908,23298,23301,23299,2,-2
2024-12-09 15:21:37.527,23298,23300,23298,2,-2
2024-12-09 15:21:37.651,23297,23299,23297,2,-2
2024-12-09 15:21:38.663,23295,23298,23298,2,2
2024-12-09 15:21:38.742,23295,23298,23295,1,-1
2024-12-09 15:21:39.087,23295,23298,23298,1,1
2024-12-09 15:21:39.302,23296,23299,23299,3,3
2024-12-09 15:21:39.302,23296,23299,23300,1,1
2024-12-09 15:21:41.836,23296,23299,23299,1,1
2024-12-09 15:21:41.839,23296,23299,23296,1,-1
2024-12-09 15:21:42.693,23296,23298,23296,1,-1
2024-12-09 15:21:43.151,23295,23298,23298,1,1
2024-12-09 15:21:44.076,23296,23299,23296,2,-2
2024-12-09 15:21:44.267,23295,23297,23297,2,2
2024-12-09 15:21:44.872,23296,23299,23299,4,4
2024-12-09 15:21:45.652,23297,23300,23297,3,-3
2024-12-09 15:21:45.662,23296,23299,23299,1,1
2024-12-09 15:21:45.663,23296,23299,23299,1,1
2024-12-09 15:21:45.792,23297,23300,23297,1,-1
2024-12-09 15:21:46.481,23296,23300,23298,1,-1
2024-12-09 15:21:46.723,23296,23299,23299,1,1
2024-12-09 15:21:47.123,23297,23300,23297,1,-1
2024-12-09 15:21:47.959,23296,23298,23296,1,-1
2024-12-09 15:21:47.960,23296,23298,23295,2,-2
2024-12-09 15:21:47.960,23296,23298,23295,1,-1
2024-12-09 15:21:48.056,23294,23297,23294,1,-1
2024-12-09 15:21:48.252,23294,23296,23296,1,1
2024-12-09 15:21:50.707,23294,23297,23294,2,-2
2024-12-09 15:21:51.067,23294,23296,23294,1,-1
2024-12-09 15:21:51.628,23293,23296,23293,1,-1
2024-12-09 15:21:53.103,23293,23296,23294,1,-1
2024-12-09 15:21:53.115,23293,23296,23295,1,1
2024-12-09 15:21:54.559,23293,23296,23296,2,2
2024-12-09 15:21:54.559,23293,23296,23297,2,2
2024-12-09 15:21:55.104,23295,23297,23295,1,-1
2024-12-09 15:21:55.435,23293,23296,23293,1,-1
2024-12-09 15:21:55.862,23293,23295,23295,1,1
2024-12-09 15:21:55.959,23293,23295,23295,1,1
2024-12-09 15:21:56.892,23293,23294,23293,1,-1
2024-12-09 15:21:56.892,23293,23294,23292,1,-1
2024-12-09 15:21:56.918,23291,23294,23293,1,1
2024-12-09 15:21:57.072,23292,23294,23294,1,1
2024-12-09 15:21:57.501,23292,23293,23293,1,1
2024-12-09 15:21:57.586,23293,23294,23294,3,3
2024-12-09 15:21:57.586,23293,23294,23294,1,1
2024-12-09 15:21:58.005,23295,23297,23294,1,-1
2024-12-09 15:21:58.462,23294,23296,23294,2,-2
2024-12-09 15:21:58.599,23293,23296,23293,1,-1
2024-12-09 15:22:00.064,23294,23295,23295,1,1
2024-12-09 15:22:00.215,23294,23297,23297,2,2
2024-12-09 15:22:00.215,23294,23297,23298,4,4
2024-12-09 15:22:00.215,23294,23297,23295,1,-1
2024-12-09 15:22:00.886,23296,23299,23296,1,-1
2024-12-09 15:22:01.793,23296,23299,23299,1,1
2024-12-09 15:22:01.811,23296,23299,23299,1,1
2024-12-09 15:22:02.055,23297,23300,23300,1,1
2024-12-09 15:22:02.242,23298,23300,23300,1,1
2024-12-09 15:22:02.270,23298,23300,23300,1,1
2024-12-09 15:22:02.306,23298,23301,23301,1,1
2024-12-09 15:22:03.007,23299,23301,23301,1,1
2024-12-09 15:22:03.271,23300,23302,23302,2,2
2024-12-09 15:22:03.704,23302,23304,23304,1,1
2024-12-09 15:22:03.704,23302,23304,23305,2,2
2024-12-09 15:22:03.712,23302,23304,23303,1,1
2024-12-09 15:22:03.792,23302,23305,23302,1,-1
2024-12-09 15:22:03.792,23302,23305,23301,2,-2
2024-12-09 15:22:04.061,23301,23304,23301,1,-1
2024-12-09 15:22:04.061,23301,23304,23300,7,-7
2024-12-09 15:22:04.061,23301,23304,23299,7,-7
2024-12-09 15:22:04.086,23301,23304,23301,1,-1
2024-12-09 15:22:04.307,23301,23302,23301,1,-1
2024-12-09 15:22:05.172,23300,23302,23302,1,1
2024-12-09 15:22:05.172,23300,23302,23303,3,3
2024-12-09 15:22:05.225,23300,23302,23303,1,1
2024-12-09 15:22:06.799,23302,23303,23302,1,-1
2024-12-09 15:22:08.092,23300,23302,23300,1,-1
2024-12-09 15:22:08.094,23300,23302,23299,6,-6
2024-12-09 15:22:08.163,23298,23299,23299,1,1
2024-12-09 15:22:08.163,23298,23299,23300,1,1
2024-12-09 15:22:08.163,23298,23299,23300,1,1
2024-12-09 15:22:08.325,23299,23301,23301,1,1
2024-12-09 15:22:08.325,23299,23301,23302,2,2
2024-12-09 15:22:09.579,23299,23300,23299,1,-1
2024-12-09 15:22:10.250,23299,23300,23300,3,3
2024-12-09 15:22:10.250,23299,23300,23302,5,5
2024-12-09 15:22:10.328,23300,23303,23303,1,1
2024-12-09 15:22:10.328,23300,23303,23303,1,1
2024-12-09 15:22:10.384,23300,23303,23304,1,1
2024-12-09 15:22:10.386,23300,23303,23304,1,1
2024-12-09 15:22:14.266,23302,23304,23304,2,2
2024-12-09 15:22:14.349,23303,23305,23305,1,1
2024-12-09 15:22:14.529,23304,23306,23306,1,1
2024-12-09 15:22:14.553,23305,23306,23306,1,1
2024-12-09 15:22:14.578,23305,23306,23305,1,-1
2024-12-09 15:22:14.595,23305,23306,23307,1,1
2024-12-09 15:22:14.595,23305,23306,23308,1,1
2024-12-09 15:22:14.664,23305,23308,23308,1,1
2024-12-09 15:22:14.665,23305,23308,23307,1,1
2024-12-09 15:22:14.665,23305,23308,23307,1,1
2024-12-09 15:22:14.837,23306,23309,23308,1,1
2024-12-09 15:22:15.876,23306,23309,23306,1,-1
2024-12-09 15:22:15.876,23306,23309,23305,3,-3
2024-12-09 15:22:15.877,23306,23309,23304,1,-1
2024-12-09 15:22:15.877,23306,23309,23304,1,-1
2024-12-09 15:22:15.877,23306,23309,23304,1,-1
2024-12-09 15:22:16.743,23303,23305,23305,4,4
2024-12-09 15:22:17.382,23303,23305,23303,1,-1
2024-12-09 15:22:17.385,23303,23305,23303,2,-2
2024-12-09 15:22:18.535,23302,23305,23305,1,1
2024-12-09 15:22:18.661,23302,23303,23303,1,1
2024-12-09 15:22:18.662,23302,23303,23305,1,1
2024-12-09 15:22:18.662,23302,23303,23305,1,1
2024-12-09 15:22:18.662,23302,23303,23305,1,1
2024-12-09 15:22:18.662,23302,23303,23305,1,1
2024-12-09 15:22:20.295,23302,23304,23303,1,1
2024-12-09 15:22:20.932,23302,23304,23302,2,-2
2024-12-09 15:22:21.439,23301,23302,23301,1,-1
2024-12-09 15:22:21.443,23301,23302,23300,3,-3
2024-12-09 15:22:22.365,23299,23301,23299,1,-1
2024-12-09 15:22:22.875,23299,23301,23299,3,-3
2024-12-09 15:22:23.326,23298,23300,23300,3,3
2024-12-09 15:22:23.326,23298,23300,23301,2,2
2024-12-09 15:22:25.625,23299,23301,23299,1,-1
2024-12-09 15:22:27.282,23299,23302,23299,1,-1
2024-12-09 15:22:27.411,23299,23301,23302,1,1
2024-12-09 15:22:27.411,23299,23301,23301,3,3
2024-12-09 15:22:28.414,23299,23301,23299,1,-1
2024-12-09 15:22:28.538,23298,23301,23301,1,1
2024-12-09 15:22:28.538,23298,23301,23301,1,1
2024-12-09 15:22:28.538,23298,23301,23302,1,1
2024-12-09 15:22:28.538,23298,23301,23302,1,1
2024-12-09 15:22:28.541,23298,23301,23302,1,1
2024-12-09 15:22:29.576,23301,23303,23301,1,-1
2024-12-09 15:22:30.448,23301,23303,23301,1,-1
2024-12-09 15:22:33.899,23301,23304,23304,2,2
2024-12-09 15:22:36.201,23303,23305,23305,3,3
2024-12-09 15:22:36.202,23303,23305,23305,1,1
2024-12-09 15:22:36.202,23303,23305,23305,1,1
2024-12-09 15:22:36.202,23303,23305,23305,7,7
2024-12-09 15:22:36.202,23303,23305,23305,1,1
2024-12-09 15:22:36.203,23303,23305,23304,1,1
2024-12-09 15:22:37.589,23303,23306,23306,4,4
2024-12-09 15:22:39.078,23304,23306,23306,1,1
2024-12-09 15:22:39.887,23304,23306,23306,1,1
2024-12-09 15:22:41.673,23305,23307,23305,1,-1
2024-12-09 15:22:41.922,23304,23306,23304,2,-2
2024-12-09 15:22:41.922,23304,23306,23303,3,-3
2024-12-09 15:22:42.795,23302,23305,23305,1,1
2024-12-09 15:22:43.082,23302,23305,23302,1,-1
2024-12-09 15:22:43.481,23302,23305,23305,1,1
2024-12-09 15:22:44.393,23302,23304,23302,1,-1
2024-12-09 15:22:45.019,23301,23304,23304,3,3
2024-12-09 15:22:45.019,23301,23304,23305,4,4
2024-12-09 15:22:45.020,23301,23304,23305,1,1
2024-12-09 15:22:47.968,23302,23305,23305,2,2
2024-12-09 15:22:47.968,23302,23305,23306,2,2
2024-12-09 15:22:48.510,23303,23306,23306,7,7
2024-12-09 15:22:50.999,23304,23307,23304,3,-3
2024-12-09 15:22:52.270,23303,23305,23305,1,1
2024-12-09 15:22:55.411,23303,23306,23303,5,-5
2024-12-09 15:22:55.411,23303,23306,23302,15,-15
2024-12-09 15:22:55.416,23303,23306,23302,1,-1
2024-12-09 15:22:55.416,23303,23306,23301,3,-3
2024-12-09 15:22:57.755,23300,23303,23300,14,-14
2024-12-09 15:22:58.322,23299,23300,23300,1,1
2024-12-09 15:22:58.323,23299,23300,23299,7,-7
2024-12-09 15:22:59.171,23298,23299,23299,1,1
2024-12-09 15:22:59.434,23298,23300,23300,4,4
2024-12-09 15:23:02.183,23298,23300,23300,2,2
2024-12-09 15:23:02.183,23298,23300,23301,1,1
2024-12-09 15:23:02.183,23298,23300,23302,1,1
2024-12-09 15:23:02.330,23300,23302,23302,1,1
2024-12-09 15:23:02.330,23300,23302,23303,4,4
2024-12-09 15:23:02.673,23302,23305,23305,1,1
2024-12-09 15:23:02.699,23302,23305,23305,1,1
2024-12-09 15:23:02.702,23302,23305,23305,1,1
2024-12-09 15:23:02.703,23302,23305,23305,2,2
2024-12-09 15:23:02.851,23305,23307,23307,3,3
2024-12-09 15:23:03.162,23305,23307,23307,1,1
2024-12-09 15:23:03.174,23305,23307,23307,1,1
2024-12-09 15:23:03.184,23305,23307,23307,1,1
2024-12-09 15:23:04.151,23305,23308,23307,1,1
2024-12-09 15:23:04.666,23306,23308,23308,1,1
2024-12-09 15:23:04.666,23306,23308,23309,1,1
2024-12-09 15:23:04.667,23306,23308,23309,1,1
2024-12-09 15:23:04.668,23306,23308,23309,3,3
2024-12-09 15:23:04.669,23306,23308,23309,2,2
2024-12-09 15:23:04.900,23307,23310,23310,1,1
2024-12-09 15:23:05.004,23308,23310,23310,1,1
2024-12-09 15:23:05.039,23308,23310,23310,1,1
2024-12-09 15:23:07.641,23308,23310,23307,11,-11
2024-12-09 15:23:07.641,23308,23310,23308,3,-3
2024-12-09 15:23:08.042,23305,23307,23307,1,1
2024-12-09 15:23:09.050,23305,23307,23307,4,4
2024-12-09 15:23:10.091,23305,23307,23307,1,1
2024-12-09 15:23:10.565,23304,23307,23307,1,1
2024-12-09 15:23:10.789,23305,23308,23305,4,-4
2024-12-09 15:23:10.790,23305,23308,23305,1,-1
2024-12-09 15:23:14.575,23305,23306,23306,1,1
2024-12-09 15:23:17.703,23306,23309,23306,1,-1
2024-12-09 15:23:18.301,23306,23309,23309,3,3
2024-12-09 15:23:18.301,23306,23309,23310,1,1
2024-12-09 15:23:19.047,23308,23309,23308,2,-2
2024-12-09 15:23:19.047,23308,23309,23307,5,-5
2024-12-09 15:23:22.930,23305,23307,23305,7,-7
2024-12-09 15:23:23.386,23303,23305,23305,1,1
2024-12-09 15:23:27.977,23303,23306,23306,4,4
2024-12-09 15:23:32.796,23303,23305,23303,4,-4
2024-12-09 15:23:32.912,23302,23303,23303,1,1
2024-12-09 15:23:37.159,23302,23303,23302,2,-2
2024-12-09 15:23:37.783,23301,23303,23303,1,1
2024-12-09 15:23:38.460,23301,23303,23303,4,4
2024-12-09 15:23:42.375,23301,23303,23303,3,3
2024-12-09 15:23:42.377,23301,23303,23303,3,3
2024-12-09 15:23:45.215,23301,23304,23304,2,2
2024-12-09 15:23:46.662,23302,23305,23302,1,-1
2024-12-09 15:23:47.286,23302,23304,23302,1,-1
2024-12-09 15:23:49.445,23302,23303,23303,1,1
2024-12-09 15:23:50.402,23302,23304,23304,1,1
2024-12-09 15:23:51.346,23303,23304,23304,1,1
2024-12-09 15:23:51.913,23304,23305,23304,4,-4
2024-12-09 15:23:52.375,23303,23305,23305,1,1
2024-12-09 15:23:55.247,23303,23305,23303,5,-5
2024-12-09 15:23:59.301,23301,23303,23301,5,-5
2024-12-09 15:23:59.530,23300,23302,23302,1,1
2024-12-09 15:24:00.419,23300,23302,23302,1,1
2024-12-09 15:24:00.587,23301,23302,23302,2,2
2024-12-09 15:24:00.686,23301,23302,23302,1,1
2024-12-09 15:24:00.834,23301,23302,23302,1,1
2024-12-09 15:24:00.940,23302,23304,23304,2,2
2024-12-09 15:24:01.047,23302,23304,23304,1,1
2024-12-09 15:24:01.048,23302,23304,23304,1,1
2024-12-09 15:24:01.048,23302,23304,23304,2,2
2024-12-09 15:24:01.285,23303,23305,23305,1,1
2024-12-09 15:24:02.617,23304,23306,23306,1,1
2024-12-09 15:24:02.618,23304,23306,23306,1,1
2024-12-09 15:24:02.618,23304,23306,23306,5,5
2024-12-09 15:24:03.451,23306,23307,23307,8,8
2024-12-09 15:24:03.452,23306,23307,23308,2,2
2024-12-09 15:24:03.453,23306,23307,23308,1,1
2024-12-09 15:24:07.680,23308,23309,23308,2,-2
2024-12-09 15:24:07.680,23308,23309,23308,1,-1
2024-12-09 15:24:10.010,23308,23309,23308,2,-2
2024-12-09 15:24:10.537,23308,23309,23309,6,6
2024-12-09 15:24:10.537,23308,23309,23310,2,2
2024-12-09 15:24:12.630,23308,23309,23309,1,1
2024-12-09 15:24:13.897,23308,23310,23310,2,2
2024-12-09 15:24:15.662,23309,23310,23310,4,4
2024-12-09 15:24:15.664,23309,23310,23310,1,1
2024-12-09 15:24:15.664,23309,23310,23310,2,2
2024-12-09 15:24:15.664,23309,23310,23310,1,1
2024-12-09 15:24:15.665,23309,23310,23310,1,1
2024-12-09 15:24:16.092,23309,23311,23309,1,-1
2024-12-09 15:24:16.749,23308,23310,23308,2,-2
2024-12-09 15:24:16.870,23304,23307,23307,1,1
2024-12-09 15:24:31.034,23306,23307,23306,1,-1
2024-12-09 15:24:33.622,23305,23306,23305,1,-1
2024-12-09 15:24:33.624,23305,23306,23304,4,-4
2024-12-09 15:24:34.423,23303,23305,23303,1,-1
2024-12-09 15:24:35.275,23303,23305,23303,11,-11
2024-12-09 15:24:35.276,23303,23305,23302,1,-1
2024-12-09 15:24:40.199,23300,23302,23301,2,-2
2024-12-09 15:24:42.363,23300,23302,23300,7,-7
2024-12-09 15:24:42.364,23300,23302,23299,1,-1
2024-12-09 15:24:42.462,23298,23301,23301,1,1
2024-12-09 15:24:42.499,23298,23301,23299,1,-1
2024-12-09 15:24:49.478,23298,23300,23300,1,1
2024-12-09 15:24:53.155,23299,23300,23299,2,-2
2024-12-09 15:24:54.448,23298,23299,23298,1,-1
2024-12-09 15:24:54.448,23298,23299,23298,2,-2
2024-12-09 15:24:54.448,23298,23299,23298,1,-1
2024-12-09 15:24:54.448,23298,23299,23298,1,-1
2024-12-09 15:24:54.448,23298,23299,23298,3,-3
2024-12-09 15:24:55.823,23297,23299,23299,1,1
2024-12-09 15:24:56.322,23297,23299,23299,1,1
2024-12-09 15:24:56.387,23297,23299,23297,1,-1
2024-12-09 15:24:58.883,23297,23299,23299,2,2
2024-12-09 15:24:58.885,23297,23299,23300,1,1
2024-12-09 15:24:58.885,23297,23299,23300,1,1
2024-12-09 15:24:58.885,23297,23299,23300,2,2
2024-12-09 15:24:58.885,23297,23299,23300,1,1
2024-12-09 15:24:58.885,23297,23299,23300,2,2
2024-12-09 15:24:58.885,23297,23299,23300,1,1
2024-12-09 15:25:00.196,23299,23300,23300,1,1
2024-12-09 15:25:00.299,23298,23301,23301,1,1
2024-12-09 15:25:00.299,23298,23301,23302,1,1
2024-12-09 15:25:00.299,23298,23301,23302,1,1
2024-12-09 15:25:00.470,23300,23302,23302,2,2
2024-12-09 15:25:00.771,23302,23304,23304,1,1
2024-12-09 15:25:02.892,23304,23305,23304,2,-2
2024-12-09 15:25:02.911,23303,23305,23305,1,1
2024-12-09 15:25:02.912,23303,23305,23305,1,1
2024-12-09 15:25:02.912,23303,23305,23306,1,1
2024-12-09 15:25:02.917,23303,23305,23306,1,1
2024-12-09 15:25:03.708,23305,23306,23305,1,-1
2024-12-09 15:25:06.039,23304,23306,23304,1,-1
2024-12-09 15:25:06.117,23304,23306,23306,1,1
2024-12-09 15:25:08.084,23303,23306,23306,2,2
2024-12-09 15:25:08.162,23304,23307,23307,1,1
2024-12-09 15:25:08.162,23304,23307,23307,1,1
2024-12-09 15:25:08.162,23304,23307,23307,1,1
2024-12-09 15:25:10.129,23305,23306,23306,1,1
2024-12-09 15:25:11.623,23306,23307,23307,1,1
2024-12-09 15:25:12.624,23306,23308,23306,1,-1
2024-12-09 15:25:13.380,23305,23308,23306,1,-1
2024-12-09 15:25:14.149,23305,23307,23307,1,1
2024-12-09 15:25:14.812,23307,23308,23308,1,1
2024-12-09 15:25:14.967,23307,23308,23308,1,1
2024-12-09 15:25:15.052,23307,23309,23307,2,-2
2024-12-09 15:25:17.054,23307,23309,23309,2,2
2024-12-09 15:25:18.871,23307,23309,23309,1,1
2024-12-09 15:25:18.912,23307,23310,23310,1,1
2024-12-09 15:25:19.070,23308,23310,23310,1,1
2024-12-09 15:25:19.234,23308,23310,23310,1,1
2024-12-09 15:25:19.318,23308,23310,23308,1,-1
2024-12-09 15:25:19.402,23308,23310,23310,1,1
2024-12-09 15:25:19.595,23307,23309,23309,1,1
2024-12-09 15:25:19.763,23307,23310,23310,1,1
2024-12-09 15:25:21.780,23306,23309,23309,1,1
2024-12-09 15:25:22.539,23306,23308,23308,1,1
2024-12-09 15:25:23.997,23306,23308,23306,2,-2
2024-12-09 15:25:23.999,23306,23308,23305,1,-1
2024-12-09 15:25:24.012,23306,23308,23303,1,-1
2024-12-09 15:25:24.804,23304,23306,23306,1,1
2024-12-09 15:25:28.510,23304,23305,23304,1,-1
2024-12-09 15:25:30.628,23303,23305,23303,2,-2
2024-12-09 15:25:30.663,23302,23305,23305,1,1
2024-12-09 15:25:30.663,23302,23305,23305,1,1
2024-12-09 15:25:30.663,23302,23305,23305,1,1
2024-12-09 15:25:30.663,23302,23305,23306,1,1
2024-12-09 15:25:36.377,23305,23307,23307,1,1
2024-12-09 15:25:37.646,23307,23309,23308,1,1
2024-12-09 15:25:38.278,23308,23309,23308,2,-2
2024-12-09 15:25:38.505,23307,23309,23307,1,-1
2024-12-09 15:25:40.184,23308,23309,23309,2,2
2024-12-09 15:25:40.184,23308,23309,23309,1,1
2024-12-09 15:25:40.384,23309,23310,23310,3,3
2024-12-09 15:25:41.044,23309,23311,23309,1,-1
2024-12-09 15:25:41.311,23309,23311,23311,1,1
2024-12-09 15:25:41.535,23310,23311,23311,1,1
2024-12-09 15:25:42.227,23310,23311,23311,2,2
2024-12-09 15:25:46.203,23310,23311,23310,1,-1
2024-12-09 15:25:47.013,23307,23310,23310,1,1
2024-12-09 15:25:47.037,23308,23311,23311,1,1
2024-12-09 15:25:48.848,23310,23311,23310,1,-1
2024-12-09 15:25:48.909,23308,23310,23310,1,1
2024-12-09 15:25:49.332,23308,23310,23310,1,1
2024-12-09 15:25:49.550,23309,23310,23310,2,2
2024-12-09 15:25:49.875,23310,23311,23311,1,1
2024-12-09 15:25:49.876,23310,23311,23311,1,1
2024-12-09 15:25:50.393,23311,23312,23311,1,-1
2024-12-09 15:25:51.720,23311,23312,23311,1,-1
2024-12-09 15:25:54.161,23311,23312,23311,1,-1
2024-12-09 15:25:54.832,23311,23312,23311,1,-1
2024-12-09 15:26:00.185,23309,23311,23309,1,-1
2024-12-09 15:26:00.187,23309,23311,23308,1,-1
2024-12-09 15:26:00.191,23309,23311,23309,3,-3
2024-12-09 15:26:00.289,23307,23310,23310,1,1
2024-12-09 15:26:01.140,23311,23312,23311,1,-1
2024-12-09 15:26:01.162,23310,23311,23311,1,1
2024-12-09 15:26:01.162,23310,23311,23312,1,1
2024-12-09 15:26:01.162,23310,23311,23312,1,1
2024-12-09 15:26:01.435,23311,23312,23312,1,1
2024-12-09 15:26:01.483,23311,23312,23312,1,1
2024-12-09 15:26:01.499,23311,23312,23312,1,1
2024-12-09 15:26:03.018,23311,23312,23311,1,-1
2024-12-09 15:26:03.279,23310,23312,23312,2,2
2024-12-09 15:26:03.968,23312,23313,23313,6,6
2024-12-09 15:26:03.968,23312,23313,23314,1,1
2024-12-09 15:26:04.025,23312,23313,23314,1,1
2024-12-09 15:26:04.129,23312,23315,23315,3,3
2024-12-09 15:26:04.156,23312,23315,23314,1,1
2024-12-09 15:26:04.168,23312,23314,23314,2,2
2024-12-09 15:26:04.213,23312,23314,23315,1,1
2024-12-09 15:26:04.328,23313,23315,23315,1,1
2024-12-09 15:26:09.191,23312,23314,23314,1,1
2024-12-09 15:26:09.191,23312,23314,23315,3,3
2024-12-09 15:26:09.818,23313,23315,23315,2,2
2024-12-09 15:26:10.331,23313,23315,23315,1,1
2024-12-09 15:26:10.412,23313,23315,23315,1,1
2024-12-09 15:26:10.412,23313,23315,23315,1,1
2024-12-09 15:26:10.413,23313,23315,23315,1,1
2024-12-09 15:26:12.270,23314,23316,23314,1,-1
2024-12-09 15:26:12.647,23314,23316,23315,1,-1
2024-12-09 15:26:12.848,23314,23316,23314,1,-1
2024-12-09 15:26:15.666,23313,23315,23315,1,1
2024-12-09 15:26:15.666,23313,23315,23315,1,1
2024-12-09 15:26:16.571,23314,23316,23316,1,1
2024-12-09 15:26:16.911,23314,23316,23314,1,-1
2024-12-09 15:26:20.200,23314,23316,23315,2,-2
2024-12-09 15:26:20.617,23313,23315,23315,1,1
2024-12-09 15:26:22.072,23310,23312,23310,1,-1
2024-12-09 15:26:22.072,23310,23312,23310,1,-1
2024-12-09 15:26:22.073,23310,23312,23310,1,-1
2024-12-09 15:26:22.162,23308,23310,23310,1,1
2024-12-09 15:26:22.163,23308,23310,23310,1,1
2024-12-09 15:26:23.180,23308,23310,23310,1,1
2024-12-09 15:26:25.152,23307,23310,23307,1,-1
2024-12-09 15:26:31.964,23309,23310,23309,1,-1
2024-12-09 15:26:33.237,23308,23310,23308,2,-2
2024-12-09 15:26:33.287,23307,23309,23310,1,1
2024-12-09 15:26:33.287,23307,23309,23310,1,1
2024-12-09 15:26:33.287,23307,23309,23310,1,1
2024-12-09 15:26:33.287,23307,23309,23309,1,1
2024-12-09 15:26:33.287,23307,23309,23309,1,1
2024-12-09 15:26:33.288,23307,23309,23311,1,1
2024-12-09 15:26:33.288,23307,23309,23311,1,1
2024-12-09 15:26:33.288,23307,23309,23311,1,1
2024-12-09 15:26:33.288,23307,23309,23311,1,1
2024-12-09 15:26:33.288,23307,23309,23311,1,1
2024-12-09 15:26:33.288,23307,23309,23311,1,1
2024-12-09 15:26:33.289,23307,23309,23311,1,1
2024-12-09 15:26:33.289,23307,23309,23312,1,1
2024-12-09 15:26:33.289,23307,23309,23312,1,1
2024-12-09 15:26:33.290,23307,23309,23313,1,1
2024-12-09 15:26:33.290,23307,23309,23313,1,1
2024-12-09 15:26:33.290,23307,23309,23313,1,1
2024-12-09 15:26:33.290,23307,23309,23313,1,1
2024-12-09 15:26:33.290,23307,23309,23312,1,1
2024-12-09 15:26:33.290,23307,23309,23312,1,1
2024-12-09 15:26:33.290,23307,23309,23312,1,1
2024-12-09 15:26:33.292,23307,23309,23312,1,1
2024-12-09 15:26:33.293,23307,23309,23313,1,1
2024-12-09 15:26:33.331,23307,23309,23312,1,1
2024-12-09 15:26:33.510,23311,23313,23311,1,-1
2024-12-09 15:26:33.511,23311,23313,23310,1,-1
2024-12-09 15:26:33.560,23310,23311,23310,1,-1
2024-12-09 15:26:33.560,23310,23311,23309,1,-1
2024-12-09 15:26:41.202,23311,23313,23313,1,1
2024-12-09 15:26:42.914,23310,23312,23310,3,-3
2024-12-09 15:26:43.037,23307,23310,23310,1,1
2024-12-09 15:26:43.038,23307,23310,23311,1,1
2024-12-09 15:26:43.038,23307,23310,23311,1,1
2024-12-09 15:26:43.039,23307,23310,23312,1,1
2024-12-09 15:26:43.138,23307,23310,23312,1,1
2024-12-09 15:26:45.635,23310,23313,23310,1,-1
2024-12-09 15:26:51.897,23308,23310,23310,1,1
2024-12-09 15:26:52.930,23308,23309,23309,1,1
2024-12-09 15:26:53.240,23308,23309,23308,1,-1
2024-12-09 15:26:54.604,23307,23308,23308,1,1
2024-12-09 15:26:58.765,23308,23309,23308,1,-1
2024-12-09 15:26:58.765,23308,23309,23307,4,-4
2024-12-09 15:26:59.867,23307,23309,23307,5,-5
2024-12-09 15:27:00.422,23305,23307,23307,1,1
2024-12-09 15:27:00.714,23305,23307,23307,1,1
2024-12-09 15:27:00.715,23305,23307,23307,1,1
2024-12-09 15:27:00.728,23305,23307,23308,1,1
2024-12-09 15:27:01.246,23307,23308,23308,1,1
2024-12-09 15:27:01.513,23308,23310,23310,1,1
2024-12-09 15:27:04.462,23307,23310,23310,1,1
2024-12-09 15:27:04.737,23308,23310,23308,2,-2
2024-12-09 15:27:06.108,23308,23310,23310,1,1
2024-12-09 15:27:06.150,23308,23310,23310,4,4
2024-12-09 15:27:09.789,23310,23311,23310,1,-1
2024-12-09 15:27:09.790,23310,23311,23309,5,-5
2024-12-09 15:27:10.747,23308,23311,23310,1,1
2024-12-09 15:27:13.883,23307,23310,23307,1,-1
2024-12-09 15:27:13.992,23307,23309,23309,1,1
2024-12-09 15:27:16.255,23307,23309,23307,1,-1
2024-12-09 15:27:16.416,23306,23308,23306,1,-1
2024-12-09 15:27:16.573,23305,23306,23305,1,-1
2024-12-09 15:27:16.574,23305,23306,23305,1,-1
2024-12-09 15:27:20.545,23304,23305,23305,1,1
2024-12-09 15:27:28.841,23305,23306,23306,1,1
2024-12-09 15:27:34.472,23306,23307,23307,1,1
2024-12-09 15:27:50.253,23308,23310,23308,1,-1
2024-12-09 15:27:50.254,23308,23310,23308,1,-1
2024-12-09 15:27:51.976,23307,23308,23308,1,1
2024-12-09 15:27:52.505,23308,23310,23310,1,1
2024-12-09 15:27:52.505,23308,23310,23310,1,1
2024-12-09 15:27:54.007,23309,23311,23309,1,-1
2024-12-09 15:27:54.727,23309,23311,23309,1,-1
2024-12-09 15:27:56.919,23310,23311,23310,1,-1
2024-12-09 15:27:58.542,23310,23311,23310,1,-1
2024-12-09 15:28:00.160,23309,23311,23311,1,1
2024-12-09 15:28:00.221,23309,23311,23311,1,1
2024-12-09 15:28:00.295,23309,23311,23311,1,1
2024-12-09 15:28:00.295,23309,23311,23311,1,1
2024-12-09 15:28:00.296,23309,23311,23312,1,1
2024-12-09 15:28:00.297,23309,23311,23312,6,6
2024-12-09 15:28:00.297,23309,23311,23312,1,1
2024-12-09 15:28:00.298,23309,23311,23312,1,1
2024-12-09 15:28:00.298,23309,23311,23312,1,1
2024-12-09 15:28:00.320,23309,23311,23311,1,1
2024-12-09 15:28:00.320,23309,23311,23311,1,1
2024-12-09 15:28:00.525,23310,23313,23314,2,2
2024-12-09 15:28:00.525,23310,23313,23313,3,3
2024-12-09 15:28:00.593,23312,23314,23314,3,3
2024-12-09 15:28:00.593,23312,23314,23315,2,2
2024-12-09 15:28:00.607,23312,23314,23315,1,1
2024-12-09 15:28:00.662,23313,23315,23315,5,5
2024-12-09 15:28:00.719,23313,23315,23315,1,1
2024-12-09 15:28:00.824,23314,23315,23315,1,1
2024-12-09 15:28:00.988,23313,23315,23313,1,-1
2024-12-09 15:28:01.031,23313,23315,23313,1,-1
2024-12-09 15:28:04.085,23311,23314,23313,1,1
2024-12-09 15:28:06.015,23312,23315,23312,2,-2
2024-12-09 15:28:06.390,23312,23314,23312,1,-1
2024-12-09 15:28:06.824,23311,23313,23311,1,-1
2024-12-09 15:28:08.562,23310,23311,23310,1,-1
2024-12-09 15:28:08.562,23310,23311,23310,1,-1
2024-12-09 15:28:08.562,23310,23311,23310,1,-1
2024-12-09 15:28:09.867,23308,23311,23311,1,1
2024-12-09 15:28:12.549,23310,23312,23310,1,-1
2024-12-09 15:28:13.387,23308,23311,23311,1,1
2024-12-09 15:28:13.657,23308,23310,23308,1,-1
2024-12-09 15:28:13.661,23308,23310,23307,2,-2
2024-12-09 15:28:13.664,23308,23310,23306,2,-2
2024-12-09 15:28:13.859,23305,23308,23307,1,1
2024-12-09 15:28:14.865,23304,23307,23304,2,-2
2024-12-09 15:28:18.251,23303,23304,23303,1,-1
2024-12-09 15:28:18.251,23303,23304,23303,7,-7
2024-12-09 15:28:18.534,23301,23304,23304,1,1
2024-12-09 15:28:20.119,23302,23304,23302,2,-2
2024-12-09 15:28:20.162,23301,23303,23303,1,1
2024-12-09 15:28:20.223,23301,23303,23303,1,1
2024-12-09 15:28:24.869,23303,23304,23304,1,1
2024-12-09 15:28:24.869,23303,23304,23304,1,1
2024-12-09 15:28:24.869,23303,23304,23304,1,1
2024-12-09 15:28:26.345,23303,23305,23303,2,-2
2024-12-09 15:28:31.328,23302,23304,23304,1,1
2024-12-09 15:28:34.278,23303,23305,23305,1,1
2024-12-09 15:28:39.806,23304,23307,23307,1,1
2024-12-09 15:28:40.012,23305,23308,23308,1,1
2024-12-09 15:28:40.224,23306,23309,23309,1,1
2024-12-09 15:28:41.161,23307,23309,23309,1,1
2024-12-09 15:28:41.441,23308,23310,23310,1,1
2024-12-09 15:28:41.527,23308,23310,23308,2,-2
2024-12-09 15:28:55.671,23308,23309,23309,1,1
2024-12-09 15:29:01.019,23305,23306,23305,1,-1
2024-12-09 15:29:05.298,23302,23305,23302,2,-2
2024-12-09 15:29:05.299,23302,23305,23302,4,-4
2024-12-09 15:29:06.353,23301,23303,23303,1,1
2024-12-09 15:29:06.781,23301,23303,23301,4,-4
2024-12-09 15:29:06.934,23300,23302,23300,1,-1
2024-12-09 15:29:07.084,23300,23301,23300,1,-1
2024-12-09 15:29:07.187,23300,23301,23300,1,-1
2024-12-09 15:29:07.503,23300,23301,23301,1,1
2024-12-09 15:29:08.582,23301,23303,23301,2,-2
2024-12-09 15:29:09.401,23301,23303,23301,1,-1
2024-12-09 15:29:09.974,23301,23303,23301,1,-1
2024-12-09 15:29:10.826,23300,23302,23300,1,-1
2024-12-09 15:29:11.910,23299,23300,23299,1,-1
2024-12-09 15:29:14.134,23298,23300,23300,1,1
2024-12-09 15:29:14.360,23300,23302,23299,1,-1
2024-12-09 15:29:16.492,23299,23301,23300,1,-1
2024-12-09 15:29:19.988,23300,23302,23300,1,-1
2024-12-09 15:29:20.986,23300,23302,23302,1,1
2024-12-09 15:29:21.200,23302,23305,23302,1,-1
2024-12-09 15:29:21.205,23302,23305,23302,1,-1
2024-12-09 15:29:25.161,23304,23305,23305,1,1
2024-12-09 15:29:25.161,23304,23305,23305,2,2
2024-12-09 15:29:25.162,23304,23305,23305,1,1
2024-12-09 15:29:30.168,23306,23307,23307,1,1
2024-12-09 15:29:30.168,23306,23307,23307,1,1
2024-12-09 15:29:31.615,23306,23308,23306,3,-3
2024-12-09 15:29:36.536,23304,23306,23306,1,1
2024-12-09 15:29:36.554,23304,23306,23306,1,1
2024-12-09 15:29:36.911,23306,23307,23306,1,-1
2024-12-09 15:29:36.942,23306,23307,23306,1,-1
2024-12-09 15:29:40.034,23304,23306,23304,2,-2
2024-12-09 15:29:42.434,23305,23306,23306,1,1
2024-12-09 15:29:42.627,23305,23307,23307,1,1
2024-12-09 15:29:42.627,23305,23307,23307,1,1
2024-12-09 15:29:42.628,23305,23307,23307,1,1
2024-12-09 15:29:42.652,23305,23307,23307,1,1
2024-12-09 15:29:46.367,23307,23308,23308,2,2
2024-12-09 15:29:49.006,23308,23309,23309,1,1
2024-12-09 15:29:49.006,23308,23309,23309,1,1
2024-12-09 15:29:49.122,23309,23310,23310,1,1
2024-12-09 15:29:49.128,23309,23310,23311,1,1
2024-12-09 15:29:49.133,23309,23310,23311,1,1
2024-12-09 15:29:49.160,23309,23311,23311,1,1
2024-12-09 15:29:49.269,23309,23311,23311,1,1
2024-12-09 15:29:49.279,23309,23311,23311,1,1
2024-12-09 15:29:49.288,23310,23312,23312,1,1
2024-12-09 15:29:49.300,23310,23312,23312,1,1
2024-12-09 15:29:49.318,23310,23312,23312,1,1
2024-12-09 15:29:49.352,23310,23312,23313,1,1
2024-12-09 15:29:49.380,23310,23312,23313,1,1
2024-12-09 15:29:49.390,23310,23312,23313,1,1
2024-12-09 15:29:49.402,23310,23312,23313,1,1
2024-12-09 15:29:49.411,23311,23313,23313,1,1
2024-12-09 15:29:49.608,23311,23313,23313,1,1
2024-12-09 15:29:49.616,23311,23313,23314,1,1
2024-12-09 15:29:49.748,23312,23314,23314,1,1
2024-12-09 15:29:49.760,23312,23314,23314,1,1
2024-12-09 15:29:49.814,23312,23314,23314,1,1
2024-12-09 15:29:49.822,23312,23314,23315,1,1
2024-12-09 15:29:50.097,23312,23315,23315,1,1
2024-12-09 15:29:50.181,23312,23315,23315,1,1
2024-12-09 15:29:50.200,23312,23315,23315,2,2
2024-12-09 15:29:50.269,23312,23315,23315,1,1
2024-12-09 15:29:50.341,23313,23315,23315,1,1
2024-12-09 15:29:50.532,23313,23315,23315,1,1
2024-12-09 15:29:50.590,23313,23315,23315,1,1
2024-12-09 15:29:50.603,23313,23315,23315,1,1
2024-12-09 15:29:50.852,23313,23315,23315,1,1
2024-12-09 15:29:51.334,23313,23315,23315,1,1
2024-12-09 15:29:51.484,23313,23315,23313,1,-1
2024-12-09 15:29:53.041,23310,23312,23312,1,1
2024-12-09 15:29:54.494,23311,23314,23313,1,1
2024-12-09 15:29:58.373,23315,23316,23315,1,-1
2024-12-09 15:29:58.373,23315,23316,23315,1,-1
2024-12-09 15:29:58.995,23315,23316,23315,1,-1
2024-12-09 15:29:59.159,23315,23316,23315,1,-1
2024-12-09 15:29:59.723,23314,23316,23316,6,6
2024-12-09 15:29:59.723,23314,23316,23317,11,11
2024-12-09 15:29:59.828,23317,23318,23317,1,-1
2024-12-09 15:29:59.828,23317,23318,23317,1,-1
2024-12-09 15:29:59.828,23317,23318,23317,1,-1
2024-12-09 15:29:59.932,23315,23317,23315,1,-1
2024-12-09 15:29:59.932,23315,23317,23317,1,1
2024-12-09 15:29:59.938,23315,23317,23317,1,1
2024-12-09 15:30:00.007,23315,23317,23314,1,-1
2024-12-09 15:30:00.129,23313,23315,23315,1,1
2024-12-09 15:30:00.132,23313,23315,23315,1,1
2024-12-09 15:30:00.188,23313,23316,23315,1,1
2024-12-09 15:30:00.372,23313,23316,23316,2,2
2024-12-09 15:30:00.372,23313,23316,23316,2,2
2024-12-09 15:30:00.375,23313,23316,23316,1,1
2024-12-09 15:30:00.432,23314,23315,23316,2,2
2024-12-09 15:30:00.447,23314,23315,23316,1,1
2024-12-09 15:30:00.451,23314,23315,23317,1,1
2024-12-09 15:30:00.491,23314,23315,23317,1,1
2024-12-09 15:30:00.494,23314,23315,23317,1,1
2024-12-09 15:30:00.503,23314,23315,23317,1,1
2024-12-09 15:30:00.515,23314,23315,23318,2,2
2024-12-09 15:30:00.535,23316,23318,23318,1,1
2024-12-09 15:30:00.542,23316,23318,23318,1,1
2024-12-09 15:30:00.553,23316,23318,23318,1,1
2024-12-09 15:30:00.557,23316,23318,23319,1,1
2024-12-09 15:30:00.573,23316,23318,23319,1,1
2024-12-09 15:30:00.578,23316,23318,23318,1,1
2024-12-09 15:30:00.586,23316,23318,23318,1,1
2024-12-09 15:30:00.589,23316,23318,23319,1,1
2024-12-09 15:30:00.595,23316,23318,23319,1,1
2024-12-09 15:30:00.607,23316,23318,23319,2,2
2024-12-09 15:30:00.609,23316,23318,23319,1,1
2024-12-09 15:30:00.613,23316,23318,23319,2,2
2024-12-09 15:30:00.613,23316,23318,23319,2,2
2024-12-09 15:30:00.614,23316,23318,23318,1,1
2024-12-09 15:30:00.615,23316,23318,23318,1,1
2024-12-09 15:30:00.615,23316,23318,23319,2,2
2024-12-09 15:30:00.622,23316,23318,23320,1,1
2024-12-09 15:30:00.676,23318,23320,23320,1,1
2024-12-09 15:30:00.677,23318,23320,23320,1,1
2024-12-09 15:30:00.679,23318,23320,23320,6,6
2024-12-09 15:30:00.700,23318,23320,23321,2,2
2024-12-09 15:30:00.700,23318,23320,23320,7,7
2024-12-09 15:30:00.714,23318,23320,23321,2,2
2024-12-09 15:30:00.722,23318,23320,23321,1,1
2024-12-09 15:30:00.722,23318,23320,23322,1,1
2024-12-09 15:30:00.797,23320,23322,23322,5,5
2024-12-09 15:30:00.798,23320,23322,23322,1,1
2024-12-09 15:30:00.798,23320,23322,23323,1,1
2024-12-09 15:30:00.818,23320,23322,23322,1,1
2024-12-09 15:30:00.823,23320,23322,23322,2,2
2024-12-09 15:30:00.837,23320,23322,23322,1,1
2024-12-09 15:30:00.846,23320,23322,23323,1,1
2024-12-09 15:30:00.848,23320,23322,23323,1,1
2024-12-09 15:30:00.868,23320,23322,23323,3,3
2024-12-09 15:30:00.868,23320,23322,23324,1,1
2024-12-09 15:30:00.873,23320,23322,23323,1,1
2024-12-09 15:30:00.874,23320,23322,23321,1,1
2024-12-09 15:30:00.875,23320,23322,23323,1,1
2024-12-09 15:30:00.876,23320,23322,23324,1,1
2024-12-09 15:30:00.896,23320,23322,23324,1,1
2024-12-09 15:30:00.899,23320,23322,23324,1,1
2024-12-09 15:30:00.899,23320,23322,23324,3,3
2024-12-09 15:30:00.899,23320,23322,23325,5,5
2024-12-09 15:30:00.920,23323,23325,23325,1,1
2024-12-09 15:30:00.940,23323,23325,23325,1,1
2024-12-09 15:30:00.948,23323,23325,23324,6,6
2024-12-09 15:30:01.004,23323,23325,23321,2,-2
2024-12-09 15:30:01.027,23323,23325,23320,1,-1
2024-12-09 15:30:01.027,23323,23325,23319,1,-1
2024-12-09 15:30:01.083,23318,23320,23320,1,1
2024-12-09 15:30:01.107,23318,23320,23329,15,15
2024-12-09 15:30:01.107,23318,23320,23328,14,14
2024-12-09 15:30:01.107,23318,23320,23327,11,11
2024-12-09 15:30:01.107,23318,23320,23326,11,11
2024-12-09 15:30:01.107,23318,23320,23325,12,12
2024-12-09 15:30:01.107,23318,23320,23323,9,9
2024-12-09 15:30:01.107,23318,23320,23322,4,4
2024-12-09 15:30:01.107,23318,23320,23321,3,3
2024-12-09 15:30:01.107,23318,23320,23320,2,2
2024-12-09 15:30:01.107,23318,23320,23324,9,9
2024-12-09 15:30:01.126,23318,23320,23327,1,1
2024-12-09 15:30:01.202,23322,23327,23327,1,1
2024-12-09 15:30:01.204,23322,23327,23327,1,1
2024-12-09 15:30:01.211,23322,23327,23327,1,1
2024-12-09 15:30:01.244,23322,23327,23331,3,3
2024-12-09 15:30:01.244,23322,23327,23327,2,2
2024-12-09 15:30:01.244,23322,23327,23328,6,6
2024-12-09 15:30:01.244,23322,23327,23329,4,4
2024-12-09 15:30:01.244,23322,23327,23330,15,15
2024-12-09 15:30:01.290,23324,23330,23330,1,1
2024-12-09 15:30:01.290,23324,23330,23330,1,1
2024-12-09 15:30:01.330,23324,23330,23330,1,1
2024-12-09 15:30:01.347,23324,23330,23330,1,1
2024-12-09 15:30:01.349,23324,23330,23330,2,2
2024-12-09 15:30:01.354,23324,23330,23330,1,1
2024-12-09 15:30:01.354,23324,23330,23331,1,1
2024-12-09 15:30:01.376,23324,23330,23326,1,-1
2024-12-09 15:30:01.378,23324,23330,23325,1,-1
2024-12-09 15:30:01.387,23324,23330,23325,1,-1
2024-12-09 15:30:01.409,23324,23328,23324,1,-1
2024-12-09 15:30:01.410,23324,23328,23324,1,-1
2024-12-09 15:30:01.425,23324,23328,23324,1,-1
2024-12-09 15:30:01.436,23324,23328,23327,1,1
2024-12-09 15:30:01.437,23324,23328,23327,1,1
2024-12-09 15:30:01.452,23324,23328,23327,4,4
2024-12-09 15:30:01.454,23324,23328,23328,2,2
2024-12-09 15:30:01.455,23324,23328,23328,1,1
2024-12-09 15:30:01.456,23324,23328,23328,2,2
2024-12-09 15:30:01.456,23324,23328,23329,1,1
2024-12-09 15:30:01.457,23324,23328,23329,1,1
2024-12-09 15:30:01.512,23324,23328,23329,2,2
2024-12-09 15:30:01.512,23324,23328,23330,1,1
2024-12-09 15:30:01.529,23324,23328,23329,2,2
2024-12-09 15:30:01.529,23324,23328,23330,1,1
2024-12-09 15:30:01.529,23324,23328,23331,10,10
2024-12-09 15:30:01.529,23324,23328,23332,7,7
2024-12-09 15:30:01.579,23325,23331,23328,1,1
2024-12-09 15:30:01.579,23325,23331,23330,1,1
2024-12-09 15:30:01.585,23325,23331,23330,1,1
2024-12-09 15:30:01.596,23325,23331,23328,1,1
2024-12-09 15:30:01.597,23325,23331,23326,3,-3
2024-12-09 15:30:01.612,23325,23331,23326,1,-1
2024-12-09 15:30:01.612,23325,23331,23328,1,-1
2024-12-09 15:30:01.615,23325,23331,23326,1,-1
2024-12-09 15:30:01.630,23325,23331,23328,1,-1
2024-12-09 15:30:01.631,23325,23331,23328,1,-1
2024-12-09 15:30:01.638,23325,23331,23326,1,-1
2024-12-09 15:30:01.650,23325,23331,23328,1,-1
2024-12-09 15:30:01.668,23325,23328,23328,2,2
2024-12-09 15:30:01.673,23325,23328,23329,3,3
2024-12-09 15:30:01.673,23325,23328,23328,2,2
2024-12-09 15:30:01.679,23325,23328,23328,1,1
2024-12-09 15:30:01.679,23325,23328,23328,1,1
2024-12-09 15:30:01.680,23325,23328,23328,1,1
2024-12-09 15:30:01.680,23325,23328,23328,1,1
2024-12-09 15:30:01.685,23325,23328,23330,1,1
2024-12-09 15:30:01.686,23325,23328,23328,1,1
2024-12-09 15:30:01.686,23325,23328,23328,1,1
2024-12-09 15:30:01.853,23326,23329,23328,1,1
2024-12-09 15:30:02.018,23326,23328,23326,3,-3
2024-12-09 15:30:02.070,23326,23328,23328,2,2
2024-12-09 15:30:02.129,23326,23328,23326,2,-2
2024-12-09 15:30:02.147,23326,23328,23326,2,-2
2024-12-09 15:30:02.150,23326,23328,23328,1,1
2024-12-09 15:30:02.156,23326,23328,23328,1,1
2024-12-09 15:30:02.156,23326,23328,23329,1,1
2024-12-09 15:30:02.164,23326,23329,23329,3,3
2024-12-09 15:30:02.165,23326,23329,23329,1,1
2024-12-09 15:30:02.165,23326,23329,23330,1,1
2024-12-09 15:30:02.256,23326,23329,23328,2,2
2024-12-09 15:30:02.256,23326,23329,23327,4,-4
2024-12-09 15:30:02.257,23326,23329,23327,2,-2
2024-12-09 15:30:02.275,23326,23329,23329,1,1
2024-12-09 15:30:02.291,23326,23329,23329,1,1
2024-12-09 15:30:02.294,23326,23329,23331,1,1
2024-12-09 15:30:02.294,23326,23329,23330,1,1
2024-12-09 15:30:02.315,23326,23329,23328,3,3
2024-12-09 15:30:02.327,23326,23329,23330,1,1
2024-12-09 15:30:02.358,23326,23329,23330,1,1
2024-12-09 15:30:02.366,23326,23329,23330,1,1
2024-12-09 15:30:02.396,23326,23329,23331,1,1
2024-12-09 15:30:02.414,23328,23331,23331,1,1
2024-12-09 15:30:02.619,23328,23330,23328,2,-2
2024-12-09 15:30:02.655,23328,23330,23327,1,-1
2024-12-09 15:30:02.656,23328,23330,23327,2,-2
2024-12-09 15:30:02.673,23326,23329,23326,1,-1
2024-12-09 15:30:02.674,23326,23329,23326,1,-1
2024-12-09 15:30:02.693,23326,23329,23325,1,-1
2024-12-09 15:30:02.763,23326,23329,23329,2,2
2024-12-09 15:30:02.853,23327,23329,23329,2,2
2024-12-09 15:30:02.853,23327,23329,23331,2,2
2024-12-09 15:30:02.860,23327,23329,23331,2,2
2024-12-09 15:30:02.874,23327,23329,23332,1,1
2024-12-09 15:30:03.162,23329,23331,23329,1,-1
2024-12-09 15:30:03.162,23329,23331,23328,1,-1
2024-12-09 15:30:03.458,23328,23331,23329,2,-2
2024-12-09 15:30:03.459,23328,23331,23329,1,-1
2024-12-09 15:30:03.536,23328,23331,23328,2,-2
2024-12-09 15:30:03.835,23328,23331,23328,1,-1
2024-12-09 15:30:03.876,23328,23331,23329,1,-1
2024-12-09 15:30:04.195,23327,23329,23329,1,1
2024-12-09 15:30:04.205,23327,23329,23330,1,1
2024-12-09 15:30:04.717,23328,23331,23328,2,-2
2024-12-09 15:30:04.928,23327,23330,23330,2,2
2024-12-09 15:30:04.988,23327,23330,23330,1,1
2024-12-09 15:30:04.988,23327,23330,23331,3,3
2024-12-09 15:30:05.014,23327,23330,23332,4,4
2024-12-09 15:30:05.041,23329,23332,23333,3,3
2024-12-09 15:30:05.041,23329,23332,23332,1,1
2024-12-09 15:30:05.073,23329,23332,23333,2,2
2024-12-09 15:30:05.102,23329,23332,23333,4,4
2024-12-09 15:30:05.126,23329,23332,23333,4,4
2024-12-09 15:30:05.130,23329,23332,23331,1,1
2024-12-09 15:30:05.130,23329,23332,23330,3,-3
2024-12-09 15:30:05.157,23329,23332,23330,1,-1
2024-12-09 15:30:05.177,23329,23332,23332,1,1
2024-12-09 15:30:05.204,23329,23332,23332,1,1
2024-12-09 15:30:05.228,23329,23332,23329,2,-2
2024-12-09 15:30:05.343,23329,23332,23329,1,-1
2024-12-09 15:30:05.471,23328,23331,23328,1,-1
2024-12-09 15:30:05.471,23328,23331,23328,2,-2
2024-12-09 15:30:05.577,23327,23330,23327,1,-1
2024-12-09 15:30:05.579,23327,23330,23327,1,-1
2024-12-09 15:30:05.672,23326,23329,23326,1,-1
2024-12-09 15:30:05.673,23326,23329,23326,1,-1
2024-12-09 15:30:05.834,23326,23329,23329,1,1
2024-12-09 15:30:05.840,23326,23329,23330,2,2
2024-12-09 15:30:05.841,23326,23329,23330,1,1
2024-12-09 15:30:05.845,23326,23329,23331,1,1
2024-12-09 15:30:05.851,23326,23329,23331,1,1
2024-12-09 15:30:05.854,23326,23329,23332,1,1
2024-12-09 15:30:05.863,23326,23329,23332,2,2
2024-12-09 15:30:05.982,23329,23332,23328,1,-1
2024-12-09 15:30:06.026,23329,23332,23327,1,-1
2024-12-09 15:30:06.466,23327,23330,23330,5,5
2024-12-09 15:30:06.558,23328,23331,23331,1,1
2024-12-09 15:30:07.112,23328,23331,23328,3,-3
2024-12-09 15:30:08.155,23328,23329,23329,3,3
2024-12-09 15:30:08.800,23328,23330,23328,5,-5
2024-12-09 15:30:09.423,23327,23330,23327,1,-1
2024-12-09 15:30:09.423,23327,23330,23327,1,-1
2024-12-09 15:30:12.087,23326,23327,23326,2,-2
2024-12-09 15:30:12.154,23326,23327,23327,1,1
2024-12-09 15:30:12.389,23325,23327,23327,1,1
2024-12-09 15:30:12.391,23325,23327,23327,1,1
2024-12-09 15:30:12.559,23326,23328,23328,1,1
2024-12-09 15:30:12.559,23326,23328,23329,1,1
2024-12-09 15:30:12.635,23326,23328,23326,1,-1
2024-12-09 15:30:13.098,23326,23328,23326,1,-1
2024-12-09 15:30:13.180,23325,23327,23327,1,1
2024-12-09 15:30:13.184,23325,23327,23327,1,1
2024-12-09 15:30:13.184,23325,23327,23328,1,1
2024-12-09 15:30:13.556,23325,23327,23325,2,-2
2024-12-09 15:30:13.787,23324,23327,23324,1,-1
2024-12-09 15:30:14.090,23323,23325,23323,1,-1
2024-12-09 15:30:14.092,23323,23325,23319,2,-2
2024-12-09 15:30:14.092,23323,23325,23321,1,-1
2024-12-09 15:30:14.092,23323,23325,23320,3,-3
2024-12-09 15:30:14.094,23323,23325,23321,1,-1
2024-12-09 15:30:14.215,23321,23323,23323,1,1
2024-12-09 15:30:14.815,23321,23324,23321,1,-1
2024-12-09 15:30:16.768,23321,23324,23324,3,3
2024-12-09 15:30:17.009,23321,23324,23324,1,1
2024-12-09 15:30:17.108,23321,23324,23324,2,2
2024-12-09 15:30:17.108,23321,23324,23325,2,2
2024-12-09 15:30:18.841,23321,23324,23324,1,1
2024-12-09 15:30:18.911,23322,23324,23324,1,1
2024-12-09 15:30:18.912,23322,23324,23325,1,1
2024-12-09 15:30:19.297,23322,23325,23325,1,1
2024-12-09 15:30:21.246,23323,23325,23325,1,1
2024-12-09 15:30:23.174,23323,23325,23324,1,1
2024-12-09 15:30:25.137,23324,23325,23324,1,-1
2024-12-09 15:30:27.098,23322,23324,23324,1,1
2024-12-09 15:30:27.443,23322,23325,23325,5,5
2024-12-09 15:30:27.445,23322,23325,23324,1,1
2024-12-09 15:30:28.163,23325,23326,23325,2,-2
2024-12-09 15:30:28.163,23325,23326,23324,9,-9
2024-12-09 15:30:28.163,23325,23326,23323,5,-5
2024-12-09 15:30:28.163,23325,23326,23322,4,-4
2024-12-09 15:30:28.163,23325,23326,23321,7,-7
2024-12-09 15:30:28.163,23325,23326,23320,3,-3
2024-12-09 15:30:28.288,23321,23324,23324,1,1
2024-12-09 15:30:28.759,23321,23324,23324,1,1
2024-12-09 15:30:28.971,23321,23324,23324,2,2
2024-12-09 15:30:30.167,23321,23324,23323,1,1
2024-12-09 15:30:30.168,23321,23324,23323,9,9
2024-12-09 15:30:30.343,23322,23325,23321,1,-1
2024-12-09 15:30:30.582,23321,23324,23322,1,-1
2024-12-09 15:30:33.111,23320,23322,23321,1,-1
2024-12-09 15:30:33.500,23320,23322,23320,1,-1
2024-12-09 15:30:33.710,23319,23322,23322,6,6
2024-12-09 15:30:33.710,23319,23322,23323,5,5
2024-12-09 15:30:33.711,23319,23322,23323,9,9
2024-12-09 15:30:33.711,23319,23322,23323,1,1
2024-12-09 15:30:33.923,23322,23324,23322,1,-1
2024-12-09 15:30:35.013,23320,23323,23323,1,1
2024-12-09 15:30:35.110,23320,23323,23323,3,3
2024-12-09 15:30:35.111,23320,23323,23323,1,1
2024-12-09 15:30:35.817,23323,23324,23323,1,-1
2024-12-09 15:30:36.120,23323,23324,23323,15,-15
2024-12-09 15:30:36.120,23323,23324,23321,5,-5
2024-12-09 15:30:36.800,23321,23323,23323,1,1
2024-12-09 15:30:40.588,23322,23324,23324,1,1
2024-12-09 15:30:41.358,23322,23324,23322,1,-1
2024-12-09 15:30:41.880,23322,23324,23322,1,-1
2024-12-09 15:30:41.949,23322,23324,23324,3,3
2024-12-09 15:30:41.949,23322,23324,23325,9,9
2024-12-09 15:30:41.951,23322,23324,23325,1,1
2024-12-09 15:30:41.951,23322,23324,23325,7,7
2024-12-09 15:30:43.818,23325,23326,23326,2,2
2024-12-09 15:30:43.818,23325,23326,23327,4,4
2024-12-09 15:30:43.819,23325,23326,23327,1,1
2024-12-09 15:30:43.820,23325,23326,23327,1,1
2024-12-09 15:30:46.175,23327,23329,23327,2,-2
2024-12-09 15:30:46.176,23327,23329,23327,10,-10
2024-12-09 15:30:50.402,23326,23328,23326,2,-2
2024-12-09 15:30:50.760,23326,23328,23328,1,1
2024-12-09 15:30:50.893,23326,23328,23328,1,1
2024-12-09 15:30:50.893,23326,23328,23329,7,7
2024-12-09 15:30:50.893,23326,23328,23329,1,1
2024-12-09 15:30:50.894,23326,23328,23329,1,1
2024-12-09 15:30:50.895,23326,23328,23329,2,2
2024-12-09 15:30:51.142,23329,23330,23329,1,-1
2024-12-09 15:30:51.719,23329,23330,23329,1,-1
2024-12-09 15:30:51.719,23329,23330,23329,4,-4
2024-12-09 15:30:51.719,23329,23330,23329,2,-2
2024-12-09 15:30:51.984,23328,23330,23328,1,-1
2024-12-09 15:30:53.516,23329,23330,23329,1,-1
2024-12-09 15:30:53.755,23328,23329,23328,1,-1
2024-12-09 15:30:54.839,23328,23329,23328,1,-1
2024-12-09 15:30:54.902,23328,23329,23328,1,-1
2024-12-09 15:30:55.192,23327,23329,23329,3,3
2024-12-09 15:30:55.371,23327,23329,23329,1,1
2024-12-09 15:30:55.483,23327,23329,23327,1,-1
2024-12-09 15:30:55.488,23327,23329,23327,1,-1
2024-12-09 15:30:56.472,23326,23328,23326,1,-1
2024-12-09 15:30:56.509,23326,23328,23328,1,1
2024-12-09 15:30:57.509,23325,23328,23328,1,1
2024-12-09 15:30:58.142,23325,23328,23328,1,1
2024-12-09 15:30:59.028,23325,23328,23328,5,5
2024-12-09 15:30:59.028,23325,23328,23329,7,7
2024-12-09 15:30:59.028,23325,23328,23329,1,1
2024-12-09 15:30:59.029,23325,23328,23329,1,1
2024-12-09 15:30:59.029,23325,23328,23329,6,6
2024-12-09 15:31:00.105,23327,23329,23329,1,1
2024-12-09 15:31:00.214,23328,23330,23330,2,2
2024-12-09 15:31:00.233,23328,23330,23330,1,1
2024-12-09 15:31:00.305,23328,23330,23330,1,1
2024-12-09 15:31:00.323,23328,23330,23330,1,1
2024-12-09 15:31:00.349,23328,23330,23329,2,2
2024-12-09 15:31:00.349,23328,23330,23328,3,-3
2024-12-09 15:31:00.418,23328,23330,23330,1,1
2024-12-09 15:31:00.435,23328,23330,23330,1,1
2024-12-09 15:31:00.617,23328,23331,23331,1,1
2024-12-09 15:31:01.887,23331,23332,23331,1,-1
2024-12-09 15:31:01.945,23330,23332,23332,1,1
2024-12-09 15:31:02.514,23330,23331,23330,1,-1
2024-12-09 15:31:02.956,23330,23331,23331,1,1
2024-12-09 15:31:03.296,23330,23332,23330,1,-1
2024-12-09 15:31:04.021,23330,23331,23331,2,2
2024-12-09 15:31:06.834,23331,23332,23332,3,3
2024-12-09 15:31:07.993,23331,23333,23333,4,4
2024-12-09 15:31:08.037,23333,23334,23334,1,1
2024-12-09 15:31:08.037,23333,23334,23334,1,1
2024-12-09 15:31:08.037,23333,23334,23334,1,1
2024-12-09 15:31:08.038,23333,23334,23334,1,1
2024-12-09 15:31:08.038,23333,23334,23334,3,3
2024-12-09 15:31:08.040,23333,23334,23333,3,-3
2024-12-09 15:31:08.177,23333,23334,23334,1,1
2024-12-09 15:31:08.177,23333,23334,23335,3,3
2024-12-09 15:31:08.287,23333,23335,23335,1,1
2024-12-09 15:31:08.287,23333,23335,23335,1,1
2024-12-09 15:31:08.288,23333,23335,23335,1,1
2024-12-09 15:31:08.288,23333,23335,23335,1,1
2024-12-09 15:31:08.317,23333,23335,23335,1,1
2024-12-09 15:31:08.341,23333,23335,23335,2,2
2024-12-09 15:31:08.441,23334,23335,23335,2,2
2024-12-09 15:31:08.892,23334,23336,23334,1,-1
2024-12-09 15:31:08.894,23334,23336,23334,1,-1
2024-12-09 15:31:08.937,23333,23335,23335,1,1
2024-12-09 15:31:09.102,23333,23335,23333,1,-1
2024-12-09 15:31:09.135,23333,23335,23333,1,-1
2024-12-09 15:31:09.251,23333,23335,23335,1,1
2024-12-09 15:31:10.096,23333,23336,23336,2,2
2024-12-09 15:31:10.442,23335,23336,23336,1,1
2024-12-09 15:31:10.443,23335,23336,23336,1,1
2024-12-09 15:31:11.041,23335,23336,23336,6,6
2024-12-09 15:31:11.909,23336,23337,23337,1,1
2024-12-09 15:31:11.910,23336,23337,23337,1,1
2024-12-09 15:31:11.910,23336,23337,23337,2,2
2024-12-09 15:31:12.080,23336,23337,23337,1,1
2024-12-09 15:31:12.081,23336,23337,23337,1,1
2024-12-09 15:31:12.549,23337,23338,23337,1,-1
2024-12-09 15:31:12.969,23337,23338,23338,1,1
2024-12-09 15:31:13.059,23337,23338,23338,1,1
2024-12-09 15:31:13.059,23337,23338,23338,1,1
2024-12-09 15:31:13.116,23337,23338,23338,3,3
2024-12-09 15:31:13.116,23337,23338,23338,2,2
2024-12-09 15:31:13.154,23337,23338,23339,1,1
2024-12-09 15:31:13.285,23338,23339,23338,2,-2
2024-12-09 15:31:13.302,23338,23339,23339,1,1
2024-12-09 15:31:13.419,23338,23340,23340,1,1
2024-12-09 15:31:13.421,23338,23340,23340,1,1
2024-12-09 15:31:13.421,23338,23340,23340,1,1
2024-12-09 15:31:13.422,23338,23340,23340,1,1
2024-12-09 15:31:13.422,23338,23340,23340,6,6
2024-12-09 15:31:13.422,23338,23340,23340,4,4
2024-12-09 15:31:13.422,23338,23340,23340,1,1
2024-12-09 15:31:13.422,23338,23340,23340,1,1
2024-12-09 15:31:13.422,23338,23340,23340,1,1
2024-12-09 15:31:13.422,23338,23340,23340,1,1
2024-12-09 15:31:13.422,23338,23340,23340,9,9
2024-12-09 15:31:13.422,23338,23340,23342,5,5
2024-12-09 15:31:13.438,23338,23340,23342,1,1
2024-12-09 15:31:13.438,23338,23340,23343,4,4
2024-12-09 15:31:13.457,23338,23340,23341,1,1
2024-12-09 15:31:13.528,23338,23340,23342,1,1
2024-12-09 15:31:13.528,23338,23340,23342,1,1
2024-12-09 15:31:13.565,23340,23343,23342,1,1
2024-12-09 15:31:13.594,23340,23343,23344,1,1
2024-12-09 15:31:13.594,23340,23343,23342,1,1
2024-12-09 15:31:13.594,23340,23343,23343,2,2
2024-12-09 15:31:13.612,23340,23343,23343,4,4
2024-12-09 15:31:13.617,23340,23343,23344,7,7
2024-12-09 15:31:13.617,23340,23343,23345,1,1
2024-12-09 15:31:13.659,23340,23343,23341,1,-1
2024-12-09 15:31:13.670,23340,23343,23343,1,1
2024-12-09 15:31:13.693,23340,23343,23340,2,-2
2024-12-09 15:31:14.120,23340,23342,23340,1,-1
2024-12-09 15:31:14.150,23340,23342,23340,1,-1
2024-12-09 15:31:14.185,23340,23342,23342,1,1
2024-12-09 15:31:14.185,23340,23342,23343,2,2
2024-12-09 15:31:14.332,23340,23342,23340,1,-1
2024-12-09 15:31:14.496,23341,23342,23341,1,-1
2024-12-09 15:31:14.497,23341,23342,23340,2,-2
2024-12-09 15:31:14.680,23339,23341,23339,1,-1
2024-12-09 15:31:14.839,23339,23341,23340,1,-1
2024-12-09 15:31:15.192,23339,23342,23342,1,1
2024-12-09 15:31:16.022,23340,23342,23340,2,-2
2024-12-09 15:31:16.158,23340,23342,23342,2,2
2024-12-09 15:31:16.158,23340,23342,23342,1,1
2024-12-09 15:31:16.507,23341,23343,23343,1,1
2024-12-09 15:31:16.565,23341,23344,23344,2,2
2024-12-09 15:31:16.776,23342,23344,23344,1,1
2024-12-09 15:31:16.848,23341,23344,23341,1,-1
2024-12-09 15:31:17.773,23342,23344,23344,1,1
2024-12-09 15:31:19.116,23343,23345,23345,1,1
2024-12-09 15:31:19.117,23343,23345,23345,22,22
2024-12-09 15:31:19.118,23343,23345,23346,1,1
2024-12-09 15:31:19.158,23345,23346,23346,1,1
2024-12-09 15:31:19.161,23345,23346,23347,1,1
2024-12-09 15:31:19.162,23345,23346,23347,1,1
2024-12-09 15:31:19.162,23345,23346,23347,1,1
2024-12-09 15:31:19.162,23345,23346,23347,1,1
2024-12-09 15:31:19.162,23345,23346,23347,1,1
2024-12-09 15:31:19.162,23345,23346,23347,1,1
2024-12-09 15:31:19.162,23345,23346,23347,1,1
2024-12-09 15:31:19.163,23345,23346,23347,1,1
2024-12-09 15:31:19.163,23345,23346,23347,1,1
2024-12-09 15:31:19.163,23345,23346,23347,1,1
2024-12-09 15:31:19.163,23345,23346,23347,13,13
2024-12-09 15:31:19.163,23345,23346,23348,1,1
2024-12-09 15:31:19.163,23345,23346,23348,1,1
2024-12-09 15:31:19.163,23345,23346,23348,1,1
2024-12-09 15:31:19.164,23345,23346,23348,1,1
2024-12-09 15:31:19.168,23345,23346,23348,1,1
2024-12-09 15:31:19.348,23345,23346,23348,2,2
2024-12-09 15:31:19.446,23345,23348,23348,1,1
2024-12-09 15:31:19.540,23345,23347,23347,1,1
2024-12-09 15:31:19.598,23345,23347,23347,1,1
2024-12-09 15:31:19.892,23345,23347,23345,1,-1
2024-12-09 15:31:20.176,23344,23346,23346,1,1
2024-12-09 15:31:20.356,23344,23347,23344,1,-1
2024-12-09 15:31:20.415,23344,23346,23345,1,-1
2024-12-09 15:31:21.281,23345,23348,23346,1,-1
2024-12-09 15:31:21.349,23345,23347,23347,1,1
2024-12-09 15:31:21.649,23345,23347,23348,2,2
2024-12-09 15:31:22.074,23345,23348,23345,1,-1
2024-12-09 15:31:22.220,23345,23347,23345,1,-1
2024-12-09 15:31:22.289,23345,23346,23345,1,-1
2024-12-09 15:31:22.431,23344,23346,23346,1,1
2024-12-09 15:31:22.495,23344,23346,23345,1,1
2024-12-09 15:31:22.630,23343,23346,23345,1,1
2024-12-09 15:31:22.903,23343,23345,23343,1,-1
2024-12-09 15:31:22.904,23343,23345,23343,1,-1
2024-12-09 15:31:23.415,23342,23344,23342,2,-2
2024-12-09 15:31:23.695,23341,23343,23341,1,-1
2024-12-09 15:31:23.721,23341,23343,23342,2,-2
2024-12-09 15:31:23.914,23340,23342,23340,3,-3
2024-12-09 15:31:24.015,23340,23342,23341,4,-4
2024-12-09 15:31:24.015,23340,23342,23342,4,4
2024-12-09 15:31:24.398,23340,23343,23343,1,1
2024-12-09 15:31:24.492,23341,23343,23341,1,-1
2024-12-09 15:31:25.712,23340,23342,23340,1,-1
2024-12-09 15:31:25.713,23340,23342,23339,3,-3
2024-12-09 15:31:25.713,23340,23342,23339,1,-1
2024-12-09 15:31:26.854,23336,23338,23336,2,-2
2024-12-09 15:31:28.298,23336,23338,23338,1,1
2024-12-09 15:31:28.412,23336,23339,23340,1,1
2024-12-09 15:31:28.412,23336,23339,23339,1,1
2024-12-09 15:31:28.412,23336,23339,23339,1,1
2024-12-09 15:31:28.412,23336,23339,23339,1,1
2024-12-09 15:31:28.412,23336,23339,23339,1,1
2024-12-09 15:31:28.412,23336,23339,23339,1,1
2024-12-09 15:31:29.308,23336,23339,23339,1,1
2024-12-09 15:31:29.309,23336,23339,23337,2,-2
2024-12-09 15:31:29.506,23336,23339,23339,1,1
2024-12-09 15:31:29.771,23336,23340,23340,4,4
2024-12-09 15:31:30.873,23338,23340,23340,1,1
2024-12-09 15:31:31.605,23337,23340,23337,1,-1
2024-12-09 15:31:31.708,23335,23338,23337,1,1
2024-12-09 15:31:31.843,23335,23338,23338,1,1
2024-12-09 15:31:32.893,23335,23338,23338,3,3
2024-12-09 15:31:33.566,23335,23337,23337,2,2
2024-12-09 15:31:35.543,23335,23337,23337,1,1
2024-12-09 15:31:35.545,23335,23337,23336,1,1
2024-12-09 15:31:37.120,23336,23337,23337,1,1
2024-12-09 15:31:37.162,23336,23338,23338,1,1
2024-12-09 15:31:37.192,23336,23338,23338,1,1
2024-12-09 15:31:39.226,23338,23339,23339,1,1
2024-12-09 15:31:39.227,23338,23339,23339,1,1
2024-12-09 15:31:39.699,23339,23340,23339,1,-1
2024-12-09 15:31:41.725,23339,23340,23339,1,-1
2024-12-09 15:31:41.725,23339,23340,23339,12,-12
2024-12-09 15:31:42.355,23338,23339,23339,1,1
2024-12-09 15:31:42.736,23338,23340,23338,1,-1
2024-12-09 15:31:43.047,23336,23339,23339,1,1
2024-12-09 15:31:43.432,23336,23339,23336,1,-1
2024-12-09 15:31:44.654,23335,23337,23336,2,-2
2024-12-09 15:31:44.654,23335,23337,23337,1,1
2024-12-09 15:31:45.404,23335,23337,23335,6,-6
2024-12-09 15:31:45.404,23335,23337,23334,1,-1
2024-12-09 15:31:45.412,23333,23335,23335,1,1
2024-12-09 15:31:45.425,23333,23335,23335,2,2
2024-12-09 15:31:46.738,23332,23335,23334,1,1
2024-12-09 15:31:47.260,23332,23335,23332,1,-1
2024-12-09 15:31:47.421,23332,23335,23332,1,-1
2024-12-09 15:31:49.074,23332,23334,23334,1,1
2024-12-09 15:31:49.115,23332,23334,23332,1,-1
2024-12-09 15:31:49.115,23332,23334,23331,1,-1
2024-12-09 15:31:49.417,23330,23333,23333,1,1
2024-12-09 15:31:49.698,23331,23333,23333,1,1
2024-12-09 15:31:49.812,23331,23334,23334,1,1
2024-12-09 15:31:52.067,23333,23336,23334,1,-1
2024-12-09 15:31:52.067,23333,23336,23333,1,-1
2024-12-09 15:31:54.322,23332,23335,23332,1,-1
2024-12-09 15:31:54.995,23332,23334,23334,1,1
2024-12-09 15:31:55.407,23332,23334,23334,1,1
2024-12-09 15:31:58.088,23332,23334,23334,1,1
2024-12-09 15:31:58.149,23332,23334,23333,1,1
2024-12-09 15:31:58.900,23332,23333,23332,1,-1
2024-12-09 15:32:00.219,23332,23333,23332,1,-1
2024-12-09 15:32:00.328,23331,23333,23333,3,3
2024-12-09 15:32:00.328,23331,23333,23334,1,1
2024-12-09 15:32:00.353,23331,23333,23334,1,1
2024-12-09 15:32:00.358,23331,23333,23334,1,1
2024-12-09 15:32:01.377,23333,23334,23334,1,1
2024-12-09 15:32:01.377,23333,23334,23334,1,1
2024-12-09 15:32:01.411,23333,23334,23334,1,1
2024-12-09 15:32:01.766,23333,23335,23335,1,1
2024-12-09 15:32:01.847,23333,23335,23336,1,1
2024-12-09 15:32:03.554,23334,23336,23334,1,-1
2024-12-09 15:32:04.720,23333,23335,23333,1,-1
2024-12-09 15:32:06.754,23333,23335,23333,1,-1
2024-12-09 15:32:06.769,23333,23335,23332,3,-3
2024-12-09 15:32:07.258,23332,23333,23332,1,-1
2024-12-09 15:32:09.278,23331,23333,23331,1,-1
2024-12-09 15:32:09.278,23331,23333,23331,1,-1
2024-12-09 15:32:13.349,23332,23333,23333,1,1
2024-12-09 15:32:14.081,23333,23334,23333,2,-2
2024-12-09 15:32:14.387,23332,23334,23332,1,-1
2024-12-09 15:32:14.389,23332,23334,23332,1,-1
2024-12-09 15:32:14.452,23331,23333,23332,1,-1
2024-12-09 15:32:15.309,23332,23333,23332,1,-1
2024-12-09 15:32:16.375,23332,23334,23332,2,-2
2024-12-09 15:32:16.557,23331,23334,23334,1,1
2024-12-09 15:32:18.121,23333,23334,23333,1,-1
2024-12-09 15:32:18.719,23332,23334,23333,1,-1
2024-12-09 15:32:20.468,23332,23334,23334,3,3
2024-12-09 15:32:25.597,23333,23334,23334,1,1
2024-12-09 15:32:26.135,23333,23334,23334,1,1
2024-12-09 15:32:29.221,23334,23335,23335,1,1
2024-12-09 15:32:29.221,23334,23335,23335,1,1
2024-12-09 15:32:29.306,23335,23336,23336,2,2
2024-12-09 15:32:29.307,23335,23336,23336,1,1
2024-12-09 15:32:29.307,23335,23336,23336,2,2
2024-12-09 15:32:30.003,23334,23337,23335,1,-1
2024-12-09 15:32:34.584,23336,23338,23338,2,2
2024-12-09 15:32:35.667,23336,23338,23336,1,-1
2024-12-09 15:32:37.014,23336,23339,23336,1,-1
2024-12-09 15:32:37.278,23336,23339,23336,1,-1
2024-12-09 15:32:39.371,23335,23338,23338,3,3
2024-12-09 15:32:40.372,23335,23338,23338,1,1
2024-12-09 15:32:41.425,23336,23338,23336,1,-1
2024-12-09 15:32:41.468,23336,23338,23335,2,-2
2024-12-09 15:32:43.216,23335,23337,23337,2,2
2024-12-09 15:32:45.120,23337,23338,23338,1,1
2024-12-09 15:32:45.121,23337,23338,23338,1,1
2024-12-09 15:32:45.121,23337,23338,23338,1,1
2024-12-09 15:32:47.286,23337,23338,23338,1,1
2024-12-09 15:32:47.286,23337,23338,23338,1,1
2024-12-09 15:32:49.298,23338,23339,23339,1,1
2024-12-09 15:32:52.627,23338,23339,23338,4,-4
2024-12-09 15:32:52.629,23338,23339,23337,2,-2
2024-12-09 15:32:52.653,23338,23339,23337,1,-1
2024-12-09 15:32:54.648,23336,23338,23338,3,3
2024-12-09 15:32:54.648,23336,23338,23339,8,8
2024-12-09 15:32:54.648,23336,23338,23340,8,8
2024-12-09 15:32:54.649,23336,23338,23340,6,6
2024-12-09 15:32:55.235,23338,23341,23338,4,-4
2024-12-09 15:32:55.235,23338,23341,23337,10,-10
2024-12-09 15:32:55.235,23338,23341,23336,6,-6
2024-12-09 15:32:59.329,23335,23336,23335,1,-1
2024-12-09 15:32:59.329,23335,23336,23335,1,-1
2024-12-09 15:32:59.401,23335,23336,23335,1,-1
2024-12-09 15:33:00.262,23334,23335,23335,1,1
2024-12-09 15:33:00.333,23334,23336,23336,1,1
2024-12-09 15:33:00.621,23334,23335,23334,1,-1
2024-12-09 15:33:01.244,23333,23334,23333,1,-1
2024-12-09 15:33:01.244,23333,23334,23333,1,-1
2024-12-09 15:33:01.298,23332,23334,23332,1,-1
2024-12-09 15:33:05.066,23331,23333,23331,4,-4
2024-12-09 15:33:05.250,23330,23331,23330,1,-1
2024-12-09 15:33:05.250,23330,23331,23330,6,-6
2024-12-09 15:33:05.251,23330,23331,23330,1,-1
2024-12-09 15:33:05.251,23330,23331,23330,6,-6
2024-12-09 15:33:06.182,23330,23331,23331,1,1
2024-12-09 15:33:06.387,23330,23332,23331,1,1
2024-12-09 15:33:07.112,23330,23333,23330,1,-1
2024-12-09 15:33:08.215,23330,23332,23330,1,-1
2024-12-09 15:33:09.375,23330,23332,23330,1,-1
2024-12-09 15:33:10.170,23330,23332,23332,1,1
2024-12-09 15:33:10.202,23330,23332,23330,1,-1
2024-12-09 15:33:12.089,23332,23333,23333,1,1
2024-12-09 15:33:12.090,23332,23333,23333,1,1
2024-12-09 15:33:12.728,23332,23334,23334,1,1
2024-12-09 15:33:13.536,23334,23335,23335,1,1
2024-12-09 15:33:13.536,23334,23335,23336,2,2
2024-12-09 15:33:13.536,23334,23335,23337,2,2
2024-12-09 15:33:22.048,23335,23336,23336,2,2
2024-12-09 15:33:22.889,23335,23336,23335,1,-1
2024-12-09 15:33:24.119,23333,23336,23333,1,-1
2024-12-09 15:33:25.337,23333,23335,23335,1,1
2024-12-09 15:33:25.337,23333,23335,23336,2,2
2024-12-09 15:33:25.605,23333,23336,23336,3,3
2024-12-09 15:33:25.605,23333,23336,23337,2,2
2024-12-09 15:33:31.367,23335,23337,23337,1,1
2024-12-09 15:33:32.146,23337,23338,23338,1,1
2024-12-09 15:33:34.908,23337,23339,23337,1,-1
2024-12-09 15:33:39.038,23336,23338,23338,1,1
2024-12-09 15:33:39.522,23337,23339,23337,1,-1
2024-12-09 15:33:44.384,23336,23337,23336,2,-2
2024-12-09 15:33:44.385,23336,23337,23335,5,-5
2024-12-09 15:33:44.428,23334,23336,23336,1,1
2024-12-09 15:33:47.693,23335,23337,23336,1,1
2024-12-09 15:33:47.894,23335,23337,23335,1,-1
2024-12-09 15:33:57.109,23336,23337,23337,1,1
2024-12-09 15:34:00.069,23336,23337,23337,1,1
2024-12-09 15:34:00.069,23336,23337,23338,1,1
2024-12-09 15:34:00.070,23336,23337,23338,1,1
2024-12-09 15:34:00.070,23336,23337,23338,1,1
2024-12-09 15:34:00.218,23336,23339,23339,1,1
2024-12-09 15:34:02.126,23336,23338,23338,1,1
2024-12-09 15:34:04.446,23336,23337,23337,2,2
2024-12-09 15:34:04.446,23336,23337,23338,2,2
2024-12-09 15:34:08.579,23337,23339,23339,1,1
2024-12-09 15:34:09.625,23337,23339,23339,2,2
2024-12-09 15:34:09.662,23337,23340,23340,1,1
2024-12-09 15:34:11.583,23338,23339,23339,1,1
2024-12-09 15:34:11.820,23339,23340,23340,1,1
2024-12-09 15:34:11.821,23339,23340,23340,2,2
2024-12-09 15:34:11.821,23339,23340,23340,1,1
2024-12-09 15:34:11.821,23339,23340,23340,1,1
2024-12-09 15:34:11.821,23339,23340,23340,2,2
2024-12-09 15:34:13.185,23339,23341,23340,1,1
2024-12-09 15:34:13.699,23339,23340,23340,1,1
2024-12-09 15:34:13.699,23339,23340,23341,3,3
2024-12-09 15:34:17.481,23340,23342,23342,1,1
2024-12-09 15:34:17.493,23340,23342,23343,1,1
2024-12-09 15:34:17.711,23341,23343,23343,1,1
2024-12-09 15:34:18.793,23341,23343,23343,1,1
2024-12-09 15:34:19.345,23341,23343,23343,1,1
2024-12-09 15:34:20.538,23342,23344,23344,1,1
2024-12-09 15:34:20.936,23342,23344,23342,1,-1
2024-12-09 15:34:21.025,23342,23344,23343,2,-2
2024-12-09 15:34:21.887,23341,23344,23343,1,1
2024-12-09 15:34:22.278,23341,23344,23342,1,-1
2024-12-09 15:34:22.279,23341,23344,23343,4,4
2024-12-09 15:34:25.379,23343,23344,23344,3,3
2024-12-09 15:34:25.506,23343,23345,23343,1,-1
2024-12-09 15:34:26.502,23342,23343,23343,1,1
2024-12-09 15:34:28.301,23342,23343,23342,1,-1
2024-12-09 15:34:28.301,23342,23343,23342,1,-1
2024-12-09 15:34:30.509,23342,23343,23342,2,-2
2024-12-09 15:34:32.572,23340,23341,23340,1,-1
2024-12-09 15:34:38.111,23342,23344,23344,1,1
