2019-07-01 15:00:00.089,10767,10768,10768,53
2019-07-01 15:00:00.315,10767,10768,10767,1
2019-07-01 15:00:00.394,10767,10768,10768,1
2019-07-01 15:00:00.613,10767,10768,10768,1
2019-07-01 15:00:00.640,10767,10768,10767,1
2019-07-01 15:00:00.908,10767,10768,10768,1
2019-07-01 15:00:01.065,10767,10768,10767,3
2019-07-01 15:00:01.916,10766,10767,10767,1
2019-07-01 15:00:03.655,10766,10767,10767,1
2019-07-01 15:00:06.285,10766,10767,10767,3
2019-07-01 15:00:06.828,10766,10767,10767,1
2019-07-01 15:00:07.267,10766,10767,10766,7
2019-07-01 15:00:07.335,10765,10766,10766,3
2019-07-01 15:00:10.197,10765,10766,10766,1
2019-07-01 15:00:10.999,10765,10767,10765,1
2019-07-01 15:00:11.609,10766,10767,10766,2
2019-07-01 15:00:12.725,10765,10766,10765,1
2019-07-01 15:00:14.544,10765,10766,10766,1
2019-07-01 15:00:14.798,10765,10766,10765,1
2019-07-01 15:00:15.321,10765,10766,10766,4
2019-07-01 15:00:16.150,10765,10766,10765,5
2019-07-01 15:00:16.587,10765,10766,10765,10
2019-07-01 15:00:17.571,10765,10766,10766,4
2019-07-01 15:00:20.077,10765,10766,10766,2
2019-07-01 15:00:20.421,10765,10766,10766,2
2019-07-01 15:00:20.471,10765,10766,10766,1
2019-07-01 15:00:21.866,10765,10767,10765,10
2019-07-01 15:00:26.012,10766,10767,10766,1
2019-07-01 15:00:26.940,10765,10767,10766,4
2019-07-01 15:00:31.055,10766,10767,10766,5
2019-07-01 15:00:31.099,10765,10766,10766,5
2019-07-01 15:00:37.981,10765,10766,10766,6
2019-07-01 15:00:46.087,10765,10766,10766,1
2019-07-01 15:00:47.857,10765,10766,10765,10
2019-07-01 15:00:49.675,10765,10766,10765,1
2019-07-01 15:00:50.148,10765,10766,10766,1
2019-07-01 15:00:51.067,10765,10766,10765,1
2019-07-01 15:00:51.700,10765,10766,10765,2
2019-07-01 15:00:51.709,10765,10766,10765,2
2019-07-01 15:00:52.348,10765,10766,10765,1
2019-07-01 15:00:55.902,10765,10766,10765,1
2019-07-01 15:00:55.933,10765,10766,10765,1
2019-07-01 15:00:56.605,10765,10766,10765,1
2019-07-01 15:00:57.043,10765,10766,10765,2
2019-07-01 15:00:57.788,10765,10766,10766,2
2019-07-01 15:00:58.257,10765,10766,10765,1
2019-07-01 15:00:59.863,10765,10766,10766,1
2019-07-01 15:01:00.067,10765,10766,10766,8
2019-07-01 15:01:00.067,10765,10766,10766,2
2019-07-01 15:01:00.068,10765,10766,10766,5
2019-07-01 15:01:00.068,10765,10766,10766,2
2019-07-01 15:01:00.068,10765,10766,10766,1
2019-07-01 15:01:00.776,10765,10767,10765,1
2019-07-01 15:01:01.401,10766,10767,10767,6
2019-07-01 15:01:02.567,10766,10767,10767,1
2019-07-01 15:01:02.576,10766,10767,10767,1
2019-07-01 15:01:04.024,10767,10768,10768,9
2019-07-01 15:01:04.068,10767,10769,10769,23
2019-07-01 15:01:04.150,10767,10769,10769,3
2019-07-01 15:01:06.501,10768,10769,10768,2
2019-07-01 15:01:07.613,10768,10769,10768,1
2019-07-01 15:01:12.371,10767,10769,10769,1
2019-07-01 15:01:15.056,10768,10769,10769,3
2019-07-01 15:01:15.244,10768,10769,10768,1
2019-07-01 15:01:17.480,10768,10769,10768,1
2019-07-01 15:01:20.072,10768,10769,10768,2
2019-07-01 15:01:22.684,10768,10769,10768,1
2019-07-01 15:01:26.907,10768,10769,10769,6
2019-07-01 15:01:31.147,10768,10769,10769,1
2019-07-01 15:01:31.593,10768,10769,10768,1
2019-07-01 15:01:31.675,10768,10769,10769,3
2019-07-01 15:01:31.692,10769,10770,10769,1
2019-07-01 15:01:32.679,10769,10770,10769,5
2019-07-01 15:01:33.268,10768,10769,10768,1
2019-07-01 15:01:34.071,10768,10769,10769,2
2019-07-01 15:01:37.147,10768,10769,10769,1
2019-07-01 15:01:41.191,10768,10769,10769,1
2019-07-01 15:01:50.101,10768,10769,10769,1
2019-07-01 15:01:51.747,10768,10769,10768,1
2019-07-01 15:01:55.285,10768,10769,10769,10
2019-07-01 15:01:55.317,10768,10769,10769,2
2019-07-01 15:01:57.802,10768,10769,10768,26
2019-07-01 15:01:57.942,10768,10769,10768,1
2019-07-01 15:01:57.946,10768,10769,10768,1
2019-07-01 15:01:57.950,10768,10769,10768,1
2019-07-01 15:01:57.965,10768,10769,10768,1
2019-07-01 15:01:57.979,10768,10769,10768,1
2019-07-01 15:01:59.804,10767,10768,10768,1
2019-07-01 15:02:00.086,10768,10769,10768,3
2019-07-01 15:02:00.092,10768,10769,10767,4
2019-07-01 15:02:00.113,10768,10769,10768,2
2019-07-01 15:02:00.127,10768,10769,10767,1
2019-07-01 15:02:00.146,10768,10769,10767,3
2019-07-01 15:02:00.161,10768,10769,10767,3
2019-07-01 15:02:00.276,10767,10769,10767,3
2019-07-01 15:02:00.312,10767,10769,10767,1
2019-07-01 15:02:00.346,10767,10768,10767,1
2019-07-01 15:02:00.468,10767,10768,10767,1
2019-07-01 15:02:00.805,10767,10768,10767,2
2019-07-01 15:02:01.275,10767,10768,10768,3
2019-07-01 15:02:01.582,10767,10768,10767,1
2019-07-01 15:02:02.758,10767,10768,10768,7
2019-07-01 15:02:02.950,10767,10768,10768,1
2019-07-01 15:02:03.009,10767,10768,10768,1
2019-07-01 15:02:03.251,10768,10769,10768,1
2019-07-01 15:02:04.266,10768,10769,10768,1
2019-07-01 15:02:07.980,10768,10769,10768,1
2019-07-01 15:02:08.079,10768,10769,10768,1
2019-07-01 15:02:08.460,10768,10769,10768,1
2019-07-01 15:02:17.088,10768,10769,10769,1
2019-07-01 15:02:21.380,10768,10769,10768,10
2019-07-01 15:02:29.649,10768,10769,10768,13
2019-07-01 15:02:29.851,10767,10768,10768,1
2019-07-01 15:02:30.714,10768,10769,10769,2
2019-07-01 15:02:30.714,10768,10769,10769,3
2019-07-01 15:02:30.714,10768,10769,10769,1
2019-07-01 15:02:30.714,10768,10769,10769,5
2019-07-01 15:02:30.714,10768,10769,10769,2
2019-07-01 15:02:30.714,10768,10769,10769,1
2019-07-01 15:02:30.753,10768,10769,10769,2
2019-07-01 15:02:30.754,10768,10769,10769,1
2019-07-01 15:02:30.754,10768,10769,10769,4
2019-07-01 15:02:34.282,10769,10770,10769,5
2019-07-01 15:02:35.026,10769,10770,10770,3
2019-07-01 15:02:39.501,10769,10770,10769,1
2019-07-01 15:02:41.200,10769,10770,10770,4
2019-07-01 15:02:43.112,10769,10770,10770,1
2019-07-01 15:02:43.790,10769,10770,10770,1
2019-07-01 15:02:45.748,10769,10770,10770,4
2019-07-01 15:02:45.748,10769,10770,10770,3
2019-07-01 15:02:45.749,10769,10770,10770,2
2019-07-01 15:02:45.749,10769,10770,10770,7
2019-07-01 15:02:45.749,10769,10770,10770,1
2019-07-01 15:02:45.749,10769,10770,10770,2
2019-07-01 15:02:47.727,10769,10770,10769,1
2019-07-01 15:02:48.494,10769,10770,10770,2
2019-07-01 15:02:50.678,10769,10770,10770,4
2019-07-01 15:02:52.975,10769,10770,10769,1
2019-07-01 15:02:54.339,10769,10770,10770,7
2019-07-01 15:02:54.339,10769,10770,10770,8
2019-07-01 15:02:55.561,10770,10771,10770,1
2019-07-01 15:02:56.937,10770,10771,10770,1
2019-07-01 15:02:57.818,10769,10770,10770,1
2019-07-01 15:02:58.428,10769,10771,10771,1
2019-07-01 15:03:00.056,10770,10771,10771,6
2019-07-01 15:03:00.056,10770,10771,10771,11
2019-07-01 15:03:00.056,10770,10771,10771,5
2019-07-01 15:03:00.056,10770,10771,10771,1
2019-07-01 15:03:00.056,10770,10771,10771,1
2019-07-01 15:03:00.056,10770,10771,10771,2
2019-07-01 15:03:00.134,10770,10771,10771,3
2019-07-01 15:03:00.309,10770,10771,10770,10
2019-07-01 15:03:00.655,10770,10771,10770,3
2019-07-01 15:03:01.567,10770,10771,10771,1
2019-07-01 15:03:01.624,10770,10771,10771,1
2019-07-01 15:03:02.929,10770,10771,10771,10
2019-07-01 15:03:02.943,10770,10771,10771,2
2019-07-01 15:03:03.119,10770,10771,10771,2
2019-07-01 15:03:03.193,10771,10772,10771,8
2019-07-01 15:03:03.442,10771,10772,10771,1
2019-07-01 15:03:04.979,10770,10771,10771,1
2019-07-01 15:03:09.398,10770,10771,10770,1
2019-07-01 15:03:09.398,10770,10771,10770,2
2019-07-01 15:03:09.404,10770,10771,10770,1
2019-07-01 15:03:09.484,10770,10771,10770,1
2019-07-01 15:03:09.488,10770,10771,10770,1
2019-07-01 15:03:09.804,10770,10771,10770,1
2019-07-01 15:03:09.936,10769,10771,10770,1
2019-07-01 15:03:10.164,10770,10771,10770,2
2019-07-01 15:03:10.998,10770,10771,10771,1
2019-07-01 15:03:11.364,10769,10771,10771,5
2019-07-01 15:03:18.904,10770,10771,10771,1
2019-07-01 15:03:20.644,10770,10771,10770,11
2019-07-01 15:03:21.598,10769,10770,10769,1
2019-07-01 15:03:23.982,10769,10770,10770,1
2019-07-01 15:03:30.601,10769,10770,10770,1
2019-07-01 15:03:30.624,10769,10770,10770,1
2019-07-01 15:03:31.691,10769,10770,10770,1
2019-07-01 15:03:35.762,10769,10770,10770,1
2019-07-01 15:03:36.491,10769,10770,10770,2
2019-07-01 15:03:36.531,10769,10770,10770,2
2019-07-01 15:03:36.567,10769,10770,10770,11
2019-07-01 15:03:36.897,10770,10771,10770,6
2019-07-01 15:03:36.900,10770,10771,10770,3
2019-07-01 15:03:36.917,10770,10771,10770,1
2019-07-01 15:03:39.223,10770,10771,10771,1
2019-07-01 15:03:45.262,10770,10771,10770,1
2019-07-01 15:03:51.389,10770,10771,10771,4
2019-07-01 15:03:54.769,10770,10771,10770,1
2019-07-01 15:03:55.384,10770,10771,10770,1
2019-07-01 15:03:56.574,10770,10771,10770,1
2019-07-01 15:03:58.719,10770,10771,10770,1
2019-07-01 15:04:00.279,10770,10771,10770,6
2019-07-01 15:04:00.279,10770,10771,10770,1
2019-07-01 15:04:03.023,10769,10770,10770,10
2019-07-01 15:04:03.214,10769,10770,10770,2
2019-07-01 15:04:03.360,10769,10770,10769,1
2019-07-01 15:04:05.141,10769,10770,10769,1
2019-07-01 15:04:06.207,10769,10770,10770,1
2019-07-01 15:04:07.331,10769,10770,10769,1
2019-07-01 15:04:08.330,10769,10770,10769,4
2019-07-01 15:04:12.044,10769,10770,10769,1
2019-07-01 15:04:12.359,10769,10770,10769,1
2019-07-01 15:04:12.359,10769,10770,10769,2
2019-07-01 15:04:12.359,10769,10770,10769,1
2019-07-01 15:04:12.360,10769,10770,10769,1
2019-07-01 15:04:12.872,10768,10770,10770,1
2019-07-01 15:04:25.325,10768,10769,10769,1
2019-07-01 15:04:27.476,10768,10769,10769,1
2019-07-01 15:04:32.421,10768,10769,10769,1
2019-07-01 15:04:37.817,10768,10769,10768,4
2019-07-01 15:04:42.770,10768,10769,10769,1
2019-07-01 15:04:46.314,10768,10769,10768,1
2019-07-01 15:04:50.693,10768,10769,10769,1
2019-07-01 15:04:56.846,10768,10769,10768,38
2019-07-01 15:04:56.942,10768,10769,10768,6
2019-07-01 15:04:57.067,10768,10769,10768,10
2019-07-01 15:05:04.000,10767,10768,10767,3
2019-07-01 15:05:04.631,10767,10768,10768,1
2019-07-01 15:05:04.654,10767,10768,10768,1
2019-07-01 15:05:04.657,10767,10768,10768,1
2019-07-01 15:05:04.664,10767,10768,10768,1
2019-07-01 15:05:04.669,10767,10768,10768,1
2019-07-01 15:05:04.691,10767,10768,10767,1
2019-07-01 15:05:05.359,10767,10768,10768,1
2019-07-01 15:05:07.873,10767,10768,10768,2
2019-07-01 15:05:11.317,10767,10768,10768,3
2019-07-01 15:05:21.149,10767,10768,10767,1
2019-07-01 15:05:22.374,10767,10768,10768,1
2019-07-01 15:05:27.763,10767,10768,10768,1
2019-07-01 15:05:34.170,10767,10768,10768,1
2019-07-01 15:05:34.785,10767,10768,10768,1
2019-07-01 15:05:40.459,10767,10768,10768,1
2019-07-01 15:05:46.605,10767,10768,10767,1
2019-07-01 15:05:48.659,10767,10768,10768,3
2019-07-01 15:05:48.659,10767,10768,10768,5
2019-07-01 15:05:48.663,10767,10768,10768,2
2019-07-01 15:05:52.841,10768,10769,10769,1
2019-07-01 15:05:54.950,10768,10769,10768,1
2019-07-01 15:05:54.988,10768,10769,10769,1
2019-07-01 15:06:06.033,10768,10769,10769,2
2019-07-01 15:06:06.465,10768,10769,10768,2
2019-07-01 15:06:06.486,10768,10769,10768,2
2019-07-01 15:06:07.457,10768,10769,10769,1
2019-07-01 15:06:17.094,10768,10769,10769,1
2019-07-01 15:06:20.235,10768,10769,10769,3
2019-07-01 15:06:20.235,10768,10769,10770,8
2019-07-01 15:06:24.509,10769,10770,10769,1
2019-07-01 15:06:25.876,10768,10770,10770,1
2019-07-01 15:06:27.184,10769,10770,10769,3
2019-07-01 15:06:34.127,10768,10769,10769,1
2019-07-01 15:06:45.817,10768,10769,10769,2
2019-07-01 15:06:57.017,10769,10770,10769,1
2019-07-01 15:07:04.797,10768,10769,10769,3
2019-07-01 15:07:11.611,10768,10769,10769,2
2019-07-01 15:07:18.820,10769,10770,10769,2
2019-07-01 15:07:30.784,10768,10769,10769,1
2019-07-01 15:07:32.340,10768,10769,10768,5
2019-07-01 15:07:54.187,10768,10769,10768,1
2019-07-01 15:07:54.187,10768,10769,10768,1
2019-07-01 15:07:54.189,10768,10769,10768,1
2019-07-01 15:07:56.714,10767,10769,10767,3
2019-07-01 15:08:06.483,10768,10769,10768,1
2019-07-01 15:08:07.766,10768,10769,10768,1
2019-07-01 15:08:29.265,10767,10768,10768,1
2019-07-01 15:08:35.171,10767,10768,10767,2
2019-07-01 15:08:38.693,10767,10768,10767,1
2019-07-01 15:08:41.960,10767,10768,10767,1
2019-07-01 15:08:44.585,10767,10768,10767,1
2019-07-01 15:08:49.968,10767,10768,10767,18
2019-07-01 15:08:50.068,10767,10768,10767,1
2019-07-01 15:09:04.218,10767,10768,10768,1
2019-07-01 15:09:14.678,10767,10768,10767,1
2019-07-01 15:09:16.874,10767,10768,10767,8
2019-07-01 15:09:20.919,10766,10767,10767,1
2019-07-01 15:09:24.278,10766,10767,10767,2
2019-07-01 15:09:36.771,10766,10767,10767,1
2019-07-01 15:09:40.123,10766,10767,10767,1
2019-07-01 15:09:40.446,10766,10767,10767,1
2019-07-01 15:09:42.361,10766,10767,10766,7
2019-07-01 15:09:43.817,10766,10767,10767,4
2019-07-01 15:09:50.959,10766,10767,10766,6
2019-07-01 15:09:57.363,10766,10767,10766,3
2019-07-01 15:10:08.991,10765,10766,10766,1
2019-07-01 15:10:11.142,10765,10766,10766,1
2019-07-01 15:10:11.366,10765,10766,10765,12
2019-07-01 15:10:11.443,10765,10766,10765,1
2019-07-01 15:10:11.443,10765,10766,10765,2
2019-07-01 15:10:11.871,10765,10766,10765,3
2019-07-01 15:10:12.406,10764,10765,10765,1
2019-07-01 15:10:12.717,10764,10765,10765,1
2019-07-01 15:10:13.131,10764,10765,10765,1
2019-07-01 15:10:13.253,10764,10765,10764,1
2019-07-01 15:10:14.627,10764,10765,10764,1
2019-07-01 15:10:18.619,10764,10765,10765,6
2019-07-01 15:10:19.685,10764,10765,10764,1
2019-07-01 15:10:22.484,10764,10765,10765,1
2019-07-01 15:10:22.757,10764,10765,10764,1
2019-07-01 15:10:23.875,10764,10765,10765,1
2019-07-01 15:10:31.058,10764,10765,10765,1
2019-07-01 15:10:38.780,10764,10765,10765,1
2019-07-01 15:10:39.636,10764,10765,10765,1
2019-07-01 15:10:42.938,10764,10765,10765,1
2019-07-01 15:10:44.628,10764,10765,10764,1
2019-07-01 15:10:45.067,10764,10765,10765,1
2019-07-01 15:10:46.903,10764,10765,10765,1
2019-07-01 15:10:46.944,10764,10765,10765,6
2019-07-01 15:11:00.997,10765,10766,10766,1
2019-07-01 15:11:05.853,10765,10766,10765,2
2019-07-01 15:11:11.317,10765,10766,10765,2
2019-07-01 15:11:15.058,10764,10765,10765,1
2019-07-01 15:11:23.050,10764,10765,10765,1
2019-07-01 15:11:25.784,10764,10765,10765,2
2019-07-01 15:11:26.799,10764,10765,10765,1
2019-07-01 15:11:33.228,10764,10765,10765,1
2019-07-01 15:11:34.210,10764,10765,10765,1
2019-07-01 15:11:34.411,10764,10765,10765,1
2019-07-01 15:11:34.719,10764,10765,10765,1
2019-07-01 15:11:35.124,10764,10765,10765,1
2019-07-01 15:11:41.212,10765,10766,10765,1
2019-07-01 15:12:07.658,10765,10766,10766,1
2019-07-01 15:12:30.223,10765,10766,10766,3
2019-07-01 15:12:56.621,10765,10766,10766,1
2019-07-01 15:13:06.554,10765,10766,10766,1
2019-07-01 15:13:07.798,10765,10766,10766,1
2019-07-01 15:13:12.314,10765,10766,10765,2
2019-07-01 15:13:13.358,10765,10766,10766,1
2019-07-01 15:13:18.801,10765,10766,10766,1
2019-07-01 15:13:35.753,10765,10766,10766,1
2019-07-01 15:13:41.510,10765,10766,10766,2
2019-07-01 15:13:41.567,10765,10766,10766,1
2019-07-01 15:14:12.187,10766,10767,10767,1
2019-07-01 15:14:22.727,10766,10767,10767,1
2019-07-01 15:14:22.814,10766,10767,10767,1
2019-07-01 15:14:22.817,10766,10767,10767,5
2019-07-01 15:14:59.686,10767,10768,10767,1
2019-07-01 15:15:04.817,10767,10768,10767,8
2019-07-01 15:15:05.215,10766,10767,10767,2
2019-07-01 15:15:10.366,10766,10767,10766,1
2019-07-01 15:15:10.442,10766,10767,10766,5
2019-07-01 15:15:15.566,10765,10766,10766,1
2019-07-01 15:15:32.111,10765,10766,10765,12
2019-07-01 15:15:34.365,10764,10765,10765,1
2019-07-01 15:15:44.401,10765,10766,10765,1
2019-07-01 15:15:44.401,10765,10766,10764,1
2019-07-01 15:15:55.529,10764,10765,10764,2
2019-07-01 15:16:00.141,10764,10765,10764,1
2019-07-01 15:16:40.415,10764,10765,10764,3
2019-07-01 15:17:05.446,10764,10765,10764,3
2019-07-01 15:17:13.362,10764,10765,10764,1
2019-07-01 15:17:25.219,10764,10765,10764,1
2019-07-01 15:17:25.391,10764,10765,10764,2
2019-07-01 15:17:28.619,10764,10765,10764,1
2019-07-01 15:17:32.642,10764,10765,10764,1
2019-07-01 15:17:47.875,10764,10765,10764,1
2019-07-01 15:17:49.650,10764,10765,10765,15
2019-07-01 15:17:54.961,10764,10765,10765,3
2019-07-01 15:17:55.067,10764,10765,10765,1
2019-07-01 15:17:55.501,10765,10766,10765,1
2019-07-01 15:18:00.666,10764,10765,10765,1
2019-07-01 15:18:18.561,10764,10765,10765,1
2019-07-01 15:18:31.779,10764,10765,10765,2
2019-07-01 15:18:36.164,10764,10766,10766,10
2019-07-01 15:18:37.146,10765,10766,10765,1
2019-07-01 15:18:48.936,10765,10766,10765,1
2019-07-01 15:19:04.923,10765,10766,10765,21
2019-07-01 15:19:09.618,10764,10765,10765,2
2019-07-01 15:19:21.065,10764,10765,10765,1
2019-07-01 15:19:30.048,10764,10765,10764,1
2019-07-01 15:19:33.570,10764,10765,10765,3
2019-07-01 15:19:42.232,10765,10766,10765,10
2019-07-01 15:19:44.148,10765,10766,10765,7
2019-07-01 15:19:49.397,10764,10765,10765,1
2019-07-01 15:19:49.498,10764,10765,10765,3
2019-07-01 15:20:02.452,10765,10766,10765,10
2019-07-01 15:20:53.320,10765,10766,10766,1
2019-07-01 15:21:12.115,10765,10766,10766,1
2019-07-01 15:21:57.869,10765,10766,10766,3
2019-07-01 15:22:06.060,10765,10766,10766,1
2019-07-01 15:22:27.596,10765,10766,10766,5
2019-07-01 15:22:27.692,10765,10766,10766,1
2019-07-01 15:22:30.602,10765,10766,10766,1
2019-07-01 15:22:44.568,10765,10766,10766,1
2019-07-01 15:22:44.944,10765,10766,10766,1
2019-07-01 15:22:48.356,10765,10766,10766,2
2019-07-01 15:23:14.314,10766,10767,10766,2
2019-07-01 15:23:38.182,10766,10767,10767,1
2019-07-01 15:23:41.439,10766,10767,10767,3
2019-07-01 15:23:44.840,10766,10767,10767,2
2019-07-01 15:23:46.611,10766,10767,10767,1
2019-07-01 15:24:37.963,10767,10768,10767,1
2019-07-01 15:24:43.262,10767,10768,10767,1
2019-07-01 15:24:43.262,10767,10768,10767,2
2019-07-01 15:24:43.262,10767,10768,10767,1
2019-07-01 15:24:43.262,10767,10768,10767,2
2019-07-01 15:24:43.262,10767,10768,10767,2
2019-07-01 15:24:45.945,10766,10767,10766,1
2019-07-01 15:24:46.131,10766,10767,10766,11
2019-07-01 15:24:46.131,10766,10767,10766,2
2019-07-01 15:24:46.192,10766,10767,10766,6
2019-07-01 15:24:55.951,10765,10766,10766,1
2019-07-01 15:24:56.067,10765,10766,10766,5
2019-07-01 15:25:03.189,10766,10767,10767,1
2019-07-01 15:25:05.672,10766,10767,10767,1
2019-07-01 15:25:05.692,10766,10767,10767,1
2019-07-01 15:25:17.414,10767,10768,10767,1
2019-07-01 15:25:40.606,10767,10768,10768,2
2019-07-01 15:25:44.998,10767,10768,10768,1
2019-07-01 15:25:46.692,10767,10768,10768,27
2019-07-01 15:25:50.373,10768,10769,10768,1
2019-07-01 15:25:54.192,10768,10769,10768,1
2019-07-01 15:26:02.440,10768,10769,10768,4
2019-07-01 15:26:02.440,10768,10769,10767,2
2019-07-01 15:26:09.827,10768,10769,10768,1
2019-07-01 15:26:24.775,10768,10769,10768,1
2019-07-01 15:26:45.056,10768,10769,10768,1
2019-07-01 15:27:07.930,10768,10769,10768,3
2019-07-01 15:27:10.234,10767,10768,10768,1
2019-07-01 15:27:16.675,10767,10768,10767,5
2019-07-01 15:27:34.040,10767,10768,10768,4
2019-07-01 15:27:38.676,10767,10768,10768,1
2019-07-01 15:27:42.944,10767,10768,10767,1
2019-07-01 15:27:56.772,10767,10768,10768,1
2019-07-01 15:28:08.741,10767,10768,10767,3
2019-07-01 15:28:36.802,10767,10768,10767,4
2019-07-01 15:28:50.444,10767,10768,10768,2
2019-07-01 15:29:11.921,10767,10768,10768,1
2019-07-01 15:29:22.490,10767,10768,10768,1
2019-07-01 15:29:43.240,10767,10768,10768,1
2019-07-01 15:29:45.777,10767,10768,10767,2
2019-07-01 15:29:45.817,10767,10768,10767,1
2019-07-01 15:29:45.817,10767,10768,10767,20
2019-07-01 15:30:00.665,10766,10767,10766,1
2019-07-01 15:30:00.994,10766,10767,10766,2
2019-07-01 15:30:01.566,10766,10767,10766,1
2019-07-01 15:30:02.526,10766,10767,10766,1
2019-07-01 15:30:02.629,10766,10767,10766,6
2019-07-01 15:30:02.966,10766,10767,10766,1
2019-07-01 15:30:35.647,10765,10766,10766,2
2019-07-01 15:30:40.401,10765,10766,10766,1
2019-07-01 15:30:40.487,10765,10766,10766,1
2019-07-01 15:30:43.582,10765,10766,10766,1
2019-07-01 15:31:05.823,10765,10766,10766,1
2019-07-01 15:31:10.407,10765,10766,10766,1
2019-07-01 15:31:36.389,10765,10766,10766,2
2019-07-01 15:31:39.728,10765,10766,10765,1
2019-07-01 15:32:11.052,10765,10766,10766,3
2019-07-01 15:32:32.043,10765,10766,10766,7
2019-07-01 15:32:50.696,10766,10767,10767,1
2019-07-01 15:33:32.811,10766,10767,10767,15
2019-07-01 15:33:32.817,10766,10767,10767,1
2019-07-01 15:33:32.817,10766,10767,10767,1
2019-07-01 15:33:47.225,10767,10768,10767,1
2019-07-01 15:34:00.888,10767,10768,10767,1
2019-07-01 15:34:00.888,10767,10768,10766,49
2019-07-01 15:34:00.893,10767,10768,10766,1
2019-07-01 15:34:00.893,10767,10768,10766,9
2019-07-01 15:34:00.942,10766,10767,10766,3
2019-07-01 15:34:00.943,10766,10767,10766,4
2019-07-01 15:34:13.497,10765,10766,10766,3
2019-07-01 15:34:13.780,10765,10766,10766,1
2019-07-01 15:34:13.804,10765,10766,10766,1
2019-07-01 15:34:44.395,10765,10766,10766,1
2019-07-01 15:35:01.327,10765,10766,10766,5
2019-07-01 15:35:03.911,10765,10766,10766,1
2019-07-01 15:35:11.049,10765,10766,10766,16
2019-07-01 15:35:39.611,10766,10767,10767,1
2019-07-01 15:35:39.611,10766,10767,10767,3
2019-07-01 15:35:39.612,10766,10767,10767,1
2019-07-01 15:35:39.967,10767,10768,10767,7
2019-07-01 15:35:58.115,10766,10767,10767,1
2019-07-01 15:36:38.963,10766,10767,10767,1
2019-07-01 15:36:39.067,10766,10767,10767,2
2019-07-01 15:36:50.603,10766,10767,10767,2
2019-07-01 15:37:16.745,10767,10768,10767,8
2019-07-01 15:37:16.817,10767,10768,10767,2
2019-07-01 15:37:26.847,10766,10767,10767,1
2019-07-01 15:37:43.465,10766,10767,10767,1
2019-07-01 15:37:46.829,10766,10767,10767,1
2019-07-01 15:37:46.829,10766,10767,10767,1
2019-07-01 15:37:46.829,10766,10767,10767,1
2019-07-01 15:37:46.831,10766,10767,10767,1
2019-07-01 15:38:14.576,10766,10767,10767,1
2019-07-01 15:38:38.423,10767,10768,10767,1
2019-07-01 15:38:53.943,10766,10767,10767,1
2019-07-01 15:39:18.732,10766,10767,10766,16
2019-07-01 15:39:18.732,10766,10767,10766,1
2019-07-01 15:39:18.732,10766,10767,10766,2
2019-07-01 15:39:52.521,10765,10766,10766,1
2019-07-01 15:40:34.069,10766,10767,10767,1
2019-07-01 15:40:34.192,10766,10767,10767,1
2019-07-01 15:40:34.193,10766,10767,10767,2
2019-07-01 15:40:34.193,10766,10767,10767,5
2019-07-01 15:41:09.153,10767,10768,10767,4
2019-07-01 15:41:10.802,10766,10767,10767,5
2019-07-01 15:42:06.157,10766,10767,10767,1
2019-07-01 15:42:13.951,10767,10768,10767,1
2019-07-01 15:42:29.796,10767,10768,10767,2
2019-07-01 15:42:29.817,10767,10768,10767,3
2019-07-01 15:43:22.885,10766,10767,10767,1
2019-07-01 15:44:40.832,10766,10767,10767,4
2019-07-01 15:44:48.286,10766,10767,10767,5
2019-07-01 15:44:48.324,10767,10768,10768,13
2019-07-01 15:44:48.336,10767,10768,10768,1
2019-07-01 15:44:48.338,10767,10768,10768,1
2019-07-01 15:44:48.339,10767,10768,10768,2
2019-07-01 15:44:48.340,10767,10768,10768,1
2019-07-01 15:44:48.340,10767,10768,10768,1
2019-07-01 15:44:48.346,10767,10768,10768,7
2019-07-01 15:44:48.347,10767,10768,10768,2
2019-07-01 15:44:48.356,10767,10768,10768,2
2019-07-01 15:44:48.404,10767,10768,10768,2
2019-07-01 15:44:48.404,10767,10768,10768,2
2019-07-01 15:44:48.442,10767,10768,10768,3
2019-07-01 15:44:48.496,10767,10768,10769,1
2019-07-01 15:44:48.517,10767,10768,10769,1
2019-07-01 15:44:48.532,10767,10768,10769,2
2019-07-01 15:44:59.743,10768,10769,10768,1
2019-07-01 15:45:04.830,10767,10768,10767,3
2019-07-01 15:45:04.831,10767,10768,10767,1
2019-07-01 15:45:04.917,10767,10768,10767,1
2019-07-01 15:45:04.930,10767,10768,10767,1
2019-07-01 15:45:04.942,10767,10768,10767,4
2019-07-01 15:45:05.748,10766,10767,10767,1
2019-07-01 15:45:06.151,10766,10767,10767,1
2019-07-01 15:45:17.705,10766,10768,10768,1
2019-07-01 15:45:44.616,10767,10768,10767,1
2019-07-01 15:46:07.434,10767,10768,10768,1
2019-07-01 15:46:20.647,10767,10768,10768,1
2019-07-01 15:46:58.612,10767,10768,10768,3
2019-07-01 15:47:13.067,10767,10768,10768,3
2019-07-01 15:47:26.095,10768,10769,10768,1
2019-07-01 15:47:26.799,10767,10768,10768,1
2019-07-01 15:47:46.618,10767,10768,10768,1
2019-07-01 15:48:03.559,10767,10768,10768,1
2019-07-01 15:48:28.818,10767,10768,10767,9
2019-07-01 15:48:28.942,10767,10768,10767,3
2019-07-01 15:48:28.943,10767,10768,10767,3
2019-07-01 15:48:28.943,10767,10768,10767,11
2019-07-01 15:48:44.015,10767,10768,10767,1
2019-07-01 15:48:54.795,10766,10768,10767,1
2019-07-01 15:49:03.010,10766,10767,10766,4
2019-07-01 15:49:09.603,10766,10767,10767,1
2019-07-01 15:49:10.185,10766,10767,10767,1
2019-07-01 15:49:59.237,10766,10767,10767,5
2019-07-01 15:50:04.692,10766,10767,10767,3
2019-07-01 15:50:04.693,10766,10767,10767,5
2019-07-01 15:50:13.836,10766,10767,10767,1
2019-07-01 15:50:16.317,10766,10767,10767,3
2019-07-01 15:51:15.767,10766,10767,10767,1
2019-07-01 15:51:16.555,10766,10767,10767,3
2019-07-01 15:51:36.831,10766,10767,10766,7
2019-07-01 15:51:36.942,10766,10767,10766,13
2019-07-01 15:51:37.414,10765,10766,10766,2
2019-07-01 15:51:37.442,10766,10767,10766,1
2019-07-01 15:52:58.456,10765,10766,10766,2
2019-07-01 15:53:00.539,10765,10766,10766,2
2019-07-01 15:53:00.539,10765,10766,10766,1
2019-07-01 15:53:00.540,10765,10766,10766,2
2019-07-01 15:53:00.541,10765,10766,10766,3
2019-07-01 15:53:09.682,10765,10766,10766,1
2019-07-01 15:53:14.568,10765,10766,10765,1
2019-07-01 15:53:15.229,10765,10766,10765,1
2019-07-01 15:53:15.229,10765,10766,10765,1
2019-07-01 15:53:15.235,10765,10766,10765,1
2019-07-01 15:53:15.254,10765,10766,10765,1
2019-07-01 15:53:15.258,10765,10766,10765,1
2019-07-01 15:53:15.262,10765,10766,10765,1
2019-07-01 15:53:15.280,10765,10766,10765,1
2019-07-01 15:53:15.283,10765,10766,10765,1
2019-07-01 15:53:15.317,10765,10766,10765,3
2019-07-01 15:53:15.318,10765,10766,10765,1
2019-07-01 15:53:15.319,10765,10766,10765,4
2019-07-01 15:53:15.319,10765,10766,10765,1
2019-07-01 15:53:15.357,10765,10766,10765,3
2019-07-01 15:54:53.326,10765,10766,10766,3
2019-07-01 15:55:03.770,10766,10767,10766,1
2019-07-01 15:55:26.409,10766,10767,10766,1
2019-07-01 15:55:32.692,10766,10767,10766,1
2019-07-01 15:56:00.605,10765,10766,10765,4
2019-07-01 15:56:00.605,10765,10766,10765,2
2019-07-01 15:56:00.606,10765,10766,10765,3
2019-07-01 15:56:00.607,10765,10766,10765,2
2019-07-01 15:56:00.693,10765,10766,10765,2
2019-07-01 15:56:01.200,10764,10765,10765,1
2019-07-01 15:56:01.304,10764,10765,10764,1
2019-07-01 15:56:01.348,10764,10765,10764,1
2019-07-01 15:56:01.743,10764,10765,10764,1
2019-07-01 15:56:01.861,10764,10765,10764,5
2019-07-01 15:56:02.719,10764,10765,10764,3
2019-07-01 15:56:19.799,10764,10765,10765,1
2019-07-01 15:56:34.980,10764,10765,10764,2
2019-07-01 15:57:02.839,10764,10765,10764,2
2019-07-01 15:57:07.355,10764,10765,10764,2
2019-07-01 15:57:38.545,10764,10765,10764,1
2019-07-01 15:57:40.088,10764,10765,10764,2
2019-07-01 15:57:41.382,10764,10765,10764,2
2019-07-01 15:57:41.981,10764,10765,10764,1
2019-07-01 15:57:47.686,10764,10765,10764,2
2019-07-01 15:57:48.545,10764,10765,10764,5
2019-07-01 15:58:00.908,10764,10765,10764,3
2019-07-01 15:58:02.994,10764,10765,10764,3
2019-07-01 15:58:07.801,10764,10765,10765,1
2019-07-01 15:59:00.769,10764,10765,10765,3
2019-07-01 15:59:03.046,10764,10765,10764,9
2019-07-01 15:59:04.198,10764,10765,10764,8
2019-07-01 15:59:11.387,10763,10764,10763,2
2019-07-01 15:59:11.684,10763,10764,10763,1
2019-07-01 15:59:11.734,10763,10764,10763,1
2019-07-01 15:59:16.402,10763,10764,10764,1
2019-07-01 15:59:17.193,10763,10764,10763,1
2019-07-01 15:59:19.401,10763,10764,10763,3
2019-07-01 15:59:20.610,10763,10764,10763,1
2019-07-01 15:59:22.776,10763,10764,10763,1
2019-07-01 15:59:26.809,10763,10764,10764,4
2019-07-01 15:59:27.842,10763,10764,10763,3
2019-07-01 15:59:32.845,10763,10764,10763,2
2019-07-01 15:59:41.730,10763,10764,10763,3
2019-07-01 15:59:46.107,10763,10764,10763,3
2019-07-01 15:59:49.305,10762,10763,10763,1
2019-07-01 16:00:00.898,10762,10763,10762,2
2019-07-01 16:00:00.898,10762,10763,10762,2
2019-07-01 16:00:00.898,10762,10763,10762,4
2019-07-01 16:00:00.905,10762,10763,10762,11
2019-07-01 16:00:00.913,10762,10763,10762,1
2019-07-01 16:00:00.943,10762,10763,10762,2
2019-07-01 16:00:01.051,10762,10763,10762,1
2019-07-01 16:00:01.173,10761,10762,10761,4
2019-07-01 16:00:01.245,10761,10762,10761,1
2019-07-01 16:00:01.395,10761,10762,10761,4
2019-07-01 16:00:01.657,10761,10762,10761,1
2019-07-01 16:00:02.398,10761,10762,10761,2
2019-07-01 16:00:02.522,10761,10762,10761,6
2019-07-01 16:00:02.562,10761,10762,10761,1
2019-07-01 16:00:02.675,10761,10762,10761,1
2019-07-01 16:00:02.718,10761,10762,10761,1
2019-07-01 16:00:02.843,10761,10763,10761,1
2019-07-01 16:00:03.105,10761,10762,10761,1
2019-07-01 16:00:03.309,10761,10762,10761,1
2019-07-01 16:00:03.311,10761,10762,10761,1
2019-07-01 16:00:03.321,10761,10762,10761,1
2019-07-01 16:00:03.321,10761,10762,10761,1
2019-07-01 16:00:03.330,10761,10762,10761,1
2019-07-01 16:00:03.333,10761,10762,10761,5
2019-07-01 16:00:03.345,10761,10762,10761,1
2019-07-01 16:00:03.351,10761,10762,10761,1
2019-07-01 16:00:03.354,10761,10762,10761,1
2019-07-01 16:00:03.363,10761,10762,10761,1
2019-07-01 16:00:03.372,10761,10762,10761,1
2019-07-01 16:00:03.676,10761,10762,10761,3
2019-07-01 16:00:03.706,10761,10762,10761,10
2019-07-01 16:00:03.706,10761,10762,10760,5
2019-07-01 16:00:03.754,10761,10762,10761,1
2019-07-01 16:00:03.853,10761,10762,10760,5
2019-07-01 16:00:03.858,10761,10762,10760,5
2019-07-01 16:00:03.865,10761,10762,10760,1
2019-07-01 16:00:03.874,10761,10762,10761,2
2019-07-01 16:00:03.891,10761,10762,10760,3
2019-07-01 16:00:03.978,10760,10762,10760,1
2019-07-01 16:00:03.988,10760,10762,10760,1
2019-07-01 16:00:04.017,10760,10762,10760,1
2019-07-01 16:00:04.180,10760,10761,10760,4
2019-07-01 16:00:04.190,10760,10761,10760,1
2019-07-01 16:00:04.336,10760,10761,10760,1
2019-07-01 16:00:04.486,10760,10761,10760,1
2019-07-01 16:00:04.620,10760,10761,10761,1
2019-07-01 16:00:05.156,10760,10761,10760,1
2019-07-01 16:00:05.369,10760,10761,10760,1
2019-07-01 16:00:05.383,10760,10761,10760,1
2019-07-01 16:00:05.779,10760,10761,10760,2
2019-07-01 16:00:05.789,10760,10761,10760,1
2019-07-01 16:00:05.846,10760,10761,10760,1
2019-07-01 16:00:05.847,10760,10761,10760,1
2019-07-01 16:00:05.857,10760,10761,10760,1
2019-07-01 16:00:05.878,10760,10761,10760,2
2019-07-01 16:00:05.878,10760,10761,10760,2
2019-07-01 16:00:05.886,10760,10761,10760,1
2019-07-01 16:00:05.890,10760,10761,10760,1
2019-07-01 16:00:06.301,10760,10761,10760,1
2019-07-01 16:00:06.301,10760,10761,10760,1
2019-07-01 16:00:06.303,10760,10761,10760,1
2019-07-01 16:00:06.311,10760,10761,10760,1
2019-07-01 16:00:06.325,10760,10761,10760,1
2019-07-01 16:00:06.331,10760,10761,10760,1
2019-07-01 16:00:06.339,10760,10761,10760,1
2019-07-01 16:00:06.339,10760,10761,10760,1
2019-07-01 16:00:06.354,10760,10761,10760,1
2019-07-01 16:00:06.364,10760,10761,10760,1
2019-07-01 16:00:07.510,10760,10761,10760,4
2019-07-01 16:00:08.430,10760,10761,10760,1
2019-07-01 16:00:09.060,10760,10761,10760,10
2019-07-01 16:00:09.346,10760,10761,10761,1
2019-07-01 16:00:16.144,10760,10761,10761,1
2019-07-01 16:00:18.795,10761,10762,10761,1
2019-07-01 16:00:19.603,10761,10763,10763,1
2019-07-01 16:00:31.914,10762,10763,10762,10
2019-07-01 16:00:35.041,10762,10763,10762,2
2019-07-01 16:00:38.640,10762,10763,10762,1
2019-07-01 16:00:44.779,10762,10763,10762,1
2019-07-01 16:00:45.764,10762,10763,10762,1
2019-07-01 16:00:53.541,10762,10763,10762,2
2019-07-01 16:00:54.414,10762,10763,10763,3
2019-07-01 16:00:59.969,10762,10763,10762,3
2019-07-01 16:01:03.221,10762,10763,10763,1
2019-07-01 16:01:03.445,10762,10763,10763,1
2019-07-01 16:01:14.348,10762,10763,10763,1
2019-07-01 16:01:14.815,10762,10763,10763,1
2019-07-01 16:01:29.375,10762,10763,10762,1
2019-07-01 16:01:46.019,10762,10763,10762,2
2019-07-01 16:01:53.623,10762,10763,10763,1
2019-07-01 16:01:53.623,10762,10763,10763,1
2019-07-01 16:01:53.695,10762,10763,10763,1
2019-07-01 16:01:53.817,10762,10763,10763,8
2019-07-01 16:01:58.615,10763,10764,10763,1
2019-07-01 16:01:59.999,10763,10764,10763,1
2019-07-01 16:02:17.354,10763,10764,10763,1
2019-07-01 16:02:34.316,10763,10764,10763,1
2019-07-01 16:02:51.908,10763,10764,10763,1
2019-07-01 16:02:54.355,10763,10764,10764,1
2019-07-01 16:03:04.386,10763,10764,10764,1
2019-07-01 16:03:07.704,10763,10764,10763,10
2019-07-01 16:03:26.645,10763,10764,10763,1
2019-07-01 16:03:30.572,10763,10764,10763,1
2019-07-01 16:04:11.555,10763,10764,10763,3
2019-07-01 16:04:12.009,10762,10763,10762,8
2019-07-01 16:04:26.342,10762,10763,10763,1
2019-07-01 16:04:27.207,10762,10763,10763,1
2019-07-01 16:04:28.489,10762,10763,10763,1
2019-07-01 16:04:35.613,10762,10763,10763,1
2019-07-01 16:04:35.905,10762,10763,10762,1
2019-07-01 16:04:59.921,10762,10763,10763,5
2019-07-01 16:05:02.844,10762,10763,10763,5
2019-07-01 16:05:02.942,10762,10763,10763,4
2019-07-01 16:05:27.281,10762,10763,10763,1
2019-07-01 16:05:29.923,10763,10764,10763,1
2019-07-01 16:05:41.001,10763,10764,10763,2
2019-07-01 16:05:43.040,10763,10764,10763,1
2019-07-01 16:05:45.386,10762,10764,10764,1
2019-07-01 16:05:50.316,10762,10763,10763,1
2019-07-01 16:05:53.967,10762,10763,10763,1
2019-07-01 16:05:58.065,10762,10763,10763,1
2019-07-01 16:06:04.072,10762,10763,10763,1
2019-07-01 16:06:09.809,10762,10763,10763,2
2019-07-01 16:06:14.311,10762,10763,10763,6
2019-07-01 16:07:00.683,10763,10764,10763,1
2019-07-01 16:07:05.251,10763,10764,10764,1
2019-07-01 16:07:05.785,10763,10764,10764,1
2019-07-01 16:07:45.064,10763,10764,10763,1
2019-07-01 16:07:47.829,10763,10764,10763,3
2019-07-01 16:08:40.516,10762,10763,10763,1
2019-07-01 16:08:40.568,10762,10763,10763,2
2019-07-01 16:09:10.124,10762,10763,10763,1
2019-07-01 16:09:30.998,10762,10763,10763,4
2019-07-01 16:09:32.648,10762,10763,10763,1
2019-07-01 16:09:37.401,10763,10764,10764,1
2019-07-01 16:09:41.662,10763,10764,10764,1
2019-07-01 16:09:42.289,10763,10764,10764,1
2019-07-01 16:10:10.595,10763,10764,10764,1
2019-07-01 16:10:18.637,10763,10764,10764,1
2019-07-01 16:10:25.942,10763,10764,10763,4
2019-07-01 16:10:25.943,10763,10764,10763,2
2019-07-01 16:10:35.826,10762,10763,10762,1
2019-07-01 16:10:39.664,10762,10763,10762,1
2019-07-01 16:10:40.806,10762,10763,10762,1
2019-07-01 16:10:49.983,10762,10763,10762,1
2019-07-01 16:10:52.809,10762,10763,10762,5
2019-07-01 16:10:54.690,10762,10763,10763,1
2019-07-01 16:11:02.392,10762,10763,10762,3
2019-07-01 16:11:07.032,10762,10763,10762,1
2019-07-01 16:11:32.924,10762,10763,10762,1
2019-07-01 16:11:35.855,10762,10763,10763,1
2019-07-01 16:11:53.970,10762,10763,10763,1
2019-07-01 16:11:54.553,10762,10763,10763,1
2019-07-01 16:11:54.567,10762,10763,10763,4
2019-07-01 16:12:48.922,10762,10763,10763,1
2019-07-01 16:13:02.325,10762,10763,10762,32
2019-07-01 16:13:02.325,10762,10763,10761,64
2019-07-01 16:13:02.344,10762,10763,10760,2
2019-07-01 16:13:02.443,10760,10761,10760,5
2019-07-01 16:13:02.443,10760,10761,10760,10
2019-07-01 16:13:02.444,10760,10761,10760,2
2019-07-01 16:13:02.444,10760,10761,10760,1
2019-07-01 16:13:02.444,10760,10761,10760,1
2019-07-01 16:13:02.444,10760,10761,10760,1
2019-07-01 16:13:02.444,10760,10761,10760,1
2019-07-01 16:13:02.444,10760,10761,10760,1
2019-07-01 16:13:02.444,10760,10761,10760,1
2019-07-01 16:13:02.444,10760,10761,10760,1
2019-07-01 16:13:02.444,10760,10761,10760,1
2019-07-01 16:13:02.444,10760,10761,10760,1
2019-07-01 16:13:02.445,10760,10761,10760,1
2019-07-01 16:13:02.445,10760,10761,10760,1
2019-07-01 16:13:02.445,10760,10761,10760,1
2019-07-01 16:13:02.445,10760,10761,10760,1
2019-07-01 16:13:02.531,10760,10761,10760,1
2019-07-01 16:13:02.568,10759,10760,10760,2
2019-07-01 16:13:02.569,10759,10760,10759,5
2019-07-01 16:13:02.569,10759,10760,10759,2
2019-07-01 16:13:02.569,10759,10760,10759,1
2019-07-01 16:13:02.693,10759,10760,10759,1
2019-07-01 16:13:02.693,10759,10760,10759,5
2019-07-01 16:13:02.801,10759,10760,10759,1
2019-07-01 16:13:02.801,10759,10760,10759,1
2019-07-01 16:13:02.821,10759,10760,10759,5
2019-07-01 16:13:03.020,10759,10760,10759,1
2019-07-01 16:13:03.091,10759,10760,10759,1
2019-07-01 16:13:03.254,10759,10760,10759,3
2019-07-01 16:13:03.254,10759,10760,10758,10
2019-07-01 16:13:03.254,10759,10760,10758,3
2019-07-01 16:13:03.375,10759,10760,10758,30
2019-07-01 16:13:03.375,10759,10760,10757,30
2019-07-01 16:13:03.384,10759,10760,10757,3
2019-07-01 16:13:03.385,10759,10760,10756,24
2019-07-01 16:13:03.385,10759,10760,10755,30
2019-07-01 16:13:03.385,10759,10760,10754,6
2019-07-01 16:13:03.416,10759,10760,10755,5
2019-07-01 16:13:03.422,10759,10760,10755,3
2019-07-01 16:13:03.422,10759,10760,10754,2
2019-07-01 16:13:03.443,10755,10758,10758,3
2019-07-01 16:13:03.443,10755,10758,10759,2
2019-07-01 16:13:03.444,10755,10758,10757,3
2019-07-01 16:13:03.444,10755,10758,10756,3
2019-07-01 16:13:03.444,10755,10758,10757,1
2019-07-01 16:13:03.444,10755,10758,10756,2
2019-07-01 16:13:03.445,10755,10758,10756,1
2019-07-01 16:13:03.489,10755,10758,10756,2
2019-07-01 16:13:03.493,10755,10758,10756,1
2019-07-01 16:13:03.519,10755,10758,10756,1
2019-07-01 16:13:03.536,10755,10758,10756,1
2019-07-01 16:13:03.536,10755,10758,10755,3
2019-07-01 16:13:03.568,10756,10757,10757,1
2019-07-01 16:13:03.568,10756,10757,10756,3
2019-07-01 16:13:03.568,10756,10757,10756,2
2019-07-01 16:13:03.608,10756,10757,10757,1
2019-07-01 16:13:03.641,10756,10757,10756,1
2019-07-01 16:13:03.670,10756,10757,10756,2
2019-07-01 16:13:03.778,10755,10757,10756,2
2019-07-01 16:13:03.867,10756,10757,10756,2
2019-07-01 16:13:03.869,10756,10757,10756,1
2019-07-01 16:13:04.001,10756,10757,10757,3
2019-07-01 16:13:04.316,10757,10758,10757,12
2019-07-01 16:13:04.316,10757,10758,10756,17
2019-07-01 16:13:04.316,10757,10758,10755,3
2019-07-01 16:13:04.382,10755,10758,10757,3
2019-07-01 16:13:04.382,10755,10758,10758,2
2019-07-01 16:13:04.443,10756,10757,10757,1
2019-07-01 16:13:04.607,10756,10757,10757,1
2019-07-01 16:13:04.608,10756,10757,10757,1
2019-07-01 16:13:04.659,10756,10757,10756,1
2019-07-01 16:13:04.761,10756,10758,10756,1
2019-07-01 16:13:04.838,10756,10758,10756,1
2019-07-01 16:13:04.894,10756,10758,10756,1
2019-07-01 16:13:04.900,10756,10758,10756,1
2019-07-01 16:13:04.906,10756,10758,10756,1
2019-07-01 16:13:04.922,10756,10758,10756,1
2019-07-01 16:13:04.943,10756,10757,10757,1
2019-07-01 16:13:04.943,10756,10757,10756,1
2019-07-01 16:13:04.975,10756,10757,10757,1
2019-07-01 16:13:04.975,10756,10757,10756,1
2019-07-01 16:13:04.991,10756,10757,10758,2
2019-07-01 16:13:06.607,10757,10758,10758,1
2019-07-01 16:13:08.538,10757,10758,10757,1
2019-07-01 16:13:09.817,10757,10758,10757,1
2019-07-01 16:13:10.592,10756,10757,10757,1
2019-07-01 16:13:12.451,10757,10758,10757,5
2019-07-01 16:13:12.567,10757,10758,10757,1
2019-07-01 16:13:13.806,10757,10758,10757,1
2019-07-01 16:13:13.944,10756,10757,10757,1
2019-07-01 16:13:14.695,10756,10757,10756,4
2019-07-01 16:13:14.818,10755,10756,10756,1
2019-07-01 16:13:15.544,10756,10757,10756,1
2019-07-01 16:13:15.545,10756,10757,10756,4
2019-07-01 16:13:20.150,10756,10757,10756,1
2019-07-01 16:13:20.150,10756,10757,10755,1
2019-07-01 16:13:25.125,10756,10757,10757,1
2019-07-01 16:13:25.329,10756,10757,10757,1
2019-07-01 16:13:29.694,10756,10757,10757,3
2019-07-01 16:13:31.068,10757,10758,10757,2
2019-07-01 16:13:37.548,10757,10758,10757,2
2019-07-01 16:13:39.608,10757,10758,10758,4
2019-07-01 16:13:39.608,10757,10758,10759,1
2019-07-01 16:13:40.516,10758,10759,10758,1
2019-07-01 16:13:47.349,10758,10759,10758,1
2019-07-01 16:13:51.002,10758,10759,10759,2
2019-07-01 16:13:51.557,10758,10759,10759,1
2019-07-01 16:13:58.194,10758,10759,10759,1
2019-07-01 16:14:01.533,10758,10759,10759,1
2019-07-01 16:14:04.814,10758,10759,10759,4
2019-07-01 16:14:07.648,10758,10759,10758,1
2019-07-01 16:14:08.680,10758,10759,10759,2
2019-07-01 16:14:11.094,10758,10759,10758,1
2019-07-01 16:14:11.995,10758,10759,10758,1
2019-07-01 16:14:12.220,10758,10759,10758,3
2019-07-01 16:14:14.284,10757,10758,10758,2
2019-07-01 16:14:20.156,10757,10758,10758,1
2019-07-01 16:14:20.804,10757,10758,10758,1
2019-07-01 16:14:20.882,10757,10758,10757,1
2019-07-01 16:14:25.329,10757,10758,10757,1
2019-07-01 16:14:28.492,10757,10758,10758,1
2019-07-01 16:14:32.349,10757,10758,10757,4
2019-07-01 16:14:32.873,10756,10757,10757,1
2019-07-01 16:14:36.646,10756,10757,10756,4
2019-07-01 16:14:37.664,10755,10757,10755,1
2019-07-01 16:14:38.873,10755,10756,10756,1
2019-07-01 16:14:38.873,10755,10756,10757,1
2019-07-01 16:14:40.192,10755,10756,10756,1
2019-07-01 16:14:43.893,10756,10757,10757,1
2019-07-01 16:15:04.335,10756,10757,10757,6
2019-07-01 16:15:04.442,10756,10757,10757,14
2019-07-01 16:15:04.603,10756,10758,10757,1
2019-07-01 16:15:04.609,10756,10758,10757,1
2019-07-01 16:15:05.150,10756,10757,10757,1
2019-07-01 16:15:05.192,10756,10757,10757,2
2019-07-01 16:15:11.244,10757,10758,10757,2
2019-07-01 16:15:17.297,10757,10758,10757,1
2019-07-01 16:15:18.538,10757,10758,10757,1
2019-07-01 16:15:23.325,10757,10758,10758,1
2019-07-01 16:15:27.656,10757,10758,10758,2
2019-07-01 16:15:37.992,10757,10758,10758,1
2019-07-01 16:15:43.363,10757,10758,10757,1
2019-07-01 16:15:43.828,10757,10758,10757,1
2019-07-01 16:15:49.993,10757,10758,10758,1
2019-07-01 16:15:54.080,10757,10758,10758,1
2019-07-01 16:15:59.040,10757,10758,10757,10
2019-07-01 16:16:00.139,10757,10758,10758,1
2019-07-01 16:16:00.568,10757,10758,10757,6
2019-07-01 16:16:00.568,10757,10758,10756,8
2019-07-01 16:16:03.429,10756,10757,10756,2
2019-07-01 16:16:06.262,10756,10757,10757,1
2019-07-01 16:16:07.325,10756,10757,10756,1
2019-07-01 16:16:11.443,10756,10757,10757,1
2019-07-01 16:16:14.141,10756,10757,10756,1
2019-07-01 16:16:19.236,10756,10757,10757,2
2019-07-01 16:16:22.886,10756,10757,10756,2
2019-07-01 16:16:34.298,10756,10757,10757,1
2019-07-01 16:16:37.668,10756,10757,10756,1
2019-07-01 16:16:38.673,10756,10757,10756,5
2019-07-01 16:16:44.554,10756,10757,10757,1
2019-07-01 16:16:49.894,10756,10757,10757,1
2019-07-01 16:16:55.882,10756,10757,10757,1
2019-07-01 16:16:57.718,10756,10757,10757,2
2019-07-01 16:17:05.735,10756,10757,10757,2
2019-07-01 16:17:06.155,10756,10757,10757,1
2019-07-01 16:17:06.859,10756,10757,10757,2
2019-07-01 16:17:06.860,10756,10757,10757,1
2019-07-01 16:17:06.860,10756,10757,10757,2
2019-07-01 16:17:08.204,10757,10758,10757,4
2019-07-01 16:17:08.778,10757,10758,10757,3
2019-07-01 16:17:08.919,10757,10758,10757,2
2019-07-01 16:17:08.919,10757,10758,10756,3
2019-07-01 16:17:13.463,10757,10758,10757,5
2019-07-01 16:17:13.464,10757,10758,10757,1
2019-07-01 16:17:14.540,10756,10757,10757,1
2019-07-01 16:17:15.307,10756,10757,10757,1
2019-07-01 16:17:20.683,10756,10757,10757,8
2019-07-01 16:17:22.743,10757,10758,10757,1
2019-07-01 16:17:22.762,10757,10758,10757,1
2019-07-01 16:17:25.099,10757,10758,10757,3
2019-07-01 16:17:27.271,10757,10758,10757,3
2019-07-01 16:17:27.507,10757,10758,10757,1
2019-07-01 16:17:36.121,10757,10758,10757,1
2019-07-01 16:17:37.408,10757,10758,10757,1
2019-07-01 16:17:43.680,10757,10758,10757,5
2019-07-01 16:17:46.896,10757,10758,10757,8
2019-07-01 16:17:46.896,10757,10758,10756,2
2019-07-01 16:17:52.482,10757,10758,10757,1
2019-07-01 16:18:36.632,10757,10758,10757,2
2019-07-01 16:18:36.783,10757,10758,10757,10
2019-07-01 16:18:38.690,10756,10757,10757,1
2019-07-01 16:18:42.047,10756,10757,10757,2
2019-07-01 16:18:49.473,10756,10757,10757,1
2019-07-01 16:18:53.674,10756,10757,10757,1
2019-07-01 16:18:59.368,10756,10757,10757,1
2019-07-01 16:18:59.762,10756,10757,10757,3
2019-07-01 16:19:04.704,10757,10758,10757,3
2019-07-01 16:19:06.759,10757,10758,10757,1
2019-07-01 16:19:07.677,10757,10758,10758,1
2019-07-01 16:19:09.465,10757,10758,10757,1
2019-07-01 16:19:13.246,10757,10758,10758,1
2019-07-01 16:19:33.854,10757,10758,10757,6
2019-07-01 16:19:33.886,10757,10758,10758,1
2019-07-01 16:19:48.703,10757,10758,10758,5
2019-07-01 16:19:51.057,10757,10758,10758,1
2019-07-01 16:19:54.488,10757,10758,10757,1
2019-07-01 16:19:55.129,10757,10758,10758,6
2019-07-01 16:19:55.129,10757,10758,10759,4
2019-07-01 16:19:55.172,10757,10758,10759,18
2019-07-01 16:19:55.172,10757,10758,10759,2
2019-07-01 16:19:55.172,10757,10758,10759,3
2019-07-01 16:19:55.180,10757,10758,10759,4
2019-07-01 16:19:55.184,10757,10758,10759,1
2019-07-01 16:19:55.193,10758,10759,10759,3
2019-07-01 16:19:55.193,10758,10759,10759,2
2019-07-01 16:19:55.193,10758,10759,10759,3
2019-07-01 16:19:55.193,10758,10759,10759,2
2019-07-01 16:19:56.157,10759,10760,10759,2
2019-07-01 16:19:56.159,10759,10760,10759,1
2019-07-01 16:19:56.318,10758,10759,10758,8
2019-07-01 16:19:57.893,10757,10758,10758,8
2019-07-01 16:20:07.872,10758,10759,10758,1
2019-07-01 16:20:22.388,10758,10759,10758,10
2019-07-01 16:20:32.888,10758,10759,10758,1
2019-07-01 16:20:34.678,10758,10759,10759,1
2019-07-01 16:20:34.884,10758,10759,10759,1
2019-07-01 16:20:35.317,10759,10760,10760,1
2019-07-01 16:20:35.325,10758,10760,10760,5
2019-07-01 16:20:35.434,10758,10760,10758,2
2019-07-01 16:20:44.858,10759,10760,10759,1
2019-07-01 16:20:45.466,10758,10760,10758,1
2019-07-01 16:20:46.210,10758,10759,10759,1
2019-07-01 16:20:46.416,10758,10760,10760,2
2019-07-01 16:20:52.335,10758,10760,10760,5
2019-07-01 16:20:52.721,10759,10760,10760,1
2019-07-01 16:20:53.127,10759,10760,10760,1
2019-07-01 16:20:53.437,10759,10760,10760,1
2019-07-01 16:20:58.678,10760,10761,10760,1
2019-07-01 16:21:03.396,10759,10760,10760,1
2019-07-01 16:21:05.103,10759,10760,10760,8
2019-07-01 16:21:13.548,10760,10761,10760,10
2019-07-01 16:21:39.162,10759,10760,10760,1
2019-07-01 16:21:43.529,10760,10761,10761,1
2019-07-01 16:21:43.786,10760,10761,10761,1
2019-07-01 16:21:43.836,10760,10761,10761,1
2019-07-01 16:21:44.145,10760,10761,10761,1
2019-07-01 16:21:44.559,10760,10761,10761,1
2019-07-01 16:21:45.865,10761,10762,10761,1
2019-07-01 16:22:01.872,10760,10761,10761,1
2019-07-01 16:22:01.973,10760,10761,10761,1
2019-07-01 16:22:02.179,10760,10761,10761,1
2019-07-01 16:22:02.482,10760,10761,10761,1
2019-07-01 16:22:04.065,10760,10761,10760,9
2019-07-01 16:22:05.586,10759,10761,10761,3
2019-07-01 16:22:22.541,10760,10761,10760,1
2019-07-01 16:22:37.993,10760,10761,10760,1
2019-07-01 16:22:39.644,10760,10761,10760,15
2019-07-01 16:22:43.511,10759,10760,10760,1
2019-07-01 16:23:20.825,10759,10760,10760,1
2019-07-01 16:23:21.582,10759,10760,10760,1
2019-07-01 16:23:21.790,10759,10760,10760,1
2019-07-01 16:23:32.817,10759,10760,10760,2
2019-07-01 16:23:44.333,10759,10760,10759,1
2019-07-01 16:23:44.334,10759,10760,10759,2
2019-07-01 16:23:44.334,10759,10760,10759,2
2019-07-01 16:23:44.584,10758,10759,10759,1
2019-07-01 16:23:59.697,10759,10760,10759,1
2019-07-01 16:23:59.697,10759,10760,10759,5
2019-07-01 16:23:59.698,10759,10760,10759,2
2019-07-01 16:23:59.820,10759,10760,10759,2
2019-07-01 16:24:04.817,10759,10760,10759,1
2019-07-01 16:24:14.486,10758,10759,10759,1
2019-07-01 16:24:26.274,10758,10759,10759,1
2019-07-01 16:24:37.852,10759,10760,10760,1
2019-07-01 16:24:50.516,10759,10760,10759,2
2019-07-01 16:24:54.224,10759,10760,10759,1
2019-07-01 16:25:01.826,10759,10760,10759,1
2019-07-01 16:25:07.209,10759,10760,10759,2
2019-07-01 16:25:07.209,10759,10760,10759,1
2019-07-01 16:25:15.499,10758,10759,10759,1
2019-07-01 16:25:43.328,10758,10759,10759,1
2019-07-01 16:26:04.370,10758,10759,10758,5
2019-07-01 16:26:27.285,10758,10759,10758,1
2019-07-01 16:26:32.228,10758,10759,10759,1
2019-07-01 16:27:02.191,10758,10759,10758,1
2019-07-01 16:27:16.923,10758,10759,10758,1
2019-07-01 16:27:19.624,10758,10759,10758,1
2019-07-01 16:27:25.596,10758,10759,10759,1
2019-07-01 16:27:34.692,10758,10759,10758,1
2019-07-01 16:27:34.817,10758,10759,10758,5
2019-07-01 16:28:07.969,10757,10758,10757,4
2019-07-01 16:28:08.067,10757,10758,10757,14
2019-07-01 16:28:08.420,10756,10757,10757,1
2019-07-01 16:28:19.286,10756,10757,10757,3
2019-07-01 16:28:22.201,10756,10757,10757,1
2019-07-01 16:28:22.508,10756,10757,10757,1
2019-07-01 16:28:22.813,10756,10757,10757,1
2019-07-01 16:28:23.523,10756,10758,10758,1
2019-07-01 16:28:57.982,10757,10758,10757,1
2019-07-01 16:29:02.411,10757,10758,10757,1
2019-07-01 16:29:02.480,10757,10758,10758,2
2019-07-01 16:29:08.381,10757,10758,10758,1
2019-07-01 16:29:08.683,10757,10758,10758,1
2019-07-01 16:29:10.295,10757,10758,10758,1
2019-07-01 16:29:10.351,10757,10758,10758,1
2019-07-01 16:29:10.604,10757,10758,10758,1
2019-07-01 16:29:40.246,10757,10758,10758,1
2019-07-01 16:29:47.190,10757,10758,10758,1
2019-07-01 16:29:47.192,10757,10758,10758,1
2019-07-01 16:29:47.195,10757,10758,10758,1
2019-07-01 16:29:47.317,10757,10758,10758,8
2019-07-01 16:29:56.813,10758,10759,10759,1
2019-07-01 16:29:57.971,10758,10759,10759,1
2019-07-01 16:30:16.476,10758,10759,10758,13
2019-07-01 16:30:18.506,10757,10758,10758,1
2019-07-01 16:30:22.696,10757,10758,10758,1
2019-07-01 16:30:35.384,10757,10758,10758,1
2019-07-01 16:30:38.669,10757,10758,10758,1
2019-07-01 16:30:38.974,10757,10758,10758,1
2019-07-01 16:30:43.307,10757,10758,10758,1
2019-07-01 16:30:56.158,10757,10758,10758,1
2019-07-01 16:30:56.472,10757,10758,10758,1
2019-07-01 16:31:01.017,10757,10758,10758,2
2019-07-01 16:31:01.328,10757,10758,10758,2
2019-07-01 16:31:01.442,10757,10758,10758,2
2019-07-01 16:31:01.448,10757,10758,10757,1
2019-07-01 16:31:01.524,10757,10758,10757,1
2019-07-01 16:31:01.621,10757,10759,10757,1
2019-07-01 16:31:02.791,10757,10758,10757,4
2019-07-01 16:31:04.277,10757,10758,10758,1
2019-07-01 16:31:08.277,10757,10758,10757,1
2019-07-01 16:31:09.030,10757,10758,10758,1
2019-07-01 16:31:09.338,10757,10758,10758,1
2019-07-01 16:31:11.697,10757,10758,10758,2
2019-07-01 16:31:11.697,10757,10758,10758,1
2019-07-01 16:31:15.024,10757,10758,10758,1
2019-07-01 16:31:21.105,10758,10759,10759,9
2019-07-01 16:31:28.559,10758,10759,10759,1
2019-07-01 16:31:32.053,10758,10759,10759,1
2019-07-01 16:31:32.085,10758,10759,10759,2
2019-07-01 16:31:32.192,10759,10760,10759,2
2019-07-01 16:31:32.193,10759,10760,10759,2
2019-07-01 16:31:32.317,10759,10760,10759,2
2019-07-01 16:31:32.317,10759,10760,10759,2
2019-07-01 16:31:45.712,10758,10759,10758,1
2019-07-01 16:31:52.521,10758,10759,10759,4
2019-07-01 16:32:02.776,10758,10759,10758,2
2019-07-01 16:32:06.456,10758,10759,10758,3
2019-07-01 16:32:11.150,10757,10758,10758,1
2019-07-01 16:32:11.945,10758,10759,10758,1
2019-07-01 16:32:12.913,10758,10759,10758,4
2019-07-01 16:32:19.569,10758,10759,10758,3
2019-07-01 16:32:22.542,10758,10759,10758,2
2019-07-01 16:32:34.517,10758,10759,10758,1
2019-07-01 16:32:51.366,10757,10758,10758,2
2019-07-01 16:32:55.218,10757,10758,10758,1
2019-07-01 16:33:01.828,10758,10759,10758,1
2019-07-01 16:33:09.339,10758,10759,10759,1
2019-07-01 16:33:11.528,10758,10759,10758,1
2019-07-01 16:33:22.694,10758,10759,10759,1
2019-07-01 16:33:29.202,10758,10759,10758,1
2019-07-01 16:33:29.202,10758,10759,10758,1
2019-07-01 16:33:34.515,10757,10758,10758,1
2019-07-01 16:33:34.717,10757,10758,10758,1
2019-07-01 16:33:36.435,10757,10758,10758,1
2019-07-01 16:33:47.466,10757,10758,10758,1
2019-07-01 16:33:59.942,10757,10758,10758,2
2019-07-01 16:34:05.814,10757,10758,10758,1
2019-07-01 16:34:25.115,10758,10759,10758,1
2019-07-01 16:35:14.176,10758,10759,10759,3
2019-07-01 16:35:44.896,10758,10759,10759,1
2019-07-01 16:35:45.737,10758,10759,10759,2
2019-07-01 16:35:50.176,10758,10759,10759,1
2019-07-01 16:36:11.445,10758,10759,10758,1
2019-07-01 16:36:12.266,10758,10759,10758,5
2019-07-01 16:36:20.759,10758,10760,10760,2
2019-07-01 16:36:46.182,10759,10760,10760,1
2019-07-01 16:36:58.504,10759,10760,10759,3
2019-07-01 16:37:00.463,10759,10760,10760,1
2019-07-01 16:37:08.521,10759,10760,10759,1
2019-07-01 16:37:19.991,10759,10760,10759,1
2019-07-01 16:37:19.991,10759,10760,10759,2
2019-07-01 16:37:19.991,10759,10760,10759,2
2019-07-01 16:37:46.788,10758,10759,10759,1
2019-07-01 16:38:04.874,10759,10760,10760,4
2019-07-01 16:38:15.754,10759,10760,10760,1
2019-07-01 16:38:19.339,10759,10760,10760,1
2019-07-01 16:38:47.639,10759,10760,10760,1
2019-07-01 16:39:18.667,10759,10760,10759,1
2019-07-01 16:39:23.657,10759,10760,10760,2
2019-07-01 16:39:42.320,10759,10760,10759,1
2019-07-01 16:39:51.894,10759,10760,10760,1
2019-07-01 16:40:18.620,10759,10760,10759,1
2019-07-01 16:40:18.628,10759,10760,10759,2
2019-07-01 16:40:31.115,10759,10760,10759,2
2019-07-01 16:41:32.149,10759,10760,10760,5
2019-07-01 16:41:32.169,10759,10760,10760,1
2019-07-01 16:41:32.169,10759,10760,10760,1
2019-07-01 16:41:32.169,10759,10760,10760,1
2019-07-01 16:41:34.744,10760,10761,10760,12
2019-07-01 16:41:36.245,10760,10761,10760,1
2019-07-01 16:41:38.334,10760,10761,10760,1
2019-07-01 16:41:38.348,10760,10761,10760,1
2019-07-01 16:41:40.159,10759,10760,10759,1
2019-07-01 16:41:40.167,10759,10760,10759,1
2019-07-01 16:41:40.177,10759,10760,10759,1
2019-07-01 16:41:40.183,10759,10760,10759,1
2019-07-01 16:41:45.174,10760,10761,10760,1
2019-07-01 16:42:04.587,10760,10761,10760,1
2019-07-01 16:42:08.264,10760,10761,10760,1
2019-07-01 16:42:24.055,10760,10761,10761,1
2019-07-01 16:42:44.225,10760,10761,10761,3
2019-07-01 16:42:44.330,10760,10761,10761,1
2019-07-01 16:42:46.898,10760,10761,10760,1
2019-07-01 16:42:52.762,10760,10761,10761,1
2019-07-01 16:42:55.632,10760,10761,10760,1
2019-07-01 16:42:59.874,10760,10761,10760,1
2019-07-01 16:43:13.519,10760,10761,10760,1
2019-07-01 16:43:27.293,10760,10761,10761,3
2019-07-01 16:44:47.307,10760,10761,10761,1
2019-07-01 16:44:59.024,10760,10761,10761,1
2019-07-01 16:45:04.914,10760,10761,10761,1
2019-07-01 16:45:05.306,10760,10761,10761,1
2019-07-01 16:45:05.322,10760,10761,10760,1
2019-07-01 16:45:28.996,10760,10761,10761,1
2019-07-01 16:45:40.623,10760,10761,10761,1
2019-07-01 16:45:47.506,10760,10761,10760,1
2019-07-01 16:46:24.509,10760,10761,10761,1
2019-07-01 16:46:26.390,10760,10761,10761,1
2019-07-01 16:46:40.721,10760,10761,10760,1
2019-07-01 16:47:31.068,10760,10761,10760,1
2019-07-01 16:48:11.137,10760,10761,10761,1
2019-07-01 16:48:11.192,10760,10761,10761,1
2019-07-01 16:48:12.625,10761,10762,10762,2
2019-07-01 16:48:21.497,10761,10762,10761,1
2019-07-01 16:48:30.122,10761,10762,10762,5
2019-07-01 16:48:47.656,10761,10762,10762,1
2019-07-01 16:48:58.373,10761,10762,10762,1
2019-07-01 16:49:13.379,10761,10762,10762,5
2019-07-01 16:49:20.768,10761,10762,10761,1
2019-07-01 16:50:05.442,10761,10762,10761,1
2019-07-01 16:50:05.731,10761,10762,10761,1
2019-07-01 16:50:05.731,10761,10762,10761,1
2019-07-01 16:50:05.732,10761,10762,10761,1
2019-07-01 16:50:05.736,10761,10762,10761,1
2019-07-01 16:50:06.384,10760,10761,10761,1
2019-07-01 16:50:26.828,10760,10761,10761,2
2019-07-01 16:51:02.913,10761,10762,10761,2
2019-07-01 16:51:12.394,10761,10762,10761,1
2019-07-01 16:51:31.161,10761,10762,10762,10
2019-07-01 16:51:31.629,10761,10762,10762,8
2019-07-01 16:51:55.831,10762,10763,10763,3
2019-07-01 16:52:00.129,10762,10763,10763,1
2019-07-01 16:52:03.083,10762,10763,10762,3
2019-07-01 16:52:18.823,10762,10763,10763,1
2019-07-01 16:52:32.413,10762,10763,10763,1
2019-07-01 16:52:32.989,10762,10763,10762,1
2019-07-01 16:52:33.870,10762,10763,10763,1
2019-07-01 16:52:37.707,10762,10763,10763,1
2019-07-01 16:52:39.629,10762,10763,10763,1
2019-07-01 16:52:42.200,10762,10763,10763,1
2019-07-01 16:52:43.302,10762,10763,10763,1
2019-07-01 16:52:43.461,10762,10763,10763,1
2019-07-01 16:53:17.690,10762,10763,10763,4
2019-07-01 16:53:23.789,10763,10764,10763,1
2019-07-01 16:53:27.996,10762,10763,10763,1
2019-07-01 16:53:29.270,10762,10763,10763,1
2019-07-01 16:53:32.585,10762,10763,10763,1
2019-07-01 16:53:33.074,10762,10763,10763,1
2019-07-01 16:53:54.942,10762,10763,10763,1
2019-07-01 16:53:56.164,10763,10764,10763,1
2019-07-01 16:54:30.694,10762,10763,10763,4
2019-07-01 16:54:30.802,10762,10763,10763,1
2019-07-01 16:54:36.083,10762,10763,10763,1
2019-07-01 16:54:39.933,10762,10763,10763,1
2019-07-01 16:55:01.862,10762,10763,10763,4
2019-07-01 16:56:00.166,10763,10764,10763,7
2019-07-01 16:56:24.746,10762,10763,10762,11
2019-07-01 16:56:26.192,10761,10762,10762,2
2019-07-01 16:56:26.351,10761,10762,10762,1
2019-07-01 16:56:35.990,10761,10762,10762,3
2019-07-01 16:56:41.940,10761,10762,10762,6
2019-07-01 16:56:59.306,10761,10762,10761,6
2019-07-01 16:56:59.340,10761,10762,10761,2
2019-07-01 16:56:59.340,10761,10762,10761,4
2019-07-01 16:57:24.494,10761,10762,10761,1
2019-07-01 16:57:24.494,10761,10762,10760,32
2019-07-01 16:57:46.325,10760,10761,10761,3
2019-07-01 16:58:03.282,10760,10761,10761,1
2019-07-01 16:58:26.741,10760,10761,10761,2
2019-07-01 16:59:35.501,10760,10761,10761,1
2019-07-01 16:59:35.501,10760,10761,10761,1
2019-07-01 16:59:58.942,10760,10761,10761,2
2019-07-01 17:00:06.068,10760,10761,10761,1
2019-07-01 17:00:06.403,10760,10761,10760,12
2019-07-01 17:00:06.466,10760,10761,10759,8
2019-07-01 17:00:06.563,10760,10761,10759,4
2019-07-01 17:00:06.699,10759,10760,10760,1
2019-07-01 17:00:06.699,10759,10760,10761,1
2019-07-01 17:00:06.827,10759,10761,10759,1
2019-07-01 17:00:07.101,10759,10761,10759,6
2019-07-01 17:00:30.526,10760,10761,10760,1
2019-07-01 17:00:38.478,10760,10761,10760,1
2019-07-01 17:00:48.963,10760,10761,10760,3
2019-07-01 17:00:49.279,10760,10761,10760,2
2019-07-01 17:00:52.195,10760,10761,10760,8
2019-07-01 17:00:56.893,10759,10761,10759,14
2019-07-01 17:00:58.666,10759,10760,10759,2
2019-07-01 17:01:02.177,10759,10760,10759,1
2019-07-01 17:01:11.402,10759,10760,10759,4
2019-07-01 17:01:13.505,10759,10760,10759,1
2019-07-01 17:01:16.732,10759,10760,10759,6
2019-07-01 17:01:16.820,10758,10759,10758,1
2019-07-01 17:01:41.445,10758,10759,10758,1
2019-07-01 17:01:41.445,10758,10759,10758,1
2019-07-01 17:01:46.910,10758,10759,10759,1
2019-07-01 17:01:47.041,10758,10759,10758,1
2019-07-01 17:01:47.244,10758,10759,10759,1
2019-07-01 17:01:47.461,10758,10759,10759,1
2019-07-01 17:01:49.565,10758,10759,10759,1
2019-07-01 17:01:50.565,10758,10759,10758,3
2019-07-01 17:01:52.994,10758,10759,10759,1
2019-07-01 17:01:59.753,10758,10759,10759,3
2019-07-01 17:02:17.035,10758,10759,10759,1
2019-07-01 17:02:18.432,10758,10759,10758,2
2019-07-01 17:02:19.652,10758,10759,10759,2
2019-07-01 17:02:53.419,10758,10759,10758,6
2019-07-01 17:03:21.585,10758,10759,10758,2
2019-07-01 17:03:34.164,10758,10759,10759,2
2019-07-01 17:03:40.692,10758,10759,10759,1
2019-07-01 17:03:40.763,10758,10759,10759,1
2019-07-01 17:03:40.792,10758,10759,10759,1
2019-07-01 17:03:40.817,10758,10759,10759,1
2019-07-01 17:03:40.817,10758,10759,10759,1
2019-07-01 17:04:03.155,10759,10760,10759,2
2019-07-01 17:04:05.800,10759,10760,10759,1
2019-07-01 17:04:10.157,10759,10760,10759,1
2019-07-01 17:04:17.105,10759,10760,10759,1
2019-07-01 17:04:31.637,10759,10760,10759,1
2019-07-01 17:04:48.225,10759,10760,10760,1
2019-07-01 17:04:48.566,10759,10760,10760,3
2019-07-01 17:04:51.550,10759,10760,10760,1
2019-07-01 17:04:51.857,10759,10760,10760,1
2019-07-01 17:04:52.472,10759,10760,10760,1
2019-07-01 17:04:52.782,10759,10760,10760,1
2019-07-01 17:04:55.009,10759,10760,10760,1
2019-07-01 17:04:55.321,10759,10760,10760,1
2019-07-01 17:05:00.288,10759,10760,10760,1
2019-07-01 17:05:00.595,10759,10760,10760,1
2019-07-01 17:05:04.244,10759,10760,10760,1
2019-07-01 17:05:04.555,10759,10760,10760,1
2019-07-01 17:05:04.864,10759,10760,10760,1
2019-07-01 17:05:05.170,10759,10760,10760,1
2019-07-01 17:05:14.641,10759,10760,10760,1
2019-07-01 17:05:14.731,10759,10760,10760,1
2019-07-01 17:05:19.141,10759,10760,10760,1
2019-07-01 17:05:20.573,10759,10760,10760,1
2019-07-01 17:05:36.151,10759,10760,10760,1
2019-07-01 17:06:07.213,10759,10760,10760,1
2019-07-01 17:06:25.195,10759,10760,10759,1
2019-07-01 17:06:25.196,10759,10760,10759,1
2019-07-01 17:06:39.073,10759,10760,10760,1
2019-07-01 17:07:08.529,10759,10760,10760,1
2019-07-01 17:07:20.991,10759,10760,10759,1
2019-07-01 17:07:21.067,10759,10760,10759,1
2019-07-01 17:07:22.420,10759,10760,10759,1
2019-07-01 17:07:32.069,10759,10760,10760,1
2019-07-01 17:07:42.820,10759,10760,10759,1
2019-07-01 17:07:56.086,10759,10760,10760,1
2019-07-01 17:08:08.424,10759,10760,10759,12
2019-07-01 17:08:08.424,10759,10760,10759,2
2019-07-01 17:08:08.804,10758,10760,10760,1
2019-07-01 17:08:20.942,10759,10760,10759,1
2019-07-01 17:08:21.550,10758,10759,10759,4
2019-07-01 17:08:21.881,10758,10759,10759,4
2019-07-01 17:08:23.751,10758,10759,10759,1
2019-07-01 17:09:04.819,10759,10760,10759,1
2019-07-01 17:09:34.733,10759,10760,10759,1
2019-07-01 17:09:34.733,10759,10760,10759,8
2019-07-01 17:09:34.734,10759,10760,10759,1
2019-07-01 17:09:36.690,10758,10759,10759,2
2019-07-01 17:09:36.917,10758,10759,10759,1
2019-07-01 17:09:37.025,10758,10759,10759,2
2019-07-01 17:09:37.236,10758,10759,10759,1
2019-07-01 17:09:37.340,10758,10759,10759,1
2019-07-01 17:09:37.659,10758,10759,10759,1
2019-07-01 17:09:37.978,10758,10759,10759,1
2019-07-01 17:09:38.282,10758,10759,10759,1
2019-07-01 17:09:38.386,10758,10759,10759,1
2019-07-01 17:09:38.599,10758,10759,10759,1
2019-07-01 17:09:40.863,10758,10759,10759,1
2019-07-01 17:09:45.391,10759,10760,10759,1
2019-07-01 17:09:49.047,10758,10759,10759,1
2019-07-01 17:09:49.370,10758,10759,10759,1
2019-07-01 17:09:50.126,10758,10760,10760,4
2019-07-01 17:11:04.195,10758,10759,10758,1
2019-07-01 17:11:04.718,10758,10759,10759,2
2019-07-01 17:11:05.028,10758,10759,10759,1
2019-07-01 17:11:05.329,10758,10759,10759,2
2019-07-01 17:11:15.224,10758,10759,10759,2
2019-07-01 17:11:16.171,10758,10760,10760,3
2019-07-01 17:11:38.242,10758,10759,10758,5
2019-07-01 17:11:38.317,10758,10759,10758,17
2019-07-01 17:11:38.318,10758,10759,10758,2
2019-07-01 17:11:38.318,10758,10759,10758,1
2019-07-01 17:11:38.750,10757,10758,10758,2
2019-07-01 17:11:39.071,10757,10758,10758,2
2019-07-01 17:11:39.379,10757,10758,10758,2
2019-07-01 17:11:39.695,10758,10759,10758,1
2019-07-01 17:11:40.501,10757,10759,10758,1
2019-07-01 17:11:51.850,10757,10758,10757,1
2019-07-01 17:11:59.702,10757,10758,10758,1
2019-07-01 17:12:00.019,10757,10758,10758,1
2019-07-01 17:12:00.326,10757,10758,10758,1
2019-07-01 17:12:00.635,10757,10758,10758,1
2019-07-01 17:12:21.405,10757,10758,10758,1
2019-07-01 17:12:27.753,10757,10758,10758,1
2019-07-01 17:12:29.173,10757,10758,10758,2
2019-07-01 17:13:08.209,10757,10758,10758,3
2019-07-01 17:13:08.317,10757,10758,10758,1
2019-07-01 17:13:25.614,10758,10759,10758,1
2019-07-01 17:13:25.840,10758,10759,10758,1
2019-07-01 17:13:25.840,10758,10759,10757,4
2019-07-01 17:13:26.530,10757,10759,10757,5
2019-07-01 17:13:29.359,10757,10759,10757,5
2019-07-01 17:13:42.319,10757,10758,10757,1
2019-07-01 17:14:17.070,10757,10758,10757,1
2019-07-01 17:14:23.597,10757,10758,10758,1
2019-07-01 17:14:27.034,10757,10758,10757,5
2019-07-01 17:14:43.085,10757,10758,10758,1
2019-07-01 17:15:20.154,10757,10758,10758,1
2019-07-01 17:15:53.070,10757,10758,10757,1
2019-07-01 17:15:53.294,10757,10758,10757,1
2019-07-01 17:15:59.891,10757,10758,10757,5
2019-07-01 17:16:01.667,10757,10758,10758,1
2019-07-01 17:16:25.569,10757,10758,10757,1
2019-07-01 17:16:46.178,10757,10758,10757,1
2019-07-01 17:16:46.633,10757,10758,10757,1
2019-07-01 17:16:48.424,10757,10758,10757,1
2019-07-01 17:16:49.861,10757,10758,10757,1
2019-07-01 17:17:13.737,10757,10758,10757,1
2019-07-01 17:17:14.249,10757,10758,10757,1
2019-07-01 17:17:18.486,10757,10758,10757,16
2019-07-01 17:17:18.486,10757,10758,10756,84
2019-07-01 17:17:18.568,10756,10757,10756,3
2019-07-01 17:17:18.568,10756,10757,10756,2
2019-07-01 17:17:18.604,10756,10757,10755,58
2019-07-01 17:17:18.694,10754,10755,10754,5
2019-07-01 17:17:18.694,10754,10755,10754,5
2019-07-01 17:17:18.759,10754,10755,10754,2
2019-07-01 17:17:18.818,10754,10755,10754,2
2019-07-01 17:17:18.829,10754,10755,10754,2
2019-07-01 17:17:18.937,10754,10755,10754,1
2019-07-01 17:17:19.084,10754,10755,10754,1
2019-07-01 17:17:19.100,10754,10755,10754,1
2019-07-01 17:17:19.303,10754,10755,10754,1
2019-07-01 17:17:19.381,10754,10755,10754,6
2019-07-01 17:17:19.389,10754,10755,10754,2
2019-07-01 17:17:19.389,10754,10755,10754,1
2019-07-01 17:17:19.430,10754,10755,10754,1
2019-07-01 17:17:19.794,10754,10755,10754,1
2019-07-01 17:17:19.910,10754,10755,10754,1
2019-07-01 17:17:19.921,10754,10755,10754,1
2019-07-01 17:17:19.965,10754,10755,10754,1
2019-07-01 17:17:19.981,10754,10755,10754,1
2019-07-01 17:17:19.985,10754,10755,10754,1
2019-07-01 17:17:20.042,10754,10755,10754,1
2019-07-01 17:17:20.067,10754,10755,10754,1
2019-07-01 17:17:20.166,10754,10755,10754,1
2019-07-01 17:17:20.166,10754,10755,10754,1
2019-07-01 17:17:20.179,10754,10755,10754,1
2019-07-01 17:17:20.261,10754,10755,10754,1
2019-07-01 17:17:20.382,10754,10755,10754,1
2019-07-01 17:17:20.401,10754,10755,10754,1
2019-07-01 17:17:28.941,10754,10755,10755,1
2019-07-01 17:17:29.248,10754,10755,10755,1
2019-07-01 17:17:29.558,10754,10755,10755,1
2019-07-01 17:17:29.868,10754,10755,10755,1
2019-07-01 17:17:30.179,10754,10755,10755,1
2019-07-01 17:17:30.585,10754,10755,10755,1
2019-07-01 17:17:30.692,10754,10755,10755,29
2019-07-01 17:17:30.692,10754,10755,10755,5
2019-07-01 17:17:30.818,10754,10755,10755,5
2019-07-01 17:17:30.818,10754,10755,10755,2
2019-07-01 17:17:30.818,10754,10755,10755,4
2019-07-01 17:17:31.195,10755,10756,10756,1
2019-07-01 17:17:31.501,10755,10756,10756,1
2019-07-01 17:17:38.363,10755,10756,10756,3
2019-07-01 17:17:40.502,10755,10756,10755,1
2019-07-01 17:17:43.533,10755,10756,10755,4
2019-07-01 17:17:48.688,10755,10756,10755,1
2019-07-01 17:18:00.301,10755,10756,10755,1
2019-07-01 17:18:00.609,10755,10756,10755,2
2019-07-01 17:18:00.654,10755,10756,10755,1
2019-07-01 17:18:00.945,10755,10756,10755,1
2019-07-01 17:18:02.911,10754,10755,10755,1
2019-07-01 17:18:03.221,10754,10755,10755,1
2019-07-01 17:18:03.527,10754,10755,10755,1
2019-07-01 17:18:11.733,10754,10755,10755,1
2019-07-01 17:18:12.451,10754,10755,10755,4
2019-07-01 17:18:14.441,10755,10756,10755,4
2019-07-01 17:18:17.572,10754,10755,10754,10
2019-07-01 17:18:17.778,10754,10755,10754,5
2019-07-01 17:18:17.820,10753,10754,10754,1
2019-07-01 17:18:17.854,10753,10754,10753,1
2019-07-01 17:18:18.112,10753,10754,10753,1
2019-07-01 17:18:18.122,10753,10754,10753,1
2019-07-01 17:18:18.125,10753,10754,10753,1
2019-07-01 17:18:18.128,10753,10754,10753,1
2019-07-01 17:18:18.987,10753,10754,10753,1
2019-07-01 17:18:19.943,10753,10754,10753,1
2019-07-01 17:18:19.994,10753,10754,10753,2
2019-07-01 17:18:21.033,10753,10754,10753,21
2019-07-01 17:18:21.033,10753,10754,10752,70
2019-07-01 17:18:21.116,10752,10753,10752,1
2019-07-01 17:18:21.168,10752,10753,10752,6
2019-07-01 17:18:21.180,10752,10753,10751,1
2019-07-01 17:18:21.281,10751,10752,10751,1
2019-07-01 17:18:21.292,10751,10752,10751,2
2019-07-01 17:18:21.697,10751,10752,10751,1
2019-07-01 17:18:21.744,10751,10752,10752,1
2019-07-01 17:18:21.747,10751,10752,10751,3
2019-07-01 17:18:22.524,10751,10752,10751,1
2019-07-01 17:18:26.623,10751,10752,10752,1
2019-07-01 17:18:27.351,10751,10752,10752,2
2019-07-01 17:18:28.619,10752,10753,10752,1
2019-07-01 17:18:28.799,10752,10753,10752,13
2019-07-01 17:18:28.799,10752,10753,10751,70
2019-07-01 17:18:28.818,10751,10752,10751,4
2019-07-01 17:18:28.818,10751,10752,10751,2
2019-07-01 17:18:28.950,10750,10751,10750,1
2019-07-01 17:18:29.002,10750,10751,10751,2
2019-07-01 17:18:29.117,10750,10751,10751,5
2019-07-01 17:18:29.117,10750,10751,10750,5
2019-07-01 17:18:29.512,10751,10752,10751,1
2019-07-01 17:18:29.633,10751,10752,10751,1
2019-07-01 17:18:29.661,10751,10752,10751,1
2019-07-01 17:18:29.996,10751,10752,10751,1
2019-07-01 17:18:30.783,10751,10753,10751,1
2019-07-01 17:18:33.833,10751,10752,10751,15
2019-07-01 17:18:33.833,10751,10752,10750,69
2019-07-01 17:18:34.086,10750,10751,10751,1
2019-07-01 17:18:35.378,10750,10751,10751,1
2019-07-01 17:18:35.502,10750,10751,10751,2
2019-07-01 17:18:35.995,10750,10751,10751,1
2019-07-01 17:18:38.087,10750,10751,10750,1
2019-07-01 17:18:38.911,10750,10751,10750,3
2019-07-01 17:18:38.926,10750,10751,10750,3
2019-07-01 17:18:40.628,10750,10751,10751,1
2019-07-01 17:18:40.875,10750,10751,10750,2
2019-07-01 17:18:41.264,10750,10751,10750,10
2019-07-01 17:18:41.469,10750,10751,10750,10
2019-07-01 17:18:41.644,10750,10751,10750,33
2019-07-01 17:18:41.753,10750,10751,10750,6
2019-07-01 17:18:43.135,10749,10750,10750,1
2019-07-01 17:18:43.245,10749,10750,10750,1
2019-07-01 17:18:46.052,10749,10750,10750,1
2019-07-01 17:18:47.095,10749,10750,10750,1
2019-07-01 17:18:47.229,10749,10750,10750,7
2019-07-01 17:18:47.229,10749,10750,10750,2
2019-07-01 17:18:51.233,10750,10751,10750,1
2019-07-01 17:19:01.544,10750,10751,10750,8
2019-07-01 17:19:02.409,10750,10751,10750,1
2019-07-01 17:19:02.536,10750,10751,10751,12
2019-07-01 17:19:05.302,10751,10752,10752,1
2019-07-01 17:19:11.173,10751,10752,10751,4
2019-07-01 17:19:12.257,10751,10752,10751,5
2019-07-01 17:19:18.590,10751,10752,10752,4
2019-07-01 17:19:18.692,10751,10752,10752,2
2019-07-01 17:19:26.129,10751,10752,10752,1
2019-07-01 17:19:26.192,10751,10752,10752,1
2019-07-01 17:19:26.192,10751,10752,10752,2
2019-07-01 17:19:35.784,10752,10753,10752,2
2019-07-01 17:19:42.355,10752,10753,10753,4
2019-07-01 17:19:53.176,10752,10753,10753,1
2019-07-01 17:19:55.196,10752,10753,10753,1
2019-07-01 17:19:59.174,10752,10753,10753,1
2019-07-01 17:19:59.689,10752,10753,10753,1
2019-07-01 17:20:06.251,10752,10753,10753,1
2019-07-01 17:20:06.781,10752,10753,10752,2
2019-07-01 17:20:06.951,10751,10753,10752,1
2019-07-01 17:20:07.068,10752,10753,10752,1
2019-07-01 17:20:12.368,10752,10753,10752,5
2019-07-01 17:20:16.763,10752,10753,10752,1
2019-07-01 17:20:23.947,10752,10753,10752,1
2019-07-01 17:20:28.857,10752,10753,10752,5
2019-07-01 17:20:39.819,10752,10753,10752,1
2019-07-01 17:20:42.209,10752,10753,10752,4
2019-07-01 17:20:49.773,10752,10753,10752,1
2019-07-01 17:20:52.024,10752,10753,10752,1
2019-07-01 17:20:54.662,10752,10753,10752,1
2019-07-01 17:21:01.329,10752,10753,10753,1
2019-07-01 17:21:11.444,10752,10753,10753,12
2019-07-01 17:21:30.746,10753,10754,10754,1
2019-07-01 17:21:33.863,10753,10754,10754,1
2019-07-01 17:21:33.863,10753,10754,10754,1
2019-07-01 17:21:33.864,10753,10754,10754,1
2019-07-01 17:21:33.942,10753,10754,10754,1
2019-07-01 17:21:41.306,10754,10755,10755,1
2019-07-01 17:21:43.687,10754,10755,10754,1
2019-07-01 17:21:50.994,10754,10755,10755,2
2019-07-01 17:21:51.701,10754,10755,10755,1
2019-07-01 17:21:56.942,10755,10756,10755,2
2019-07-01 17:22:01.920,10755,10756,10755,1
2019-07-01 17:22:04.507,10755,10756,10755,2
2019-07-01 17:22:07.688,10755,10756,10755,2
2019-07-01 17:22:11.641,10754,10755,10755,1
2019-07-01 17:22:16.319,10754,10755,10754,1
2019-07-01 17:22:18.714,10754,10755,10755,5
2019-07-01 17:22:20.460,10754,10755,10755,1
2019-07-01 17:22:20.526,10754,10755,10755,5
2019-07-01 17:22:20.644,10754,10755,10755,2
2019-07-01 17:22:25.564,10754,10755,10755,4
2019-07-01 17:22:29.537,10754,10755,10755,1
2019-07-01 17:22:36.545,10754,10755,10755,1
2019-07-01 17:22:37.357,10754,10755,10755,2
2019-07-01 17:22:46.852,10755,10756,10755,20
2019-07-01 17:23:01.205,10755,10756,10756,5
2019-07-01 17:23:03.200,10755,10756,10755,1
2019-07-01 17:23:10.981,10755,10756,10755,1
2019-07-01 17:23:11.359,10755,10756,10755,3
2019-07-01 17:23:22.673,10754,10755,10755,1
2019-07-01 17:23:27.214,10754,10755,10755,1
2019-07-01 17:23:27.214,10754,10755,10756,1
2019-07-01 17:23:38.271,10754,10755,10755,2
2019-07-01 17:24:03.512,10755,10756,10755,4
2019-07-01 17:24:13.640,10755,10756,10755,10
2019-07-01 17:24:51.540,10754,10755,10755,2
2019-07-01 17:24:56.838,10754,10755,10754,1
2019-07-01 17:25:02.765,10754,10755,10754,1
2019-07-01 17:25:02.765,10754,10755,10754,1
2019-07-01 17:25:02.765,10754,10755,10754,2
2019-07-01 17:25:02.767,10754,10755,10754,1
2019-07-01 17:25:04.318,10753,10754,10754,1
2019-07-01 17:25:09.070,10753,10754,10753,1
2019-07-01 17:25:09.070,10753,10754,10753,1
2019-07-01 17:25:53.523,10753,10754,10753,2
2019-07-01 17:26:16.320,10753,10754,10753,1
2019-07-01 17:26:26.031,10753,10754,10753,16
2019-07-01 17:26:27.021,10752,10753,10753,1
2019-07-01 17:26:32.602,10752,10753,10752,1
2019-07-01 17:26:32.926,10752,10753,10752,10
2019-07-01 17:26:33.088,10752,10753,10752,6
2019-07-01 17:26:37.679,10752,10753,10752,1
2019-07-01 17:27:07.070,10752,10753,10752,1
2019-07-01 17:27:07.143,10752,10753,10752,1
2019-07-01 17:27:08.654,10752,10753,10752,1
2019-07-01 17:27:12.334,10752,10753,10752,1
2019-07-01 17:27:22.438,10752,10753,10753,2
2019-07-01 17:27:23.444,10752,10753,10753,1
2019-07-01 17:27:24.047,10752,10753,10753,1
2019-07-01 17:27:27.879,10752,10753,10753,6
2019-07-01 17:27:43.070,10753,10754,10753,1
2019-07-01 17:27:55.684,10753,10754,10753,1
2019-07-01 17:28:33.445,10753,10754,10753,1
2019-07-01 17:28:45.242,10753,10754,10753,1
2019-07-01 17:28:48.157,10753,10754,10753,1
2019-07-01 17:28:55.190,10753,10754,10753,6
2019-07-01 17:29:05.817,10753,10754,10754,1
2019-07-01 17:29:18.843,10753,10754,10754,1
2019-07-01 17:29:30.669,10753,10754,10754,10
2019-07-01 17:29:34.314,10754,10755,10755,5
2019-07-01 17:29:34.704,10754,10755,10755,1
2019-07-01 17:29:35.335,10754,10755,10755,1
2019-07-01 17:29:38.184,10754,10755,10755,1
2019-07-01 17:29:45.799,10754,10755,10755,2
2019-07-01 17:30:00.251,10755,10756,10756,12
2019-07-01 17:30:13.541,10755,10756,10755,1
2019-07-01 17:30:14.237,10755,10756,10755,2
2019-07-01 17:30:15.875,10755,10756,10756,2
2019-07-01 17:30:22.126,10755,10756,10756,1
2019-07-01 17:30:22.381,10755,10756,10756,2
2019-07-01 17:30:31.335,10755,10756,10756,1
2019-07-01 17:30:38.695,10755,10756,10756,2
2019-07-01 17:30:52.381,10755,10756,10756,1
2019-07-01 17:30:53.869,10755,10756,10756,1
2019-07-01 17:30:56.264,10755,10756,10755,1
2019-07-01 17:30:57.559,10755,10756,10756,2
2019-07-01 17:31:01.234,10755,10756,10755,1
2019-07-01 17:31:02.378,10755,10756,10755,1
2019-07-01 17:31:03.057,10755,10756,10756,3
2019-07-01 17:31:23.097,10755,10756,10756,3
2019-07-01 17:31:23.097,10755,10756,10756,2
2019-07-01 17:31:23.195,10756,10757,10756,1
2019-07-01 17:31:25.250,10756,10757,10756,1
2019-07-01 17:31:35.187,10756,10757,10756,1
2019-07-01 17:31:47.654,10756,10757,10757,1
2019-07-01 17:31:47.796,10756,10757,10757,1
2019-07-01 17:31:58.898,10756,10757,10756,1
2019-07-01 17:32:01.424,10756,10757,10757,1
2019-07-01 17:32:06.425,10756,10757,10757,1
2019-07-01 17:32:22.290,10756,10757,10757,1
2019-07-01 17:32:22.696,10756,10757,10757,1
2019-07-01 17:32:22.820,10756,10757,10756,1
2019-07-01 17:32:25.623,10756,10757,10756,4
2019-07-01 17:32:27.740,10755,10756,10756,1
2019-07-01 17:32:35.056,10756,10757,10756,1
2019-07-01 17:32:37.704,10755,10757,10757,1
2019-07-01 17:32:39.401,10756,10757,10756,2
2019-07-01 17:32:41.572,10755,10756,10756,1
2019-07-01 17:32:44.387,10755,10756,10756,1
2019-07-01 17:32:46.179,10755,10756,10756,1
2019-07-01 17:33:10.793,10755,10756,10756,1
2019-07-01 17:33:10.945,10755,10756,10756,1
2019-07-01 17:33:27.321,10756,10757,10756,1
2019-07-01 17:33:42.445,10756,10757,10756,1
2019-07-01 17:34:05.860,10756,10757,10756,1
2019-07-01 17:34:23.671,10756,10757,10756,2
2019-07-01 17:34:23.818,10755,10756,10756,1
2019-07-01 17:34:34.272,10755,10756,10756,1
2019-07-01 17:34:37.501,10755,10756,10756,1
2019-07-01 17:34:47.964,10755,10756,10756,1
2019-07-01 17:34:48.248,10755,10756,10756,1
2019-07-01 17:35:05.127,10755,10756,10756,1
2019-07-01 17:35:09.820,10755,10756,10755,1
2019-07-01 17:35:18.351,10755,10756,10756,1
2019-07-01 17:35:34.850,10755,10756,10756,4
2019-07-01 17:35:45.329,10755,10756,10755,1
2019-07-01 17:35:49.946,10755,10756,10756,2
2019-07-01 17:35:56.257,10755,10756,10756,1
2019-07-01 17:36:07.140,10755,10756,10756,1
2019-07-01 17:36:07.319,10755,10756,10755,1
2019-07-01 17:36:07.581,10755,10756,10756,1
2019-07-01 17:36:17.802,10755,10756,10756,1
2019-07-01 17:36:17.817,10755,10756,10756,1
2019-07-01 17:36:17.842,10755,10756,10756,1
2019-07-01 17:36:20.531,10755,10756,10756,2
2019-07-01 17:36:38.621,10755,10756,10756,1
2019-07-01 17:36:40.787,10755,10756,10756,1
2019-07-01 17:36:41.057,10755,10756,10756,1
2019-07-01 17:36:57.448,10756,10757,10756,1
2019-07-01 17:37:04.944,10756,10757,10756,1
2019-07-01 17:37:13.600,10756,10757,10756,2
2019-07-01 17:37:25.881,10756,10757,10756,1
2019-07-01 17:37:37.075,10756,10757,10757,1
2019-07-01 17:37:37.331,10756,10757,10757,1
2019-07-01 17:37:37.562,10756,10757,10757,1
2019-07-01 17:37:37.808,10756,10757,10757,1
2019-07-01 17:37:38.638,10756,10757,10757,1
2019-07-01 17:37:43.311,10756,10757,10757,2
2019-07-01 17:37:45.236,10756,10757,10757,1
2019-07-01 17:37:45.552,10756,10757,10757,1
2019-07-01 17:37:48.509,10756,10757,10757,2
2019-07-01 17:37:52.532,10756,10757,10757,1
2019-07-01 17:37:54.054,10756,10757,10757,1
2019-07-01 17:38:16.320,10756,10757,10757,4
2019-07-01 17:38:45.312,10756,10757,10757,1
2019-07-01 17:38:45.478,10756,10757,10756,1
2019-07-01 17:39:01.036,10756,10757,10757,1
2019-07-01 17:39:01.119,10756,10757,10756,1
2019-07-01 17:39:01.421,10756,10757,10757,1
2019-07-01 17:39:16.572,10756,10757,10757,1
2019-07-01 17:39:20.109,10756,10757,10757,1
2019-07-01 17:39:45.195,10756,10757,10756,1
2019-07-01 17:39:53.248,10756,10757,10756,3
2019-07-01 17:39:53.248,10756,10757,10756,2
2019-07-01 17:39:53.409,10755,10756,10755,1
2019-07-01 17:39:57.584,10755,10756,10755,1
2019-07-01 17:40:01.195,10755,10756,10755,1
2019-07-01 17:40:05.212,10755,10756,10756,10
2019-07-01 17:40:05.442,10755,10756,10756,2
2019-07-01 17:40:06.096,10755,10757,10755,2
2019-07-01 17:40:24.920,10756,10757,10756,1
2019-07-01 17:41:00.571,10755,10756,10756,1
2019-07-01 17:41:00.835,10755,10756,10756,1
2019-07-01 17:41:04.445,10755,10756,10756,1
2019-07-01 17:41:04.696,10755,10756,10756,1
2019-07-01 17:41:04.946,10755,10756,10756,1
2019-07-01 17:41:24.896,10755,10756,10756,4
2019-07-01 17:41:27.077,10755,10756,10756,1
2019-07-01 17:41:58.819,10756,10757,10756,1
2019-07-01 17:42:12.205,10756,10757,10756,1
2019-07-01 17:42:37.733,10755,10756,10756,1
2019-07-01 17:43:17.695,10755,10756,10755,1
2019-07-01 17:43:44.735,10755,10756,10756,1
2019-07-01 17:43:58.205,10755,10756,10755,1
2019-07-01 17:44:26.567,10755,10756,10756,1
2019-07-01 17:44:26.820,10755,10756,10755,1
2019-07-01 17:44:26.821,10755,10756,10755,1
2019-07-01 17:44:47.494,10755,10756,10755,3
2019-07-01 17:44:47.567,10755,10756,10755,17
2019-07-01 17:44:47.818,10754,10755,10755,1
2019-07-01 17:44:49.503,10754,10755,10755,1
2019-07-01 17:44:49.504,10754,10755,10755,1
2019-07-01 17:45:02.828,10754,10755,10755,1
2019-07-01 17:45:06.240,10754,10755,10755,1
2019-07-01 17:45:59.074,10754,10755,10755,5
2019-07-01 17:46:10.520,10755,10756,10755,1
2019-07-01 17:46:22.964,10754,10755,10755,1
2019-07-01 17:46:23.231,10754,10755,10755,1
2019-07-01 17:46:29.819,10754,10755,10754,1
2019-07-01 17:46:45.320,10754,10755,10754,1
2019-07-01 17:47:02.405,10754,10755,10755,1
2019-07-01 17:47:02.891,10754,10755,10755,1
2019-07-01 17:47:04.879,10754,10755,10755,1
2019-07-01 17:47:04.919,10754,10755,10755,1
2019-07-01 17:47:04.972,10754,10755,10755,1
2019-07-01 17:47:05.005,10754,10755,10755,1
2019-07-01 17:47:05.062,10754,10755,10755,1
2019-07-01 17:47:05.848,10755,10756,10755,1
2019-07-01 17:47:34.624,10754,10755,10755,4
2019-07-01 17:47:47.439,10755,10756,10755,1
2019-07-01 17:47:56.825,10755,10756,10755,1
2019-07-01 17:48:14.570,10755,10756,10755,1
2019-07-01 17:49:08.333,10755,10756,10755,2
2019-07-01 17:49:10.929,10755,10756,10755,1
2019-07-01 17:49:12.431,10755,10756,10755,1
2019-07-01 17:49:16.364,10755,10756,10755,1
2019-07-01 17:49:49.549,10755,10756,10756,1
2019-07-01 17:49:59.716,10755,10756,10755,2
2019-07-01 17:50:12.499,10755,10756,10755,1
2019-07-01 17:50:12.499,10755,10756,10755,1
2019-07-01 17:50:12.567,10755,10756,10755,2
2019-07-01 17:50:12.568,10755,10756,10755,1
2019-07-01 17:50:12.568,10755,10756,10755,1
2019-07-01 17:50:12.591,10755,10756,10755,1
2019-07-01 17:50:13.099,10754,10755,10754,1
2019-07-01 17:50:13.114,10754,10755,10754,1
2019-07-01 17:50:13.703,10754,10755,10754,2
2019-07-01 17:50:13.705,10754,10755,10754,2
2019-07-01 17:50:13.713,10754,10755,10754,2
2019-07-01 17:50:32.214,10754,10755,10755,1
2019-07-01 17:50:40.069,10754,10755,10755,1
2019-07-01 17:50:47.272,10754,10755,10755,1
2019-07-01 17:50:47.484,10754,10755,10755,1
2019-07-01 17:50:47.708,10754,10755,10755,1
2019-07-01 17:51:13.320,10754,10755,10754,1
2019-07-01 17:51:13.322,10754,10755,10754,1
2019-07-01 17:51:13.877,10754,10755,10754,1
2019-07-01 17:51:28.291,10754,10755,10755,1
2019-07-01 17:51:36.695,10754,10755,10754,1
2019-07-01 17:51:47.378,10754,10755,10755,1
2019-07-01 17:51:50.767,10754,10755,10755,1
2019-07-01 17:51:56.826,10754,10755,10755,1
2019-07-01 17:51:56.942,10754,10755,10755,7
2019-07-01 17:52:37.210,10755,10756,10756,1
2019-07-01 17:52:37.317,10755,10756,10756,1
2019-07-01 17:52:48.412,10755,10756,10756,1
2019-07-01 17:52:49.983,10755,10756,10756,1
2019-07-01 17:53:04.433,10755,10756,10756,10
2019-07-01 17:53:04.442,10755,10756,10756,1
2019-07-01 17:53:51.304,10756,10757,10756,2
2019-07-01 17:54:08.714,10756,10757,10756,1
2019-07-01 17:54:31.243,10756,10757,10757,1
2019-07-01 17:54:37.030,10756,10757,10757,1
2019-07-01 17:54:39.858,10756,10757,10757,5
2019-07-01 17:54:44.488,10756,10757,10757,1
2019-07-01 17:55:11.945,10756,10757,10756,1
2019-07-01 17:55:11.985,10756,10757,10756,7
2019-07-01 17:55:52.696,10755,10756,10755,1
2019-07-01 17:56:12.695,10755,10756,10755,1
2019-07-01 17:56:33.386,10755,10756,10755,1
2019-07-01 17:56:57.124,10755,10756,10756,1
2019-07-01 17:57:09.735,10755,10756,10755,1
2019-07-01 17:57:13.819,10755,10756,10755,1
2019-07-01 17:57:30.772,10755,10756,10755,1
2019-07-01 17:57:47.401,10755,10756,10756,2
2019-07-01 17:57:49.207,10755,10756,10755,8
2019-07-01 17:57:55.079,10754,10755,10755,1
2019-07-01 17:58:01.351,10754,10755,10755,1
2019-07-01 17:58:01.442,10754,10755,10755,1
2019-07-01 17:58:16.407,10755,10756,10755,2
2019-07-01 17:58:16.443,10755,10756,10755,1
2019-07-01 17:58:17.696,10754,10755,10754,1
2019-07-01 17:58:55.694,10754,10755,10754,1
2019-07-01 17:59:21.231,10754,10755,10755,2
2019-07-01 17:59:21.317,10754,10755,10755,1
2019-07-01 17:59:24.061,10755,10756,10755,1
2019-07-01 17:59:48.408,10754,10755,10754,2
2019-07-01 17:59:53.585,10754,10755,10755,1
2019-07-01 17:59:58.749,10754,10755,10754,2
2019-07-01 18:00:19.559,10754,10756,10756,2
2019-07-01 18:00:20.400,10755,10756,10755,1
2019-07-01 18:00:20.400,10755,10756,10754,1
2019-07-01 18:00:20.824,10754,10756,10754,1
2019-07-01 18:00:21.006,10754,10756,10754,1
2019-07-01 18:00:21.020,10754,10756,10754,1
2019-07-01 18:00:21.041,10754,10756,10754,1
2019-07-01 18:00:21.050,10754,10756,10754,1
2019-07-01 18:00:21.838,10754,10755,10754,1
2019-07-01 18:00:21.845,10754,10755,10754,2
2019-07-01 18:00:26.907,10754,10755,10755,2
2019-07-01 18:00:46.010,10754,10755,10755,4
2019-07-01 18:01:24.611,10754,10755,10754,5
2019-07-01 18:01:37.444,10754,10755,10754,1
2019-07-01 18:01:42.039,10754,10755,10755,1
2019-07-01 18:02:04.170,10754,10755,10755,1
2019-07-01 18:02:04.317,10754,10755,10755,1
2019-07-01 18:02:14.957,10754,10755,10755,2
2019-07-01 18:02:38.891,10755,10756,10755,1
2019-07-01 18:03:01.449,10755,10756,10756,1
2019-07-01 18:03:01.821,10755,10756,10755,1
2019-07-01 18:03:17.944,10755,10756,10755,1
2019-07-01 18:03:42.389,10755,10756,10755,1
2019-07-01 18:04:36.341,10755,10756,10755,1
2019-07-01 18:05:27.638,10755,10756,10755,2
2019-07-01 18:05:28.188,10755,10756,10755,1
2019-07-01 18:05:45.945,10755,10756,10755,1
2019-07-01 18:05:45.945,10755,10756,10755,1
2019-07-01 18:05:45.965,10755,10756,10755,1
2019-07-01 18:05:51.700,10755,10756,10756,1
2019-07-01 18:05:58.575,10755,10756,10756,1
2019-07-01 18:07:06.099,10755,10756,10755,1
2019-07-01 18:07:10.787,10755,10756,10756,2
2019-07-01 18:07:24.439,10755,10756,10755,1
2019-07-01 18:07:46.194,10755,10756,10755,1
2019-07-01 18:07:55.746,10755,10756,10755,1
2019-07-01 18:08:09.194,10755,10756,10755,1
2019-07-01 18:08:09.204,10755,10756,10755,1
2019-07-01 18:08:17.048,10755,10756,10755,2
2019-07-01 18:08:34.283,10755,10756,10756,3
2019-07-01 18:08:34.283,10755,10756,10756,1
2019-07-01 18:08:34.285,10755,10756,10756,1
2019-07-01 18:08:34.285,10755,10756,10756,1
2019-07-01 18:08:34.317,10755,10756,10756,2
2019-07-01 18:08:34.317,10755,10756,10756,1
2019-07-01 18:08:53.640,10756,10757,10757,5
2019-07-01 18:08:57.369,10756,10757,10757,2
2019-07-01 18:08:57.395,10756,10757,10757,1
2019-07-01 18:08:57.401,10756,10757,10757,1
2019-07-01 18:09:02.013,10756,10757,10757,2
2019-07-01 18:09:08.504,10756,10757,10757,1
2019-07-01 18:09:15.762,10756,10757,10757,1
2019-07-01 18:09:17.661,10756,10757,10757,1
2019-07-01 18:09:19.119,10756,10757,10757,2
2019-07-01 18:09:29.274,10756,10757,10756,3
2019-07-01 18:09:52.877,10755,10756,10756,1
2019-07-01 18:10:13.217,10755,10756,10755,2
2019-07-01 18:10:20.444,10755,10756,10755,1
2019-07-01 18:10:51.613,10755,10756,10756,1
2019-07-01 18:11:17.192,10755,10756,10756,1
2019-07-01 18:11:29.805,10755,10756,10756,1
2019-07-01 18:11:39.860,10755,10756,10756,1
2019-07-01 18:11:53.573,10755,10756,10756,2
2019-07-01 18:11:54.049,10755,10756,10756,1
2019-07-01 18:12:56.820,10755,10756,10755,1
2019-07-01 18:12:56.821,10755,10756,10755,1
2019-07-01 18:12:57.393,10755,10756,10755,2
2019-07-01 18:13:07.172,10755,10756,10756,5
2019-07-01 18:13:24.840,10755,10756,10756,1
2019-07-01 18:13:51.363,10755,10756,10756,1
2019-07-01 18:14:15.656,10756,10757,10757,1
2019-07-01 18:14:30.987,10756,10757,10757,3
2019-07-01 18:14:33.242,10756,10757,10757,1
2019-07-01 18:14:38.195,10756,10757,10756,1
2019-07-01 18:14:50.910,10756,10757,10756,1
2019-07-01 18:15:31.219,10756,10757,10757,1
2019-07-01 18:15:38.418,10757,10758,10757,1
2019-07-01 18:16:21.334,10757,10758,10758,1
2019-07-01 18:16:21.743,10757,10758,10757,1
2019-07-01 18:16:22.481,10757,10758,10758,1
2019-07-01 18:16:45.003,10757,10758,10758,1
2019-07-01 18:16:46.766,10757,10758,10758,1
2019-07-01 18:16:48.350,10757,10758,10758,5
2019-07-01 18:16:49.627,10757,10758,10758,1
2019-07-01 18:16:58.550,10757,10758,10758,1
2019-07-01 18:17:22.645,10758,10759,10759,3
2019-07-01 18:17:40.638,10758,10759,10759,2
2019-07-01 18:17:42.694,10758,10759,10758,1
2019-07-01 18:17:47.301,10758,10759,10758,4
2019-07-01 18:17:55.900,10758,10759,10758,1
2019-07-01 18:17:56.030,10758,10759,10759,1
2019-07-01 18:17:59.445,10758,10759,10758,1
2019-07-01 18:17:59.463,10758,10759,10758,1
2019-07-01 18:18:55.195,10758,10759,10758,1
2019-07-01 18:18:57.063,10758,10759,10758,10
2019-07-01 18:19:09.695,10758,10759,10758,2
2019-07-01 18:19:20.611,10758,10759,10758,1
2019-07-01 18:19:40.806,10758,10759,10758,1
2019-07-01 18:19:43.178,10758,10759,10758,4
2019-07-01 18:19:54.195,10758,10759,10758,1
2019-07-01 18:20:02.614,10758,10759,10759,2
2019-07-01 18:20:02.614,10758,10759,10759,6
2019-07-01 18:20:02.614,10758,10759,10759,1
2019-07-01 18:20:02.636,10758,10759,10759,4
2019-07-01 18:20:02.636,10758,10759,10759,2
2019-07-01 18:20:02.666,10758,10759,10759,4
2019-07-01 18:20:02.692,10758,10759,10759,12
2019-07-01 18:20:37.064,10759,10760,10760,2
2019-07-01 18:20:37.240,10759,10760,10760,2
2019-07-01 18:20:38.003,10759,10760,10760,2
2019-07-01 18:20:39.707,10759,10760,10760,2
2019-07-01 18:20:40.699,10759,10760,10760,4
2019-07-01 18:20:45.115,10759,10760,10760,2
2019-07-01 18:20:52.024,10759,10760,10760,4
2019-07-01 18:21:01.287,10759,10760,10759,2
2019-07-01 18:21:37.046,10759,10760,10759,1
2019-07-01 18:21:39.012,10759,10760,10759,1
2019-07-01 18:21:40.025,10759,10760,10759,1
2019-07-01 18:21:41.687,10759,10760,10760,1
2019-07-01 18:21:41.735,10759,10760,10760,2
2019-07-01 18:21:43.327,10759,10760,10759,1
2019-07-01 18:22:00.239,10759,10760,10759,1
2019-07-01 18:22:06.358,10759,10760,10759,1
2019-07-01 18:22:24.163,10759,10760,10760,4
2019-07-01 18:22:26.614,10759,10760,10760,1
2019-07-01 18:22:39.512,10759,10760,10760,2
2019-07-01 18:22:40.282,10759,10760,10759,19
2019-07-01 18:22:40.282,10759,10760,10758,9
2019-07-01 18:22:40.283,10759,10760,10759,1
2019-07-01 18:22:40.283,10759,10760,10759,1
2019-07-01 18:22:49.221,10758,10759,10759,1
2019-07-01 18:23:03.640,10758,10759,10759,1
2019-07-01 18:23:10.929,10758,10759,10759,1
2019-07-01 18:23:22.694,10758,10759,10758,1
2019-07-01 18:23:27.302,10758,10759,10759,1
2019-07-01 18:23:28.667,10758,10759,10759,1
2019-07-01 18:23:33.756,10758,10759,10759,7
2019-07-01 18:23:36.705,10759,10760,10759,9
2019-07-01 18:23:36.705,10759,10760,10758,19
2019-07-01 18:23:37.183,10758,10759,10760,2
2019-07-01 18:23:51.581,10759,10760,10759,6
2019-07-01 18:23:51.581,10759,10760,10758,4
2019-07-01 18:24:11.775,10759,10760,10759,1
2019-07-01 18:24:12.429,10759,10760,10759,3
2019-07-01 18:24:12.429,10759,10760,10758,1
2019-07-01 18:24:20.435,10758,10759,10759,1
2019-07-01 18:24:35.132,10758,10759,10758,1
2019-07-01 18:24:35.846,10758,10759,10758,1
2019-07-01 18:24:42.804,10758,10759,10759,1
2019-07-01 18:24:43.073,10758,10759,10759,1
2019-07-01 18:24:44.901,10759,10760,10759,1
2019-07-01 18:25:20.732,10759,10760,10760,1
2019-07-01 18:25:24.570,10759,10760,10759,1
2019-07-01 18:25:27.944,10759,10760,10760,1
2019-07-01 18:25:34.516,10759,10760,10760,5
2019-07-01 18:25:34.549,10759,10760,10760,1
2019-07-01 18:25:38.592,10759,10760,10759,1
2019-07-01 18:25:39.815,10759,10760,10759,1
2019-07-01 18:26:05.185,10759,10760,10760,1
2019-07-01 18:26:39.233,10759,10760,10760,1
2019-07-01 18:26:45.035,10759,10760,10760,1
2019-07-01 18:26:46.148,10759,10760,10760,1
2019-07-01 18:27:03.579,10759,10760,10760,2
2019-07-01 18:27:11.945,10759,10760,10759,1
2019-07-01 18:27:49.540,10759,10760,10760,2
2019-07-01 18:27:52.588,10759,10760,10760,5
2019-07-01 18:27:53.500,10759,10760,10760,1
2019-07-01 18:27:54.346,10759,10760,10760,1
2019-07-01 18:28:00.673,10759,10760,10759,1
2019-07-01 18:28:01.077,10759,10760,10759,1
2019-07-01 18:28:04.888,10759,10760,10760,5
2019-07-01 18:28:16.631,10759,10760,10760,5
2019-07-01 18:28:18.079,10759,10760,10760,1
2019-07-01 18:28:24.318,10759,10760,10760,1
2019-07-01 18:28:53.498,10759,10760,10760,1
2019-07-01 18:29:23.513,10759,10760,10760,1
2019-07-01 18:29:29.919,10759,10760,10760,15
2019-07-01 18:29:41.628,10759,10760,10760,1
2019-07-01 18:29:52.181,10759,10760,10760,1
2019-07-01 18:30:10.529,10759,10760,10760,1
2019-07-01 18:30:11.291,10759,10760,10760,1
2019-07-01 18:30:12.328,10759,10760,10760,1
2019-07-01 18:31:09.012,10759,10760,10760,1
2019-07-01 18:31:09.340,10759,10760,10760,4
2019-07-01 18:31:11.541,10759,10760,10760,1
2019-07-01 18:31:11.890,10759,10760,10760,1
2019-07-01 18:31:14.801,10759,10760,10760,1
2019-07-01 18:31:20.368,10759,10760,10760,1
2019-07-01 18:32:03.069,10759,10760,10759,1
2019-07-01 18:32:03.069,10759,10760,10759,1
2019-07-01 18:32:44.067,10759,10760,10760,2
2019-07-01 18:32:44.192,10759,10760,10760,7
2019-07-01 18:32:44.444,10760,10761,10760,1
2019-07-01 18:32:49.471,10760,10761,10761,2
2019-07-01 18:32:51.647,10760,10761,10761,2
2019-07-01 18:32:51.664,10760,10761,10761,1
2019-07-01 18:32:51.676,10760,10761,10761,1
2019-07-01 18:32:51.686,10760,10761,10761,1
2019-07-01 18:32:51.697,10760,10761,10761,1
2019-07-01 18:32:51.710,10760,10761,10761,1
2019-07-01 18:32:51.725,10760,10761,10761,1
2019-07-01 18:32:51.774,10760,10761,10761,1
2019-07-01 18:32:51.802,10760,10761,10761,1
2019-07-01 18:32:51.825,10760,10761,10761,1
2019-07-01 18:32:51.838,10760,10761,10761,1
2019-07-01 18:33:37.558,10760,10761,10760,1
2019-07-01 18:33:42.319,10760,10761,10760,1
2019-07-01 18:33:49.957,10760,10761,10760,1
2019-07-01 18:34:04.835,10760,10761,10760,1
2019-07-01 18:34:06.591,10760,10761,10760,2
2019-07-01 18:34:14.473,10760,10761,10760,1
2019-07-01 18:34:14.567,10760,10761,10760,2
2019-07-01 18:34:19.764,10760,10761,10760,1
2019-07-01 18:34:45.504,10760,10761,10760,1
2019-07-01 18:34:53.552,10760,10761,10760,1
2019-07-01 18:34:56.898,10760,10761,10760,1
2019-07-01 18:35:09.695,10760,10761,10760,1
2019-07-01 18:35:11.445,10760,10761,10760,1
2019-07-01 18:35:16.811,10760,10761,10760,1
2019-07-01 18:36:00.445,10760,10761,10760,1
2019-07-01 18:36:00.734,10760,10761,10761,5
2019-07-01 18:36:01.619,10760,10761,10760,1
2019-07-01 18:36:12.743,10760,10761,10760,1
2019-07-01 18:36:13.738,10760,10761,10761,1
2019-07-01 18:36:14.947,10760,10761,10761,2
2019-07-01 18:36:14.947,10760,10761,10761,1
2019-07-01 18:36:18.268,10760,10761,10761,6
2019-07-01 18:36:20.194,10760,10761,10761,2
2019-07-01 18:36:21.172,10760,10761,10761,1
2019-07-01 18:36:25.856,10760,10761,10761,1
2019-07-01 18:36:33.722,10760,10761,10761,1
2019-07-01 18:36:33.820,10760,10761,10760,1
2019-07-01 18:36:34.007,10760,10761,10761,1
2019-07-01 18:36:34.265,10760,10761,10761,1
2019-07-01 18:36:34.504,10760,10761,10761,1
2019-07-01 18:36:34.728,10760,10761,10761,1
2019-07-01 18:36:34.986,10760,10761,10761,1
2019-07-01 18:36:35.103,10760,10761,10761,1
2019-07-01 18:36:35.418,10760,10761,10761,1
2019-07-01 18:36:35.765,10760,10761,10761,1
2019-07-01 18:36:38.655,10760,10761,10761,1
2019-07-01 18:36:40.522,10760,10761,10761,2
2019-07-01 18:36:59.523,10760,10761,10761,1
2019-07-01 18:38:02.255,10760,10761,10760,1
2019-07-01 18:38:02.320,10760,10761,10760,1
2019-07-01 18:39:06.225,10760,10761,10760,1
2019-07-01 18:39:08.542,10760,10761,10760,1
2019-07-01 18:39:14.894,10760,10761,10760,1
2019-07-01 18:39:55.820,10760,10761,10760,1
2019-07-01 18:39:59.443,10760,10761,10760,1
2019-07-01 18:40:16.434,10760,10761,10760,1
2019-07-01 18:40:16.444,10760,10761,10760,1
2019-07-01 18:40:21.705,10760,10761,10760,3
2019-07-01 18:40:25.782,10760,10761,10760,1
2019-07-01 18:40:29.112,10760,10761,10760,1
2019-07-01 18:40:32.366,10760,10761,10760,1
2019-07-01 18:40:32.442,10760,10761,10760,1
2019-07-01 18:40:32.692,10760,10761,10760,1
2019-07-01 18:40:35.905,10760,10761,10760,1
2019-07-01 18:40:38.454,10760,10761,10760,3
2019-07-01 18:40:53.690,10760,10761,10760,1
2019-07-01 18:40:53.692,10760,10761,10760,1
2019-07-01 18:41:10.042,10759,10760,10760,1
2019-07-01 18:41:10.300,10759,10760,10760,1
2019-07-01 18:41:10.547,10759,10761,10760,1
2019-07-01 18:41:13.327,10760,10761,10760,1
2019-07-01 18:41:18.809,10759,10760,10759,1
2019-07-01 18:41:29.315,10759,10760,10759,2
2019-07-01 18:41:31.455,10759,10760,10760,2
2019-07-01 18:41:40.828,10759,10760,10760,1
2019-07-01 18:41:52.081,10759,10760,10760,1
2019-07-01 18:42:04.555,10759,10760,10760,4
2019-07-01 18:42:14.468,10759,10760,10759,1
2019-07-01 18:42:15.185,10759,10760,10759,1
2019-07-01 18:42:17.319,10759,10760,10759,1
2019-07-01 18:42:19.695,10759,10760,10759,1
2019-07-01 18:42:19.695,10759,10760,10759,1
2019-07-01 18:42:23.081,10759,10760,10759,1
2019-07-01 18:42:23.417,10759,10760,10759,1
2019-07-01 18:42:47.482,10759,10760,10759,1
2019-07-01 18:42:55.405,10759,10760,10759,1
2019-07-01 18:42:55.406,10759,10760,10759,1
2019-07-01 18:42:55.406,10759,10760,10759,1
2019-07-01 18:42:55.442,10759,10760,10759,1
2019-07-01 18:42:58.170,10759,10760,10759,1
2019-07-01 18:43:00.653,10759,10760,10759,2
2019-07-01 18:43:01.902,10759,10760,10759,1
2019-07-01 18:43:04.098,10759,10760,10759,1
2019-07-01 18:43:04.192,10759,10760,10759,1
2019-07-01 18:43:14.327,10759,10760,10759,2
2019-07-01 18:43:30.444,10759,10760,10759,1
2019-07-01 18:43:41.480,10759,10760,10759,1
2019-07-01 18:43:57.388,10759,10760,10759,1
2019-07-01 18:44:42.395,10759,10760,10759,1
2019-07-01 18:44:51.150,10759,10760,10759,2
2019-07-01 18:44:53.320,10758,10760,10759,1
2019-07-01 18:45:09.944,10758,10759,10758,1
2019-07-01 18:45:11.739,10758,10759,10758,1
2019-07-01 18:45:18.568,10758,10759,10759,2
2019-07-01 18:45:22.059,10758,10759,10759,1
2019-07-01 18:46:19.320,10758,10759,10758,1
2019-07-01 18:46:53.695,10758,10759,10758,1
2019-07-01 18:47:21.804,10758,10759,10759,1
2019-07-01 18:47:21.817,10758,10759,10759,1
2019-07-01 18:47:21.942,10758,10759,10759,1
2019-07-01 18:47:37.507,10758,10759,10759,1
2019-07-01 18:48:15.395,10758,10759,10759,2
2019-07-01 18:49:34.957,10758,10759,10759,1
2019-07-01 18:49:39.911,10758,10759,10759,1
2019-07-01 18:50:02.580,10759,10760,10759,1
2019-07-01 18:50:22.572,10759,10760,10760,1
2019-07-01 18:50:22.573,10759,10760,10760,1
2019-07-01 18:51:02.195,10759,10760,10759,1
2019-07-01 18:51:08.037,10759,10760,10760,1
2019-07-01 18:51:19.918,10759,10760,10760,1
2019-07-01 18:51:20.070,10759,10760,10759,1
2019-07-01 18:52:12.905,10759,10760,10759,1
2019-07-01 18:52:12.942,10759,10760,10759,1
2019-07-01 18:52:31.694,10759,10760,10759,1
2019-07-01 18:52:32.283,10759,10760,10759,1
2019-07-01 18:53:36.445,10759,10760,10759,1
2019-07-01 18:53:36.445,10759,10760,10759,1
2019-07-01 18:53:50.436,10759,10760,10760,1
2019-07-01 18:53:50.436,10759,10760,10760,1
2019-07-01 18:53:50.436,10759,10760,10760,1
2019-07-01 18:53:50.437,10759,10760,10760,1
2019-07-01 18:53:50.442,10759,10760,10760,1
2019-07-01 18:53:50.442,10759,10760,10760,1
2019-07-01 18:53:50.940,10759,10760,10760,1
2019-07-01 18:54:01.847,10759,10760,10760,2
2019-07-01 18:54:05.439,10759,10760,10760,1
2019-07-01 18:55:01.694,10759,10760,10759,1
2019-07-01 18:55:38.320,10759,10760,10759,1
2019-07-01 18:55:38.320,10759,10760,10759,1
2019-07-01 18:55:40.600,10759,10760,10759,2
2019-07-01 18:55:40.841,10759,10760,10759,1
2019-07-01 18:57:02.829,10759,10760,10760,2
2019-07-01 18:57:16.074,10759,10760,10760,1
2019-07-01 18:57:39.631,10759,10760,10760,3
2019-07-01 18:58:06.234,10759,10760,10760,1
2019-07-01 18:58:15.171,10759,10760,10760,1
2019-07-01 18:58:32.219,10759,10760,10760,1
2019-07-01 18:58:48.710,10759,10760,10760,1
2019-07-01 18:58:58.229,10759,10760,10760,3
2019-07-01 18:59:21.960,10759,10760,10760,1
2019-07-01 18:59:51.195,10759,10760,10759,1
2019-07-01 18:59:51.196,10759,10760,10759,1
2019-07-01 18:59:56.492,10759,10760,10759,2
2019-07-01 18:59:58.159,10759,10760,10759,1
2019-07-01 18:59:59.588,10759,10760,10760,2
2019-07-01 19:00:13.465,10759,10760,10760,1
2019-07-01 19:00:13.729,10759,10760,10760,1
2019-07-01 19:00:13.923,10759,10760,10760,1
2019-07-01 19:00:27.445,10759,10760,10759,1
2019-07-01 19:01:40.545,10759,10760,10759,1
2019-07-01 19:02:19.599,10759,10760,10759,1
2019-07-01 19:02:22.945,10759,10760,10759,1
2019-07-01 19:02:24.591,10759,10760,10759,5
2019-07-01 19:02:30.068,10759,10760,10759,1
2019-07-01 19:02:31.995,10759,10760,10759,1
2019-07-01 19:02:35.684,10759,10760,10759,5
2019-07-01 19:02:35.890,10759,10760,10760,2
2019-07-01 19:02:40.899,10759,10760,10759,1
2019-07-01 19:02:41.624,10759,10760,10759,2
2019-07-01 19:02:42.284,10759,10760,10759,1
2019-07-01 19:02:46.522,10759,10760,10759,1
2019-07-01 19:02:53.543,10758,10759,10759,1
2019-07-01 19:03:02.197,10759,10760,10759,1
2019-07-01 19:03:02.466,10758,10759,10758,5
2019-07-01 19:03:02.753,10758,10759,10758,3
2019-07-01 19:03:03.042,10758,10759,10758,1
2019-07-01 19:03:03.233,10758,10759,10758,2
2019-07-01 19:03:03.237,10758,10759,10758,2
2019-07-01 19:03:03.237,10758,10759,10758,2
2019-07-01 19:03:08.108,10758,10759,10758,5
2019-07-01 19:03:12.093,10758,10759,10758,2
2019-07-01 19:03:45.596,10758,10759,10758,1
2019-07-01 19:04:14.070,10758,10759,10758,1
2019-07-01 19:04:23.248,10758,10759,10759,1
2019-07-01 19:04:52.792,10758,10759,10759,1
2019-07-01 19:05:07.471,10758,10759,10759,1
2019-07-01 19:05:13.169,10758,10759,10759,1
2019-07-01 19:05:22.070,10758,10759,10758,1
2019-07-01 19:05:31.902,10758,10759,10759,1
2019-07-01 19:05:33.558,10758,10759,10759,1
2019-07-01 19:05:48.786,10758,10759,10758,5
2019-07-01 19:05:48.817,10758,10759,10758,9
2019-07-01 19:05:48.942,10758,10759,10758,1
2019-07-01 19:05:55.437,10758,10759,10758,1
2019-07-01 19:05:55.871,10757,10758,10758,1
2019-07-01 19:06:00.731,10757,10759,10757,5
2019-07-01 19:06:08.713,10757,10758,10757,1
2019-07-01 19:06:09.180,10757,10758,10757,1
2019-07-01 19:06:17.608,10757,10758,10757,1
2019-07-01 19:06:18.064,10757,10758,10757,5
2019-07-01 19:06:26.970,10757,10758,10757,2
2019-07-01 19:06:28.183,10757,10758,10757,1
2019-07-01 19:06:31.526,10757,10758,10757,1
2019-07-01 19:06:45.058,10757,10758,10757,1
2019-07-01 19:06:50.309,10757,10758,10757,1
2019-07-01 19:07:11.076,10757,10758,10758,1
2019-07-01 19:07:11.179,10757,10758,10757,4
2019-07-01 19:07:11.729,10757,10758,10757,1
2019-07-01 19:07:11.818,10756,10758,10757,1
2019-07-01 19:07:13.227,10756,10757,10756,1
2019-07-01 19:07:13.445,10756,10757,10756,1
2019-07-01 19:07:13.488,10756,10757,10756,2
2019-07-01 19:07:32.580,10756,10757,10757,2
2019-07-01 19:07:44.444,10756,10757,10756,1
2019-07-01 19:08:19.448,10756,10757,10756,5
2019-07-01 19:08:26.942,10756,10757,10756,1
2019-07-01 19:08:30.841,10756,10757,10756,1
2019-07-01 19:08:30.865,10756,10757,10756,1
2019-07-01 19:08:36.569,10756,10757,10756,1
2019-07-01 19:08:39.531,10756,10757,10756,15
2019-07-01 19:08:44.154,10755,10757,10755,2
2019-07-01 19:08:44.927,10756,10757,10756,1
2019-07-01 19:08:44.927,10756,10757,10755,4
2019-07-01 19:08:45.076,10755,10757,10755,2
2019-07-01 19:08:45.253,10755,10757,10755,2
2019-07-01 19:08:45.318,10755,10757,10755,1
