2021-06-09 15:00:00.045,16958,16959,16957,56
2021-06-09 15:00:00.047,16956,16957,16956,1
2021-06-09 15:00:00.145,16956,16957,16957,2
2021-06-09 15:00:00.231,16956,16957,16957,1
2021-06-09 15:00:00.281,16956,16957,16956,1
2021-06-09 15:00:00.286,16956,16957,16955,1
2021-06-09 15:00:00.289,16956,16957,16955,1
2021-06-09 15:00:00.300,16956,16957,16955,1
2021-06-09 15:00:00.309,16956,16957,16955,1
2021-06-09 15:00:00.311,16956,16957,16957,2
2021-06-09 15:00:00.311,16956,16957,16958,2
2021-06-09 15:00:00.311,16956,16957,16959,1
2021-06-09 15:00:00.314,16956,16957,16955,1
2021-06-09 15:00:00.344,16956,16957,16955,1
2021-06-09 15:00:00.356,16956,16957,16955,1
2021-06-09 15:00:00.370,16956,16957,16955,1
2021-06-09 15:00:00.417,16955,16958,16956,1
2021-06-09 15:00:00.461,16955,16958,16958,1
2021-06-09 15:00:00.573,16956,16957,16955,1
2021-06-09 15:00:00.574,16956,16957,16955,1
2021-06-09 15:00:00.632,16955,16958,16955,1
2021-06-09 15:00:00.684,16955,16958,16955,1
2021-06-09 15:00:00.802,16955,16958,16958,1
2021-06-09 15:00:00.837,16955,16958,16956,1
2021-06-09 15:00:00.858,16955,16958,16956,1
2021-06-09 15:00:01.001,16956,16958,16958,1
2021-06-09 15:00:01.031,16956,16958,16958,2
2021-06-09 15:00:01.674,16957,16959,16959,1
2021-06-09 15:00:02.113,16956,16959,16956,1
2021-06-09 15:00:02.610,16957,16959,16957,2
2021-06-09 15:00:02.735,16957,16959,16958,2
2021-06-09 15:00:02.781,16957,16959,16957,2
2021-06-09 15:00:02.833,16957,16959,16956,2
2021-06-09 15:00:02.935,16956,16958,16958,1
2021-06-09 15:00:03.885,16956,16958,16958,1
2021-06-09 15:00:04.344,16956,16958,16956,1
2021-06-09 15:00:04.397,16956,16958,16956,1
2021-06-09 15:00:05.350,16955,16957,16956,2
2021-06-09 15:00:05.621,16955,16956,16956,1
2021-06-09 15:00:05.774,16955,16957,16956,1
2021-06-09 15:00:05.826,16955,16957,16955,1
2021-06-09 15:00:06.861,16955,16957,16955,1
2021-06-09 15:00:07.617,16955,16958,16956,2
2021-06-09 15:00:07.617,16955,16958,16955,2
2021-06-09 15:00:08.143,16955,16956,16955,1
2021-06-09 15:00:08.145,16955,16956,16955,13
2021-06-09 15:00:08.957,16954,16955,16955,1
2021-06-09 15:00:09.524,16954,16955,16955,1
2021-06-09 15:00:11.313,16954,16955,16955,2
2021-06-09 15:00:11.652,16955,16956,16956,2
2021-06-09 15:00:11.652,16955,16956,16957,3
2021-06-09 15:00:11.652,16955,16956,16958,1
2021-06-09 15:00:11.653,16955,16956,16958,8
2021-06-09 15:00:13.242,16955,16958,16955,1
2021-06-09 15:00:15.316,16955,16957,16955,6
2021-06-09 15:00:15.317,16955,16957,16955,5
2021-06-09 15:00:15.533,16954,16955,16954,1
2021-06-09 15:00:16.297,16954,16955,16954,1
2021-06-09 15:00:16.615,16954,16955,16954,1
2021-06-09 15:00:18.625,16953,16954,16953,2
2021-06-09 15:00:19.384,16952,16953,16953,1
2021-06-09 15:00:22.245,16952,16953,16953,1
2021-06-09 15:00:25.418,16953,16954,16953,1
2021-06-09 15:00:28.173,16953,16954,16953,4
2021-06-09 15:00:28.173,16953,16954,16952,9
2021-06-09 15:00:28.173,16953,16954,16951,5
2021-06-09 15:00:28.173,16953,16954,16950,9
2021-06-09 15:00:28.174,16953,16954,16950,3
2021-06-09 15:00:28.837,16950,16951,16951,1
2021-06-09 15:00:30.980,16950,16951,16951,2
2021-06-09 15:00:31.043,16950,16951,16951,1
2021-06-09 15:00:31.256,16950,16951,16951,1
2021-06-09 15:00:31.256,16950,16951,16951,1
2021-06-09 15:00:31.257,16950,16951,16951,1
2021-06-09 15:00:31.257,16950,16951,16951,1
2021-06-09 15:00:31.257,16950,16951,16951,1
2021-06-09 15:00:31.257,16950,16951,16951,2
2021-06-09 15:00:31.281,16950,16951,16952,1
2021-06-09 15:00:31.426,16951,16954,16951,1
2021-06-09 15:00:32.757,16953,16954,16953,1
2021-06-09 15:00:33.043,16952,16954,16953,1
2021-06-09 15:00:33.043,16952,16954,16954,1
2021-06-09 15:00:33.734,16953,16954,16953,1
2021-06-09 15:00:33.734,16953,16954,16952,1
2021-06-09 15:00:33.741,16953,16954,16953,1
2021-06-09 15:00:36.693,16952,16953,16952,1
2021-06-09 15:00:36.876,16951,16953,16951,1
2021-06-09 15:00:37.084,16951,16952,16951,1
2021-06-09 15:00:39.275,16951,16952,16952,1
2021-06-09 15:00:39.489,16951,16952,16952,2
2021-06-09 15:00:40.296,16951,16952,16952,1
2021-06-09 15:00:40.296,16951,16952,16953,1
2021-06-09 15:00:42.402,16952,16953,16952,2
2021-06-09 15:00:43.323,16952,16953,16952,1
2021-06-09 15:00:43.566,16952,16953,16952,2
2021-06-09 15:00:44.515,16952,16954,16952,2
2021-06-09 15:00:44.515,16952,16954,16951,8
2021-06-09 15:00:47.813,16951,16952,16951,2
2021-06-09 15:00:48.160,16951,16952,16951,1
2021-06-09 15:00:48.533,16951,16952,16951,3
2021-06-09 15:00:48.568,16951,16952,16952,2
2021-06-09 15:00:49.022,16951,16952,16952,3
2021-06-09 15:00:49.030,16951,16952,16953,1
2021-06-09 15:00:50.385,16953,16954,16954,10
2021-06-09 15:00:50.385,16953,16954,16954,1
2021-06-09 15:00:50.976,16954,16956,16954,2
2021-06-09 15:00:53.220,16953,16956,16953,2
2021-06-09 15:00:53.313,16953,16956,16955,1
2021-06-09 15:00:55.083,16953,16955,16955,1
2021-06-09 15:00:55.583,16953,16954,16954,1
2021-06-09 15:00:55.894,16953,16955,16955,1
2021-06-09 15:00:56.361,16953,16955,16953,1
2021-06-09 15:00:59.154,16953,16955,16953,1
2021-06-09 15:01:00.125,16952,16955,16955,5
2021-06-09 15:01:00.125,16952,16955,16956,15
2021-06-09 15:01:03.346,16954,16955,16955,1
2021-06-09 15:01:03.587,16954,16955,16954,2
2021-06-09 15:01:03.650,16953,16955,16955,1
2021-06-09 15:01:04.139,16953,16955,16955,1
2021-06-09 15:01:04.142,16953,16955,16955,1
2021-06-09 15:01:05.626,16954,16955,16954,2
2021-06-09 15:01:05.626,16954,16955,16953,2
2021-06-09 15:01:07.006,16952,16955,16955,1
2021-06-09 15:01:08.522,16952,16955,16955,1
2021-06-09 15:01:08.871,16953,16954,16953,1
2021-06-09 15:01:09.220,16952,16953,16952,2
2021-06-09 15:01:10.771,16952,16953,16953,1
2021-06-09 15:01:11.301,16952,16953,16953,1
2021-06-09 15:01:11.558,16952,16953,16953,1
2021-06-09 15:01:11.587,16952,16953,16953,1
2021-06-09 15:01:12.489,16952,16953,16953,1
2021-06-09 15:01:14.277,16953,16955,16955,1
2021-06-09 15:01:14.825,16953,16955,16953,1
2021-06-09 15:01:17.281,16953,16955,16955,1
2021-06-09 15:01:20.679,16953,16955,16955,1
2021-06-09 15:01:22.394,16953,16954,16953,1
2021-06-09 15:01:22.397,16953,16954,16953,1
2021-06-09 15:01:26.819,16953,16954,16954,1
2021-06-09 15:01:33.537,16953,16954,16954,1
2021-06-09 15:01:34.415,16953,16954,16953,3
2021-06-09 15:01:36.439,16952,16953,16952,1
2021-06-09 15:01:36.440,16952,16953,16952,1
2021-06-09 15:01:37.256,16951,16953,16952,1
2021-06-09 15:01:37.747,16951,16952,16951,7
2021-06-09 15:01:41.471,16951,16952,16951,1
2021-06-09 15:01:42.194,16951,16952,16951,1
2021-06-09 15:01:44.048,16951,16952,16952,1
2021-06-09 15:01:45.276,16951,16952,16951,2
2021-06-09 15:01:47.088,16950,16952,16951,1
2021-06-09 15:01:47.464,16950,16952,16951,1
2021-06-09 15:01:50.489,16951,16952,16952,2
2021-06-09 15:01:51.410,16951,16952,16951,3
2021-06-09 15:01:51.413,16951,16952,16950,2
2021-06-09 15:01:51.413,16951,16952,16950,4
2021-06-09 15:01:52.101,16949,16950,16950,1
2021-06-09 15:01:57.228,16949,16950,16950,1
2021-06-09 15:01:57.665,16949,16950,16950,1
2021-06-09 15:01:57.666,16949,16950,16950,1
2021-06-09 15:01:58.376,16949,16950,16950,1
2021-06-09 15:01:58.376,16949,16950,16951,1
2021-06-09 15:01:59.826,16949,16951,16951,2
2021-06-09 15:02:00.940,16950,16951,16949,4
2021-06-09 15:02:01.144,16948,16949,16948,8
2021-06-09 15:02:01.144,16948,16949,16948,1
2021-06-09 15:02:01.144,16948,16949,16948,1
2021-06-09 15:02:01.239,16948,16949,16948,2
2021-06-09 15:02:01.396,16947,16949,16948,2
2021-06-09 15:02:01.439,16947,16949,16948,1
2021-06-09 15:02:01.439,16947,16949,16949,1
2021-06-09 15:02:01.698,16947,16949,16948,1
2021-06-09 15:02:02.261,16948,16950,16948,2
2021-06-09 15:02:02.430,16947,16950,16948,1
2021-06-09 15:02:04.749,16948,16949,16948,1
2021-06-09 15:02:05.251,16947,16948,16948,1
2021-06-09 15:02:05.251,16947,16948,16949,1
2021-06-09 15:02:05.986,16947,16948,16948,1
2021-06-09 15:02:06.440,16948,16949,16948,2
2021-06-09 15:02:06.622,16947,16948,16948,1
2021-06-09 15:02:07.567,16947,16948,16947,11
2021-06-09 15:02:07.568,16947,16948,16946,2
2021-06-09 15:02:07.569,16947,16948,16946,1
2021-06-09 15:02:07.569,16947,16948,16946,1
2021-06-09 15:02:07.569,16947,16948,16946,1
2021-06-09 15:02:07.569,16947,16948,16946,4
2021-06-09 15:02:07.684,16945,16947,16945,11
2021-06-09 15:02:08.729,16944,16947,16947,1
2021-06-09 15:02:10.105,16945,16947,16947,1
2021-06-09 15:02:11.126,16946,16947,16946,1
2021-06-09 15:02:11.867,16946,16947,16947,2
2021-06-09 15:02:12.500,16946,16947,16947,1
2021-06-09 15:02:13.767,16946,16947,16947,1
2021-06-09 15:02:16.252,16946,16947,16946,1
2021-06-09 15:02:16.832,16946,16947,16946,1
2021-06-09 15:02:17.955,16946,16947,16946,2
2021-06-09 15:02:18.260,16946,16947,16946,1
2021-06-09 15:02:18.573,16946,16947,16947,2
2021-06-09 15:02:20.874,16946,16947,16947,1
2021-06-09 15:02:21.197,16946,16947,16947,3
2021-06-09 15:02:21.226,16946,16947,16946,3
2021-06-09 15:02:22.326,16947,16948,16947,1
2021-06-09 15:02:23.378,16947,16948,16948,1
2021-06-09 15:02:24.140,16947,16949,16947,1
2021-06-09 15:02:24.969,16947,16949,16947,2
2021-06-09 15:02:24.969,16947,16949,16946,3
2021-06-09 15:02:25.165,16946,16948,16948,1
2021-06-09 15:02:25.342,16946,16948,16946,1
2021-06-09 15:02:27.158,16945,16947,16947,1
2021-06-09 15:02:29.232,16946,16947,16946,1
2021-06-09 15:02:29.561,16945,16946,16946,1
2021-06-09 15:02:32.009,16945,16946,16945,1
2021-06-09 15:02:32.664,16945,16946,16946,1
2021-06-09 15:02:36.336,16945,16946,16945,2
2021-06-09 15:02:36.512,16944,16945,16945,1
2021-06-09 15:02:36.785,16945,16946,16945,1
2021-06-09 15:02:36.786,16945,16946,16945,1
2021-06-09 15:02:39.640,16945,16946,16945,1
2021-06-09 15:02:42.626,16945,16946,16946,1
2021-06-09 15:02:42.771,16945,16946,16945,2
2021-06-09 15:02:42.771,16945,16946,16944,1
2021-06-09 15:02:42.801,16945,16946,16944,3
2021-06-09 15:02:43.374,16944,16945,16945,1
2021-06-09 15:02:45.451,16944,16945,16944,1
2021-06-09 15:02:46.471,16944,16945,16945,2
2021-06-09 15:02:48.827,16945,16946,16945,1
2021-06-09 15:02:51.798,16945,16946,16945,1
2021-06-09 15:02:52.809,16944,16946,16945,1
2021-06-09 15:02:53.254,16944,16945,16944,1
2021-06-09 15:02:55.396,16944,16945,16944,1
2021-06-09 15:02:56.070,16944,16945,16944,2
2021-06-09 15:02:57.258,16944,16945,16945,2
2021-06-09 15:02:58.179,16944,16945,16944,1
2021-06-09 15:03:03.506,16944,16945,16945,1
2021-06-09 15:03:04.865,16944,16945,16945,1
2021-06-09 15:03:05.902,16944,16945,16944,1
2021-06-09 15:03:07.441,16944,16945,16945,2
2021-06-09 15:03:09.550,16944,16945,16944,1
2021-06-09 15:03:10.915,16944,16945,16945,1
2021-06-09 15:03:11.535,16944,16945,16945,1
2021-06-09 15:03:11.813,16944,16945,16945,1
2021-06-09 15:03:13.861,16944,16945,16945,1
2021-06-09 15:03:16.473,16944,16945,16945,3
2021-06-09 15:03:16.583,16944,16945,16945,3
2021-06-09 15:03:16.584,16944,16945,16945,2
2021-06-09 15:03:22.052,16945,16946,16946,1
2021-06-09 15:03:22.195,16945,16946,16946,1
2021-06-09 15:03:23.347,16945,16946,16945,1
2021-06-09 15:03:26.399,16945,16946,16946,3
2021-06-09 15:03:26.401,16945,16946,16947,3
2021-06-09 15:03:26.699,16947,16948,16947,1
2021-06-09 15:03:29.154,16947,16948,16948,1
2021-06-09 15:03:29.402,16947,16948,16947,1
2021-06-09 15:03:29.417,16947,16948,16948,3
2021-06-09 15:03:29.417,16947,16948,16949,2
2021-06-09 15:03:32.602,16948,16949,16949,1
2021-06-09 15:03:32.962,16948,16950,16950,3
2021-06-09 15:03:34.320,16949,16950,16950,1
2021-06-09 15:03:35.219,16949,16950,16949,2
2021-06-09 15:03:36.062,16948,16950,16950,1
2021-06-09 15:03:36.304,16948,16950,16950,1
2021-06-09 15:03:38.779,16949,16950,16949,3
2021-06-09 15:03:40.544,16948,16949,16949,1
2021-06-09 15:03:43.084,16948,16949,16949,3
2021-06-09 15:03:45.871,16949,16950,16950,1
2021-06-09 15:03:45.973,16949,16950,16949,1
2021-06-09 15:03:47.287,16949,16950,16949,1
2021-06-09 15:03:48.388,16948,16949,16949,1
2021-06-09 15:03:51.343,16949,16950,16949,1
2021-06-09 15:03:51.745,16949,16950,16950,1
2021-06-09 15:03:52.067,16949,16950,16949,1
2021-06-09 15:03:54.598,16948,16949,16949,1
2021-06-09 15:03:58.812,16948,16949,16949,1
2021-06-09 15:04:02.877,16949,16950,16949,1
2021-06-09 15:04:03.206,16948,16949,16949,1
2021-06-09 15:04:04.930,16948,16950,16948,1
2021-06-09 15:04:05.624,16948,16950,16948,2
2021-06-09 15:04:05.624,16948,16950,16947,3
2021-06-09 15:04:05.624,16948,16950,16946,2
2021-06-09 15:04:12.902,16946,16947,16946,1
2021-06-09 15:04:14.975,16946,16947,16946,2
2021-06-09 15:04:15.504,16946,16947,16947,1
2021-06-09 15:04:19.902,16949,16950,16949,1
2021-06-09 15:04:21.582,16947,16949,16949,2
2021-06-09 15:04:26.144,16948,16950,16950,5
2021-06-09 15:04:26.247,16949,16950,16950,4
2021-06-09 15:04:26.643,16949,16951,16951,1
2021-06-09 15:04:27.796,16950,16951,16951,1
2021-06-09 15:04:29.964,16950,16951,16951,1
2021-06-09 15:04:32.868,16951,16952,16951,1
2021-06-09 15:04:33.969,16951,16952,16952,1
2021-06-09 15:04:34.138,16951,16952,16952,1
2021-06-09 15:04:37.926,16951,16952,16952,1
2021-06-09 15:04:41.238,16951,16952,16951,1
2021-06-09 15:04:41.532,16951,16952,16951,1
2021-06-09 15:04:41.556,16951,16952,16951,1
2021-06-09 15:04:41.807,16949,16952,16952,1
2021-06-09 15:04:45.258,16950,16951,16951,1
2021-06-09 15:04:48.158,16950,16951,16951,1
2021-06-09 15:04:51.575,16950,16952,16950,1
2021-06-09 15:04:53.392,16952,16953,16952,1
2021-06-09 15:04:53.447,16952,16953,16952,1
2021-06-09 15:04:54.157,16951,16953,16951,1
2021-06-09 15:04:55.247,16952,16953,16953,6
2021-06-09 15:04:56.020,16953,16954,16953,2
2021-06-09 15:05:00.086,16951,16952,16952,1
2021-06-09 15:05:00.387,16951,16953,16951,1
2021-06-09 15:05:00.450,16951,16953,16952,1
2021-06-09 15:05:01.700,16950,16951,16951,1
2021-06-09 15:05:02.247,16950,16951,16950,1
2021-06-09 15:05:05.892,16950,16952,16950,1
2021-06-09 15:05:06.004,16950,16952,16952,1
2021-06-09 15:05:09.220,16952,16953,16952,1
2021-06-09 15:05:09.696,16951,16953,16951,2
2021-06-09 15:05:13.729,16951,16952,16951,2
2021-06-09 15:05:13.746,16951,16952,16952,2
2021-06-09 15:05:23.660,16952,16953,16952,2
2021-06-09 15:05:23.680,16952,16953,16952,1
2021-06-09 15:05:24.799,16951,16952,16952,1
2021-06-09 15:05:34.366,16952,16953,16953,1
2021-06-09 15:05:35.448,16952,16953,16953,1
2021-06-09 15:05:35.449,16952,16953,16953,4
2021-06-09 15:05:36.013,16953,16954,16954,1
2021-06-09 15:05:36.013,16953,16954,16954,1
2021-06-09 15:05:36.014,16953,16954,16954,1
2021-06-09 15:05:36.014,16953,16954,16954,1
2021-06-09 15:05:36.014,16953,16954,16954,2
2021-06-09 15:05:36.373,16953,16955,16953,1
2021-06-09 15:05:39.129,16953,16954,16953,1
2021-06-09 15:05:40.022,16952,16954,16954,5
2021-06-09 15:05:41.041,16953,16954,16953,1
2021-06-09 15:05:43.108,16953,16955,16955,5
2021-06-09 15:05:43.122,16953,16955,16955,4
2021-06-09 15:05:43.202,16953,16955,16956,6
2021-06-09 15:05:44.815,16955,16956,16956,1
2021-06-09 15:05:45.290,16955,16957,16957,1
2021-06-09 15:05:46.096,16955,16956,16956,1
2021-06-09 15:05:46.261,16955,16957,16957,11
2021-06-09 15:05:46.261,16955,16957,16958,2
2021-06-09 15:05:46.565,16956,16958,16958,1
2021-06-09 15:05:46.584,16956,16958,16958,8
2021-06-09 15:05:46.584,16956,16958,16959,5
2021-06-09 15:05:46.872,16957,16959,16959,9
2021-06-09 15:05:46.872,16957,16959,16960,4
2021-06-09 15:05:46.997,16958,16960,16960,2
2021-06-09 15:05:47.238,16958,16960,16960,1
2021-06-09 15:05:47.969,16959,16960,16960,5
2021-06-09 15:05:48.098,16959,16960,16960,1
2021-06-09 15:05:49.949,16959,16960,16960,16
2021-06-09 15:05:49.968,16959,16960,16959,1
2021-06-09 15:05:51.326,16960,16961,16960,1
2021-06-09 15:05:51.508,16959,16960,16960,1
2021-06-09 15:05:53.233,16960,16961,16961,5
2021-06-09 15:05:53.690,16960,16961,16961,1
2021-06-09 15:05:54.323,16960,16961,16961,1
2021-06-09 15:05:54.578,16960,16962,16962,1
2021-06-09 15:05:54.666,16960,16962,16961,1
2021-06-09 15:05:55.504,16960,16962,16960,2
2021-06-09 15:05:56.201,16959,16960,16960,2
2021-06-09 15:05:56.474,16959,16960,16960,1
2021-06-09 15:05:56.474,16959,16960,16961,1
2021-06-09 15:05:59.104,16960,16961,16961,2
2021-06-09 15:05:59.177,16960,16962,16962,5
2021-06-09 15:05:59.570,16961,16963,16962,1
2021-06-09 15:05:59.570,16961,16963,16962,1
2021-06-09 15:06:02.725,16961,16962,16962,1
2021-06-09 15:06:03.007,16961,16962,16962,1
2021-06-09 15:06:03.007,16961,16962,16963,5
2021-06-09 15:06:04.237,16961,16963,16963,5
2021-06-09 15:06:04.364,16961,16963,16963,1
2021-06-09 15:06:06.587,16962,16963,16963,1
2021-06-09 15:06:07.099,16962,16963,16963,1
2021-06-09 15:06:07.244,16962,16963,16962,1
2021-06-09 15:06:09.375,16961,16962,16962,5
2021-06-09 15:06:10.954,16962,16963,16962,1
2021-06-09 15:06:12.167,16961,16962,16962,2
2021-06-09 15:06:14.288,16962,16963,16963,5
2021-06-09 15:06:15.456,16962,16963,16963,1
2021-06-09 15:06:16.263,16962,16963,16963,1
2021-06-09 15:06:17.872,16962,16963,16963,13
2021-06-09 15:06:17.872,16962,16963,16963,1
2021-06-09 15:06:17.872,16962,16963,16963,1
2021-06-09 15:06:17.872,16962,16963,16963,1
2021-06-09 15:06:17.873,16962,16963,16963,1
2021-06-09 15:06:17.873,16962,16963,16963,1
2021-06-09 15:06:18.053,16963,16964,16964,1
2021-06-09 15:06:18.214,16963,16965,16965,2
2021-06-09 15:06:18.364,16963,16965,16965,1
2021-06-09 15:06:19.301,16963,16965,16965,1
2021-06-09 15:06:19.320,16963,16965,16965,1
2021-06-09 15:06:19.530,16963,16965,16965,1
2021-06-09 15:06:19.765,16963,16965,16965,5
2021-06-09 15:06:19.915,16963,16965,16965,4
2021-06-09 15:06:19.915,16963,16965,16965,5
2021-06-09 15:06:19.916,16963,16965,16965,2
2021-06-09 15:06:19.916,16963,16965,16965,1
2021-06-09 15:06:19.916,16963,16965,16965,1
2021-06-09 15:06:19.916,16963,16965,16965,1
2021-06-09 15:06:19.916,16963,16965,16965,1
2021-06-09 15:06:19.916,16963,16965,16965,1
2021-06-09 15:06:20.382,16964,16965,16965,1
2021-06-09 15:06:21.225,16964,16965,16964,1
2021-06-09 15:06:22.074,16964,16965,16964,1
2021-06-09 15:06:23.112,16964,16965,16965,2
2021-06-09 15:06:24.778,16964,16965,16965,1
2021-06-09 15:06:25.020,16964,16965,16965,1
2021-06-09 15:06:25.234,16964,16965,16964,1
2021-06-09 15:06:25.809,16964,16965,16964,1
2021-06-09 15:06:26.073,16963,16964,16964,1
2021-06-09 15:06:26.857,16963,16964,16964,2
2021-06-09 15:06:26.857,16963,16964,16965,3
2021-06-09 15:06:26.975,16963,16965,16965,1
2021-06-09 15:06:27.604,16963,16964,16964,1
2021-06-09 15:06:27.604,16963,16964,16965,2
2021-06-09 15:06:28.343,16964,16965,16965,2
2021-06-09 15:06:28.707,16964,16965,16965,2
2021-06-09 15:06:28.728,16964,16965,16965,3
2021-06-09 15:06:29.878,16964,16965,16965,1
2021-06-09 15:06:30.047,16964,16965,16965,1
2021-06-09 15:06:31.070,16964,16965,16965,1
2021-06-09 15:06:32.311,16964,16965,16965,1
2021-06-09 15:06:32.517,16964,16965,16965,3
2021-06-09 15:06:32.519,16964,16965,16965,24
2021-06-09 15:06:32.520,16964,16965,16966,7
2021-06-09 15:06:32.933,16966,16967,16967,1
2021-06-09 15:06:32.933,16966,16967,16967,1
2021-06-09 15:06:32.933,16966,16967,16967,3
2021-06-09 15:06:32.934,16966,16967,16967,1
2021-06-09 15:06:32.934,16966,16967,16967,1
2021-06-09 15:06:32.934,16966,16967,16967,1
2021-06-09 15:06:32.934,16966,16967,16967,1
2021-06-09 15:06:32.934,16966,16967,16968,1
2021-06-09 15:06:32.935,16966,16967,16968,1
2021-06-09 15:06:32.935,16966,16967,16968,1
2021-06-09 15:06:32.935,16966,16967,16968,3
2021-06-09 15:06:33.018,16968,16969,16969,1
2021-06-09 15:06:33.019,16968,16969,16969,1
2021-06-09 15:06:33.025,16968,16969,16969,1
2021-06-09 15:06:33.033,16968,16969,16969,1
2021-06-09 15:06:33.041,16968,16969,16969,1
2021-06-09 15:06:33.041,16968,16969,16969,2
2021-06-09 15:06:33.041,16968,16969,16969,4
2021-06-09 15:06:33.042,16968,16969,16969,1
2021-06-09 15:06:33.048,16968,16969,16970,2
2021-06-09 15:06:33.063,16968,16969,16970,1
2021-06-09 15:06:33.069,16968,16969,16970,1
2021-06-09 15:06:33.075,16968,16969,16970,2
2021-06-09 15:06:33.078,16968,16969,16970,1
2021-06-09 15:06:33.082,16968,16969,16971,1
2021-06-09 15:06:33.087,16968,16969,16971,2
2021-06-09 15:06:33.105,16968,16969,16971,2
2021-06-09 15:06:33.135,16970,16971,16971,1
2021-06-09 15:06:33.200,16970,16971,16971,1
2021-06-09 15:06:33.200,16970,16971,16972,1
2021-06-09 15:06:33.202,16970,16971,16972,6
2021-06-09 15:06:33.209,16970,16971,16972,1
2021-06-09 15:06:33.231,16970,16971,16972,2
2021-06-09 15:06:33.231,16970,16971,16973,1
2021-06-09 15:06:33.233,16970,16971,16972,1
2021-06-09 15:06:33.234,16970,16971,16972,1
2021-06-09 15:06:33.238,16970,16971,16973,2
2021-06-09 15:06:33.256,16971,16973,16973,1
2021-06-09 15:06:33.261,16971,16973,16973,2
2021-06-09 15:06:33.261,16971,16973,16974,1
2021-06-09 15:06:33.272,16971,16973,16973,1
2021-06-09 15:06:33.273,16971,16973,16974,1
2021-06-09 15:06:33.274,16971,16973,16974,2
2021-06-09 15:06:33.275,16971,16973,16974,2
2021-06-09 15:06:33.277,16971,16973,16974,1
2021-06-09 15:06:33.280,16971,16973,16973,1
2021-06-09 15:06:33.286,16971,16973,16974,1
2021-06-09 15:06:33.286,16971,16973,16974,1
2021-06-09 15:06:33.308,16971,16973,16974,2
2021-06-09 15:06:33.332,16971,16973,16974,1
2021-06-09 15:06:33.334,16971,16973,16973,1
2021-06-09 15:06:33.336,16971,16973,16974,1
2021-06-09 15:06:33.417,16973,16975,16974,1
2021-06-09 15:06:33.420,16973,16975,16974,1
2021-06-09 15:06:33.441,16973,16975,16975,3
2021-06-09 15:06:33.442,16973,16975,16975,1
2021-06-09 15:06:33.454,16973,16975,16975,1
2021-06-09 15:06:33.455,16973,16975,16975,1
2021-06-09 15:06:33.461,16973,16975,16975,1
2021-06-09 15:06:33.462,16973,16975,16975,1
2021-06-09 15:06:33.472,16973,16975,16975,1
2021-06-09 15:06:33.480,16973,16975,16975,1
2021-06-09 15:06:33.481,16973,16975,16975,1
2021-06-09 15:06:33.498,16973,16975,16975,1
2021-06-09 15:06:33.506,16973,16975,16976,1
2021-06-09 15:06:33.506,16973,16975,16976,1
2021-06-09 15:06:33.508,16973,16975,16976,1
2021-06-09 15:06:33.513,16973,16975,16976,1
2021-06-09 15:06:33.516,16973,16975,16975,1
2021-06-09 15:06:33.518,16973,16975,16975,1
2021-06-09 15:06:33.522,16973,16975,16976,1
2021-06-09 15:06:33.526,16973,16975,16976,1
2021-06-09 15:06:33.535,16973,16975,16976,1
2021-06-09 15:06:33.539,16973,16975,16976,1
2021-06-09 15:06:33.541,16973,16975,16976,1
2021-06-09 15:06:33.542,16973,16975,16976,2
2021-06-09 15:06:33.547,16973,16975,16976,1
2021-06-09 15:06:33.547,16973,16975,16976,1
2021-06-09 15:06:33.567,16973,16975,16976,1
2021-06-09 15:06:33.567,16973,16975,16976,1
2021-06-09 15:06:33.567,16973,16975,16976,1
2021-06-09 15:06:33.586,16973,16975,16977,1
2021-06-09 15:06:33.596,16973,16975,16977,1
2021-06-09 15:06:33.618,16973,16975,16977,1
2021-06-09 15:06:33.624,16975,16977,16977,1
2021-06-09 15:06:33.638,16975,16977,16977,1
2021-06-09 15:06:33.638,16975,16977,16977,1
2021-06-09 15:06:33.660,16975,16977,16977,2
2021-06-09 15:06:33.668,16975,16977,16977,1
2021-06-09 15:06:33.678,16975,16977,16975,1
2021-06-09 15:06:33.727,16975,16977,16977,1
2021-06-09 15:06:33.727,16975,16977,16977,2
2021-06-09 15:06:33.743,16975,16977,16977,1
2021-06-09 15:06:33.806,16975,16977,16975,6
2021-06-09 15:06:33.816,16975,16977,16976,2
2021-06-09 15:06:33.851,16975,16977,16976,1
2021-06-09 15:06:33.860,16975,16977,16976,1
2021-06-09 15:06:33.862,16975,16977,16976,1
2021-06-09 15:06:33.870,16975,16977,16976,1
2021-06-09 15:06:33.872,16974,16977,16977,1
2021-06-09 15:06:33.876,16974,16977,16977,1
2021-06-09 15:06:33.880,16974,16977,16977,1
2021-06-09 15:06:33.883,16974,16977,16974,4
2021-06-09 15:06:33.883,16974,16977,16973,1
2021-06-09 15:06:33.898,16974,16977,16976,1
2021-06-09 15:06:33.939,16974,16977,16977,1
2021-06-09 15:06:33.947,16974,16977,16976,1
2021-06-09 15:06:33.975,16974,16977,16977,1
2021-06-09 15:06:33.990,16974,16977,16978,1
2021-06-09 15:06:33.996,16976,16978,16978,1
2021-06-09 15:06:33.998,16976,16978,16978,1
2021-06-09 15:06:33.999,16976,16978,16978,1
2021-06-09 15:06:34.010,16976,16978,16978,1
2021-06-09 15:06:34.016,16976,16978,16978,2
2021-06-09 15:06:34.016,16976,16978,16979,1
2021-06-09 15:06:34.022,16976,16978,16979,1
2021-06-09 15:06:34.030,16976,16978,16979,1
2021-06-09 15:06:34.033,16976,16978,16979,1
2021-06-09 15:06:34.036,16976,16978,16979,5
2021-06-09 15:06:34.042,16976,16978,16979,1
2021-06-09 15:06:34.042,16976,16978,16980,1
2021-06-09 15:06:34.066,16976,16978,16980,1
2021-06-09 15:06:34.114,16976,16978,16979,1
2021-06-09 15:06:34.115,16976,16978,16980,4
2021-06-09 15:06:34.115,16976,16978,16980,1
2021-06-09 15:06:34.115,16976,16978,16980,1
2021-06-09 15:06:34.115,16976,16978,16980,2
2021-06-09 15:06:34.115,16976,16978,16979,1
2021-06-09 15:06:34.116,16976,16978,16980,1
2021-06-09 15:06:34.116,16976,16978,16980,1
2021-06-09 15:06:34.121,16980,16981,16980,2
2021-06-09 15:06:34.150,16980,16981,16981,1
2021-06-09 15:06:34.150,16980,16981,16982,1
2021-06-09 15:06:34.164,16980,16981,16982,1
2021-06-09 15:06:34.178,16980,16981,16982,1
2021-06-09 15:06:34.183,16980,16981,16982,3
2021-06-09 15:06:34.184,16980,16981,16982,2
2021-06-09 15:06:34.189,16980,16981,16983,1
2021-06-09 15:06:34.209,16980,16981,16983,1
2021-06-09 15:06:34.220,16980,16981,16983,1
2021-06-09 15:06:34.221,16980,16981,16983,1
2021-06-09 15:06:34.222,16980,16981,16983,1
2021-06-09 15:06:34.223,16980,16981,16983,1
2021-06-09 15:06:34.252,16981,16983,16983,1
2021-06-09 15:06:34.271,16981,16983,16981,1
2021-06-09 15:06:34.274,16981,16983,16983,1
2021-06-09 15:06:34.275,16981,16983,16983,1
2021-06-09 15:06:34.291,16981,16983,16983,1
2021-06-09 15:06:34.335,16981,16983,16983,1
2021-06-09 15:06:34.352,16981,16983,16983,1
2021-06-09 15:06:34.369,16981,16983,16984,1
2021-06-09 15:06:34.369,16981,16983,16985,1
2021-06-09 15:06:34.372,16982,16985,16985,1
2021-06-09 15:06:34.377,16982,16985,16985,2
2021-06-09 15:06:34.392,16982,16985,16985,2
2021-06-09 15:06:34.401,16982,16985,16985,1
2021-06-09 15:06:34.407,16982,16985,16983,1
2021-06-09 15:06:34.428,16982,16985,16985,1
2021-06-09 15:06:34.440,16982,16985,16985,1
2021-06-09 15:06:34.442,16982,16985,16985,2
2021-06-09 15:06:34.442,16982,16985,16986,1
2021-06-09 15:06:34.444,16982,16985,16986,1
2021-06-09 15:06:34.453,16982,16985,16985,4
2021-06-09 15:06:34.454,16982,16985,16984,1
2021-06-09 15:06:34.455,16982,16985,16983,2
2021-06-09 15:06:34.461,16982,16985,16984,1
2021-06-09 15:06:34.461,16982,16985,16984,2
2021-06-09 15:06:34.463,16982,16985,16985,1
2021-06-09 15:06:34.472,16982,16985,16985,1
2021-06-09 15:06:34.485,16982,16985,16986,1
2021-06-09 15:06:34.506,16984,16986,16986,2
2021-06-09 15:06:34.516,16984,16986,16987,1
2021-06-09 15:06:34.516,16984,16986,16987,1
2021-06-09 15:06:34.520,16984,16986,16984,1
2021-06-09 15:06:34.602,16984,16986,16986,1
2021-06-09 15:06:34.603,16984,16986,16986,1
2021-06-09 15:06:34.603,16984,16986,16987,1
2021-06-09 15:06:34.608,16984,16986,16987,1
2021-06-09 15:06:34.641,16985,16988,16985,5
2021-06-09 15:06:34.641,16985,16988,16984,10
2021-06-09 15:06:34.641,16985,16988,16983,4
2021-06-09 15:06:34.641,16985,16988,16982,4
2021-06-09 15:06:34.643,16985,16988,16982,3
2021-06-09 15:06:34.643,16985,16988,16982,2
2021-06-09 15:06:34.643,16985,16988,16982,1
2021-06-09 15:06:34.643,16985,16988,16982,1
2021-06-09 15:06:34.646,16985,16988,16982,2
2021-06-09 15:06:34.649,16985,16988,16982,4
2021-06-09 15:06:34.652,16985,16988,16982,1
2021-06-09 15:06:34.653,16985,16988,16982,1
2021-06-09 15:06:34.655,16985,16988,16981,2
2021-06-09 15:06:34.655,16985,16988,16982,1
2021-06-09 15:06:34.688,16985,16988,16982,1
2021-06-09 15:06:34.700,16985,16988,16982,1
2021-06-09 15:06:34.711,16985,16988,16983,1
2021-06-09 15:06:34.712,16985,16988,16985,1
2021-06-09 15:06:34.724,16985,16988,16986,3
2021-06-09 15:06:34.727,16985,16988,16987,5
2021-06-09 15:06:34.727,16985,16988,16988,1
2021-06-09 15:06:34.734,16985,16988,16988,1
2021-06-09 15:06:34.738,16985,16988,16988,1
2021-06-09 15:06:34.744,16985,16988,16988,2
2021-06-09 15:06:34.744,16985,16988,16988,1
2021-06-09 15:06:34.760,16982,16988,16988,1
2021-06-09 15:06:34.770,16982,16988,16988,1
2021-06-09 15:06:34.795,16982,16988,16986,1
2021-06-09 15:06:34.808,16982,16988,16988,1
2021-06-09 15:06:34.821,16982,16988,16988,1
2021-06-09 15:06:34.826,16982,16988,16988,1
2021-06-09 15:06:34.830,16982,16988,16988,1
2021-06-09 15:06:34.868,16982,16988,16988,1
2021-06-09 15:06:34.882,16986,16988,16988,1
2021-06-09 15:06:34.886,16986,16988,16988,1
2021-06-09 15:06:34.903,16986,16988,16988,1
2021-06-09 15:06:34.910,16986,16988,16987,1
2021-06-09 15:06:34.925,16986,16988,16987,2
2021-06-09 15:06:34.960,16986,16988,16988,1
2021-06-09 15:06:34.961,16986,16988,16988,1
2021-06-09 15:06:34.967,16986,16988,16988,1
2021-06-09 15:06:34.980,16986,16988,16988,1
2021-06-09 15:06:34.998,16986,16988,16988,1
2021-06-09 15:06:35.007,16986,16988,16988,1
2021-06-09 15:06:35.020,16986,16988,16989,1
2021-06-09 15:06:35.040,16986,16988,16989,1
2021-06-09 15:06:35.044,16986,16988,16989,1
2021-06-09 15:06:35.047,16986,16988,16989,1
2021-06-09 15:06:35.048,16986,16988,16989,1
2021-06-09 15:06:35.082,16986,16988,16989,1
2021-06-09 15:06:35.091,16986,16988,16987,1
2021-06-09 15:06:35.108,16986,16988,16988,1
2021-06-09 15:06:35.110,16986,16988,16988,2
2021-06-09 15:06:35.114,16986,16988,16988,1
2021-06-09 15:06:35.126,16987,16989,16989,2
2021-06-09 15:06:35.130,16987,16989,16990,1
2021-06-09 15:06:35.142,16987,16989,16990,1
2021-06-09 15:06:35.169,16987,16989,16987,1
2021-06-09 15:06:35.177,16987,16989,16988,1
2021-06-09 15:06:35.179,16987,16989,16987,1
2021-06-09 15:06:35.242,16987,16989,16989,1
2021-06-09 15:06:35.246,16987,16989,16989,1
2021-06-09 15:06:35.256,16987,16989,16987,1
2021-06-09 15:06:35.264,16987,16989,16990,1
2021-06-09 15:06:35.264,16987,16989,16988,1
2021-06-09 15:06:35.281,16987,16989,16989,1
2021-06-09 15:06:35.288,16987,16989,16989,1
2021-06-09 15:06:35.297,16987,16989,16989,1
2021-06-09 15:06:35.306,16987,16989,16990,1
2021-06-09 15:06:35.310,16987,16989,16990,1
2021-06-09 15:06:35.310,16987,16989,16991,1
2021-06-09 15:06:35.326,16987,16989,16991,1
2021-06-09 15:06:35.357,16987,16989,16991,1
2021-06-09 15:06:35.368,16987,16989,16992,1
2021-06-09 15:06:35.369,16987,16989,16992,1
2021-06-09 15:06:35.376,16991,16993,16993,1
2021-06-09 15:06:35.381,16991,16993,16993,2
2021-06-09 15:06:35.398,16991,16993,16993,1
2021-06-09 15:06:35.400,16991,16993,16993,1
2021-06-09 15:06:35.415,16991,16993,16993,1
2021-06-09 15:06:35.424,16991,16993,16991,2
2021-06-09 15:06:35.424,16991,16993,16991,1
2021-06-09 15:06:35.436,16991,16993,16992,1
2021-06-09 15:06:35.459,16991,16993,16992,2
2021-06-09 15:06:35.459,16991,16993,16993,1
2021-06-09 15:06:35.475,16991,16993,16990,3
2021-06-09 15:06:35.478,16991,16993,16990,1
2021-06-09 15:06:35.495,16991,16993,16991,1
2021-06-09 15:06:35.502,16988,16991,16991,2
2021-06-09 15:06:35.502,16988,16991,16991,1
2021-06-09 15:06:35.502,16988,16991,16992,1
2021-06-09 15:06:35.597,16988,16991,16992,1
2021-06-09 15:06:35.601,16988,16991,16993,1
2021-06-09 15:06:35.644,16990,16993,16991,2
2021-06-09 15:06:35.646,16990,16993,16990,2
2021-06-09 15:06:35.661,16990,16993,16991,2
2021-06-09 15:06:35.851,16989,16991,16990,1
2021-06-09 15:06:35.855,16989,16991,16991,2
2021-06-09 15:06:35.856,16989,16991,16991,2
2021-06-09 15:06:35.856,16989,16991,16991,1
2021-06-09 15:06:35.856,16989,16991,16991,1
2021-06-09 15:06:35.857,16989,16991,16992,1
2021-06-09 15:06:35.857,16989,16991,16993,1
2021-06-09 15:06:35.857,16989,16991,16993,2
2021-06-09 15:06:35.857,16989,16991,16993,2
2021-06-09 15:06:35.858,16989,16991,16993,1
2021-06-09 15:06:35.858,16989,16991,16993,1
2021-06-09 15:06:35.859,16989,16991,16993,1
2021-06-09 15:06:35.864,16989,16991,16994,1
2021-06-09 15:06:35.867,16989,16991,16994,1
2021-06-09 15:06:35.909,16992,16994,16992,2
2021-06-09 15:06:35.914,16992,16994,16991,1
2021-06-09 15:06:35.956,16992,16994,16992,2
2021-06-09 15:06:35.995,16992,16994,16992,1
2021-06-09 15:06:36.002,16990,16992,16992,1
2021-06-09 15:06:36.002,16990,16992,16992,1
2021-06-09 15:06:36.004,16990,16992,16990,3
2021-06-09 15:06:36.004,16990,16992,16989,3
2021-06-09 15:06:36.004,16990,16992,16988,3
2021-06-09 15:06:36.014,16990,16992,16988,1
2021-06-09 15:06:36.048,16990,16992,16988,1
2021-06-09 15:06:36.079,16990,16992,16988,1
2021-06-09 15:06:36.081,16990,16992,16988,1
2021-06-09 15:06:36.084,16990,16992,16988,1
2021-06-09 15:06:36.132,16987,16988,16988,1
2021-06-09 15:06:36.198,16987,16988,16987,1
2021-06-09 15:06:36.198,16987,16988,16987,1
2021-06-09 15:06:36.198,16987,16988,16987,1
2021-06-09 15:06:36.201,16987,16988,16986,1
2021-06-09 15:06:36.227,16987,16988,16985,1
2021-06-09 15:06:36.249,16984,16985,16984,1
2021-06-09 15:06:36.252,16984,16985,16983,1
2021-06-09 15:06:36.256,16984,16985,16983,1
2021-06-09 15:06:36.263,16984,16985,16984,1
2021-06-09 15:06:36.305,16984,16985,16985,1
2021-06-09 15:06:36.330,16984,16985,16984,1
2021-06-09 15:06:36.351,16984,16985,16984,1
2021-06-09 15:06:36.411,16983,16984,16984,1
2021-06-09 15:06:36.521,16982,16984,16984,1
2021-06-09 15:06:36.521,16982,16984,16984,1
2021-06-09 15:06:36.522,16982,16984,16985,3
2021-06-09 15:06:36.527,16982,16984,16986,2
2021-06-09 15:06:36.529,16982,16984,16986,1
2021-06-09 15:06:36.529,16982,16984,16986,1
2021-06-09 15:06:36.529,16982,16984,16987,1
2021-06-09 15:06:36.530,16982,16984,16987,1
2021-06-09 15:06:36.596,16982,16984,16988,1
2021-06-09 15:06:36.817,16988,16989,16988,1
2021-06-09 15:06:36.855,16988,16989,16988,1
2021-06-09 15:06:36.866,16988,16989,16986,1
2021-06-09 15:06:36.893,16986,16988,16988,1
2021-06-09 15:06:36.896,16986,16988,16989,2
2021-06-09 15:06:36.897,16986,16988,16989,1
2021-06-09 15:06:36.897,16986,16988,16990,2
2021-06-09 15:06:36.897,16986,16988,16991,1
2021-06-09 15:06:36.897,16986,16988,16991,1
2021-06-09 15:06:36.898,16986,16988,16992,2
2021-06-09 15:06:37.022,16989,16991,16991,1
2021-06-09 15:06:37.043,16989,16991,16990,1
2021-06-09 15:06:37.106,16989,16991,16992,1
2021-06-09 15:06:37.123,16991,16992,16992,3
2021-06-09 15:06:37.123,16991,16992,16992,1
2021-06-09 15:06:37.123,16991,16992,16992,1
2021-06-09 15:06:37.124,16991,16992,16992,1
2021-06-09 15:06:37.124,16991,16992,16993,1
2021-06-09 15:06:37.124,16991,16992,16993,1
2021-06-09 15:06:37.124,16991,16992,16994,1
2021-06-09 15:06:37.124,16991,16992,16994,1
2021-06-09 15:06:37.124,16991,16992,16995,2
2021-06-09 15:06:37.124,16991,16992,16995,1
2021-06-09 15:06:37.124,16991,16992,16996,1
2021-06-09 15:06:37.124,16991,16992,16996,1
2021-06-09 15:06:37.124,16991,16992,16996,1
2021-06-09 15:06:37.124,16991,16992,16996,1
2021-06-09 15:06:37.124,16991,16992,16996,1
2021-06-09 15:06:37.125,16991,16992,16996,1
2021-06-09 15:06:37.125,16991,16992,16996,1
2021-06-09 15:06:37.125,16991,16992,16996,1
2021-06-09 15:06:37.125,16991,16992,16994,1
2021-06-09 15:06:37.125,16991,16992,16997,1
2021-06-09 15:06:37.126,16991,16992,16994,1
2021-06-09 15:06:37.126,16991,16992,16995,1
2021-06-09 15:06:37.126,16991,16992,16996,1
2021-06-09 15:06:37.126,16991,16992,16996,1
2021-06-09 15:06:37.126,16991,16992,16995,1
2021-06-09 15:06:37.126,16991,16992,16995,1
2021-06-09 15:06:37.126,16991,16992,16997,1
2021-06-09 15:06:37.127,16991,16992,16996,1
2021-06-09 15:06:37.127,16991,16992,16997,1
2021-06-09 15:06:37.130,16991,16992,16995,1
2021-06-09 15:06:37.140,16991,16992,16994,4
2021-06-09 15:06:37.140,16991,16992,16993,6
2021-06-09 15:06:37.179,16991,16992,16992,1
2021-06-09 15:06:37.197,16991,16992,16994,3
2021-06-09 15:06:37.197,16991,16992,16995,1
2021-06-09 15:06:37.197,16991,16992,16996,4
2021-06-09 15:06:37.197,16991,16992,16997,1
2021-06-09 15:06:37.197,16991,16992,16998,9
2021-06-09 15:06:37.197,16991,16992,16999,10
2021-06-09 15:06:37.197,16991,16992,16999,1
2021-06-09 15:06:37.198,16991,16992,16995,2
2021-06-09 15:06:37.199,16991,16992,16994,1
2021-06-09 15:06:37.213,16991,16992,16993,1
2021-06-09 15:06:37.257,16994,16996,16996,1
2021-06-09 15:06:37.270,16994,16996,16997,2
2021-06-09 15:06:37.277,16994,16996,16998,2
2021-06-09 15:06:37.278,16994,16996,16996,2
2021-06-09 15:06:37.302,16994,16996,16998,1
2021-06-09 15:06:37.311,16994,16996,16996,1
2021-06-09 15:06:37.327,16994,16996,16995,1
2021-06-09 15:06:37.380,16994,16996,16997,2
2021-06-09 15:06:37.410,16994,16996,16994,3
2021-06-09 15:06:37.410,16994,16996,16993,4
2021-06-09 15:06:37.410,16994,16996,16992,4
2021-06-09 15:06:37.410,16994,16996,16991,6
2021-06-09 15:06:37.411,16994,16996,16991,6
2021-06-09 15:06:37.411,16994,16996,16991,1
2021-06-09 15:06:37.440,16994,16996,16991,10
2021-06-09 15:06:37.440,16994,16996,16991,1
2021-06-09 15:06:37.440,16994,16996,16991,1
2021-06-09 15:06:37.440,16994,16996,16991,4
2021-06-09 15:06:37.441,16994,16996,16992,1
2021-06-09 15:06:37.448,16994,16996,16995,4
2021-06-09 15:06:37.456,16994,16996,16996,1
2021-06-09 15:06:37.469,16994,16996,16993,1
2021-06-09 15:06:37.523,16991,16995,16992,1
2021-06-09 15:06:37.550,16991,16995,16994,2
2021-06-09 15:06:37.551,16991,16995,16995,1
2021-06-09 15:06:37.632,16992,16994,16994,1
2021-06-09 15:06:37.648,16992,16994,16995,1
2021-06-09 15:06:37.671,16992,16994,16996,1
2021-06-09 15:06:37.691,16992,16994,16996,1
2021-06-09 15:06:37.694,16992,16994,16996,1
2021-06-09 15:06:37.698,16992,16994,16997,1
2021-06-09 15:06:37.725,16992,16994,16998,1
2021-06-09 15:06:37.735,16992,16994,16998,1
2021-06-09 15:06:37.743,16992,16994,16995,1
2021-06-09 15:06:37.798,16995,16997,16997,1
2021-06-09 15:06:37.825,16995,16997,16998,1
2021-06-09 15:06:37.926,16995,16998,16996,1
2021-06-09 15:06:37.987,16995,16998,16996,1
2021-06-09 15:06:37.987,16995,16998,16998,1
2021-06-09 15:06:37.998,16996,16998,16998,1
2021-06-09 15:06:38.002,16996,16998,16999,1
2021-06-09 15:06:38.178,16997,16999,16999,1
2021-06-09 15:06:38.254,16997,16999,16997,1
2021-06-09 15:06:38.272,16997,16999,16997,1
2021-06-09 15:06:38.290,16997,16999,16999,1
2021-06-09 15:06:38.354,16997,16999,16999,1
2021-06-09 15:06:38.363,16997,16999,16998,1
2021-06-09 15:06:38.462,16997,16999,16997,1
2021-06-09 15:06:38.640,16992,16995,16994,1
2021-06-09 15:06:38.693,16992,16995,16995,1
2021-06-09 15:06:38.725,16992,16995,16995,1
2021-06-09 15:06:39.035,16994,16997,16997,1
2021-06-09 15:06:39.037,16994,16997,16996,1
2021-06-09 15:06:39.074,16994,16997,16995,2
2021-06-09 15:06:39.074,16994,16997,16994,4
2021-06-09 15:06:39.074,16994,16997,16993,2
2021-06-09 15:06:39.099,16994,16997,16995,1
2021-06-09 15:06:39.114,16994,16997,16994,2
2021-06-09 15:06:39.131,16992,16995,16992,1
2021-06-09 15:06:39.278,16992,16994,16992,1
2021-06-09 15:06:39.279,16992,16994,16992,1
2021-06-09 15:06:39.441,16991,16993,16993,1
2021-06-09 15:06:39.492,16991,16993,16991,3
2021-06-09 15:06:39.495,16991,16993,16990,1
2021-06-09 15:06:39.563,16988,16991,16989,2
2021-06-09 15:06:39.807,16990,16992,16992,2
2021-06-09 15:06:39.811,16990,16992,16993,1
2021-06-09 15:06:39.833,16990,16992,16993,1
2021-06-09 15:06:39.854,16990,16992,16992,1
2021-06-09 15:06:39.942,16991,16994,16994,1
2021-06-09 15:06:39.990,16991,16994,16992,1
2021-06-09 15:06:40.008,16991,16994,16994,1
2021-06-09 15:06:40.093,16991,16994,16992,2
2021-06-09 15:06:40.139,16991,16994,16994,4
2021-06-09 15:06:40.139,16991,16994,16995,2
2021-06-09 15:06:40.150,16991,16994,16996,1
2021-06-09 15:06:40.233,16991,16994,16994,1
2021-06-09 15:06:40.340,16993,16996,16996,1
2021-06-09 15:06:40.378,16996,16998,16996,1
2021-06-09 15:06:40.378,16996,16998,16995,4
2021-06-09 15:06:40.378,16996,16998,16994,5
2021-06-09 15:06:40.542,16993,16995,16995,1
2021-06-09 15:06:41.623,16991,16993,16991,1
2021-06-09 15:06:41.802,16991,16993,16992,1
2021-06-09 15:06:41.811,16991,16993,16993,1
2021-06-09 15:06:41.917,16992,16994,16992,1
2021-06-09 15:06:41.918,16992,16994,16994,2
2021-06-09 15:06:41.918,16992,16994,16995,1
2021-06-09 15:06:41.921,16992,16994,16995,2
2021-06-09 15:06:41.946,16992,16994,16997,3
2021-06-09 15:06:42.120,16995,16998,16998,1
2021-06-09 15:06:42.396,16995,16998,16995,3
2021-06-09 15:06:42.396,16995,16998,16994,2
2021-06-09 15:06:42.408,16995,16998,16994,1
2021-06-09 15:06:42.524,16994,16997,16997,2
2021-06-09 15:06:42.611,16994,16997,16998,2
2021-06-09 15:06:42.622,16995,16998,16998,2
2021-06-09 15:06:43.004,16996,16998,16998,6
2021-06-09 15:06:43.088,16996,16998,16996,6
2021-06-09 15:06:43.088,16996,16998,16995,7
2021-06-09 15:06:43.088,16996,16998,16994,4
2021-06-09 15:06:43.088,16996,16998,16993,5
2021-06-09 15:06:43.088,16996,16998,16992,3
2021-06-09 15:06:43.122,16993,16995,16995,1
2021-06-09 15:06:43.228,16993,16995,16994,1
2021-06-09 15:06:43.228,16993,16995,16995,2
2021-06-09 15:06:43.228,16993,16995,16996,2
2021-06-09 15:06:43.273,16993,16996,16995,1
2021-06-09 15:06:43.457,16993,16996,16993,1
2021-06-09 15:06:43.790,16993,16996,16993,1
2021-06-09 15:06:44.166,16992,16994,16992,1
2021-06-09 15:06:44.317,16990,16992,16992,2
2021-06-09 15:06:44.317,16990,16992,16993,4
2021-06-09 15:06:44.642,16991,16994,16992,1
2021-06-09 15:06:45.096,16992,16994,16993,1
2021-06-09 15:06:45.345,16990,16993,16993,3
2021-06-09 15:06:45.538,16991,16994,16993,1
2021-06-09 15:06:45.568,16991,16994,16992,1
2021-06-09 15:06:45.616,16991,16994,16992,1
2021-06-09 15:06:45.719,16991,16994,16991,1
2021-06-09 15:06:45.917,16990,16993,16992,1
2021-06-09 15:06:46.028,16990,16993,16990,1
2021-06-09 15:06:46.337,16989,16992,16989,1
2021-06-09 15:06:47.150,16989,16992,16992,1
2021-06-09 15:06:47.248,16990,16993,16993,2
2021-06-09 15:06:47.248,16990,16993,16993,1
2021-06-09 15:06:47.249,16990,16993,16993,1
2021-06-09 15:06:47.249,16990,16993,16993,1
2021-06-09 15:06:47.250,16990,16993,16994,1
2021-06-09 15:06:47.250,16990,16993,16995,1
2021-06-09 15:06:47.749,16992,16995,16995,1
2021-06-09 15:06:47.894,16993,16996,16996,3
2021-06-09 15:06:47.894,16993,16996,16997,2
2021-06-09 15:06:48.266,16994,16997,16994,2
2021-06-09 15:06:48.267,16994,16997,16994,3
2021-06-09 15:06:48.886,16992,16996,16996,1
2021-06-09 15:06:49.373,16993,16996,16996,2
2021-06-09 15:06:49.373,16993,16996,16997,2
2021-06-09 15:06:49.521,16994,16997,16994,1
2021-06-09 15:06:49.689,16992,16995,16992,1
2021-06-09 15:06:49.774,16991,16994,16994,1
2021-06-09 15:06:49.774,16991,16994,16995,1
2021-06-09 15:06:49.887,16991,16995,16992,5
2021-06-09 15:06:49.887,16991,16995,16991,4
2021-06-09 15:06:49.887,16991,16995,16990,6
2021-06-09 15:06:49.889,16991,16995,16990,10
2021-06-09 15:06:50.152,16989,16992,16989,1
2021-06-09 15:06:50.569,16988,16990,16990,1
2021-06-09 15:06:51.652,16987,16990,16990,1
2021-06-09 15:06:51.883,16987,16990,16990,1
2021-06-09 15:06:52.139,16987,16990,16990,1
2021-06-09 15:06:52.521,16987,16990,16988,1
2021-06-09 15:06:52.662,16988,16991,16987,1
2021-06-09 15:06:52.882,16986,16988,16988,1
2021-06-09 15:06:52.882,16986,16988,16989,4
2021-06-09 15:06:52.957,16986,16988,16991,1
2021-06-09 15:06:53.085,16988,16991,16991,3
2021-06-09 15:06:53.085,16988,16991,16992,2
2021-06-09 15:06:53.489,16990,16993,16990,1
2021-06-09 15:06:53.664,16990,16993,16990,1
2021-06-09 15:06:54.550,16988,16991,16991,1
2021-06-09 15:06:54.939,16988,16991,16991,1
2021-06-09 15:06:55.465,16988,16991,16990,1
2021-06-09 15:06:55.746,16989,16990,16989,1
2021-06-09 15:06:55.901,16988,16990,16990,3
2021-06-09 15:06:55.903,16988,16990,16990,10
2021-06-09 15:06:56.246,16990,16991,16990,2
2021-06-09 15:06:56.296,16990,16991,16991,1
2021-06-09 15:06:57.405,16990,16991,16991,1
2021-06-09 15:06:57.499,16990,16991,16991,1
2021-06-09 15:06:57.746,16991,16992,16991,2
2021-06-09 15:06:58.127,16991,16992,16992,1
2021-06-09 15:06:58.127,16991,16992,16993,4
2021-06-09 15:06:58.346,16991,16994,16991,1
2021-06-09 15:06:58.493,16991,16994,16991,1
2021-06-09 15:06:58.606,16991,16994,16994,3
2021-06-09 15:06:58.987,16991,16994,16991,1
2021-06-09 15:06:59.297,16991,16992,16992,1
2021-06-09 15:06:59.710,16991,16992,16991,1
2021-06-09 15:07:00.194,16991,16992,16991,1
2021-06-09 15:07:00.194,16991,16992,16991,1
2021-06-09 15:07:00.194,16991,16992,16991,1
2021-06-09 15:07:00.250,16990,16992,16992,1
2021-06-09 15:07:00.250,16990,16992,16992,2
2021-06-09 15:07:00.251,16990,16992,16992,1
2021-06-09 15:07:00.251,16990,16992,16993,1
2021-06-09 15:07:00.251,16990,16992,16993,2
2021-06-09 15:07:00.253,16990,16992,16993,1
2021-06-09 15:07:00.390,16993,16994,16993,4
2021-06-09 15:07:00.485,16993,16994,16994,1
2021-06-09 15:07:00.561,16992,16995,16992,1
2021-06-09 15:07:00.594,16992,16995,16995,2
2021-06-09 15:07:00.627,16992,16994,16994,1
2021-06-09 15:07:01.024,16993,16994,16994,1
2021-06-09 15:07:01.024,16993,16994,16994,1
2021-06-09 15:07:01.123,16993,16995,16995,1
2021-06-09 15:07:01.123,16993,16995,16995,1
2021-06-09 15:07:01.124,16993,16995,16995,1
2021-06-09 15:07:01.124,16993,16995,16996,1
2021-06-09 15:07:01.124,16993,16995,16996,1
2021-06-09 15:07:01.124,16993,16995,16996,2
2021-06-09 15:07:01.124,16993,16995,16996,1
2021-06-09 15:07:01.124,16993,16995,16996,1
2021-06-09 15:07:01.172,16993,16995,16994,1
2021-06-09 15:07:01.550,16993,16996,16994,1
2021-06-09 15:07:01.765,16993,16996,16996,1
2021-06-09 15:07:01.767,16993,16996,16996,1
2021-06-09 15:07:01.940,16994,16996,16994,1
2021-06-09 15:07:02.470,16993,16996,16994,1
2021-06-09 15:07:03.041,16994,16996,16994,1
2021-06-09 15:07:03.075,16994,16996,16994,2
2021-06-09 15:07:03.657,16994,16996,16994,1
2021-06-09 15:07:03.883,16994,16996,16996,5
2021-06-09 15:07:04.133,16994,16996,16994,2
2021-06-09 15:07:04.521,16993,16996,16996,2
2021-06-09 15:07:04.687,16994,16996,16994,1
2021-06-09 15:07:05.183,16993,16995,16994,1
2021-06-09 15:07:05.198,16993,16995,16994,1
2021-06-09 15:07:06.263,16994,16995,16994,1
2021-06-09 15:07:06.484,16994,16995,16994,1
2021-06-09 15:07:06.967,16994,16995,16995,1
2021-06-09 15:07:07.748,16994,16995,16994,1
2021-06-09 15:07:07.873,16993,16995,16995,3
2021-06-09 15:07:07.873,16993,16995,16995,1
2021-06-09 15:07:07.874,16993,16995,16995,1
2021-06-09 15:07:07.874,16993,16995,16995,1
2021-06-09 15:07:07.874,16993,16995,16995,1
2021-06-09 15:07:07.874,16993,16995,16995,1
2021-06-09 15:07:07.874,16993,16995,16995,1
2021-06-09 15:07:07.874,16993,16995,16995,1
2021-06-09 15:07:07.874,16993,16995,16995,1
2021-06-09 15:07:07.874,16993,16995,16995,1
2021-06-09 15:07:07.875,16993,16995,16995,4
2021-06-09 15:07:07.875,16993,16995,16995,1
2021-06-09 15:07:07.875,16993,16995,16995,1
2021-06-09 15:07:07.876,16993,16995,16995,1
2021-06-09 15:07:07.877,16993,16995,16995,1
2021-06-09 15:07:07.996,16994,16995,16995,3
2021-06-09 15:07:07.997,16994,16995,16995,1
2021-06-09 15:07:08.493,16994,16996,16996,2
2021-06-09 15:07:09.632,16994,16996,16995,1
2021-06-09 15:07:09.727,16994,16996,16996,2
2021-06-09 15:07:09.913,16994,16996,16994,1
2021-06-09 15:07:10.568,16994,16996,16994,1
2021-06-09 15:07:10.914,16993,16995,16995,1
2021-06-09 15:07:11.236,16993,16995,16995,1
2021-06-09 15:07:11.788,16993,16995,16993,8
2021-06-09 15:07:11.988,16991,16993,16993,1
2021-06-09 15:07:12.129,16991,16993,16993,1
2021-06-09 15:07:12.258,16992,16993,16993,1
2021-06-09 15:07:12.258,16992,16993,16994,1
2021-06-09 15:07:12.306,16992,16993,16994,1
2021-06-09 15:07:12.685,16992,16993,16993,1
2021-06-09 15:07:12.935,16992,16994,16994,1
2021-06-09 15:07:12.935,16992,16994,16995,4
2021-06-09 15:07:13.211,16992,16995,16995,1
2021-06-09 15:07:13.341,16992,16995,16993,1
2021-06-09 15:07:13.496,16992,16993,16993,1
2021-06-09 15:07:13.697,16992,16994,16994,1
2021-06-09 15:07:13.758,16992,16995,16994,1
2021-06-09 15:07:14.310,16992,16994,16993,1
2021-06-09 15:07:15.872,16994,16995,16994,1
2021-06-09 15:07:16.464,16993,16995,16993,1
2021-06-09 15:07:17.104,16993,16995,16993,5
2021-06-09 15:07:17.123,16992,16994,16994,3
2021-06-09 15:07:17.124,16992,16994,16994,1
2021-06-09 15:07:17.124,16992,16994,16994,1
2021-06-09 15:07:17.124,16992,16994,16994,1
2021-06-09 15:07:17.124,16992,16994,16994,1
2021-06-09 15:07:17.124,16992,16994,16995,2
2021-06-09 15:07:17.124,16992,16994,16995,2
2021-06-09 15:07:17.124,16992,16994,16995,1
2021-06-09 15:07:17.124,16992,16994,16995,1
2021-06-09 15:07:17.124,16992,16994,16995,1
2021-06-09 15:07:17.124,16992,16994,16995,1
2021-06-09 15:07:17.124,16992,16994,16995,1
2021-06-09 15:07:17.124,16992,16994,16995,1
2021-06-09 15:07:17.125,16992,16994,16996,1
2021-06-09 15:07:17.125,16992,16994,16996,1
2021-06-09 15:07:17.125,16992,16994,16996,1
2021-06-09 15:07:17.125,16992,16994,16996,1
2021-06-09 15:07:17.125,16992,16994,16996,2
2021-06-09 15:07:17.125,16992,16994,16996,1
2021-06-09 15:07:17.125,16992,16994,16996,1
2021-06-09 15:07:17.125,16992,16994,16996,1
2021-06-09 15:07:17.126,16992,16994,16996,1
2021-06-09 15:07:17.126,16992,16994,16996,1
2021-06-09 15:07:17.126,16992,16994,16996,1
2021-06-09 15:07:17.126,16992,16994,16997,1
2021-06-09 15:07:17.126,16992,16994,16997,1
2021-06-09 15:07:17.127,16992,16994,16997,1
2021-06-09 15:07:17.127,16992,16994,16997,1
2021-06-09 15:07:17.223,16992,16994,16995,1
2021-06-09 15:07:17.535,16994,16996,16994,1
2021-06-09 15:07:17.906,16993,16996,16993,1
2021-06-09 15:07:18.623,16993,16994,16993,2
2021-06-09 15:07:19.024,16992,16994,16994,2
2021-06-09 15:07:19.943,16992,16994,16993,1
2021-06-09 15:07:20.129,16992,16994,16992,1
2021-06-09 15:07:20.410,16992,16994,16994,2
2021-06-09 15:07:20.410,16992,16994,16995,3
2021-06-09 15:07:20.752,16993,16996,16993,1
2021-06-09 15:07:21.907,16992,16994,16992,2
2021-06-09 15:07:23.175,16992,16993,16992,2
2021-06-09 15:07:24.772,16992,16993,16992,1
2021-06-09 15:07:25.246,16991,16993,16991,5
2021-06-09 15:07:25.348,16991,16993,16992,1
2021-06-09 15:07:25.703,16990,16993,16993,1
2021-06-09 15:07:26.338,16990,16993,16990,1
2021-06-09 15:07:26.411,16990,16993,16990,1
2021-06-09 15:07:27.015,16990,16992,16992,2
2021-06-09 15:07:27.015,16990,16992,16993,7
2021-06-09 15:07:27.015,16990,16992,16994,7
2021-06-09 15:07:27.015,16990,16992,16995,4
2021-06-09 15:07:27.123,16992,16994,16994,2
2021-06-09 15:07:27.123,16992,16994,16994,1
2021-06-09 15:07:27.123,16992,16994,16995,1
2021-06-09 15:07:27.123,16992,16994,16995,1
2021-06-09 15:07:27.123,16992,16994,16995,1
2021-06-09 15:07:27.123,16992,16994,16995,2
2021-06-09 15:07:27.123,16992,16994,16995,1
2021-06-09 15:07:27.124,16992,16994,16995,1
2021-06-09 15:07:27.125,16992,16994,16995,1
2021-06-09 15:07:27.125,16992,16994,16996,1
2021-06-09 15:07:27.125,16992,16994,16996,1
2021-06-09 15:07:27.125,16992,16994,16996,1
2021-06-09 15:07:27.126,16992,16994,16996,1
2021-06-09 15:07:27.126,16992,16994,16994,2
2021-06-09 15:07:27.127,16992,16994,16996,1
2021-06-09 15:07:27.127,16992,16994,16996,1
2021-06-09 15:07:27.127,16992,16994,16996,1
2021-06-09 15:07:27.128,16992,16994,16996,1
2021-06-09 15:07:27.271,16994,16997,16997,2
2021-06-09 15:07:27.313,16994,16997,16995,1
2021-06-09 15:07:28.621,16993,16994,16993,1
2021-06-09 15:07:28.750,16992,16994,16994,1
2021-06-09 15:07:28.750,16992,16994,16995,4
2021-06-09 15:07:28.750,16992,16994,16996,3
2021-06-09 15:07:29.085,16993,16996,16996,2
2021-06-09 15:07:29.085,16993,16996,16997,3
2021-06-09 15:07:29.113,16993,16996,16997,1
2021-06-09 15:07:29.322,16994,16997,16994,1
2021-06-09 15:07:30.338,16994,16996,16994,1
2021-06-09 15:07:30.370,16994,16996,16996,6
2021-06-09 15:07:30.371,16994,16996,16996,4
2021-06-09 15:07:32.349,16996,16998,16996,1
2021-06-09 15:07:32.525,16995,16997,16995,1
2021-06-09 15:07:32.862,16994,16996,16995,2
2021-06-09 15:07:33.323,16994,16996,16994,1
2021-06-09 15:07:33.323,16994,16996,16993,4
2021-06-09 15:07:35.853,16993,16995,16995,1
2021-06-09 15:07:35.872,16994,16995,16994,2
2021-06-09 15:07:36.283,16993,16995,16993,1
2021-06-09 15:07:36.723,16992,16994,16994,1
2021-06-09 15:07:38.695,16992,16994,16993,1
2021-06-09 15:07:38.748,16992,16994,16994,1
2021-06-09 15:07:38.748,16992,16994,16995,1
2021-06-09 15:07:38.749,16992,16994,16995,1
2021-06-09 15:07:38.749,16992,16994,16995,1
2021-06-09 15:07:38.749,16992,16994,16995,1
2021-06-09 15:07:38.749,16992,16994,16995,1
2021-06-09 15:07:39.259,16993,16996,16996,2
2021-06-09 15:07:39.586,16993,16996,16995,1
2021-06-09 15:07:40.528,16994,16996,16996,1
2021-06-09 15:07:41.642,16994,16995,16995,1
2021-06-09 15:07:41.642,16994,16995,16996,9
2021-06-09 15:07:41.704,16994,16995,16994,2
2021-06-09 15:07:41.821,16993,16996,16993,6
2021-06-09 15:07:41.821,16993,16996,16992,2
2021-06-09 15:07:43.332,16992,16995,16995,1
2021-06-09 15:07:44.514,16992,16995,16995,1
2021-06-09 15:07:44.535,16992,16995,16994,1
2021-06-09 15:07:48.685,16993,16994,16994,1
2021-06-09 15:07:48.685,16993,16994,16996,1
2021-06-09 15:07:49.668,16993,16996,16996,1
2021-06-09 15:07:50.713,16994,16995,16994,1
2021-06-09 15:07:51.466,16994,16995,16994,2
2021-06-09 15:07:53.366,16993,16995,16993,1
2021-06-09 15:07:53.368,16993,16995,16993,1
2021-06-09 15:07:53.843,16992,16994,16992,1
2021-06-09 15:07:53.843,16992,16994,16992,2
2021-06-09 15:07:53.862,16992,16994,16993,2
2021-06-09 15:07:54.651,16991,16993,16993,1
2021-06-09 15:07:54.747,16993,16994,16993,1
2021-06-09 15:07:56.468,16992,16993,16992,2
2021-06-09 15:07:56.905,16991,16993,16991,5
2021-06-09 15:07:58.612,16990,16991,16991,1
2021-06-09 15:07:58.612,16990,16991,16992,1
2021-06-09 15:07:58.790,16990,16992,16990,3
2021-06-09 15:07:58.982,16990,16992,16990,4
2021-06-09 15:07:58.997,16989,16990,16989,2
2021-06-09 15:07:59.928,16988,16990,16990,1
2021-06-09 15:08:00.301,16989,16990,16990,2
2021-06-09 15:08:00.301,16989,16990,16991,4
2021-06-09 15:08:00.965,16989,16992,16989,2
2021-06-09 15:08:01.264,16988,16991,16988,1
2021-06-09 15:08:01.373,16988,16990,16990,1
2021-06-09 15:08:02.027,16988,16991,16988,18
2021-06-09 15:08:02.027,16988,16991,16987,7
2021-06-09 15:08:02.027,16988,16991,16986,5
2021-06-09 15:08:02.032,16988,16991,16986,4
2021-06-09 15:08:02.126,16985,16987,16985,1
2021-06-09 15:08:02.335,16985,16987,16985,4
2021-06-09 15:08:02.335,16985,16987,16984,1
2021-06-09 15:08:02.500,16984,16986,16986,1
2021-06-09 15:08:02.929,16985,16987,16987,1
2021-06-09 15:08:04.347,16986,16987,16987,1
2021-06-09 15:08:04.599,16986,16988,16986,3
2021-06-09 15:08:05.208,16986,16987,16987,1
2021-06-09 15:08:06.558,16987,16988,16987,1
2021-06-09 15:08:06.558,16987,16988,16986,1
2021-06-09 15:08:07.475,16986,16988,16987,1
2021-06-09 15:08:07.498,16986,16988,16988,1
2021-06-09 15:08:07.876,16986,16988,16987,1
2021-06-09 15:08:07.876,16986,16988,16988,1
2021-06-09 15:08:08.732,16986,16988,16988,1
2021-06-09 15:08:11.116,16986,16987,16987,1
2021-06-09 15:08:12.074,16986,16987,16987,1
2021-06-09 15:08:13.241,16986,16988,16988,1
2021-06-09 15:08:14.993,16986,16988,16986,2
2021-06-09 15:08:14.997,16985,16986,16985,3
2021-06-09 15:08:15.343,16984,16986,16984,4
2021-06-09 15:08:15.896,16982,16985,16985,3
2021-06-09 15:08:15.951,16982,16985,16983,1
2021-06-09 15:08:16.363,16982,16985,16982,1
2021-06-09 15:08:17.119,16983,16985,16983,1
2021-06-09 15:08:18.338,16983,16985,16985,1
2021-06-09 15:08:19.518,16985,16986,16985,1
2021-06-09 15:08:20.035,16985,16986,16985,1
2021-06-09 15:08:20.258,16984,16986,16984,1
2021-06-09 15:08:21.043,16983,16985,16985,2
2021-06-09 15:08:22.719,16983,16984,16983,1
2021-06-09 15:08:23.383,16983,16984,16984,2
2021-06-09 15:08:24.155,16983,16985,16985,1
2021-06-09 15:08:25.133,16984,16985,16985,1
2021-06-09 15:08:25.466,16984,16985,16985,1
2021-06-09 15:08:26.768,16984,16986,16984,1
2021-06-09 15:08:27.939,16983,16985,16985,2
2021-06-09 15:08:27.954,16983,16985,16983,1
2021-06-09 15:08:30.222,16984,16985,16985,1
2021-06-09 15:08:30.963,16984,16985,16984,1
2021-06-09 15:08:30.983,16984,16985,16985,1
2021-06-09 15:08:30.984,16984,16985,16985,1
2021-06-09 15:08:30.984,16984,16985,16985,1
2021-06-09 15:08:30.997,16985,16986,16985,2
2021-06-09 15:08:31.391,16985,16986,16986,1
2021-06-09 15:08:31.505,16985,16986,16986,2
2021-06-09 15:08:31.699,16985,16986,16986,1
2021-06-09 15:08:31.709,16985,16986,16986,1
2021-06-09 15:08:32.876,16985,16986,16985,1
2021-06-09 15:08:33.635,16985,16986,16986,2
2021-06-09 15:08:34.380,16985,16986,16985,1
2021-06-09 15:08:35.748,16985,16986,16986,1
2021-06-09 15:08:36.126,16985,16986,16985,4
2021-06-09 15:08:36.126,16985,16986,16985,2
2021-06-09 15:08:36.191,16985,16986,16985,1
2021-06-09 15:08:36.191,16985,16986,16985,1
2021-06-09 15:08:36.191,16985,16986,16985,2
2021-06-09 15:08:36.247,16985,16986,16985,2
2021-06-09 15:08:37.740,16985,16986,16986,1
2021-06-09 15:08:38.496,16985,16986,16985,2
2021-06-09 15:08:38.766,16985,16986,16985,1
2021-06-09 15:08:39.733,16984,16985,16985,1
2021-06-09 15:08:40.093,16985,16986,16985,2
2021-06-09 15:08:40.249,16985,16986,16985,4
2021-06-09 15:08:40.756,16984,16986,16984,1
2021-06-09 15:08:40.756,16984,16986,16984,1
2021-06-09 15:08:40.757,16984,16986,16984,1
2021-06-09 15:08:40.757,16984,16986,16984,1
2021-06-09 15:08:40.757,16984,16986,16984,1
2021-06-09 15:08:40.757,16984,16986,16984,1
2021-06-09 15:08:40.757,16984,16986,16984,1
2021-06-09 15:08:40.757,16984,16986,16984,1
2021-06-09 15:08:40.757,16984,16986,16984,42
2021-06-09 15:08:40.757,16984,16986,16984,1
2021-06-09 15:08:40.758,16984,16986,16984,2
2021-06-09 15:08:40.758,16984,16986,16984,10
2021-06-09 15:08:40.758,16984,16986,16984,1
2021-06-09 15:08:40.758,16984,16986,16984,1
2021-06-09 15:08:40.758,16984,16986,16984,1
2021-06-09 15:08:40.758,16984,16986,16984,1
2021-06-09 15:08:40.760,16984,16986,16984,16
2021-06-09 15:08:40.872,16983,16984,16983,2
2021-06-09 15:08:42.681,16983,16984,16984,1
2021-06-09 15:08:44.101,16983,16985,16983,1
2021-06-09 15:08:46.369,16984,16985,16984,1
2021-06-09 15:08:47.310,16983,16984,16984,1
2021-06-09 15:08:47.310,16983,16984,16985,4
2021-06-09 15:08:52.211,16984,16985,16985,1
2021-06-09 15:08:52.441,16984,16986,16985,1
2021-06-09 15:08:52.972,16984,16986,16985,1
2021-06-09 15:08:52.972,16984,16986,16985,1
2021-06-09 15:08:54.231,16984,16986,16984,1
2021-06-09 15:08:54.747,16984,16985,16985,1
2021-06-09 15:08:59.700,16984,16985,16985,1
2021-06-09 15:09:00.105,16984,16986,16984,1
2021-06-09 15:09:00.379,16984,16985,16985,3
2021-06-09 15:09:00.382,16984,16985,16986,1
2021-06-09 15:09:00.395,16984,16985,16986,1
2021-06-09 15:09:00.405,16984,16985,16986,3
2021-06-09 15:09:00.586,16984,16986,16986,3
2021-06-09 15:09:00.794,16984,16985,16985,1
2021-06-09 15:09:01.880,16984,16985,16985,1
2021-06-09 15:09:02.657,16984,16986,16986,1
2021-06-09 15:09:02.872,16984,16985,16985,1
2021-06-09 15:09:04.288,16984,16986,16986,7
2021-06-09 15:09:04.442,16986,16987,16987,5
2021-06-09 15:09:04.442,16986,16987,16987,9
2021-06-09 15:09:04.443,16986,16987,16988,12
2021-06-09 15:09:04.444,16986,16987,16989,8
2021-06-09 15:09:04.573,16989,16990,16989,2
2021-06-09 15:09:06.808,16988,16990,16988,1
2021-06-09 15:09:08.287,16989,16990,16989,1
2021-06-09 15:09:08.558,16988,16990,16990,2
2021-06-09 15:09:10.230,16988,16990,16990,6
2021-06-09 15:09:10.230,16988,16990,16990,15
2021-06-09 15:09:10.232,16988,16990,16991,1
2021-06-09 15:09:10.232,16988,16990,16991,1
2021-06-09 15:09:10.462,16991,16992,16991,1
2021-06-09 15:09:10.735,16990,16992,16990,1
2021-06-09 15:09:11.621,16991,16992,16991,1
2021-06-09 15:09:15.283,16989,16991,16991,1
2021-06-09 15:09:15.430,16989,16991,16989,1
2021-06-09 15:09:16.550,16989,16991,16990,1
2021-06-09 15:09:16.714,16989,16991,16990,1
2021-06-09 15:09:17.099,16989,16991,16991,2
2021-06-09 15:09:19.530,16989,16990,16990,1
2021-06-09 15:09:20.569,16989,16991,16991,1
2021-06-09 15:09:21.190,16989,16991,16991,1
2021-06-09 15:09:21.619,16989,16991,16989,1
2021-06-09 15:09:21.746,16990,16991,16990,1
2021-06-09 15:09:25.377,16990,16991,16990,1
2021-06-09 15:09:25.540,16990,16991,16991,4
2021-06-09 15:09:25.540,16990,16991,16991,3
2021-06-09 15:09:25.540,16990,16991,16991,1
2021-06-09 15:09:25.540,16990,16991,16991,1
2021-06-09 15:09:25.540,16990,16991,16991,1
2021-06-09 15:09:25.540,16990,16991,16991,1
2021-06-09 15:09:25.541,16990,16991,16991,1
2021-06-09 15:09:25.541,16990,16991,16991,1
2021-06-09 15:09:25.541,16990,16991,16991,1
2021-06-09 15:09:25.541,16990,16991,16991,1
2021-06-09 15:09:25.541,16990,16991,16991,1
2021-06-09 15:09:25.541,16990,16991,16991,1
2021-06-09 15:09:25.607,16990,16991,16990,1
2021-06-09 15:09:26.278,16990,16992,16990,1
2021-06-09 15:09:28.246,16990,16991,16991,2
2021-06-09 15:09:29.122,16991,16992,16992,2
2021-06-09 15:09:30.183,16992,16993,16992,1
2021-06-09 15:09:30.193,16992,16993,16991,1
2021-06-09 15:09:30.643,16991,16993,16991,1
2021-06-09 15:09:30.662,16991,16993,16991,1
2021-06-09 15:09:30.662,16991,16993,16990,1
2021-06-09 15:09:30.747,16990,16991,16991,1
2021-06-09 15:09:31.357,16990,16992,16992,1
2021-06-09 15:09:31.392,16990,16992,16990,1
2021-06-09 15:09:32.621,16990,16991,16991,1
2021-06-09 15:09:33.180,16990,16992,16990,1
2021-06-09 15:09:33.622,16991,16992,16991,1
2021-06-09 15:09:33.804,16990,16991,16991,1
2021-06-09 15:09:33.936,16990,16992,16992,5
2021-06-09 15:09:34.246,16991,16992,16992,1
2021-06-09 15:09:34.247,16991,16992,16992,1
2021-06-09 15:09:34.475,16991,16993,16993,1
2021-06-09 15:09:35.205,16991,16993,16991,1
2021-06-09 15:09:35.537,16991,16992,16991,1
2021-06-09 15:09:39.579,16990,16991,16991,1
2021-06-09 15:09:39.622,16990,16992,16992,1
2021-06-09 15:09:41.765,16990,16992,16991,1
2021-06-09 15:09:42.281,16990,16992,16990,1
2021-06-09 15:09:42.294,16990,16992,16992,6
2021-06-09 15:09:42.294,16990,16992,16993,14
2021-06-09 15:09:42.364,16990,16992,16992,3
2021-06-09 15:09:43.302,16991,16993,16992,1
2021-06-09 15:09:45.212,16991,16993,16991,1
2021-06-09 15:09:45.366,16991,16993,16991,2
2021-06-09 15:09:46.096,16991,16993,16991,1
2021-06-09 15:09:46.432,16992,16993,16993,1
2021-06-09 15:09:47.012,16992,16993,16993,1
2021-06-09 15:09:48.322,16992,16993,16993,1
2021-06-09 15:09:49.215,16992,16993,16993,1
2021-06-09 15:09:49.657,16992,16993,16993,1
2021-06-09 15:09:49.796,16992,16993,16993,1
2021-06-09 15:09:50.276,16992,16993,16993,1
2021-06-09 15:09:50.276,16992,16993,16994,1
2021-06-09 15:09:53.926,16992,16993,16992,3
2021-06-09 15:09:54.069,16992,16993,16993,1
2021-06-09 15:09:54.412,16992,16993,16993,1
2021-06-09 15:09:55.219,16992,16993,16993,1
2021-06-09 15:09:56.470,16992,16993,16992,2
2021-06-09 15:10:00.242,16991,16992,16991,2
2021-06-09 15:10:00.611,16990,16992,16992,1
2021-06-09 15:10:00.661,16990,16992,16992,1
2021-06-09 15:10:01.219,16990,16991,16990,1
2021-06-09 15:10:01.912,16990,16991,16990,1
2021-06-09 15:10:03.456,16990,16991,16991,1
2021-06-09 15:10:03.457,16990,16991,16991,1
2021-06-09 15:10:06.472,16990,16992,16990,1
2021-06-09 15:10:09.332,16990,16991,16990,2
2021-06-09 15:10:11.128,16989,16990,16989,1
2021-06-09 15:10:11.816,16989,16990,16990,1
2021-06-09 15:10:14.335,16989,16990,16989,9
2021-06-09 15:10:17.360,16988,16989,16988,23
2021-06-09 15:10:17.361,16988,16989,16987,2
2021-06-09 15:10:18.525,16987,16988,16987,1
2021-06-09 15:10:18.525,16987,16988,16987,1
2021-06-09 15:10:18.526,16987,16988,16987,1
2021-06-09 15:10:18.526,16987,16988,16987,2
2021-06-09 15:10:19.282,16986,16988,16986,2
2021-06-09 15:10:21.828,16985,16986,16985,6
2021-06-09 15:10:21.828,16985,16986,16985,3
2021-06-09 15:10:21.828,16985,16986,16985,1
2021-06-09 15:10:21.829,16985,16986,16984,1
2021-06-09 15:10:21.917,16984,16985,16984,1
2021-06-09 15:10:21.917,16984,16985,16984,1
2021-06-09 15:10:22.126,16983,16984,16983,1
2021-06-09 15:10:23.202,16982,16984,16984,1
2021-06-09 15:10:23.532,16982,16984,16984,1
2021-06-09 15:10:24.091,16983,16985,16985,1
2021-06-09 15:10:26.961,16983,16985,16984,1
2021-06-09 15:10:27.082,16984,16985,16985,2
2021-06-09 15:10:27.083,16984,16985,16985,2
2021-06-09 15:10:27.083,16984,16985,16985,1
2021-06-09 15:10:27.169,16984,16987,16984,1
2021-06-09 15:10:29.373,16984,16986,16984,3
2021-06-09 15:10:29.969,16983,16985,16985,1
2021-06-09 15:10:30.204,16984,16986,16984,1
2021-06-09 15:10:30.252,16984,16986,16984,1
2021-06-09 15:10:31.432,16984,16986,16984,1
2021-06-09 15:10:32.830,16984,16986,16986,1
2021-06-09 15:10:33.739,16984,16987,16984,10
2021-06-09 15:10:33.886,16983,16986,16983,2
2021-06-09 15:10:35.886,16984,16985,16984,1
2021-06-09 15:10:36.857,16984,16985,16984,1
2021-06-09 15:10:37.127,16984,16985,16984,1
2021-06-09 15:10:39.294,16984,16985,16984,1
2021-06-09 15:10:39.789,16984,16985,16984,1
2021-06-09 15:10:40.128,16984,16985,16985,1
2021-06-09 15:10:41.459,16984,16987,16985,1
2021-06-09 15:10:41.514,16985,16987,16985,2
2021-06-09 15:10:43.879,16984,16985,16985,1
2021-06-09 15:10:46.496,16985,16986,16985,1
2021-06-09 15:10:49.405,16985,16986,16985,1
2021-06-09 15:10:52.126,16984,16985,16984,1
2021-06-09 15:10:52.246,16984,16985,16984,1
2021-06-09 15:10:56.401,16983,16984,16984,1
2021-06-09 15:10:56.413,16983,16984,16984,1
2021-06-09 15:10:56.541,16983,16984,16984,1
2021-06-09 15:10:58.459,16983,16984,16983,2
2021-06-09 15:10:59.432,16983,16984,16983,2
2021-06-09 15:10:59.764,16983,16984,16984,1
2021-06-09 15:11:01.167,16983,16984,16983,1
2021-06-09 15:11:01.167,16983,16984,16983,2
2021-06-09 15:11:01.167,16983,16984,16983,2
2021-06-09 15:11:01.986,16982,16983,16982,1
2021-06-09 15:11:01.996,16982,16983,16982,5
2021-06-09 15:11:05.154,16981,16982,16981,1
2021-06-09 15:11:05.162,16981,16982,16982,1
2021-06-09 15:11:06.604,16981,16982,16981,1
2021-06-09 15:11:08.009,16981,16982,16981,1
2021-06-09 15:11:08.075,16981,16982,16982,1
2021-06-09 15:11:09.647,16981,16982,16981,1
2021-06-09 15:11:11.366,16981,16982,16981,1
2021-06-09 15:11:12.012,16981,16982,16981,1
2021-06-09 15:11:12.445,16980,16982,16982,1
2021-06-09 15:11:12.594,16980,16981,16981,1
2021-06-09 15:11:13.051,16980,16981,16981,1
2021-06-09 15:11:13.413,16980,16981,16981,1
2021-06-09 15:11:14.568,16980,16982,16980,1
2021-06-09 15:11:14.644,16980,16982,16980,1
2021-06-09 15:11:19.178,16980,16981,16980,1
2021-06-09 15:11:19.350,16980,16981,16980,1
2021-06-09 15:11:19.603,16980,16981,16980,1
2021-06-09 15:11:20.249,16980,16981,16980,2
2021-06-09 15:11:21.424,16980,16981,16981,4
2021-06-09 15:11:21.424,16980,16981,16982,8
2021-06-09 15:11:21.424,16980,16981,16983,8
2021-06-09 15:11:23.990,16982,16983,16983,1
2021-06-09 15:11:24.320,16982,16983,16983,1
2021-06-09 15:11:27.638,16981,16983,16983,1
2021-06-09 15:11:28.321,16981,16983,16981,1
2021-06-09 15:11:30.233,16980,16982,16981,1
2021-06-09 15:11:33.069,16980,16982,16982,1
2021-06-09 15:11:35.641,16980,16981,16981,1
2021-06-09 15:11:36.121,16980,16981,16980,6
2021-06-09 15:11:36.508,16979,16980,16980,1
2021-06-09 15:11:39.362,16980,16981,16980,1
2021-06-09 15:11:40.078,16979,16980,16979,1
2021-06-09 15:11:40.127,16979,16980,16979,1
2021-06-09 15:11:42.275,16979,16980,16979,3
2021-06-09 15:11:44.491,16978,16979,16979,1
2021-06-09 15:11:47.791,16978,16979,16979,2
2021-06-09 15:11:47.963,16978,16979,16979,3
2021-06-09 15:11:48.362,16979,16980,16979,2
2021-06-09 15:11:48.362,16979,16980,16978,1
2021-06-09 15:11:49.269,16978,16979,16979,1
2021-06-09 15:11:50.994,16979,16980,16980,1
2021-06-09 15:11:51.637,16980,16981,16981,1
2021-06-09 15:11:51.637,16980,16981,16981,3
2021-06-09 15:11:51.637,16980,16981,16981,2
2021-06-09 15:11:52.593,16981,16982,16981,2
2021-06-09 15:11:56.923,16980,16981,16981,1
2021-06-09 15:11:58.936,16981,16982,16981,1
2021-06-09 15:11:59.125,16981,16982,16981,1
2021-06-09 15:11:59.197,16981,16982,16981,1
2021-06-09 15:12:01.812,16980,16981,16980,1
2021-06-09 15:12:02.204,16980,16981,16980,4
2021-06-09 15:12:02.672,16980,16981,16980,1
2021-06-09 15:12:03.273,16979,16980,16980,1
2021-06-09 15:12:05.739,16979,16980,16980,1
2021-06-09 15:12:05.740,16979,16980,16980,1
2021-06-09 15:12:07.582,16979,16980,16981,1
2021-06-09 15:12:09.907,16980,16981,16980,1
2021-06-09 15:12:09.998,16980,16981,16981,1
2021-06-09 15:12:10.193,16980,16981,16981,1
2021-06-09 15:12:11.010,16980,16981,16980,1
2021-06-09 15:12:11.960,16980,16981,16980,1
2021-06-09 15:12:13.249,16979,16980,16980,3
2021-06-09 15:12:13.249,16979,16980,16980,2
2021-06-09 15:12:13.249,16979,16980,16980,1
2021-06-09 15:12:13.249,16979,16980,16980,3
2021-06-09 15:12:16.116,16980,16981,16981,2
2021-06-09 15:12:16.116,16980,16981,16982,3
2021-06-09 15:12:17.397,16980,16982,16982,2
2021-06-09 15:12:17.622,16981,16982,16981,1
2021-06-09 15:12:25.346,16981,16982,16982,1
2021-06-09 15:12:28.027,16981,16982,16981,1
2021-06-09 15:12:29.489,16980,16981,16981,2
2021-06-09 15:12:29.489,16980,16981,16982,7
2021-06-09 15:12:29.490,16980,16981,16982,1
2021-06-09 15:12:29.490,16980,16981,16982,1
2021-06-09 15:12:29.500,16980,16983,16983,1
2021-06-09 15:12:31.874,16980,16981,16981,1
2021-06-09 15:12:33.221,16980,16981,16980,6
2021-06-09 15:12:33.248,16979,16980,16979,2
2021-06-09 15:12:33.248,16979,16980,16979,2
2021-06-09 15:12:33.248,16979,16980,16979,1
2021-06-09 15:12:33.248,16979,16980,16979,6
2021-06-09 15:12:33.583,16978,16979,16978,1
2021-06-09 15:12:34.286,16978,16979,16978,1
2021-06-09 15:12:34.467,16978,16979,16978,2
2021-06-09 15:12:36.818,16978,16979,16978,2
2021-06-09 15:12:37.233,16977,16979,16979,1
2021-06-09 15:12:38.139,16977,16978,16978,1
2021-06-09 15:12:40.101,16978,16979,16978,1
2021-06-09 15:12:46.167,16978,16979,16979,1
2021-06-09 15:12:46.167,16978,16979,16980,4
2021-06-09 15:12:47.192,16978,16980,16978,2
2021-06-09 15:12:47.590,16977,16980,16977,1
2021-06-09 15:12:54.473,16978,16979,16978,1
2021-06-09 15:12:55.857,16978,16979,16978,1
2021-06-09 15:12:57.179,16978,16979,16978,1
2021-06-09 15:12:57.338,16977,16979,16977,1
2021-06-09 15:12:58.204,16977,16979,16979,1
2021-06-09 15:12:58.739,16978,16979,16978,1
2021-06-09 15:13:00.340,16978,16979,16978,1
2021-06-09 15:13:01.201,16977,16979,16977,1
2021-06-09 15:13:03.843,16978,16979,16978,1
2021-06-09 15:13:08.468,16977,16979,16977,5
2021-06-09 15:13:08.576,16977,16979,16977,2
2021-06-09 15:13:08.576,16977,16979,16976,2
2021-06-09 15:13:08.667,16976,16978,16976,1
2021-06-09 15:13:09.871,16976,16977,16977,1
2021-06-09 15:13:10.478,16977,16978,16978,1
2021-06-09 15:13:13.271,16978,16979,16979,1
2021-06-09 15:13:13.360,16978,16979,16978,1
2021-06-09 15:13:15.376,16979,16980,16980,1
2021-06-09 15:13:24.870,16979,16980,16980,3
2021-06-09 15:13:25.104,16979,16980,16980,1
2021-06-09 15:13:28.512,16979,16980,16980,1
2021-06-09 15:13:33.038,16980,16981,16980,2
2021-06-09 15:13:35.621,16980,16981,16980,1
2021-06-09 15:13:42.765,16979,16981,16979,5
2021-06-09 15:13:49.184,16980,16981,16980,1
2021-06-09 15:13:51.270,16978,16980,16978,1
2021-06-09 15:13:51.272,16978,16980,16978,1
2021-06-09 15:13:51.276,16978,16980,16978,1
2021-06-09 15:13:53.210,16978,16980,16980,1
2021-06-09 15:13:54.591,16978,16980,16978,5
2021-06-09 15:13:57.861,16978,16980,16978,1
2021-06-09 15:13:58.300,16978,16980,16980,1
2021-06-09 15:13:59.156,16978,16980,16980,1
2021-06-09 15:14:02.012,16979,16980,16980,1
2021-06-09 15:14:05.590,16979,16980,16980,1
2021-06-09 15:14:05.591,16979,16980,16980,2
2021-06-09 15:14:05.702,16980,16981,16981,5
2021-06-09 15:14:06.018,16980,16982,16980,4
2021-06-09 15:14:06.018,16980,16982,16979,1
2021-06-09 15:14:07.244,16980,16982,16980,1
2021-06-09 15:14:11.271,16980,16982,16982,1
2021-06-09 15:14:11.331,16980,16982,16982,9
2021-06-09 15:14:14.457,16982,16983,16983,2
2021-06-09 15:14:14.529,16982,16983,16983,1
2021-06-09 15:14:16.652,16982,16983,16982,1
2021-06-09 15:14:16.653,16982,16983,16982,2
2021-06-09 15:14:16.689,16982,16983,16982,1
2021-06-09 15:14:16.701,16982,16983,16982,1
2021-06-09 15:14:18.165,16982,16983,16982,1
2021-06-09 15:14:19.170,16981,16983,16981,1
2021-06-09 15:14:20.106,16982,16983,16983,1
2021-06-09 15:14:23.052,16982,16983,16983,1
2021-06-09 15:14:25.207,16982,16983,16982,1
2021-06-09 15:14:25.379,16981,16982,16981,1
2021-06-09 15:14:29.621,16981,16982,16981,1
2021-06-09 15:14:31.875,16980,16981,16981,1
2021-06-09 15:14:35.879,16981,16982,16982,1
2021-06-09 15:14:36.972,16981,16983,16981,2
2021-06-09 15:14:37.518,16982,16983,16982,1
2021-06-09 15:14:37.518,16982,16983,16981,1
2021-06-09 15:14:38.390,16981,16983,16983,1
2021-06-09 15:14:38.514,16982,16983,16982,1
2021-06-09 15:14:39.069,16982,16983,16983,1
2021-06-09 15:14:48.657,16982,16983,16983,2
2021-06-09 15:14:49.061,16982,16983,16983,3
2021-06-09 15:14:52.486,16982,16983,16983,1
2021-06-09 15:14:56.138,16982,16983,16982,1
2021-06-09 15:14:56.254,16982,16983,16982,1
2021-06-09 15:14:56.630,16982,16983,16983,1
2021-06-09 15:14:58.021,16982,16983,16983,2
2021-06-09 15:14:58.675,16982,16984,16982,5
2021-06-09 15:14:58.676,16982,16984,16982,2
2021-06-09 15:15:01.832,16981,16982,16982,3
2021-06-09 15:15:02.415,16982,16983,16983,2
2021-06-09 15:15:02.997,16983,16984,16983,2
2021-06-09 15:15:04.364,16982,16984,16983,1
2021-06-09 15:15:05.266,16983,16984,16983,1
2021-06-09 15:15:09.254,16982,16984,16982,1
2021-06-09 15:15:16.743,16982,16983,16983,1
2021-06-09 15:15:16.748,16982,16983,16983,1
2021-06-09 15:15:16.748,16982,16983,16984,1
2021-06-09 15:15:16.748,16982,16983,16984,1
2021-06-09 15:15:16.748,16982,16983,16984,1
2021-06-09 15:15:16.749,16982,16983,16984,1
2021-06-09 15:15:16.749,16982,16983,16984,1
2021-06-09 15:15:16.749,16982,16983,16984,1
2021-06-09 15:15:16.749,16982,16983,16984,1
2021-06-09 15:15:16.750,16982,16983,16984,1
2021-06-09 15:15:16.750,16982,16983,16984,1
2021-06-09 15:15:16.750,16982,16983,16985,1
2021-06-09 15:15:16.751,16982,16983,16984,1
2021-06-09 15:15:16.900,16982,16984,16984,1
2021-06-09 15:15:16.909,16982,16984,16984,1
2021-06-09 15:15:20.953,16982,16984,16982,1
2021-06-09 15:15:20.998,16982,16984,16984,1
2021-06-09 15:15:24.246,16984,16985,16984,1
2021-06-09 15:15:24.871,16984,16985,16984,1
2021-06-09 15:15:27.032,16984,16985,16984,1
2021-06-09 15:15:28.736,16984,16985,16984,1
2021-06-09 15:15:29.965,16984,16985,16984,1
2021-06-09 15:15:32.328,16984,16985,16985,1
2021-06-09 15:15:32.961,16984,16985,16984,1
2021-06-09 15:15:34.255,16984,16985,16984,2
2021-06-09 15:15:36.547,16983,16985,16985,1
2021-06-09 15:15:37.115,16983,16985,16984,2
2021-06-09 15:15:37.123,16983,16985,16985,1
2021-06-09 15:15:37.123,16983,16985,16985,1
2021-06-09 15:15:37.124,16983,16985,16985,1
2021-06-09 15:15:37.480,16983,16985,16983,1
2021-06-09 15:15:38.207,16983,16985,16985,1
2021-06-09 15:15:39.687,16983,16985,16985,1
2021-06-09 15:15:41.045,16983,16985,16983,1
2021-06-09 15:15:44.571,16983,16984,16984,1
2021-06-09 15:15:47.238,16983,16985,16985,1
2021-06-09 15:15:48.445,16984,16985,16985,2
2021-06-09 15:16:01.657,16984,16985,16984,1
2021-06-09 15:16:01.657,16984,16985,16984,1
2021-06-09 15:16:01.759,16983,16984,16985,1
2021-06-09 15:16:01.760,16983,16984,16985,1
2021-06-09 15:16:02.220,16983,16985,16985,2
2021-06-09 15:16:02.220,16983,16985,16985,1
2021-06-09 15:16:02.248,16984,16986,16986,1
2021-06-09 15:16:02.248,16984,16986,16986,1
2021-06-09 15:16:02.249,16984,16986,16986,1
2021-06-09 15:16:02.543,16984,16986,16984,1
2021-06-09 15:16:04.891,16984,16986,16986,1
2021-06-09 15:16:04.891,16984,16986,16986,1
2021-06-09 15:16:07.240,16985,16987,16985,2
2021-06-09 15:16:09.038,16985,16986,16986,4
2021-06-09 15:16:09.123,16985,16986,16986,1
2021-06-09 15:16:09.123,16985,16986,16986,1
2021-06-09 15:16:09.123,16985,16986,16987,1
2021-06-09 15:16:09.123,16985,16986,16987,1
2021-06-09 15:16:09.123,16985,16986,16987,1
2021-06-09 15:16:09.124,16985,16986,16987,1
2021-06-09 15:16:09.342,16985,16987,16986,1
2021-06-09 15:16:10.544,16985,16986,16986,1
2021-06-09 15:16:10.656,16985,16987,16985,2
2021-06-09 15:16:11.803,16985,16987,16986,1
2021-06-09 15:16:12.825,16986,16987,16987,1
2021-06-09 15:16:13.792,16986,16987,16986,1
2021-06-09 15:16:13.793,16986,16987,16986,1
2021-06-09 15:16:18.864,16985,16986,16985,1
2021-06-09 15:16:20.162,16985,16986,16986,1
2021-06-09 15:16:20.248,16985,16987,16987,1
2021-06-09 15:16:20.249,16985,16987,16987,1
2021-06-09 15:16:20.250,16985,16987,16987,1
2021-06-09 15:16:20.250,16985,16987,16987,3
2021-06-09 15:16:20.250,16985,16987,16988,1
2021-06-09 15:16:20.251,16985,16987,16988,1
2021-06-09 15:16:20.251,16985,16987,16988,1
2021-06-09 15:16:20.251,16985,16987,16988,1
2021-06-09 15:16:20.677,16986,16988,16986,1
2021-06-09 15:16:24.277,16987,16988,16987,1
2021-06-09 15:16:24.277,16987,16988,16986,4
2021-06-09 15:16:24.278,16987,16988,16986,2
2021-06-09 15:16:27.499,16986,16987,16987,2
2021-06-09 15:16:27.547,16986,16987,16987,1
2021-06-09 15:16:27.547,16986,16987,16988,1
2021-06-09 15:16:27.605,16986,16987,16988,2
2021-06-09 15:16:30.256,16986,16988,16988,3
2021-06-09 15:16:30.373,16987,16988,16988,1
2021-06-09 15:16:30.373,16987,16988,16989,1
2021-06-09 15:16:30.374,16987,16988,16989,1
2021-06-09 15:16:31.565,16987,16989,16987,1
2021-06-09 15:16:31.565,16987,16989,16987,4
2021-06-09 15:16:32.686,16986,16988,16986,1
2021-06-09 15:16:36.395,16987,16988,16988,1
2021-06-09 15:16:36.722,16987,16988,16988,2
2021-06-09 15:16:36.952,16987,16988,16988,2
2021-06-09 15:16:37.247,16987,16988,16987,1
2021-06-09 15:16:37.300,16987,16988,16988,2
2021-06-09 15:16:37.373,16987,16988,16988,1
2021-06-09 15:16:37.374,16987,16988,16989,1
2021-06-09 15:16:40.897,16988,16989,16988,1
2021-06-09 15:16:42.321,16988,16989,16989,1
2021-06-09 15:16:42.574,16988,16989,16988,1
2021-06-09 15:16:43.340,16988,16989,16989,2
2021-06-09 15:16:44.476,16988,16989,16989,1
2021-06-09 15:16:45.159,16989,16990,16990,1
2021-06-09 15:16:45.335,16989,16990,16990,2
2021-06-09 15:16:45.364,16989,16990,16990,2
2021-06-09 15:16:46.035,16989,16990,16989,1
2021-06-09 15:16:46.483,16988,16990,16990,1
2021-06-09 15:16:47.377,16988,16989,16989,1
2021-06-09 15:16:50.977,16989,16990,16989,1
2021-06-09 15:16:51.319,16988,16989,16988,1
2021-06-09 15:16:53.071,16987,16988,16987,1
2021-06-09 15:16:53.268,16987,16988,16988,1
2021-06-09 15:16:54.908,16988,16989,16989,1
2021-06-09 15:16:55.200,16988,16989,16989,2
2021-06-09 15:16:57.083,16988,16989,16989,2
2021-06-09 15:16:57.871,16989,16990,16989,1
2021-06-09 15:16:57.871,16989,16990,16989,1
2021-06-09 15:16:58.139,16988,16990,16988,1
2021-06-09 15:16:58.266,16988,16990,16989,1
2021-06-09 15:17:02.765,16988,16989,16988,1
2021-06-09 15:17:02.765,16988,16989,16988,3
2021-06-09 15:17:02.765,16988,16989,16988,1
2021-06-09 15:17:02.765,16988,16989,16988,1
2021-06-09 15:17:02.933,16987,16988,16987,11
2021-06-09 15:17:02.934,16987,16988,16986,1
2021-06-09 15:17:02.936,16987,16988,16987,1
2021-06-09 15:17:02.937,16987,16988,16986,1
2021-06-09 15:17:08.408,16986,16987,16986,1
2021-06-09 15:17:08.408,16986,16987,16985,1
2021-06-09 15:17:25.171,16986,16987,16987,2
2021-06-09 15:17:25.282,16986,16987,16986,1
2021-06-09 15:17:25.410,16986,16987,16986,1
2021-06-09 15:17:28.396,16986,16987,16986,1
2021-06-09 15:17:29.693,16986,16987,16986,1
2021-06-09 15:17:35.474,16986,16987,16987,1
2021-06-09 15:17:40.311,16986,16987,16986,3
2021-06-09 15:17:41.672,16985,16987,16987,1
2021-06-09 15:17:45.469,16986,16987,16987,1
2021-06-09 15:17:47.461,16986,16987,16987,1
2021-06-09 15:17:50.241,16986,16987,16986,2
2021-06-09 15:17:50.773,16985,16986,16985,1
2021-06-09 15:17:51.962,16985,16986,16986,1
2021-06-09 15:17:52.587,16985,16986,16985,16
2021-06-09 15:17:52.588,16985,16986,16985,5
2021-06-09 15:17:52.756,16984,16985,16985,1
2021-06-09 15:17:53.657,16984,16985,16985,1
2021-06-09 15:17:53.657,16984,16985,16986,4
2021-06-09 15:18:02.506,16985,16986,16986,1
2021-06-09 15:18:02.625,16985,16987,16987,1
2021-06-09 15:18:03.248,16985,16987,16987,2
2021-06-09 15:18:03.308,16985,16987,16988,1
2021-06-09 15:18:03.309,16985,16987,16988,1
2021-06-09 15:18:03.310,16985,16987,16988,1
2021-06-09 15:18:03.315,16985,16987,16988,1
2021-06-09 15:18:03.347,16985,16987,16986,1
2021-06-09 15:18:03.368,16985,16987,16988,1
2021-06-09 15:18:03.373,16987,16988,16988,1
2021-06-09 15:18:03.374,16987,16988,16989,1
2021-06-09 15:18:03.374,16987,16988,16989,1
2021-06-09 15:18:03.394,16987,16988,16989,1
2021-06-09 15:18:03.400,16987,16988,16989,2
2021-06-09 15:18:03.405,16987,16988,16989,1
2021-06-09 15:18:03.416,16987,16988,16989,1
2021-06-09 15:18:10.129,16987,16989,16989,1
2021-06-09 15:18:23.385,16987,16988,16987,1
2021-06-09 15:18:23.498,16987,16988,16988,1
2021-06-09 15:18:26.481,16987,16988,16987,1
2021-06-09 15:18:26.498,16987,16988,16988,1
2021-06-09 15:18:26.498,16987,16988,16988,1
2021-06-09 15:18:26.498,16987,16988,16988,1
2021-06-09 15:18:26.499,16987,16988,16989,1
2021-06-09 15:18:26.965,16987,16989,16987,1
2021-06-09 15:18:27.145,16986,16988,16988,1
2021-06-09 15:18:27.146,16986,16988,16988,1
2021-06-09 15:18:29.769,16987,16989,16987,1
2021-06-09 15:18:35.314,16986,16987,16987,1
2021-06-09 15:18:48.359,16986,16987,16986,2
2021-06-09 15:18:53.730,16986,16987,16986,5
2021-06-09 15:18:54.536,16985,16987,16987,1
2021-06-09 15:18:58.800,16985,16987,16987,1
2021-06-09 15:18:59.998,16986,16987,16986,5
2021-06-09 15:19:03.422,16985,16986,16985,1
2021-06-09 15:19:04.161,16985,16986,16986,1
2021-06-09 15:19:05.537,16985,16986,16985,5
2021-06-09 15:19:08.896,16985,16986,16985,1
2021-06-09 15:19:09.868,16984,16986,16984,1
2021-06-09 15:19:09.873,16984,16986,16986,1
2021-06-09 15:19:09.874,16984,16986,16987,1
2021-06-09 15:19:09.875,16984,16986,16987,1
2021-06-09 15:19:09.875,16984,16986,16987,1
2021-06-09 15:19:10.000,16985,16987,16985,1
2021-06-09 15:19:17.559,16985,16986,16986,2
2021-06-09 15:19:21.557,16986,16987,16987,1
2021-06-09 15:19:21.557,16986,16987,16987,1
2021-06-09 15:19:24.310,16986,16988,16988,1
2021-06-09 15:19:28.640,16986,16988,16987,1
2021-06-09 15:19:33.678,16986,16988,16986,1
2021-06-09 15:19:39.694,16986,16988,16986,2
2021-06-09 15:19:41.000,16986,16987,16986,1
2021-06-09 15:19:41.123,16985,16987,16987,1
2021-06-09 15:19:46.124,16986,16988,16986,1
2021-06-09 15:19:51.451,16986,16988,16986,1
2021-06-09 15:19:59.311,16987,16988,16988,5
2021-06-09 15:20:02.256,16988,16989,16989,1
2021-06-09 15:20:02.256,16988,16989,16989,5
2021-06-09 15:20:02.256,16988,16989,16989,2
2021-06-09 15:20:02.257,16988,16989,16989,4
2021-06-09 15:20:02.693,16989,16990,16990,1
2021-06-09 15:20:03.009,16989,16990,16990,8
2021-06-09 15:20:03.122,16990,16991,16991,1
2021-06-09 15:20:03.415,16990,16991,16991,1
2021-06-09 15:20:04.191,16990,16991,16991,1
2021-06-09 15:20:04.203,16990,16991,16991,1
2021-06-09 15:20:04.599,16990,16991,16991,1
2021-06-09 15:20:05.586,16990,16992,16992,2
2021-06-09 15:20:05.947,16990,16992,16992,1
2021-06-09 15:20:08.326,16991,16992,16991,1
2021-06-09 15:20:09.909,16990,16991,16990,1
2021-06-09 15:20:10.228,16988,16990,16990,1
2021-06-09 15:20:21.121,16989,16990,16990,1
2021-06-09 15:20:22.621,16989,16990,16990,1
2021-06-09 15:20:26.246,16989,16990,16990,1
2021-06-09 15:20:28.861,16990,16991,16990,1
2021-06-09 15:20:30.189,16990,16991,16990,1
2021-06-09 15:20:32.900,16990,16991,16991,4
2021-06-09 15:20:33.834,16990,16991,16991,1
2021-06-09 15:20:33.834,16990,16991,16992,1
2021-06-09 15:20:35.858,16990,16991,16990,1
2021-06-09 15:20:37.829,16990,16991,16991,1
2021-06-09 15:20:37.972,16990,16992,16991,1
2021-06-09 15:20:38.873,16990,16991,16991,1
2021-06-09 15:20:43.476,16990,16992,16991,1
2021-06-09 15:20:49.027,16990,16991,16991,1
2021-06-09 15:20:58.353,16990,16991,16991,1
2021-06-09 15:20:58.353,16990,16991,16991,2
2021-06-09 15:21:01.805,16991,16992,16991,1
2021-06-09 15:21:01.875,16991,16992,16992,1
2021-06-09 15:21:01.876,16991,16992,16992,1
2021-06-09 15:21:01.876,16991,16992,16992,11
2021-06-09 15:21:01.877,16991,16992,16993,1
2021-06-09 15:21:02.036,16992,16993,16993,3
2021-06-09 15:21:02.064,16992,16993,16993,15
2021-06-09 15:21:02.065,16992,16993,16993,1
2021-06-09 15:21:02.065,16992,16993,16993,1
2021-06-09 15:21:02.123,16993,16994,16994,1
2021-06-09 15:21:02.124,16993,16994,16994,1
2021-06-09 15:21:02.124,16993,16994,16994,1
2021-06-09 15:21:02.124,16993,16994,16994,1
2021-06-09 15:21:02.124,16993,16994,16994,4
2021-06-09 15:21:02.124,16993,16994,16994,2
2021-06-09 15:21:02.286,16994,16995,16995,2
2021-06-09 15:21:02.365,16994,16995,16995,1
2021-06-09 15:21:02.423,16994,16995,16995,1
2021-06-09 15:21:04.059,16993,16995,16993,1
2021-06-09 15:21:04.059,16993,16995,16992,1
2021-06-09 15:21:04.970,16992,16994,16992,1
2021-06-09 15:21:04.970,16992,16994,16991,2
2021-06-09 15:21:07.093,16991,16992,16991,1
2021-06-09 15:21:07.332,16991,16992,16992,1
2021-06-09 15:21:07.973,16991,16993,16993,1
2021-06-09 15:21:08.706,16992,16994,16994,1
2021-06-09 15:21:08.748,16992,16994,16994,1
2021-06-09 15:21:08.749,16992,16994,16994,1
2021-06-09 15:21:08.749,16992,16994,16994,1
2021-06-09 15:21:09.843,16992,16994,16994,1
2021-06-09 15:21:09.976,16993,16995,16995,1
2021-06-09 15:21:11.054,16993,16994,16993,2
2021-06-09 15:21:12.009,16992,16994,16994,3
2021-06-09 15:21:13.990,16993,16995,16995,1
2021-06-09 15:21:15.245,16993,16995,16993,1
2021-06-09 15:21:16.189,16993,16995,16995,2
2021-06-09 15:21:16.886,16993,16995,16993,1
2021-06-09 15:21:19.948,16993,16994,16994,1
2021-06-09 15:21:19.998,16993,16994,16994,1
2021-06-09 15:21:19.998,16993,16994,16994,1
2021-06-09 15:21:20.000,16993,16994,16995,1
2021-06-09 15:21:20.791,16993,16994,16994,1
2021-06-09 15:21:23.295,16993,16994,16993,1
2021-06-09 15:21:31.946,16993,16994,16993,1
2021-06-09 15:21:31.955,16993,16994,16994,1
2021-06-09 15:21:32.811,16993,16995,16995,10
2021-06-09 15:21:32.874,16993,16995,16995,1
2021-06-09 15:21:33.046,16994,16995,16994,2
2021-06-09 15:21:35.719,16994,16995,16994,1
2021-06-09 15:21:38.148,16994,16995,16994,1
2021-06-09 15:21:39.695,16993,16994,16994,1
2021-06-09 15:21:42.656,16993,16994,16993,1
2021-06-09 15:21:45.302,16993,16994,16994,1
2021-06-09 15:21:46.256,16993,16994,16994,1
2021-06-09 15:21:46.256,16993,16994,16995,3
2021-06-09 15:21:48.810,16993,16994,16994,1
2021-06-09 15:21:49.618,16993,16995,16995,1
2021-06-09 15:21:51.186,16993,16994,16994,1
2021-06-09 15:21:51.840,16994,16995,16994,1
2021-06-09 15:21:53.906,16994,16995,16994,1
2021-06-09 15:21:56.842,16994,16995,16994,1
2021-06-09 15:21:58.014,16993,16995,16995,1
2021-06-09 15:22:02.351,16993,16994,16994,1
2021-06-09 15:22:02.351,16993,16994,16995,2
2021-06-09 15:22:02.878,16993,16995,16995,1
2021-06-09 15:22:04.661,16993,16995,16995,1
2021-06-09 15:22:06.248,16993,16994,16994,1
2021-06-09 15:22:07.904,16993,16994,16994,1
2021-06-09 15:22:07.904,16993,16994,16995,9
2021-06-09 15:22:08.586,16993,16994,16994,1
2021-06-09 15:22:16.513,16993,16994,16993,13
2021-06-09 15:22:16.645,16992,16993,16993,1
2021-06-09 15:22:16.714,16992,16993,16993,1
2021-06-09 15:22:16.714,16992,16993,16993,1
2021-06-09 15:22:19.458,16992,16994,16994,2
2021-06-09 15:22:19.498,16992,16994,16994,1
2021-06-09 15:22:20.889,16992,16994,16992,1
2021-06-09 15:22:21.814,16992,16994,16992,1
2021-06-09 15:22:21.814,16992,16994,16992,3
2021-06-09 15:22:23.545,16991,16993,16991,1
2021-06-09 15:22:23.545,16991,16993,16991,1
2021-06-09 15:22:23.546,16991,16993,16991,1
2021-06-09 15:22:23.546,16991,16993,16991,1
2021-06-09 15:22:23.546,16991,16993,16991,1
2021-06-09 15:22:23.704,16990,16991,16990,1
2021-06-09 15:22:24.167,16990,16991,16991,1
2021-06-09 15:22:24.370,16990,16992,16990,1
2021-06-09 15:22:25.787,16990,16992,16991,1
2021-06-09 15:22:29.996,16991,16992,16992,2
2021-06-09 15:22:31.631,16992,16993,16992,1
2021-06-09 15:22:48.150,16991,16992,16991,1
2021-06-09 15:22:48.223,16991,16992,16991,2
2021-06-09 15:22:48.348,16990,16992,16990,3
2021-06-09 15:22:56.638,16990,16991,16990,1
2021-06-09 15:22:57.860,16990,16991,16990,1
2021-06-09 15:22:57.861,16990,16991,16990,12
2021-06-09 15:23:09.795,16989,16990,16989,4
2021-06-09 15:23:10.028,16988,16989,16988,1
2021-06-09 15:23:14.445,16987,16988,16987,1
2021-06-09 15:23:16.091,16986,16988,16988,1
2021-06-09 15:23:16.954,16986,16988,16986,1
2021-06-09 15:23:18.227,16987,16988,16987,1
2021-06-09 15:23:29.433,16987,16988,16987,1
2021-06-09 15:23:35.266,16986,16987,16987,1
2021-06-09 15:23:38.269,16986,16988,16986,1
2021-06-09 15:23:41.080,16987,16988,16987,1
2021-06-09 15:23:41.198,16987,16988,16988,1
2021-06-09 15:23:41.227,16987,16988,16987,1
2021-06-09 15:23:41.437,16987,16988,16987,1
2021-06-09 15:23:42.121,16987,16988,16987,1
2021-06-09 15:23:43.027,16987,16988,16988,1
2021-06-09 15:23:44.451,16987,16988,16988,2
2021-06-09 15:23:44.451,16987,16988,16988,1
2021-06-09 15:23:44.815,16987,16989,16987,1
2021-06-09 15:23:45.858,16987,16989,16987,2
2021-06-09 15:23:48.695,16987,16989,16987,1
2021-06-09 15:23:51.385,16987,16989,16989,1
2021-06-09 15:23:51.498,16987,16989,16987,1
2021-06-09 15:23:53.578,16987,16989,16987,1
2021-06-09 15:23:53.680,16986,16988,16987,1
2021-06-09 15:24:01.089,16987,16988,16987,1
2021-06-09 15:24:06.930,16987,16988,16987,1
2021-06-09 15:24:18.626,16986,16987,16986,1
2021-06-09 15:24:18.627,16986,16987,16986,1
2021-06-09 15:24:18.627,16986,16987,16986,7
2021-06-09 15:24:19.780,16985,16986,16985,2
2021-06-09 15:24:19.780,16985,16986,16985,1
2021-06-09 15:24:19.780,16985,16986,16985,1
2021-06-09 15:24:19.781,16985,16986,16985,3
2021-06-09 15:24:19.781,16985,16986,16985,1
2021-06-09 15:24:19.781,16985,16986,16985,1
2021-06-09 15:24:19.903,16984,16986,16984,1
2021-06-09 15:24:20.061,16984,16986,16984,1
2021-06-09 15:24:20.083,16984,16986,16984,1
2021-06-09 15:24:21.966,16984,16985,16984,2
2021-06-09 15:24:21.966,16984,16985,16983,2
2021-06-09 15:24:22.600,16983,16985,16983,1
2021-06-09 15:24:23.400,16983,16985,16985,1
2021-06-09 15:24:24.927,16983,16985,16985,1
2021-06-09 15:24:26.306,16984,16986,16985,1
2021-06-09 15:24:27.375,16985,16986,16986,2
2021-06-09 15:24:30.962,16985,16987,16985,2
2021-06-09 15:24:32.852,16985,16987,16985,1
2021-06-09 15:24:33.160,16985,16987,16987,1
2021-06-09 15:24:34.550,16985,16987,16985,1
2021-06-09 15:24:35.094,16986,16987,16986,1
2021-06-09 15:24:39.173,16986,16987,16986,1
2021-06-09 15:24:41.409,16986,16987,16986,1
2021-06-09 15:24:44.366,16985,16987,16986,3
2021-06-09 15:24:50.056,16986,16987,16986,1
2021-06-09 15:24:52.960,16985,16986,16986,1
2021-06-09 15:24:55.685,16986,16987,16987,1
2021-06-09 15:25:00.113,16986,16987,16987,2
2021-06-09 15:25:00.114,16986,16987,16987,1
2021-06-09 15:25:00.114,16986,16987,16987,1
2021-06-09 15:25:00.114,16986,16987,16987,1
2021-06-09 15:25:00.114,16986,16987,16987,1
2021-06-09 15:25:00.114,16986,16987,16987,1
2021-06-09 15:25:00.114,16986,16987,16987,1
2021-06-09 15:25:00.114,16986,16987,16987,1
2021-06-09 15:25:00.114,16986,16987,16987,4
2021-06-09 15:25:04.398,16987,16988,16988,1
2021-06-09 15:25:04.399,16987,16988,16988,2
2021-06-09 15:25:04.465,16987,16988,16989,2
2021-06-09 15:25:04.465,16987,16988,16989,2
2021-06-09 15:25:04.466,16987,16988,16989,10
2021-06-09 15:25:04.621,16989,16990,16990,1
2021-06-09 15:25:06.577,16988,16990,16990,2
2021-06-09 15:25:07.272,16989,16990,16990,1
2021-06-09 15:25:07.272,16989,16990,16991,3
2021-06-09 15:25:07.497,16989,16991,16991,1
2021-06-09 15:25:09.260,16989,16992,16989,1
2021-06-09 15:25:09.764,16989,16991,16991,1
2021-06-09 15:25:15.155,16989,16991,16991,1
2021-06-09 15:25:15.236,16989,16991,16991,1
2021-06-09 15:25:19.465,16989,16991,16991,5
2021-06-09 15:25:26.795,16990,16991,16991,1
2021-06-09 15:25:31.493,16990,16991,16990,1
2021-06-09 15:25:32.065,16988,16990,16990,1
2021-06-09 15:25:32.691,16988,16990,16990,3
2021-06-09 15:25:43.440,16989,16990,16990,1
2021-06-09 15:25:44.170,16989,16991,16989,1
2021-06-09 15:25:44.816,16989,16991,16989,1
2021-06-09 15:25:51.474,16989,16990,16989,1
2021-06-09 15:25:52.351,16989,16990,16989,1
2021-06-09 15:25:54.062,16989,16990,16989,1
2021-06-09 15:25:56.058,16989,16990,16989,1
2021-06-09 15:25:57.995,16989,16990,16989,1
2021-06-09 15:26:00.130,16987,16988,16988,1
2021-06-09 15:26:01.036,16987,16989,16989,1
2021-06-09 15:26:01.716,16987,16989,16987,1
2021-06-09 15:26:02.966,16988,16989,16988,2
2021-06-09 15:26:04.484,16987,16989,16989,1
2021-06-09 15:26:18.916,16987,16989,16989,1
2021-06-09 15:26:19.598,16987,16988,16988,1
2021-06-09 15:26:26.703,16987,16988,16987,1
2021-06-09 15:26:28.444,16987,16988,16987,1
2021-06-09 15:26:29.211,16987,16988,16987,1
2021-06-09 15:26:30.224,16987,16988,16987,1
2021-06-09 15:26:32.121,16987,16988,16987,1
2021-06-09 15:26:33.109,16987,16988,16987,1
2021-06-09 15:26:34.343,16987,16988,16987,1
2021-06-09 15:26:40.560,16986,16988,16987,1
2021-06-09 15:26:43.709,16986,16988,16988,1
2021-06-09 15:26:44.212,16987,16988,16987,1
2021-06-09 15:26:51.484,16987,16988,16987,1
2021-06-09 15:26:53.803,16987,16988,16987,1
2021-06-09 15:27:05.133,16987,16988,16988,1
2021-06-09 15:27:05.134,16987,16988,16988,1
2021-06-09 15:27:05.134,16987,16988,16988,2
2021-06-09 15:27:14.257,16987,16988,16987,1
2021-06-09 15:27:20.713,16987,16988,16988,1
2021-06-09 15:27:24.176,16987,16988,16988,1
2021-06-09 15:27:24.910,16987,16988,16987,1
2021-06-09 15:27:24.954,16987,16988,16988,1
2021-06-09 15:27:27.928,16987,16988,16987,1
2021-06-09 15:27:28.484,16987,16988,16988,1
2021-06-09 15:27:32.163,16987,16988,16988,1
2021-06-09 15:27:36.472,16987,16988,16988,1
2021-06-09 15:27:37.202,16987,16988,16987,2
2021-06-09 15:27:39.962,16987,16988,16987,1
2021-06-09 15:27:45.092,16986,16988,16988,1
2021-06-09 15:27:45.849,16987,16988,16987,1
2021-06-09 15:27:45.851,16987,16988,16987,1
2021-06-09 15:27:49.277,16987,16988,16987,2
2021-06-09 15:27:51.316,16987,16988,16987,2
2021-06-09 15:27:51.316,16987,16988,16986,2
2021-06-09 15:27:51.517,16986,16988,16986,1
2021-06-09 15:27:51.604,16986,16988,16986,1
2021-06-09 15:27:52.621,16986,16988,16988,1
2021-06-09 15:27:55.558,16987,16988,16988,1
2021-06-09 15:27:59.509,16987,16988,16988,2
2021-06-09 15:27:59.509,16987,16988,16988,1
2021-06-09 15:28:01.204,16988,16989,16989,2
2021-06-09 15:28:01.853,16989,16990,16990,1
2021-06-09 15:28:02.567,16989,16990,16990,1
2021-06-09 15:28:15.324,16990,16991,16990,1
2021-06-09 15:28:19.819,16990,16991,16991,3
2021-06-09 15:28:27.471,16990,16991,16991,1
2021-06-09 15:28:31.661,16990,16991,16991,7
2021-06-09 15:28:36.518,16991,16992,16991,1
2021-06-09 15:28:37.375,16990,16991,16991,1
2021-06-09 15:28:46.194,16990,16991,16991,2
2021-06-09 15:28:46.194,16990,16991,16992,8
2021-06-09 15:28:48.559,16991,16992,16992,1
2021-06-09 15:28:49.358,16991,16992,16992,2
2021-06-09 15:28:57.516,16991,16992,16992,2
2021-06-09 15:29:01.383,16992,16993,16992,1
2021-06-09 15:29:01.408,16992,16993,16993,2
2021-06-09 15:29:02.268,16991,16993,16993,2
2021-06-09 15:29:03.604,16992,16993,16993,2
2021-06-09 15:29:04.329,16992,16993,16993,1
2021-06-09 15:29:04.745,16992,16993,16993,2
2021-06-09 15:29:06.980,16992,16993,16993,1
2021-06-09 15:29:06.981,16992,16993,16993,1
2021-06-09 15:29:10.621,16993,16994,16994,4
2021-06-09 15:29:10.688,16993,16994,16993,1
2021-06-09 15:29:11.066,16994,16995,16994,1
2021-06-09 15:29:11.066,16994,16995,16994,1
2021-06-09 15:29:11.737,16993,16994,16994,3
2021-06-09 15:29:11.737,16993,16994,16995,2
2021-06-09 15:29:12.659,16993,16994,16994,1
2021-06-09 15:29:14.573,16994,16995,16994,1
2021-06-09 15:29:18.714,16993,16994,16994,1
2021-06-09 15:29:18.744,16993,16994,16994,1
2021-06-09 15:29:23.776,16993,16994,16994,2
2021-06-09 15:29:25.141,16993,16994,16994,9
2021-06-09 15:29:25.142,16993,16994,16995,2
2021-06-09 15:29:25.142,16993,16994,16995,6
2021-06-09 15:29:25.143,16993,16994,16995,4
2021-06-09 15:29:25.143,16993,16994,16995,3
2021-06-09 15:29:26.141,16994,16996,16994,1
2021-06-09 15:29:26.310,16994,16996,16995,1
2021-06-09 15:29:26.878,16995,16996,16995,1
2021-06-09 15:29:30.078,16994,16995,16995,1
2021-06-09 15:29:30.889,16994,16995,16994,1
2021-06-09 15:29:34.087,16994,16995,16994,1
2021-06-09 15:29:36.193,16994,16995,16995,1
2021-06-09 15:29:36.996,16994,16995,16994,1
2021-06-09 15:29:38.077,16994,16995,16994,1
2021-06-09 15:29:38.505,16994,16995,16995,1
2021-06-09 15:29:40.654,16994,16995,16995,2
2021-06-09 15:29:40.812,16994,16995,16995,3
2021-06-09 15:29:45.799,16994,16995,16994,21
2021-06-09 15:29:45.800,16994,16995,16994,1
2021-06-09 15:29:45.800,16994,16995,16994,1
2021-06-09 15:29:45.800,16994,16995,16994,1
2021-06-09 15:29:45.800,16994,16995,16994,3
2021-06-09 15:29:45.800,16994,16995,16994,42
2021-06-09 15:29:45.801,16994,16995,16993,2
2021-06-09 15:29:45.801,16994,16995,16993,1
2021-06-09 15:29:45.801,16994,16995,16993,2
2021-06-09 15:29:45.802,16994,16995,16992,1
2021-06-09 15:29:45.806,16994,16995,16991,5
2021-06-09 15:29:46.314,16990,16991,16990,2
2021-06-09 15:29:51.449,16989,16991,16989,2
2021-06-09 15:29:54.311,16988,16990,16990,2
2021-06-09 15:29:55.474,16988,16989,16989,1
2021-06-09 15:29:57.223,16989,16990,16989,1
2021-06-09 15:30:00.515,16989,16990,16990,5
2021-06-09 15:30:00.803,16990,16991,16991,3
2021-06-09 15:30:01.068,16991,16993,16994,1
2021-06-09 15:30:01.116,16991,16993,16995,6
2021-06-09 15:30:01.562,16994,16995,16995,1
2021-06-09 15:30:01.645,16994,16995,16995,1
2021-06-09 15:30:02.152,16993,16994,16993,1
2021-06-09 15:30:04.656,16992,16993,16993,1
2021-06-09 15:30:07.720,16993,16994,16993,1
2021-06-09 15:30:07.874,16992,16993,16992,1
2021-06-09 15:30:11.216,16991,16993,16991,1
2021-06-09 15:30:11.373,16990,16991,16990,1
2021-06-09 15:30:11.374,16990,16991,16990,1
2021-06-09 15:30:11.534,16989,16991,16989,1
2021-06-09 15:30:13.383,16989,16990,16989,2
2021-06-09 15:30:13.485,16989,16990,16989,5
2021-06-09 15:30:13.605,16989,16990,16989,2
2021-06-09 15:30:13.605,16989,16990,16988,2
2021-06-09 15:30:13.856,16988,16990,16988,1
2021-06-09 15:30:13.998,16988,16990,16990,5
2021-06-09 15:30:18.998,16992,16993,16993,3
2021-06-09 15:30:18.998,16992,16993,16993,1
2021-06-09 15:30:21.370,16991,16993,16991,2
2021-06-09 15:30:21.983,16990,16992,16990,1
2021-06-09 15:30:23.500,16989,16990,16990,1
2021-06-09 15:30:24.094,16990,16991,16991,1
2021-06-09 15:30:24.897,16991,16992,16991,4
2021-06-09 15:30:31.777,16991,16993,16993,2
2021-06-09 15:30:31.777,16991,16993,16993,1
2021-06-09 15:30:31.777,16991,16993,16993,2
2021-06-09 15:30:31.777,16991,16993,16993,1
2021-06-09 15:30:31.777,16991,16993,16993,1
2021-06-09 15:30:31.777,16991,16993,16993,2
2021-06-09 15:30:31.778,16991,16993,16994,1
2021-06-09 15:30:31.779,16991,16993,16994,1
2021-06-09 15:30:31.946,16993,16994,16994,6
2021-06-09 15:30:32.496,16994,16995,16994,1
2021-06-09 15:30:32.963,16994,16995,16994,1
2021-06-09 15:30:32.963,16994,16995,16994,1
2021-06-09 15:30:32.963,16994,16995,16994,1
2021-06-09 15:30:36.424,16992,16994,16992,1
2021-06-09 15:30:52.823,16992,16993,16993,1
2021-06-09 15:30:52.910,16992,16993,16993,3
2021-06-09 15:31:01.329,16992,16993,16993,3
2021-06-09 15:31:01.968,16993,16994,16994,4
2021-06-09 15:31:01.968,16993,16994,16994,9
2021-06-09 15:31:01.969,16993,16994,16994,1
2021-06-09 15:31:01.969,16993,16994,16994,1
2021-06-09 15:31:01.969,16993,16994,16994,11
2021-06-09 15:31:02.002,16993,16995,16995,1
2021-06-09 15:31:02.007,16993,16995,16995,1
2021-06-09 15:31:02.525,16994,16995,16994,1
2021-06-09 15:31:03.447,16993,16995,16995,1
2021-06-09 15:31:09.256,16994,16995,16994,1
2021-06-09 15:31:15.123,16993,16994,16993,2
2021-06-09 15:31:15.123,16993,16994,16993,15
2021-06-09 15:31:15.250,16992,16993,16993,1
2021-06-09 15:31:22.774,16992,16993,16992,1
2021-06-09 15:31:22.775,16992,16993,16992,1
2021-06-09 15:31:25.983,16991,16993,16993,3
2021-06-09 15:31:25.998,16991,16993,16993,1
2021-06-09 15:31:25.998,16991,16993,16993,1
2021-06-09 15:31:25.999,16991,16993,16994,1
2021-06-09 15:31:28.503,16991,16993,16991,1
2021-06-09 15:31:33.490,16991,16992,16991,1
2021-06-09 15:31:33.498,16990,16992,16992,1
2021-06-09 15:31:33.498,16990,16992,16992,1
2021-06-09 15:31:33.499,16990,16992,16992,1
2021-06-09 15:31:33.499,16990,16992,16993,1
2021-06-09 15:31:33.499,16990,16992,16993,1
2021-06-09 15:31:33.499,16990,16992,16993,1
2021-06-09 15:31:33.499,16990,16992,16993,1
2021-06-09 15:31:33.500,16990,16992,16993,1
2021-06-09 15:31:40.897,16991,16993,16993,2
2021-06-09 15:31:48.078,16991,16993,16991,3
2021-06-09 15:31:48.091,16991,16993,16990,2
2021-06-09 15:31:55.698,16990,16992,16990,1
2021-06-09 15:31:55.698,16990,16992,16990,1
2021-06-09 15:31:55.698,16990,16992,16990,16
2021-06-09 15:31:55.698,16990,16992,16990,1
2021-06-09 15:31:55.698,16990,16992,16990,1
2021-06-09 15:31:55.698,16990,16992,16990,1
2021-06-09 15:31:55.704,16990,16992,16989,2
2021-06-09 15:31:58.880,16988,16990,16988,2
2021-06-09 15:32:00.010,16989,16990,16989,1
2021-06-09 15:32:00.012,16989,16990,16989,4
2021-06-09 15:32:01.320,16988,16990,16989,3
2021-06-09 15:32:02.339,16989,16990,16989,1
2021-06-09 15:32:07.283,16988,16990,16990,4
2021-06-09 15:32:23.121,16989,16990,16989,1
2021-06-09 15:32:27.516,16989,16990,16990,9
2021-06-09 15:32:28.114,16990,16991,16991,1
2021-06-09 15:32:28.270,16990,16991,16991,1
2021-06-09 15:32:30.059,16991,16993,16993,1
2021-06-09 15:32:30.060,16991,16993,16993,3
2021-06-09 15:32:30.122,16993,16994,16994,1
2021-06-09 15:32:30.125,16993,16994,16994,1
2021-06-09 15:32:30.125,16993,16994,16994,3
2021-06-09 15:32:30.125,16993,16994,16994,1
2021-06-09 15:32:41.748,16992,16994,16994,1
2021-06-09 15:32:41.927,16992,16994,16994,1
2021-06-09 15:32:44.707,16993,16994,16994,1
2021-06-09 15:32:47.133,16993,16994,16993,1
2021-06-09 15:32:50.608,16993,16994,16993,2
2021-06-09 15:32:54.532,16992,16993,16993,1
2021-06-09 15:32:55.233,16993,16994,16993,1
2021-06-09 15:32:57.688,16992,16993,16992,1
2021-06-09 15:32:57.688,16992,16993,16992,2
