2024-05-02 15:00:00.087,20291,20293,20291,68,-68
2024-05-02 15:00:00.314,20291,20292,20292,1,1
2024-05-02 15:00:00.410,20291,20292,20291,1,-1
2024-05-02 15:00:00.429,20291,20292,20291,1,-1
2024-05-02 15:00:00.466,20291,20293,20291,23,-23
2024-05-02 15:00:00.468,20291,20293,20288,5,-5
2024-05-02 15:00:00.519,20291,20293,20290,1,-1
2024-05-02 15:00:00.521,20291,20293,20288,3,-3
2024-05-02 15:00:00.525,20291,20293,20288,3,-3
2024-05-02 15:00:00.559,20286,20289,20286,5,-5
2024-05-02 15:00:00.633,20286,20289,20286,1,-1
2024-05-02 15:00:00.651,20286,20289,20286,3,-3
2024-05-02 15:00:00.744,20286,20288,20286,1,-1
2024-05-02 15:00:00.762,20286,20288,20286,1,-1
2024-05-02 15:00:00.762,20286,20288,20285,4,-4
2024-05-02 15:00:00.766,20286,20288,20285,1,-1
2024-05-02 15:00:00.766,20286,20288,20284,2,-2
2024-05-02 15:00:00.767,20286,20288,20284,1,-1
2024-05-02 15:00:00.771,20286,20288,20284,2,-2
2024-05-02 15:00:00.771,20286,20288,20283,1,-1
2024-05-02 15:00:00.777,20286,20288,20283,1,-1
2024-05-02 15:00:00.789,20286,20288,20283,1,-1
2024-05-02 15:00:00.789,20286,20288,20282,3,-3
2024-05-02 15:00:00.789,20286,20288,20281,1,-1
2024-05-02 15:00:00.799,20286,20288,20282,1,-1
2024-05-02 15:00:00.799,20286,20288,20281,5,-5
2024-05-02 15:00:00.811,20282,20283,20282,1,-1
2024-05-02 15:00:00.811,20282,20283,20281,3,-3
2024-05-02 15:00:00.811,20282,20283,20280,1,-1
2024-05-02 15:00:00.839,20282,20283,20280,5,-5
2024-05-02 15:00:00.839,20282,20283,20281,1,-1
2024-05-02 15:00:00.846,20282,20283,20280,1,-1
2024-05-02 15:00:00.887,20282,20283,20280,1,-1
2024-05-02 15:00:00.887,20282,20283,20279,4,-4
2024-05-02 15:00:00.899,20282,20283,20279,2,-2
2024-05-02 15:00:00.899,20282,20283,20278,2,-2
2024-05-02 15:00:00.899,20282,20283,20277,1,-1
2024-05-02 15:00:00.900,20282,20283,20281,3,-3
2024-05-02 15:00:00.909,20282,20283,20280,1,-1
2024-05-02 15:00:00.936,20279,20282,20279,1,-1
2024-05-02 15:00:00.936,20279,20282,20279,1,-1
2024-05-02 15:00:00.937,20279,20282,20282,1,1
2024-05-02 15:00:00.954,20279,20282,20279,1,-1
2024-05-02 15:00:01.010,20279,20282,20279,1,-1
2024-05-02 15:00:01.096,20279,20282,20282,1,1
2024-05-02 15:00:01.099,20279,20282,20282,1,1
2024-05-02 15:00:01.135,20279,20282,20279,1,-1
2024-05-02 15:00:01.208,20279,20282,20282,2,2
2024-05-02 15:00:01.209,20279,20282,20283,4,4
2024-05-02 15:00:01.274,20279,20282,20282,1,1
2024-05-02 15:00:01.275,20279,20282,20283,1,1
2024-05-02 15:00:01.299,20279,20282,20284,2,2
2024-05-02 15:00:01.707,20284,20285,20285,1,1
2024-05-02 15:00:01.770,20284,20285,20284,2,-2
2024-05-02 15:00:01.787,20284,20285,20284,2,-2
2024-05-02 15:00:01.787,20284,20285,20283,3,-3
2024-05-02 15:00:02.100,20282,20284,20284,1,1
2024-05-02 15:00:02.141,20282,20284,20282,1,-1
2024-05-02 15:00:02.141,20282,20284,20281,4,-4
2024-05-02 15:00:02.272,20281,20283,20283,1,1
2024-05-02 15:00:02.344,20282,20284,20282,5,-5
2024-05-02 15:00:02.345,20282,20284,20283,1,-1
2024-05-02 15:00:02.486,20282,20284,20281,1,-1
2024-05-02 15:00:02.486,20282,20284,20282,4,-4
2024-05-02 15:00:02.512,20282,20284,20283,1,-1
2024-05-02 15:00:02.512,20282,20284,20283,1,-1
2024-05-02 15:00:02.641,20281,20284,20281,5,-5
2024-05-02 15:00:02.642,20281,20284,20283,2,2
2024-05-02 15:00:03.006,20282,20284,20283,2,2
2024-05-02 15:00:03.006,20282,20284,20282,3,-3
2024-05-02 15:00:03.172,20283,20284,20283,2,-2
2024-05-02 15:00:03.172,20283,20284,20282,3,-3
2024-05-02 15:00:03.287,20282,20284,20285,2,2
2024-05-02 15:00:03.287,20282,20284,20284,3,3
2024-05-02 15:00:03.366,20282,20285,20282,1,-1
2024-05-02 15:00:03.396,20282,20285,20282,1,-1
2024-05-02 15:00:03.396,20282,20285,20281,4,-4
2024-05-02 15:00:03.540,20281,20284,20281,1,-1
2024-05-02 15:00:03.540,20281,20284,20280,4,-4
2024-05-02 15:00:03.705,20280,20282,20280,4,-4
2024-05-02 15:00:03.705,20280,20282,20279,1,-1
2024-05-02 15:00:04.235,20279,20282,20279,1,-1
2024-05-02 15:00:04.363,20279,20281,20279,1,-1
2024-05-02 15:00:04.363,20279,20281,20278,2,-2
2024-05-02 15:00:04.484,20278,20281,20281,1,1
2024-05-02 15:00:04.879,20279,20282,20282,1,1
2024-05-02 15:00:05.067,20279,20282,20282,1,1
2024-05-02 15:00:05.108,20279,20282,20280,2,-2
2024-05-02 15:00:05.793,20283,20285,20285,1,1
2024-05-02 15:00:05.878,20283,20285,20285,1,1
2024-05-02 15:00:05.962,20283,20286,20286,1,1
2024-05-02 15:00:05.963,20283,20286,20286,1,1
2024-05-02 15:00:06.015,20283,20286,20286,1,1
2024-05-02 15:00:06.043,20283,20286,20286,1,1
2024-05-02 15:00:06.088,20283,20286,20283,1,-1
2024-05-02 15:00:06.444,20282,20285,20285,3,3
2024-05-02 15:00:06.450,20282,20285,20285,1,1
2024-05-02 15:00:06.450,20282,20285,20286,7,7
2024-05-02 15:00:06.622,20285,20287,20287,1,1
2024-05-02 15:00:06.999,20285,20287,20287,2,2
2024-05-02 15:00:06.999,20285,20287,20288,4,4
2024-05-02 15:00:06.999,20285,20287,20289,1,1
2024-05-02 15:00:07.087,20287,20288,20288,1,1
2024-05-02 15:00:07.287,20287,20289,20287,1,-1
2024-05-02 15:00:07.775,20285,20287,20287,1,1
2024-05-02 15:00:07.827,20285,20287,20285,2,-2
2024-05-02 15:00:08.729,20284,20286,20284,1,-1
2024-05-02 15:00:08.765,20284,20286,20285,1,-1
2024-05-02 15:00:10.184,20283,20285,20285,2,2
2024-05-02 15:00:10.331,20284,20285,20285,1,1
2024-05-02 15:00:10.956,20284,20286,20286,1,1
2024-05-02 15:00:11.724,20285,20287,20285,1,-1
2024-05-02 15:00:11.737,20285,20287,20286,1,-1
2024-05-02 15:00:12.538,20284,20286,20286,1,1
2024-05-02 15:00:12.538,20284,20286,20284,1,-1
2024-05-02 15:00:13.532,20282,20285,20285,1,1
2024-05-02 15:00:13.550,20282,20285,20285,1,1
2024-05-02 15:00:13.678,20283,20285,20285,2,2
2024-05-02 15:00:15.059,20283,20285,20283,1,-1
2024-05-02 15:00:15.329,20283,20285,20283,2,-2
2024-05-02 15:00:16.962,20284,20285,20285,5,5
2024-05-02 15:00:17.321,20284,20286,20286,1,1
2024-05-02 15:00:17.675,20284,20286,20286,1,1
2024-05-02 15:00:18.198,20284,20285,20285,1,1
2024-05-02 15:00:18.256,20284,20285,20285,1,1
2024-05-02 15:00:18.256,20284,20285,20286,1,1
2024-05-02 15:00:18.389,20284,20286,20284,1,-1
2024-05-02 15:00:18.714,20284,20285,20284,1,-1
2024-05-02 15:00:19.043,20283,20284,20284,3,3
2024-05-02 15:00:19.097,20284,20285,20285,1,1
2024-05-02 15:00:19.737,20284,20285,20284,3,-3
2024-05-02 15:00:19.985,20283,20284,20284,1,1
2024-05-02 15:00:20.150,20283,20284,20284,1,1
2024-05-02 15:00:20.213,20283,20285,20283,2,-2
2024-05-02 15:00:20.271,20283,20285,20285,5,5
2024-05-02 15:00:20.310,20284,20285,20285,1,1
2024-05-02 15:00:20.438,20284,20285,20284,1,-1
2024-05-02 15:00:20.802,20283,20285,20284,1,-1
2024-05-02 15:00:21.408,20283,20284,20283,2,-2
2024-05-02 15:00:21.810,20282,20283,20283,1,1
2024-05-02 15:00:23.154,20282,20283,20283,1,1
2024-05-02 15:00:23.388,20282,20283,20283,1,1
2024-05-02 15:00:24.195,20282,20283,20283,1,1
2024-05-02 15:00:24.196,20282,20283,20283,2,2
2024-05-02 15:00:25.427,20283,20284,20284,1,1
2024-05-02 15:00:25.766,20283,20284,20283,1,-1
2024-05-02 15:00:25.994,20282,20284,20282,1,-1
2024-05-02 15:00:26.167,20282,20284,20282,1,-1
2024-05-02 15:00:26.297,20282,20284,20284,1,1
2024-05-02 15:00:27.846,20282,20283,20283,4,4
2024-05-02 15:00:27.846,20282,20283,20284,5,5
2024-05-02 15:00:27.846,20282,20283,20285,1,1
2024-05-02 15:00:28.019,20282,20285,20285,1,1
2024-05-02 15:00:28.237,20284,20285,20284,1,-1
2024-05-02 15:00:28.269,20284,20285,20284,1,-1
2024-05-02 15:00:28.478,20282,20284,20284,1,1
2024-05-02 15:00:29.163,20283,20285,20283,2,-2
2024-05-02 15:00:29.826,20283,20285,20283,2,-2
2024-05-02 15:00:31.463,20283,20284,20284,1,1
2024-05-02 15:00:33.236,20283,20284,20284,1,1
2024-05-02 15:00:34.294,20283,20284,20283,14,-14
2024-05-02 15:00:34.294,20283,20284,20282,1,-1
2024-05-02 15:00:34.294,20283,20284,20282,4,-4
2024-05-02 15:00:34.294,20283,20284,20282,1,-1
2024-05-02 15:00:34.294,20283,20284,20282,1,-1
2024-05-02 15:00:34.295,20283,20284,20282,3,-3
2024-05-02 15:00:34.295,20283,20284,20282,4,-4
2024-05-02 15:00:34.466,20281,20282,20282,1,1
2024-05-02 15:00:34.844,20281,20282,20281,2,-2
2024-05-02 15:00:34.844,20281,20282,20280,7,-7
2024-05-02 15:00:34.845,20281,20282,20280,15,-15
2024-05-02 15:00:35.126,20280,20281,20280,2,-2
2024-05-02 15:00:36.443,20280,20281,20281,1,1
2024-05-02 15:00:36.837,20280,20281,20280,1,-1
2024-05-02 15:00:37.771,20280,20281,20280,1,-1
2024-05-02 15:00:38.054,20279,20280,20280,1,1
2024-05-02 15:00:38.106,20279,20280,20280,2,2
2024-05-02 15:00:38.556,20280,20281,20280,2,-2
2024-05-02 15:00:39.281,20280,20281,20280,1,-1
2024-05-02 15:00:39.672,20280,20281,20280,1,-1
2024-05-02 15:00:39.735,20280,20281,20280,1,-1
2024-05-02 15:00:40.015,20280,20281,20280,1,-1
2024-05-02 15:00:40.184,20280,20281,20281,1,1
2024-05-02 15:00:40.229,20280,20281,20280,1,-1
2024-05-02 15:00:40.515,20279,20280,20280,1,1
2024-05-02 15:00:41.361,20280,20281,20280,1,-1
2024-05-02 15:00:41.439,20279,20281,20281,1,1
2024-05-02 15:00:41.522,20279,20281,20280,2,2
2024-05-02 15:00:44.503,20280,20282,20280,1,-1
2024-05-02 15:00:44.656,20280,20282,20280,1,-1
2024-05-02 15:00:45.774,20280,20281,20281,1,1
2024-05-02 15:00:46.990,20281,20282,20280,1,-1
2024-05-02 15:00:46.990,20281,20282,20281,3,-3
2024-05-02 15:00:47.478,20280,20282,20282,2,2
2024-05-02 15:00:50.852,20281,20283,20281,1,-1
2024-05-02 15:00:51.277,20281,20283,20281,1,-1
2024-05-02 15:00:54.978,20281,20282,20281,1,-1
2024-05-02 15:00:55.586,20281,20282,20282,6,6
2024-05-02 15:00:55.775,20282,20283,20283,1,1
2024-05-02 15:00:57.097,20282,20284,20284,1,1
2024-05-02 15:01:00.632,20281,20283,20283,1,1
2024-05-02 15:01:00.693,20281,20283,20283,1,1
2024-05-02 15:01:00.693,20281,20283,20283,1,1
2024-05-02 15:01:00.693,20281,20283,20283,1,1
2024-05-02 15:01:00.693,20281,20283,20283,1,1
2024-05-02 15:01:00.694,20281,20283,20283,1,1
2024-05-02 15:01:00.694,20281,20283,20283,1,1
2024-05-02 15:01:00.694,20281,20283,20283,1,1
2024-05-02 15:01:00.697,20281,20283,20284,1,1
2024-05-02 15:01:01.068,20282,20284,20282,1,-1
2024-05-02 15:01:01.092,20282,20284,20281,1,-1
2024-05-02 15:01:01.186,20281,20283,20283,1,1
2024-05-02 15:01:01.283,20281,20283,20281,1,-1
2024-05-02 15:01:01.482,20281,20283,20281,1,-1
2024-05-02 15:01:01.663,20281,20283,20281,2,-2
2024-05-02 15:01:01.663,20281,20283,20280,2,-2
2024-05-02 15:01:01.681,20281,20283,20280,1,-1
2024-05-02 15:01:04.078,20281,20282,20282,3,3
2024-05-02 15:01:07.271,20281,20282,20281,1,-1
2024-05-02 15:01:07.272,20281,20282,20281,1,-1
2024-05-02 15:01:07.272,20281,20282,20281,1,-1
2024-05-02 15:01:07.358,20280,20281,20281,1,1
2024-05-02 15:01:07.360,20280,20281,20281,1,1
2024-05-02 15:01:07.427,20280,20281,20281,1,1
2024-05-02 15:01:08.295,20280,20281,20281,1,1
2024-05-02 15:01:08.311,20280,20281,20281,1,1
2024-05-02 15:01:08.311,20280,20281,20281,1,1
2024-05-02 15:01:09.447,20280,20282,20280,7,-7
2024-05-02 15:01:09.448,20280,20282,20279,2,-2
2024-05-02 15:01:10.391,20279,20280,20279,1,-1
2024-05-02 15:01:10.730,20279,20280,20280,1,1
2024-05-02 15:01:10.759,20279,20280,20280,1,1
2024-05-02 15:01:10.759,20279,20280,20280,3,3
2024-05-02 15:01:10.759,20279,20280,20280,1,1
2024-05-02 15:01:10.760,20279,20280,20280,4,4
2024-05-02 15:01:10.760,20279,20280,20280,1,1
2024-05-02 15:01:11.082,20280,20282,20280,4,-4
2024-05-02 15:01:12.667,20280,20282,20282,2,2
2024-05-02 15:01:16.531,20279,20281,20279,1,-1
2024-05-02 15:01:17.614,20279,20280,20279,4,-4
2024-05-02 15:01:17.657,20279,20280,20278,4,-4
2024-05-02 15:01:17.849,20277,20279,20277,2,-2
2024-05-02 15:01:17.849,20277,20279,20277,1,-1
2024-05-02 15:01:17.849,20277,20279,20277,1,-1
2024-05-02 15:01:17.849,20277,20279,20277,1,-1
2024-05-02 15:01:17.933,20277,20278,20277,1,-1
2024-05-02 15:01:18.350,20276,20278,20278,1,1
2024-05-02 15:01:18.436,20276,20279,20278,1,1
2024-05-02 15:01:18.436,20276,20279,20278,1,1
2024-05-02 15:01:18.436,20276,20279,20278,1,1
2024-05-02 15:01:18.436,20276,20279,20278,1,1
2024-05-02 15:01:18.438,20276,20279,20279,1,1
2024-05-02 15:01:18.669,20277,20279,20277,1,-1
2024-05-02 15:01:18.755,20277,20279,20277,1,-1
2024-05-02 15:01:20.166,20277,20279,20277,1,-1
2024-05-02 15:01:22.862,20277,20278,20277,1,-1
2024-05-02 15:01:24.187,20276,20277,20276,1,-1
2024-05-02 15:01:24.242,20276,20277,20277,1,1
2024-05-02 15:01:24.270,20276,20277,20277,1,1
2024-05-02 15:01:27.546,20276,20278,20276,1,-1
2024-05-02 15:01:27.866,20276,20278,20276,5,-5
2024-05-02 15:01:27.866,20276,20278,20275,5,-5
2024-05-02 15:01:29.039,20275,20277,20275,2,-2
2024-05-02 15:01:29.062,20275,20277,20277,1,1
2024-05-02 15:01:29.062,20275,20277,20277,1,1
2024-05-02 15:01:29.062,20275,20277,20277,1,1
2024-05-02 15:01:29.760,20276,20277,20275,2,-2
2024-05-02 15:01:29.760,20276,20277,20276,2,-2
2024-05-02 15:01:30.191,20275,20277,20277,1,1
2024-05-02 15:01:30.385,20275,20277,20277,1,1
2024-05-02 15:01:32.180,20275,20277,20275,1,-1
2024-05-02 15:01:32.293,20275,20277,20275,1,-1
2024-05-02 15:01:34.328,20276,20277,20276,1,-1
2024-05-02 15:01:34.893,20275,20277,20275,2,-2
2024-05-02 15:01:35.358,20275,20277,20275,3,-3
2024-05-02 15:01:36.486,20276,20277,20277,1,1
2024-05-02 15:01:36.655,20276,20278,20276,1,-1
2024-05-02 15:01:37.382,20276,20278,20276,1,-1
2024-05-02 15:01:37.756,20276,20278,20278,1,1
2024-05-02 15:01:39.024,20278,20280,20278,1,-1
2024-05-02 15:01:39.322,20278,20279,20279,1,1
2024-05-02 15:01:39.632,20278,20280,20278,1,-1
2024-05-02 15:01:40.259,20278,20280,20280,1,1
2024-05-02 15:01:40.260,20278,20280,20280,9,9
2024-05-02 15:01:40.260,20278,20280,20280,3,3
2024-05-02 15:01:40.260,20278,20280,20280,1,1
2024-05-02 15:01:40.260,20278,20280,20280,2,2
2024-05-02 15:01:40.260,20278,20280,20280,1,1
2024-05-02 15:01:40.272,20278,20280,20280,1,1
2024-05-02 15:01:40.422,20279,20281,20281,1,1
2024-05-02 15:01:40.576,20279,20281,20279,1,-1
2024-05-02 15:01:41.517,20280,20281,20280,5,-5
2024-05-02 15:01:41.517,20280,20281,20280,5,-5
2024-05-02 15:01:42.280,20278,20280,20280,1,1
2024-05-02 15:01:42.284,20278,20280,20278,1,-1
2024-05-02 15:01:42.645,20278,20280,20278,2,-2
2024-05-02 15:01:42.645,20278,20280,20277,2,-2
2024-05-02 15:01:46.465,20279,20280,20280,1,1
2024-05-02 15:01:47.157,20279,20281,20279,1,-1
2024-05-02 15:01:50.041,20280,20281,20281,1,1
2024-05-02 15:01:50.042,20280,20281,20281,1,1
2024-05-02 15:01:51.528,20280,20281,20280,3,-3
2024-05-02 15:01:51.714,20279,20280,20279,1,-1
2024-05-02 15:01:52.181,20279,20280,20280,5,5
2024-05-02 15:01:52.182,20279,20280,20280,1,1
2024-05-02 15:01:52.182,20279,20280,20280,1,1
2024-05-02 15:01:52.210,20279,20280,20280,5,5
2024-05-02 15:01:52.814,20281,20282,20282,15,15
2024-05-02 15:01:52.814,20281,20282,20282,1,1
2024-05-02 15:01:52.814,20281,20282,20282,1,1
2024-05-02 15:01:52.814,20281,20282,20282,1,1
2024-05-02 15:01:52.814,20281,20282,20282,2,2
2024-05-02 15:01:52.814,20281,20282,20282,1,1
2024-05-02 15:01:52.815,20281,20282,20283,2,2
2024-05-02 15:01:52.867,20281,20282,20284,1,1
2024-05-02 15:01:52.868,20281,20282,20284,3,3
2024-05-02 15:01:52.918,20281,20282,20283,1,1
2024-05-02 15:01:53.037,20283,20285,20285,1,1
2024-05-02 15:01:53.099,20284,20285,20284,1,-1
2024-05-02 15:01:54.437,20282,20283,20282,1,-1
2024-05-02 15:01:55.174,20282,20284,20284,1,1
2024-05-02 15:01:57.462,20282,20283,20283,1,1
2024-05-02 15:01:59.615,20283,20284,20283,2,-2
2024-05-02 15:02:00.221,20283,20284,20283,4,-4
2024-05-02 15:02:00.232,20283,20284,20283,1,-1
2024-05-02 15:02:01.569,20283,20284,20284,2,2
2024-05-02 15:02:03.016,20283,20285,20283,1,-1
2024-05-02 15:02:03.172,20283,20285,20283,4,-4
2024-05-02 15:02:03.172,20283,20285,20283,2,-2
2024-05-02 15:02:05.187,20283,20284,20283,1,-1
2024-05-02 15:02:05.671,20283,20284,20284,1,1
2024-05-02 15:02:08.451,20284,20285,20284,1,-1
2024-05-02 15:02:08.518,20284,20285,20284,1,-1
2024-05-02 15:02:12.187,20284,20285,20284,1,-1
2024-05-02 15:02:12.499,20284,20285,20284,1,-1
2024-05-02 15:02:12.734,20283,20285,20283,1,-1
2024-05-02 15:02:13.204,20283,20284,20284,1,1
2024-05-02 15:02:13.234,20283,20284,20284,2,2
2024-05-02 15:02:13.234,20283,20284,20285,1,1
2024-05-02 15:02:14.044,20283,20285,20285,1,1
2024-05-02 15:02:14.653,20284,20285,20285,1,1
2024-05-02 15:02:15.174,20285,20286,20286,1,1
2024-05-02 15:02:15.174,20285,20286,20286,2,2
2024-05-02 15:02:15.174,20285,20286,20286,1,1
2024-05-02 15:02:15.174,20285,20286,20286,1,1
2024-05-02 15:02:15.175,20285,20286,20286,1,1
2024-05-02 15:02:15.300,20286,20287,20287,1,1
2024-05-02 15:02:15.978,20286,20287,20286,1,-1
2024-05-02 15:02:16.195,20285,20287,20286,1,-1
2024-05-02 15:02:19.289,20286,20287,20287,1,1
2024-05-02 15:02:19.833,20286,20288,20286,1,-1
2024-05-02 15:02:20.796,20286,20288,20286,1,-1
2024-05-02 15:02:25.567,20286,20288,20286,5,-5
2024-05-02 15:02:27.584,20285,20287,20287,1,1
2024-05-02 15:02:30.626,20286,20287,20286,1,-1
2024-05-02 15:02:30.903,20286,20287,20287,1,1
2024-05-02 15:02:34.986,20286,20287,20286,1,-1
2024-05-02 15:02:38.411,20284,20286,20284,1,-1
2024-05-02 15:02:39.663,20283,20285,20283,4,-4
2024-05-02 15:02:47.094,20285,20287,20285,1,-1
2024-05-02 15:02:52.181,20285,20286,20285,1,-1
2024-05-02 15:02:52.961,20284,20286,20286,3,3
2024-05-02 15:02:55.719,20284,20285,20284,1,-1
2024-05-02 15:03:11.338,20284,20285,20285,1,1
2024-05-02 15:03:11.683,20284,20285,20284,3,-3
2024-05-02 15:03:11.828,20284,20285,20285,1,1
2024-05-02 15:03:12.367,20284,20285,20285,1,1
2024-05-02 15:03:12.890,20284,20285,20285,1,1
2024-05-02 15:03:15.278,20284,20285,20285,1,1
2024-05-02 15:03:15.429,20284,20285,20285,4,4
2024-05-02 15:03:17.575,20285,20286,20285,2,-2
2024-05-02 15:03:17.650,20285,20286,20286,1,1
2024-05-02 15:03:18.066,20285,20287,20287,1,1
2024-05-02 15:03:24.123,20286,20287,20287,11,11
2024-05-02 15:03:24.123,20286,20287,20288,6,6
2024-05-02 15:03:24.153,20286,20287,20288,1,1
2024-05-02 15:03:25.127,20286,20288,20288,2,2
2024-05-02 15:03:25.550,20287,20288,20287,1,-1
2024-05-02 15:03:28.406,20286,20287,20286,1,-1
2024-05-02 15:03:31.375,20286,20288,20288,5,5
2024-05-02 15:03:31.375,20286,20288,20289,10,10
2024-05-02 15:03:31.469,20288,20290,20290,1,1
2024-05-02 15:03:31.700,20288,20290,20288,1,-1
2024-05-02 15:03:32.470,20288,20290,20290,1,1
2024-05-02 15:03:32.470,20288,20290,20290,3,3
2024-05-02 15:03:33.567,20289,20290,20291,8,8
2024-05-02 15:03:33.567,20289,20290,20290,3,3
2024-05-02 15:03:33.568,20289,20290,20291,4,4
2024-05-02 15:03:33.568,20289,20290,20291,1,1
2024-05-02 15:03:33.698,20289,20292,20292,1,1
2024-05-02 15:03:34.003,20289,20292,20291,1,1
2024-05-02 15:03:34.384,20289,20290,20290,1,1
2024-05-02 15:03:35.253,20289,20290,20289,1,-1
2024-05-02 15:03:37.126,20289,20291,20291,6,6
2024-05-02 15:03:37.126,20289,20291,20292,1,1
2024-05-02 15:03:37.127,20289,20291,20291,1,1
2024-05-02 15:03:39.454,20290,20292,20292,1,1
2024-05-02 15:03:41.923,20290,20291,20291,1,1
2024-05-02 15:03:41.989,20290,20291,20291,2,2
2024-05-02 15:03:41.989,20290,20291,20292,13,13
2024-05-02 15:03:42.898,20291,20293,20291,1,-1
2024-05-02 15:03:44.354,20292,20293,20293,1,1
2024-05-02 15:03:44.355,20292,20293,20293,1,1
2024-05-02 15:03:44.355,20292,20293,20293,2,2
2024-05-02 15:03:44.355,20292,20293,20293,2,2
2024-05-02 15:03:44.355,20292,20293,20293,18,18
2024-05-02 15:03:44.356,20292,20293,20294,14,14
2024-05-02 15:03:44.356,20292,20293,20294,1,1
2024-05-02 15:03:44.356,20292,20293,20294,1,1
2024-05-02 15:03:44.375,20292,20293,20294,2,2
2024-05-02 15:03:44.376,20292,20293,20293,10,10
2024-05-02 15:03:44.606,20293,20295,20295,1,1
2024-05-02 15:03:44.667,20293,20295,20293,2,-2
2024-05-02 15:03:44.681,20293,20295,20292,1,-1
2024-05-02 15:03:44.692,20292,20293,20293,1,1
2024-05-02 15:03:44.895,20292,20293,20292,2,-2
2024-05-02 15:03:44.895,20292,20293,20292,11,-11
2024-05-02 15:03:45.406,20292,20293,20293,3,3
2024-05-02 15:03:45.504,20292,20294,20294,1,1
2024-05-02 15:03:46.711,20292,20293,20293,1,1
2024-05-02 15:03:47.557,20292,20293,20292,1,-1
2024-05-02 15:03:48.472,20292,20293,20293,1,1
2024-05-02 15:03:50.299,20292,20294,20294,6,6
2024-05-02 15:03:51.787,20292,20294,20294,2,2
2024-05-02 15:03:51.787,20292,20294,20295,10,10
2024-05-02 15:03:51.847,20293,20295,20293,1,-1
2024-05-02 15:03:52.011,20293,20295,20293,1,-1
2024-05-02 15:03:52.916,20293,20294,20294,1,1
2024-05-02 15:03:53.602,20293,20294,20294,1,1
2024-05-02 15:03:54.792,20293,20296,20296,4,4
2024-05-02 15:03:55.685,20294,20295,20295,1,1
2024-05-02 15:03:55.856,20294,20295,20295,1,1
2024-05-02 15:03:55.856,20294,20295,20296,3,3
2024-05-02 15:03:57.002,20294,20295,20294,2,-2
2024-05-02 15:03:57.730,20293,20295,20295,3,3
2024-05-02 15:03:58.736,20294,20295,20294,1,-1
2024-05-02 15:03:58.903,20293,20295,20295,1,1
2024-05-02 15:04:00.592,20293,20295,20295,3,3
2024-05-02 15:04:01.427,20293,20294,20294,1,1
2024-05-02 15:04:02.131,20293,20294,20294,1,1
2024-05-02 15:04:05.286,20293,20294,20293,4,-4
2024-05-02 15:04:05.425,20293,20294,20293,1,-1
2024-05-02 15:04:07.102,20293,20294,20294,1,1
2024-05-02 15:04:09.228,20293,20294,20294,1,1
2024-05-02 15:04:12.404,20293,20295,20295,1,1
2024-05-02 15:04:13.226,20293,20295,20295,1,1
2024-05-02 15:04:15.663,20293,20294,20294,1,1
2024-05-02 15:04:18.049,20293,20295,20295,1,1
2024-05-02 15:04:19.050,20294,20295,20295,1,1
2024-05-02 15:04:19.051,20294,20295,20295,3,3
2024-05-02 15:04:19.051,20294,20295,20295,2,2
2024-05-02 15:04:19.051,20294,20295,20295,1,1
2024-05-02 15:04:27.032,20294,20295,20295,1,1
2024-05-02 15:04:27.033,20294,20295,20295,1,1
2024-05-02 15:04:27.973,20294,20296,20295,1,1
2024-05-02 15:04:30.397,20295,20296,20295,1,-1
2024-05-02 15:04:31.086,20295,20296,20295,8,-8
2024-05-02 15:04:33.042,20295,20296,20295,1,-1
2024-05-02 15:04:35.294,20294,20295,20295,1,1
2024-05-02 15:04:40.138,20295,20296,20295,1,-1
2024-05-02 15:04:40.852,20295,20296,20296,1,1
2024-05-02 15:04:43.762,20295,20296,20296,1,1
2024-05-02 15:04:44.625,20295,20296,20296,6,6
2024-05-02 15:04:44.625,20295,20296,20297,9,9
2024-05-02 15:04:45.524,20296,20297,20297,15,15
2024-05-02 15:04:45.525,20296,20297,20298,1,1
2024-05-02 15:04:45.525,20296,20297,20298,2,2
2024-05-02 15:04:45.525,20296,20297,20298,1,1
2024-05-02 15:04:45.525,20296,20297,20298,1,1
2024-05-02 15:04:45.525,20296,20297,20298,1,1
2024-05-02 15:04:45.525,20296,20297,20298,8,8
2024-05-02 15:04:48.351,20298,20299,20299,2,2
2024-05-02 15:04:49.070,20298,20299,20299,1,1
2024-05-02 15:04:49.453,20298,20299,20298,1,-1
2024-05-02 15:04:50.413,20298,20299,20299,1,1
2024-05-02 15:04:50.413,20298,20299,20300,3,3
2024-05-02 15:04:50.449,20298,20300,20300,1,1
2024-05-02 15:04:50.555,20298,20300,20298,1,-1
2024-05-02 15:04:53.184,20298,20300,20298,3,-3
2024-05-02 15:04:53.469,20298,20299,20298,4,-4
2024-05-02 15:04:53.514,20298,20299,20299,4,4
2024-05-02 15:04:53.942,20298,20299,20300,6,6
2024-05-02 15:04:53.942,20298,20299,20299,1,1
2024-05-02 15:04:54.456,20298,20300,20300,2,2
2024-05-02 15:04:54.995,20298,20299,20299,1,1
2024-05-02 15:04:55.581,20299,20300,20300,1,1
2024-05-02 15:04:56.183,20299,20300,20299,4,-4
2024-05-02 15:04:57.658,20298,20299,20299,1,1
2024-05-02 15:04:59.919,20298,20299,20299,1,1
2024-05-02 15:04:59.919,20298,20299,20300,14,14
2024-05-02 15:04:59.920,20298,20299,20300,2,2
2024-05-02 15:04:59.992,20299,20300,20299,1,-1
2024-05-02 15:05:01.053,20299,20301,20299,1,-1
2024-05-02 15:05:01.064,20299,20301,20299,1,-1
2024-05-02 15:05:01.578,20299,20301,20299,1,-1
2024-05-02 15:05:01.591,20299,20301,20299,4,-4
2024-05-02 15:05:01.756,20299,20301,20299,1,-1
2024-05-02 15:05:03.315,20300,20301,20300,1,-1
2024-05-02 15:05:06.221,20300,20301,20301,1,1
2024-05-02 15:05:06.407,20300,20301,20301,1,1
2024-05-02 15:05:10.017,20300,20301,20301,1,1
2024-05-02 15:05:10.094,20300,20301,20301,2,2
2024-05-02 15:05:10.425,20300,20301,20300,15,-15
2024-05-02 15:05:10.427,20300,20301,20299,1,-1
2024-05-02 15:05:11.030,20298,20300,20298,1,-1
2024-05-02 15:05:11.882,20298,20299,20298,1,-1
2024-05-02 15:05:11.936,20298,20299,20298,2,-2
2024-05-02 15:05:11.936,20298,20299,20298,3,-3
2024-05-02 15:05:13.194,20295,20297,20297,2,2
2024-05-02 15:05:13.194,20295,20297,20298,3,3
2024-05-02 15:05:13.523,20296,20297,20297,1,1
2024-05-02 15:05:21.397,20296,20297,20297,1,1
2024-05-02 15:05:27.907,20295,20297,20297,4,4
2024-05-02 15:05:27.907,20295,20297,20298,1,1
2024-05-02 15:05:33.844,20297,20298,20298,1,1
2024-05-02 15:05:34.019,20298,20299,20298,1,-1
2024-05-02 15:05:37.231,20297,20298,20297,3,-3
2024-05-02 15:05:37.494,20296,20297,20297,1,1
2024-05-02 15:05:37.632,20296,20297,20297,6,6
2024-05-02 15:05:37.632,20296,20297,20298,5,5
2024-05-02 15:05:37.632,20296,20297,20299,2,2
2024-05-02 15:05:39.589,20297,20299,20299,1,1
2024-05-02 15:05:40.449,20297,20298,20297,1,-1
2024-05-02 15:05:42.750,20297,20298,20297,1,-1
2024-05-02 15:05:45.460,20296,20298,20297,1,-1
2024-05-02 15:05:45.945,20296,20297,20297,1,1
2024-05-02 15:05:48.611,20296,20297,20297,1,1
2024-05-02 15:05:54.844,20296,20298,20296,3,-3
2024-05-02 15:05:55.028,20296,20298,20296,1,-1
2024-05-02 15:05:55.657,20296,20298,20298,1,1
2024-05-02 15:05:59.776,20297,20299,20299,4,4
2024-05-02 15:06:03.581,20296,20297,20296,1,-1
2024-05-02 15:06:11.708,20296,20297,20296,3,-3
2024-05-02 15:06:12.627,20295,20296,20296,1,1
2024-05-02 15:06:19.229,20295,20296,20296,1,1
2024-05-02 15:06:20.260,20295,20296,20296,1,1
2024-05-02 15:06:20.680,20294,20295,20295,15,15
2024-05-02 15:06:20.680,20294,20295,20295,9,9
2024-05-02 15:06:20.681,20294,20295,20294,1,-1
2024-05-02 15:06:21.904,20294,20295,20294,2,-2
2024-05-02 15:06:24.551,20294,20295,20294,1,-1
2024-05-02 15:06:25.299,20294,20295,20295,1,1
2024-05-02 15:06:25.938,20294,20295,20294,1,-1
2024-05-02 15:06:27.210,20294,20295,20294,1,-1
2024-05-02 15:06:28.412,20293,20295,20295,1,1
2024-05-02 15:06:29.514,20293,20294,20294,1,1
2024-05-02 15:06:30.786,20293,20294,20293,1,-1
2024-05-02 15:06:31.344,20293,20294,20294,3,3
2024-05-02 15:06:33.880,20293,20294,20293,1,-1
2024-05-02 15:06:34.044,20293,20294,20294,1,1
2024-05-02 15:06:34.044,20293,20294,20294,1,1
2024-05-02 15:06:41.158,20293,20295,20295,9,9
2024-05-02 15:06:44.458,20295,20296,20295,1,-1
2024-05-02 15:06:48.407,20294,20295,20295,1,1
2024-05-02 15:06:48.993,20295,20296,20296,2,2
2024-05-02 15:06:53.025,20295,20297,20295,1,-1
2024-05-02 15:07:00.493,20295,20296,20296,2,2
2024-05-02 15:07:07.929,20295,20296,20295,4,-4
2024-05-02 15:07:07.929,20295,20296,20295,1,-1
2024-05-02 15:07:10.185,20294,20296,20294,1,-1
2024-05-02 15:07:23.121,20294,20296,20294,1,-1
2024-05-02 15:07:24.169,20294,20296,20296,1,1
2024-05-02 15:07:31.333,20294,20296,20294,1,-1
2024-05-02 15:07:35.995,20294,20296,20294,5,-5
2024-05-02 15:07:36.338,20294,20295,20294,3,-3
2024-05-02 15:07:37.531,20293,20294,20293,2,-2
2024-05-02 15:07:37.531,20293,20294,20292,3,-3
2024-05-02 15:07:43.680,20293,20294,20292,4,-4
2024-05-02 15:07:43.680,20293,20294,20293,1,-1
2024-05-02 15:07:44.546,20292,20294,20292,1,-1
2024-05-02 15:07:44.765,20292,20294,20292,1,-1
2024-05-02 15:07:45.562,20291,20294,20291,1,-1
2024-05-02 15:07:45.704,20291,20294,20291,4,-4
2024-05-02 15:07:52.108,20291,20292,20292,1,1
2024-05-02 15:08:04.525,20292,20293,20293,1,1
2024-05-02 15:08:05.878,20292,20293,20292,1,-1
2024-05-02 15:08:05.879,20292,20293,20292,1,-1
2024-05-02 15:08:05.879,20292,20293,20292,1,-1
2024-05-02 15:08:05.913,20292,20293,20291,19,-19
2024-05-02 15:08:06.199,20290,20291,20291,1,1
2024-05-02 15:08:08.557,20291,20293,20291,1,-1
2024-05-02 15:08:08.557,20291,20293,20290,3,-3
2024-05-02 15:08:08.596,20290,20292,20290,5,-5
2024-05-02 15:08:08.748,20290,20292,20290,1,-1
2024-05-02 15:08:09.321,20290,20292,20292,1,1
2024-05-02 15:08:13.562,20290,20292,20290,4,-4
2024-05-02 15:08:18.525,20290,20292,20290,1,-1
2024-05-02 15:08:21.305,20289,20290,20290,2,2
2024-05-02 15:08:23.030,20289,20290,20289,1,-1
2024-05-02 15:08:23.132,20289,20290,20289,1,-1
2024-05-02 15:08:23.132,20289,20290,20289,1,-1
2024-05-02 15:08:23.481,20288,20290,20288,1,-1
2024-05-02 15:08:23.984,20289,20290,20289,1,-1
2024-05-02 15:08:24.845,20289,20290,20289,1,-1
2024-05-02 15:08:28.619,20288,20289,20289,1,1
2024-05-02 15:08:28.788,20288,20290,20288,2,-2
2024-05-02 15:08:36.062,20287,20288,20287,1,-1
2024-05-02 15:08:38.311,20287,20288,20288,1,1
2024-05-02 15:08:38.311,20287,20288,20288,2,2
2024-05-02 15:08:38.311,20287,20288,20288,2,2
2024-05-02 15:08:41.164,20288,20289,20288,1,-1
2024-05-02 15:08:44.417,20287,20289,20287,5,-5
2024-05-02 15:08:46.592,20288,20289,20288,4,-4
2024-05-02 15:08:48.923,20288,20289,20288,2,-2
2024-05-02 15:08:48.956,20288,20289,20289,2,2
2024-05-02 15:08:49.985,20288,20290,20288,1,-1
2024-05-02 15:08:52.520,20288,20290,20290,2,2
2024-05-02 15:08:53.056,20288,20290,20288,1,-1
2024-05-02 15:08:54.965,20288,20290,20290,1,1
2024-05-02 15:09:01.131,20290,20291,20290,1,-1
2024-05-02 15:09:01.158,20290,20291,20290,1,-1
2024-05-02 15:09:01.159,20290,20291,20290,1,-1
2024-05-02 15:09:01.194,20289,20290,20290,1,1
2024-05-02 15:09:03.925,20289,20291,20291,5,5
2024-05-02 15:09:12.239,20290,20292,20292,5,5
2024-05-02 15:09:16.538,20292,20293,20293,1,1
2024-05-02 15:09:21.395,20292,20294,20294,2,2
2024-05-02 15:09:24.000,20294,20295,20294,3,-3
2024-05-02 15:09:24.484,20293,20295,20295,3,3
2024-05-02 15:09:34.169,20294,20296,20294,1,-1
2024-05-02 15:09:38.751,20294,20296,20294,3,-3
2024-05-02 15:09:41.139,20295,20296,20296,1,1
2024-05-02 15:09:46.525,20295,20296,20296,2,2
2024-05-02 15:09:47.377,20295,20296,20296,2,2
2024-05-02 15:09:53.174,20295,20296,20295,1,-1
2024-05-02 15:09:55.299,20295,20296,20295,4,-4
2024-05-02 15:09:57.942,20294,20295,20294,4,-4
2024-05-02 15:09:57.943,20294,20295,20294,1,-1
2024-05-02 15:09:57.943,20294,20295,20294,1,-1
2024-05-02 15:09:58.166,20293,20295,20295,2,2
2024-05-02 15:09:58.264,20293,20295,20295,1,1
2024-05-02 15:09:58.901,20293,20295,20293,4,-4
2024-05-02 15:10:03.311,20293,20295,20293,1,-1
2024-05-02 15:10:03.942,20293,20295,20295,1,1
2024-05-02 15:10:04.077,20293,20295,20295,1,1
2024-05-02 15:10:04.738,20293,20295,20295,1,1
2024-05-02 15:10:06.468,20293,20295,20293,1,-1
2024-05-02 15:10:07.088,20293,20295,20295,1,1
2024-05-02 15:10:11.047,20294,20295,20294,1,-1
2024-05-02 15:10:13.006,20293,20294,20293,1,-1
2024-05-02 15:10:15.602,20292,20293,20293,1,1
2024-05-02 15:10:16.308,20292,20294,20294,1,1
2024-05-02 15:10:21.054,20293,20295,20293,1,-1
2024-05-02 15:10:24.795,20293,20294,20293,1,-1
2024-05-02 15:10:31.881,20293,20295,20293,2,-2
2024-05-02 15:10:31.882,20293,20295,20293,4,-4
2024-05-02 15:10:34.039,20292,20294,20294,1,1
2024-05-02 15:10:34.655,20292,20293,20292,2,-2
2024-05-02 15:10:35.179,20292,20293,20293,1,1
2024-05-02 15:10:39.304,20292,20293,20293,1,1
2024-05-02 15:10:39.976,20292,20293,20292,2,-2
2024-05-02 15:10:41.941,20292,20293,20292,5,-5
2024-05-02 15:10:42.805,20291,20292,20291,1,-1
2024-05-02 15:10:52.585,20291,20292,20291,1,-1
2024-05-02 15:11:00.723,20290,20291,20290,3,-3
2024-05-02 15:11:02.879,20289,20290,20290,1,1
2024-05-02 15:11:03.411,20289,20290,20289,2,-2
2024-05-02 15:11:06.721,20288,20289,20288,1,-1
2024-05-02 15:11:06.721,20288,20289,20288,1,-1
2024-05-02 15:11:06.721,20288,20289,20288,1,-1
2024-05-02 15:11:07.896,20287,20288,20287,1,-1
2024-05-02 15:11:07.896,20287,20288,20287,2,-2
2024-05-02 15:11:08.118,20286,20288,20286,1,-1
2024-05-02 15:11:08.233,20286,20288,20286,1,-1
2024-05-02 15:11:08.275,20286,20288,20286,1,-1
2024-05-02 15:11:09.468,20287,20289,20287,1,-1
2024-05-02 15:11:09.877,20286,20289,20286,1,-1
2024-05-02 15:11:11.887,20287,20288,20288,5,5
2024-05-02 15:11:12.318,20288,20289,20288,1,-1
2024-05-02 15:11:19.566,20287,20288,20288,1,1
2024-05-02 15:11:20.771,20287,20289,20289,1,1
2024-05-02 15:11:23.310,20289,20290,20290,1,1
2024-05-02 15:11:28.103,20290,20291,20291,1,1
2024-05-02 15:11:28.103,20290,20291,20291,2,2
2024-05-02 15:11:29.139,20290,20292,20289,1,-1
2024-05-02 15:11:29.139,20290,20292,20290,4,-4
2024-05-02 15:11:31.219,20289,20291,20291,1,1
2024-05-02 15:11:34.414,20289,20291,20289,1,-1
2024-05-02 15:11:36.023,20289,20290,20289,1,-1
2024-05-02 15:11:46.515,20289,20290,20289,1,-1
2024-05-02 15:11:49.496,20288,20289,20289,1,1
2024-05-02 15:12:00.220,20288,20289,20288,1,-1
2024-05-02 15:12:10.825,20288,20289,20288,1,-1
2024-05-02 15:12:20.224,20288,20289,20288,3,-3
2024-05-02 15:12:22.966,20287,20290,20288,1,-1
2024-05-02 15:12:34.446,20288,20289,20289,1,1
2024-05-02 15:12:37.130,20288,20290,20290,1,1
2024-05-02 15:12:42.735,20288,20290,20288,1,-1
2024-05-02 15:12:42.735,20288,20290,20288,1,-1
2024-05-02 15:12:42.735,20288,20290,20288,1,-1
2024-05-02 15:12:43.638,20287,20288,20287,1,-1
2024-05-02 15:12:43.639,20287,20288,20287,1,-1
2024-05-02 15:12:43.639,20287,20288,20287,6,-6
2024-05-02 15:12:48.023,20286,20287,20286,2,-2
2024-05-02 15:12:50.170,20285,20286,20286,1,1
2024-05-02 15:12:54.075,20285,20286,20286,1,1
2024-05-02 15:12:57.826,20285,20287,20285,1,-1
2024-05-02 15:13:00.221,20286,20287,20286,1,-1
2024-05-02 15:13:02.202,20285,20287,20286,1,-1
2024-05-02 15:13:11.939,20286,20287,20287,1,1
2024-05-02 15:13:19.340,20287,20288,20287,1,-1
2024-05-02 15:13:20.229,20287,20288,20287,1,-1
2024-05-02 15:13:31.997,20287,20288,20288,4,4
2024-05-02 15:13:35.102,20288,20289,20289,1,1
2024-05-02 15:13:35.102,20288,20289,20290,4,4
2024-05-02 15:13:45.388,20288,20289,20288,1,-1
2024-05-02 15:13:46.162,20288,20289,20289,1,1
2024-05-02 15:14:00.213,20288,20289,20288,5,-5
2024-05-02 15:14:24.940,20288,20290,20288,2,-2
2024-05-02 15:14:25.104,20288,20290,20288,1,-1
2024-05-02 15:14:28.203,20288,20290,20288,2,-2
2024-05-02 15:14:36.176,20288,20289,20288,1,-1
2024-05-02 15:14:38.386,20288,20290,20288,1,-1
2024-05-02 15:14:48.537,20288,20289,20289,2,2
2024-05-02 15:14:48.537,20288,20289,20290,3,3
2024-05-02 15:14:49.940,20288,20290,20288,1,-1
2024-05-02 15:14:50.943,20288,20290,20288,1,-1
2024-05-02 15:14:52.860,20288,20290,20288,3,-3
2024-05-02 15:14:54.322,20288,20290,20290,1,1
2024-05-02 15:15:04.131,20288,20289,20288,2,-2
2024-05-02 15:15:04.572,20287,20289,20287,1,-1
2024-05-02 15:15:04.573,20287,20289,20287,4,-4
2024-05-02 15:15:04.588,20287,20289,20286,1,-1
2024-05-02 15:15:04.611,20287,20289,20288,1,-1
2024-05-02 15:15:04.624,20287,20289,20286,1,-1
2024-05-02 15:15:04.787,20286,20288,20288,1,1
2024-05-02 15:15:05.964,20287,20289,20287,1,-1
2024-05-02 15:15:13.658,20288,20289,20288,1,-1
2024-05-02 15:15:22.395,20288,20290,20290,1,1
2024-05-02 15:15:22.396,20288,20290,20290,10,10
2024-05-02 15:15:24.330,20290,20291,20290,2,-2
2024-05-02 15:15:26.237,20290,20291,20291,2,2
2024-05-02 15:15:29.980,20291,20292,20292,1,1
2024-05-02 15:15:29.997,20291,20292,20292,1,1
2024-05-02 15:15:35.988,20292,20293,20293,4,4
2024-05-02 15:15:37.041,20292,20294,20294,1,1
2024-05-02 15:15:40.871,20293,20294,20294,1,1
2024-05-02 15:15:45.046,20293,20295,20295,7,7
2024-05-02 15:15:45.046,20293,20295,20296,13,13
2024-05-02 15:15:45.167,20294,20296,20296,1,1
2024-05-02 15:15:52.772,20295,20297,20295,1,-1
2024-05-02 15:15:54.852,20294,20296,20296,1,1
2024-05-02 15:16:00.733,20295,20296,20295,1,-1
2024-05-02 15:16:00.814,20295,20296,20296,1,1
2024-05-02 15:16:00.814,20295,20296,20296,1,1
2024-05-02 15:16:00.814,20295,20296,20296,1,1
2024-05-02 15:16:00.814,20295,20296,20296,1,1
2024-05-02 15:16:00.815,20295,20296,20297,1,1
2024-05-02 15:16:00.823,20295,20296,20297,1,1
2024-05-02 15:16:03.303,20295,20296,20296,2,2
2024-05-02 15:16:05.693,20296,20297,20297,5,5
2024-05-02 15:16:07.272,20297,20298,20297,1,-1
2024-05-02 15:16:08.105,20297,20298,20298,1,1
2024-05-02 15:16:08.186,20297,20298,20298,1,1
2024-05-02 15:16:08.186,20297,20298,20298,1,1
2024-05-02 15:16:08.186,20297,20298,20299,1,1
2024-05-02 15:16:08.187,20297,20298,20299,1,1
2024-05-02 15:16:08.187,20297,20298,20299,1,1
2024-05-02 15:16:08.193,20297,20298,20299,1,1
2024-05-02 15:16:08.333,20298,20299,20299,1,1
2024-05-02 15:16:09.198,20298,20299,20299,1,1
2024-05-02 15:16:11.523,20298,20299,20299,4,4
2024-05-02 15:16:11.523,20298,20299,20299,4,4
2024-05-02 15:16:11.525,20298,20299,20299,2,2
2024-05-02 15:16:12.936,20298,20300,20300,1,1
2024-05-02 15:16:13.089,20298,20300,20300,1,1
2024-05-02 15:16:13.460,20298,20300,20299,1,1
2024-05-02 15:16:13.707,20299,20300,20300,1,1
2024-05-02 15:16:13.726,20299,20300,20300,4,4
2024-05-02 15:16:13.937,20299,20300,20299,1,-1
2024-05-02 15:16:16.353,20298,20300,20300,4,4
2024-05-02 15:16:16.822,20298,20299,20299,1,1
2024-05-02 15:16:21.462,20297,20299,20299,1,1
2024-05-02 15:16:23.210,20297,20299,20300,1,1
2024-05-02 15:16:23.210,20297,20299,20299,9,9
2024-05-02 15:16:23.311,20298,20300,20300,1,1
2024-05-02 15:16:23.311,20298,20300,20300,1,1
2024-05-02 15:16:23.312,20298,20300,20300,1,1
2024-05-02 15:16:26.288,20298,20300,20300,1,1
2024-05-02 15:16:26.562,20299,20300,20299,3,-3
2024-05-02 15:16:26.688,20298,20300,20300,1,1
2024-05-02 15:16:30.170,20298,20300,20300,1,1
2024-05-02 15:16:30.186,20298,20300,20300,1,1
2024-05-02 15:16:30.186,20298,20300,20300,1,1
2024-05-02 15:16:30.502,20298,20300,20301,5,5
2024-05-02 15:16:30.502,20298,20300,20300,7,7
2024-05-02 15:16:30.600,20299,20301,20301,1,1
2024-05-02 15:16:33.489,20297,20299,20299,1,1
2024-05-02 15:16:36.863,20296,20298,20298,1,1
2024-05-02 15:16:36.863,20296,20298,20299,7,7
2024-05-02 15:16:41.155,20299,20300,20299,1,-1
2024-05-02 15:16:41.155,20299,20300,20298,6,-6
2024-05-02 15:16:41.186,20297,20299,20299,1,1
2024-05-02 15:16:47.420,20296,20297,20297,1,1
2024-05-02 15:16:50.222,20296,20298,20298,3,3
2024-05-02 15:16:50.313,20296,20299,20299,1,1
2024-05-02 15:16:52.875,20296,20297,20297,1,1
2024-05-02 15:16:52.875,20296,20297,20298,3,3
2024-05-02 15:16:55.870,20296,20297,20296,1,-1
2024-05-02 15:16:56.128,20296,20297,20297,1,1
2024-05-02 15:16:59.034,20296,20297,20296,8,-8
2024-05-02 15:16:59.077,20295,20296,20295,2,-2
2024-05-02 15:16:59.077,20295,20296,20295,1,-1
2024-05-02 15:16:59.232,20293,20295,20293,1,-1
2024-05-02 15:17:03.001,20293,20295,20293,1,-1
2024-05-02 15:17:04.174,20293,20294,20294,1,1
2024-05-02 15:17:04.939,20293,20295,20293,2,-2
2024-05-02 15:17:06.473,20293,20295,20295,1,1
2024-05-02 15:17:09.184,20293,20294,20293,1,-1
2024-05-02 15:17:15.931,20291,20292,20291,3,-3
2024-05-02 15:17:16.073,20290,20292,20290,2,-2
2024-05-02 15:17:20.931,20289,20290,20289,3,-3
2024-05-02 15:17:20.955,20289,20290,20288,1,-1
2024-05-02 15:17:24.653,20289,20290,20289,1,-1
2024-05-02 15:17:24.653,20289,20290,20288,3,-3
2024-05-02 15:17:25.005,20288,20290,20288,1,-1
2024-05-02 15:17:36.690,20289,20290,20289,1,-1
2024-05-02 15:17:37.578,20288,20290,20288,3,-3
2024-05-02 15:17:38.310,20288,20290,20288,3,-3
2024-05-02 15:17:38.310,20288,20290,20287,1,-1
2024-05-02 15:17:44.050,20287,20290,20290,1,1
2024-05-02 15:17:47.405,20288,20290,20288,1,-1
2024-05-02 15:17:48.977,20287,20289,20287,9,-9
2024-05-02 15:17:48.977,20287,20289,20286,6,-6
2024-05-02 15:17:50.697,20286,20288,20288,1,1
2024-05-02 15:17:51.917,20286,20288,20286,2,-2
2024-05-02 15:17:57.700,20287,20289,20286,9,-9
2024-05-02 15:17:57.700,20287,20289,20287,3,-3
2024-05-02 15:18:00.222,20286,20287,20286,1,-1
2024-05-02 15:18:04.174,20286,20287,20287,1,1
2024-05-02 15:18:04.731,20286,20288,20286,3,-3
2024-05-02 15:18:08.005,20285,20288,20285,2,-2
2024-05-02 15:18:13.342,20286,20288,20286,2,-2
2024-05-02 15:18:14.611,20287,20288,20288,1,1
2024-05-02 15:18:16.236,20287,20289,20287,5,-5
2024-05-02 15:18:20.223,20286,20287,20286,3,-3
2024-05-02 15:18:25.368,20286,20287,20286,4,-4
2024-05-02 15:18:26.109,20285,20287,20285,1,-1
2024-05-02 15:18:31.545,20286,20287,20286,1,-1
2024-05-02 15:18:31.668,20286,20287,20286,2,-2
2024-05-02 15:18:32.166,20286,20287,20286,1,-1
2024-05-02 15:18:32.166,20286,20287,20285,2,-2
2024-05-02 15:18:33.558,20286,20287,20287,1,1
2024-05-02 15:18:33.559,20286,20287,20287,1,1
2024-05-02 15:18:33.559,20286,20287,20287,2,2
2024-05-02 15:18:33.559,20286,20287,20287,1,1
2024-05-02 15:18:37.326,20288,20289,20288,1,-1
2024-05-02 15:18:37.326,20288,20289,20287,1,-1
2024-05-02 15:18:39.543,20288,20289,20288,1,-1
2024-05-02 15:18:39.665,20287,20289,20289,5,5
2024-05-02 15:18:40.093,20287,20289,20287,1,-1
2024-05-02 15:18:50.263,20288,20289,20288,3,-3
2024-05-02 15:19:00.769,20286,20287,20286,1,-1
2024-05-02 15:19:13.865,20287,20289,20289,1,1
2024-05-02 15:19:16.094,20288,20290,20288,5,-5
2024-05-02 15:19:17.250,20289,20290,20290,2,2
2024-05-02 15:19:17.250,20289,20290,20290,1,1
2024-05-02 15:19:17.942,20290,20291,20290,1,-1
2024-05-02 15:19:28.376,20290,20291,20290,1,-1
2024-05-02 15:19:29.438,20289,20291,20291,1,1
2024-05-02 15:19:33.326,20288,20290,20290,5,5
2024-05-02 15:19:48.325,20289,20290,20289,1,-1
2024-05-02 15:19:48.581,20289,20290,20289,1,-1
2024-05-02 15:19:49.318,20288,20290,20288,1,-1
2024-05-02 15:19:49.554,20288,20290,20288,1,-1
2024-05-02 15:19:52.973,20289,20290,20290,2,2
2024-05-02 15:19:57.925,20289,20290,20289,5,-5
2024-05-02 15:19:59.087,20288,20289,20289,1,1
2024-05-02 15:20:01.472,20288,20290,20290,4,4
2024-05-02 15:20:05.091,20289,20290,20290,1,1
2024-05-02 15:20:08.366,20289,20290,20289,1,-1
2024-05-02 15:20:09.453,20288,20290,20290,1,1
2024-05-02 15:20:34.839,20288,20290,20290,1,1
2024-05-02 15:20:52.372,20289,20291,20289,1,-1
2024-05-02 15:21:14.883,20290,20291,20290,1,-1
2024-05-02 15:21:28.345,20290,20291,20290,2,-2
2024-05-02 15:21:28.620,20289,20290,20290,1,1
2024-05-02 15:21:41.462,20289,20291,20289,1,-1
2024-05-02 15:21:49.111,20289,20291,20291,1,1
2024-05-02 15:22:25.364,20289,20291,20291,5,5
2024-05-02 15:22:29.865,20290,20292,20290,1,-1
2024-05-02 15:22:41.194,20291,20292,20292,1,1
2024-05-02 15:22:41.196,20291,20292,20292,1,1
2024-05-02 15:22:59.155,20292,20293,20292,5,-5
2024-05-02 15:23:08.698,20292,20293,20293,2,2
2024-05-02 15:23:09.021,20292,20294,20294,1,1
2024-05-02 15:23:23.108,20293,20294,20294,1,1
2024-05-02 15:23:23.562,20293,20294,20294,1,1
2024-05-02 15:23:30.470,20292,20294,20294,2,2
2024-05-02 15:23:30.471,20292,20294,20294,1,1
2024-05-02 15:23:30.586,20294,20295,20295,1,1
2024-05-02 15:23:36.539,20293,20295,20295,2,2
2024-05-02 15:23:36.922,20293,20295,20293,1,-1
2024-05-02 15:23:48.695,20294,20295,20294,1,-1
2024-05-02 15:24:11.748,20293,20295,20293,1,-1
2024-05-02 15:24:20.584,20293,20294,20294,2,2
2024-05-02 15:24:27.652,20293,20294,20293,1,-1
2024-05-02 15:24:29.627,20292,20294,20294,2,2
2024-05-02 15:24:32.692,20293,20294,20294,2,2
2024-05-02 15:24:48.073,20293,20294,20294,4,4
2024-05-02 15:24:52.202,20294,20295,20295,5,5
2024-05-02 15:24:59.994,20294,20296,20294,1,-1
2024-05-02 15:25:00.096,20294,20296,20296,2,2
2024-05-02 15:25:00.256,20294,20296,20296,1,1
2024-05-02 15:25:01.828,20295,20296,20295,1,-1
2024-05-02 15:25:14.803,20294,20295,20295,1,1
2024-05-02 15:25:28.449,20295,20296,20296,4,4
2024-05-02 15:25:31.773,20296,20297,20297,1,1
2024-05-02 15:25:31.773,20296,20297,20297,3,3
2024-05-02 15:25:36.695,20296,20298,20298,1,1
2024-05-02 15:25:37.834,20296,20297,20296,1,-1
2024-05-02 15:25:37.835,20296,20297,20296,1,-1
2024-05-02 15:25:40.731,20295,20296,20295,1,-1
2024-05-02 15:25:46.396,20295,20296,20296,1,1
2024-05-02 15:25:46.623,20295,20296,20295,2,-2
2024-05-02 15:25:47.927,20294,20295,20294,2,-2
2024-05-02 15:25:49.104,20292,20294,20294,2,2
2024-05-02 15:25:49.833,20292,20294,20294,2,2
2024-05-02 15:25:49.881,20292,20294,20294,1,1
2024-05-02 15:26:05.302,20293,20294,20293,1,-1
2024-05-02 15:26:12.080,20292,20294,20294,1,1
2024-05-02 15:26:13.356,20292,20293,20293,1,1
2024-05-02 15:26:21.381,20293,20294,20293,2,-2
2024-05-02 15:26:21.381,20293,20294,20292,1,-1
2024-05-02 15:26:26.543,20292,20293,20293,1,1
2024-05-02 15:26:29.504,20293,20294,20293,1,-1
2024-05-02 15:26:36.553,20292,20293,20292,1,-1
2024-05-02 15:26:36.553,20292,20293,20292,5,-5
2024-05-02 15:26:36.553,20292,20293,20292,1,-1
2024-05-02 15:26:40.879,20291,20292,20291,5,-5
2024-05-02 15:26:41.678,20290,20292,20292,1,1
2024-05-02 15:26:45.942,20290,20291,20290,8,-8
2024-05-02 15:26:56.469,20289,20290,20289,1,-1
2024-05-02 15:26:56.470,20289,20290,20289,3,-3
2024-05-02 15:27:02.819,20289,20290,20290,2,2
2024-05-02 15:27:03.755,20290,20291,20291,1,1
2024-05-02 15:27:03.755,20290,20291,20291,1,1
2024-05-02 15:27:10.792,20291,20292,20291,1,-1
2024-05-02 15:27:34.086,20291,20292,20292,3,3
2024-05-02 15:27:48.387,20291,20292,20292,1,1
2024-05-02 15:27:48.389,20291,20292,20292,1,1
2024-05-02 15:28:22.417,20291,20292,20291,2,-2
2024-05-02 15:28:22.863,20290,20292,20292,9,9
2024-05-02 15:28:22.863,20290,20292,20293,1,1
2024-05-02 15:28:23.029,20291,20293,20293,2,2
2024-05-02 15:28:23.041,20291,20293,20293,2,2
2024-05-02 15:28:23.186,20291,20293,20293,3,3
2024-05-02 15:28:23.186,20291,20293,20294,1,1
2024-05-02 15:28:23.199,20291,20293,20294,3,3
2024-05-02 15:28:23.199,20291,20293,20295,1,1
2024-05-02 15:28:23.294,20291,20293,20294,2,2
2024-05-02 15:28:23.307,20291,20293,20294,1,1
2024-05-02 15:28:23.307,20291,20293,20295,5,5
2024-05-02 15:28:23.333,20293,20295,20295,2,2
2024-05-02 15:28:23.645,20292,20294,20295,1,1
2024-05-02 15:28:23.645,20292,20294,20294,1,1
2024-05-02 15:28:37.174,20290,20291,20291,1,1
2024-05-02 15:28:37.174,20290,20291,20292,1,1
2024-05-02 15:28:37.414,20290,20292,20292,1,1
2024-05-02 15:28:38.293,20290,20292,20292,1,1
2024-05-02 15:28:55.049,20290,20292,20292,1,1
2024-05-02 15:28:56.343,20291,20292,20291,2,-2
2024-05-02 15:29:01.959,20291,20292,20292,1,1
2024-05-02 15:29:04.019,20291,20292,20291,1,-1
2024-05-02 15:29:16.962,20291,20292,20291,1,-1
2024-05-02 15:29:19.618,20290,20291,20290,1,-1
2024-05-02 15:29:20.233,20290,20291,20290,6,-6
2024-05-02 15:29:27.923,20289,20290,20290,1,1
2024-05-02 15:29:31.672,20290,20291,20290,2,-2
2024-05-02 15:29:40.465,20290,20292,20290,3,-3
2024-05-02 15:29:46.676,20291,20292,20291,2,-2
2024-05-02 15:30:00.234,20290,20291,20290,2,-2
2024-05-02 15:30:00.324,20290,20291,20290,1,-1
2024-05-02 15:30:00.324,20290,20291,20290,1,-1
2024-05-02 15:30:00.324,20290,20291,20290,1,-1
2024-05-02 15:30:00.324,20290,20291,20290,1,-1
2024-05-02 15:30:00.483,20289,20291,20291,2,2
2024-05-02 15:30:00.767,20289,20291,20289,1,-1
2024-05-02 15:30:01.783,20290,20291,20291,1,1
2024-05-02 15:30:01.783,20290,20291,20291,2,2
2024-05-02 15:30:01.783,20290,20291,20291,1,1
2024-05-02 15:30:01.783,20290,20291,20291,1,1
2024-05-02 15:30:01.783,20290,20291,20291,7,7
2024-05-02 15:30:02.060,20290,20292,20292,1,1
2024-05-02 15:30:02.075,20290,20292,20292,2,2
2024-05-02 15:30:02.101,20290,20292,20291,1,1
2024-05-02 15:30:02.115,20290,20292,20291,2,2
2024-05-02 15:30:02.132,20290,20292,20290,1,-1
2024-05-02 15:30:02.185,20290,20292,20290,2,-2
2024-05-02 15:30:02.214,20290,20292,20292,1,1
2024-05-02 15:30:02.236,20290,20292,20292,1,1
2024-05-02 15:30:02.260,20290,20292,20290,1,-1
2024-05-02 15:30:02.726,20290,20292,20290,2,-2
2024-05-02 15:30:29.761,20291,20292,20291,4,-4
2024-05-02 15:30:29.761,20291,20292,20290,10,-10
2024-05-02 15:30:29.761,20291,20292,20289,11,-11
2024-05-02 15:30:45.359,20289,20290,20289,1,-1
2024-05-02 15:30:45.437,20289,20290,20289,1,-1
2024-05-02 15:30:47.451,20289,20290,20290,1,1
2024-05-02 15:30:47.562,20290,20291,20290,1,-1
2024-05-02 15:30:49.826,20290,20291,20291,1,1
2024-05-02 15:30:57.760,20291,20293,20291,2,-2
2024-05-02 15:31:02.739,20292,20293,20293,1,1
2024-05-02 15:31:02.739,20292,20293,20293,5,5
2024-05-02 15:31:02.739,20292,20293,20293,1,1
2024-05-02 15:31:02.739,20292,20293,20293,3,3
2024-05-02 15:31:02.739,20292,20293,20293,1,1
2024-05-02 15:31:02.739,20292,20293,20293,16,16
2024-05-02 15:31:02.740,20292,20293,20294,1,1
2024-05-02 15:31:02.818,20294,20295,20295,1,1
2024-05-02 15:31:02.819,20294,20295,20295,1,1
2024-05-02 15:31:02.819,20294,20295,20295,1,1
2024-05-02 15:31:02.819,20294,20295,20295,1,1
2024-05-02 15:31:02.822,20294,20295,20296,1,1
2024-05-02 15:31:08.659,20295,20296,20295,5,-5
2024-05-02 15:31:08.689,20295,20296,20296,1,1
2024-05-02 15:31:08.689,20295,20296,20296,2,2
2024-05-02 15:31:10.049,20296,20297,20296,1,-1
2024-05-02 15:31:10.061,20296,20297,20297,1,1
2024-05-02 15:31:12.506,20296,20297,20297,5,5
2024-05-02 15:31:12.506,20296,20297,20297,1,1
2024-05-02 15:31:21.203,20297,20298,20297,1,-1
2024-05-02 15:31:25.863,20297,20298,20298,3,3
2024-05-02 15:31:25.937,20297,20298,20298,1,1
2024-05-02 15:31:25.962,20297,20298,20298,1,1
2024-05-02 15:31:26.501,20297,20298,20298,8,8
2024-05-02 15:31:26.502,20297,20298,20298,1,1
2024-05-02 15:31:26.502,20297,20298,20298,1,1
2024-05-02 15:31:26.502,20297,20298,20298,4,4
2024-05-02 15:31:26.503,20297,20298,20299,4,4
2024-05-02 15:31:30.051,20298,20300,20300,2,2
2024-05-02 15:31:30.052,20298,20300,20300,1,1
2024-05-02 15:31:30.052,20298,20300,20300,1,1
2024-05-02 15:31:30.052,20298,20300,20300,5,5
2024-05-02 15:31:30.052,20298,20300,20300,1,1
2024-05-02 15:31:30.052,20298,20300,20300,3,3
2024-05-02 15:31:30.052,20298,20300,20300,1,1
2024-05-02 15:31:30.061,20300,20301,20301,1,1
2024-05-02 15:31:30.062,20300,20301,20301,1,1
2024-05-02 15:31:30.062,20300,20301,20301,6,6
2024-05-02 15:31:30.062,20300,20301,20301,1,1
2024-05-02 15:31:30.062,20300,20301,20301,1,1
2024-05-02 15:31:30.072,20300,20301,20302,5,5
2024-05-02 15:31:30.073,20300,20301,20302,6,6
2024-05-02 15:31:30.293,20302,20303,20303,1,1
2024-05-02 15:31:30.395,20301,20303,20302,1,1
2024-05-02 15:31:30.447,20301,20302,20302,1,1
2024-05-02 15:31:30.921,20301,20302,20301,1,-1
2024-05-02 15:31:30.921,20301,20302,20300,1,-1
2024-05-02 15:31:31.218,20300,20302,20300,1,-1
2024-05-02 15:31:31.304,20300,20302,20302,1,1
2024-05-02 15:31:31.864,20300,20302,20300,1,-1
2024-05-02 15:31:32.780,20300,20302,20300,1,-1
2024-05-02 15:31:35.845,20300,20302,20300,2,-2
2024-05-02 15:31:36.847,20299,20301,20301,1,1
2024-05-02 15:31:36.859,20299,20301,20301,4,4
2024-05-02 15:31:36.936,20299,20301,20301,1,1
2024-05-02 15:31:36.937,20299,20301,20301,1,1
2024-05-02 15:31:36.937,20299,20301,20301,1,1
2024-05-02 15:31:37.800,20299,20301,20301,5,5
2024-05-02 15:31:37.800,20299,20301,20302,3,3
2024-05-02 15:31:39.681,20299,20301,20301,4,4
2024-05-02 15:31:40.309,20299,20301,20301,1,1
2024-05-02 15:31:40.514,20299,20301,20301,1,1
2024-05-02 15:31:41.750,20299,20301,20300,1,1
2024-05-02 15:31:41.941,20299,20301,20301,1,1
2024-05-02 15:31:44.568,20299,20301,20299,3,-3
2024-05-02 15:31:44.702,20298,20301,20298,1,-1
2024-05-02 15:31:45.286,20299,20301,20301,3,3
2024-05-02 15:31:47.783,20300,20302,20301,1,1
2024-05-02 15:31:51.995,20300,20301,20300,1,-1
2024-05-02 15:31:52.861,20299,20301,20301,1,1
2024-05-02 15:31:57.203,20299,20300,20299,2,-2
2024-05-02 15:31:58.693,20298,20300,20298,1,-1
2024-05-02 15:32:00.659,20299,20300,20299,1,-1
2024-05-02 15:32:05.325,20299,20300,20300,1,1
2024-05-02 15:32:07.306,20300,20301,20300,1,-1
2024-05-02 15:32:07.335,20300,20301,20300,1,-1
2024-05-02 15:32:08.430,20300,20301,20300,3,-3
2024-05-02 15:32:09.768,20299,20300,20300,1,1
2024-05-02 15:32:12.469,20299,20300,20299,4,-4
2024-05-02 15:32:14.755,20299,20300,20300,1,1
2024-05-02 15:32:14.756,20299,20300,20300,1,1
2024-05-02 15:32:14.756,20299,20300,20300,1,1
2024-05-02 15:32:14.756,20299,20300,20300,1,1
2024-05-02 15:32:15.311,20300,20301,20301,3,3
2024-05-02 15:32:16.019,20300,20302,20300,1,-1
2024-05-02 15:32:16.400,20300,20302,20300,1,-1
2024-05-02 15:32:20.250,20301,20302,20302,2,2
2024-05-02 15:32:24.855,20301,20302,20301,3,-3
2024-05-02 15:32:24.855,20301,20302,20300,1,-1
2024-05-02 15:32:25.087,20300,20302,20302,1,1
2024-05-02 15:32:25.126,20300,20302,20302,1,1
2024-05-02 15:32:39.512,20300,20301,20301,2,2
2024-05-02 15:32:43.329,20301,20302,20301,3,-3
2024-05-02 15:32:44.120,20300,20301,20301,1,1
2024-05-02 15:32:44.574,20300,20301,20301,2,2
2024-05-02 15:32:44.575,20300,20301,20301,1,1
2024-05-02 15:32:45.649,20300,20301,20301,2,2
2024-05-02 15:32:45.650,20300,20301,20301,1,1
2024-05-02 15:32:46.790,20300,20301,20301,3,3
2024-05-02 15:32:47.493,20300,20301,20301,2,2
2024-05-02 15:32:47.494,20300,20301,20301,1,1
2024-05-02 15:32:48.315,20300,20301,20301,2,2
2024-05-02 15:32:48.316,20300,20301,20301,1,1
2024-05-02 15:32:50.634,20301,20302,20301,1,-1
2024-05-02 15:32:52.634,20301,20302,20302,2,2
2024-05-02 15:32:52.648,20301,20302,20302,1,1
2024-05-02 15:32:52.649,20301,20302,20302,5,5
2024-05-02 15:32:55.179,20302,20303,20303,1,1
2024-05-02 15:32:55.180,20302,20303,20303,2,2
2024-05-02 15:32:55.180,20302,20303,20303,1,1
2024-05-02 15:32:55.231,20302,20303,20303,4,4
2024-05-02 15:32:55.232,20302,20303,20303,2,2
2024-05-02 15:32:55.233,20302,20303,20303,10,10
2024-05-02 15:32:55.833,20303,20304,20304,2,2
2024-05-02 15:32:55.880,20303,20304,20304,1,1
2024-05-02 15:32:55.881,20303,20304,20304,20,20
2024-05-02 15:32:55.941,20304,20305,20305,1,1
2024-05-02 15:32:55.997,20304,20305,20305,1,1
2024-05-02 15:32:56.099,20304,20305,20305,1,1
2024-05-02 15:32:56.424,20304,20305,20305,1,1
2024-05-02 15:32:56.583,20304,20305,20305,1,1
2024-05-02 15:32:57.065,20304,20305,20305,3,3
2024-05-02 15:32:57.207,20304,20305,20305,2,2
2024-05-02 15:32:57.207,20304,20305,20305,1,1
2024-05-02 15:32:57.208,20304,20305,20305,1,1
2024-05-02 15:32:57.208,20304,20305,20305,5,5
2024-05-02 15:32:58.316,20303,20305,20305,2,2
2024-05-02 15:32:58.429,20303,20305,20305,3,3
2024-05-02 15:32:59.348,20303,20305,20305,3,3
2024-05-02 15:32:59.369,20303,20305,20305,1,1
2024-05-02 15:33:00.106,20303,20305,20305,2,2
2024-05-02 15:33:00.186,20303,20305,20305,1,1
2024-05-02 15:33:00.186,20303,20305,20305,1,1
2024-05-02 15:33:00.189,20303,20305,20305,1,1
2024-05-02 15:33:00.189,20303,20305,20306,1,1
2024-05-02 15:33:00.189,20303,20305,20306,1,1
2024-05-02 15:33:00.189,20303,20305,20306,1,1
2024-05-02 15:33:00.190,20303,20305,20306,1,1
2024-05-02 15:33:00.398,20305,20306,20306,1,1
2024-05-02 15:33:00.426,20305,20306,20305,1,-1
2024-05-02 15:33:01.096,20305,20306,20305,2,-2
2024-05-02 15:33:01.186,20304,20306,20306,1,1
2024-05-02 15:33:01.187,20304,20306,20306,1,1
2024-05-02 15:33:01.187,20304,20306,20306,1,1
2024-05-02 15:33:01.187,20304,20306,20306,1,1
2024-05-02 15:33:01.188,20304,20306,20306,1,1
2024-05-02 15:33:01.188,20304,20306,20306,1,1
2024-05-02 15:33:01.188,20304,20306,20306,1,1
2024-05-02 15:33:01.189,20304,20306,20306,1,1
2024-05-02 15:33:01.190,20304,20306,20306,1,1
2024-05-02 15:33:03.037,20305,20306,20305,1,-1
2024-05-02 15:33:03.675,20305,20306,20305,1,-1
2024-05-02 15:33:03.675,20305,20306,20304,3,-3
2024-05-02 15:33:03.687,20304,20305,20305,1,1
2024-05-02 15:33:05.475,20305,20306,20306,1,1
2024-05-02 15:33:07.075,20305,20306,20306,1,1
2024-05-02 15:33:08.309,20305,20306,20306,1,1
2024-05-02 15:33:08.310,20305,20306,20306,1,1
2024-05-02 15:33:08.436,20305,20306,20306,1,1
2024-05-02 15:33:08.437,20305,20306,20307,1,1
2024-05-02 15:33:08.437,20305,20306,20307,1,1
2024-05-02 15:33:08.657,20305,20307,20307,1,1
2024-05-02 15:33:09.162,20305,20307,20306,3,3
2024-05-02 15:33:11.208,20305,20306,20306,1,1
2024-05-02 15:33:11.963,20305,20306,20306,1,1
2024-05-02 15:33:12.747,20306,20307,20306,4,-4
2024-05-02 15:33:13.234,20305,20307,20307,3,3
2024-05-02 15:33:15.429,20306,20307,20306,2,-2
2024-05-02 15:33:17.912,20306,20307,20306,3,-3
2024-05-02 15:33:18.222,20305,20307,20307,2,2
2024-05-02 15:33:18.311,20305,20307,20307,1,1
2024-05-02 15:33:18.311,20305,20307,20307,1,1
2024-05-02 15:33:18.311,20305,20307,20307,1,1
2024-05-02 15:33:18.311,20305,20307,20307,1,1
2024-05-02 15:33:18.316,20305,20307,20307,1,1
2024-05-02 15:33:18.937,20306,20308,20308,1,1
2024-05-02 15:33:19.161,20306,20308,20308,1,1
2024-05-02 15:33:20.231,20306,20307,20307,1,1
2024-05-02 15:33:26.548,20306,20307,20307,1,1
2024-05-02 15:33:26.937,20307,20308,20307,1,-1
2024-05-02 15:33:27.139,20306,20307,20306,2,-2
2024-05-02 15:33:27.186,20305,20307,20307,1,1
2024-05-02 15:33:27.186,20305,20307,20307,1,1
2024-05-02 15:33:27.186,20305,20307,20307,1,1
2024-05-02 15:33:27.187,20305,20307,20307,1,1
2024-05-02 15:33:27.188,20305,20307,20307,1,1
2024-05-02 15:33:27.188,20305,20307,20307,1,1
2024-05-02 15:33:27.255,20305,20307,20307,1,1
2024-05-02 15:33:27.261,20305,20307,20306,1,1
2024-05-02 15:33:27.487,20305,20307,20307,1,1
2024-05-02 15:33:29.935,20305,20307,20307,1,1
2024-05-02 15:33:30.362,20305,20307,20307,3,3
2024-05-02 15:33:30.362,20305,20307,20307,8,8
2024-05-02 15:33:32.110,20306,20307,20307,1,1
2024-05-02 15:33:40.613,20307,20308,20308,1,1
2024-05-02 15:33:41.534,20307,20308,20307,5,-5
2024-05-02 15:33:41.534,20307,20308,20307,1,-1
2024-05-02 15:33:41.561,20306,20307,20307,1,1
2024-05-02 15:33:41.561,20306,20307,20307,1,1
2024-05-02 15:33:43.076,20306,20307,20306,1,-1
2024-05-02 15:33:43.076,20306,20307,20306,4,-4
2024-05-02 15:33:44.516,20305,20307,20307,1,1
2024-05-02 15:33:45.902,20305,20307,20307,1,1
2024-05-02 15:33:45.936,20305,20307,20307,1,1
2024-05-02 15:33:46.501,20305,20307,20305,5,-5
2024-05-02 15:33:48.556,20306,20307,20307,1,1
2024-05-02 15:33:49.531,20306,20307,20306,1,-1
2024-05-02 15:33:49.531,20306,20307,20306,1,-1
2024-05-02 15:33:50.627,20305,20307,20305,3,-3
2024-05-02 15:33:50.627,20305,20307,20304,2,-2
2024-05-02 15:33:50.811,20305,20307,20306,1,-1
2024-05-02 15:33:55.745,20305,20306,20304,9,-9
2024-05-02 15:33:55.745,20305,20306,20305,1,-1
2024-05-02 15:34:03.352,20304,20305,20304,1,-1
2024-05-02 15:34:03.352,20304,20305,20304,1,-1
2024-05-02 15:34:03.352,20304,20305,20304,1,-1
2024-05-02 15:34:04.412,20303,20304,20303,4,-4
2024-05-02 15:34:04.412,20303,20304,20303,1,-1
2024-05-02 15:34:04.412,20303,20304,20302,1,-1
2024-05-02 15:34:05.388,20302,20304,20304,1,1
2024-05-02 15:34:07.526,20302,20304,20302,1,-1
2024-05-02 15:34:11.208,20302,20303,20302,8,-8
2024-05-02 15:34:11.208,20302,20303,20302,1,-1
2024-05-02 15:34:13.277,20301,20302,20302,1,1
2024-05-02 15:34:16.053,20301,20302,20301,1,-1
2024-05-02 15:34:17.173,20301,20302,20301,1,-1
2024-05-02 15:34:17.173,20301,20302,20301,1,-1
2024-05-02 15:34:17.173,20301,20302,20301,1,-1
2024-05-02 15:34:17.174,20301,20302,20301,1,-1
2024-05-02 15:34:17.615,20301,20302,20301,1,-1
2024-05-02 15:34:17.679,20301,20302,20301,4,-4
2024-05-02 15:34:23.625,20301,20302,20301,1,-1
2024-05-02 15:34:24.223,20301,20302,20301,1,-1
2024-05-02 15:34:24.223,20301,20302,20301,4,-4
2024-05-02 15:34:24.223,20301,20302,20301,1,-1
2024-05-02 15:34:24.224,20301,20302,20301,3,-3
2024-05-02 15:34:24.224,20301,20302,20301,1,-1
2024-05-02 15:34:24.600,20300,20301,20300,1,-1
2024-05-02 15:34:24.600,20300,20301,20301,1,1
2024-05-02 15:34:27.185,20301,20302,20301,1,-1
2024-05-02 15:34:28.990,20301,20302,20302,1,1
2024-05-02 15:34:36.117,20302,20303,20303,1,1
2024-05-02 15:34:40.578,20303,20305,20303,1,-1
2024-05-02 15:34:44.004,20302,20304,20304,1,1
2024-05-02 15:34:46.014,20304,20305,20305,1,1
2024-05-02 15:34:51.744,20304,20305,20305,2,2
2024-05-02 15:34:52.432,20304,20305,20304,1,-1
2024-05-02 15:34:56.054,20303,20304,20304,1,1
2024-05-02 15:34:56.054,20303,20304,20304,1,1
2024-05-02 15:34:58.411,20303,20304,20304,1,1
2024-05-02 15:34:59.444,20303,20305,20305,1,1
2024-05-02 15:35:00.899,20304,20305,20305,1,1
2024-05-02 15:35:01.365,20304,20305,20304,1,-1
2024-05-02 15:35:04.942,20303,20304,20303,1,-1
2024-05-02 15:35:04.943,20303,20304,20303,4,-4
2024-05-02 15:35:09.189,20302,20304,20304,4,4
2024-05-02 15:35:09.377,20302,20304,20304,4,4
2024-05-02 15:35:16.440,20302,20304,20304,1,1
2024-05-02 15:35:20.041,20303,20304,20304,2,2
2024-05-02 15:35:23.537,20304,20305,20305,1,1
2024-05-02 15:35:28.222,20304,20305,20304,1,-1
2024-05-02 15:35:35.352,20304,20305,20305,1,1
2024-05-02 15:35:38.346,20304,20305,20304,1,-1
2024-05-02 15:35:40.222,20304,20305,20305,6,6
2024-05-02 15:35:40.286,20304,20305,20305,1,1
2024-05-02 15:35:42.885,20304,20305,20305,1,1
2024-05-02 15:35:47.672,20304,20305,20304,1,-1
2024-05-02 15:35:50.429,20304,20305,20305,2,2
2024-05-02 15:35:51.171,20304,20305,20305,1,1
2024-05-02 15:35:52.419,20304,20306,20306,6,6
2024-05-02 15:35:52.420,20304,20306,20306,2,2
2024-05-02 15:35:52.640,20305,20307,20307,2,2
2024-05-02 15:36:01.383,20305,20306,20305,1,-1
2024-05-02 15:36:02.358,20304,20306,20306,1,1
2024-05-02 15:36:07.859,20305,20306,20307,3,3
2024-05-02 15:36:07.859,20305,20306,20306,1,1
2024-05-02 15:36:07.965,20305,20307,20307,4,4
2024-05-02 15:36:11.906,20305,20306,20306,1,1
2024-05-02 15:36:12.468,20305,20307,20307,2,2
2024-05-02 15:36:15.600,20306,20307,20307,1,1
2024-05-02 15:36:18.117,20306,20307,20306,1,-1
2024-05-02 15:36:18.493,20306,20307,20306,1,-1
2024-05-02 15:36:20.759,20306,20307,20306,1,-1
2024-05-02 15:36:23.924,20306,20307,20308,2,2
2024-05-02 15:36:23.924,20306,20307,20307,3,3
2024-05-02 15:36:25.025,20306,20308,20308,3,3
2024-05-02 15:36:25.099,20307,20308,20308,1,1
2024-05-02 15:36:25.126,20307,20308,20308,1,1
2024-05-02 15:36:25.127,20307,20308,20308,1,1
2024-05-02 15:36:25.127,20307,20308,20308,5,5
2024-05-02 15:36:25.951,20308,20309,20309,1,1
2024-05-02 15:36:25.951,20308,20309,20309,3,3
2024-05-02 15:36:25.951,20308,20309,20309,1,1
2024-05-02 15:36:27.325,20308,20310,20310,1,1
2024-05-02 15:36:27.447,20308,20310,20310,5,5
2024-05-02 15:36:27.498,20308,20310,20310,1,1
2024-05-02 15:36:27.596,20308,20310,20310,1,1
2024-05-02 15:36:29.217,20308,20310,20310,1,1
2024-05-02 15:36:32.302,20308,20310,20310,1,1
2024-05-02 15:36:32.708,20308,20310,20310,1,1
2024-05-02 15:36:33.030,20308,20310,20310,1,1
2024-05-02 15:36:33.219,20308,20310,20308,2,-2
2024-05-02 15:36:40.230,20308,20309,20309,1,1
2024-05-02 15:36:46.533,20308,20310,20309,5,5
2024-05-02 15:36:46.533,20308,20310,20310,18,18
2024-05-02 15:36:46.533,20308,20310,20310,1,1
2024-05-02 15:36:46.534,20308,20310,20310,10,10
2024-05-02 15:36:48.534,20309,20310,20311,15,15
2024-05-02 15:36:48.534,20309,20310,20310,5,5
2024-05-02 15:36:48.616,20310,20311,20310,1,-1
2024-05-02 15:36:48.648,20310,20311,20311,1,1
2024-05-02 15:36:52.031,20309,20310,20310,1,1
2024-05-02 15:36:52.386,20309,20310,20310,1,1
2024-05-02 15:36:52.386,20309,20310,20311,2,2
2024-05-02 15:36:52.441,20309,20311,20311,1,1
2024-05-02 15:36:55.063,20309,20310,20309,1,-1
2024-05-02 15:36:55.333,20309,20310,20310,1,1
2024-05-02 15:36:55.823,20309,20310,20310,2,2
2024-05-02 15:36:55.823,20309,20310,20310,1,1
2024-05-02 15:36:57.572,20309,20311,20309,1,-1
2024-05-02 15:36:57.805,20309,20311,20309,1,-1
2024-05-02 15:36:57.806,20309,20311,20308,4,-4
2024-05-02 15:37:03.114,20308,20309,20308,1,-1
2024-05-02 15:37:03.922,20307,20308,20308,1,1
2024-05-02 15:37:05.198,20308,20309,20308,1,-1
2024-05-02 15:37:06.166,20308,20309,20309,2,2
2024-05-02 15:37:06.828,20308,20309,20308,2,-2
2024-05-02 15:37:11.736,20308,20310,20309,1,-1
2024-05-02 15:37:16.036,20308,20309,20311,9,9
2024-05-02 15:37:16.036,20308,20309,20309,2,2
2024-05-02 15:37:16.036,20308,20309,20310,9,9
2024-05-02 15:37:16.460,20309,20311,20311,2,2
2024-05-02 15:37:18.448,20310,20312,20310,1,-1
2024-05-02 15:37:21.886,20310,20312,20312,2,2
2024-05-02 15:37:21.995,20310,20312,20312,1,1
2024-05-02 15:37:24.697,20310,20311,20310,1,-1
2024-05-02 15:37:29.135,20310,20311,20310,1,-1
2024-05-02 15:37:29.426,20310,20311,20310,2,-2
2024-05-02 15:37:33.795,20310,20311,20310,1,-1
2024-05-02 15:37:35.381,20310,20311,20310,1,-1
2024-05-02 15:37:44.470,20309,20311,20311,4,4
2024-05-02 15:37:46.409,20310,20312,20310,1,-1
2024-05-02 15:37:55.580,20310,20311,20311,1,1
2024-05-02 15:37:55.745,20310,20311,20311,3,3
2024-05-02 15:37:57.011,20310,20312,20311,1,1
2024-05-02 15:38:01.098,20310,20312,20312,1,1
2024-05-02 15:38:01.188,20310,20312,20312,1,1
2024-05-02 15:38:01.682,20310,20311,20311,1,1
2024-05-02 15:38:03.358,20310,20312,20310,1,-1
2024-05-02 15:38:03.943,20310,20312,20310,1,-1
2024-05-02 15:38:09.464,20310,20312,20310,2,-2
2024-05-02 15:38:09.464,20310,20312,20310,1,-1
2024-05-02 15:38:09.709,20309,20311,20311,2,2
2024-05-02 15:38:12.085,20309,20310,20309,1,-1
2024-05-02 15:38:12.322,20308,20310,20308,1,-1
2024-05-02 15:38:12.530,20308,20310,20308,1,-1
2024-05-02 15:38:30.638,20309,20310,20310,2,2
2024-05-02 15:38:30.779,20310,20311,20310,1,-1
2024-05-02 15:38:32.378,20310,20311,20310,1,-1
2024-05-02 15:38:33.630,20310,20311,20311,1,1
2024-05-02 15:38:33.683,20310,20311,20310,1,-1
2024-05-02 15:38:35.552,20309,20311,20311,1,1
2024-05-02 15:38:37.199,20310,20312,20310,1,-1
2024-05-02 15:38:37.312,20310,20312,20312,1,1
2024-05-02 15:38:38.074,20310,20312,20312,4,4
2024-05-02 15:38:38.074,20310,20312,20313,1,1
2024-05-02 15:38:38.842,20311,20313,20311,1,-1
2024-05-02 15:38:41.516,20312,20313,20312,1,-1
2024-05-02 15:38:43.347,20311,20313,20313,5,5
2024-05-02 15:38:43.888,20311,20313,20311,1,-1
2024-05-02 15:38:47.124,20311,20313,20311,1,-1
2024-05-02 15:38:52.600,20311,20312,20313,1,1
2024-05-02 15:38:57.281,20312,20313,20313,1,1
2024-05-02 15:38:58.070,20312,20313,20312,1,-1
2024-05-02 15:39:00.824,20312,20313,20313,5,5
2024-05-02 15:39:00.825,20312,20313,20313,3,3
2024-05-02 15:39:01.409,20313,20314,20314,1,1
2024-05-02 15:39:01.550,20313,20314,20313,1,-1
2024-05-02 15:39:01.572,20313,20314,20314,1,1
2024-05-02 15:39:01.741,20313,20314,20314,1,1
2024-05-02 15:39:01.909,20313,20314,20314,1,1
2024-05-02 15:39:02.065,20313,20314,20314,1,1
2024-05-02 15:39:02.223,20313,20314,20314,1,1
2024-05-02 15:39:02.364,20313,20314,20314,1,1
2024-05-02 15:39:02.541,20313,20314,20314,1,1
2024-05-02 15:39:02.691,20313,20314,20314,1,1
2024-05-02 15:39:02.872,20313,20314,20314,1,1
2024-05-02 15:39:03.031,20313,20315,20315,1,1
2024-05-02 15:39:03.078,20313,20315,20315,1,1
2024-05-02 15:39:03.215,20313,20315,20315,1,1
2024-05-02 15:39:03.376,20313,20315,20315,1,1
2024-05-02 15:39:03.531,20313,20315,20315,1,1
2024-05-02 15:39:03.679,20313,20315,20315,1,1
2024-05-02 15:39:10.673,20313,20314,20314,1,1
2024-05-02 15:39:13.117,20313,20314,20314,1,1
2024-05-02 15:39:13.502,20313,20314,20314,1,1
2024-05-02 15:39:14.696,20313,20314,20314,1,1
2024-05-02 15:39:15.696,20312,20314,20314,1,1
2024-05-02 15:39:16.390,20312,20314,20314,1,1
2024-05-02 15:39:16.996,20313,20314,20313,1,-1
2024-05-02 15:39:19.137,20313,20314,20313,1,-1
2024-05-02 15:39:28.473,20312,20313,20312,1,-1
2024-05-02 15:39:29.667,20311,20312,20312,1,1
2024-05-02 15:39:47.896,20311,20312,20311,1,-1
2024-05-02 15:39:48.924,20311,20312,20312,1,1
2024-05-02 15:39:55.605,20311,20312,20312,5,5
2024-05-02 15:40:01.188,20312,20313,20312,2,-2
2024-05-02 15:40:01.190,20312,20313,20312,1,-1
2024-05-02 15:40:05.406,20312,20313,20312,1,-1
2024-05-02 15:40:10.240,20312,20313,20312,1,-1
2024-05-02 15:40:22.837,20312,20313,20313,1,1
2024-05-02 15:40:25.575,20312,20313,20313,1,1
2024-05-02 15:40:26.179,20312,20313,20313,1,1
2024-05-02 15:40:26.179,20312,20313,20313,2,2
2024-05-02 15:40:26.214,20312,20314,20312,1,-1
2024-05-02 15:40:42.778,20312,20313,20312,2,-2
2024-05-02 15:40:52.384,20312,20313,20312,1,-1
2024-05-02 15:40:57.387,20312,20313,20313,3,3
2024-05-02 15:40:57.388,20312,20313,20313,2,2
2024-05-02 15:40:57.559,20312,20314,20314,4,4
2024-05-02 15:40:58.546,20312,20314,20312,1,-1
2024-05-02 15:41:02.896,20312,20313,20313,1,1
2024-05-02 15:41:11.327,20312,20313,20313,1,1
2024-05-02 15:41:12.293,20312,20313,20313,1,1
2024-05-02 15:41:12.293,20312,20313,20313,1,1
2024-05-02 15:41:12.293,20312,20313,20313,1,1
2024-05-02 15:41:13.726,20312,20314,20312,2,-2
2024-05-02 15:41:16.426,20312,20313,20312,3,-3
2024-05-02 15:41:17.152,20312,20313,20312,3,-3
2024-05-02 15:41:17.705,20311,20313,20312,1,-1
2024-05-02 15:41:19.089,20311,20312,20311,7,-7
2024-05-02 15:41:19.111,20311,20312,20311,1,-1
2024-05-02 15:41:22.895,20310,20312,20310,1,-1
2024-05-02 15:41:23.155,20310,20312,20310,1,-1
2024-05-02 15:41:23.270,20310,20312,20310,2,-2
2024-05-02 15:41:23.649,20310,20312,20312,2,2
2024-05-02 15:41:23.967,20310,20312,20310,1,-1
2024-05-02 15:41:25.659,20310,20311,20310,2,-2
2024-05-02 15:41:25.660,20310,20311,20310,2,-2
2024-05-02 15:41:26.015,20309,20310,20309,2,-2
2024-05-02 15:41:26.015,20309,20310,20309,9,-9
2024-05-02 15:41:26.086,20308,20309,20308,2,-2
2024-05-02 15:41:26.087,20308,20309,20308,5,-5
2024-05-02 15:41:26.207,20307,20308,20307,1,-1
2024-05-02 15:41:26.207,20307,20308,20307,1,-1
2024-05-02 15:41:26.208,20307,20308,20307,1,-1
2024-05-02 15:41:26.364,20307,20308,20307,1,-1
2024-05-02 15:41:27.043,20307,20309,20307,1,-1
2024-05-02 15:41:27.139,20307,20309,20307,4,-4
2024-05-02 15:41:27.546,20307,20309,20307,1,-1
2024-05-02 15:41:32.490,20307,20308,20307,1,-1
2024-05-02 15:41:33.125,20307,20308,20308,2,2
2024-05-02 15:41:34.968,20307,20308,20308,1,1
2024-05-02 15:41:36.810,20307,20308,20308,3,3
2024-05-02 15:41:36.930,20307,20308,20308,1,1
2024-05-02 15:41:37.558,20307,20309,20309,1,1
2024-05-02 15:41:41.095,20308,20309,20309,2,2
2024-05-02 15:41:46.488,20309,20310,20309,3,-3
2024-05-02 15:41:49.096,20309,20310,20310,2,2
2024-05-02 15:41:51.079,20310,20312,20310,1,-1
2024-05-02 15:41:52.867,20311,20312,20312,1,1
2024-05-02 15:42:05.962,20311,20312,20312,1,1
2024-05-02 15:42:05.962,20311,20312,20313,1,1
2024-05-02 15:42:06.135,20311,20313,20313,1,1
2024-05-02 15:42:08.265,20312,20313,20312,1,-1
2024-05-02 15:42:15.683,20311,20313,20311,1,-1
2024-05-02 15:42:16.781,20312,20313,20313,3,3
2024-05-02 15:42:16.782,20312,20313,20313,2,2
2024-05-02 15:42:22.849,20312,20313,20312,2,-2
2024-05-02 15:42:22.918,20312,20313,20313,2,2
2024-05-02 15:42:28.000,20312,20313,20313,1,1
2024-05-02 15:42:30.266,20312,20313,20312,2,-2
2024-05-02 15:42:30.506,20310,20313,20313,4,4
2024-05-02 15:42:33.526,20312,20313,20312,1,-1
2024-05-02 15:42:35.068,20312,20313,20312,1,-1
2024-05-02 15:42:37.212,20312,20313,20312,1,-1
2024-05-02 15:42:39.202,20311,20313,20311,1,-1
2024-05-02 15:42:40.831,20311,20313,20311,1,-1
2024-05-02 15:42:52.809,20311,20312,20312,1,1
2024-05-02 15:42:52.904,20311,20312,20312,1,1
2024-05-02 15:42:53.459,20312,20313,20313,2,2
2024-05-02 15:42:53.459,20312,20313,20314,3,3
2024-05-02 15:42:53.643,20312,20314,20312,1,-1
2024-05-02 15:42:59.440,20312,20314,20312,2,-2
2024-05-02 15:43:01.259,20311,20313,20313,1,1
2024-05-02 15:43:01.259,20311,20313,20314,3,3
2024-05-02 15:43:09.668,20312,20314,20313,1,1
2024-05-02 15:43:12.976,20312,20314,20314,1,1
2024-05-02 15:43:22.289,20312,20313,20312,1,-1
2024-05-02 15:43:23.745,20312,20313,20313,1,1
2024-05-02 15:43:25.236,20312,20313,20312,5,-5
2024-05-02 15:43:26.241,20311,20312,20312,3,3
2024-05-02 15:43:29.627,20312,20313,20313,1,1
2024-05-02 15:43:30.008,20312,20313,20312,1,-1
2024-05-02 15:43:32.152,20311,20313,20313,4,4
2024-05-02 15:43:37.625,20312,20313,20312,1,-1
2024-05-02 15:43:42.079,20312,20313,20312,1,-1
2024-05-02 15:43:43.306,20312,20313,20313,1,1
2024-05-02 15:43:49.766,20313,20314,20313,1,-1
2024-05-02 15:43:49.909,20312,20313,20312,1,-1
2024-05-02 15:43:55.489,20312,20313,20314,1,1
2024-05-02 15:43:55.489,20312,20313,20313,2,2
2024-05-02 15:43:58.354,20313,20314,20314,5,5
2024-05-02 15:44:01.500,20314,20315,20315,2,2
2024-05-02 15:44:01.606,20314,20315,20315,4,4
2024-05-02 15:44:01.606,20314,20315,20315,6,6
2024-05-02 15:44:01.607,20314,20315,20315,5,5
2024-05-02 15:44:01.607,20314,20315,20315,1,1
2024-05-02 15:44:01.607,20314,20315,20315,10,10
2024-05-02 15:44:03.440,20314,20316,20314,1,-1
2024-05-02 15:44:03.561,20314,20316,20316,1,1
2024-05-02 15:44:03.701,20314,20316,20316,1,1
2024-05-02 15:44:03.759,20314,20316,20316,1,1
2024-05-02 15:44:04.358,20314,20316,20316,1,1
2024-05-02 15:44:06.168,20314,20316,20316,1,1
2024-05-02 15:44:07.968,20315,20316,20316,10,10
2024-05-02 15:44:12.738,20315,20316,20315,2,-2
2024-05-02 15:44:16.672,20315,20316,20316,1,1
2024-05-02 15:44:17.134,20315,20316,20316,1,1
2024-05-02 15:44:20.775,20315,20316,20316,4,4
2024-05-02 15:44:20.776,20315,20316,20316,1,1
2024-05-02 15:44:21.092,20315,20317,20315,6,-6
2024-05-02 15:44:21.092,20315,20317,20315,1,-1
2024-05-02 15:44:24.820,20314,20316,20315,1,-1
2024-05-02 15:44:26.248,20314,20316,20316,1,1
2024-05-02 15:44:27.362,20314,20316,20316,10,10
2024-05-02 15:44:27.436,20314,20316,20316,1,1
2024-05-02 15:44:33.447,20314,20315,20315,1,1
2024-05-02 15:44:38.302,20314,20316,20315,1,1
2024-05-02 15:44:43.243,20314,20316,20314,1,-1
2024-05-02 15:44:45.229,20314,20315,20314,1,-1
2024-05-02 15:44:47.077,20314,20315,20315,1,1
2024-05-02 15:44:52.869,20313,20314,20313,2,-2
2024-05-02 15:44:54.811,20313,20314,20314,1,1
2024-05-02 15:45:00.680,20313,20315,20314,1,1
2024-05-02 15:45:00.722,20313,20315,20315,1,1
2024-05-02 15:45:00.742,20313,20315,20315,11,11
2024-05-02 15:45:00.742,20313,20315,20316,1,1
2024-05-02 15:45:00.819,20314,20316,20316,1,1
2024-05-02 15:45:01.001,20314,20316,20316,1,1
2024-05-02 15:45:01.019,20314,20316,20316,1,1
2024-05-02 15:45:01.039,20314,20316,20316,1,1
2024-05-02 15:45:01.056,20314,20316,20316,1,1
2024-05-02 15:45:01.086,20315,20316,20315,1,-1
2024-05-02 15:45:01.142,20315,20316,20316,1,1
2024-05-02 15:45:01.180,20315,20316,20317,3,3
2024-05-02 15:45:01.180,20315,20316,20317,2,2
2024-05-02 15:45:01.284,20315,20317,20317,1,1
2024-05-02 15:45:01.384,20315,20317,20317,1,1
2024-05-02 15:45:01.512,20315,20317,20317,2,2
2024-05-02 15:45:02.627,20316,20317,20317,1,1
2024-05-02 15:45:02.630,20316,20317,20317,1,1
2024-05-02 15:45:02.630,20316,20317,20317,2,2
2024-05-02 15:45:02.630,20316,20317,20317,1,1
2024-05-02 15:45:08.063,20316,20317,20316,2,-2
2024-05-02 15:45:09.792,20316,20317,20317,5,5
2024-05-02 15:45:09.991,20316,20317,20316,1,-1
2024-05-02 15:45:10.986,20316,20317,20317,1,1
2024-05-02 15:45:10.986,20316,20317,20318,1,1
2024-05-02 15:45:12.439,20316,20317,20317,1,1
2024-05-02 15:45:12.440,20316,20317,20317,1,1
2024-05-02 15:45:17.962,20316,20318,20317,1,1
2024-05-02 15:45:18.449,20316,20318,20316,4,-4
2024-05-02 15:45:18.562,20315,20317,20317,1,1
2024-05-02 15:45:18.562,20315,20317,20317,1,1
2024-05-02 15:45:20.062,20315,20317,20317,1,1
2024-05-02 15:45:25.040,20316,20317,20317,1,1
2024-05-02 15:45:25.041,20316,20317,20317,3,3
2024-05-02 15:45:27.097,20316,20317,20317,1,1
2024-05-02 15:45:28.223,20316,20318,20317,1,1
2024-05-02 15:45:28.311,20316,20318,20318,1,1
2024-05-02 15:45:28.311,20316,20318,20318,1,1
2024-05-02 15:45:28.311,20316,20318,20318,1,1
2024-05-02 15:45:28.545,20316,20318,20316,1,-1
2024-05-02 15:45:32.084,20316,20317,20317,1,1
2024-05-02 15:45:33.715,20316,20317,20316,4,-4
2024-05-02 15:45:34.130,20315,20317,20317,1,1
2024-05-02 15:45:34.237,20315,20317,20317,5,5
2024-05-02 15:45:41.190,20315,20317,20316,2,2
2024-05-02 15:45:41.456,20315,20316,20315,1,-1
2024-05-02 15:45:41.456,20315,20316,20315,3,-3
2024-05-02 15:45:41.766,20314,20315,20315,1,1
2024-05-02 15:45:46.365,20314,20315,20315,1,1
2024-05-02 15:45:46.365,20314,20315,20316,4,4
2024-05-02 15:45:50.590,20315,20317,20317,2,2
2024-05-02 15:45:50.590,20315,20317,20318,8,8
2024-05-02 15:45:50.686,20316,20318,20318,1,1
2024-05-02 15:45:50.812,20316,20318,20317,1,1
2024-05-02 15:45:55.099,20315,20317,20317,1,1
2024-05-02 15:45:57.675,20317,20318,20318,8,8
2024-05-02 15:45:57.676,20317,20318,20318,3,3
2024-05-02 15:45:57.676,20317,20318,20318,2,2
2024-05-02 15:45:57.676,20317,20318,20318,3,3
2024-05-02 15:45:57.676,20317,20318,20318,3,3
2024-05-02 15:45:57.840,20318,20319,20318,2,-2
2024-05-02 15:46:00.513,20316,20318,20318,1,1
2024-05-02 15:46:02.492,20315,20317,20317,1,1
2024-05-02 15:46:05.502,20315,20317,20316,1,1
2024-05-02 15:46:05.656,20315,20316,20316,1,1
2024-05-02 15:46:05.728,20315,20316,20316,1,1
2024-05-02 15:46:09.792,20316,20317,20316,1,-1
2024-05-02 15:46:14.463,20316,20317,20316,2,-2
2024-05-02 15:46:14.562,20316,20317,20317,1,1
2024-05-02 15:46:15.252,20316,20317,20316,1,-1
2024-05-02 15:46:20.253,20316,20317,20316,1,-1
2024-05-02 15:46:25.083,20315,20317,20315,3,-3
2024-05-02 15:46:25.186,20315,20317,20317,1,1
2024-05-02 15:46:25.442,20315,20317,20316,1,1
2024-05-02 15:46:33.760,20315,20316,20316,2,2
2024-05-02 15:46:35.235,20315,20316,20315,1,-1
2024-05-02 15:46:35.311,20315,20316,20316,1,1
2024-05-02 15:46:36.381,20316,20317,20316,1,-1
2024-05-02 15:46:36.441,20315,20317,20317,1,1
2024-05-02 15:46:41.841,20315,20317,20316,1,1
2024-05-02 15:46:43.656,20315,20316,20316,1,1
2024-05-02 15:46:47.357,20315,20317,20316,1,1
2024-05-02 15:46:51.938,20316,20317,20316,3,-3
2024-05-02 15:46:52.042,20316,20317,20316,1,-1
2024-05-02 15:46:57.558,20316,20317,20317,16,16
2024-05-02 15:47:10.335,20317,20318,20317,1,-1
2024-05-02 15:47:10.860,20317,20318,20318,3,3
2024-05-02 15:47:10.860,20317,20318,20319,1,1
2024-05-02 15:47:15.155,20316,20318,20316,1,-1
2024-05-02 15:47:21.859,20316,20317,20317,1,1
2024-05-02 15:47:24.195,20316,20318,20318,2,2
2024-05-02 15:47:33.075,20317,20319,20317,3,-3
2024-05-02 15:47:43.987,20317,20318,20317,2,-2
2024-05-02 15:47:44.063,20316,20318,20318,1,1
2024-05-02 15:47:49.119,20316,20317,20317,1,1
2024-05-02 15:47:49.119,20316,20317,20317,1,1
2024-05-02 15:47:59.704,20317,20318,20318,3,3
2024-05-02 15:48:00.040,20318,20319,20318,2,-2
2024-05-02 15:48:01.180,20318,20319,20319,1,1
2024-05-02 15:48:06.646,20317,20319,20319,1,1
2024-05-02 15:48:11.027,20317,20319,20319,1,1
2024-05-02 15:48:11.389,20318,20319,20318,1,-1
2024-05-02 15:48:11.761,20318,20319,20318,2,-2
2024-05-02 15:48:12.735,20318,20319,20319,1,1
2024-05-02 15:48:12.735,20318,20319,20319,9,9
2024-05-02 15:48:12.735,20318,20319,20319,10,10
2024-05-02 15:48:13.817,20319,20320,20319,2,-2
2024-05-02 15:48:14.070,20319,20320,20320,3,3
2024-05-02 15:48:14.215,20319,20320,20320,1,1
2024-05-02 15:48:14.456,20319,20320,20320,1,1
2024-05-02 15:48:14.640,20319,20320,20320,1,1
2024-05-02 15:48:14.882,20319,20320,20320,1,1
2024-05-02 15:48:15.020,20319,20320,20319,1,-1
2024-05-02 15:48:15.759,20319,20320,20319,1,-1
2024-05-02 15:48:16.378,20318,20319,20318,1,-1
2024-05-02 15:48:17.929,20318,20319,20318,1,-1
2024-05-02 15:48:21.058,20318,20319,20319,1,1
2024-05-02 15:48:24.774,20319,20320,20320,1,1
2024-05-02 15:48:25.904,20319,20320,20319,1,-1
2024-05-02 15:48:26.434,20319,20320,20320,1,1
2024-05-02 15:48:27.717,20319,20320,20319,5,-5
2024-05-02 15:48:30.396,20318,20319,20318,1,-1
2024-05-02 15:48:33.173,20318,20319,20319,2,2
2024-05-02 15:48:34.292,20318,20320,20319,2,2
2024-05-02 15:48:47.961,20318,20319,20319,1,1
2024-05-02 15:48:47.961,20318,20319,20320,1,1
2024-05-02 15:48:52.211,20318,20320,20318,1,-1
2024-05-02 15:48:52.253,20318,20320,20318,7,-7
2024-05-02 15:48:56.504,20317,20318,20318,2,2
2024-05-02 15:49:00.347,20317,20319,20317,2,-2
2024-05-02 15:49:00.347,20317,20319,20316,3,-3
2024-05-02 15:49:00.453,20316,20318,20316,1,-1
2024-05-02 15:49:00.453,20316,20318,20316,1,-1
2024-05-02 15:49:00.454,20316,20318,20316,1,-1
2024-05-02 15:49:02.389,20317,20318,20317,1,-1
2024-05-02 15:49:04.202,20316,20318,20318,1,1
2024-05-02 15:49:08.265,20317,20318,20318,1,1
2024-05-02 15:49:08.265,20317,20318,20319,2,2
2024-05-02 15:49:11.232,20317,20319,20318,1,1
2024-05-02 15:49:12.613,20316,20318,20318,3,3
2024-05-02 15:49:13.078,20317,20318,20318,1,1
2024-05-02 15:49:15.059,20317,20318,20318,1,1
2024-05-02 15:49:16.116,20317,20319,20319,1,1
2024-05-02 15:49:22.562,20317,20318,20317,1,-1
2024-05-02 15:49:23.260,20317,20318,20318,1,1
2024-05-02 15:49:24.234,20317,20318,20317,1,-1
2024-05-02 15:49:25.825,20317,20318,20317,7,-7
2024-05-02 15:49:25.827,20317,20318,20316,1,-1
2024-05-02 15:49:40.424,20315,20316,20316,1,1
2024-05-02 15:49:40.424,20315,20316,20316,1,1
2024-05-02 15:49:46.268,20316,20317,20316,1,-1
2024-05-02 15:49:46.502,20316,20317,20317,2,2
2024-05-02 15:49:52.326,20316,20318,20316,20,-20
2024-05-02 15:49:52.326,20316,20318,20315,5,-5
2024-05-02 15:49:52.832,20315,20316,20315,1,-1
2024-05-02 15:49:52.836,20315,20316,20315,1,-1
2024-05-02 15:49:52.837,20315,20316,20315,4,-4
2024-05-02 15:49:53.567,20314,20315,20315,4,4
2024-05-02 15:49:54.192,20314,20316,20316,1,1
2024-05-02 15:50:00.499,20314,20315,20314,1,-1
2024-05-02 15:50:00.645,20313,20315,20313,1,-1
2024-05-02 15:50:01.060,20313,20315,20313,1,-1
2024-05-02 15:50:02.200,20313,20315,20313,2,-2
2024-05-02 15:50:02.936,20313,20315,20313,1,-1
2024-05-02 15:50:03.148,20313,20315,20313,1,-1
2024-05-02 15:50:03.319,20313,20315,20313,1,-1
2024-05-02 15:50:03.551,20313,20315,20313,1,-1
2024-05-02 15:50:04.564,20313,20314,20314,5,5
2024-05-02 15:50:11.711,20313,20314,20314,1,1
2024-05-02 15:50:11.903,20313,20315,20313,2,-2
2024-05-02 15:50:15.996,20313,20315,20313,1,-1
2024-05-02 15:50:16.245,20313,20315,20315,2,2
2024-05-02 15:50:23.108,20313,20315,20315,2,2
2024-05-02 15:50:23.177,20313,20315,20315,1,1
2024-05-02 15:50:23.745,20314,20316,20316,2,2
2024-05-02 15:50:23.934,20316,20318,20316,1,-1
2024-05-02 15:50:25.591,20315,20317,20315,1,-1
2024-05-02 15:50:26.068,20315,20317,20317,1,1
2024-05-02 15:50:28.334,20315,20317,20315,5,-5
2024-05-02 15:50:31.019,20315,20316,20315,1,-1
2024-05-02 15:50:31.091,20315,20316,20315,1,-1
2024-05-02 15:50:32.543,20315,20316,20316,1,1
2024-05-02 15:50:33.728,20315,20316,20316,1,1
2024-05-02 15:50:37.203,20315,20316,20316,1,1
2024-05-02 15:50:38.712,20315,20316,20316,2,2
2024-05-02 15:50:38.712,20315,20316,20316,1,1
2024-05-02 15:50:40.475,20315,20317,20317,1,1
2024-05-02 15:50:42.647,20315,20316,20316,1,1
2024-05-02 15:50:42.648,20315,20316,20316,1,1
2024-05-02 15:50:48.712,20317,20318,20317,1,-1
2024-05-02 15:50:55.154,20317,20318,20317,4,-4
2024-05-02 15:50:59.817,20316,20318,20318,3,3
2024-05-02 15:51:01.852,20316,20318,20318,2,2
2024-05-02 15:51:02.119,20316,20318,20317,2,2
2024-05-02 15:51:04.343,20317,20318,20317,2,-2
2024-05-02 15:51:09.126,20317,20318,20317,1,-1
2024-05-02 15:51:11.511,20317,20318,20318,1,1
2024-05-02 15:51:15.997,20317,20318,20318,3,3
2024-05-02 15:51:19.347,20318,20319,20318,2,-2
2024-05-02 15:51:19.348,20318,20319,20318,1,-1
2024-05-02 15:51:19.348,20318,20319,20318,2,-2
2024-05-02 15:51:20.437,20317,20318,20317,3,-3
2024-05-02 15:51:21.897,20316,20317,20317,1,1
2024-05-02 15:51:22.106,20316,20317,20317,2,2
2024-05-02 15:51:24.425,20316,20318,20318,3,3
2024-05-02 15:51:25.965,20318,20319,20318,2,-2
2024-05-02 15:51:27.201,20317,20319,20319,3,3
2024-05-02 15:51:34.259,20318,20319,20318,1,-1
2024-05-02 15:51:37.765,20318,20319,20318,1,-1
2024-05-02 15:51:37.766,20318,20319,20318,1,-1
2024-05-02 15:51:37.766,20318,20319,20318,2,-2
2024-05-02 15:51:42.058,20318,20319,20318,1,-1
2024-05-02 15:51:46.673,20317,20318,20318,1,1
2024-05-02 15:51:49.913,20317,20319,20317,1,-1
2024-05-02 15:51:56.919,20317,20319,20317,1,-1
2024-05-02 15:52:00.307,20317,20318,20317,1,-1
2024-05-02 15:52:03.363,20317,20318,20317,1,-1
2024-05-02 15:52:03.628,20317,20318,20318,2,2
2024-05-02 15:52:11.943,20317,20318,20317,1,-1
2024-05-02 15:52:12.156,20317,20318,20318,3,3
2024-05-02 15:52:12.156,20317,20318,20319,8,8
2024-05-02 15:52:13.870,20318,20319,20319,2,2
2024-05-02 15:52:15.003,20318,20319,20319,1,1
2024-05-02 15:52:21.085,20318,20319,20319,1,1
2024-05-02 15:52:21.085,20318,20319,20320,1,1
2024-05-02 15:52:21.267,20318,20320,20320,4,4
2024-05-02 15:52:28.359,20319,20320,20319,1,-1
2024-05-02 15:52:28.360,20319,20320,20319,1,-1
2024-05-02 15:52:30.359,20318,20319,20318,5,-5
2024-05-02 15:52:36.908,20317,20318,20318,1,1
2024-05-02 15:52:41.326,20317,20318,20317,5,-5
2024-05-02 15:52:41.650,20316,20317,20317,2,2
2024-05-02 15:52:47.309,20316,20317,20316,2,-2
2024-05-02 15:52:49.058,20315,20317,20315,4,-4
2024-05-02 15:52:49.254,20315,20316,20315,2,-2
2024-05-02 15:52:54.254,20314,20316,20314,1,-1
2024-05-02 15:52:55.565,20313,20315,20315,1,1
2024-05-02 15:52:55.960,20314,20316,20316,3,3
2024-05-02 15:53:00.502,20314,20315,20315,1,1
2024-05-02 15:53:24.974,20314,20315,20315,2,2
2024-05-02 15:53:24.974,20314,20315,20315,2,2
2024-05-02 15:53:25.175,20315,20317,20315,1,-1
2024-05-02 15:53:32.230,20314,20315,20315,1,1
2024-05-02 15:53:33.360,20314,20316,20314,5,-5
2024-05-02 15:53:38.738,20314,20315,20314,1,-1
2024-05-02 15:53:40.213,20314,20315,20314,3,-3
2024-05-02 15:53:49.182,20314,20315,20313,4,-4
2024-05-02 15:53:49.182,20314,20315,20314,1,-1
2024-05-02 15:53:51.905,20313,20314,20313,1,-1
2024-05-02 15:53:52.966,20312,20314,20314,1,1
2024-05-02 15:53:53.600,20313,20314,20313,1,-1
2024-05-02 15:53:53.600,20313,20314,20312,9,-9
2024-05-02 15:53:56.945,20312,20314,20312,1,-1
2024-05-02 15:54:00.224,20312,20313,20312,2,-2
2024-05-02 15:54:00.313,20312,20313,20313,1,1
2024-05-02 15:54:00.313,20312,20313,20313,1,1
2024-05-02 15:54:03.269,20312,20313,20312,2,-2
2024-05-02 15:54:09.932,20312,20313,20313,1,1
2024-05-02 15:54:11.361,20312,20313,20313,1,1
2024-05-02 15:54:11.436,20312,20314,20314,1,1
2024-05-02 15:54:11.664,20312,20314,20312,2,-2
2024-05-02 15:54:20.226,20313,20314,20313,1,-1
2024-05-02 15:54:26.178,20313,20314,20314,2,2
2024-05-02 15:54:26.178,20313,20314,20314,2,2
2024-05-02 15:54:26.178,20313,20314,20314,1,1
2024-05-02 15:54:30.159,20313,20315,20314,1,1
2024-05-02 15:54:30.186,20313,20315,20315,1,1
2024-05-02 15:54:30.186,20313,20315,20315,1,1
2024-05-02 15:54:34.399,20314,20315,20315,2,2
2024-05-02 15:54:36.336,20314,20315,20314,5,-5
2024-05-02 15:54:38.305,20314,20315,20314,1,-1
2024-05-02 15:54:45.242,20313,20314,20314,1,1
2024-05-02 15:55:00.227,20313,20314,20313,4,-4
2024-05-02 15:55:07.722,20313,20314,20314,1,1
2024-05-02 15:55:07.722,20313,20314,20314,3,3
2024-05-02 15:55:07.736,20313,20314,20315,1,1
2024-05-02 15:55:07.737,20313,20314,20315,9,9
2024-05-02 15:55:07.737,20313,20314,20315,1,1
2024-05-02 15:55:07.737,20313,20314,20315,1,1
2024-05-02 15:55:07.737,20313,20314,20315,5,5
2024-05-02 15:55:07.738,20313,20314,20315,1,1
2024-05-02 15:55:07.738,20313,20314,20315,13,13
2024-05-02 15:55:07.775,20313,20314,20316,1,1
2024-05-02 15:55:12.201,20316,20317,20316,1,-1
2024-05-02 15:55:19.086,20315,20316,20316,1,1
2024-05-02 15:55:20.381,20315,20316,20315,1,-1
2024-05-02 15:55:37.389,20314,20315,20315,16,16
2024-05-02 15:55:37.690,20315,20317,20317,2,2
2024-05-02 15:55:39.365,20315,20317,20315,5,-5
2024-05-02 15:55:59.323,20315,20316,20315,1,-1
2024-05-02 15:56:00.087,20315,20316,20315,16,-16
2024-05-02 15:56:00.088,20315,20316,20314,2,-2
2024-05-02 15:56:00.089,20315,20316,20314,1,-1
2024-05-02 15:56:00.410,20314,20315,20316,5,5
2024-05-02 15:56:00.412,20314,20315,20316,5,5
2024-05-02 15:56:00.417,20314,20315,20317,5,5
2024-05-02 15:56:00.419,20314,20315,20317,1,1
2024-05-02 15:56:00.528,20315,20317,20317,5,5
2024-05-02 15:56:00.539,20315,20317,20317,5,5
2024-05-02 15:56:00.542,20315,20317,20318,5,5
2024-05-02 15:56:00.545,20315,20317,20318,5,5
2024-05-02 15:56:00.548,20315,20317,20318,3,3
2024-05-02 15:56:00.548,20315,20317,20319,2,2
2024-05-02 15:56:00.551,20315,20317,20318,1,1
2024-05-02 15:56:00.551,20315,20317,20319,4,4
2024-05-02 15:56:00.562,20317,20319,20318,1,1
2024-05-02 15:56:00.562,20317,20319,20319,4,4
2024-05-02 15:56:00.575,20317,20319,20319,4,4
2024-05-02 15:56:00.575,20317,20319,20320,1,1
2024-05-02 15:56:00.748,20317,20319,20319,3,3
2024-05-02 15:56:00.783,20317,20319,20319,2,2
2024-05-02 15:56:00.873,20317,20319,20319,5,5
2024-05-02 15:56:00.906,20317,20319,20319,3,3
2024-05-02 15:56:00.920,20317,20319,20319,4,4
2024-05-02 15:56:00.920,20317,20319,20320,1,1
2024-05-02 15:56:04.346,20317,20319,20319,4,4
2024-05-02 15:56:05.560,20318,20320,20318,1,-1
2024-05-02 15:56:05.859,20318,20320,20318,1,-1
2024-05-02 15:56:06.051,20318,20320,20320,3,3
2024-05-02 15:56:06.051,20318,20320,20320,1,1
2024-05-02 15:56:06.051,20318,20320,20320,5,5
2024-05-02 15:56:06.051,20318,20320,20320,1,1
2024-05-02 15:56:06.052,20318,20320,20320,3,3
2024-05-02 15:56:06.052,20318,20320,20320,1,1
2024-05-02 15:56:06.052,20318,20320,20320,1,1
2024-05-02 15:56:06.052,20318,20320,20320,1,1
2024-05-02 15:56:06.052,20318,20320,20320,1,1
2024-05-02 15:56:06.052,20318,20320,20320,1,1
2024-05-02 15:56:06.052,20318,20320,20320,1,1
2024-05-02 15:56:06.052,20318,20320,20320,2,2
2024-05-02 15:56:06.053,20318,20320,20320,2,2
2024-05-02 15:56:06.174,20319,20320,20321,3,3
2024-05-02 15:56:06.174,20319,20320,20320,2,2
2024-05-02 15:56:06.953,20319,20321,20321,1,1
2024-05-02 15:56:07.024,20319,20321,20319,1,-1
2024-05-02 15:56:14.143,20318,20320,20320,1,1
2024-05-02 15:56:16.749,20318,20319,20319,1,1
2024-05-02 15:56:17.408,20318,20320,20318,1,-1
2024-05-02 15:56:17.484,20318,20320,20318,1,-1
2024-05-02 15:56:19.696,20318,20320,20320,5,5
2024-05-02 15:56:22.119,20318,20320,20318,1,-1
2024-05-02 15:56:22.862,20318,20320,20320,1,1
2024-05-02 15:56:22.862,20318,20320,20320,5,5
2024-05-02 15:56:26.144,20318,20320,20320,3,3
2024-05-02 15:56:37.929,20319,20320,20320,1,1
2024-05-02 15:56:39.552,20319,20320,20320,1,1
2024-05-02 15:56:42.335,20319,20320,20319,2,-2
2024-05-02 15:56:42.335,20319,20320,20318,3,-3
2024-05-02 15:56:43.048,20318,20320,20320,1,1
2024-05-02 15:56:44.037,20318,20320,20320,1,1
2024-05-02 15:56:46.516,20319,20320,20320,1,1
2024-05-02 15:56:53.728,20319,20320,20319,1,-1
2024-05-02 15:56:54.258,20319,20320,20319,1,-1
2024-05-02 15:56:58.414,20319,20320,20319,4,-4
2024-05-02 15:57:04.284,20318,20320,20320,2,2
2024-05-02 15:57:04.311,20319,20320,20320,1,1
2024-05-02 15:57:04.311,20319,20320,20320,4,4
2024-05-02 15:57:04.312,20319,20320,20321,1,1
2024-05-02 15:57:04.312,20319,20320,20321,1,1
2024-05-02 15:57:04.312,20319,20320,20321,1,1
2024-05-02 15:57:04.313,20319,20320,20321,1,1
2024-05-02 15:57:04.511,20320,20321,20321,1,1
2024-05-02 15:57:04.512,20320,20321,20321,1,1
2024-05-02 15:57:04.512,20320,20321,20321,7,7
2024-05-02 15:57:04.565,20321,20322,20322,4,4
2024-05-02 15:57:04.770,20321,20322,20321,1,-1
2024-05-02 15:57:04.803,20321,20322,20321,1,-1
2024-05-02 15:57:17.667,20319,20320,20319,1,-1
2024-05-02 15:57:17.686,20318,20320,20320,1,1
2024-05-02 15:57:19.670,20318,20320,20320,1,1
2024-05-02 15:57:19.686,20319,20321,20321,1,1
2024-05-02 15:57:19.687,20319,20321,20321,1,1
2024-05-02 15:57:19.687,20319,20321,20321,1,1
2024-05-02 15:57:19.687,20319,20321,20321,1,1
2024-05-02 15:57:25.149,20319,20320,20319,3,-3
2024-05-02 15:57:25.379,20319,20320,20320,1,1
2024-05-02 15:57:26.997,20319,20321,20321,1,1
2024-05-02 15:57:29.527,20319,20321,20321,1,1
2024-05-02 15:57:29.560,20319,20321,20321,1,1
2024-05-02 15:57:30.284,20320,20321,20321,5,5
2024-05-02 15:57:36.362,20320,20322,20320,6,-6
2024-05-02 15:57:36.841,20319,20321,20319,6,-6
2024-05-02 15:57:37.995,20318,20320,20318,3,-3
2024-05-02 15:57:38.019,20318,20320,20318,4,-4
2024-05-02 15:57:38.061,20317,20320,20320,1,1
2024-05-02 15:57:38.062,20317,20320,20320,1,1
2024-05-02 15:57:38.080,20317,20320,20318,5,-5
2024-05-02 15:57:41.000,20317,20319,20319,2,2
2024-05-02 15:57:45.341,20318,20320,20318,5,-5
2024-05-02 15:57:52.249,20317,20318,20317,1,-1
2024-05-02 15:58:02.049,20316,20318,20316,1,-1
2024-05-02 15:58:02.310,20316,20318,20318,2,2
2024-05-02 15:58:02.703,20316,20318,20318,1,1
2024-05-02 15:58:02.785,20316,20318,20318,1,1
2024-05-02 15:58:02.785,20316,20318,20319,2,2
2024-05-02 15:58:04.658,20317,20319,20319,1,1
2024-05-02 15:58:20.026,20317,20318,20318,1,1
2024-05-02 15:58:21.744,20319,20320,20319,2,-2
2024-05-02 15:58:21.745,20319,20320,20318,1,-1
2024-05-02 15:58:33.514,20317,20318,20317,1,-1
2024-05-02 15:58:44.481,20317,20318,20317,1,-1
2024-05-02 15:58:46.354,20317,20318,20318,1,1
2024-05-02 15:58:48.344,20317,20319,20317,5,-5
2024-05-02 15:58:52.979,20318,20319,20319,1,1
2024-05-02 15:58:52.979,20318,20319,20320,2,2
2024-05-02 15:59:13.852,20317,20318,20318,1,1
2024-05-02 15:59:14.138,20317,20319,20319,1,1
2024-05-02 15:59:22.158,20317,20319,20317,2,-2
2024-05-02 15:59:24.441,20317,20318,20317,1,-1
2024-05-02 15:59:24.592,20316,20317,20316,1,-1
2024-05-02 15:59:26.470,20316,20317,20317,1,1
2024-05-02 15:59:26.769,20316,20317,20316,3,-3
2024-05-02 15:59:33.267,20316,20317,20316,1,-1
2024-05-02 15:59:38.455,20316,20317,20317,2,2
2024-05-02 15:59:47.698,20316,20317,20317,1,1
2024-05-02 15:59:49.944,20316,20317,20317,1,1
2024-05-02 15:59:51.360,20316,20318,20316,5,-5
2024-05-02 16:00:00.626,20316,20317,20315,3,-3
2024-05-02 16:00:00.626,20316,20317,20316,3,-3
2024-05-02 16:00:01.035,20315,20317,20317,2,2
2024-05-02 16:00:01.160,20316,20318,20316,1,-1
2024-05-02 16:00:01.224,20316,20318,20316,1,-1
2024-05-02 16:00:01.245,20316,20318,20318,1,1
2024-05-02 16:00:01.292,20316,20318,20316,1,-1
2024-05-02 16:00:01.519,20316,20318,20318,1,1
2024-05-02 16:00:01.536,20316,20318,20316,1,-1
2024-05-02 16:00:01.551,20316,20318,20318,1,1
2024-05-02 16:00:01.764,20316,20318,20318,2,2
2024-05-02 16:00:01.797,20316,20318,20318,1,1
2024-05-02 16:00:02.010,20316,20318,20318,1,1
2024-05-02 16:00:02.098,20316,20318,20318,1,1
2024-05-02 16:00:07.845,20316,20318,20316,1,-1
2024-05-02 16:00:15.693,20317,20318,20318,3,3
2024-05-02 16:00:16.155,20317,20318,20317,1,-1
2024-05-02 16:00:23.278,20316,20317,20316,1,-1
2024-05-02 16:00:31.682,20315,20316,20316,1,1
2024-05-02 16:00:31.904,20316,20317,20316,1,-1
2024-05-02 16:00:36.212,20316,20317,20317,1,1
2024-05-02 16:00:37.808,20317,20318,20318,1,1
2024-05-02 16:00:42.022,20318,20320,20318,1,-1
2024-05-02 16:00:49.953,20317,20318,20318,1,1
2024-05-02 16:00:52.943,20317,20318,20318,1,1
2024-05-02 16:00:53.689,20317,20319,20317,1,-1
2024-05-02 16:00:54.329,20317,20319,20317,5,-5
2024-05-02 16:01:00.854,20316,20317,20316,1,-1
2024-05-02 16:01:11.367,20315,20316,20316,1,1
2024-05-02 16:01:20.230,20315,20316,20315,3,-3
2024-05-02 16:01:20.231,20315,20316,20315,6,-6
2024-05-02 16:01:20.232,20315,20316,20314,5,-5
2024-05-02 16:01:21.276,20313,20315,20315,3,3
2024-05-02 16:01:21.959,20313,20315,20315,3,3
2024-05-02 16:01:25.129,20314,20315,20314,3,-3
2024-05-02 16:01:25.274,20313,20315,20315,3,3
2024-05-02 16:01:38.296,20313,20314,20314,1,1
2024-05-02 16:01:42.509,20314,20315,20314,4,-4
2024-05-02 16:01:46.137,20313,20315,20313,1,-1
2024-05-02 16:01:46.215,20313,20314,20313,1,-1
2024-05-02 16:01:46.477,20313,20314,20313,1,-1
2024-05-02 16:01:46.477,20313,20314,20313,1,-1
2024-05-02 16:01:51.750,20312,20313,20312,1,-1
2024-05-02 16:01:51.878,20312,20313,20313,2,2
2024-05-02 16:01:52.232,20312,20313,20313,2,2
2024-05-02 16:01:52.367,20312,20313,20313,3,3
2024-05-02 16:01:56.157,20313,20314,20313,1,-1
2024-05-02 16:01:57.342,20313,20314,20313,2,-2
2024-05-02 16:01:57.342,20313,20314,20312,3,-3
2024-05-02 16:01:57.540,20312,20314,20312,1,-1
2024-05-02 16:01:59.547,20312,20314,20314,1,1
2024-05-02 16:01:59.548,20312,20314,20314,1,1
2024-05-02 16:01:59.548,20312,20314,20314,4,4
2024-05-02 16:01:59.929,20313,20315,20313,1,-1
2024-05-02 16:02:11.765,20313,20315,20315,5,5
2024-05-02 16:02:11.765,20313,20315,20315,1,1
2024-05-02 16:02:11.765,20313,20315,20315,4,4
2024-05-02 16:02:18.208,20314,20315,20315,1,1
2024-05-02 16:02:18.344,20315,20316,20316,1,1
2024-05-02 16:02:18.751,20316,20317,20316,1,-1
2024-05-02 16:02:19.248,20316,20317,20317,1,1
2024-05-02 16:02:20.487,20317,20318,20318,2,2
2024-05-02 16:02:29.140,20317,20319,20319,1,1
2024-05-02 16:02:31.166,20318,20319,20318,1,-1
2024-05-02 16:02:31.357,20318,20319,20318,1,-1
2024-05-02 16:02:32.150,20318,20319,20320,2,2
2024-05-02 16:02:32.150,20318,20319,20319,1,1
2024-05-02 16:02:32.903,20318,20320,20320,4,4
2024-05-02 16:02:36.525,20319,20320,20319,1,-1
2024-05-02 16:02:42.192,20319,20320,20320,4,4
2024-05-02 16:02:50.012,20319,20320,20320,4,4
2024-05-02 16:02:51.491,20319,20320,20320,1,1
2024-05-02 16:02:52.074,20319,20320,20319,1,-1
2024-05-02 16:02:53.042,20319,20320,20320,1,1
2024-05-02 16:03:00.339,20319,20320,20319,1,-1
2024-05-02 16:03:00.339,20319,20320,20318,4,-4
2024-05-02 16:03:03.374,20318,20319,20318,1,-1
2024-05-02 16:03:12.313,20318,20320,20318,1,-1
2024-05-02 16:03:13.041,20318,20320,20318,1,-1
2024-05-02 16:03:20.091,20318,20319,20319,3,3
2024-05-02 16:03:20.175,20318,20319,20318,1,-1
2024-05-02 16:03:22.847,20318,20319,20318,1,-1
2024-05-02 16:03:30.352,20318,20320,20320,1,1
2024-05-02 16:03:32.010,20318,20319,20318,1,-1
2024-05-02 16:03:37.696,20317,20318,20317,2,-2
2024-05-02 16:03:42.576,20316,20317,20317,2,2
2024-05-02 16:03:42.576,20316,20317,20318,11,11
2024-05-02 16:04:03.345,20317,20318,20317,5,-5
2024-05-02 16:04:03.480,20317,20318,20318,1,1
2024-05-02 16:04:10.691,20317,20318,20318,1,1
2024-05-02 16:04:10.692,20317,20318,20318,2,2
2024-05-02 16:04:12.555,20318,20319,20319,2,2
2024-05-02 16:04:12.555,20318,20319,20319,1,1
2024-05-02 16:04:12.855,20318,20320,20320,1,1
2024-05-02 16:04:19.963,20318,20319,20319,1,1
2024-05-02 16:04:25.545,20319,20320,20320,3,3
2024-05-02 16:04:27.516,20319,20320,20320,3,3
2024-05-02 16:04:28.001,20319,20320,20320,2,2
2024-05-02 16:04:28.252,20319,20320,20319,1,-1
2024-05-02 16:04:31.627,20319,20320,20320,2,2
2024-05-02 16:04:34.940,20319,20320,20320,2,2
2024-05-02 16:04:34.941,20319,20320,20320,7,7
2024-05-02 16:04:35.141,20320,20321,20320,1,-1
2024-05-02 16:04:35.352,20320,20321,20321,1,1
2024-05-02 16:04:35.444,20320,20321,20321,1,1
2024-05-02 16:04:39.020,20320,20321,20321,6,6
2024-05-02 16:04:39.020,20320,20321,20321,4,4
2024-05-02 16:04:39.021,20320,20321,20321,3,3
2024-05-02 16:04:39.021,20320,20321,20321,1,1
2024-05-02 16:04:39.021,20320,20321,20321,3,3
2024-05-02 16:04:39.021,20320,20321,20321,2,2
2024-05-02 16:04:39.021,20320,20321,20321,1,1
2024-05-02 16:04:39.021,20320,20321,20321,5,5
2024-05-02 16:04:39.043,20320,20321,20321,1,1
2024-05-02 16:04:39.104,20321,20322,20322,1,1
2024-05-02 16:04:39.197,20321,20322,20322,6,6
2024-05-02 16:04:39.198,20321,20322,20322,16,16
2024-05-02 16:04:39.198,20321,20322,20323,33,33
2024-05-02 16:04:39.198,20321,20322,20324,7,7
2024-05-02 16:04:39.199,20321,20322,20324,2,2
2024-05-02 16:04:39.200,20321,20322,20324,1,1
2024-05-02 16:04:39.200,20321,20322,20324,6,6
2024-05-02 16:04:39.200,20321,20322,20324,1,1
2024-05-02 16:04:39.201,20321,20322,20325,2,2
2024-05-02 16:04:39.219,20321,20322,20324,4,4
2024-05-02 16:04:39.224,20321,20322,20325,2,2
2024-05-02 16:04:39.267,20321,20322,20325,2,2
2024-05-02 16:04:39.323,20323,20325,20323,1,-1
2024-05-02 16:04:39.330,20323,20325,20325,1,1
2024-05-02 16:04:39.338,20323,20325,20325,1,1
2024-05-02 16:04:39.415,20323,20325,20324,1,1
2024-05-02 16:04:39.455,20323,20325,20325,2,2
2024-05-02 16:04:39.473,20323,20325,20325,1,1
2024-05-02 16:04:39.475,20323,20325,20325,1,1
2024-05-02 16:04:39.482,20323,20325,20325,1,1
2024-05-02 16:04:39.485,20323,20325,20324,1,1
2024-05-02 16:04:39.515,20323,20325,20325,1,1
2024-05-02 16:04:39.611,20323,20325,20323,2,-2
2024-05-02 16:04:39.632,20323,20325,20325,4,4
2024-05-02 16:04:40.036,20324,20325,20325,1,1
2024-05-02 16:04:40.100,20324,20326,20324,1,-1
2024-05-02 16:04:40.223,20323,20325,20325,1,1
2024-05-02 16:04:41.285,20323,20325,20325,1,1
2024-05-02 16:04:53.542,20322,20324,20324,5,5
2024-05-02 16:04:59.986,20322,20324,20322,1,-1
2024-05-02 16:05:00.230,20321,20324,20324,5,5
2024-05-02 16:05:00.611,20322,20324,20324,2,2
2024-05-02 16:05:00.852,20323,20324,20324,1,1
2024-05-02 16:05:00.852,20323,20324,20324,1,1
2024-05-02 16:05:01.608,20323,20325,20323,1,-1
2024-05-02 16:05:02.165,20323,20325,20325,2,2
2024-05-02 16:05:04.002,20323,20324,20324,1,1
2024-05-02 16:05:04.210,20323,20324,20324,1,1
2024-05-02 16:05:05.369,20323,20325,20325,2,2
2024-05-02 16:05:06.093,20323,20325,20325,1,1
2024-05-02 16:05:06.339,20323,20325,20323,5,-5
2024-05-02 16:05:06.356,20323,20325,20324,1,-1
2024-05-02 16:05:07.142,20323,20325,20324,1,-1
2024-05-02 16:05:09.357,20323,20324,20323,1,-1
2024-05-02 16:05:09.357,20323,20324,20322,2,-2
2024-05-02 16:05:11.979,20322,20324,20324,2,2
2024-05-02 16:05:12.164,20322,20324,20324,2,2
2024-05-02 16:05:17.682,20322,20323,20323,1,1
2024-05-02 16:05:22.907,20322,20323,20322,5,-5
2024-05-02 16:05:23.464,20320,20322,20320,1,-1
2024-05-02 16:05:23.645,20320,20322,20320,4,-4
2024-05-02 16:05:24.884,20320,20322,20322,2,2
2024-05-02 16:05:25.053,20320,20322,20322,5,5
2024-05-02 16:05:25.802,20321,20323,20323,4,4
2024-05-02 16:05:31.450,20322,20323,20323,1,1
2024-05-02 16:05:32.525,20322,20323,20323,4,4
2024-05-02 16:05:32.526,20322,20323,20323,1,1
2024-05-02 16:05:32.527,20322,20323,20323,1,1
2024-05-02 16:05:32.527,20322,20323,20323,2,2
2024-05-02 16:05:32.527,20322,20323,20323,2,2
2024-05-02 16:05:35.940,20323,20324,20323,2,-2
2024-05-02 16:05:40.227,20322,20323,20323,2,2
2024-05-02 16:05:49.991,20323,20324,20323,1,-1
2024-05-02 16:05:49.992,20323,20324,20323,1,-1
2024-05-02 16:05:54.035,20323,20324,20323,3,-3
2024-05-02 16:05:54.282,20322,20323,20323,1,1
2024-05-02 16:05:54.353,20323,20324,20323,1,-1
2024-05-02 16:05:54.924,20323,20324,20323,1,-1
2024-05-02 16:05:57.041,20322,20324,20322,1,-1
2024-05-02 16:05:57.065,20322,20324,20324,4,4
2024-05-02 16:05:59.756,20323,20324,20323,1,-1
2024-05-02 16:06:00.509,20323,20324,20323,1,-1
2024-05-02 16:06:02.554,20323,20324,20324,2,2
2024-05-02 16:06:02.562,20323,20324,20324,1,1
2024-05-02 16:06:03.843,20323,20324,20324,1,1
2024-05-02 16:06:07.753,20323,20324,20324,9,9
2024-05-02 16:06:09.334,20324,20325,20323,3,-3
2024-05-02 16:06:09.334,20324,20325,20324,2,-2
2024-05-02 16:06:09.877,20323,20324,20324,2,2
2024-05-02 16:06:10.078,20323,20324,20324,1,1
2024-05-02 16:06:13.227,20324,20325,20325,2,2
2024-05-02 16:06:13.796,20324,20325,20325,1,1
2024-05-02 16:06:15.425,20324,20325,20324,2,-2
2024-05-02 16:06:17.451,20323,20324,20323,3,-3
