2023-01-13 15:00:00,14858,14858,14858,92,0
2023-01-13 15:00:00,14857,14857,14857,2,-2
2023-01-13 15:00:00,14856,14856,14856,2,-2
2023-01-13 15:00:00,14856,14856,14856,6,0
2023-01-13 15:00:00,14857,14857,14857,6,6
2023-01-13 15:00:00,14858,14858,14858,4,4
2023-01-13 15:00:00,14858,14858,14858,10,0
2023-01-13 15:00:00,14855,14855,14855,2,-2
2023-01-13 15:00:00,14858,14858,14858,2,2
2023-01-13 15:00:00,14855,14855,14855,2,-2
2023-01-13 15:00:00,14855,14855,14855,2,0
2023-01-13 15:00:00,14855,14855,14855,2,0
2023-01-13 15:00:00,14855,14855,14855,4,0
2023-01-13 15:00:00,14858,14858,14858,2,2
2023-01-13 15:00:00,14858,14858,14858,2,0
2023-01-13 15:00:01,14858,14858,14858,4,0
2023-01-13 15:00:01,14859,14859,14859,2,2
2023-01-13 15:00:01,14858,14858,14858,2,-2
2023-01-13 15:00:01,14857,14857,14857,4,-4
2023-01-13 15:00:01,14858,14858,14858,2,2
2023-01-13 15:00:01,14858,14858,14858,2,0
2023-01-13 15:00:01,14859,14859,14859,2,2
2023-01-13 15:00:01,14858,14858,14858,2,-2
2023-01-13 15:00:01,14859,14859,14859,4,4
2023-01-13 15:00:02,14858,14858,14858,2,-2
2023-01-13 15:00:02,14857,14857,14857,2,-2
2023-01-13 15:00:03,14857,14857,14857,2,0
2023-01-13 15:00:03,14857,14857,14857,2,0
2023-01-13 15:00:03,14857,14857,14857,2,0
2023-01-13 15:00:03,14858,14858,14858,4,4
2023-01-13 15:00:03,14858,14858,14858,4,0
2023-01-13 15:00:03,14859,14859,14859,2,2
2023-01-13 15:00:04,14858,14858,14858,2,-2
2023-01-13 15:00:05,14858,14858,14858,2,0
2023-01-13 15:00:05,14859,14859,14859,2,2
2023-01-13 15:00:05,14858,14858,14858,4,-4
2023-01-13 15:00:05,14859,14859,14859,4,4
2023-01-13 15:00:06,14859,14859,14859,4,0
2023-01-13 15:00:06,14858,14858,14858,2,-2
2023-01-13 15:00:06,14858,14858,14858,2,0
2023-01-13 15:00:06,14857,14857,14857,2,-2
2023-01-13 15:00:07,14857,14857,14857,2,0
2023-01-13 15:00:07,14857,14857,14857,2,0
2023-01-13 15:00:07,14857,14857,14857,4,0
2023-01-13 15:00:07,14857,14857,14857,2,0
2023-01-13 15:00:07,14857,14857,14857,2,0
2023-01-13 15:00:07,14858,14858,14858,2,2
2023-01-13 15:00:08,14858,14858,14858,2,0
2023-01-13 15:00:08,14858,14858,14858,2,0
2023-01-13 15:00:08,14858,14858,14858,2,0
2023-01-13 15:00:09,14858,14858,14858,10,0
2023-01-13 15:00:09,14859,14859,14859,8,8
2023-01-13 15:00:09,14859,14859,14859,2,0
2023-01-13 15:00:10,14859,14859,14859,2,0
2023-01-13 15:00:11,14860,14860,14860,2,2
2023-01-13 15:00:11,14860,14860,14860,2,0
2023-01-13 15:00:11,14860,14860,14860,2,0
2023-01-13 15:00:12,14860,14860,14860,8,0
2023-01-13 15:00:12,14860,14860,14860,44,0
2023-01-13 15:00:12,14861,14861,14861,8,8
2023-01-13 15:00:13,14862,14862,14862,8,8
2023-01-13 15:00:13,14860,14860,14860,2,-2
2023-01-13 15:00:13,14862,14862,14862,4,4
2023-01-13 15:00:13,14863,14863,14863,12,12
2023-01-13 15:00:13,14860,14860,14860,2,-2
2023-01-13 15:00:13,14862,14862,14862,2,2
2023-01-13 15:00:13,14860,14860,14860,2,-2
2023-01-13 15:00:13,14860,14860,14860,2,0
2023-01-13 15:00:13,14862,14862,14862,4,4
2023-01-13 15:00:13,14862,14862,14862,4,0
2023-01-13 15:00:13,14860,14860,14860,2,-2
2023-01-13 15:00:13,14862,14862,14862,4,4
2023-01-13 15:00:13,14861,14861,14861,2,-2
2023-01-13 15:00:13,14859,14859,14859,2,-2
2023-01-13 15:00:13,14860,14860,14860,2,2
2023-01-13 15:00:14,14859,14859,14859,2,-2
2023-01-13 15:00:14,14860,14860,14860,10,10
2023-01-13 15:00:15,14859,14859,14859,2,-2
2023-01-13 15:00:16,14860,14860,14860,6,6
2023-01-13 15:00:16,14860,14860,14860,2,0
2023-01-13 15:00:17,14860,14860,14860,2,0
2023-01-13 15:00:17,14862,14862,14862,2,2
2023-01-13 15:00:19,14861,14861,14861,2,-2
2023-01-13 15:00:19,14861,14861,14861,10,0
2023-01-13 15:00:21,14861,14861,14861,2,0
2023-01-13 15:00:21,14861,14861,14861,2,0
2023-01-13 15:00:21,14860,14860,14860,2,-2
2023-01-13 15:00:21,14860,14860,14860,2,0
2023-01-13 15:00:21,14860,14860,14860,4,0
2023-01-13 15:00:21,14860,14860,14860,2,0
2023-01-13 15:00:21,14861,14861,14861,4,4
2023-01-13 15:00:21,14861,14861,14861,4,0
2023-01-13 15:00:22,14862,14862,14862,2,2
2023-01-13 15:00:24,14861,14861,14861,2,-2
2023-01-13 15:00:25,14860,14860,14860,2,-2
2023-01-13 15:00:25,14861,14861,14861,6,6
2023-01-13 15:00:26,14861,14861,14861,2,0
2023-01-13 15:00:26,14861,14861,14861,2,0
2023-01-13 15:00:26,14861,14861,14861,8,0
2023-01-13 15:00:26,14862,14862,14862,2,2
2023-01-13 15:00:26,14860,14860,14860,2,-2
2023-01-13 15:00:26,14862,14862,14862,10,10
2023-01-13 15:00:26,14862,14862,14862,2,0
2023-01-13 15:00:27,14860,14860,14860,2,-2
2023-01-13 15:00:27,14862,14862,14862,2,2
2023-01-13 15:00:27,14862,14862,14862,4,0
2023-01-13 15:00:28,14863,14863,14863,2,2
2023-01-13 15:00:28,14861,14861,14861,6,-6
2023-01-13 15:00:28,14861,14861,14861,2,0
2023-01-13 15:00:28,14863,14863,14863,12,12
2023-01-13 15:00:29,14863,14863,14863,10,0
2023-01-13 15:00:31,14863,14863,14863,2,0
2023-01-13 15:00:31,14863,14863,14863,2,0
2023-01-13 15:00:32,14862,14862,14862,2,-2
2023-01-13 15:00:32,14863,14863,14863,2,2
2023-01-13 15:00:32,14863,14863,14863,2,0
2023-01-13 15:00:33,14863,14863,14863,18,0
2023-01-13 15:00:33,14863,14863,14863,2,0
2023-01-13 15:00:33,14863,14863,14863,2,0
2023-01-13 15:00:33,14863,14863,14863,8,0
2023-01-13 15:00:34,14863,14863,14863,4,0
2023-01-13 15:00:36,14863,14863,14863,10,0
2023-01-13 15:00:37,14862,14862,14862,2,-2
2023-01-13 15:00:37,14863,14863,14863,18,18
2023-01-13 15:00:37,14864,14864,14864,2,2
2023-01-13 15:00:38,14863,14863,14863,10,-10
2023-01-13 15:00:38,14863,14863,14863,4,0
2023-01-13 15:00:38,14863,14863,14863,2,0
2023-01-13 15:00:39,14863,14863,14863,2,0
2023-01-13 15:00:40,14863,14863,14863,2,0
2023-01-13 15:00:40,14863,14863,14863,4,0
2023-01-13 15:00:40,14863,14863,14863,2,0
2023-01-13 15:00:41,14863,14863,14863,2,0
2023-01-13 15:00:41,14863,14863,14863,10,0
2023-01-13 15:00:42,14862,14862,14862,2,-2
2023-01-13 15:00:42,14862,14862,14862,10,0
2023-01-13 15:00:42,14862,14862,14862,2,0
2023-01-13 15:00:42,14862,14862,14862,2,0
2023-01-13 15:00:42,14862,14862,14862,4,0
2023-01-13 15:00:42,14862,14862,14862,2,0
2023-01-13 15:00:42,14862,14862,14862,2,0
2023-01-13 15:00:42,14861,14861,14861,2,-2
2023-01-13 15:00:42,14861,14861,14861,2,0
2023-01-13 15:00:43,14860,14860,14860,2,-2
2023-01-13 15:00:43,14860,14860,14860,2,0
2023-01-13 15:00:43,14861,14861,14861,6,6
2023-01-13 15:00:44,14862,14862,14862,8,8
2023-01-13 15:00:45,14861,14861,14861,4,-4
2023-01-13 15:00:45,14861,14861,14861,2,0
2023-01-13 15:00:45,14862,14862,14862,2,2
2023-01-13 15:00:45,14860,14860,14860,4,-4
2023-01-13 15:00:46,14862,14862,14862,10,10
2023-01-13 15:00:46,14861,14861,14861,4,-4
2023-01-13 15:00:50,14862,14862,14862,2,2
2023-01-13 15:00:52,14862,14862,14862,4,0
2023-01-13 15:00:52,14861,14861,14861,2,-2
2023-01-13 15:00:53,14861,14861,14861,4,0
2023-01-13 15:00:55,14860,14860,14860,2,-2
2023-01-13 15:00:55,14861,14861,14861,2,2
2023-01-13 15:00:56,14860,14860,14860,2,-2
2023-01-13 15:00:56,14861,14861,14861,10,10
2023-01-13 15:00:56,14862,14862,14862,10,10
2023-01-13 15:00:57,14861,14861,14861,2,-2
2023-01-13 15:00:57,14862,14862,14862,2,2
2023-01-13 15:00:58,14862,14862,14862,2,0
2023-01-13 15:00:58,14861,14861,14861,2,-2
2023-01-13 15:00:58,14861,14861,14861,2,0
2023-01-13 15:00:58,14862,14862,14862,2,2
2023-01-13 15:00:59,14861,14861,14861,2,-2
2023-01-13 15:01:00,14862,14862,14862,4,4
2023-01-13 15:01:00,14863,14863,14863,2,2
2023-01-13 15:01:00,14863,14863,14863,2,0
2023-01-13 15:01:00,14863,14863,14863,2,0
2023-01-13 15:01:00,14863,14863,14863,2,0
2023-01-13 15:01:00,14863,14863,14863,4,0
2023-01-13 15:01:00,14863,14863,14863,6,0
2023-01-13 15:01:00,14864,14864,14864,4,4
2023-01-13 15:01:00,14864,14864,14864,2,0
2023-01-13 15:01:00,14862,14862,14862,2,-2
2023-01-13 15:01:00,14864,14864,14864,4,4
2023-01-13 15:01:00,14862,14862,14862,2,-2
2023-01-13 15:01:00,14863,14863,14863,2,2
2023-01-13 15:01:01,14863,14863,14863,4,0
2023-01-13 15:01:01,14864,14864,14864,2,2
2023-01-13 15:01:02,14863,14863,14863,2,-2
2023-01-13 15:01:02,14863,14863,14863,2,0
2023-01-13 15:01:03,14864,14864,14864,10,10
2023-01-13 15:01:03,14862,14862,14862,4,-4
2023-01-13 15:01:03,14863,14863,14863,2,2
2023-01-13 15:01:03,14863,14863,14863,2,0
2023-01-13 15:01:06,14864,14864,14864,14,14
2023-01-13 15:01:06,14864,14864,14864,2,0
2023-01-13 15:01:06,14864,14864,14864,4,0
2023-01-13 15:01:06,14864,14864,14864,2,0
2023-01-13 15:01:06,14865,14865,14865,10,10
2023-01-13 15:01:06,14865,14865,14865,40,0
2023-01-13 15:01:06,14866,14866,14866,4,4
2023-01-13 15:01:06,14866,14866,14866,2,0
2023-01-13 15:01:06,14866,14866,14866,6,0
2023-01-13 15:01:06,14866,14866,14866,2,0
2023-01-13 15:01:06,14866,14866,14866,2,0
2023-01-13 15:01:06,14866,14866,14866,2,0
2023-01-13 15:01:06,14866,14866,14866,2,0
2023-01-13 15:01:06,14866,14866,14866,2,0
2023-01-13 15:01:06,14866,14866,14866,2,0
2023-01-13 15:01:06,14867,14867,14867,2,2
2023-01-13 15:01:06,14867,14867,14867,2,0
2023-01-13 15:01:06,14867,14867,14867,2,0
2023-01-13 15:01:06,14867,14867,14867,2,0
2023-01-13 15:01:06,14867,14867,14867,2,0
2023-01-13 15:01:06,14867,14867,14867,2,0
2023-01-13 15:01:06,14867,14867,14867,4,0
2023-01-13 15:01:06,14867,14867,14867,2,0
2023-01-13 15:01:06,14867,14867,14867,2,0
2023-01-13 15:01:06,14868,14868,14868,2,2
2023-01-13 15:01:06,14868,14868,14868,2,0
2023-01-13 15:01:06,14868,14868,14868,2,0
2023-01-13 15:01:06,14866,14866,14866,2,-2
2023-01-13 15:01:06,14868,14868,14868,4,4
2023-01-13 15:01:06,14868,14868,14868,2,0
2023-01-13 15:01:06,14868,14868,14868,2,0
2023-01-13 15:01:06,14868,14868,14868,2,0
2023-01-13 15:01:06,14868,14868,14868,2,0
2023-01-13 15:01:08,14865,14865,14865,2,-2
2023-01-13 15:01:08,14865,14865,14865,2,0
2023-01-13 15:01:08,14865,14865,14865,2,0
2023-01-13 15:01:08,14866,14866,14866,2,2
2023-01-13 15:01:08,14866,14866,14866,2,0
2023-01-13 15:01:09,14866,14866,14866,6,0
2023-01-13 15:01:09,14866,14866,14866,2,0
2023-01-13 15:01:09,14864,14864,14864,2,-2
2023-01-13 15:01:10,14865,14865,14865,4,4
2023-01-13 15:01:10,14866,14866,14866,2,2
2023-01-13 15:01:13,14864,14864,14864,2,-2
2023-01-13 15:01:14,14865,14865,14865,28,28
2023-01-13 15:01:14,14865,14865,14865,12,0
2023-01-13 15:01:14,14864,14864,14864,2,-2
2023-01-13 15:01:15,14865,14865,14865,4,4
2023-01-13 15:01:15,14865,14865,14865,2,0
2023-01-13 15:01:16,14864,14864,14864,4,-4
2023-01-13 15:01:17,14866,14866,14866,2,2
2023-01-13 15:01:20,14866,14866,14866,4,0
2023-01-13 15:01:20,14867,14867,14867,2,2
2023-01-13 15:01:21,14865,14865,14865,2,-2
2023-01-13 15:01:22,14866,14866,14866,2,2
2023-01-13 15:01:22,14866,14866,14866,2,0
2023-01-13 15:01:22,14867,14867,14867,2,2
2023-01-13 15:01:22,14867,14867,14867,4,0
2023-01-13 15:01:23,14865,14865,14865,2,-2
2023-01-13 15:01:24,14865,14865,14865,2,0
2023-01-13 15:01:28,14866,14866,14866,2,2
2023-01-13 15:01:33,14865,14865,14865,2,-2
2023-01-13 15:01:33,14865,14865,14865,6,0
2023-01-13 15:01:33,14865,14865,14865,16,0
2023-01-13 15:01:33,14865,14865,14865,2,0
2023-01-13 15:01:33,14865,14865,14865,2,0
2023-01-13 15:01:33,14865,14865,14865,4,0
2023-01-13 15:01:33,14865,14865,14865,10,0
2023-01-13 15:01:33,14865,14865,14865,2,0
2023-01-13 15:01:33,14865,14865,14865,2,0
2023-01-13 15:01:33,14864,14864,14864,2,-2
2023-01-13 15:01:33,14865,14865,14865,2,2
2023-01-13 15:01:34,14864,14864,14864,2,-2
2023-01-13 15:01:36,14863,14863,14863,2,-2
2023-01-13 15:01:36,14863,14863,14863,2,0
2023-01-13 15:01:37,14863,14863,14863,2,0
2023-01-13 15:01:40,14863,14863,14863,4,0
2023-01-13 15:01:42,14863,14863,14863,2,0
2023-01-13 15:01:42,14864,14864,14864,2,2
2023-01-13 15:01:43,14865,14865,14865,2,2
2023-01-13 15:01:44,14864,14864,14864,2,-2
2023-01-13 15:01:45,14863,14863,14863,2,-2
2023-01-13 15:01:45,14863,14863,14863,2,0
2023-01-13 15:01:45,14863,14863,14863,2,0
2023-01-13 15:01:45,14863,14863,14863,2,0
2023-01-13 15:01:45,14863,14863,14863,2,0
2023-01-13 15:01:46,14862,14862,14862,2,-2
2023-01-13 15:01:46,14862,14862,14862,2,0
2023-01-13 15:01:46,14862,14862,14862,4,0
2023-01-13 15:01:48,14862,14862,14862,2,0
2023-01-13 15:01:49,14862,14862,14862,2,0
2023-01-13 15:01:49,14863,14863,14863,2,2
2023-01-13 15:01:49,14863,14863,14863,6,0
2023-01-13 15:01:49,14863,14863,14863,4,0
2023-01-13 15:01:50,14862,14862,14862,2,-2
2023-01-13 15:01:50,14862,14862,14862,2,0
2023-01-13 15:01:55,14862,14862,14862,2,0
2023-01-13 15:01:56,14863,14863,14863,6,6
2023-01-13 15:01:57,14863,14863,14863,2,0
2023-01-13 15:01:57,14863,14863,14863,2,0
2023-01-13 15:01:57,14863,14863,14863,4,0
2023-01-13 15:02:00,14863,14863,14863,6,0
2023-01-13 15:02:01,14863,14863,14863,4,0
2023-01-13 15:02:03,14863,14863,14863,2,0
2023-01-13 15:02:04,14862,14862,14862,2,-2
2023-01-13 15:02:04,14862,14862,14862,2,0
2023-01-13 15:02:04,14862,14862,14862,2,0
2023-01-13 15:02:04,14862,14862,14862,2,0
2023-01-13 15:02:04,14862,14862,14862,2,0
2023-01-13 15:02:04,14862,14862,14862,2,0
2023-01-13 15:02:04,14862,14862,14862,2,0
2023-01-13 15:02:07,14863,14863,14863,4,4
2023-01-13 15:02:11,14862,14862,14862,2,-2
2023-01-13 15:02:11,14862,14862,14862,2,0
2023-01-13 15:02:19,14861,14861,14861,2,-2
2023-01-13 15:02:19,14861,14861,14861,2,0
2023-01-13 15:02:19,14861,14861,14861,2,0
2023-01-13 15:02:19,14861,14861,14861,2,0
2023-01-13 15:02:19,14861,14861,14861,2,0
2023-01-13 15:02:19,14861,14861,14861,2,0
2023-01-13 15:02:19,14861,14861,14861,2,0
2023-01-13 15:02:20,14860,14860,14860,2,-2
2023-01-13 15:02:22,14861,14861,14861,2,2
2023-01-13 15:02:23,14861,14861,14861,2,0
2023-01-13 15:02:23,14860,14860,14860,2,-2
2023-01-13 15:02:23,14860,14860,14860,2,0
2023-01-13 15:02:23,14860,14860,14860,2,0
2023-01-13 15:02:24,14860,14860,14860,4,0
2023-01-13 15:02:29,14859,14859,14859,2,-2
2023-01-13 15:02:29,14859,14859,14859,2,0
2023-01-13 15:02:29,14859,14859,14859,2,0
2023-01-13 15:02:29,14859,14859,14859,2,0
2023-01-13 15:02:29,14859,14859,14859,2,0
2023-01-13 15:02:29,14859,14859,14859,2,0
2023-01-13 15:02:29,14859,14859,14859,2,0
2023-01-13 15:02:30,14858,14858,14858,4,-4
2023-01-13 15:02:33,14858,14858,14858,2,0
2023-01-13 15:02:34,14859,14859,14859,2,2
2023-01-13 15:02:34,14860,14860,14860,2,2
2023-01-13 15:02:34,14860,14860,14860,8,0
2023-01-13 15:02:34,14859,14859,14859,2,-2
2023-01-13 15:02:34,14859,14859,14859,2,0
2023-01-13 15:02:37,14861,14861,14861,12,12
2023-01-13 15:02:37,14861,14861,14861,2,0
2023-01-13 15:02:40,14861,14861,14861,2,0
2023-01-13 15:02:41,14861,14861,14861,2,0
2023-01-13 15:02:42,14861,14861,14861,2,0
2023-01-13 15:02:44,14861,14861,14861,2,0
2023-01-13 15:02:44,14861,14861,14861,6,0
2023-01-13 15:02:48,14862,14862,14862,2,2
2023-01-13 15:02:48,14861,14861,14861,2,-2
2023-01-13 15:02:54,14861,14861,14861,2,0
2023-01-13 15:03:00,14860,14860,14860,2,-2
2023-01-13 15:03:00,14860,14860,14860,2,0
2023-01-13 15:03:00,14860,14860,14860,2,0
2023-01-13 15:03:00,14860,14860,14860,2,0
2023-01-13 15:03:00,14859,14859,14859,2,-2
2023-01-13 15:03:00,14859,14859,14859,2,0
2023-01-13 15:03:00,14859,14859,14859,2,0
2023-01-13 15:03:00,14861,14861,14861,2,2
2023-01-13 15:03:00,14861,14861,14861,4,0
2023-01-13 15:03:00,14860,14860,14860,4,-4
2023-01-13 15:03:00,14860,14860,14860,4,0
2023-01-13 15:03:00,14861,14861,14861,2,2
2023-01-13 15:03:00,14861,14861,14861,2,0
2023-01-13 15:03:00,14860,14860,14860,2,-2
2023-01-13 15:03:00,14860,14860,14860,2,0
2023-01-13 15:03:00,14860,14860,14860,2,0
2023-01-13 15:03:07,14859,14859,14859,10,-10
2023-01-13 15:03:07,14859,14859,14859,4,0
2023-01-13 15:03:07,14859,14859,14859,2,0
2023-01-13 15:03:07,14859,14859,14859,2,0
2023-01-13 15:03:07,14859,14859,14859,2,0
2023-01-13 15:03:07,14859,14859,14859,2,0
2023-01-13 15:03:07,14859,14859,14859,2,0
2023-01-13 15:03:07,14858,14858,14858,2,-2
2023-01-13 15:03:11,14858,14858,14858,2,0
2023-01-13 15:03:11,14858,14858,14858,2,0
2023-01-13 15:03:11,14858,14858,14858,2,0
2023-01-13 15:03:11,14858,14858,14858,2,0
2023-01-13 15:03:11,14858,14858,14858,2,0
2023-01-13 15:03:11,14858,14858,14858,4,0
2023-01-13 15:03:11,14858,14858,14858,2,0
2023-01-13 15:03:11,14858,14858,14858,2,0
2023-01-13 15:03:11,14858,14858,14858,2,0
2023-01-13 15:03:12,14857,14857,14857,2,-2
2023-01-13 15:03:12,14857,14857,14857,2,0
2023-01-13 15:03:12,14857,14857,14857,2,0
2023-01-13 15:03:12,14857,14857,14857,2,0
2023-01-13 15:03:15,14857,14857,14857,2,0
2023-01-13 15:03:15,14857,14857,14857,2,0
2023-01-13 15:03:18,14857,14857,14857,2,0
2023-01-13 15:03:18,14857,14857,14857,2,0
2023-01-13 15:03:18,14857,14857,14857,2,0
2023-01-13 15:03:19,14857,14857,14857,2,0
2023-01-13 15:03:19,14857,14857,14857,2,0
2023-01-13 15:03:19,14857,14857,14857,2,0
2023-01-13 15:03:19,14857,14857,14857,2,0
2023-01-13 15:03:19,14856,14856,14856,2,-2
2023-01-13 15:03:19,14856,14856,14856,2,0
2023-01-13 15:03:19,14856,14856,14856,4,0
2023-01-13 15:03:19,14856,14856,14856,2,0
2023-01-13 15:03:19,14856,14856,14856,4,0
2023-01-13 15:03:19,14856,14856,14856,2,0
2023-01-13 15:03:19,14856,14856,14856,2,0
2023-01-13 15:03:19,14856,14856,14856,4,0
2023-01-13 15:03:19,14856,14856,14856,6,0
2023-01-13 15:03:19,14856,14856,14856,4,0
2023-01-13 15:03:19,14856,14856,14856,2,0
2023-01-13 15:03:19,14856,14856,14856,2,0
2023-01-13 15:03:19,14856,14856,14856,2,0
2023-01-13 15:03:19,14856,14856,14856,4,0
2023-01-13 15:03:19,14856,14856,14856,10,0
2023-01-13 15:03:19,14856,14856,14856,2,0
2023-01-13 15:03:19,14856,14856,14856,2,0
2023-01-13 15:03:20,14858,14858,14858,12,12
2023-01-13 15:03:25,14856,14856,14856,2,-2
2023-01-13 15:03:26,14857,14857,14857,2,2
2023-01-13 15:03:27,14857,14857,14857,2,0
2023-01-13 15:03:28,14857,14857,14857,2,0
2023-01-13 15:03:30,14857,14857,14857,2,0
2023-01-13 15:03:31,14856,14856,14856,2,-2
2023-01-13 15:03:32,14856,14856,14856,2,0
2023-01-13 15:03:32,14856,14856,14856,2,0
2023-01-13 15:03:32,14856,14856,14856,4,0
2023-01-13 15:03:34,14856,14856,14856,4,0
2023-01-13 15:03:35,14856,14856,14856,2,0
2023-01-13 15:03:35,14856,14856,14856,2,0
2023-01-13 15:03:35,14856,14856,14856,2,0
2023-01-13 15:03:36,14856,14856,14856,2,0
2023-01-13 15:03:37,14856,14856,14856,2,0
2023-01-13 15:03:37,14856,14856,14856,2,0
2023-01-13 15:03:37,14855,14855,14855,2,-2
2023-01-13 15:03:39,14856,14856,14856,4,4
2023-01-13 15:03:39,14855,14855,14855,2,-2
2023-01-13 15:03:39,14855,14855,14855,2,0
2023-01-13 15:03:39,14855,14855,14855,2,0
2023-01-13 15:03:39,14855,14855,14855,2,0
2023-01-13 15:03:39,14855,14855,14855,4,0
2023-01-13 15:03:39,14855,14855,14855,10,0
2023-01-13 15:03:39,14855,14855,14855,2,0
2023-01-13 15:03:39,14855,14855,14855,2,0
2023-01-13 15:03:39,14855,14855,14855,4,0
2023-01-13 15:03:39,14855,14855,14855,4,0
2023-01-13 15:03:39,14855,14855,14855,2,0
2023-01-13 15:03:39,14855,14855,14855,2,0
2023-01-13 15:03:39,14855,14855,14855,2,0
2023-01-13 15:03:39,14855,14855,14855,2,0
2023-01-13 15:03:39,14855,14855,14855,2,0
2023-01-13 15:03:39,14855,14855,14855,4,0
2023-01-13 15:03:39,14855,14855,14855,2,0
2023-01-13 15:03:39,14855,14855,14855,2,0
2023-01-13 15:03:39,14855,14855,14855,4,0
2023-01-13 15:03:39,14855,14855,14855,2,0
2023-01-13 15:03:39,14855,14855,14855,2,0
2023-01-13 15:03:39,14856,14856,14856,2,2
2023-01-13 15:03:39,14856,14856,14856,2,0
2023-01-13 15:03:43,14856,14856,14856,2,0
2023-01-13 15:03:45,14855,14855,14855,2,-2
2023-01-13 15:03:45,14856,14856,14856,2,2
2023-01-13 15:03:45,14855,14855,14855,2,-2
2023-01-13 15:03:48,14855,14855,14855,2,0
2023-01-13 15:03:48,14855,14855,14855,2,0
2023-01-13 15:03:48,14855,14855,14855,2,0
2023-01-13 15:03:48,14855,14855,14855,2,0
2023-01-13 15:03:48,14855,14855,14855,2,0
2023-01-13 15:03:48,14854,14854,14854,2,-2
2023-01-13 15:03:48,14854,14854,14854,4,0
2023-01-13 15:03:48,14854,14854,14854,4,0
2023-01-13 15:03:48,14854,14854,14854,2,0
2023-01-13 15:03:48,14854,14854,14854,2,0
2023-01-13 15:03:48,14854,14854,14854,6,0
2023-01-13 15:03:48,14854,14854,14854,4,0
2023-01-13 15:03:48,14854,14854,14854,2,0
2023-01-13 15:03:48,14854,14854,14854,2,0
2023-01-13 15:03:48,14854,14854,14854,2,0
2023-01-13 15:03:48,14854,14854,14854,2,0
2023-01-13 15:03:48,14854,14854,14854,2,0
2023-01-13 15:03:48,14854,14854,14854,4,0
2023-01-13 15:03:48,14854,14854,14854,16,0
2023-01-13 15:03:49,14854,14854,14854,2,0
2023-01-13 15:03:49,14856,14856,14856,2,2
2023-01-13 15:03:49,14856,14856,14856,4,0
2023-01-13 15:03:51,14855,14855,14855,2,-2
2023-01-13 15:03:52,14856,14856,14856,2,2
2023-01-13 15:03:54,14855,14855,14855,2,-2
2023-01-13 15:03:54,14855,14855,14855,2,0
2023-01-13 15:03:57,14856,14856,14856,14,14
2023-01-13 15:03:58,14856,14856,14856,2,0
2023-01-13 15:03:58,14856,14856,14856,2,0
2023-01-13 15:03:59,14857,14857,14857,2,2
2023-01-13 15:04:00,14857,14857,14857,2,0
2023-01-13 15:04:04,14857,14857,14857,4,0
2023-01-13 15:04:05,14857,14857,14857,2,0
2023-01-13 15:04:14,14858,14858,14858,28,28
2023-01-13 15:04:15,14859,14859,14859,2,2
2023-01-13 15:04:15,14859,14859,14859,2,0
2023-01-13 15:04:17,14859,14859,14859,4,0
2023-01-13 15:04:19,14859,14859,14859,2,0
2023-01-13 15:04:20,14860,14860,14860,4,4
2023-01-13 15:04:20,14860,14860,14860,2,0
2023-01-13 15:04:21,14860,14860,14860,2,0
2023-01-13 15:04:21,14860,14860,14860,2,0
2023-01-13 15:04:21,14860,14860,14860,2,0
2023-01-13 15:04:21,14860,14860,14860,2,0
2023-01-13 15:04:22,14860,14860,14860,6,0
2023-01-13 15:04:23,14859,14859,14859,2,-2
2023-01-13 15:04:23,14859,14859,14859,4,0
2023-01-13 15:04:23,14859,14859,14859,2,0
2023-01-13 15:04:23,14859,14859,14859,2,0
2023-01-13 15:04:24,14860,14860,14860,2,2
2023-01-13 15:04:27,14859,14859,14859,2,-2
2023-01-13 15:04:27,14859,14859,14859,2,0
2023-01-13 15:04:27,14859,14859,14859,2,0
2023-01-13 15:04:27,14859,14859,14859,2,0
2023-01-13 15:04:31,14858,14858,14858,2,-2
2023-01-13 15:04:31,14858,14858,14858,2,0
2023-01-13 15:04:31,14857,14857,14857,2,-2
2023-01-13 15:04:31,14857,14857,14857,2,0
2023-01-13 15:04:31,14857,14857,14857,2,0
2023-01-13 15:04:40,14857,14857,14857,2,0
2023-01-13 15:04:41,14857,14857,14857,14,0
2023-01-13 15:04:47,14857,14857,14857,2,0
2023-01-13 15:04:47,14857,14857,14857,2,0
2023-01-13 15:04:48,14858,14858,14858,10,10
2023-01-13 15:04:48,14858,14858,14858,2,0
2023-01-13 15:04:50,14859,14859,14859,4,4
2023-01-13 15:04:57,14860,14860,14860,2,2
2023-01-13 15:04:57,14860,14860,14860,2,0
2023-01-13 15:04:59,14858,14858,14858,2,-2
2023-01-13 15:04:59,14858,14858,14858,2,0
2023-01-13 15:04:59,14858,14858,14858,2,0
2023-01-13 15:04:59,14858,14858,14858,6,0
2023-01-13 15:04:59,14858,14858,14858,2,0
2023-01-13 15:04:59,14858,14858,14858,4,0
2023-01-13 15:04:59,14858,14858,14858,2,0
2023-01-13 15:04:59,14858,14858,14858,4,0
2023-01-13 15:04:59,14858,14858,14858,2,0
2023-01-13 15:04:59,14857,14857,14857,6,-6
2023-01-13 15:04:59,14857,14857,14857,4,0
2023-01-13 15:04:59,14857,14857,14857,2,0
2023-01-13 15:05:03,14856,14856,14856,2,-2
2023-01-13 15:05:03,14856,14856,14856,2,0
2023-01-13 15:05:03,14856,14856,14856,2,0
2023-01-13 15:05:15,14856,14856,14856,6,0
2023-01-13 15:05:16,14855,14855,14855,2,-2
2023-01-13 15:05:21,14856,14856,14856,2,2
2023-01-13 15:05:22,14856,14856,14856,2,0
2023-01-13 15:05:23,14857,14857,14857,2,2
2023-01-13 15:05:25,14856,14856,14856,2,-2
2023-01-13 15:05:27,14856,14856,14856,2,0
2023-01-13 15:05:27,14856,14856,14856,2,0
2023-01-13 15:05:31,14857,14857,14857,2,2
2023-01-13 15:05:35,14857,14857,14857,6,0
2023-01-13 15:05:40,14858,14858,14858,2,2
2023-01-13 15:05:41,14857,14857,14857,2,-2
2023-01-13 15:05:49,14858,14858,14858,2,2
2023-01-13 15:06:07,14859,14859,14859,2,2
2023-01-13 15:06:07,14859,14859,14859,2,0
2023-01-13 15:06:07,14859,14859,14859,10,0
2023-01-13 15:06:07,14860,14860,14860,10,10
2023-01-13 15:06:08,14860,14860,14860,2,0
2023-01-13 15:06:11,14860,14860,14860,2,0
2023-01-13 15:06:11,14860,14860,14860,2,0
2023-01-13 15:06:14,14860,14860,14860,2,0
2023-01-13 15:06:15,14860,14860,14860,2,0
2023-01-13 15:06:15,14860,14860,14860,2,0
2023-01-13 15:06:15,14860,14860,14860,2,0
2023-01-13 15:06:15,14861,14861,14861,2,2
2023-01-13 15:06:16,14861,14861,14861,6,0
2023-01-13 15:06:17,14860,14860,14860,4,-4
2023-01-13 15:06:17,14860,14860,14860,2,0
2023-01-13 15:06:24,14860,14860,14860,2,0
2023-01-13 15:06:25,14860,14860,14860,2,0
2023-01-13 15:06:39,14860,14860,14860,2,0
2023-01-13 15:06:41,14860,14860,14860,2,0
2023-01-13 15:06:46,14861,14861,14861,2,2
2023-01-13 15:06:51,14862,14862,14862,2,2
2023-01-13 15:06:51,14862,14862,14862,2,0
2023-01-13 15:06:52,14862,14862,14862,10,0
2023-01-13 15:06:54,14862,14862,14862,2,0
2023-01-13 15:06:57,14862,14862,14862,2,0
2023-01-13 15:06:58,14862,14862,14862,2,0
2023-01-13 15:06:58,14862,14862,14862,2,0
2023-01-13 15:07:00,14863,14863,14863,4,4
2023-01-13 15:07:00,14863,14863,14863,2,0
2023-01-13 15:07:00,14863,14863,14863,2,0
2023-01-13 15:07:00,14863,14863,14863,4,0
2023-01-13 15:07:00,14863,14863,14863,22,0
2023-01-13 15:07:00,14864,14864,14864,2,2
2023-01-13 15:07:00,14864,14864,14864,2,0
2023-01-13 15:07:00,14863,14863,14863,2,-2
2023-01-13 15:07:00,14863,14863,14863,2,0
2023-01-13 15:07:00,14863,14863,14863,2,0
2023-01-13 15:07:01,14863,14863,14863,2,0
2023-01-13 15:07:07,14863,14863,14863,4,0
2023-01-13 15:07:07,14862,14862,14862,2,-2
2023-01-13 15:07:07,14862,14862,14862,6,0
2023-01-13 15:07:08,14861,14861,14861,4,-4
2023-01-13 15:07:09,14862,14862,14862,2,2
2023-01-13 15:07:12,14861,14861,14861,4,-4
2023-01-13 15:07:12,14861,14861,14861,2,0
2023-01-13 15:07:12,14861,14861,14861,2,0
2023-01-13 15:07:22,14861,14861,14861,2,0
2023-01-13 15:07:24,14860,14860,14860,2,-2
2023-01-13 15:07:24,14860,14860,14860,2,0
2023-01-13 15:07:24,14861,14861,14861,2,2
2023-01-13 15:07:24,14861,14861,14861,2,0
2023-01-13 15:07:24,14861,14861,14861,2,0
2023-01-13 15:07:26,14861,14861,14861,2,0
2023-01-13 15:07:31,14862,14862,14862,2,2
2023-01-13 15:07:31,14863,14863,14863,2,2
2023-01-13 15:07:34,14861,14861,14861,2,-2
2023-01-13 15:07:43,14862,14862,14862,2,2
2023-01-13 15:07:44,14862,14862,14862,2,0
2023-01-13 15:07:46,14863,14863,14863,6,6
2023-01-13 15:07:47,14863,14863,14863,2,0
2023-01-13 15:07:48,14863,14863,14863,2,0
2023-01-13 15:07:52,14864,14864,14864,2,2
2023-01-13 15:08:00,14864,14864,14864,2,0
2023-01-13 15:08:00,14864,14864,14864,4,0
2023-01-13 15:08:00,14864,14864,14864,2,0
2023-01-13 15:08:00,14864,14864,14864,32,0
2023-01-13 15:08:00,14864,14864,14864,2,0
2023-01-13 15:08:02,14865,14865,14865,10,10
2023-01-13 15:08:02,14865,14865,14865,2,0
2023-01-13 15:08:03,14865,14865,14865,2,0
2023-01-13 15:08:04,14864,14864,14864,2,-2
2023-01-13 15:08:06,14865,14865,14865,2,2
2023-01-13 15:08:07,14865,14865,14865,2,0
2023-01-13 15:08:07,14864,14864,14864,2,-2
2023-01-13 15:08:08,14865,14865,14865,4,4
2023-01-13 15:08:09,14866,14866,14866,30,30
2023-01-13 15:08:11,14865,14865,14865,2,-2
2023-01-13 15:08:12,14865,14865,14865,2,0
2023-01-13 15:08:13,14864,14864,14864,4,-4
2023-01-13 15:08:14,14865,14865,14865,2,2
2023-01-13 15:08:16,14864,14864,14864,2,-2
2023-01-13 15:08:18,14865,14865,14865,2,2
2023-01-13 15:08:19,14864,14864,14864,2,-2
2023-01-13 15:08:22,14864,14864,14864,2,0
2023-01-13 15:08:27,14864,14864,14864,2,0
2023-01-13 15:08:30,14864,14864,14864,4,0
2023-01-13 15:08:30,14863,14863,14863,2,-2
2023-01-13 15:08:30,14863,14863,14863,2,0
2023-01-13 15:08:30,14863,14863,14863,2,0
2023-01-13 15:08:30,14863,14863,14863,2,0
2023-01-13 15:08:31,14862,14862,14862,2,-2
2023-01-13 15:08:31,14863,14863,14863,2,2
2023-01-13 15:08:36,14864,14864,14864,10,10
2023-01-13 15:08:39,14863,14863,14863,10,-10
2023-01-13 15:08:41,14862,14862,14862,4,-4
2023-01-13 15:08:41,14862,14862,14862,2,0
2023-01-13 15:08:41,14862,14862,14862,6,0
2023-01-13 15:08:41,14862,14862,14862,2,0
2023-01-13 15:08:42,14862,14862,14862,4,0
2023-01-13 15:08:46,14862,14862,14862,2,0
2023-01-13 15:08:47,14861,14861,14861,2,-2
2023-01-13 15:08:47,14861,14861,14861,2,0
2023-01-13 15:08:47,14860,14860,14860,2,-2
2023-01-13 15:08:47,14860,14860,14860,2,0
2023-01-13 15:08:48,14860,14860,14860,4,0
2023-01-13 15:08:48,14860,14860,14860,2,0
2023-01-13 15:08:48,14860,14860,14860,2,0
2023-01-13 15:08:50,14861,14861,14861,2,2
2023-01-13 15:08:50,14860,14860,14860,2,-2
2023-01-13 15:08:50,14860,14860,14860,2,0
2023-01-13 15:08:50,14860,14860,14860,4,0
2023-01-13 15:08:50,14860,14860,14860,2,0
2023-01-13 15:08:50,14860,14860,14860,4,0
2023-01-13 15:08:50,14860,14860,14860,4,0
2023-01-13 15:08:51,14862,14862,14862,4,4
2023-01-13 15:08:53,14862,14862,14862,4,0
2023-01-13 15:08:55,14861,14861,14861,2,-2
2023-01-13 15:09:00,14860,14860,14860,2,-2
2023-01-13 15:09:00,14860,14860,14860,2,0
2023-01-13 15:09:04,14861,14861,14861,2,2
2023-01-13 15:09:07,14861,14861,14861,2,0
2023-01-13 15:09:07,14861,14861,14861,2,0
2023-01-13 15:09:18,14860,14860,14860,2,-2
2023-01-13 15:09:18,14860,14860,14860,2,0
2023-01-13 15:09:18,14860,14860,14860,2,0
2023-01-13 15:09:18,14860,14860,14860,2,0
2023-01-13 15:09:18,14860,14860,14860,2,0
2023-01-13 15:09:18,14860,14860,14860,2,0
2023-01-13 15:09:19,14860,14860,14860,2,0
2023-01-13 15:09:19,14860,14860,14860,2,0
2023-01-13 15:09:19,14860,14860,14860,4,0
2023-01-13 15:09:19,14860,14860,14860,4,0
2023-01-13 15:09:19,14860,14860,14860,2,0
2023-01-13 15:09:19,14860,14860,14860,2,0
2023-01-13 15:09:30,14860,14860,14860,2,0
2023-01-13 15:09:37,14860,14860,14860,2,0
2023-01-13 15:09:44,14860,14860,14860,2,0
2023-01-13 15:09:44,14860,14860,14860,2,0
2023-01-13 15:09:52,14859,14859,14859,2,-2
2023-01-13 15:09:57,14860,14860,14860,2,2
2023-01-13 15:09:57,14860,14860,14860,2,0
2023-01-13 15:09:58,14859,14859,14859,2,-2
2023-01-13 15:09:58,14859,14859,14859,2,0
2023-01-13 15:09:58,14859,14859,14859,2,0
2023-01-13 15:10:06,14860,14860,14860,2,2
2023-01-13 15:10:20,14860,14860,14860,2,0
2023-01-13 15:10:20,14860,14860,14860,2,0
2023-01-13 15:10:20,14860,14860,14860,2,0
2023-01-13 15:10:20,14860,14860,14860,2,0
2023-01-13 15:10:20,14860,14860,14860,8,0
2023-01-13 15:10:23,14860,14860,14860,2,0
2023-01-13 15:10:26,14861,14861,14861,2,2
2023-01-13 15:10:28,14861,14861,14861,2,0
2023-01-13 15:10:28,14861,14861,14861,2,0
2023-01-13 15:10:37,14862,14862,14862,2,2
2023-01-13 15:10:38,14862,14862,14862,2,0
2023-01-13 15:10:38,14862,14862,14862,8,0
2023-01-13 15:10:38,14862,14862,14862,4,0
2023-01-13 15:10:38,14862,14862,14862,4,0
2023-01-13 15:10:38,14862,14862,14862,2,0
2023-01-13 15:10:41,14863,14863,14863,2,2
2023-01-13 15:10:42,14863,14863,14863,2,0
2023-01-13 15:10:42,14862,14862,14862,2,-2
2023-01-13 15:10:44,14863,14863,14863,6,6
2023-01-13 15:10:46,14863,14863,14863,2,0
2023-01-13 15:10:51,14864,14864,14864,2,2
2023-01-13 15:10:54,14864,14864,14864,2,0
2023-01-13 15:11:13,14863,14863,14863,2,-2
2023-01-13 15:11:15,14863,14863,14863,2,0
2023-01-13 15:11:17,14864,14864,14864,6,6
2023-01-13 15:11:18,14865,14865,14865,34,34
2023-01-13 15:11:18,14865,14865,14865,8,0
2023-01-13 15:11:19,14866,14866,14866,2,2
2023-01-13 15:11:23,14864,14864,14864,2,-2
2023-01-13 15:11:23,14864,14864,14864,2,0
2023-01-13 15:11:23,14864,14864,14864,2,0
2023-01-13 15:11:23,14866,14866,14866,4,4
2023-01-13 15:11:23,14865,14865,14865,2,-2
2023-01-13 15:11:24,14865,14865,14865,2,0
2023-01-13 15:11:32,14866,14866,14866,10,10
2023-01-13 15:11:32,14866,14866,14866,2,0
2023-01-13 15:11:35,14866,14866,14866,2,0
2023-01-13 15:11:35,14866,14866,14866,2,0
2023-01-13 15:11:35,14866,14866,14866,2,0
2023-01-13 15:11:36,14865,14865,14865,2,-2
2023-01-13 15:11:37,14866,14866,14866,2,2
2023-01-13 15:11:38,14865,14865,14865,2,-2
2023-01-13 15:11:38,14865,14865,14865,4,0
2023-01-13 15:11:38,14865,14865,14865,2,0
2023-01-13 15:11:38,14865,14865,14865,2,0
2023-01-13 15:11:41,14866,14866,14866,4,4
2023-01-13 15:11:41,14866,14866,14866,2,0
2023-01-13 15:11:41,14866,14866,14866,2,0
2023-01-13 15:11:42,14865,14865,14865,4,-4
2023-01-13 15:11:42,14866,14866,14866,2,2
2023-01-13 15:11:44,14867,14867,14867,2,2
2023-01-13 15:11:46,14866,14866,14866,2,-2
2023-01-13 15:11:47,14866,14866,14866,2,0
2023-01-13 15:11:52,14867,14867,14867,2,2
2023-01-13 15:11:53,14867,14867,14867,4,0
2023-01-13 15:11:53,14867,14867,14867,2,0
2023-01-13 15:11:53,14867,14867,14867,4,0
2023-01-13 15:11:53,14866,14866,14866,2,-2
2023-01-13 15:11:54,14866,14866,14866,2,0
2023-01-13 15:11:55,14867,14867,14867,2,2
2023-01-13 15:11:56,14868,14868,14868,28,28
2023-01-13 15:11:56,14868,14868,14868,2,0
2023-01-13 15:11:56,14868,14868,14868,2,0
2023-01-13 15:11:56,14868,14868,14868,26,0
2023-01-13 15:11:56,14868,14868,14868,2,0
2023-01-13 15:11:56,14868,14868,14868,6,0
2023-01-13 15:11:56,14869,14869,14869,4,4
2023-01-13 15:11:56,14869,14869,14869,2,0
2023-01-13 15:11:56,14869,14869,14869,4,0
2023-01-13 15:11:56,14869,14869,14869,2,0
2023-01-13 15:11:56,14869,14869,14869,2,0
2023-01-13 15:11:56,14869,14869,14869,18,0
2023-01-13 15:11:56,14870,14870,14870,8,8
2023-01-13 15:11:56,14870,14870,14870,2,0
2023-01-13 15:11:56,14870,14870,14870,26,0
2023-01-13 15:11:56,14870,14870,14870,10,0
2023-01-13 15:11:56,14870,14870,14870,4,0
2023-01-13 15:11:56,14870,14870,14870,4,0
2023-01-13 15:11:56,14870,14870,14870,2,0
2023-01-13 15:11:56,14870,14870,14870,8,0
2023-01-13 15:11:56,14871,14871,14871,2,2
2023-01-13 15:11:56,14870,14870,14870,2,-2
2023-01-13 15:11:57,14871,14871,14871,10,10
2023-01-13 15:11:57,14869,14869,14869,2,-2
2023-01-13 15:11:58,14870,14870,14870,20,20
2023-01-13 15:11:58,14871,14871,14871,8,8
2023-01-13 15:11:59,14871,14871,14871,2,0
2023-01-13 15:11:59,14871,14871,14871,4,0
2023-01-13 15:12:00,14871,14871,14871,2,0
2023-01-13 15:12:00,14871,14871,14871,2,0
2023-01-13 15:12:00,14871,14871,14871,2,0
2023-01-13 15:12:00,14871,14871,14871,2,0
2023-01-13 15:12:00,14871,14871,14871,2,0
2023-01-13 15:12:00,14871,14871,14871,2,0
2023-01-13 15:12:01,14869,14869,14869,2,-2
2023-01-13 15:12:01,14869,14869,14869,2,0
2023-01-13 15:12:01,14869,14869,14869,4,0
2023-01-13 15:12:01,14869,14869,14869,2,0
2023-01-13 15:12:01,14869,14869,14869,2,0
2023-01-13 15:12:01,14869,14869,14869,4,0
2023-01-13 15:12:01,14869,14869,14869,2,0
2023-01-13 15:12:01,14869,14869,14869,4,0
2023-01-13 15:12:01,14869,14869,14869,2,0
2023-01-13 15:12:01,14869,14869,14869,2,0
2023-01-13 15:12:01,14869,14869,14869,4,0
2023-01-13 15:12:01,14870,14870,14870,40,40
2023-01-13 15:12:01,14871,14871,14871,28,28
2023-01-13 15:12:01,14871,14871,14871,4,0
2023-01-13 15:12:01,14871,14871,14871,6,0
2023-01-13 15:12:01,14872,14872,14872,2,2
2023-01-13 15:12:02,14872,14872,14872,8,0
2023-01-13 15:12:02,14870,14870,14870,6,-6
2023-01-13 15:12:04,14871,14871,14871,2,2
2023-01-13 15:12:04,14870,14870,14870,22,-22
2023-01-13 15:12:04,14870,14870,14870,2,0
2023-01-13 15:12:04,14870,14870,14870,2,0
2023-01-13 15:12:04,14869,14869,14869,2,-2
2023-01-13 15:12:04,14869,14869,14869,4,0
2023-01-13 15:12:04,14869,14869,14869,2,0
2023-01-13 15:12:04,14869,14869,14869,4,0
2023-01-13 15:12:04,14869,14869,14869,4,0
2023-01-13 15:12:04,14869,14869,14869,4,0
2023-01-13 15:12:04,14869,14869,14869,2,0
2023-01-13 15:12:04,14869,14869,14869,4,0
2023-01-13 15:12:04,14869,14869,14869,4,0
2023-01-13 15:12:04,14869,14869,14869,2,0
2023-01-13 15:12:04,14869,14869,14869,2,0
2023-01-13 15:12:05,14870,14870,14870,6,6
2023-01-13 15:12:05,14870,14870,14870,2,0
2023-01-13 15:12:06,14870,14870,14870,2,0
2023-01-13 15:12:07,14869,14869,14869,8,-8
2023-01-13 15:12:07,14869,14869,14869,2,0
2023-01-13 15:12:07,14869,14869,14869,4,0
2023-01-13 15:12:09,14869,14869,14869,10,0
2023-01-13 15:12:13,14869,14869,14869,2,0
2023-01-13 15:12:14,14869,14869,14869,2,0
2023-01-13 15:12:16,14868,14868,14868,2,-2
2023-01-13 15:12:16,14868,14868,14868,2,0
2023-01-13 15:12:16,14868,14868,14868,2,0
2023-01-13 15:12:16,14868,14868,14868,2,0
2023-01-13 15:12:16,14868,14868,14868,2,0
2023-01-13 15:12:17,14868,14868,14868,2,0
2023-01-13 15:12:18,14868,14868,14868,2,0
2023-01-13 15:12:18,14868,14868,14868,2,0
2023-01-13 15:12:18,14869,14869,14869,2,2
2023-01-13 15:12:18,14869,14869,14869,2,0
2023-01-13 15:12:21,14868,14868,14868,2,-2
2023-01-13 15:12:21,14868,14868,14868,4,0
2023-01-13 15:12:21,14868,14868,14868,2,0
2023-01-13 15:12:21,14868,14868,14868,2,0
2023-01-13 15:12:24,14868,14868,14868,2,0
2023-01-13 15:12:29,14868,14868,14868,2,0
2023-01-13 15:12:29,14868,14868,14868,4,0
2023-01-13 15:12:29,14869,14869,14869,6,6
2023-01-13 15:12:29,14870,14870,14870,18,18
2023-01-13 15:12:30,14870,14870,14870,4,0
2023-01-13 15:12:30,14871,14871,14871,20,20
2023-01-13 15:12:30,14870,14870,14870,2,-2
2023-01-13 15:12:30,14870,14870,14870,2,0
2023-01-13 15:12:31,14871,14871,14871,4,4
2023-01-13 15:12:31,14871,14871,14871,4,0
2023-01-13 15:12:32,14871,14871,14871,4,0
2023-01-13 15:12:32,14871,14871,14871,4,0
2023-01-13 15:12:32,14870,14870,14870,2,-2
2023-01-13 15:12:33,14871,14871,14871,4,4
2023-01-13 15:12:33,14872,14872,14872,2,2
2023-01-13 15:12:34,14871,14871,14871,12,-12
2023-01-13 15:12:35,14871,14871,14871,2,0
2023-01-13 15:12:35,14871,14871,14871,6,0
2023-01-13 15:12:37,14871,14871,14871,2,0
2023-01-13 15:12:37,14870,14870,14870,4,-4
2023-01-13 15:12:37,14870,14870,14870,2,0
2023-01-13 15:12:38,14871,14871,14871,8,8
2023-01-13 15:12:38,14872,14872,14872,2,2
2023-01-13 15:12:39,14870,14870,14870,2,-2
2023-01-13 15:12:39,14870,14870,14870,2,0
2023-01-13 15:12:39,14871,14871,14871,2,2
2023-01-13 15:12:39,14871,14871,14871,2,0
2023-01-13 15:12:40,14871,14871,14871,2,0
2023-01-13 15:12:40,14871,14871,14871,6,0
2023-01-13 15:12:40,14871,14871,14871,2,0
2023-01-13 15:12:40,14871,14871,14871,2,0
2023-01-13 15:12:41,14870,14870,14870,2,-2
2023-01-13 15:12:41,14870,14870,14870,2,0
2023-01-13 15:12:41,14870,14870,14870,2,0
2023-01-13 15:12:42,14870,14870,14870,4,0
2023-01-13 15:12:42,14870,14870,14870,2,0
2023-01-13 15:12:42,14871,14871,14871,6,6
2023-01-13 15:12:43,14870,14870,14870,2,-2
2023-01-13 15:12:43,14869,14869,14869,4,-4
2023-01-13 15:12:43,14869,14869,14869,2,0
2023-01-13 15:12:43,14869,14869,14869,2,0
2023-01-13 15:12:45,14871,14871,14871,2,2
2023-01-13 15:12:46,14871,14871,14871,2,0
2023-01-13 15:12:46,14871,14871,14871,2,0
2023-01-13 15:12:46,14871,14871,14871,6,0
2023-01-13 15:12:46,14872,14872,14872,2,2
2023-01-13 15:12:48,14871,14871,14871,2,-2
2023-01-13 15:12:49,14871,14871,14871,4,0
2023-01-13 15:12:49,14871,14871,14871,16,0
2023-01-13 15:12:50,14872,14872,14872,4,4
2023-01-13 15:12:51,14872,14872,14872,2,0
2023-01-13 15:12:52,14871,14871,14871,4,-4
2023-01-13 15:12:53,14871,14871,14871,2,0
2023-01-13 15:12:54,14871,14871,14871,2,0
2023-01-13 15:12:56,14870,14870,14870,2,-2
2023-01-13 15:12:56,14870,14870,14870,4,0
2023-01-13 15:12:58,14870,14870,14870,2,0
2023-01-13 15:12:58,14870,14870,14870,2,0
2023-01-13 15:12:58,14870,14870,14870,2,0
2023-01-13 15:12:58,14870,14870,14870,8,0
2023-01-13 15:12:58,14870,14870,14870,20,0
2023-01-13 15:12:58,14870,14870,14870,2,0
2023-01-13 15:12:59,14870,14870,14870,2,0
2023-01-13 15:12:59,14869,14869,14869,2,-2
2023-01-13 15:12:59,14868,14868,14868,2,-2
2023-01-13 15:13:01,14869,14869,14869,6,6
2023-01-13 15:13:01,14869,14869,14869,2,0
2023-01-13 15:13:01,14868,14868,14868,2,-2
2023-01-13 15:13:01,14868,14868,14868,2,0
2023-01-13 15:13:02,14868,14868,14868,2,0
2023-01-13 15:13:04,14868,14868,14868,10,0
2023-01-13 15:13:04,14868,14868,14868,22,0
2023-01-13 15:13:04,14867,14867,14867,2,-2
2023-01-13 15:13:04,14867,14867,14867,2,0
2023-01-13 15:13:04,14867,14867,14867,4,0
2023-01-13 15:13:04,14867,14867,14867,2,0
2023-01-13 15:13:04,14867,14867,14867,2,0
2023-01-13 15:13:04,14867,14867,14867,4,0
2023-01-13 15:13:04,14867,14867,14867,2,0
2023-01-13 15:13:04,14866,14866,14866,4,-4
2023-01-13 15:13:04,14866,14866,14866,4,0
2023-01-13 15:13:04,14866,14866,14866,2,0
2023-01-13 15:13:04,14866,14866,14866,2,0
2023-01-13 15:13:04,14866,14866,14866,2,0
2023-01-13 15:13:04,14866,14866,14866,2,0
2023-01-13 15:13:04,14866,14866,14866,2,0
2023-01-13 15:13:04,14866,14866,14866,4,0
2023-01-13 15:13:04,14866,14866,14866,2,0
2023-01-13 15:13:04,14866,14866,14866,4,0
2023-01-13 15:13:07,14866,14866,14866,2,0
2023-01-13 15:13:07,14866,14866,14866,2,0
2023-01-13 15:13:07,14866,14866,14866,2,0
2023-01-13 15:13:07,14866,14866,14866,2,0
2023-01-13 15:13:07,14866,14866,14866,2,0
2023-01-13 15:13:07,14866,14866,14866,4,0
2023-01-13 15:13:07,14865,14865,14865,2,-2
2023-01-13 15:13:07,14865,14865,14865,2,0
2023-01-13 15:13:07,14865,14865,14865,2,0
2023-01-13 15:13:07,14865,14865,14865,4,0
2023-01-13 15:13:07,14865,14865,14865,2,0
2023-01-13 15:13:07,14865,14865,14865,2,0
2023-01-13 15:13:07,14865,14865,14865,2,0
2023-01-13 15:13:07,14865,14865,14865,2,0
2023-01-13 15:13:07,14865,14865,14865,2,0
2023-01-13 15:13:07,14865,14865,14865,4,0
2023-01-13 15:13:07,14865,14865,14865,2,0
2023-01-13 15:13:07,14865,14865,14865,6,0
2023-01-13 15:13:07,14867,14867,14867,2,2
2023-01-13 15:13:14,14866,14866,14866,4,-4
2023-01-13 15:13:14,14866,14866,14866,2,0
2023-01-13 15:13:14,14866,14866,14866,4,0
2023-01-13 15:13:14,14866,14866,14866,4,0
2023-01-13 15:13:14,14866,14866,14866,2,0
2023-01-13 15:13:14,14866,14866,14866,2,0
2023-01-13 15:13:17,14866,14866,14866,2,0
2023-01-13 15:13:17,14865,14865,14865,2,-2
2023-01-13 15:13:17,14865,14865,14865,2,0
2023-01-13 15:13:17,14865,14865,14865,10,0
2023-01-13 15:13:17,14865,14865,14865,6,0
2023-01-13 15:13:17,14865,14865,14865,2,0
2023-01-13 15:13:18,14866,14866,14866,4,4
2023-01-13 15:13:20,14866,14866,14866,6,0
2023-01-13 15:13:22,14866,14866,14866,4,0
2023-01-13 15:13:34,14865,14865,14865,4,-4
2023-01-13 15:13:38,14866,14866,14866,6,6
2023-01-13 15:13:38,14866,14866,14866,20,0
2023-01-13 15:13:38,14866,14866,14866,2,0
2023-01-13 15:13:38,14866,14866,14866,2,0
2023-01-13 15:13:38,14866,14866,14866,2,0
2023-01-13 15:13:38,14866,14866,14866,2,0
2023-01-13 15:13:38,14865,14865,14865,2,-2
2023-01-13 15:13:38,14865,14865,14865,2,0
2023-01-13 15:13:38,14865,14865,14865,2,0
2023-01-13 15:13:38,14865,14865,14865,2,0
2023-01-13 15:13:38,14865,14865,14865,2,0
2023-01-13 15:13:38,14865,14865,14865,2,0
2023-01-13 15:13:38,14865,14865,14865,2,0
2023-01-13 15:13:38,14865,14865,14865,4,0
2023-01-13 15:13:38,14865,14865,14865,2,0
2023-01-13 15:13:38,14865,14865,14865,2,0
2023-01-13 15:13:39,14865,14865,14865,2,0
2023-01-13 15:13:39,14865,14865,14865,2,0
2023-01-13 15:13:40,14865,14865,14865,2,0
2023-01-13 15:13:41,14864,14864,14864,2,-2
2023-01-13 15:13:46,14866,14866,14866,4,4
2023-01-13 15:13:46,14867,14867,14867,6,6
2023-01-13 15:13:47,14866,14866,14866,2,-2
2023-01-13 15:13:47,14867,14867,14867,2,2
2023-01-13 15:13:50,14867,14867,14867,4,0
2023-01-13 15:13:52,14866,14866,14866,2,-2
2023-01-13 15:13:52,14866,14866,14866,2,0
2023-01-13 15:14:00,14867,14867,14867,6,6
2023-01-13 15:14:12,14866,14866,14866,2,-2
2023-01-13 15:14:12,14867,14867,14867,4,4
2023-01-13 15:14:14,14866,14866,14866,2,-2
2023-01-13 15:14:14,14866,14866,14866,2,0
2023-01-13 15:14:14,14866,14866,14866,2,0
2023-01-13 15:14:14,14866,14866,14866,2,0
2023-01-13 15:14:14,14866,14866,14866,2,0
2023-01-13 15:14:14,14866,14866,14866,2,0
2023-01-13 15:14:14,14866,14866,14866,2,0
2023-01-13 15:14:14,14866,14866,14866,2,0
2023-01-13 15:14:14,14866,14866,14866,2,0
2023-01-13 15:14:20,14866,14866,14866,2,0
2023-01-13 15:14:21,14866,14866,14866,2,0
2023-01-13 15:14:23,14866,14866,14866,4,0
2023-01-13 15:14:26,14866,14866,14866,2,0
2023-01-13 15:14:29,14866,14866,14866,2,0
2023-01-13 15:14:29,14866,14866,14866,2,0
2023-01-13 15:14:38,14866,14866,14866,2,0
2023-01-13 15:14:38,14866,14866,14866,2,0
2023-01-13 15:14:38,14866,14866,14866,2,0
2023-01-13 15:14:38,14866,14866,14866,4,0
2023-01-13 15:14:38,14866,14866,14866,8,0
2023-01-13 15:14:38,14867,14867,14867,6,6
2023-01-13 15:14:40,14867,14867,14867,2,0
2023-01-13 15:14:46,14867,14867,14867,2,0
2023-01-13 15:14:46,14867,14867,14867,2,0
2023-01-13 15:14:46,14867,14867,14867,4,0
2023-01-13 15:14:46,14867,14867,14867,2,0
2023-01-13 15:14:49,14867,14867,14867,2,0
2023-01-13 15:14:49,14867,14867,14867,4,0
2023-01-13 15:14:54,14867,14867,14867,2,0
2023-01-13 15:14:56,14867,14867,14867,4,0
2023-01-13 15:14:59,14867,14867,14867,2,0
2023-01-13 15:14:59,14867,14867,14867,10,0
2023-01-13 15:14:59,14867,14867,14867,2,0
2023-01-13 15:14:59,14866,14866,14866,6,-6
2023-01-13 15:14:59,14866,14866,14866,2,0
2023-01-13 15:14:59,14866,14866,14866,2,0
2023-01-13 15:14:59,14866,14866,14866,2,0
2023-01-13 15:14:59,14866,14866,14866,4,0
2023-01-13 15:14:59,14866,14866,14866,4,0
2023-01-13 15:14:59,14866,14866,14866,2,0
2023-01-13 15:15:01,14866,14866,14866,2,0
2023-01-13 15:15:01,14866,14866,14866,4,0
2023-01-13 15:15:01,14866,14866,14866,2,0
2023-01-13 15:15:02,14865,14865,14865,2,-2
2023-01-13 15:15:02,14866,14866,14866,2,2
2023-01-13 15:15:02,14866,14866,14866,2,0
2023-01-13 15:15:02,14866,14866,14866,2,0
2023-01-13 15:15:06,14865,14865,14865,4,-4
2023-01-13 15:15:06,14865,14865,14865,2,0
2023-01-13 15:15:06,14865,14865,14865,4,0
2023-01-13 15:15:06,14865,14865,14865,2,0
2023-01-13 15:15:08,14864,14864,14864,2,-2
2023-01-13 15:15:08,14864,14864,14864,2,0
2023-01-13 15:15:10,14864,14864,14864,2,0
2023-01-13 15:15:10,14864,14864,14864,2,0
2023-01-13 15:15:10,14864,14864,14864,2,0
2023-01-13 15:15:14,14863,14863,14863,2,-2
2023-01-13 15:15:15,14863,14863,14863,2,0
2023-01-13 15:15:15,14863,14863,14863,2,0
2023-01-13 15:15:18,14862,14862,14862,2,-2
2023-01-13 15:15:18,14862,14862,14862,4,0
2023-01-13 15:15:18,14862,14862,14862,2,0
2023-01-13 15:15:18,14862,14862,14862,4,0
2023-01-13 15:15:18,14862,14862,14862,2,0
2023-01-13 15:15:18,14862,14862,14862,4,0
2023-01-13 15:15:18,14862,14862,14862,2,0
2023-01-13 15:15:18,14862,14862,14862,2,0
2023-01-13 15:15:18,14862,14862,14862,4,0
2023-01-13 15:15:18,14862,14862,14862,4,0
2023-01-13 15:15:19,14862,14862,14862,2,0
2023-01-13 15:15:19,14862,14862,14862,2,0
2023-01-13 15:15:19,14862,14862,14862,8,0
2023-01-13 15:15:20,14862,14862,14862,2,0
2023-01-13 15:15:20,14862,14862,14862,2,0
2023-01-13 15:15:20,14862,14862,14862,4,0
2023-01-13 15:15:20,14862,14862,14862,2,0
2023-01-13 15:15:20,14862,14862,14862,2,0
2023-01-13 15:15:20,14861,14861,14861,2,-2
2023-01-13 15:15:23,14862,14862,14862,10,10
2023-01-13 15:15:23,14862,14862,14862,2,0
2023-01-13 15:15:23,14862,14862,14862,2,0
2023-01-13 15:15:24,14862,14862,14862,2,0
2023-01-13 15:15:24,14862,14862,14862,2,0
2023-01-13 15:15:25,14862,14862,14862,8,0
2023-01-13 15:15:25,14862,14862,14862,2,0
2023-01-13 15:15:27,14861,14861,14861,2,-2
2023-01-13 15:15:27,14862,14862,14862,2,2
2023-01-13 15:15:28,14863,14863,14863,6,6
2023-01-13 15:15:29,14863,14863,14863,2,0
2023-01-13 15:15:31,14863,14863,14863,2,0
2023-01-13 15:15:32,14864,14864,14864,10,10
2023-01-13 15:15:38,14863,14863,14863,2,-2
2023-01-13 15:15:38,14863,14863,14863,6,0
2023-01-13 15:15:38,14863,14863,14863,2,0
2023-01-13 15:15:38,14863,14863,14863,4,0
2023-01-13 15:15:38,14863,14863,14863,2,0
2023-01-13 15:15:38,14863,14863,14863,2,0
2023-01-13 15:15:38,14863,14863,14863,2,0
2023-01-13 15:15:38,14863,14863,14863,4,0
2023-01-13 15:15:38,14863,14863,14863,4,0
2023-01-13 15:15:38,14863,14863,14863,2,0
2023-01-13 15:15:38,14863,14863,14863,2,0
2023-01-13 15:15:38,14863,14863,14863,2,0
2023-01-13 15:15:41,14862,14862,14862,2,-2
2023-01-13 15:15:41,14862,14862,14862,4,0
2023-01-13 15:15:41,14862,14862,14862,4,0
2023-01-13 15:15:41,14862,14862,14862,6,0
2023-01-13 15:15:41,14862,14862,14862,2,0
2023-01-13 15:15:41,14862,14862,14862,2,0
2023-01-13 15:15:41,14862,14862,14862,4,0
2023-01-13 15:15:41,14862,14862,14862,2,0
2023-01-13 15:15:41,14862,14862,14862,6,0
2023-01-13 15:15:41,14862,14862,14862,2,0
2023-01-13 15:15:41,14862,14862,14862,2,0
2023-01-13 15:15:44,14862,14862,14862,4,0
2023-01-13 15:15:44,14862,14862,14862,4,0
2023-01-13 15:15:44,14862,14862,14862,2,0
2023-01-13 15:15:46,14862,14862,14862,2,0
2023-01-13 15:15:46,14862,14862,14862,4,0
2023-01-13 15:15:47,14861,14861,14861,2,-2
2023-01-13 15:15:52,14861,14861,14861,2,0
2023-01-13 15:15:52,14861,14861,14861,2,0
2023-01-13 15:15:52,14861,14861,14861,2,0
2023-01-13 15:15:52,14861,14861,14861,2,0
2023-01-13 15:15:52,14861,14861,14861,2,0
2023-01-13 15:15:52,14861,14861,14861,2,0
2023-01-13 15:15:53,14860,14860,14860,2,-2
2023-01-13 15:15:58,14862,14862,14862,2,2
2023-01-13 15:15:58,14862,14862,14862,2,0
2023-01-13 15:15:58,14861,14861,14861,4,-4
2023-01-13 15:15:58,14861,14861,14861,2,0
2023-01-13 15:15:58,14861,14861,14861,2,0
2023-01-13 15:16:02,14862,14862,14862,2,2
2023-01-13 15:16:02,14863,14863,14863,2,2
2023-01-13 15:16:02,14863,14863,14863,2,0
2023-01-13 15:16:02,14864,14864,14864,2,2
2023-01-13 15:16:02,14864,14864,14864,2,0
2023-01-13 15:16:02,14864,14864,14864,2,0
2023-01-13 15:16:02,14864,14864,14864,2,0
2023-01-13 15:16:02,14864,14864,14864,2,0
2023-01-13 15:16:02,14863,14863,14863,2,-2
2023-01-13 15:16:02,14863,14863,14863,2,0
2023-01-13 15:16:02,14863,14863,14863,2,0
2023-01-13 15:16:06,14862,14862,14862,2,-2
2023-01-13 15:16:06,14864,14864,14864,2,2
2023-01-13 15:16:06,14864,14864,14864,2,0
2023-01-13 15:16:13,14862,14862,14862,2,-2
2023-01-13 15:16:14,14862,14862,14862,2,0
2023-01-13 15:16:15,14862,14862,14862,2,0
2023-01-13 15:16:15,14862,14862,14862,2,0
2023-01-13 15:16:15,14862,14862,14862,2,0
2023-01-13 15:16:16,14863,14863,14863,2,2
2023-01-13 15:16:34,14861,14861,14861,2,-2
2023-01-13 15:16:38,14862,14862,14862,2,2
2023-01-13 15:16:38,14862,14862,14862,2,0
2023-01-13 15:16:38,14863,14863,14863,2,2
2023-01-13 15:16:52,14863,14863,14863,10,0
2023-01-13 15:16:52,14863,14863,14863,2,0
2023-01-13 15:16:52,14863,14863,14863,2,0
2023-01-13 15:16:52,14863,14863,14863,8,0
2023-01-13 15:16:57,14862,14862,14862,2,-2
2023-01-13 15:17:01,14864,14864,14864,2,2
2023-01-13 15:17:01,14864,14864,14864,2,0
2023-01-13 15:17:01,14863,14863,14863,2,-2
2023-01-13 15:17:01,14863,14863,14863,2,0
2023-01-13 15:17:03,14863,14863,14863,2,0
2023-01-13 15:17:03,14863,14863,14863,6,0
2023-01-13 15:17:03,14863,14863,14863,2,0
2023-01-13 15:17:06,14864,14864,14864,2,2
2023-01-13 15:17:06,14864,14864,14864,2,0
2023-01-13 15:17:10,14864,14864,14864,4,0
2023-01-13 15:17:11,14864,14864,14864,2,0
2023-01-13 15:17:15,14864,14864,14864,2,0
2023-01-13 15:17:19,14863,14863,14863,2,-2
2023-01-13 15:17:25,14862,14862,14862,2,-2
2023-01-13 15:17:31,14862,14862,14862,2,0
2023-01-13 15:17:46,14862,14862,14862,2,0
2023-01-13 15:17:59,14861,14861,14861,2,-2
2023-01-13 15:17:59,14861,14861,14861,4,0
2023-01-13 15:17:59,14861,14861,14861,2,0
2023-01-13 15:17:59,14861,14861,14861,2,0
2023-01-13 15:17:59,14861,14861,14861,2,0
2023-01-13 15:17:59,14861,14861,14861,2,0
2023-01-13 15:17:59,14861,14861,14861,2,0
2023-01-13 15:18:04,14861,14861,14861,2,0
2023-01-13 15:18:11,14862,14862,14862,6,6
2023-01-13 15:18:11,14861,14861,14861,2,-2
2023-01-13 15:18:13,14862,14862,14862,4,4
2023-01-13 15:18:15,14862,14862,14862,6,0
2023-01-13 15:18:25,14863,14863,14863,4,4
2023-01-13 15:18:43,14864,14864,14864,6,6
2023-01-13 15:18:48,14863,14863,14863,2,-2
2023-01-13 15:18:48,14863,14863,14863,2,0
2023-01-13 15:18:48,14863,14863,14863,6,0
2023-01-13 15:18:50,14865,14865,14865,2,2
2023-01-13 15:18:50,14865,14865,14865,2,0
2023-01-13 15:18:52,14865,14865,14865,10,0
2023-01-13 15:18:52,14865,14865,14865,20,0
2023-01-13 15:18:57,14865,14865,14865,2,0
2023-01-13 15:18:57,14865,14865,14865,2,0
2023-01-13 15:18:59,14866,14866,14866,2,2
2023-01-13 15:19:00,14865,14865,14865,2,-2
2023-01-13 15:19:00,14865,14865,14865,2,0
2023-01-13 15:19:00,14866,14866,14866,2,2
2023-01-13 15:19:00,14865,14865,14865,2,-2
2023-01-13 15:19:00,14865,14865,14865,2,0
2023-01-13 15:19:01,14866,14866,14866,2,2
2023-01-13 15:19:06,14866,14866,14866,6,0
2023-01-13 15:19:07,14867,14867,14867,2,2
2023-01-13 15:19:10,14867,14867,14867,4,0
2023-01-13 15:19:10,14866,14866,14866,2,-2
2023-01-13 15:19:11,14867,14867,14867,4,4
2023-01-13 15:19:12,14866,14866,14866,2,-2
2023-01-13 15:19:27,14866,14866,14866,2,0
2023-01-13 15:19:28,14866,14866,14866,2,0
2023-01-13 15:19:29,14865,14865,14865,2,-2
2023-01-13 15:19:36,14865,14865,14865,2,0
2023-01-13 15:19:36,14865,14865,14865,2,0
2023-01-13 15:19:36,14865,14865,14865,2,0
2023-01-13 15:19:36,14865,14865,14865,2,0
2023-01-13 15:19:36,14864,14864,14864,2,-2
2023-01-13 15:19:49,14866,14866,14866,2,2
2023-01-13 15:19:56,14866,14866,14866,2,0
2023-01-13 15:20:01,14867,14867,14867,2,2
2023-01-13 15:20:05,14866,14866,14866,2,-2
2023-01-13 15:20:11,14865,14865,14865,2,-2
2023-01-13 15:20:12,14867,14867,14867,2,2
2023-01-13 15:20:14,14867,14867,14867,12,0
2023-01-13 15:20:17,14866,14866,14866,2,-2
2023-01-13 15:20:17,14866,14866,14866,2,0
2023-01-13 15:20:22,14866,14866,14866,2,0
2023-01-13 15:20:23,14865,14865,14865,2,-2
2023-01-13 15:20:40,14867,14867,14867,2,2
2023-01-13 15:20:52,14867,14867,14867,8,0
2023-01-13 15:20:54,14867,14867,14867,2,0
2023-01-13 15:21:25,14867,14867,14867,2,0
2023-01-13 15:21:25,14867,14867,14867,2,0
2023-01-13 15:21:25,14867,14867,14867,4,0
2023-01-13 15:21:25,14867,14867,14867,6,0
2023-01-13 15:21:27,14868,14868,14868,2,2
2023-01-13 15:21:27,14868,14868,14868,2,0
2023-01-13 15:21:27,14868,14868,14868,2,0
2023-01-13 15:21:27,14868,14868,14868,2,0
2023-01-13 15:21:28,14867,14867,14867,2,-2
2023-01-13 15:21:28,14868,14868,14868,2,2
2023-01-13 15:21:44,14867,14867,14867,2,-2
2023-01-13 15:21:48,14867,14867,14867,4,0
2023-01-13 15:21:53,14866,14866,14866,2,-2
2023-01-13 15:21:53,14866,14866,14866,2,0
2023-01-13 15:21:53,14866,14866,14866,2,0
2023-01-13 15:21:53,14866,14866,14866,2,0
2023-01-13 15:21:53,14866,14866,14866,2,0
2023-01-13 15:21:55,14865,14865,14865,2,-2
2023-01-13 15:21:55,14865,14865,14865,2,0
2023-01-13 15:21:55,14865,14865,14865,2,0
2023-01-13 15:21:55,14865,14865,14865,2,0
2023-01-13 15:21:55,14865,14865,14865,2,0
2023-01-13 15:21:55,14865,14865,14865,2,0
2023-01-13 15:21:55,14865,14865,14865,2,0
2023-01-13 15:21:55,14865,14865,14865,2,0
2023-01-13 15:21:55,14865,14865,14865,2,0
2023-01-13 15:22:08,14864,14864,14864,2,-2
2023-01-13 15:22:12,14863,14863,14863,2,-2
2023-01-13 15:22:12,14863,14863,14863,2,0
2023-01-13 15:22:12,14863,14863,14863,4,0
2023-01-13 15:22:12,14863,14863,14863,2,0
2023-01-13 15:22:20,14862,14862,14862,2,-2
2023-01-13 15:22:21,14863,14863,14863,4,4
2023-01-13 15:22:22,14863,14863,14863,2,0
2023-01-13 15:22:26,14863,14863,14863,2,0
2023-01-13 15:22:38,14863,14863,14863,2,0
2023-01-13 15:22:38,14863,14863,14863,2,0
2023-01-13 15:22:41,14863,14863,14863,4,0
2023-01-13 15:23:04,14863,14863,14863,2,0
2023-01-13 15:23:14,14863,14863,14863,2,0
2023-01-13 15:23:21,14864,14864,14864,4,4
2023-01-13 15:23:21,14864,14864,14864,2,0
2023-01-13 15:23:39,14864,14864,14864,2,0
2023-01-13 15:23:47,14864,14864,14864,4,0
2023-01-13 15:23:50,14864,14864,14864,2,0
2023-01-13 15:23:54,14865,14865,14865,2,2
2023-01-13 15:23:54,14865,14865,14865,10,0
2023-01-13 15:23:54,14865,14865,14865,2,0
2023-01-13 15:23:54,14865,14865,14865,2,0
2023-01-13 15:23:54,14865,14865,14865,2,0
2023-01-13 15:23:57,14865,14865,14865,2,0
2023-01-13 15:23:58,14865,14865,14865,2,0
2023-01-13 15:23:59,14865,14865,14865,2,0
2023-01-13 15:24:00,14865,14865,14865,2,0
2023-01-13 15:24:04,14865,14865,14865,2,0
2023-01-13 15:24:05,14866,14866,14866,4,4
2023-01-13 15:24:17,14867,14867,14867,8,8
2023-01-13 15:24:17,14866,14866,14866,4,-4
2023-01-13 15:24:18,14866,14866,14866,2,0
2023-01-13 15:24:20,14868,14868,14868,6,6
2023-01-13 15:24:20,14868,14868,14868,4,0
2023-01-13 15:24:27,14868,14868,14868,2,0
2023-01-13 15:24:27,14868,14868,14868,12,0
2023-01-13 15:24:27,14868,14868,14868,2,0
2023-01-13 15:24:30,14869,14869,14869,2,2
2023-01-13 15:24:32,14869,14869,14869,6,0
2023-01-13 15:24:33,14868,14868,14868,2,-2
2023-01-13 15:24:34,14868,14868,14868,6,0
2023-01-13 15:24:34,14868,14868,14868,2,0
2023-01-13 15:24:35,14867,14867,14867,2,-2
2023-01-13 15:24:40,14868,14868,14868,2,2
2023-01-13 15:24:50,14868,14868,14868,2,0
2023-01-13 15:24:52,14868,14868,14868,2,0
2023-01-13 15:24:52,14868,14868,14868,6,0
2023-01-13 15:25:00,14869,14869,14869,2,2
2023-01-13 15:25:00,14869,14869,14869,4,0
2023-01-13 15:25:00,14869,14869,14869,6,0
2023-01-13 15:25:00,14870,14870,14870,2,2
2023-01-13 15:25:00,14870,14870,14870,4,0
2023-01-13 15:25:01,14869,14869,14869,4,-4
2023-01-13 15:25:04,14870,14870,14870,4,4
2023-01-13 15:25:04,14870,14870,14870,2,0
2023-01-13 15:25:09,14870,14870,14870,2,0
2023-01-13 15:25:10,14870,14870,14870,2,0
2023-01-13 15:25:11,14869,14869,14869,6,-6
2023-01-13 15:25:11,14869,14869,14869,2,0
2023-01-13 15:25:11,14869,14869,14869,2,0
2023-01-13 15:25:22,14869,14869,14869,8,0
2023-01-13 15:25:22,14869,14869,14869,4,0
2023-01-13 15:25:23,14869,14869,14869,4,0
2023-01-13 15:25:24,14869,14869,14869,2,0
2023-01-13 15:25:24,14869,14869,14869,2,0
2023-01-13 15:25:26,14869,14869,14869,2,0
2023-01-13 15:25:28,14869,14869,14869,2,0
2023-01-13 15:25:30,14869,14869,14869,2,0
2023-01-13 15:25:31,14869,14869,14869,8,0
2023-01-13 15:25:31,14869,14869,14869,6,0
2023-01-13 15:25:33,14869,14869,14869,8,0
2023-01-13 15:25:34,14869,14869,14869,6,0
2023-01-13 15:25:38,14868,14868,14868,2,-2
2023-01-13 15:25:42,14868,14868,14868,2,0
2023-01-13 15:25:43,14868,14868,14868,2,0
2023-01-13 15:25:44,14867,14867,14867,2,-2
2023-01-13 15:25:44,14867,14867,14867,2,0
2023-01-13 15:25:45,14866,14866,14866,4,-4
2023-01-13 15:25:51,14866,14866,14866,2,0
2023-01-13 15:25:59,14866,14866,14866,2,0
2023-01-13 15:25:59,14866,14866,14866,2,0
2023-01-13 15:26:02,14866,14866,14866,2,0
2023-01-13 15:26:12,14865,14865,14865,2,-2
2023-01-13 15:26:14,14866,14866,14866,6,6
2023-01-13 15:26:14,14866,14866,14866,2,0
2023-01-13 15:26:21,14866,14866,14866,2,0
2023-01-13 15:26:28,14866,14866,14866,2,0
2023-01-13 15:26:28,14866,14866,14866,2,0
2023-01-13 15:26:29,14866,14866,14866,10,0
2023-01-13 15:26:40,14866,14866,14866,2,0
2023-01-13 15:26:44,14866,14866,14866,2,0
2023-01-13 15:26:49,14866,14866,14866,2,0
2023-01-13 15:26:49,14866,14866,14866,2,0
2023-01-13 15:27:11,14866,14866,14866,2,0
2023-01-13 15:27:12,14866,14866,14866,6,0
2023-01-13 15:27:12,14866,14866,14866,2,0
2023-01-13 15:27:16,14866,14866,14866,2,0
2023-01-13 15:27:17,14867,14867,14867,10,10
2023-01-13 15:27:18,14866,14866,14866,2,-2
2023-01-13 15:27:20,14866,14866,14866,2,0
2023-01-13 15:27:22,14866,14866,14866,4,0
2023-01-13 15:27:41,14866,14866,14866,2,0
2023-01-13 15:27:45,14866,14866,14866,2,0
2023-01-13 15:27:45,14866,14866,14866,6,0
2023-01-13 15:27:52,14865,14865,14865,2,-2
2023-01-13 15:27:57,14865,14865,14865,2,0
2023-01-13 15:27:57,14865,14865,14865,2,0
2023-01-13 15:27:57,14865,14865,14865,2,0
2023-01-13 15:27:57,14865,14865,14865,2,0
2023-01-13 15:27:57,14865,14865,14865,2,0
2023-01-13 15:27:57,14865,14865,14865,2,0
2023-01-13 15:28:07,14864,14864,14864,2,-2
2023-01-13 15:28:07,14864,14864,14864,2,0
2023-01-13 15:28:15,14864,14864,14864,2,0
2023-01-13 15:28:25,14864,14864,14864,2,0
2023-01-13 15:28:34,14865,14865,14865,14,14
2023-01-13 15:28:35,14865,14865,14865,2,0
2023-01-13 15:28:43,14866,14866,14866,2,2
2023-01-13 15:28:43,14866,14866,14866,2,0
2023-01-13 15:28:46,14867,14867,14867,2,2
2023-01-13 15:28:46,14867,14867,14867,16,0
2023-01-13 15:29:14,14867,14867,14867,2,0
2023-01-13 15:29:29,14866,14866,14866,2,-2
2023-01-13 15:29:31,14865,14865,14865,2,-2
2023-01-13 15:29:31,14865,14865,14865,2,0
2023-01-13 15:29:32,14866,14866,14866,2,2
2023-01-13 15:29:36,14865,14865,14865,2,-2
2023-01-13 15:29:36,14865,14865,14865,6,0
2023-01-13 15:29:36,14865,14865,14865,2,0
2023-01-13 15:29:36,14865,14865,14865,6,0
2023-01-13 15:29:36,14865,14865,14865,2,0
2023-01-13 15:29:45,14864,14864,14864,2,-2
2023-01-13 15:29:45,14864,14864,14864,4,0
2023-01-13 15:29:45,14864,14864,14864,2,0
2023-01-13 15:29:45,14864,14864,14864,2,0
2023-01-13 15:29:57,14864,14864,14864,2,0
2023-01-13 15:30:11,14864,14864,14864,4,0
2023-01-13 15:30:11,14864,14864,14864,2,0
2023-01-13 15:30:11,14864,14864,14864,2,0
2023-01-13 15:30:11,14865,14865,14865,2,2
2023-01-13 15:30:11,14865,14865,14865,2,0
2023-01-13 15:30:11,14866,14866,14866,8,8
2023-01-13 15:30:27,14866,14866,14866,2,0
2023-01-13 15:30:27,14866,14866,14866,6,0
2023-01-13 15:30:30,14865,14865,14865,2,-2
2023-01-13 15:30:36,14866,14866,14866,2,2
2023-01-13 15:30:37,14866,14866,14866,2,0
2023-01-13 15:30:39,14867,14867,14867,8,8
2023-01-13 15:30:39,14868,14868,14868,10,10
2023-01-13 15:30:41,14867,14867,14867,2,-2
2023-01-13 15:30:44,14867,14867,14867,2,0
2023-01-13 15:30:47,14867,14867,14867,2,0
2023-01-13 15:30:48,14868,14868,14868,2,2
2023-01-13 15:30:50,14868,14868,14868,8,0
2023-01-13 15:30:56,14868,14868,14868,2,0
2023-01-13 15:30:57,14868,14868,14868,4,0
2023-01-13 15:31:00,14868,14868,14868,2,0
2023-01-13 15:31:01,14868,14868,14868,2,0
2023-01-13 15:31:06,14868,14868,14868,6,0
2023-01-13 15:31:10,14869,14869,14869,18,18
2023-01-13 15:31:10,14869,14869,14869,2,0
2023-01-13 15:31:12,14870,14870,14870,20,20
2023-01-13 15:31:12,14870,14870,14870,4,0
2023-01-13 15:31:12,14870,14870,14870,10,0
2023-01-13 15:31:13,14870,14870,14870,2,0
2023-01-13 15:31:15,14870,14870,14870,2,0
2023-01-13 15:31:15,14869,14869,14869,2,-2
2023-01-13 15:31:18,14869,14869,14869,2,0
2023-01-13 15:31:18,14869,14869,14869,2,0
2023-01-13 15:31:18,14869,14869,14869,2,0
2023-01-13 15:31:18,14869,14869,14869,2,0
2023-01-13 15:31:18,14869,14869,14869,2,0
2023-01-13 15:31:18,14869,14869,14869,2,0
2023-01-13 15:31:20,14869,14869,14869,2,0
2023-01-13 15:31:20,14870,14870,14870,2,2
2023-01-13 15:31:23,14870,14870,14870,10,0
2023-01-13 15:31:24,14869,14869,14869,2,-2
2023-01-13 15:31:27,14870,14870,14870,4,4
2023-01-13 15:31:27,14871,14871,14871,2,2
2023-01-13 15:31:27,14871,14871,14871,2,0
2023-01-13 15:31:33,14870,14870,14870,2,-2
2023-01-13 15:31:34,14870,14870,14870,2,0
2023-01-13 15:31:40,14870,14870,14870,6,0
2023-01-13 15:31:45,14871,14871,14871,2,2
2023-01-13 15:31:45,14870,14870,14870,2,-2
2023-01-13 15:31:45,14870,14870,14870,2,0
2023-01-13 15:31:46,14871,14871,14871,4,4
2023-01-13 15:31:47,14870,14870,14870,2,-2
2023-01-13 15:31:47,14871,14871,14871,2,2
2023-01-13 15:31:47,14871,14871,14871,2,0
2023-01-13 15:31:47,14871,14871,14871,2,0
2023-01-13 15:31:48,14871,14871,14871,2,0
2023-01-13 15:31:48,14871,14871,14871,2,0
2023-01-13 15:31:49,14871,14871,14871,8,0
2023-01-13 15:31:49,14871,14871,14871,6,0
2023-01-13 15:31:50,14871,14871,14871,2,0
2023-01-13 15:31:50,14871,14871,14871,4,0
2023-01-13 15:31:52,14871,14871,14871,2,0
2023-01-13 15:31:52,14872,14872,14872,2,2
2023-01-13 15:31:59,14872,14872,14872,2,0
2023-01-13 15:32:00,14872,14872,14872,2,0
2023-01-13 15:32:00,14872,14872,14872,2,0
2023-01-13 15:32:02,14872,14872,14872,4,0
2023-01-13 15:32:02,14872,14872,14872,10,0
2023-01-13 15:32:02,14871,14871,14871,2,-2
2023-01-13 15:32:02,14872,14872,14872,4,4
2023-01-13 15:32:03,14872,14872,14872,18,0
2023-01-13 15:32:03,14872,14872,14872,2,0
2023-01-13 15:32:04,14872,14872,14872,2,0
2023-01-13 15:32:04,14872,14872,14872,2,0
2023-01-13 15:32:05,14873,14873,14873,16,16
2023-01-13 15:32:05,14873,14873,14873,4,0
2023-01-13 15:32:05,14873,14873,14873,6,0
2023-01-13 15:32:05,14873,14873,14873,2,0
2023-01-13 15:32:05,14873,14873,14873,6,0
2023-01-13 15:32:05,14873,14873,14873,2,0
2023-01-13 15:32:05,14873,14873,14873,10,0
2023-01-13 15:32:05,14874,14874,14874,6,6
2023-01-13 15:32:06,14874,14874,14874,2,0
2023-01-13 15:32:06,14874,14874,14874,14,0
2023-01-13 15:32:07,14873,14873,14873,2,-2
2023-01-13 15:32:07,14873,14873,14873,2,0
2023-01-13 15:32:07,14873,14873,14873,2,0
2023-01-13 15:32:07,14873,14873,14873,2,0
2023-01-13 15:32:10,14873,14873,14873,2,0
2023-01-13 15:32:12,14873,14873,14873,4,0
2023-01-13 15:32:13,14874,14874,14874,4,4
2023-01-13 15:32:18,14873,14873,14873,2,-2
2023-01-13 15:32:18,14873,14873,14873,2,0
2023-01-13 15:32:20,14873,14873,14873,2,0
2023-01-13 15:32:20,14874,14874,14874,2,2
2023-01-13 15:32:20,14874,14874,14874,8,0
2023-01-13 15:32:21,14874,14874,14874,4,0
2023-01-13 15:32:24,14874,14874,14874,2,0
2023-01-13 15:32:24,14873,14873,14873,2,-2
2023-01-13 15:32:26,14874,14874,14874,2,2
2023-01-13 15:32:26,14874,14874,14874,2,0
2023-01-13 15:32:26,14873,14873,14873,2,-2
2023-01-13 15:32:28,14874,14874,14874,4,4
2023-01-13 15:32:29,14873,14873,14873,2,-2
2023-01-13 15:32:32,14873,14873,14873,2,0
2023-01-13 15:32:32,14874,14874,14874,4,4
2023-01-13 15:32:34,14873,14873,14873,2,-2
2023-01-13 15:32:35,14874,14874,14874,2,2
2023-01-13 15:32:35,14874,14874,14874,2,0
2023-01-13 15:32:35,14874,14874,14874,2,0
2023-01-13 15:32:35,14874,14874,14874,2,0
2023-01-13 15:32:36,14874,14874,14874,2,0
2023-01-13 15:32:36,14874,14874,14874,2,0
2023-01-13 15:32:36,14874,14874,14874,2,0
2023-01-13 15:32:36,14874,14874,14874,2,0
2023-01-13 15:32:36,14873,14873,14873,2,-2
2023-01-13 15:32:36,14873,14873,14873,2,0
2023-01-13 15:32:37,14874,14874,14874,2,2
2023-01-13 15:32:40,14874,14874,14874,2,0
2023-01-13 15:32:42,14874,14874,14874,4,0
2023-01-13 15:32:42,14874,14874,14874,2,0
2023-01-13 15:32:45,14874,14874,14874,4,0
2023-01-13 15:32:45,14874,14874,14874,2,0
2023-01-13 15:32:46,14874,14874,14874,8,0
2023-01-13 15:32:47,14874,14874,14874,2,0
2023-01-13 15:32:48,14875,14875,14875,2,2
2023-01-13 15:32:48,14875,14875,14875,2,0
2023-01-13 15:32:48,14875,14875,14875,6,0
2023-01-13 15:32:48,14875,14875,14875,4,0
2023-01-13 15:32:48,14875,14875,14875,4,0
2023-01-13 15:32:49,14874,14874,14874,4,-4
2023-01-13 15:32:56,14875,14875,14875,2,2
2023-01-13 15:32:57,14875,14875,14875,2,0
2023-01-13 15:33:00,14875,14875,14875,2,0
2023-01-13 15:33:02,14875,14875,14875,6,0
2023-01-13 15:33:02,14875,14875,14875,2,0
2023-01-13 15:33:03,14875,14875,14875,2,0
2023-01-13 15:33:03,14875,14875,14875,6,0
2023-01-13 15:33:03,14875,14875,14875,2,0
2023-01-13 15:33:03,14875,14875,14875,28,0
2023-01-13 15:33:04,14876,14876,14876,4,4
2023-01-13 15:33:04,14876,14876,14876,8,0
2023-01-13 15:33:04,14876,14876,14876,4,0
2023-01-13 15:33:04,14876,14876,14876,14,0
2023-01-13 15:33:04,14876,14876,14876,2,0
2023-01-13 15:33:05,14876,14876,14876,4,0
2023-01-13 15:33:14,14875,14875,14875,2,-2
2023-01-13 15:33:17,14876,14876,14876,2,2
2023-01-13 15:33:19,14875,14875,14875,2,-2
2023-01-13 15:33:19,14875,14875,14875,2,0
2023-01-13 15:33:19,14876,14876,14876,2,2
2023-01-13 15:33:19,14876,14876,14876,2,0
2023-01-13 15:33:20,14876,14876,14876,4,0
2023-01-13 15:33:21,14876,14876,14876,2,0
2023-01-13 15:33:22,14876,14876,14876,2,0
2023-01-13 15:33:25,14876,14876,14876,2,0
2023-01-13 15:33:25,14876,14876,14876,2,0
2023-01-13 15:33:28,14876,14876,14876,2,0
2023-01-13 15:33:29,14876,14876,14876,2,0
2023-01-13 15:33:31,14877,14877,14877,2,2
2023-01-13 15:33:31,14877,14877,14877,2,0
2023-01-13 15:33:32,14876,14876,14876,2,-2
2023-01-13 15:33:33,14877,14877,14877,4,4
2023-01-13 15:33:37,14877,14877,14877,2,0
2023-01-13 15:33:40,14877,14877,14877,4,0
2023-01-13 15:33:42,14877,14877,14877,10,0
2023-01-13 15:33:43,14876,14876,14876,2,-2
2023-01-13 15:33:43,14877,14877,14877,2,2
2023-01-13 15:33:46,14876,14876,14876,2,-2
2023-01-13 15:33:46,14876,14876,14876,2,0
2023-01-13 15:33:46,14876,14876,14876,2,0
2023-01-13 15:33:46,14876,14876,14876,6,0
2023-01-13 15:33:46,14876,14876,14876,10,0
2023-01-13 15:33:46,14876,14876,14876,2,0
2023-01-13 15:33:46,14876,14876,14876,8,0
2023-01-13 15:33:46,14876,14876,14876,2,0
2023-01-13 15:33:46,14876,14876,14876,2,0
2023-01-13 15:33:46,14876,14876,14876,10,0
2023-01-13 15:33:46,14877,14877,14877,2,2
2023-01-13 15:33:49,14875,14875,14875,2,-2
2023-01-13 15:33:49,14875,14875,14875,2,0
2023-01-13 15:33:49,14875,14875,14875,6,0
2023-01-13 15:33:49,14875,14875,14875,2,0
2023-01-13 15:33:49,14875,14875,14875,4,0
2023-01-13 15:33:49,14875,14875,14875,4,0
2023-01-13 15:33:49,14875,14875,14875,2,0
2023-01-13 15:33:49,14875,14875,14875,2,0
2023-01-13 15:33:49,14875,14875,14875,2,0
2023-01-13 15:33:49,14875,14875,14875,6,0
2023-01-13 15:33:49,14875,14875,14875,2,0
2023-01-13 15:33:49,14875,14875,14875,10,0
2023-01-13 15:33:49,14875,14875,14875,2,0
2023-01-13 15:33:49,14875,14875,14875,2,0
2023-01-13 15:33:49,14875,14875,14875,2,0
2023-01-13 15:33:49,14874,14874,14874,2,-2
2023-01-13 15:33:50,14875,14875,14875,2,2
2023-01-13 15:33:50,14875,14875,14875,10,0
2023-01-13 15:33:51,14876,14876,14876,2,2
2023-01-13 15:33:51,14876,14876,14876,2,0
2023-01-13 15:33:54,14876,14876,14876,6,0
2023-01-13 15:33:56,14874,14874,14874,4,-4
2023-01-13 15:33:56,14875,14875,14875,2,2
2023-01-13 15:33:57,14874,14874,14874,2,-2
2023-01-13 15:34:00,14874,14874,14874,2,0
2023-01-13 15:34:00,14874,14874,14874,2,0
2023-01-13 15:34:00,14874,14874,14874,2,0
2023-01-13 15:34:00,14874,14874,14874,4,0
2023-01-13 15:34:00,14873,14873,14873,2,-2
2023-01-13 15:34:00,14873,14873,14873,2,0
2023-01-13 15:34:00,14873,14873,14873,2,0
2023-01-13 15:34:01,14873,14873,14873,2,0
2023-01-13 15:34:01,14873,14873,14873,4,0
2023-01-13 15:34:02,14873,14873,14873,10,0
2023-01-13 15:34:02,14873,14873,14873,2,0
2023-01-13 15:34:03,14873,14873,14873,6,0
2023-01-13 15:34:05,14872,14872,14872,2,-2
2023-01-13 15:34:07,14873,14873,14873,2,2
2023-01-13 15:34:09,14874,14874,14874,2,2
2023-01-13 15:34:12,14873,14873,14873,2,-2
2023-01-13 15:34:12,14873,14873,14873,2,0
2023-01-13 15:34:12,14873,14873,14873,4,0
2023-01-13 15:34:12,14873,14873,14873,2,0
2023-01-13 15:34:12,14873,14873,14873,4,0
2023-01-13 15:34:12,14873,14873,14873,6,0
2023-01-13 15:34:19,14874,14874,14874,10,10
2023-01-13 15:34:24,14874,14874,14874,2,0
2023-01-13 15:34:26,14874,14874,14874,2,0
2023-01-13 15:34:26,14874,14874,14874,8,0
2023-01-13 15:34:26,14874,14874,14874,4,0
2023-01-13 15:34:26,14874,14874,14874,4,0
2023-01-13 15:34:26,14874,14874,14874,2,0
2023-01-13 15:34:26,14875,14875,14875,2,2
2023-01-13 15:34:28,14875,14875,14875,2,0
2023-01-13 15:34:29,14875,14875,14875,14,0
2023-01-13 15:34:29,14875,14875,14875,14,0
2023-01-13 15:34:30,14875,14875,14875,2,0
2023-01-13 15:34:30,14875,14875,14875,2,0
2023-01-13 15:34:36,14875,14875,14875,2,0
2023-01-13 15:34:37,14875,14875,14875,2,0
2023-01-13 15:34:38,14875,14875,14875,2,0
2023-01-13 15:34:39,14876,14876,14876,6,6
2023-01-13 15:34:41,14876,14876,14876,2,0
2023-01-13 15:34:47,14876,14876,14876,2,0
2023-01-13 15:34:47,14876,14876,14876,2,0
2023-01-13 15:34:47,14876,14876,14876,2,0
2023-01-13 15:34:48,14876,14876,14876,2,0
2023-01-13 15:34:51,14875,14875,14875,2,-2
2023-01-13 15:34:52,14876,14876,14876,2,2
2023-01-13 15:34:57,14877,14877,14877,10,10
2023-01-13 15:34:58,14877,14877,14877,10,0
2023-01-13 15:35:01,14876,14876,14876,2,-2
2023-01-13 15:35:01,14876,14876,14876,2,0
2023-01-13 15:35:01,14876,14876,14876,12,0
2023-01-13 15:35:02,14876,14876,14876,4,0
2023-01-13 15:35:02,14875,14875,14875,2,-2
2023-01-13 15:35:02,14877,14877,14877,2,2
2023-01-13 15:35:03,14876,14876,14876,4,-4
2023-01-13 15:35:07,14876,14876,14876,2,0
2023-01-13 15:35:09,14875,14875,14875,2,-2
2023-01-13 15:35:09,14875,14875,14875,2,0
2023-01-13 15:35:09,14876,14876,14876,2,2
2023-01-13 15:35:11,14876,14876,14876,2,0
2023-01-13 15:35:11,14876,14876,14876,2,0
2023-01-13 15:35:17,14876,14876,14876,2,0
2023-01-13 15:35:17,14876,14876,14876,6,0
2023-01-13 15:35:19,14876,14876,14876,2,0
2023-01-13 15:35:19,14876,14876,14876,6,0
2023-01-13 15:35:19,14876,14876,14876,4,0
2023-01-13 15:35:19,14876,14876,14876,2,0
2023-01-13 15:35:19,14876,14876,14876,8,0
2023-01-13 15:35:19,14877,14877,14877,10,10
2023-01-13 15:35:25,14876,14876,14876,10,-10
2023-01-13 15:35:26,14876,14876,14876,2,0
2023-01-13 15:35:27,14876,14876,14876,4,0
2023-01-13 15:35:27,14876,14876,14876,4,0
2023-01-13 15:35:31,14877,14877,14877,10,10
2023-01-13 15:35:33,14877,14877,14877,2,0
2023-01-13 15:35:33,14877,14877,14877,10,0
2023-01-13 15:35:37,14877,14877,14877,10,0
2023-01-13 15:35:41,14877,14877,14877,4,0
2023-01-13 15:35:41,14877,14877,14877,2,0
2023-01-13 15:35:47,14876,14876,14876,2,-2
2023-01-13 15:35:47,14876,14876,14876,4,0
2023-01-13 15:35:47,14876,14876,14876,2,0
2023-01-13 15:35:47,14876,14876,14876,10,0
2023-01-13 15:35:47,14876,14876,14876,2,0
2023-01-13 15:35:57,14876,14876,14876,2,0
2023-01-13 15:35:57,14876,14876,14876,2,0
2023-01-13 15:35:57,14876,14876,14876,2,0
2023-01-13 15:35:57,14876,14876,14876,2,0
2023-01-13 15:36:00,14876,14876,14876,2,0
2023-01-13 15:36:00,14876,14876,14876,2,0
2023-01-13 15:36:07,14876,14876,14876,20,0
2023-01-13 15:36:08,14877,14877,14877,2,2
2023-01-13 15:36:16,14876,14876,14876,2,-2
2023-01-13 15:36:19,14875,14875,14875,4,-4
2023-01-13 15:36:19,14875,14875,14875,2,0
2023-01-13 15:36:19,14875,14875,14875,2,0
2023-01-13 15:36:19,14875,14875,14875,2,0
2023-01-13 15:36:19,14875,14875,14875,2,0
2023-01-13 15:36:19,14875,14875,14875,2,0
2023-01-13 15:36:19,14875,14875,14875,6,0
2023-01-13 15:36:19,14875,14875,14875,6,0
2023-01-13 15:36:19,14875,14875,14875,4,0
2023-01-13 15:36:19,14875,14875,14875,6,0
2023-01-13 15:36:19,14875,14875,14875,2,0
2023-01-13 15:36:19,14875,14875,14875,2,0
2023-01-13 15:36:19,14875,14875,14875,2,0
2023-01-13 15:36:19,14875,14875,14875,2,0
2023-01-13 15:36:19,14875,14875,14875,2,0
2023-01-13 15:36:19,14875,14875,14875,2,0
2023-01-13 15:36:19,14875,14875,14875,2,0
2023-01-13 15:36:19,14875,14875,14875,2,0
2023-01-13 15:36:19,14875,14875,14875,4,0
2023-01-13 15:36:19,14875,14875,14875,6,0
2023-01-13 15:36:19,14875,14875,14875,2,0
2023-01-13 15:36:21,14875,14875,14875,6,0
2023-01-13 15:36:23,14876,14876,14876,2,2
2023-01-13 15:36:26,14875,14875,14875,2,-2
2023-01-13 15:36:30,14876,14876,14876,2,2
2023-01-13 15:36:33,14875,14875,14875,2,-2
2023-01-13 15:36:33,14874,14874,14874,2,-2
2023-01-13 15:36:43,14874,14874,14874,2,0
2023-01-13 15:36:43,14874,14874,14874,2,0
2023-01-13 15:36:43,14874,14874,14874,20,0
2023-01-13 15:36:43,14874,14874,14874,2,0
2023-01-13 15:36:43,14874,14874,14874,2,0
2023-01-13 15:36:45,14874,14874,14874,2,0
2023-01-13 15:36:50,14873,14873,14873,2,-2
2023-01-13 15:36:50,14873,14873,14873,2,0
2023-01-13 15:36:50,14873,14873,14873,2,0
2023-01-13 15:36:50,14873,14873,14873,2,0
2023-01-13 15:36:50,14873,14873,14873,2,0
2023-01-13 15:36:50,14873,14873,14873,2,0
2023-01-13 15:36:50,14873,14873,14873,2,0
2023-01-13 15:36:50,14873,14873,14873,2,0
2023-01-13 15:36:50,14873,14873,14873,2,0
2023-01-13 15:36:50,14873,14873,14873,2,0
2023-01-13 15:36:52,14873,14873,14873,2,0
2023-01-13 15:36:58,14873,14873,14873,2,0
2023-01-13 15:36:58,14873,14873,14873,2,0
2023-01-13 15:37:01,14873,14873,14873,2,0
2023-01-13 15:37:01,14873,14873,14873,2,0
2023-01-13 15:37:01,14873,14873,14873,2,0
2023-01-13 15:37:01,14873,14873,14873,2,0
2023-01-13 15:37:03,14874,14874,14874,4,4
2023-01-13 15:37:04,14873,14873,14873,2,-2
2023-01-13 15:37:06,14874,14874,14874,2,2
2023-01-13 15:37:06,14874,14874,14874,2,0
2023-01-13 15:37:09,14874,14874,14874,2,0
2023-01-13 15:37:21,14875,14875,14875,2,2
2023-01-13 15:37:21,14874,14874,14874,2,-2
2023-01-13 15:37:31,14875,14875,14875,4,4
2023-01-13 15:37:31,14874,14874,14874,2,-2
2023-01-13 15:37:33,14874,14874,14874,2,0
2023-01-13 15:37:33,14874,14874,14874,2,0
2023-01-13 15:37:41,14875,14875,14875,2,2
2023-01-13 15:37:46,14874,14874,14874,2,-2
2023-01-13 15:37:46,14874,14874,14874,2,0
2023-01-13 15:37:59,14874,14874,14874,2,0
2023-01-13 15:37:59,14874,14874,14874,2,0
2023-01-13 15:38:25,14874,14874,14874,2,0
2023-01-13 15:38:30,14875,14875,14875,6,6
2023-01-13 15:38:34,14875,14875,14875,2,0
2023-01-13 15:38:53,14875,14875,14875,4,0
2023-01-13 15:38:53,14875,14875,14875,6,0
2023-01-13 15:38:53,14875,14875,14875,2,0
2023-01-13 15:38:53,14875,14875,14875,2,0
2023-01-13 15:38:53,14875,14875,14875,8,0
2023-01-13 15:38:53,14875,14875,14875,36,0
2023-01-13 15:38:53,14875,14875,14875,6,0
2023-01-13 15:38:54,14875,14875,14875,2,0
2023-01-13 15:38:59,14875,14875,14875,2,0
2023-01-13 15:38:59,14875,14875,14875,2,0
2023-01-13 15:39:03,14875,14875,14875,4,0
2023-01-13 15:39:03,14876,14876,14876,2,2
2023-01-13 15:39:03,14876,14876,14876,2,0
2023-01-13 15:39:03,14876,14876,14876,2,0
2023-01-13 15:39:11,14875,14875,14875,4,-4
2023-01-13 15:39:14,14876,14876,14876,6,6
2023-01-13 15:39:16,14875,14875,14875,6,-6
2023-01-13 15:39:16,14875,14875,14875,4,0
2023-01-13 15:39:25,14876,14876,14876,2,2
2023-01-13 15:39:31,14876,14876,14876,2,0
2023-01-13 15:39:32,14875,14875,14875,6,-6
2023-01-13 15:39:32,14875,14875,14875,2,0
2023-01-13 15:39:32,14875,14875,14875,6,0
2023-01-13 15:39:32,14876,14876,14876,2,2
2023-01-13 15:39:37,14875,14875,14875,2,-2
2023-01-13 15:39:45,14875,14875,14875,2,0
2023-01-13 15:39:53,14875,14875,14875,2,0
2023-01-13 15:40:08,14875,14875,14875,2,0
2023-01-13 15:40:09,14874,14874,14874,2,-2
2023-01-13 15:40:09,14874,14874,14874,2,0
2023-01-13 15:40:12,14874,14874,14874,2,0
2023-01-13 15:40:17,14873,14873,14873,4,-4
2023-01-13 15:40:17,14873,14873,14873,2,0
2023-01-13 15:40:17,14873,14873,14873,2,0
2023-01-13 15:40:22,14873,14873,14873,2,0
2023-01-13 15:40:24,14872,14872,14872,2,-2
2023-01-13 15:40:37,14874,14874,14874,2,2
2023-01-13 15:40:37,14874,14874,14874,2,0
2023-01-13 15:40:37,14874,14874,14874,2,0
2023-01-13 15:40:42,14873,14873,14873,4,-4
2023-01-13 15:40:46,14872,14872,14872,2,-2
2023-01-13 15:40:46,14872,14872,14872,2,0
2023-01-13 15:40:46,14872,14872,14872,2,0
2023-01-13 15:40:55,14871,14871,14871,6,-6
2023-01-13 15:40:55,14871,14871,14871,2,0
2023-01-13 15:40:55,14871,14871,14871,2,0
2023-01-13 15:40:55,14871,14871,14871,2,0
2023-01-13 15:40:55,14871,14871,14871,2,0
2023-01-13 15:41:04,14871,14871,14871,2,0
2023-01-13 15:41:05,14871,14871,14871,2,0
2023-01-13 15:41:09,14870,14870,14870,2,-2
2023-01-13 15:41:10,14871,14871,14871,2,2
2023-01-13 15:41:10,14871,14871,14871,2,0
2023-01-13 15:41:10,14871,14871,14871,2,0
2023-01-13 15:41:10,14871,14871,14871,2,0
2023-01-13 15:41:10,14870,14870,14870,2,-2
2023-01-13 15:41:11,14871,14871,14871,2,2
2023-01-13 15:41:13,14871,14871,14871,2,0
2023-01-13 15:41:13,14871,14871,14871,6,0
2023-01-13 15:41:13,14872,14872,14872,4,4
2023-01-13 15:41:13,14872,14872,14872,2,0
2023-01-13 15:41:13,14872,14872,14872,22,0
2023-01-13 15:41:15,14872,14872,14872,2,0
2023-01-13 15:41:15,14872,14872,14872,2,0
2023-01-13 15:41:15,14872,14872,14872,2,0
2023-01-13 15:41:24,14872,14872,14872,2,0
2023-01-13 15:41:24,14873,14873,14873,2,2
2023-01-13 15:41:24,14873,14873,14873,2,0
2023-01-13 15:41:24,14873,14873,14873,2,0
2023-01-13 15:41:24,14873,14873,14873,2,0
2023-01-13 15:41:24,14873,14873,14873,4,0
2023-01-13 15:41:33,14874,14874,14874,2,2
2023-01-13 15:41:50,14874,14874,14874,4,0
2023-01-13 15:41:54,14874,14874,14874,2,0
2023-01-13 15:41:54,14874,14874,14874,2,0
2023-01-13 15:41:54,14874,14874,14874,4,0
2023-01-13 15:41:58,14874,14874,14874,2,0
2023-01-13 15:42:09,14875,14875,14875,2,2
2023-01-13 15:42:14,14874,14874,14874,2,-2
2023-01-13 15:42:25,14875,14875,14875,4,4
2023-01-13 15:42:25,14875,14875,14875,2,0
2023-01-13 15:42:25,14875,14875,14875,4,0
2023-01-13 15:42:25,14875,14875,14875,2,0
2023-01-13 15:42:25,14875,14875,14875,4,0
2023-01-13 15:42:43,14876,14876,14876,28,28
2023-01-13 15:42:47,14877,14877,14877,2,2
2023-01-13 15:42:48,14877,14877,14877,4,0
2023-01-13 15:42:48,14877,14877,14877,4,0
2023-01-13 15:42:49,14876,14876,14876,2,-2
2023-01-13 15:42:49,14876,14876,14876,2,0
2023-01-13 15:42:51,14877,14877,14877,2,2
2023-01-13 15:43:03,14876,14876,14876,2,-2
2023-01-13 15:43:03,14876,14876,14876,2,0
2023-01-13 15:43:04,14876,14876,14876,2,0
2023-01-13 15:43:05,14876,14876,14876,2,0
2023-01-13 15:43:17,14876,14876,14876,2,0
2023-01-13 15:43:20,14876,14876,14876,8,0
2023-01-13 15:43:26,14876,14876,14876,2,0
2023-01-13 15:43:28,14877,14877,14877,2,2
2023-01-13 15:43:38,14877,14877,14877,14,0
2023-01-13 15:43:38,14877,14877,14877,2,0
2023-01-13 15:43:38,14877,14877,14877,2,0
2023-01-13 15:43:40,14876,14876,14876,2,-2
2023-01-13 15:43:42,14877,14877,14877,10,10
2023-01-13 15:43:47,14877,14877,14877,2,0
2023-01-13 15:43:59,14877,14877,14877,12,0
2023-01-13 15:44:00,14877,14877,14877,2,0
2023-01-13 15:44:01,14876,14876,14876,2,-2
2023-01-13 15:44:06,14876,14876,14876,2,0
2023-01-13 15:44:06,14876,14876,14876,2,0
2023-01-13 15:44:06,14876,14876,14876,2,0
2023-01-13 15:44:06,14876,14876,14876,2,0
2023-01-13 15:44:06,14875,14875,14875,2,-2
2023-01-13 15:44:07,14875,14875,14875,2,0
2023-01-13 15:44:15,14876,14876,14876,2,2
2023-01-13 15:44:20,14875,14875,14875,2,-2
2023-01-13 15:44:21,14875,14875,14875,2,0
2023-01-13 15:44:21,14875,14875,14875,2,0
2023-01-13 15:44:21,14875,14875,14875,2,0
2023-01-13 15:44:21,14875,14875,14875,2,0
2023-01-13 15:44:21,14875,14875,14875,6,0
2023-01-13 15:44:21,14875,14875,14875,4,0
2023-01-13 15:44:21,14875,14875,14875,2,0
2023-01-13 15:44:21,14875,14875,14875,2,0
2023-01-13 15:44:21,14875,14875,14875,2,0
2023-01-13 15:44:21,14875,14875,14875,2,0
2023-01-13 15:44:21,14875,14875,14875,2,0
2023-01-13 15:44:21,14875,14875,14875,2,0
2023-01-13 15:44:21,14875,14875,14875,2,0
2023-01-13 15:44:21,14875,14875,14875,4,0
2023-01-13 15:44:21,14875,14875,14875,2,0
2023-01-13 15:44:21,14875,14875,14875,2,0
2023-01-13 15:44:21,14875,14875,14875,14,0
2023-01-13 15:44:23,14875,14875,14875,2,0
2023-01-13 15:44:24,14875,14875,14875,2,0
2023-01-13 15:44:24,14875,14875,14875,2,0
2023-01-13 15:44:24,14875,14875,14875,2,0
2023-01-13 15:44:24,14874,14874,14874,2,-2
2023-01-13 15:44:26,14876,14876,14876,2,2
2023-01-13 15:44:26,14876,14876,14876,2,0
2023-01-13 15:44:27,14875,14875,14875,2,-2
2023-01-13 15:44:27,14875,14875,14875,2,0
2023-01-13 15:44:28,14875,14875,14875,2,0
2023-01-13 15:44:28,14875,14875,14875,2,0
2023-01-13 15:44:28,14875,14875,14875,2,0
2023-01-13 15:44:34,14875,14875,14875,2,0
2023-01-13 15:44:34,14875,14875,14875,2,0
2023-01-13 15:44:36,14875,14875,14875,2,0
2023-01-13 15:44:36,14875,14875,14875,2,0
2023-01-13 15:44:45,14876,14876,14876,2,2
2023-01-13 15:44:45,14877,14877,14877,8,8
2023-01-13 15:44:54,14877,14877,14877,2,0
2023-01-13 15:45:01,14877,14877,14877,2,0
2023-01-13 15:45:01,14878,14878,14878,2,2
2023-01-13 15:45:01,14878,14878,14878,2,0
2023-01-13 15:45:01,14878,14878,14878,4,0
2023-01-13 15:45:01,14878,14878,14878,2,0
2023-01-13 15:45:01,14878,14878,14878,4,0
2023-01-13 15:45:01,14878,14878,14878,2,0
2023-01-13 15:45:01,14878,14878,14878,26,0
2023-01-13 15:45:01,14878,14878,14878,2,0
2023-01-13 15:45:01,14878,14878,14878,2,0
2023-01-13 15:45:01,14878,14878,14878,2,0
2023-01-13 15:45:01,14879,14879,14879,2,2
2023-01-13 15:45:01,14879,14879,14879,6,0
2023-01-13 15:45:01,14879,14879,14879,2,0
2023-01-13 15:45:01,14879,14879,14879,2,0
2023-01-13 15:45:01,14879,14879,14879,4,0
2023-01-13 15:45:01,14879,14879,14879,2,0
2023-01-13 15:45:01,14879,14879,14879,2,0
2023-01-13 15:45:01,14879,14879,14879,2,0
2023-01-13 15:45:01,14878,14878,14878,2,-2
2023-01-13 15:45:03,14879,14879,14879,2,2
2023-01-13 15:45:03,14879,14879,14879,2,0
2023-01-13 15:45:09,14879,14879,14879,10,0
2023-01-13 15:45:17,14877,14877,14877,2,-2
2023-01-13 15:45:17,14879,14879,14879,8,8
2023-01-13 15:45:23,14879,14879,14879,10,0
2023-01-13 15:45:28,14880,14880,14880,2,2
2023-01-13 15:45:28,14880,14880,14880,12,0
2023-01-13 15:45:28,14880,14880,14880,10,0
2023-01-13 15:45:28,14880,14880,14880,2,0
2023-01-13 15:45:29,14879,14879,14879,2,-2
2023-01-13 15:45:29,14878,14878,14878,2,-2
2023-01-13 15:45:32,14879,14879,14879,2,2
2023-01-13 15:45:32,14880,14880,14880,2,2
2023-01-13 15:45:32,14880,14880,14880,4,0
2023-01-13 15:45:37,14879,14879,14879,2,-2
2023-01-13 15:45:40,14879,14879,14879,4,0
2023-01-13 15:45:41,14880,14880,14880,2,2
2023-01-13 15:45:45,14879,14879,14879,2,-2
2023-01-13 15:45:47,14879,14879,14879,2,0
2023-01-13 15:45:47,14879,14879,14879,2,0
2023-01-13 15:45:52,14879,14879,14879,4,0
2023-01-13 15:45:52,14879,14879,14879,2,0
2023-01-13 15:45:52,14879,14879,14879,2,0
2023-01-13 15:45:53,14878,14878,14878,2,-2
2023-01-13 15:45:53,14878,14878,14878,2,0
2023-01-13 15:45:53,14878,14878,14878,2,0
2023-01-13 15:45:53,14878,14878,14878,2,0
2023-01-13 15:45:53,14879,14879,14879,4,4
2023-01-13 15:45:58,14879,14879,14879,6,0
2023-01-13 15:46:00,14879,14879,14879,4,0
2023-01-13 15:46:00,14880,14880,14880,2,2
2023-01-13 15:46:00,14880,14880,14880,10,0
2023-01-13 15:46:00,14879,14879,14879,2,-2
2023-01-13 15:46:02,14880,14880,14880,4,4
2023-01-13 15:46:04,14880,14880,14880,4,0
2023-01-13 15:46:06,14879,14879,14879,2,-2
2023-01-13 15:46:06,14879,14879,14879,2,0
2023-01-13 15:46:07,14880,14880,14880,2,2
2023-01-13 15:46:08,14879,14879,14879,2,-2
2023-01-13 15:46:09,14880,14880,14880,4,4
2023-01-13 15:46:09,14880,14880,14880,2,0
2023-01-13 15:46:09,14880,14880,14880,16,0
2023-01-13 15:46:09,14880,14880,14880,18,0
2023-01-13 15:46:09,14880,14880,14880,2,0
2023-01-13 15:46:09,14880,14880,14880,2,0
2023-01-13 15:46:14,14880,14880,14880,2,0
2023-01-13 15:46:14,14880,14880,14880,2,0
2023-01-13 15:46:15,14881,14881,14881,4,4
2023-01-13 15:46:15,14880,14880,14880,2,-2
2023-01-13 15:46:15,14880,14880,14880,10,0
2023-01-13 15:46:15,14881,14881,14881,12,12
2023-01-13 15:46:15,14881,14881,14881,10,0
2023-01-13 15:46:15,14881,14881,14881,4,0
2023-01-13 15:46:16,14880,14880,14880,2,-2
2023-01-13 15:46:17,14881,14881,14881,4,4
2023-01-13 15:46:17,14881,14881,14881,6,0
2023-01-13 15:46:18,14881,14881,14881,4,0
2023-01-13 15:46:19,14881,14881,14881,2,0
2023-01-13 15:46:22,14881,14881,14881,2,0
2023-01-13 15:46:26,14881,14881,14881,2,0
2023-01-13 15:46:28,14880,14880,14880,2,-2
2023-01-13 15:46:30,14881,14881,14881,4,4
2023-01-13 15:46:32,14882,14882,14882,2,2
2023-01-13 15:46:35,14882,14882,14882,2,0
2023-01-13 15:46:35,14882,14882,14882,2,0
2023-01-13 15:46:36,14881,14881,14881,2,-2
2023-01-13 15:46:39,14881,14881,14881,4,0
2023-01-13 15:46:39,14881,14881,14881,2,0
2023-01-13 15:46:42,14882,14882,14882,4,4
2023-01-13 15:46:44,14882,14882,14882,12,0
2023-01-13 15:46:44,14881,14881,14881,2,-2
2023-01-13 15:46:44,14882,14882,14882,4,4
2023-01-13 15:46:46,14882,14882,14882,4,0
2023-01-13 15:46:48,14882,14882,14882,4,0
2023-01-13 15:46:49,14882,14882,14882,2,0
2023-01-13 15:46:51,14882,14882,14882,4,0
2023-01-13 15:46:51,14882,14882,14882,4,0
2023-01-13 15:46:51,14882,14882,14882,4,0
2023-01-13 15:46:52,14882,14882,14882,2,0
2023-01-13 15:46:57,14883,14883,14883,2,2
2023-01-13 15:46:57,14883,14883,14883,2,0
2023-01-13 15:47:00,14883,14883,14883,10,0
2023-01-13 15:47:04,14883,14883,14883,2,0
2023-01-13 15:47:04,14883,14883,14883,16,0
2023-01-13 15:47:05,14882,14882,14882,2,-2
2023-01-13 15:47:05,14882,14882,14882,2,0
2023-01-13 15:47:05,14882,14882,14882,4,0
2023-01-13 15:47:07,14883,14883,14883,16,16
2023-01-13 15:47:08,14883,14883,14883,2,0
2023-01-13 15:47:08,14883,14883,14883,2,0
2023-01-13 15:47:10,14882,14882,14882,2,-2
2023-01-13 15:47:10,14882,14882,14882,2,0
2023-01-13 15:47:12,14882,14882,14882,2,0
2023-01-13 15:47:22,14883,14883,14883,2,2
2023-01-13 15:47:24,14882,14882,14882,2,-2
2023-01-13 15:47:24,14882,14882,14882,2,0
2023-01-13 15:47:24,14882,14882,14882,8,0
2023-01-13 15:47:24,14882,14882,14882,2,0
2023-01-13 15:47:24,14882,14882,14882,2,0
2023-01-13 15:47:24,14882,14882,14882,4,0
2023-01-13 15:47:24,14882,14882,14882,2,0
2023-01-13 15:47:24,14882,14882,14882,2,0
2023-01-13 15:47:24,14882,14882,14882,2,0
2023-01-13 15:47:24,14882,14882,14882,2,0
2023-01-13 15:47:24,14882,14882,14882,2,0
2023-01-13 15:47:24,14882,14882,14882,2,0
2023-01-13 15:47:27,14881,14881,14881,2,-2
2023-01-13 15:47:31,14881,14881,14881,2,0
2023-01-13 15:47:38,14881,14881,14881,2,0
2023-01-13 15:47:40,14880,14880,14880,4,-4
2023-01-13 15:47:43,14880,14880,14880,2,0
2023-01-13 15:47:43,14880,14880,14880,10,0
2023-01-13 15:47:43,14880,14880,14880,2,0
2023-01-13 15:47:43,14880,14880,14880,4,0
2023-01-13 15:47:43,14880,14880,14880,4,0
2023-01-13 15:47:43,14880,14880,14880,2,0
2023-01-13 15:47:43,14880,14880,14880,2,0
2023-01-13 15:47:46,14880,14880,14880,4,0
2023-01-13 15:47:49,14880,14880,14880,2,0
2023-01-13 15:47:52,14880,14880,14880,2,0
2023-01-13 15:47:53,14879,14879,14879,2,-2
2023-01-13 15:47:56,14879,14879,14879,2,0
2023-01-13 15:47:56,14879,14879,14879,6,0
2023-01-13 15:47:56,14879,14879,14879,2,0
2023-01-13 15:47:56,14879,14879,14879,4,0
2023-01-13 15:47:56,14879,14879,14879,2,0
2023-01-13 15:48:02,14878,14878,14878,2,-2
2023-01-13 15:48:07,14878,14878,14878,2,0
2023-01-13 15:48:08,14878,14878,14878,2,0
2023-01-13 15:48:09,14878,14878,14878,2,0
2023-01-13 15:48:09,14878,14878,14878,2,0
2023-01-13 15:48:09,14878,14878,14878,4,0
2023-01-13 15:48:12,14878,14878,14878,2,0
2023-01-13 15:48:16,14878,14878,14878,4,0
2023-01-13 15:48:16,14879,14879,14879,2,2
2023-01-13 15:48:18,14878,14878,14878,2,-2
2023-01-13 15:48:22,14878,14878,14878,2,0
2023-01-13 15:48:23,14879,14879,14879,2,2
2023-01-13 15:48:30,14879,14879,14879,2,0
2023-01-13 15:48:34,14879,14879,14879,4,0
2023-01-13 15:48:34,14879,14879,14879,2,0
2023-01-13 15:48:40,14880,14880,14880,4,4
2023-01-13 15:48:42,14879,14879,14879,2,-2
2023-01-13 15:48:50,14879,14879,14879,2,0
2023-01-13 15:48:51,14879,14879,14879,2,0
2023-01-13 15:49:02,14879,14879,14879,2,0
2023-01-13 15:49:21,14879,14879,14879,4,0
2023-01-13 15:49:26,14880,14880,14880,10,10
2023-01-13 15:49:27,14880,14880,14880,2,0
2023-01-13 15:49:42,14880,14880,14880,2,0
2023-01-13 15:49:45,14880,14880,14880,2,0
2023-01-13 15:49:45,14880,14880,14880,10,0
2023-01-13 15:49:49,14879,14879,14879,2,-2
2023-01-13 15:49:49,14879,14879,14879,2,0
2023-01-13 15:49:49,14879,14879,14879,2,0
2023-01-13 15:49:49,14879,14879,14879,2,0
2023-01-13 15:49:49,14879,14879,14879,2,0
2023-01-13 15:49:49,14879,14879,14879,2,0
2023-01-13 15:49:49,14879,14879,14879,2,0
2023-01-13 15:49:49,14879,14879,14879,4,0
2023-01-13 15:49:49,14879,14879,14879,2,0
2023-01-13 15:49:49,14879,14879,14879,2,0
2023-01-13 15:49:49,14879,14879,14879,2,0
2023-01-13 15:49:54,14879,14879,14879,2,0
2023-01-13 15:50:05,14879,14879,14879,2,0
2023-01-13 15:50:08,14879,14879,14879,10,0
2023-01-13 15:50:22,14879,14879,14879,4,0
2023-01-13 15:50:22,14880,14880,14880,2,2
2023-01-13 15:50:22,14880,14880,14880,8,0
2023-01-13 15:50:25,14879,14879,14879,2,-2
2023-01-13 15:50:27,14880,14880,14880,4,4
2023-01-13 15:50:33,14881,14881,14881,6,6
2023-01-13 15:50:40,14881,14881,14881,2,0
2023-01-13 15:50:44,14881,14881,14881,4,0
2023-01-13 15:50:44,14881,14881,14881,2,0
2023-01-13 15:50:44,14881,14881,14881,2,0
2023-01-13 15:50:46,14882,14882,14882,18,18
2023-01-13 15:50:49,14881,14881,14881,2,-2
2023-01-13 15:50:49,14881,14881,14881,2,0
2023-01-13 15:50:54,14882,14882,14882,2,2
2023-01-13 15:51:00,14882,14882,14882,8,0
2023-01-13 15:51:03,14882,14882,14882,8,0
2023-01-13 15:51:03,14883,14883,14883,2,2
2023-01-13 15:51:03,14883,14883,14883,2,0
2023-01-13 15:51:03,14883,14883,14883,2,0
2023-01-13 15:51:03,14883,14883,14883,2,0
2023-01-13 15:51:04,14883,14883,14883,2,0
2023-01-13 15:51:04,14883,14883,14883,4,0
2023-01-13 15:51:08,14882,14882,14882,2,-2
2023-01-13 15:51:10,14882,14882,14882,2,0
2023-01-13 15:51:10,14882,14882,14882,2,0
2023-01-13 15:51:10,14883,14883,14883,8,8
2023-01-13 15:51:12,14883,14883,14883,2,0
2023-01-13 15:51:12,14883,14883,14883,2,0
2023-01-13 15:51:18,14882,14882,14882,2,-2
2023-01-13 15:51:22,14883,14883,14883,10,10
2023-01-13 15:51:23,14883,14883,14883,10,0
2023-01-13 15:51:23,14883,14883,14883,10,0
2023-01-13 15:51:27,14883,14883,14883,2,0
2023-01-13 15:51:27,14883,14883,14883,4,0
2023-01-13 15:51:27,14883,14883,14883,2,0
2023-01-13 15:51:27,14883,14883,14883,4,0
2023-01-13 15:51:27,14883,14883,14883,2,0
2023-01-13 15:51:27,14883,14883,14883,8,0
2023-01-13 15:51:29,14883,14883,14883,2,0
2023-01-13 15:51:31,14883,14883,14883,2,0
2023-01-13 15:51:31,14883,14883,14883,2,0
2023-01-13 15:51:31,14883,14883,14883,2,0
2023-01-13 15:51:33,14883,14883,14883,2,0
2023-01-13 15:51:33,14882,14882,14882,2,-2
2023-01-13 15:51:33,14882,14882,14882,2,0
2023-01-13 15:51:33,14882,14882,14882,2,0
2023-01-13 15:51:34,14882,14882,14882,2,0
2023-01-13 15:51:38,14883,14883,14883,2,2
2023-01-13 15:51:39,14883,14883,14883,2,0
2023-01-13 15:51:41,14883,14883,14883,2,0
2023-01-13 15:51:41,14883,14883,14883,2,0
2023-01-13 15:51:41,14883,14883,14883,2,0
2023-01-13 15:51:41,14883,14883,14883,10,0
2023-01-13 15:51:43,14882,14882,14882,2,-2
2023-01-13 15:51:50,14883,14883,14883,8,8
2023-01-13 15:51:50,14882,14882,14882,2,-2
2023-01-13 15:52:00,14883,14883,14883,2,2
2023-01-13 15:52:01,14883,14883,14883,2,0
2023-01-13 15:52:02,14883,14883,14883,2,0
2023-01-13 15:52:05,14884,14884,14884,2,2
2023-01-13 15:52:05,14883,14883,14883,2,-2
2023-01-13 15:52:08,14883,14883,14883,2,0
2023-01-13 15:52:08,14883,14883,14883,2,0
2023-01-13 15:52:10,14883,14883,14883,2,0
2023-01-13 15:52:16,14884,14884,14884,26,26
2023-01-13 15:52:16,14884,14884,14884,2,0
2023-01-13 15:52:16,14884,14884,14884,2,0
2023-01-13 15:52:16,14884,14884,14884,2,0
2023-01-13 15:52:16,14884,14884,14884,4,0
2023-01-13 15:52:16,14884,14884,14884,4,0
2023-01-13 15:52:16,14884,14884,14884,2,0
2023-01-13 15:52:16,14884,14884,14884,4,0
2023-01-13 15:52:16,14884,14884,14884,2,0
2023-01-13 15:52:17,14884,14884,14884,2,0
2023-01-13 15:52:19,14885,14885,14885,40,40
2023-01-13 15:52:19,14885,14885,14885,4,0
2023-01-13 15:52:19,14885,14885,14885,8,0
2023-01-13 15:52:19,14885,14885,14885,4,0
2023-01-13 15:52:19,14885,14885,14885,4,0
2023-01-13 15:52:19,14885,14885,14885,2,0
2023-01-13 15:52:19,14886,14886,14886,4,4
2023-01-13 15:52:19,14886,14886,14886,2,0
2023-01-13 15:52:19,14886,14886,14886,2,0
2023-01-13 15:52:19,14886,14886,14886,2,0
2023-01-13 15:52:19,14886,14886,14886,2,0
2023-01-13 15:52:19,14886,14886,14886,6,0
2023-01-13 15:52:19,14886,14886,14886,4,0
2023-01-13 15:52:19,14886,14886,14886,2,0
2023-01-13 15:52:19,14886,14886,14886,6,0
2023-01-13 15:52:26,14886,14886,14886,2,0
2023-01-13 15:52:31,14886,14886,14886,2,0
2023-01-13 15:52:32,14886,14886,14886,2,0
2023-01-13 15:52:32,14886,14886,14886,4,0
2023-01-13 15:52:34,14885,14885,14885,2,-2
2023-01-13 15:52:37,14885,14885,14885,2,0
2023-01-13 15:52:38,14885,14885,14885,6,0
2023-01-13 15:52:39,14885,14885,14885,2,0
2023-01-13 15:52:42,14885,14885,14885,2,0
2023-01-13 15:52:52,14885,14885,14885,2,0
2023-01-13 15:52:53,14886,14886,14886,10,10
2023-01-13 15:52:53,14887,14887,14887,2,2
2023-01-13 15:53:00,14887,14887,14887,2,0
2023-01-13 15:53:02,14885,14885,14885,6,-6
2023-01-13 15:53:02,14885,14885,14885,4,0
2023-01-13 15:53:02,14885,14885,14885,2,0
2023-01-13 15:53:04,14885,14885,14885,2,0
2023-01-13 15:53:04,14885,14885,14885,2,0
2023-01-13 15:53:06,14884,14884,14884,2,-2
2023-01-13 15:53:06,14884,14884,14884,4,0
2023-01-13 15:53:06,14884,14884,14884,2,0
2023-01-13 15:53:09,14883,14883,14883,2,-2
2023-01-13 15:53:09,14883,14883,14883,2,0
2023-01-13 15:53:09,14883,14883,14883,2,0
2023-01-13 15:53:09,14883,14883,14883,2,0
2023-01-13 15:53:15,14883,14883,14883,2,0
2023-01-13 15:53:17,14882,14882,14882,2,-2
2023-01-13 15:53:27,14882,14882,14882,2,0
2023-01-13 15:53:27,14882,14882,14882,2,0
2023-01-13 15:53:31,14883,14883,14883,4,4
2023-01-13 15:53:33,14883,14883,14883,4,0
2023-01-13 15:53:33,14883,14883,14883,2,0
2023-01-13 15:53:36,14884,14884,14884,10,10
2023-01-13 15:53:46,14882,14882,14882,2,-2
2023-01-13 15:53:46,14882,14882,14882,2,0
2023-01-13 15:53:51,14882,14882,14882,2,0
2023-01-13 15:53:51,14882,14882,14882,2,0
2023-01-13 15:53:51,14882,14882,14882,2,0
2023-01-13 15:53:51,14882,14882,14882,2,0
2023-01-13 15:53:54,14882,14882,14882,2,0
2023-01-13 15:53:54,14882,14882,14882,2,0
2023-01-13 15:53:54,14883,14883,14883,2,2
2023-01-13 15:53:54,14884,14884,14884,4,4
2023-01-13 15:53:54,14882,14882,14882,2,-2
2023-01-13 15:53:56,14884,14884,14884,2,2
2023-01-13 15:53:56,14884,14884,14884,6,0
2023-01-13 15:53:57,14883,14883,14883,2,-2
2023-01-13 15:54:01,14883,14883,14883,2,0
2023-01-13 15:54:01,14884,14884,14884,2,2
2023-01-13 15:54:01,14885,14885,14885,2,2
2023-01-13 15:54:01,14885,14885,14885,6,0
2023-01-13 15:54:01,14885,14885,14885,2,0
2023-01-13 15:54:01,14885,14885,14885,2,0
2023-01-13 15:54:01,14885,14885,14885,2,0
2023-01-13 15:54:01,14885,14885,14885,2,0
2023-01-13 15:54:02,14885,14885,14885,2,0
2023-01-13 15:54:06,14884,14884,14884,2,-2
2023-01-13 15:54:08,14884,14884,14884,2,0
2023-01-13 15:54:13,14884,14884,14884,2,0
2023-01-13 15:54:14,14883,14883,14883,2,-2
2023-01-13 15:54:14,14882,14882,14882,4,-4
2023-01-13 15:54:20,14882,14882,14882,2,0
2023-01-13 15:54:20,14882,14882,14882,4,0
2023-01-13 15:54:22,14882,14882,14882,2,0
2023-01-13 15:54:22,14882,14882,14882,4,0
2023-01-13 15:54:24,14882,14882,14882,2,0
2023-01-13 15:54:24,14882,14882,14882,2,0
2023-01-13 15:54:24,14882,14882,14882,2,0
2023-01-13 15:54:26,14882,14882,14882,2,0
2023-01-13 15:54:26,14881,14881,14881,2,-2
2023-01-13 15:54:26,14881,14881,14881,2,0
2023-01-13 15:54:27,14881,14881,14881,4,0
2023-01-13 15:54:27,14881,14881,14881,2,0
2023-01-13 15:54:29,14882,14882,14882,2,2
2023-01-13 15:54:29,14881,14881,14881,2,-2
2023-01-13 15:54:29,14881,14881,14881,2,0
2023-01-13 15:54:31,14881,14881,14881,4,0
2023-01-13 15:54:31,14881,14881,14881,2,0
2023-01-13 15:54:32,14883,14883,14883,16,16
2023-01-13 15:54:32,14881,14881,14881,2,-2
2023-01-13 15:54:32,14881,14881,14881,4,0
2023-01-13 15:54:34,14881,14881,14881,6,0
2023-01-13 15:54:43,14882,14882,14882,2,2
2023-01-13 15:54:43,14882,14882,14882,2,0
2023-01-13 15:54:43,14882,14882,14882,2,0
2023-01-13 15:54:43,14882,14882,14882,2,0
2023-01-13 15:54:55,14882,14882,14882,2,0
2023-01-13 15:55:07,14883,14883,14883,2,2
2023-01-13 15:55:08,14884,14884,14884,12,12
2023-01-13 15:55:08,14885,14885,14885,2,2
2023-01-13 15:55:14,14883,14883,14883,2,-2
2023-01-13 15:55:14,14883,14883,14883,4,0
2023-01-13 15:55:20,14883,14883,14883,2,0
2023-01-13 15:55:23,14882,14882,14882,2,-2
2023-01-13 15:55:23,14882,14882,14882,2,0
2023-01-13 15:55:23,14882,14882,14882,2,0
2023-01-13 15:55:23,14882,14882,14882,2,0
2023-01-13 15:55:23,14882,14882,14882,2,0
2023-01-13 15:55:23,14882,14882,14882,2,0
2023-01-13 15:55:34,14883,14883,14883,4,4
2023-01-13 15:55:45,14882,14882,14882,4,-4
2023-01-13 15:55:45,14883,14883,14883,6,6
2023-01-13 15:55:46,14884,14884,14884,2,2
2023-01-13 15:55:50,14884,14884,14884,4,0
2023-01-13 15:56:09,14882,14882,14882,4,-4
2023-01-13 15:56:09,14883,14883,14883,8,8
2023-01-13 15:56:30,14881,14881,14881,2,-2
2023-01-13 15:56:33,14881,14881,14881,2,0
2023-01-13 15:56:39,14881,14881,14881,2,0
2023-01-13 15:56:43,14881,14881,14881,2,0
2023-01-13 15:56:48,14881,14881,14881,2,0
2023-01-13 15:56:56,14882,14882,14882,4,4
2023-01-13 15:56:57,14881,14881,14881,2,-2
2023-01-13 15:57:00,14881,14881,14881,2,0
2023-01-13 15:57:00,14881,14881,14881,2,0
2023-01-13 15:57:00,14881,14881,14881,2,0
2023-01-13 15:57:00,14880,14880,14880,2,-2
2023-01-13 15:57:00,14880,14880,14880,4,0
2023-01-13 15:57:00,14880,14880,14880,2,0
2023-01-13 15:57:00,14880,14880,14880,2,0
2023-01-13 15:57:00,14880,14880,14880,2,0
2023-01-13 15:57:00,14880,14880,14880,2,0
2023-01-13 15:57:00,14880,14880,14880,2,0
2023-01-13 15:57:00,14880,14880,14880,2,0
2023-01-13 15:57:00,14880,14880,14880,2,0
2023-01-13 15:57:00,14880,14880,14880,8,0
2023-01-13 15:57:00,14879,14879,14879,2,-2
2023-01-13 15:57:01,14880,14880,14880,2,2
2023-01-13 15:57:04,14879,14879,14879,2,-2
2023-01-13 15:57:04,14879,14879,14879,2,0
2023-01-13 15:57:04,14879,14879,14879,2,0
2023-01-13 15:57:18,14880,14880,14880,4,4
2023-01-13 15:57:19,14880,14880,14880,2,0
2023-01-13 15:57:19,14880,14880,14880,2,0
2023-01-13 15:57:19,14880,14880,14880,2,0
2023-01-13 15:57:19,14881,14881,14881,2,2
2023-01-13 15:57:26,14882,14882,14882,4,4
2023-01-13 15:57:27,14881,14881,14881,2,-2
2023-01-13 15:57:34,14882,14882,14882,4,4
2023-01-13 15:57:42,14882,14882,14882,2,0
2023-01-13 15:57:51,14881,14881,14881,2,-2
2023-01-13 15:57:51,14881,14881,14881,2,0
2023-01-13 15:57:51,14881,14881,14881,2,0
2023-01-13 15:57:58,14880,14880,14880,2,-2
2023-01-13 15:58:04,14880,14880,14880,2,0
2023-01-13 15:58:10,14880,14880,14880,2,0
2023-01-13 15:58:13,14880,14880,14880,2,0
2023-01-13 15:58:16,14881,14881,14881,2,2
2023-01-13 15:58:38,14882,14882,14882,2,2
2023-01-13 15:58:38,14882,14882,14882,4,0
2023-01-13 15:58:38,14882,14882,14882,2,0
2023-01-13 15:58:39,14883,14883,14883,2,2
2023-01-13 15:58:52,14882,14882,14882,2,-2
2023-01-13 15:58:58,14883,14883,14883,2,2
2023-01-13 15:59:00,14882,14882,14882,2,-2
2023-01-13 15:59:14,14883,14883,14883,2,2
2023-01-13 15:59:14,14884,14884,14884,4,4
2023-01-13 15:59:23,14885,14885,14885,8,8
2023-01-13 15:59:42,14885,14885,14885,4,0
2023-01-13 15:59:42,14884,14884,14884,2,-2
2023-01-13 15:59:44,14884,14884,14884,2,0
2023-01-13 15:59:50,14885,14885,14885,4,4
2023-01-13 15:59:51,14885,14885,14885,2,0
2023-01-13 15:59:51,14885,14885,14885,2,0
2023-01-13 15:59:51,14885,14885,14885,16,0
2023-01-13 15:59:54,14886,14886,14886,4,4
2023-01-13 15:59:56,14885,14885,14885,2,-2
2023-01-13 15:59:58,14886,14886,14886,14,14
2023-01-13 15:59:58,14886,14886,14886,2,0
2023-01-13 15:59:58,14886,14886,14886,2,0
2023-01-13 15:59:58,14886,14886,14886,4,0
2023-01-13 15:59:58,14885,14885,14885,2,-2
2023-01-13 15:59:59,14885,14885,14885,2,0
2023-01-13 15:59:59,14885,14885,14885,2,0
2023-01-13 15:59:59,14885,14885,14885,2,0
2023-01-13 15:59:59,14885,14885,14885,2,0
2023-01-13 15:59:59,14885,14885,14885,2,0
2023-01-13 15:59:59,14885,14885,14885,4,0
2023-01-13 15:59:59,14885,14885,14885,6,0
2023-01-13 15:59:59,14885,14885,14885,2,0
