2020-07-28 15:00:00.086,12456,12458,12458,58,58
2020-07-28 15:00:00.088,12458,12460,12458,3,-3
2020-07-28 15:00:00.123,12456,12460,12456,1,-1
2020-07-28 15:00:00.333,12456,12459,12457,1,1
2020-07-28 15:00:00.335,12456,12459,12457,1,-1
2020-07-28 15:00:00.349,12456,12459,12456,1,-1
2020-07-28 15:00:00.349,12456,12459,12456,2,-2
2020-07-28 15:00:00.349,12456,12459,12456,1,-1
2020-07-28 15:00:00.504,12455,12457,12457,1,1
2020-07-28 15:00:00.504,12455,12457,12458,1,1
2020-07-28 15:00:00.516,12455,12457,12456,1,-1
2020-07-28 15:00:00.711,12455,12459,12455,1,-1
2020-07-28 15:00:00.749,12455,12459,12455,1,-1
2020-07-28 15:00:00.756,12455,12459,12455,1,-1
2020-07-28 15:00:00.760,12455,12459,12455,1,-1
2020-07-28 15:00:00.869,12455,12459,12459,1,1
2020-07-28 15:00:00.885,12456,12460,12456,1,-1
2020-07-28 15:00:00.885,12456,12460,12455,2,-2
2020-07-28 15:00:01.261,12455,12457,12457,1,1
2020-07-28 15:00:01.261,12455,12457,12457,9,9
2020-07-28 15:00:01.395,12455,12457,12455,2,-2
2020-07-28 15:00:01.395,12455,12457,12454,2,-2
2020-07-28 15:00:01.563,12454,12456,12454,2,-2
2020-07-28 15:00:01.563,12454,12456,12454,5,-5
2020-07-28 15:00:01.564,12454,12456,12453,2,-2
2020-07-28 15:00:01.642,12452,12454,12452,4,-4
2020-07-28 15:00:01.643,12452,12454,12452,5,-5
2020-07-28 15:00:01.643,12452,12454,12452,11,-11
2020-07-28 15:00:01.643,12452,12454,12452,1,-1
2020-07-28 15:00:01.833,12452,12453,12452,1,-1
2020-07-28 15:00:01.922,12451,12452,12452,2,2
2020-07-28 15:00:01.942,12451,12452,12453,2,2
2020-07-28 15:00:01.946,12451,12452,12453,2,2
2020-07-28 15:00:02.055,12452,12454,12454,1,1
2020-07-28 15:00:02.126,12453,12455,12453,1,-1
2020-07-28 15:00:02.126,12453,12455,12452,1,-1
2020-07-28 15:00:03.202,12453,12454,12453,1,1
2020-07-28 15:00:03.202,12453,12454,12452,2,-2
2020-07-28 15:00:03.202,12453,12454,12451,1,-1
2020-07-28 15:00:03.344,12451,12454,12451,1,-1
2020-07-28 15:00:03.861,12451,12454,12454,4,4
2020-07-28 15:00:03.861,12451,12454,12455,4,4
2020-07-28 15:00:03.865,12451,12454,12455,1,1
2020-07-28 15:00:03.905,12454,12456,12456,1,1
2020-07-28 15:00:03.906,12454,12456,12456,2,2
2020-07-28 15:00:04.089,12455,12456,12455,1,-1
2020-07-28 15:00:04.601,12455,12456,12456,6,6
2020-07-28 15:00:04.602,12455,12456,12457,2,2
2020-07-28 15:00:04.603,12455,12456,12458,9,9
2020-07-28 15:00:04.604,12455,12456,12459,2,2
2020-07-28 15:00:05.248,12457,12459,12459,1,1
2020-07-28 15:00:05.249,12457,12459,12459,6,6
2020-07-28 15:00:05.249,12458,12460,12460,14,14
2020-07-28 15:00:05.250,12458,12460,12461,8,8
2020-07-28 15:00:05.251,12458,12460,12462,13,13
2020-07-28 15:00:05.252,12458,12460,12461,4,4
2020-07-28 15:00:05.368,12458,12460,12461,1,1
2020-07-28 15:00:05.369,12458,12460,12463,1,1
2020-07-28 15:00:06.120,12461,12463,12463,1,1
2020-07-28 15:00:06.294,12461,12463,12461,1,-1
2020-07-28 15:00:06.322,12461,12463,12460,1,-1
2020-07-28 15:00:06.693,12460,12462,12460,1,-1
2020-07-28 15:00:06.908,12459,12461,12461,2,2
2020-07-28 15:00:07.226,12459,12461,12459,1,-1
2020-07-28 15:00:08.695,12460,12461,12460,6,6
2020-07-28 15:00:08.925,12459,12460,12460,1,1
2020-07-28 15:00:09.398,12459,12461,12459,1,-1
2020-07-28 15:00:09.592,12459,12461,12459,2,-2
2020-07-28 15:00:09.636,12458,12459,12458,1,-1
2020-07-28 15:00:09.692,12458,12459,12457,2,-2
2020-07-28 15:00:10.307,12456,12457,12458,3,3
2020-07-28 15:00:10.307,12456,12457,12459,2,2
2020-07-28 15:00:10.438,12457,12459,12457,1,-1
2020-07-28 15:00:10.550,12457,12459,12458,5,5
2020-07-28 15:00:10.766,12457,12459,12459,2,2
2020-07-28 15:00:10.766,12457,12459,12460,3,3
2020-07-28 15:00:10.787,12457,12459,12458,1,-1
2020-07-28 15:00:10.956,12458,12460,12460,1,1
2020-07-28 15:00:11.088,12458,12460,12460,2,2
2020-07-28 15:00:11.088,12458,12460,12461,3,3
2020-07-28 15:00:11.116,12458,12460,12460,1,1
2020-07-28 15:00:11.176,12460,12462,12461,1,1
2020-07-28 15:00:11.369,12459,12461,12460,1,-1
2020-07-28 15:00:11.392,12459,12461,12460,1,-1
2020-07-28 15:00:11.392,12459,12461,12461,4,4
2020-07-28 15:00:11.574,12460,12462,12460,1,-1
2020-07-28 15:00:11.693,12460,12462,12462,5,5
2020-07-28 15:00:11.812,12461,12463,12463,1,1
2020-07-28 15:00:11.942,12461,12463,12461,1,-1
2020-07-28 15:00:13.279,12460,12462,12460,1,-1
2020-07-28 15:00:13.379,12460,12462,12462,1,1
2020-07-28 15:00:13.380,12460,12462,12461,1,-1
2020-07-28 15:00:13.408,12460,12462,12461,1,-1
2020-07-28 15:00:13.410,12460,12462,12461,1,-1
2020-07-28 15:00:13.411,12460,12462,12461,1,-1
2020-07-28 15:00:13.416,12460,12462,12461,1,-1
2020-07-28 15:00:13.441,12460,12462,12461,1,-1
2020-07-28 15:00:13.481,12460,12462,12460,1,-1
2020-07-28 15:00:15.007,12460,12461,12461,1,1
2020-07-28 15:00:15.348,12460,12462,12462,6,6
2020-07-28 15:00:15.738,12461,12463,12463,11,11
2020-07-28 15:00:15.739,12461,12463,12463,8,8
2020-07-28 15:00:15.740,12461,12463,12464,5,5
2020-07-28 15:00:15.740,12461,12463,12464,3,3
2020-07-28 15:00:15.740,12461,12463,12464,2,2
2020-07-28 15:00:15.740,12461,12463,12464,4,4
2020-07-28 15:00:15.741,12461,12463,12464,4,4
2020-07-28 15:00:15.742,12461,12463,12464,2,2
2020-07-28 15:00:15.744,12461,12463,12464,3,3
2020-07-28 15:00:15.968,12464,12466,12464,2,-2
2020-07-28 15:00:15.969,12464,12466,12464,1,-1
2020-07-28 15:00:16.047,12462,12464,12461,1,-1
2020-07-28 15:00:16.166,12461,12463,12463,1,1
2020-07-28 15:00:16.637,12460,12462,12460,1,-1
2020-07-28 15:00:16.738,12460,12462,12460,1,-1
2020-07-28 15:00:16.839,12460,12461,12460,1,-1
2020-07-28 15:00:16.941,12460,12461,12461,1,1
2020-07-28 15:00:17.040,12460,12461,12461,1,1
2020-07-28 15:00:17.041,12460,12461,12461,1,1
2020-07-28 15:00:17.613,12460,12462,12462,3,3
2020-07-28 15:00:17.823,12461,12463,12461,2,-2
2020-07-28 15:00:17.823,12461,12463,12460,13,-13
2020-07-28 15:00:18.163,12460,12461,12460,5,-5
2020-07-28 15:00:18.164,12460,12461,12460,52,-52
2020-07-28 15:00:18.164,12460,12461,12460,1,-1
2020-07-28 15:00:18.164,12460,12461,12460,1,-1
2020-07-28 15:00:18.164,12460,12461,12460,2,-2
2020-07-28 15:00:18.169,12460,12461,12459,1,-1
2020-07-28 15:00:18.184,12460,12461,12459,1,-1
2020-07-28 15:00:18.489,12458,12460,12460,1,1
2020-07-28 15:00:18.625,12458,12460,12460,1,1
2020-07-28 15:00:21.682,12457,12459,12459,1,1
2020-07-28 15:00:21.795,12457,12459,12457,1,-1
2020-07-28 15:00:24.024,12457,12459,12459,3,3
2020-07-28 15:00:24.024,12457,12459,12459,2,2
2020-07-28 15:00:25.056,12458,12460,12458,3,-3
2020-07-28 15:00:25.173,12458,12460,12460,9,9
2020-07-28 15:00:26.396,12459,12461,12460,2,-2
2020-07-28 15:00:26.971,12459,12461,12460,2,-2
2020-07-28 15:00:27.729,12460,12461,12461,1,1
2020-07-28 15:00:27.730,12460,12461,12461,3,3
2020-07-28 15:00:29.146,12461,12462,12462,1,1
2020-07-28 15:00:29.634,12461,12462,12462,1,1
2020-07-28 15:00:30.250,12461,12462,12462,1,1
2020-07-28 15:00:30.250,12461,12462,12463,1,1
2020-07-28 15:00:30.836,12461,12462,12461,1,-1
2020-07-28 15:00:31.508,12461,12463,12461,1,-1
2020-07-28 15:00:31.511,12461,12463,12461,1,-1
2020-07-28 15:00:32.329,12461,12463,12462,1,1
2020-07-28 15:00:32.796,12462,12463,12463,1,1
2020-07-28 15:00:32.886,12462,12464,12462,1,-1
2020-07-28 15:00:33.864,12462,12464,12462,1,-1
2020-07-28 15:00:34.247,12462,12464,12464,12,12
2020-07-28 15:00:34.373,12464,12465,12465,1,1
2020-07-28 15:00:35.162,12464,12466,12464,1,-1
2020-07-28 15:00:36.067,12464,12465,12465,1,1
2020-07-28 15:00:36.786,12464,12466,12464,1,-1
2020-07-28 15:00:38.170,12464,12465,12464,4,-4
2020-07-28 15:00:38.278,12464,12465,12464,1,-1
2020-07-28 15:00:38.283,12464,12465,12465,1,1
2020-07-28 15:00:39.649,12464,12465,12464,1,-1
2020-07-28 15:00:41.097,12463,12464,12464,1,1
2020-07-28 15:00:41.356,12463,12464,12463,6,-6
2020-07-28 15:00:41.357,12463,12464,12462,11,-11
2020-07-28 15:00:41.357,12463,12464,12462,1,-1
2020-07-28 15:00:41.600,12461,12462,12461,1,-1
2020-07-28 15:00:41.640,12461,12462,12461,1,-1
2020-07-28 15:00:41.640,12461,12462,12460,1,-1
2020-07-28 15:00:41.752,12460,12462,12462,1,1
2020-07-28 15:00:43.568,12460,12461,12460,1,-1
2020-07-28 15:00:44.183,12460,12461,12461,1,1
2020-07-28 15:00:44.452,12460,12462,12461,1,-1
2020-07-28 15:00:47.195,12461,12463,12463,3,3
2020-07-28 15:00:47.670,12463,12464,12463,10,-10
2020-07-28 15:00:47.671,12463,12464,12463,7,-7
2020-07-28 15:00:50.017,12461,12462,12461,1,-1
2020-07-28 15:00:52.073,12461,12462,12461,3,-3
2020-07-28 15:00:53.041,12461,12462,12461,1,-1
2020-07-28 15:00:54.475,12460,12461,12461,4,4
2020-07-28 15:00:54.769,12461,12462,12461,1,-1
2020-07-28 15:00:55.878,12461,12462,12461,1,-1
2020-07-28 15:00:55.878,12461,12462,12461,12,-12
2020-07-28 15:00:57.119,12460,12461,12462,2,2
2020-07-28 15:00:57.870,12461,12463,12462,4,-4
2020-07-28 15:00:57.871,12461,12463,12463,2,2
2020-07-28 15:00:58.971,12462,12464,12463,1,-1
2020-07-28 15:00:59.813,12462,12464,12462,1,-1
2020-07-28 15:01:00.057,12462,12464,12464,1,1
2020-07-28 15:01:00.058,12462,12464,12464,3,3
2020-07-28 15:01:00.058,12462,12464,12464,1,1
2020-07-28 15:01:00.067,12462,12464,12464,1,1
2020-07-28 15:01:00.591,12463,12465,12465,1,1
2020-07-28 15:01:00.798,12463,12465,12465,1,1
2020-07-28 15:01:01.598,12464,12466,12466,1,1
2020-07-28 15:01:01.599,12464,12466,12466,13,13
2020-07-28 15:01:01.643,12465,12467,12466,1,-1
2020-07-28 15:01:02.235,12465,12466,12466,6,6
2020-07-28 15:01:02.236,12465,12466,12466,1,1
2020-07-28 15:01:02.236,12465,12466,12466,3,3
2020-07-28 15:01:02.398,12465,12467,12466,1,-1
2020-07-28 15:01:02.423,12465,12467,12466,1,-1
2020-07-28 15:01:02.650,12465,12467,12465,1,-1
2020-07-28 15:01:05.803,12466,12467,12467,1,1
2020-07-28 15:01:06.765,12466,12467,12467,3,3
2020-07-28 15:01:06.938,12467,12468,12468,1,1
2020-07-28 15:01:07.966,12467,12468,12467,1,-1
2020-07-28 15:01:08.699,12466,12467,12467,1,1
2020-07-28 15:01:09.936,12465,12467,12466,1,-1
2020-07-28 15:01:10.039,12466,12467,12467,1,1
2020-07-28 15:01:10.268,12466,12468,12468,1,1
2020-07-28 15:01:11.189,12466,12468,12468,1,1
2020-07-28 15:01:11.427,12466,12468,12468,2,2
2020-07-28 15:01:12.089,12466,12468,12468,1,1
2020-07-28 15:01:13.330,12466,12468,12468,1,1
2020-07-28 15:01:15.273,12466,12468,12468,1,1
2020-07-28 15:01:15.815,12466,12468,12468,1,1
2020-07-28 15:01:16.905,12466,12468,12468,1,1
2020-07-28 15:01:16.968,12466,12468,12468,1,1
2020-07-28 15:01:17.062,12466,12468,12466,1,-1
2020-07-28 15:01:17.189,12466,12468,12468,1,1
2020-07-28 15:01:17.800,12467,12468,12468,6,6
2020-07-28 15:01:17.994,12467,12469,12469,1,1
2020-07-28 15:01:18.281,12467,12469,12469,1,1
2020-07-28 15:01:18.733,12468,12469,12468,10,-10
2020-07-28 15:01:19.594,12467,12468,12468,1,1
2020-07-28 15:01:21.077,12467,12468,12468,1,1
2020-07-28 15:01:21.077,12467,12468,12469,3,3
2020-07-28 15:01:21.516,12468,12469,12468,1,-1
2020-07-28 15:01:22.002,12468,12469,12468,2,-2
2020-07-28 15:01:22.489,12467,12468,12467,4,-4
2020-07-28 15:01:26.952,12467,12468,12467,1,-1
2020-07-28 15:01:27.646,12466,12468,12466,6,-6
2020-07-28 15:01:27.840,12465,12467,12467,3,3
2020-07-28 15:01:28.105,12465,12467,12467,2,2
2020-07-28 15:01:28.504,12465,12466,12466,1,1
2020-07-28 15:01:28.504,12465,12466,12467,3,3
2020-07-28 15:01:29.140,12465,12467,12467,1,1
2020-07-28 15:01:32.992,12465,12466,12465,1,-1
2020-07-28 15:01:33.600,12465,12466,12465,2,-2
2020-07-28 15:01:33.601,12465,12466,12465,1,-1
2020-07-28 15:01:37.366,12463,12464,12463,1,-1
2020-07-28 15:01:37.474,12462,12464,12462,2,-2
2020-07-28 15:01:37.514,12462,12463,12462,2,-2
2020-07-28 15:01:37.530,12462,12463,12462,1,-1
2020-07-28 15:01:37.530,12462,12463,12461,2,-2
2020-07-28 15:01:38.896,12461,12462,12462,1,1
2020-07-28 15:01:38.896,12461,12462,12463,1,1
2020-07-28 15:01:39.579,12462,12463,12463,1,1
2020-07-28 15:01:40.790,12462,12463,12463,1,1
2020-07-28 15:01:42.077,12463,12464,12464,7,7
2020-07-28 15:01:42.078,12463,12464,12464,3,3
2020-07-28 15:01:43.515,12464,12465,12465,1,1
2020-07-28 15:01:43.515,12464,12465,12466,2,2
2020-07-28 15:01:44.321,12464,12465,12464,1,-1
2020-07-28 15:01:46.205,12464,12465,12464,1,-1
2020-07-28 15:01:49.292,12463,12465,12465,3,3
2020-07-28 15:01:50.800,12465,12466,12465,2,-2
2020-07-28 15:01:53.716,12465,12466,12465,1,-1
2020-07-28 15:01:54.552,12465,12466,12465,1,-1
2020-07-28 15:01:55.233,12465,12466,12465,3,-3
2020-07-28 15:01:55.882,12464,12465,12464,1,-1
2020-07-28 15:01:57.012,12464,12465,12464,1,-1
2020-07-28 15:01:57.316,12464,12465,12464,1,-1
2020-07-28 15:01:57.580,12464,12465,12464,1,-1
2020-07-28 15:01:57.582,12464,12465,12464,8,-8
2020-07-28 15:01:59.579,12463,12464,12463,8,-8
2020-07-28 15:01:59.997,12462,12464,12463,1,-1
2020-07-28 15:02:01.760,12462,12463,12463,1,1
2020-07-28 15:02:02.261,12462,12463,12463,1,1
2020-07-28 15:02:02.494,12462,12463,12463,4,4
2020-07-28 15:02:02.789,12462,12463,12463,1,1
2020-07-28 15:02:02.972,12462,12463,12463,1,1
2020-07-28 15:02:03.183,12462,12463,12463,6,6
2020-07-28 15:02:05.728,12462,12463,12463,2,2
2020-07-28 15:02:06.970,12462,12464,12464,1,1
2020-07-28 15:02:07.292,12462,12464,12463,1,-1
2020-07-28 15:02:09.625,12462,12463,12462,1,-1
2020-07-28 15:02:11.569,12462,12463,12463,1,1
2020-07-28 15:02:11.978,12463,12464,12463,1,-1
2020-07-28 15:02:13.627,12462,12463,12463,1,1
2020-07-28 15:02:18.214,12462,12464,12464,1,1
2020-07-28 15:02:20.584,12462,12464,12462,8,-8
2020-07-28 15:02:20.584,12462,12464,12462,2,-2
2020-07-28 15:02:21.216,12461,12462,12461,1,-1
2020-07-28 15:02:21.963,12461,12462,12461,3,-3
2020-07-28 15:02:21.964,12461,12462,12461,1,-1
2020-07-28 15:02:22.314,12460,12462,12462,1,1
2020-07-28 15:02:23.567,12460,12461,12461,1,1
2020-07-28 15:02:23.814,12460,12462,12461,1,-1
2020-07-28 15:02:25.224,12461,12462,12461,1,-1
2020-07-28 15:02:25.753,12461,12462,12462,4,4
2020-07-28 15:02:26.522,12462,12463,12462,1,-1
2020-07-28 15:02:28.868,12462,12463,12463,1,1
2020-07-28 15:02:28.869,12462,12463,12463,8,8
2020-07-28 15:02:29.962,12462,12464,12464,2,2
2020-07-28 15:02:29.962,12462,12464,12464,6,6
2020-07-28 15:02:31.920,12464,12465,12465,3,3
2020-07-28 15:02:32.717,12464,12466,12464,1,-1
2020-07-28 15:02:33.258,12464,12466,12464,1,-1
2020-07-28 15:02:33.488,12464,12466,12464,1,-1
2020-07-28 15:02:33.534,12464,12466,12464,1,-1
2020-07-28 15:02:35.661,12464,12465,12464,1,-1
2020-07-28 15:02:36.497,12464,12465,12464,4,-4
2020-07-28 15:02:38.600,12463,12464,12464,1,1
2020-07-28 15:02:39.159,12463,12465,12463,9,-9
2020-07-28 15:02:44.644,12463,12465,12463,1,-1
2020-07-28 15:02:45.210,12464,12465,12465,4,4
2020-07-28 15:02:45.210,12464,12465,12465,5,5
2020-07-28 15:02:46.044,12465,12466,12466,1,1
2020-07-28 15:02:46.311,12465,12466,12466,1,1
2020-07-28 15:02:55.625,12464,12465,12465,1,1
2020-07-28 15:02:59.179,12465,12466,12465,1,-1
2020-07-28 15:02:59.540,12464,12465,12465,1,1
2020-07-28 15:03:00.145,12464,12466,12464,1,-1
2020-07-28 15:03:02.297,12464,12465,12465,1,1
2020-07-28 15:03:02.297,12464,12465,12466,9,9
2020-07-28 15:03:02.392,12464,12466,12464,1,-1
2020-07-28 15:03:02.555,12464,12466,12466,7,7
2020-07-28 15:03:07.450,12465,12466,12465,1,-1
2020-07-28 15:03:08.081,12464,12466,12466,1,1
2020-07-28 15:03:08.503,12464,12465,12465,1,1
2020-07-28 15:03:08.626,12465,12466,12466,2,2
2020-07-28 15:03:10.324,12465,12466,12466,1,1
2020-07-28 15:03:13.781,12465,12466,12466,1,1
2020-07-28 15:03:14.380,12465,12466,12466,1,1
2020-07-28 15:03:15.318,12465,12466,12466,1,1
2020-07-28 15:03:16.134,12465,12467,12467,2,2
2020-07-28 15:03:16.236,12465,12467,12467,6,6
2020-07-28 15:03:18.350,12465,12466,12466,1,1
2020-07-28 15:03:19.622,12465,12466,12466,1,1
2020-07-28 15:03:20.617,12465,12467,12467,1,1
2020-07-28 15:03:25.945,12465,12466,12465,1,-1
2020-07-28 15:03:27.387,12464,12465,12465,1,1
2020-07-28 15:03:28.614,12464,12465,12465,1,1
2020-07-28 15:03:29.636,12464,12465,12464,1,-1
2020-07-28 15:03:34.263,12464,12465,12465,1,1
2020-07-28 15:03:34.337,12464,12465,12464,1,-1
2020-07-28 15:03:35.501,12464,12466,12466,1,1
2020-07-28 15:03:39.476,12464,12466,12464,11,-11
2020-07-28 15:03:39.477,12464,12466,12464,1,-1
2020-07-28 15:03:39.477,12464,12466,12464,1,-1
2020-07-28 15:03:39.676,12463,12464,12464,1,1
2020-07-28 15:03:40.090,12463,12464,12464,5,5
2020-07-28 15:03:43.009,12464,12465,12465,2,2
2020-07-28 15:03:47.499,12465,12466,12466,8,8
2020-07-28 15:03:52.715,12465,12466,12466,1,1
2020-07-28 15:03:52.715,12465,12466,12466,11,11
2020-07-28 15:03:52.715,12465,12466,12466,5,5
2020-07-28 15:03:52.716,12465,12466,12466,5,5
2020-07-28 15:03:52.716,12465,12466,12466,4,4
2020-07-28 15:03:52.716,12465,12466,12466,1,1
2020-07-28 15:03:52.716,12465,12466,12466,2,2
2020-07-28 15:03:56.544,12466,12467,12467,1,1
2020-07-28 15:03:56.894,12466,12467,12466,1,-1
2020-07-28 15:04:00.589,12466,12467,12466,1,-1
2020-07-28 15:04:02.202,12466,12467,12467,8,8
2020-07-28 15:04:03.444,12466,12468,12466,1,-1
2020-07-28 15:04:03.835,12466,12468,12468,1,1
2020-07-28 15:04:03.857,12466,12468,12466,4,-4
2020-07-28 15:04:14.366,12466,12468,12468,5,5
2020-07-28 15:04:14.843,12467,12468,12467,1,-1
2020-07-28 15:04:28.939,12467,12468,12467,4,-4
2020-07-28 15:04:30.684,12466,12467,12467,1,1
2020-07-28 15:04:35.496,12466,12467,12466,1,-1
2020-07-28 15:04:35.615,12466,12467,12466,2,-2
2020-07-28 15:04:42.846,12465,12466,12465,5,-5
2020-07-28 15:04:43.125,12465,12466,12465,1,-1
2020-07-28 15:04:43.983,12464,12466,12464,3,-3
2020-07-28 15:04:44.148,12463,12465,12463,4,-4
2020-07-28 15:04:44.165,12463,12465,12463,1,-1
2020-07-28 15:04:44.286,12463,12464,12464,1,1
2020-07-28 15:04:45.361,12463,12464,12463,23,-23
2020-07-28 15:04:47.495,12461,12463,12463,9,9
2020-07-28 15:04:47.495,12461,12463,12464,11,11
2020-07-28 15:04:50.950,12462,12463,12462,1,-1
2020-07-28 15:04:52.349,12462,12463,12462,1,-1
2020-07-28 15:04:53.251,12462,12463,12462,1,-1
2020-07-28 15:04:54.900,12462,12463,12462,3,-3
2020-07-28 15:04:54.941,12462,12463,12462,1,-1
2020-07-28 15:04:55.503,12462,12463,12462,1,-1
2020-07-28 15:04:59.699,12462,12463,12462,1,-1
2020-07-28 15:05:00.160,12462,12463,12463,1,1
2020-07-28 15:05:00.160,12462,12463,12463,2,2
2020-07-28 15:05:01.647,12462,12463,12463,1,1
2020-07-28 15:05:02.244,12462,12464,12462,1,-1
2020-07-28 15:05:02.369,12462,12464,12463,1,1
2020-07-28 15:05:02.369,12462,12464,12464,2,2
2020-07-28 15:05:03.578,12463,12464,12463,1,-1
2020-07-28 15:05:04.184,12463,12464,12463,6,-6
2020-07-28 15:05:04.606,12463,12464,12464,1,1
2020-07-28 15:05:07.479,12464,12465,12464,1,-1
2020-07-28 15:05:08.482,12464,12465,12465,1,1
2020-07-28 15:05:14.065,12465,12466,12465,1,-1
2020-07-28 15:05:15.125,12465,12466,12466,3,3
2020-07-28 15:05:15.126,12465,12466,12466,2,2
2020-07-28 15:05:15.126,12465,12466,12466,8,8
2020-07-28 15:05:15.621,12466,12467,12466,2,-2
2020-07-28 15:05:16.492,12466,12467,12466,1,-1
2020-07-28 15:05:17.067,12466,12467,12467,5,5
2020-07-28 15:05:17.395,12466,12467,12467,8,8
2020-07-28 15:05:17.396,12466,12467,12467,12,12
2020-07-28 15:05:18.528,12467,12468,12468,1,1
2020-07-28 15:05:20.506,12467,12468,12468,1,1
2020-07-28 15:05:20.863,12467,12468,12468,2,2
2020-07-28 15:05:22.211,12467,12468,12468,1,1
2020-07-28 15:05:22.358,12467,12468,12468,1,1
2020-07-28 15:05:24.726,12467,12468,12467,1,-1
2020-07-28 15:05:27.085,12467,12468,12467,1,-1
2020-07-28 15:05:29.922,12467,12468,12468,5,5
2020-07-28 15:05:30.051,12468,12469,12469,9,9
2020-07-28 15:05:30.200,12469,12470,12470,13,13
2020-07-28 15:05:30.625,12470,12471,12471,6,6
2020-07-28 15:05:30.737,12470,12471,12472,1,1
2020-07-28 15:05:30.737,12470,12471,12472,2,2
2020-07-28 15:05:30.755,12471,12473,12473,6,6
2020-07-28 15:05:30.815,12471,12473,12473,1,1
2020-07-28 15:05:31.128,12472,12473,12472,3,-3
2020-07-28 15:05:31.128,12472,12473,12471,1,-1
2020-07-28 15:05:31.504,12472,12473,12472,2,2
2020-07-28 15:05:31.708,12471,12472,12471,1,-1
2020-07-28 15:05:32.610,12470,12472,12470,1,-1
2020-07-28 15:05:34.081,12470,12472,12470,1,-1
2020-07-28 15:05:35.242,12471,12473,12473,1,1
2020-07-28 15:05:35.613,12471,12473,12473,2,2
2020-07-28 15:05:36.413,12472,12474,12472,1,-1
2020-07-28 15:05:37.123,12473,12474,12474,1,1
2020-07-28 15:05:37.533,12473,12475,12475,2,2
2020-07-28 15:05:37.739,12473,12475,12475,2,2
2020-07-28 15:05:38.670,12474,12475,12474,1,-1
2020-07-28 15:05:39.138,12474,12475,12475,1,1
2020-07-28 15:05:39.374,12474,12475,12474,1,-1
2020-07-28 15:05:39.570,12474,12475,12475,1,1
2020-07-28 15:05:40.448,12474,12475,12475,16,16
2020-07-28 15:05:41.567,12475,12476,12475,1,-1
2020-07-28 15:05:41.748,12475,12476,12475,1,-1
2020-07-28 15:05:42.209,12475,12476,12476,3,3
2020-07-28 15:05:42.304,12475,12477,12477,7,7
2020-07-28 15:05:42.305,12475,12477,12477,1,1
2020-07-28 15:05:42.305,12475,12477,12477,2,2
2020-07-28 15:05:42.305,12475,12477,12477,1,1
2020-07-28 15:05:42.305,12475,12477,12477,1,1
2020-07-28 15:05:42.305,12475,12477,12477,1,1
2020-07-28 15:05:42.425,12477,12478,12478,2,2
2020-07-28 15:05:42.793,12478,12479,12479,5,5
2020-07-28 15:05:42.883,12478,12479,12479,1,1
2020-07-28 15:05:42.884,12478,12479,12479,1,1
2020-07-28 15:05:42.884,12478,12479,12479,1,1
2020-07-28 15:05:42.886,12478,12479,12479,1,1
2020-07-28 15:05:42.887,12478,12479,12479,1,1
2020-07-28 15:05:42.891,12478,12479,12479,2,2
2020-07-28 15:05:42.892,12478,12479,12479,2,2
2020-07-28 15:05:42.892,12478,12479,12479,1,1
2020-07-28 15:05:43.370,12479,12480,12479,1,-1
2020-07-28 15:05:43.410,12479,12480,12480,5,5
2020-07-28 15:05:43.411,12479,12480,12480,2,2
2020-07-28 15:05:43.449,12479,12480,12481,2,2
2020-07-28 15:05:44.212,12479,12481,12481,1,1
2020-07-28 15:05:44.664,12479,12480,12480,1,1
2020-07-28 15:05:45.037,12479,12480,12479,5,-5
2020-07-28 15:05:47.365,12478,12479,12478,1,-1
2020-07-28 15:05:48.369,12478,12479,12479,5,5
2020-07-28 15:05:48.560,12478,12480,12480,1,1
2020-07-28 15:05:48.771,12479,12480,12480,1,1
2020-07-28 15:05:49.724,12479,12480,12479,1,-1
2020-07-28 15:05:49.934,12479,12480,12480,1,1
2020-07-28 15:05:49.935,12479,12480,12480,1,1
2020-07-28 15:05:50.266,12480,12481,12480,1,-1
2020-07-28 15:05:50.378,12480,12481,12480,2,-2
2020-07-28 15:05:51.130,12480,12481,12481,1,1
2020-07-28 15:05:51.240,12480,12481,12481,3,3
2020-07-28 15:05:51.426,12481,12482,12481,1,-1
2020-07-28 15:05:51.983,12480,12481,12480,1,-1
2020-07-28 15:05:52.145,12480,12481,12481,2,2
2020-07-28 15:05:52.675,12481,12482,12481,1,-1
2020-07-28 15:05:53.491,12481,12482,12482,2,2
2020-07-28 15:05:53.491,12481,12482,12482,9,9
2020-07-28 15:05:53.492,12481,12482,12482,3,3
2020-07-28 15:05:53.493,12481,12482,12482,1,1
2020-07-28 15:05:53.493,12481,12482,12482,1,1
2020-07-28 15:05:53.696,12482,12483,12482,4,-4
2020-07-28 15:05:53.763,12482,12483,12483,2,2
2020-07-28 15:05:53.795,12482,12483,12483,2,2
2020-07-28 15:05:53.999,12482,12483,12483,1,1
2020-07-28 15:05:54.038,12482,12483,12483,6,6
2020-07-28 15:05:54.038,12482,12483,12484,2,2
2020-07-28 15:05:54.139,12482,12484,12484,5,5
2020-07-28 15:05:54.215,12482,12484,12484,1,1
2020-07-28 15:05:54.241,12482,12484,12482,7,-7
2020-07-28 15:05:54.371,12482,12483,12483,1,1
2020-07-28 15:05:54.594,12483,12484,12485,1,1
2020-07-28 15:05:56.160,12483,12484,12483,1,-1
2020-07-28 15:05:56.538,12483,12484,12484,3,3
2020-07-28 15:05:56.651,12483,12485,12485,2,2
2020-07-28 15:05:57.555,12484,12485,12485,1,1
2020-07-28 15:05:57.818,12484,12486,12485,1,-1
2020-07-28 15:05:57.819,12484,12486,12485,1,-1
2020-07-28 15:05:58.555,12484,12486,12486,1,1
2020-07-28 15:05:58.687,12484,12486,12486,1,1
2020-07-28 15:05:58.849,12484,12486,12486,2,2
2020-07-28 15:05:58.880,12484,12486,12486,1,1
2020-07-28 15:05:58.891,12484,12486,12487,1,1
2020-07-28 15:05:58.910,12484,12486,12487,1,1
2020-07-28 15:05:58.932,12484,12486,12487,1,1
2020-07-28 15:05:59.122,12485,12487,12485,1,-1
2020-07-28 15:05:59.968,12485,12487,12485,1,-1
2020-07-28 15:06:00.025,12485,12487,12487,1,1
2020-07-28 15:06:00.136,12485,12487,12487,1,1
2020-07-28 15:06:00.145,12485,12487,12487,2,2
2020-07-28 15:06:00.389,12486,12488,12488,2,2
2020-07-28 15:06:00.436,12486,12488,12488,1,1
2020-07-28 15:06:00.850,12487,12488,12487,8,-8
2020-07-28 15:06:01.011,12486,12487,12487,1,1
2020-07-28 15:06:01.033,12486,12487,12487,1,1
2020-07-28 15:06:01.043,12486,12487,12486,1,-1
2020-07-28 15:06:01.094,12486,12487,12488,1,1
2020-07-28 15:06:01.141,12486,12488,12488,1,1
2020-07-28 15:06:01.253,12487,12488,12488,1,1
2020-07-28 15:06:01.256,12487,12488,12488,4,4
2020-07-28 15:06:01.256,12487,12488,12488,1,1
2020-07-28 15:06:01.257,12487,12488,12488,1,1
2020-07-28 15:06:01.257,12487,12488,12488,1,1
2020-07-28 15:06:01.261,12487,12488,12488,1,1
2020-07-28 15:06:01.262,12487,12488,12488,2,2
2020-07-28 15:06:01.279,12487,12488,12488,1,1
2020-07-28 15:06:01.279,12487,12488,12488,1,1
2020-07-28 15:06:01.298,12487,12488,12489,1,1
2020-07-28 15:06:01.539,12487,12489,12489,1,1
2020-07-28 15:06:02.112,12487,12489,12487,1,-1
2020-07-28 15:06:02.443,12487,12489,12489,1,1
2020-07-28 15:06:02.574,12488,12489,12489,2,2
2020-07-28 15:06:03.495,12488,12489,12488,1,-1
2020-07-28 15:06:03.899,12488,12490,12488,1,-1
2020-07-28 15:06:04.101,12488,12490,12488,4,-4
2020-07-28 15:06:04.102,12488,12490,12487,6,-6
2020-07-28 15:06:04.126,12486,12488,12486,3,-3
2020-07-28 15:06:04.173,12486,12488,12485,6,-6
2020-07-28 15:06:04.406,12484,12485,12485,1,1
2020-07-28 15:06:04.573,12484,12486,12487,1,1
2020-07-28 15:06:04.920,12486,12488,12486,1,-1
2020-07-28 15:06:05.129,12486,12488,12488,1,1
2020-07-28 15:06:06.470,12486,12487,12487,1,1
2020-07-28 15:06:06.577,12487,12488,12488,1,1
2020-07-28 15:06:06.650,12487,12489,12487,1,-1
2020-07-28 15:06:07.018,12487,12489,12487,1,-1
2020-07-28 15:06:07.793,12487,12489,12489,3,3
2020-07-28 15:06:08.061,12488,12489,12489,2,2
2020-07-28 15:06:08.062,12488,12489,12489,1,1
2020-07-28 15:06:08.304,12489,12490,12489,1,-1
2020-07-28 15:06:08.892,12488,12489,12489,1,1
2020-07-28 15:06:09.748,12489,12490,12489,1,-1
2020-07-28 15:06:09.884,12489,12490,12489,1,-1
2020-07-28 15:06:10.062,12489,12490,12489,1,-1
2020-07-28 15:06:10.247,12488,12490,12488,14,-14
2020-07-28 15:06:10.264,12487,12488,12488,1,1
2020-07-28 15:06:10.312,12487,12488,12487,3,-3
2020-07-28 15:06:10.332,12487,12488,12487,1,-1
2020-07-28 15:06:10.862,12486,12488,12486,2,-2
2020-07-28 15:06:11.364,12486,12488,12488,1,1
2020-07-28 15:06:11.485,12486,12488,12488,1,1
2020-07-28 15:06:12.367,12485,12487,12487,1,1
2020-07-28 15:06:12.883,12486,12488,12488,1,1
2020-07-28 15:06:15.265,12486,12488,12488,2,2
2020-07-28 15:06:16.980,12486,12487,12487,1,1
2020-07-28 15:06:17.035,12486,12488,12488,1,1
2020-07-28 15:06:17.249,12486,12488,12488,3,3
2020-07-28 15:06:18.529,12486,12487,12486,1,-1
2020-07-28 15:06:18.530,12486,12487,12486,4,-4
2020-07-28 15:06:19.234,12485,12486,12486,1,1
2020-07-28 15:06:19.677,12485,12487,12485,1,-1
2020-07-28 15:06:19.677,12485,12487,12485,8,-8
2020-07-28 15:06:19.932,12484,12486,12485,2,-2
2020-07-28 15:06:20.351,12484,12486,12486,5,5
2020-07-28 15:06:20.364,12484,12486,12486,1,1
2020-07-28 15:06:20.655,12485,12486,12486,1,1
2020-07-28 15:06:21.788,12485,12487,12486,4,-4
2020-07-28 15:06:22.573,12485,12486,12485,1,-1
2020-07-28 15:06:22.848,12485,12486,12486,1,1
2020-07-28 15:06:22.983,12485,12486,12486,2,2
2020-07-28 15:06:25.333,12486,12487,12486,1,-1
2020-07-28 15:06:25.495,12485,12487,12485,22,-22
2020-07-28 15:06:25.871,12484,12485,12484,1,-1
2020-07-28 15:06:26.650,12484,12485,12484,5,-5
2020-07-28 15:06:26.775,12483,12484,12484,1,1
2020-07-28 15:06:27.274,12483,12484,12484,1,1
2020-07-28 15:06:27.472,12483,12484,12483,1,-1
2020-07-28 15:06:28.077,12482,12484,12484,1,1
2020-07-28 15:06:28.232,12482,12484,12482,1,-1
2020-07-28 15:06:28.898,12482,12483,12482,5,-5
2020-07-28 15:06:29.500,12482,12483,12483,1,1
2020-07-28 15:06:29.500,12482,12483,12483,1,1
2020-07-28 15:06:31.122,12482,12483,12482,1,-1
2020-07-28 15:06:31.180,12482,12483,12482,1,-1
2020-07-28 15:06:31.593,12482,12483,12483,1,1
2020-07-28 15:06:33.178,12482,12484,12484,1,1
2020-07-28 15:06:33.236,12482,12484,12484,1,1
2020-07-28 15:06:33.342,12483,12485,12484,1,-1
2020-07-28 15:06:33.694,12484,12485,12484,1,-1
2020-07-28 15:06:33.758,12484,12485,12484,1,-1
2020-07-28 15:06:34.068,12484,12485,12484,1,-1
2020-07-28 15:06:35.152,12483,12485,12483,1,-1
2020-07-28 15:06:36.142,12483,12485,12483,1,-1
2020-07-28 15:06:36.454,12483,12485,12485,6,6
2020-07-28 15:06:36.454,12483,12485,12485,24,24
2020-07-28 15:06:37.012,12485,12486,12486,1,1
2020-07-28 15:06:37.510,12485,12486,12485,1,-1
2020-07-28 15:06:37.763,12485,12486,12486,1,1
2020-07-28 15:06:38.836,12486,12487,12486,1,-1
2020-07-28 15:06:38.955,12486,12487,12487,1,1
2020-07-28 15:06:38.955,12486,12487,12487,1,1
2020-07-28 15:06:39.359,12487,12488,12487,10,-10
2020-07-28 15:06:40.432,12486,12488,12486,3,-3
2020-07-28 15:06:41.595,12486,12488,12486,10,-10
2020-07-28 15:06:41.744,12485,12487,12487,1,1
2020-07-28 15:06:41.811,12485,12487,12487,3,3
2020-07-28 15:06:43.103,12485,12487,12487,2,2
2020-07-28 15:06:43.390,12486,12487,12486,3,-3
2020-07-28 15:06:46.756,12486,12487,12487,1,1
2020-07-28 15:06:47.442,12486,12487,12487,3,3
2020-07-28 15:06:47.638,12486,12487,12486,5,-5
2020-07-28 15:06:47.746,12486,12487,12487,1,1
2020-07-28 15:06:48.401,12486,12487,12487,1,1
2020-07-28 15:06:48.401,12486,12487,12487,8,8
2020-07-28 15:06:48.402,12486,12487,12487,6,6
2020-07-28 15:06:48.402,12486,12487,12487,3,3
2020-07-28 15:06:48.544,12487,12488,12487,1,-1
2020-07-28 15:06:48.645,12487,12488,12487,1,-1
2020-07-28 15:06:49.075,12487,12488,12488,1,1
2020-07-28 15:06:50.127,12487,12488,12488,1,1
2020-07-28 15:06:50.209,12487,12488,12488,7,7
2020-07-28 15:06:50.209,12487,12488,12488,1,1
2020-07-28 15:06:50.467,12488,12489,12488,1,-1
2020-07-28 15:06:50.617,12488,12489,12488,1,-1
2020-07-28 15:06:50.811,12488,12489,12488,1,-1
2020-07-28 15:06:50.843,12488,12489,12488,2,-2
2020-07-28 15:06:51.178,12488,12489,12488,1,-1
2020-07-28 15:06:51.273,12487,12489,12489,1,1
2020-07-28 15:06:51.345,12487,12489,12487,1,-1
2020-07-28 15:06:52.598,12487,12489,12489,1,1
2020-07-28 15:06:53.372,12486,12488,12488,5,5
2020-07-28 15:06:53.630,12487,12488,12487,1,-1
2020-07-28 15:06:53.738,12487,12488,12487,2,-2
2020-07-28 15:06:54.787,12486,12488,12488,1,1
2020-07-28 15:06:56.310,12486,12487,12486,9,-9
2020-07-28 15:06:56.675,12485,12486,12486,1,1
2020-07-28 15:06:56.822,12485,12487,12487,1,1
2020-07-28 15:06:56.879,12485,12487,12487,1,1
2020-07-28 15:06:56.891,12485,12487,12487,1,1
2020-07-28 15:06:59.970,12486,12487,12486,1,-1
2020-07-28 15:07:00.278,12486,12487,12486,1,-1
2020-07-28 15:07:01.240,12485,12487,12485,5,-5
2020-07-28 15:07:01.535,12485,12486,12486,1,1
2020-07-28 15:07:01.816,12485,12486,12486,3,3
2020-07-28 15:07:01.894,12485,12486,12486,1,1
2020-07-28 15:07:02.163,12485,12487,12485,1,-1
2020-07-28 15:07:02.184,12485,12487,12487,3,3
2020-07-28 15:07:03.156,12486,12487,12487,2,2
2020-07-28 15:07:03.156,12486,12487,12488,2,2
2020-07-28 15:07:04.108,12486,12487,12487,1,1
2020-07-28 15:07:05.375,12487,12488,12488,1,1
2020-07-28 15:07:05.644,12487,12488,12488,1,1
2020-07-28 15:07:06.189,12487,12488,12488,3,3
2020-07-28 15:07:06.660,12487,12488,12488,5,5
2020-07-28 15:07:06.660,12487,12488,12488,13,13
2020-07-28 15:07:10.450,12488,12489,12489,1,1
2020-07-28 15:07:11.041,12488,12489,12488,1,-1
2020-07-28 15:07:11.183,12488,12489,12488,1,-1
2020-07-28 15:07:12.268,12488,12489,12489,3,3
2020-07-28 15:07:12.414,12488,12489,12489,1,1
2020-07-28 15:07:12.414,12488,12489,12489,6,6
2020-07-28 15:07:12.415,12488,12489,12489,4,4
2020-07-28 15:07:12.415,12488,12489,12489,2,2
2020-07-28 15:07:12.415,12488,12489,12489,1,1
2020-07-28 15:07:12.415,12488,12489,12489,1,1
2020-07-28 15:07:12.415,12488,12489,12489,1,1
2020-07-28 15:07:14.242,12489,12490,12490,1,1
2020-07-28 15:07:15.145,12489,12490,12490,1,1
2020-07-28 15:07:15.678,12489,12490,12489,2,-2
2020-07-28 15:07:15.679,12489,12490,12489,1,-1
2020-07-28 15:07:16.923,12489,12490,12490,7,7
2020-07-28 15:07:17.434,12490,12491,12490,9,-9
2020-07-28 15:07:18.029,12488,12490,12490,1,1
2020-07-28 15:07:18.850,12488,12489,12489,1,1
2020-07-28 15:07:18.959,12488,12489,12489,1,1
2020-07-28 15:07:19.027,12488,12489,12489,1,1
2020-07-28 15:07:19.091,12488,12489,12489,1,1
2020-07-28 15:07:19.339,12488,12489,12489,1,1
2020-07-28 15:07:20.601,12488,12489,12489,5,5
2020-07-28 15:07:21.104,12488,12490,12490,2,2
2020-07-28 15:07:23.084,12488,12490,12490,1,1
2020-07-28 15:07:23.831,12488,12490,12488,1,-1
2020-07-28 15:07:24.850,12488,12490,12490,1,1
2020-07-28 15:07:25.394,12489,12490,12490,4,4
2020-07-28 15:07:28.133,12489,12490,12489,1,-1
2020-07-28 15:07:28.614,12489,12490,12490,1,1
2020-07-28 15:07:28.875,12489,12490,12490,37,37
2020-07-28 15:07:28.971,12489,12490,12490,1,1
2020-07-28 15:07:29.732,12490,12491,12490,1,-1
2020-07-28 15:07:29.879,12490,12491,12491,2,2
2020-07-28 15:07:30.098,12490,12491,12491,1,1
2020-07-28 15:07:30.163,12490,12491,12491,1,1
2020-07-28 15:07:30.925,12490,12492,12491,1,-1
2020-07-28 15:07:30.925,12490,12492,12491,1,-1
2020-07-28 15:07:30.925,12490,12492,12491,1,-1
2020-07-28 15:07:30.926,12490,12492,12491,1,-1
2020-07-28 15:07:30.926,12490,12492,12491,1,-1
2020-07-28 15:07:31.139,12490,12492,12490,1,-1
2020-07-28 15:07:31.994,12490,12492,12490,1,-1
2020-07-28 15:07:31.998,12490,12492,12491,1,1
2020-07-28 15:07:31.999,12490,12492,12491,1,-1
2020-07-28 15:07:31.999,12490,12492,12491,1,-1
2020-07-28 15:07:32.165,12490,12492,12490,1,-1
2020-07-28 15:07:32.260,12490,12492,12490,1,-1
2020-07-28 15:07:32.402,12490,12492,12492,1,1
2020-07-28 15:07:32.975,12491,12492,12491,1,-1
2020-07-28 15:07:33.016,12490,12492,12492,1,1
2020-07-28 15:07:34.118,12490,12492,12492,1,1
2020-07-28 15:07:34.629,12490,12492,12490,1,-1
2020-07-28 15:07:35.058,12490,12492,12492,1,1
2020-07-28 15:07:35.123,12490,12492,12492,2,2
2020-07-28 15:07:36.767,12491,12492,12492,1,1
2020-07-28 15:07:37.364,12491,12492,12492,1,1
2020-07-28 15:07:37.612,12492,12493,12492,1,-1
2020-07-28 15:07:37.615,12492,12493,12492,3,-3
2020-07-28 15:07:37.788,12491,12493,12493,3,3
2020-07-28 15:07:38.179,12492,12493,12492,1,-1
2020-07-28 15:07:39.036,12491,12492,12492,2,2
2020-07-28 15:07:39.511,12491,12492,12492,1,1
2020-07-28 15:07:40.113,12491,12492,12491,8,-8
2020-07-28 15:07:40.170,12490,12491,12491,1,1
2020-07-28 15:07:40.362,12490,12491,12491,1,1
2020-07-28 15:07:40.479,12490,12491,12491,1,1
2020-07-28 15:07:41.528,12490,12491,12491,6,6
2020-07-28 15:07:41.528,12490,12491,12492,4,4
2020-07-28 15:07:42.080,12490,12491,12491,5,5
2020-07-28 15:07:42.585,12490,12491,12491,1,1
2020-07-28 15:07:42.915,12490,12491,12490,12,-12
2020-07-28 15:07:45.164,12489,12491,12491,2,2
2020-07-28 15:07:45.780,12489,12491,12490,1,-1
2020-07-28 15:07:46.321,12490,12491,12490,1,-1
2020-07-28 15:07:47.686,12489,12491,12489,1,-1
2020-07-28 15:07:48.267,12490,12491,12491,1,1
2020-07-28 15:07:48.334,12490,12491,12490,1,-1
2020-07-28 15:07:48.356,12490,12491,12491,1,1
2020-07-28 15:07:50.130,12490,12491,12490,2,-2
2020-07-28 15:07:50.472,12489,12490,12489,1,-1
2020-07-28 15:07:51.777,12489,12490,12489,6,-6
2020-07-28 15:07:52.323,12488,12490,12490,1,1
2020-07-28 15:07:52.425,12488,12490,12490,1,1
2020-07-28 15:07:52.964,12488,12489,12489,1,1
2020-07-28 15:07:53.066,12488,12489,12488,17,-17
2020-07-28 15:07:53.251,12487,12488,12488,1,1
2020-07-28 15:07:53.251,12487,12488,12489,2,2
2020-07-28 15:07:56.391,12487,12488,12487,1,-1
2020-07-28 15:07:56.471,12487,12488,12488,1,1
2020-07-28 15:07:58.984,12487,12488,12488,1,1
2020-07-28 15:07:59.457,12487,12488,12488,1,1
2020-07-28 15:07:59.928,12487,12488,12488,1,1
2020-07-28 15:07:59.988,12487,12488,12488,2,2
2020-07-28 15:08:01.946,12487,12489,12488,1,-1
2020-07-28 15:08:02.328,12487,12489,12489,3,3
2020-07-28 15:08:03.512,12488,12489,12489,1,1
2020-07-28 15:08:03.512,12488,12489,12489,11,11
2020-07-28 15:08:03.513,12488,12489,12489,1,1
2020-07-28 15:08:03.630,12489,12490,12490,1,1
2020-07-28 15:08:03.630,12489,12490,12491,3,3
2020-07-28 15:08:03.631,12489,12490,12491,1,1
2020-07-28 15:08:03.633,12489,12490,12491,3,3
2020-07-28 15:08:03.633,12489,12490,12492,1,1
2020-07-28 15:08:03.633,12489,12490,12492,1,1
2020-07-28 15:08:03.635,12489,12490,12492,1,1
2020-07-28 15:08:03.635,12489,12490,12492,4,4
2020-07-28 15:08:03.635,12489,12490,12492,9,9
2020-07-28 15:08:03.635,12489,12490,12492,1,1
2020-07-28 15:08:03.636,12489,12490,12493,2,2
2020-07-28 15:08:03.637,12489,12490,12493,4,4
2020-07-28 15:08:03.637,12489,12490,12493,3,3
2020-07-28 15:08:03.637,12489,12490,12493,1,1
2020-07-28 15:08:03.637,12489,12490,12493,4,4
2020-07-28 15:08:03.638,12489,12490,12493,1,1
2020-07-28 15:08:03.638,12489,12490,12493,1,1
2020-07-28 15:08:03.638,12489,12490,12493,1,1
2020-07-28 15:08:03.638,12489,12490,12494,1,1
2020-07-28 15:08:03.643,12489,12490,12494,4,4
2020-07-28 15:08:03.652,12489,12490,12495,2,2
2020-07-28 15:08:03.652,12489,12490,12495,1,1
2020-07-28 15:08:03.653,12489,12490,12495,18,18
2020-07-28 15:08:03.654,12489,12490,12495,1,1
2020-07-28 15:08:03.654,12489,12490,12495,1,1
2020-07-28 15:08:03.655,12489,12490,12495,3,3
2020-07-28 15:08:03.657,12489,12490,12496,2,2
2020-07-28 15:08:03.659,12489,12490,12495,2,2
2020-07-28 15:08:03.660,12489,12490,12496,1,1
2020-07-28 15:08:03.661,12489,12490,12496,4,4
2020-07-28 15:08:03.662,12489,12490,12496,9,9
2020-07-28 15:08:03.662,12489,12490,12496,1,1
2020-07-28 15:08:03.662,12489,12490,12497,1,1
2020-07-28 15:08:03.663,12489,12490,12496,3,3
2020-07-28 15:08:03.665,12489,12490,12496,4,4
2020-07-28 15:08:03.731,12489,12490,12495,1,1
2020-07-28 15:08:03.817,12495,12497,12496,9,9
2020-07-28 15:08:03.893,12495,12497,12497,5,5
2020-07-28 15:08:03.904,12495,12497,12495,4,-4
2020-07-28 15:08:03.904,12495,12497,12494,6,-6
2020-07-28 15:08:03.927,12495,12497,12495,2,2
2020-07-28 15:08:03.927,12495,12497,12494,6,-6
2020-07-28 15:08:03.927,12495,12497,12493,2,-2
2020-07-28 15:08:04.239,12493,12495,12494,4,4
2020-07-28 15:08:04.239,12493,12495,12495,1,1
2020-07-28 15:08:04.389,12493,12495,12495,1,1
2020-07-28 15:08:04.631,12493,12495,12495,2,2
2020-07-28 15:08:05.882,12493,12494,12493,2,-2
2020-07-28 15:08:05.921,12493,12494,12492,1,-1
2020-07-28 15:08:07.112,12492,12493,12492,1,-1
2020-07-28 15:08:08.041,12491,12492,12491,5,-5
2020-07-28 15:08:08.130,12490,12492,12492,1,1
2020-07-28 15:08:08.825,12490,12492,12492,1,1
2020-07-28 15:08:09.853,12491,12492,12492,1,1
2020-07-28 15:08:09.877,12491,12492,12492,1,1
2020-07-28 15:08:09.887,12491,12492,12492,2,2
2020-07-28 15:08:11.876,12490,12492,12492,1,1
2020-07-28 15:08:13.365,12490,12491,12490,2,-2
2020-07-28 15:08:13.860,12489,12491,12491,1,1
2020-07-28 15:08:14.033,12489,12491,12491,2,2
2020-07-28 15:08:14.159,12489,12491,12491,1,1
2020-07-28 15:08:14.604,12489,12491,12491,2,2
2020-07-28 15:08:15.230,12490,12491,12491,1,1
2020-07-28 15:08:16.135,12490,12491,12491,3,3
2020-07-28 15:08:16.147,12490,12491,12490,1,-1
2020-07-28 15:08:16.199,12490,12491,12491,2,2
2020-07-28 15:08:16.375,12490,12491,12490,2,-2
2020-07-28 15:08:18.269,12490,12491,12491,1,1
2020-07-28 15:08:18.879,12490,12491,12490,1,-1
2020-07-28 15:08:19.839,12490,12491,12491,10,10
2020-07-28 15:08:19.839,12490,12491,12491,1,1
2020-07-28 15:08:19.840,12490,12491,12491,2,2
2020-07-28 15:08:19.840,12490,12491,12491,1,1
2020-07-28 15:08:24.743,12492,12493,12492,1,1
2020-07-28 15:08:24.866,12492,12493,12492,1,-1
2020-07-28 15:08:25.078,12492,12493,12493,1,1
2020-07-28 15:08:25.513,12492,12493,12492,1,-1
2020-07-28 15:08:27.725,12492,12493,12493,1,1
2020-07-28 15:08:27.867,12492,12494,12492,1,-1
2020-07-28 15:08:28.894,12492,12494,12492,2,-2
2020-07-28 15:08:30.145,12492,12494,12494,1,1
2020-07-28 15:08:30.382,12493,12494,12493,1,-1
2020-07-28 15:08:33.472,12493,12494,12494,2,2
2020-07-28 15:08:33.472,12493,12494,12495,1,1
2020-07-28 15:08:33.515,12494,12495,12495,13,13
2020-07-28 15:08:33.516,12494,12495,12495,2,2
2020-07-28 15:08:33.865,12495,12496,12496,1,1
2020-07-28 15:08:34.280,12495,12497,12497,1,1
2020-07-28 15:08:35.023,12496,12497,12496,1,-1
2020-07-28 15:08:36.011,12496,12497,12497,5,5
2020-07-28 15:08:36.669,12496,12498,12498,1,1
2020-07-28 15:08:36.802,12496,12498,12498,5,5
2020-07-28 15:08:36.844,12496,12498,12498,5,5
2020-07-28 15:08:36.872,12496,12498,12498,1,1
2020-07-28 15:08:37.382,12496,12497,12497,1,1
2020-07-28 15:08:37.391,12496,12497,12497,1,1
2020-07-28 15:08:37.392,12496,12497,12497,1,1
2020-07-28 15:08:37.409,12496,12497,12497,1,1
2020-07-28 15:08:37.744,12496,12498,12496,1,-1
2020-07-28 15:08:38.539,12496,12497,12496,7,-7
2020-07-28 15:08:38.655,12495,12497,12495,2,-2
2020-07-28 15:08:38.657,12495,12497,12495,3,-3
2020-07-28 15:08:38.821,12494,12496,12496,2,2
2020-07-28 15:08:38.896,12495,12496,12496,1,1
2020-07-28 15:08:39.163,12495,12497,12496,2,-2
2020-07-28 15:08:39.201,12495,12497,12494,1,-1
2020-07-28 15:08:40.599,12494,12496,12496,1,1
2020-07-28 15:08:40.688,12494,12496,12496,1,1
2020-07-28 15:08:41.446,12494,12495,12495,2,2
2020-07-28 15:08:41.625,12494,12495,12495,1,1
2020-07-28 15:08:41.649,12494,12495,12495,2,2
2020-07-28 15:08:42.204,12494,12495,12495,1,1
2020-07-28 15:08:42.260,12494,12496,12496,6,6
2020-07-28 15:08:45.220,12496,12497,12497,2,2
2020-07-28 15:08:45.582,12496,12497,12497,1,1
2020-07-28 15:08:45.625,12496,12497,12497,1,1
2020-07-28 15:08:45.981,12496,12498,12498,1,1
2020-07-28 15:08:46.574,12497,12499,12499,2,2
2020-07-28 15:08:46.711,12497,12499,12499,5,5
2020-07-28 15:08:46.721,12497,12499,12499,5,5
2020-07-28 15:08:46.727,12497,12499,12499,2,2
2020-07-28 15:08:46.728,12497,12499,12499,15,15
2020-07-28 15:08:46.728,12497,12499,12499,3,3
2020-07-28 15:08:46.750,12498,12499,12499,1,1
2020-07-28 15:08:46.966,12498,12500,12498,1,-1
2020-07-28 15:08:47.045,12497,12499,12499,1,1
2020-07-28 15:08:47.095,12497,12499,12499,2,2
2020-07-28 15:08:47.105,12497,12499,12500,2,2
2020-07-28 15:08:47.165,12498,12500,12500,1,1
2020-07-28 15:08:47.429,12498,12500,12498,1,-1
2020-07-28 15:08:47.512,12498,12500,12500,1,1
2020-07-28 15:08:48.512,12498,12500,12500,1,1
2020-07-28 15:08:48.566,12498,12500,12500,4,4
2020-07-28 15:08:48.920,12498,12500,12500,5,5
2020-07-28 15:08:49.022,12499,12500,12500,1,1
2020-07-28 15:08:49.645,12499,12500,12499,1,-1
2020-07-28 15:08:50.058,12498,12500,12500,1,1
2020-07-28 15:08:50.113,12498,12500,12500,8,8
2020-07-28 15:08:50.113,12498,12500,12501,11,11
2020-07-28 15:08:50.126,12499,12500,12499,1,-1
2020-07-28 15:08:50.128,12499,12500,12498,9,-9
2020-07-28 15:08:50.129,12499,12500,12498,1,-1
2020-07-28 15:08:50.398,12497,12498,12497,10,-10
2020-07-28 15:08:50.398,12497,12498,12497,1,-1
2020-07-28 15:08:50.398,12497,12498,12497,2,-2
2020-07-28 15:08:50.398,12497,12498,12497,2,-2
2020-07-28 15:08:50.400,12497,12498,12497,5,-5
2020-07-28 15:08:50.400,12497,12498,12497,31,-31
2020-07-28 15:08:50.637,12496,12498,12497,1,-1
2020-07-28 15:08:50.763,12496,12498,12497,1,-1
2020-07-28 15:08:50.866,12496,12498,12497,10,-10
2020-07-28 15:08:51.349,12496,12498,12498,1,1
2020-07-28 15:08:51.474,12496,12498,12498,1,1
2020-07-28 15:08:51.592,12496,12498,12496,1,-1
2020-07-28 15:08:51.970,12496,12498,12498,1,1
2020-07-28 15:08:52.623,12496,12498,12496,1,-1
2020-07-28 15:08:52.637,12496,12498,12498,3,3
2020-07-28 15:08:52.845,12496,12498,12496,1,-1
2020-07-28 15:08:53.178,12497,12498,12497,5,5
2020-07-28 15:08:53.423,12496,12497,12497,1,1
2020-07-28 15:08:53.494,12496,12497,12498,1,1
2020-07-28 15:08:54.673,12497,12498,12497,2,-2
2020-07-28 15:08:54.870,12496,12498,12498,1,1
2020-07-28 15:08:56.427,12496,12498,12498,14,14
2020-07-28 15:08:56.427,12496,12498,12499,4,4
2020-07-28 15:08:58.003,12497,12498,12498,3,3
2020-07-28 15:08:58.240,12497,12498,12498,1,1
2020-07-28 15:08:58.385,12497,12498,12497,1,-1
2020-07-28 15:08:59.016,12496,12498,12496,1,-1
2020-07-28 15:08:59.561,12496,12497,12497,7,7
2020-07-28 15:08:59.561,12496,12497,12498,3,3
2020-07-28 15:09:00.203,12497,12498,12497,6,-6
2020-07-28 15:09:01.007,12496,12497,12497,1,1
2020-07-28 15:09:01.859,12496,12498,12498,1,1
2020-07-28 15:09:01.879,12496,12498,12498,2,2
2020-07-28 15:09:01.880,12496,12498,12498,2,2
2020-07-28 15:09:01.882,12496,12498,12499,1,1
2020-07-28 15:09:01.883,12496,12498,12499,1,1
2020-07-28 15:09:01.883,12496,12498,12499,2,2
2020-07-28 15:09:01.883,12496,12498,12499,1,1
2020-07-28 15:09:01.883,12496,12498,12499,1,1
2020-07-28 15:09:01.883,12496,12498,12499,7,7
2020-07-28 15:09:01.884,12496,12498,12500,1,1
2020-07-28 15:09:01.886,12496,12498,12500,1,1
2020-07-28 15:09:01.947,12496,12498,12500,1,1
2020-07-28 15:09:01.949,12496,12498,12500,6,6
2020-07-28 15:09:01.951,12496,12498,12501,3,3
2020-07-28 15:09:01.952,12496,12498,12501,1,1
2020-07-28 15:09:01.953,12496,12498,12501,1,1
2020-07-28 15:09:01.953,12496,12498,12501,1,1
2020-07-28 15:09:01.954,12496,12498,12502,2,2
2020-07-28 15:09:01.955,12496,12498,12502,3,3
2020-07-28 15:09:01.956,12496,12498,12502,1,1
2020-07-28 15:09:01.967,12496,12498,12502,1,1
2020-07-28 15:09:02.120,12502,12503,12502,7,-7
2020-07-28 15:09:02.120,12502,12503,12501,3,-3
2020-07-28 15:09:02.210,12501,12503,12502,1,1
2020-07-28 15:09:02.210,12501,12503,12501,6,-6
2020-07-28 15:09:02.210,12501,12503,12500,3,-3
2020-07-28 15:09:02.495,12500,12502,12500,1,-1
2020-07-28 15:09:02.629,12500,12501,12500,5,-5
2020-07-28 15:09:02.803,12500,12501,12500,3,-3
2020-07-28 15:09:02.904,12499,12500,12499,2,-2
2020-07-28 15:09:03.029,12498,12499,12498,1,-1
2020-07-28 15:09:03.858,12498,12499,12498,1,-1
2020-07-28 15:09:04.438,12498,12499,12499,2,2
2020-07-28 15:09:05.271,12498,12499,12499,1,1
2020-07-28 15:09:06.927,12498,12499,12498,1,-1
2020-07-28 15:09:07.062,12498,12499,12498,1,-1
2020-07-28 15:09:07.063,12498,12499,12498,2,-2
2020-07-28 15:09:08.421,12498,12499,12498,1,-1
2020-07-28 15:09:08.433,12498,12499,12497,1,-1
2020-07-28 15:09:08.673,12497,12498,12498,1,1
2020-07-28 15:09:09.611,12497,12498,12498,4,4
2020-07-28 15:09:09.611,12497,12498,12499,1,1
2020-07-28 15:09:10.316,12497,12499,12499,2,2
2020-07-28 15:09:11.222,12497,12499,12497,5,-5
2020-07-28 15:09:11.224,12497,12499,12498,1,1
2020-07-28 15:09:11.346,12496,12498,12496,1,-1
2020-07-28 15:09:12.047,12497,12498,12497,1,1
2020-07-28 15:09:12.384,12496,12498,12498,1,1
2020-07-28 15:09:12.873,12496,12498,12496,1,-1
2020-07-28 15:09:13.232,12496,12498,12498,1,1
2020-07-28 15:09:13.285,12496,12498,12498,1,1
2020-07-28 15:09:13.973,12497,12498,12497,1,-1
2020-07-28 15:09:14.216,12497,12498,12497,1,-1
2020-07-28 15:09:14.888,12496,12498,12498,2,2
2020-07-28 15:09:14.889,12496,12498,12498,1,1
2020-07-28 15:09:15.336,12498,12499,12499,1,1
2020-07-28 15:09:17.292,12498,12499,12499,1,1
2020-07-28 15:09:18.135,12498,12499,12499,1,1
2020-07-28 15:09:19.630,12498,12499,12499,1,1
2020-07-28 15:09:19.853,12498,12499,12498,5,-5
2020-07-28 15:09:19.933,12498,12499,12498,1,-1
2020-07-28 15:09:21.693,12498,12499,12499,1,1
2020-07-28 15:09:22.116,12498,12499,12498,1,-1
2020-07-28 15:09:23.193,12497,12498,12497,5,-5
2020-07-28 15:09:25.025,12497,12498,12498,1,1
2020-07-28 15:09:25.486,12497,12499,12497,5,-5
2020-07-28 15:09:26.127,12498,12499,12498,1,1
2020-07-28 15:09:26.431,12498,12499,12499,2,2
2020-07-28 15:09:26.891,12498,12499,12499,1,1
2020-07-28 15:09:27.065,12498,12499,12499,2,2
2020-07-28 15:09:27.313,12498,12499,12498,1,-1
2020-07-28 15:09:27.543,12498,12499,12499,1,1
2020-07-28 15:09:28.115,12498,12499,12498,1,-1
2020-07-28 15:09:28.115,12498,12499,12498,2,-2
2020-07-28 15:09:30.244,12497,12498,12498,1,1
2020-07-28 15:09:30.484,12497,12498,12498,1,1
2020-07-28 15:09:30.484,12497,12498,12499,1,1
2020-07-28 15:09:31.602,12498,12499,12499,1,1
2020-07-28 15:09:32.850,12498,12499,12499,1,1
2020-07-28 15:09:33.898,12498,12499,12498,1,-1
2020-07-28 15:09:34.293,12498,12499,12498,3,-3
2020-07-28 15:09:34.387,12497,12498,12498,1,1
2020-07-28 15:09:34.989,12498,12499,12498,1,-1
2020-07-28 15:09:35.028,12497,12498,12498,1,1
2020-07-28 15:09:35.706,12497,12499,12499,1,1
2020-07-28 15:09:36.263,12498,12499,12498,10,-10
2020-07-28 15:09:36.270,12498,12499,12498,1,-1
2020-07-28 15:09:36.781,12497,12498,12498,1,1
2020-07-28 15:09:37.230,12497,12498,12498,1,1
2020-07-28 15:09:40.530,12497,12498,12498,1,1
2020-07-28 15:09:41.511,12497,12498,12498,1,1
2020-07-28 15:09:42.010,12497,12498,12498,1,1
2020-07-28 15:09:42.688,12497,12498,12497,3,-3
2020-07-28 15:09:42.714,12497,12498,12497,11,-11
2020-07-28 15:09:42.916,12496,12498,12498,2,2
2020-07-28 15:09:43.049,12497,12498,12498,1,1
2020-07-28 15:09:43.176,12497,12498,12497,1,-1
2020-07-28 15:09:43.285,12496,12498,12498,1,1
2020-07-28 15:09:45.425,12496,12498,12498,1,1
2020-07-28 15:09:45.477,12496,12498,12498,6,6
2020-07-28 15:09:45.477,12496,12498,12498,1,1
2020-07-28 15:09:45.478,12496,12498,12498,1,1
2020-07-28 15:09:48.210,12498,12499,12499,1,1
2020-07-28 15:09:50.420,12498,12499,12499,1,1
2020-07-28 15:09:52.175,12498,12499,12499,10,10
2020-07-28 15:09:52.492,12498,12499,12499,1,1
2020-07-28 15:09:54.074,12498,12499,12499,1,1
2020-07-28 15:09:56.311,12499,12500,12500,2,2
2020-07-28 15:09:58.605,12499,12500,12499,1,-1
2020-07-28 15:09:59.103,12499,12500,12499,3,-3
2020-07-28 15:09:59.175,12498,12499,12499,1,1
2020-07-28 15:09:59.590,12498,12499,12498,1,-1
2020-07-28 15:10:00.271,12498,12499,12498,1,-1
2020-07-28 15:10:00.655,12498,12499,12498,1,-1
2020-07-28 15:10:02.502,12499,12500,12499,1,1
2020-07-28 15:10:02.986,12498,12500,12498,1,-1
2020-07-28 15:10:03.445,12498,12499,12499,2,2
2020-07-28 15:10:05.067,12498,12500,12500,1,1
2020-07-28 15:10:07.697,12498,12500,12499,1,-1
2020-07-28 15:10:09.487,12498,12499,12499,1,1
2020-07-28 15:10:10.154,12498,12499,12498,1,-1
2020-07-28 15:10:11.832,12498,12499,12498,7,-7
2020-07-28 15:10:12.014,12497,12498,12498,1,1
2020-07-28 15:10:12.356,12497,12498,12498,1,1
2020-07-28 15:10:12.662,12497,12498,12497,1,-1
2020-07-28 15:10:12.729,12497,12498,12498,1,1
2020-07-28 15:10:14.689,12497,12498,12498,1,1
2020-07-28 15:10:14.824,12497,12499,12497,1,-1
2020-07-28 15:10:15.724,12498,12499,12499,2,2
2020-07-28 15:10:15.890,12498,12499,12498,2,-2
2020-07-28 15:10:16.239,12498,12499,12499,1,1
2020-07-28 15:10:16.381,12498,12500,12498,1,-1
2020-07-28 15:10:17.657,12498,12500,12500,1,1
2020-07-28 15:10:18.723,12498,12500,12498,1,-1
2020-07-28 15:10:20.086,12498,12500,12498,1,-1
2020-07-28 15:10:21.468,12498,12499,12499,1,1
2020-07-28 15:10:22.682,12499,12500,12500,1,1
2020-07-28 15:10:25.133,12499,12500,12499,4,-4
2020-07-28 15:10:27.627,12498,12500,12500,1,1
2020-07-28 15:10:27.793,12499,12500,12499,1,-1
2020-07-28 15:10:28.093,12498,12499,12499,1,1
2020-07-28 15:10:28.505,12499,12500,12500,3,3
2020-07-28 15:10:28.505,12499,12500,12500,1,1
2020-07-28 15:10:28.505,12499,12500,12500,20,20
2020-07-28 15:10:28.639,12500,12501,12500,1,-1
2020-07-28 15:10:30.379,12500,12501,12501,1,1
2020-07-28 15:10:30.513,12500,12501,12500,1,-1
2020-07-28 15:10:30.739,12500,12501,12501,11,11
2020-07-28 15:10:30.740,12500,12501,12501,2,2
2020-07-28 15:10:30.740,12500,12501,12501,4,4
2020-07-28 15:10:30.740,12500,12501,12501,1,1
2020-07-28 15:10:30.740,12500,12501,12501,1,1
2020-07-28 15:10:30.925,12500,12501,12501,8,8
2020-07-28 15:10:31.004,12501,12502,12502,1,1
2020-07-28 15:10:31.016,12501,12502,12502,1,1
2020-07-28 15:10:31.334,12501,12502,12502,5,5
2020-07-28 15:10:31.340,12501,12502,12502,2,2
2020-07-28 15:10:31.340,12501,12502,12503,3,3
2020-07-28 15:10:31.350,12501,12502,12503,3,3
2020-07-28 15:10:31.650,12502,12504,12504,1,1
2020-07-28 15:10:31.675,12502,12504,12504,2,2
2020-07-28 15:10:31.892,12503,12504,12503,1,-1
2020-07-28 15:10:31.944,12503,12504,12501,3,-3
2020-07-28 15:10:32.083,12501,12503,12503,1,1
2020-07-28 15:10:32.083,12501,12503,12503,1,1
2020-07-28 15:10:32.083,12501,12503,12503,2,2
2020-07-28 15:10:32.110,12501,12503,12503,1,1
2020-07-28 15:10:32.114,12501,12503,12503,1,1
2020-07-28 15:10:32.119,12501,12503,12503,1,1
2020-07-28 15:10:32.206,12502,12503,12504,1,1
2020-07-28 15:10:32.859,12503,12504,12503,1,-1
2020-07-28 15:10:33.900,12503,12504,12504,1,1
2020-07-28 15:10:34.672,12503,12504,12503,2,-2
2020-07-28 15:10:34.736,12503,12504,12504,1,1
2020-07-28 15:10:34.888,12503,12504,12503,1,-1
2020-07-28 15:10:36.881,12503,12504,12504,1,1
2020-07-28 15:10:38.513,12503,12504,12504,1,1
2020-07-28 15:10:38.634,12503,12504,12503,2,-2
2020-07-28 15:10:38.653,12503,12504,12504,1,1
2020-07-28 15:10:39.621,12502,12504,12503,2,-2
2020-07-28 15:10:42.149,12503,12504,12504,1,1
2020-07-28 15:10:42.610,12503,12504,12504,1,1
2020-07-28 15:10:42.796,12503,12504,12503,1,-1
2020-07-28 15:10:43.700,12503,12504,12503,1,-1
2020-07-28 15:10:43.924,12503,12504,12504,2,2
2020-07-28 15:10:44.955,12503,12504,12504,4,4
2020-07-28 15:10:45.000,12504,12505,12505,7,7
2020-07-28 15:10:45.147,12505,12506,12506,2,2
2020-07-28 15:10:45.167,12505,12506,12505,9,-9
2020-07-28 15:10:45.167,12505,12506,12505,1,-1
2020-07-28 15:10:45.219,12505,12506,12504,3,-3
2020-07-28 15:10:45.369,12504,12505,12505,2,2
2020-07-28 15:10:45.539,12504,12506,12506,2,2
2020-07-28 15:10:46.063,12505,12506,12505,1,-1
2020-07-28 15:10:47.134,12505,12506,12505,1,-1
2020-07-28 15:10:47.332,12504,12505,12505,1,1
2020-07-28 15:10:48.946,12504,12505,12505,1,1
2020-07-28 15:10:48.989,12504,12505,12506,1,1
2020-07-28 15:10:49.262,12504,12506,12506,1,1
2020-07-28 15:10:49.434,12504,12506,12506,1,1
2020-07-28 15:10:49.469,12504,12506,12506,1,1
2020-07-28 15:10:53.182,12505,12506,12506,1,1
2020-07-28 15:10:53.496,12505,12506,12506,1,1
2020-07-28 15:10:53.653,12505,12506,12506,1,1
2020-07-28 15:10:53.737,12505,12506,12505,2,-2
2020-07-28 15:10:55.188,12506,12507,12507,2,2
2020-07-28 15:10:55.319,12506,12507,12507,1,1
2020-07-28 15:10:55.538,12506,12507,12506,1,-1
2020-07-28 15:10:55.890,12506,12507,12507,1,1
2020-07-28 15:10:55.942,12506,12507,12506,1,-1
2020-07-28 15:10:56.028,12506,12507,12506,1,-1
2020-07-28 15:10:56.352,12506,12507,12507,3,3
2020-07-28 15:10:56.352,12506,12507,12508,1,1
2020-07-28 15:10:56.426,12506,12508,12508,1,1
2020-07-28 15:10:56.522,12506,12508,12508,1,1
2020-07-28 15:10:56.888,12506,12508,12508,3,3
2020-07-28 15:10:57.409,12506,12508,12508,2,2
2020-07-28 15:10:57.839,12507,12508,12508,2,2
2020-07-28 15:10:57.859,12507,12508,12507,1,-1
2020-07-28 15:10:59.757,12507,12508,12507,1,-1
2020-07-28 15:11:00.238,12507,12508,12508,1,1
2020-07-28 15:11:00.238,12507,12508,12509,1,1
2020-07-28 15:11:00.482,12508,12509,12509,2,2
2020-07-28 15:11:00.510,12508,12509,12509,1,1
2020-07-28 15:11:00.840,12508,12509,12508,13,-13
2020-07-28 15:11:00.840,12508,12509,12507,7,-7
2020-07-28 15:11:00.932,12508,12509,12509,1,1
2020-07-28 15:11:01.041,12508,12509,12508,1,-1
2020-07-28 15:11:01.041,12508,12509,12507,1,-1
2020-07-28 15:11:01.336,12507,12509,12507,5,-5
2020-07-28 15:11:01.382,12507,12508,12508,1,1
2020-07-28 15:11:01.402,12507,12508,12508,1,1
2020-07-28 15:11:01.403,12507,12508,12509,2,2
2020-07-28 15:11:01.412,12507,12508,12509,1,1
2020-07-28 15:11:01.622,12508,12509,12508,2,-2
2020-07-28 15:11:01.622,12508,12509,12507,1,-1
2020-07-28 15:11:02.698,12508,12509,12508,2,2
2020-07-28 15:11:02.827,12507,12508,12508,1,1
2020-07-28 15:11:03.109,12507,12508,12508,1,1
2020-07-28 15:11:03.437,12508,12509,12508,1,-1
2020-07-28 15:11:03.993,12508,12509,12509,1,1
2020-07-28 15:11:04.132,12508,12509,12509,1,1
2020-07-28 15:11:04.495,12508,12509,12508,2,-2
2020-07-28 15:11:04.495,12508,12509,12507,1,-1
2020-07-28 15:11:04.918,12507,12508,12508,1,1
2020-07-28 15:11:05.099,12507,12508,12508,1,1
2020-07-28 15:11:05.260,12507,12508,12508,1,1
2020-07-28 15:11:05.560,12507,12508,12508,1,1
2020-07-28 15:11:06.306,12507,12508,12508,1,1
2020-07-28 15:11:06.551,12507,12508,12508,6,6
2020-07-28 15:11:06.766,12507,12508,12508,1,1
2020-07-28 15:11:06.831,12507,12508,12508,4,4
2020-07-28 15:11:06.831,12507,12508,12509,4,4
2020-07-28 15:11:07.137,12508,12509,12509,5,5
2020-07-28 15:11:07.633,12508,12509,12508,1,-1
2020-07-28 15:11:08.074,12508,12509,12509,5,5
2020-07-28 15:11:08.110,12508,12509,12508,1,-1
2020-07-28 15:11:08.258,12508,12510,12508,1,-1
2020-07-28 15:11:08.713,12508,12510,12510,3,3
2020-07-28 15:11:08.926,12508,12510,12508,1,-1
2020-07-28 15:11:08.972,12508,12510,12508,1,-1
2020-07-28 15:11:09.131,12508,12510,12508,2,-2
2020-07-28 15:11:09.196,12508,12510,12510,2,2
2020-07-28 15:11:09.625,12509,12510,12510,1,1
2020-07-28 15:11:09.678,12509,12510,12509,1,-1
2020-07-28 15:11:09.832,12508,12509,12509,2,2
2020-07-28 15:11:10.183,12508,12509,12509,5,5
2020-07-28 15:11:10.367,12508,12510,12508,13,-13
2020-07-28 15:11:10.367,12508,12510,12507,17,-17
2020-07-28 15:11:10.404,12507,12509,12507,1,-1
2020-07-28 15:11:10.500,12508,12509,12508,1,1
2020-07-28 15:11:12.030,12508,12509,12509,5,5
2020-07-28 15:11:12.232,12508,12509,12509,1,1
2020-07-28 15:11:12.842,12508,12509,12508,1,-1
2020-07-28 15:11:13.107,12508,12509,12509,1,1
2020-07-28 15:11:14.598,12508,12509,12509,1,1
2020-07-28 15:11:15.082,12508,12509,12509,1,1
2020-07-28 15:11:15.086,12508,12509,12509,1,1
2020-07-28 15:11:15.117,12508,12509,12510,1,1
2020-07-28 15:11:15.866,12508,12510,12508,1,-1
2020-07-28 15:11:15.960,12508,12510,12510,3,3
2020-07-28 15:11:16.391,12509,12510,12509,2,-2
2020-07-28 15:11:16.706,12508,12510,12510,1,1
2020-07-28 15:11:16.904,12508,12510,12510,2,2
2020-07-28 15:11:18.326,12508,12510,12510,1,1
2020-07-28 15:11:20.141,12508,12510,12510,1,1
2020-07-28 15:11:21.246,12509,12510,12509,1,-1
2020-07-28 15:11:21.462,12509,12510,12510,2,2
2020-07-28 15:11:21.912,12509,12510,12509,1,-1
2020-07-28 15:11:22.031,12509,12510,12509,1,-1
2020-07-28 15:11:22.272,12509,12510,12510,1,1
2020-07-28 15:11:23.167,12509,12510,12510,1,1
2020-07-28 15:11:23.452,12509,12510,12510,2,2
2020-07-28 15:11:23.849,12510,12511,12511,2,2
2020-07-28 15:11:24.243,12510,12511,12511,1,1
2020-07-28 15:11:24.338,12510,12511,12511,1,1
2020-07-28 15:11:24.780,12510,12511,12510,1,-1
2020-07-28 15:11:24.799,12510,12511,12511,1,1
2020-07-28 15:11:26.125,12510,12511,12511,1,1
2020-07-28 15:11:26.626,12510,12512,12512,1,1
2020-07-28 15:11:27.178,12510,12511,12511,1,1
2020-07-28 15:11:27.178,12510,12511,12512,1,1
2020-07-28 15:11:27.217,12510,12511,12512,1,1
2020-07-28 15:11:27.362,12510,12512,12512,2,2
2020-07-28 15:11:27.375,12510,12512,12512,1,1
2020-07-28 15:11:27.444,12510,12512,12512,2,2
2020-07-28 15:11:27.701,12511,12512,12512,2,2
2020-07-28 15:11:27.711,12511,12512,12511,8,-8
2020-07-28 15:11:27.712,12511,12512,12511,1,-1
2020-07-28 15:11:27.849,12510,12511,12511,1,1
2020-07-28 15:11:28.212,12510,12512,12510,1,-1
2020-07-28 15:11:28.606,12510,12512,12511,1,1
2020-07-28 15:11:28.709,12510,12511,12511,1,1
2020-07-28 15:11:29.305,12510,12511,12511,2,2
2020-07-28 15:11:29.377,12510,12511,12510,3,-3
2020-07-28 15:11:29.610,12509,12511,12510,1,-1
2020-07-28 15:11:30.236,12509,12511,12511,1,1
2020-07-28 15:11:30.585,12510,12511,12511,1,1
2020-07-28 15:11:30.941,12510,12511,12510,1,-1
2020-07-28 15:11:31.233,12509,12511,12511,1,1
2020-07-28 15:11:31.911,12510,12511,12511,1,1
2020-07-28 15:11:32.361,12510,12511,12511,1,1
2020-07-28 15:11:32.884,12510,12511,12511,1,1
2020-07-28 15:11:33.029,12510,12511,12511,1,1
2020-07-28 15:11:34.146,12510,12511,12511,1,1
2020-07-28 15:11:34.517,12510,12511,12510,1,-1
2020-07-28 15:11:35.491,12510,12511,12510,1,-1
2020-07-28 15:11:37.770,12510,12511,12511,1,1
2020-07-28 15:11:38.164,12510,12511,12511,4,4
2020-07-28 15:11:38.199,12510,12511,12511,1,1
2020-07-28 15:11:38.425,12510,12511,12510,1,-1
2020-07-28 15:11:39.594,12510,12511,12510,2,-2
2020-07-28 15:11:40.235,12510,12511,12511,2,2
2020-07-28 15:11:40.438,12510,12511,12510,1,-1
2020-07-28 15:11:40.867,12510,12511,12510,5,-5
2020-07-28 15:11:40.868,12510,12511,12510,21,-21
2020-07-28 15:11:41.108,12509,12510,12510,1,1
2020-07-28 15:11:41.300,12509,12510,12510,1,1
2020-07-28 15:11:41.381,12509,12510,12510,2,2
2020-07-28 15:11:41.619,12510,12511,12510,2,-2
2020-07-28 15:11:42.031,12510,12511,12511,5,5
2020-07-28 15:11:44.839,12510,12511,12511,1,1
2020-07-28 15:11:45.323,12510,12511,12511,1,1
2020-07-28 15:11:45.677,12510,12511,12511,2,2
2020-07-28 15:11:45.677,12510,12511,12512,2,2
2020-07-28 15:11:46.217,12511,12512,12511,2,-2
2020-07-28 15:11:47.005,12510,12511,12510,5,-5
2020-07-28 15:11:48.170,12510,12511,12511,1,1
2020-07-28 15:11:48.905,12510,12511,12510,3,-3
2020-07-28 15:11:49.614,12509,12511,12510,1,-1
2020-07-28 15:11:49.681,12509,12510,12510,1,1
2020-07-28 15:11:49.932,12509,12510,12509,19,-19
2020-07-28 15:11:50.000,12508,12509,12508,7,-7
2020-07-28 15:11:51.073,12508,12509,12509,1,1
2020-07-28 15:11:51.482,12508,12509,12509,1,1
2020-07-28 15:11:51.691,12508,12510,12510,1,1
2020-07-28 15:11:52.492,12508,12510,12510,1,1
2020-07-28 15:11:52.621,12508,12510,12508,3,-3
2020-07-28 15:11:53.201,12508,12509,12508,1,-1
2020-07-28 15:11:53.749,12508,12509,12509,25,25
2020-07-28 15:11:53.750,12508,12509,12509,1,1
2020-07-28 15:11:53.750,12508,12509,12509,1,1
2020-07-28 15:11:53.873,12508,12509,12508,1,-1
2020-07-28 15:11:54.023,12508,12510,12510,1,1
2020-07-28 15:11:54.255,12508,12510,12508,10,-10
2020-07-28 15:11:55.675,12508,12510,12508,1,-1
2020-07-28 15:11:55.996,12508,12510,12509,1,1
2020-07-28 15:11:56.670,12508,12510,12508,1,-1
2020-07-28 15:11:56.844,12508,12509,12509,1,1
2020-07-28 15:11:56.899,12508,12509,12508,1,-1
2020-07-28 15:11:56.915,12508,12509,12507,1,-1
2020-07-28 15:11:58.565,12507,12509,12509,3,3
2020-07-28 15:11:59.777,12507,12509,12507,1,-1
2020-07-28 15:12:00.204,12507,12509,12507,1,-1
2020-07-28 15:12:01.383,12507,12508,12508,1,1
2020-07-28 15:12:01.647,12507,12508,12508,1,1
2020-07-28 15:12:02.113,12507,12508,12507,5,-5
2020-07-28 15:12:02.342,12506,12508,12508,1,1
2020-07-28 15:12:02.448,12506,12508,12508,11,11
2020-07-28 15:12:02.448,12506,12508,12508,1,1
2020-07-28 15:12:02.448,12506,12508,12508,3,3
2020-07-28 15:12:02.651,12507,12509,12507,4,-4
2020-07-28 15:12:02.925,12506,12508,12506,1,-1
2020-07-28 15:12:03.176,12506,12508,12507,1,1
2020-07-28 15:12:03.881,12506,12507,12506,4,-4
2020-07-28 15:12:03.954,12506,12507,12507,1,1
2020-07-28 15:12:04.109,12506,12507,12507,2,2
2020-07-28 15:12:04.708,12507,12508,12507,1,-1
2020-07-28 15:12:05.544,12507,12508,12507,2,-2
2020-07-28 15:12:06.062,12507,12508,12508,5,5
2020-07-28 15:12:06.063,12507,12508,12508,18,18
2020-07-28 15:12:06.448,12508,12509,12508,1,-1
2020-07-28 15:12:07.177,12507,12509,12507,1,-1
2020-07-28 15:12:07.261,12507,12509,12507,1,-1
2020-07-28 15:12:07.391,12507,12509,12507,1,-1
2020-07-28 15:12:08.036,12507,12509,12507,3,-3
2020-07-28 15:12:08.580,12508,12509,12508,2,2
2020-07-28 15:12:08.789,12507,12509,12509,1,1
2020-07-28 15:12:09.133,12507,12509,12507,1,-1
2020-07-28 15:12:12.043,12507,12508,12507,4,-4
2020-07-28 15:12:12.599,12507,12508,12508,1,1
2020-07-28 15:12:13.520,12507,12508,12508,1,1
2020-07-28 15:12:14.280,12507,12508,12508,5,5
2020-07-28 15:12:14.341,12507,12508,12507,1,-1
2020-07-28 15:12:17.622,12507,12508,12508,1,1
2020-07-28 15:12:18.328,12507,12508,12508,1,1
2020-07-28 15:12:21.468,12507,12508,12507,1,-1
2020-07-28 15:12:21.604,12507,12508,12508,1,1
2020-07-28 15:12:22.036,12507,12508,12508,1,1
2020-07-28 15:12:22.234,12507,12508,12508,1,1
2020-07-28 15:12:23.691,12507,12509,12509,2,2
2020-07-28 15:12:26.177,12507,12508,12508,1,1
2020-07-28 15:12:26.276,12507,12508,12507,2,-2
2020-07-28 15:12:28.280,12507,12508,12507,1,-1
2020-07-28 15:12:29.782,12507,12508,12508,1,1
2020-07-28 15:12:30.501,12507,12508,12507,1,-1
2020-07-28 15:12:35.421,12507,12508,12507,8,-8
2020-07-28 15:12:38.341,12506,12508,12506,1,-1
2020-07-28 15:12:39.275,12507,12508,12507,1,1
2020-07-28 15:12:40.042,12507,12508,12507,1,-1
2020-07-28 15:12:40.042,12507,12508,12507,1,-1
2020-07-28 15:12:40.709,12506,12508,12506,1,-1
2020-07-28 15:12:41.298,12507,12508,12507,1,1
2020-07-28 15:12:41.464,12507,12508,12507,1,-1
2020-07-28 15:12:41.780,12507,12508,12507,1,-1
2020-07-28 15:12:41.849,12507,12508,12507,1,-1
2020-07-28 15:12:42.780,12506,12508,12506,1,-1
2020-07-28 15:12:42.806,12506,12508,12506,2,-2
2020-07-28 15:12:44.901,12506,12507,12506,10,-10
2020-07-28 15:12:44.902,12506,12507,12506,12,-12
2020-07-28 15:12:45.736,12505,12506,12505,1,-1
2020-07-28 15:12:45.778,12505,12506,12505,1,-1
2020-07-28 15:12:45.779,12505,12506,12505,10,-10
2020-07-28 15:12:46.021,12504,12505,12504,1,-1
2020-07-28 15:12:47.191,12503,12504,12503,1,-1
2020-07-28 15:12:47.259,12503,12504,12503,2,-2
2020-07-28 15:12:47.534,12503,12504,12503,1,-1
2020-07-28 15:12:47.672,12503,12504,12503,1,-1
2020-07-28 15:12:47.707,12503,12504,12503,1,-1
2020-07-28 15:12:49.136,12503,12504,12503,1,-1
2020-07-28 15:12:49.246,12503,12504,12503,5,-5
2020-07-28 15:12:49.404,12503,12504,12503,5,-5
2020-07-28 15:12:49.886,12502,12503,12502,1,-1
2020-07-28 15:12:49.889,12502,12503,12502,2,-2
2020-07-28 15:12:49.911,12502,12503,12503,1,1
2020-07-28 15:12:50.045,12501,12503,12501,1,-1
2020-07-28 15:12:50.224,12501,12503,12501,1,-1
2020-07-28 15:12:50.229,12501,12503,12501,1,-1
2020-07-28 15:12:50.746,12501,12502,12501,1,-1
2020-07-28 15:12:52.236,12501,12502,12502,1,1
2020-07-28 15:12:52.247,12501,12502,12501,1,-1
2020-07-28 15:12:53.444,12500,12502,12500,4,-4
2020-07-28 15:12:53.556,12500,12502,12500,1,-1
2020-07-28 15:12:53.583,12500,12502,12500,1,-1
2020-07-28 15:12:53.774,12500,12501,12500,1,-1
2020-07-28 15:12:53.888,12500,12501,12500,1,-1
2020-07-28 15:12:53.996,12500,12501,12500,1,-1
2020-07-28 15:12:54.629,12500,12501,12501,2,2
2020-07-28 15:12:54.629,12500,12501,12502,4,4
2020-07-28 15:12:54.633,12500,12501,12501,1,1
2020-07-28 15:12:54.914,12501,12502,12501,1,-1
2020-07-28 15:12:55.369,12500,12502,12500,1,-1
2020-07-28 15:12:56.953,12500,12501,12500,1,-1
2020-07-28 15:12:57.022,12500,12501,12501,1,1
2020-07-28 15:12:58.178,12500,12501,12500,2,-2
2020-07-28 15:12:58.801,12500,12501,12501,1,1
2020-07-28 15:12:58.960,12500,12501,12501,1,1
2020-07-28 15:12:59.809,12500,12501,12500,1,-1
2020-07-28 15:12:59.820,12500,12501,12500,5,-5
2020-07-28 15:12:59.820,12500,12501,12500,3,-3
2020-07-28 15:13:00.052,12499,12501,12499,1,-1
2020-07-28 15:13:00.222,12499,12501,12499,1,-1
2020-07-28 15:13:00.232,12499,12501,12499,1,-1
2020-07-28 15:13:00.277,12499,12501,12499,1,-1
2020-07-28 15:13:00.318,12499,12501,12499,1,-1
2020-07-28 15:13:00.358,12499,12501,12499,1,-1
2020-07-28 15:13:00.392,12499,12500,12499,1,-1
2020-07-28 15:13:00.534,12499,12500,12500,1,1
2020-07-28 15:13:01.391,12499,12500,12500,1,1
2020-07-28 15:13:01.533,12499,12500,12500,4,4
2020-07-28 15:13:01.581,12499,12500,12500,1,1
2020-07-28 15:13:02.107,12500,12501,12500,1,-1
2020-07-28 15:13:02.521,12500,12501,12500,3,-3
2020-07-28 15:13:02.521,12500,12501,12499,7,-7
2020-07-28 15:13:02.666,12499,12500,12500,2,2
2020-07-28 15:13:02.667,12499,12500,12500,1,1
2020-07-28 15:13:03.891,12499,12500,12500,1,1
2020-07-28 15:13:04.036,12500,12501,12500,4,-4
2020-07-28 15:13:06.335,12499,12500,12499,1,-1
2020-07-28 15:13:07.700,12499,12500,12500,1,1
2020-07-28 15:13:07.701,12499,12500,12500,9,9
2020-07-28 15:13:08.409,12500,12501,12500,1,-1
2020-07-28 15:13:08.856,12500,12501,12500,1,-1
2020-07-28 15:13:08.909,12500,12501,12500,2,-2
2020-07-28 15:13:08.978,12500,12501,12500,2,-2
2020-07-28 15:13:09.587,12500,12501,12500,2,-2
2020-07-28 15:13:10.043,12500,12501,12500,1,-1
2020-07-28 15:13:11.448,12500,12501,12501,2,2
2020-07-28 15:13:13.824,12500,12501,12500,4,-4
2020-07-28 15:13:17.462,12500,12501,12500,1,-1
2020-07-28 15:13:17.830,12500,12501,12500,1,-1
2020-07-28 15:13:17.966,12500,12501,12500,1,-1
2020-07-28 15:13:17.977,12500,12501,12500,1,-1
2020-07-28 15:13:20.477,12500,12501,12501,12,12
2020-07-28 15:13:21.284,12501,12502,12501,1,-1
2020-07-28 15:13:21.813,12501,12502,12502,1,1
2020-07-28 15:13:24.115,12501,12502,12502,1,1
2020-07-28 15:13:25.027,12501,12502,12502,1,1
2020-07-28 15:13:25.037,12501,12502,12503,1,1
2020-07-28 15:13:28.916,12502,12503,12503,1,1
2020-07-28 15:13:29.737,12502,12503,12503,1,1
2020-07-28 15:13:29.964,12502,12503,12502,1,-1
2020-07-28 15:13:29.992,12502,12503,12502,1,-1
2020-07-28 15:13:31.980,12502,12503,12503,2,2
2020-07-28 15:13:32.594,12502,12503,12503,1,1
2020-07-28 15:13:33.756,12502,12503,12503,1,1
2020-07-28 15:13:38.443,12503,12504,12503,1,-1
2020-07-28 15:13:39.542,12503,12504,12504,2,2
2020-07-28 15:13:40.127,12503,12504,12503,1,-1
2020-07-28 15:13:42.197,12502,12503,12502,2,-2
2020-07-28 15:13:43.732,12501,12502,12502,1,1
2020-07-28 15:13:44.622,12501,12502,12502,1,1
2020-07-28 15:13:45.892,12501,12502,12501,2,-2
2020-07-28 15:13:46.488,12500,12502,12501,1,-1
2020-07-28 15:13:48.894,12500,12502,12500,1,-1
2020-07-28 15:13:49.723,12500,12501,12501,1,1
2020-07-28 15:13:50.482,12500,12502,12502,3,3
2020-07-28 15:13:56.568,12501,12502,12501,1,-1
2020-07-28 15:13:56.569,12501,12502,12501,4,-4
2020-07-28 15:13:56.716,12500,12501,12501,1,1
2020-07-28 15:13:58.196,12500,12501,12500,5,-5
2020-07-28 15:13:58.252,12499,12501,12501,1,1
2020-07-28 15:14:00.021,12499,12501,12501,2,2
2020-07-28 15:14:00.211,12499,12501,12499,2,-2
2020-07-28 15:14:00.421,12499,12501,12501,1,1
2020-07-28 15:14:01.963,12499,12501,12500,1,-1
2020-07-28 15:14:01.977,12499,12501,12499,1,-1
2020-07-28 15:14:03.729,12499,12501,12499,1,-1
2020-07-28 15:14:04.750,12499,12501,12499,1,-1
2020-07-28 15:14:06.386,12499,12500,12499,1,-1
2020-07-28 15:14:08.385,12498,12500,12498,1,-1
2020-07-28 15:14:10.571,12498,12499,12499,1,1
2020-07-28 15:14:16.211,12498,12499,12499,2,2
2020-07-28 15:14:16.953,12498,12499,12499,1,1
2020-07-28 15:14:19.626,12498,12499,12499,3,3
2020-07-28 15:14:19.795,12499,12500,12500,3,3
2020-07-28 15:14:19.795,12499,12500,12500,1,1
2020-07-28 15:14:20.779,12500,12501,12500,1,-1
2020-07-28 15:14:21.998,12499,12501,12499,1,-1
2020-07-28 15:14:22.169,12499,12501,12499,1,-1
2020-07-28 15:14:23.134,12499,12501,12499,1,-1
2020-07-28 15:14:23.301,12499,12501,12499,7,-7
2020-07-28 15:14:23.720,12498,12499,12499,1,1
2020-07-28 15:14:24.057,12498,12499,12498,1,-1
2020-07-28 15:14:24.359,12498,12499,12499,1,1
2020-07-28 15:14:31.081,12498,12499,12498,1,-1
2020-07-28 15:14:31.409,12498,12499,12499,2,2
2020-07-28 15:14:35.602,12499,12500,12499,1,-1
2020-07-28 15:14:37.298,12499,12500,12499,2,-2
2020-07-28 15:14:37.372,12499,12500,12499,1,-1
2020-07-28 15:14:37.463,12498,12499,12499,2,2
2020-07-28 15:14:39.605,12498,12499,12499,1,1
2020-07-28 15:14:43.358,12498,12499,12498,17,-17
2020-07-28 15:14:43.713,12497,12498,12498,1,1
2020-07-28 15:14:44.100,12497,12498,12498,1,1
2020-07-28 15:14:44.985,12497,12498,12497,4,-4
2020-07-28 15:14:44.986,12497,12498,12497,2,-2
2020-07-28 15:14:45.022,12496,12498,12496,1,-1
2020-07-28 15:14:46.895,12496,12497,12496,3,-3
2020-07-28 15:14:47.519,12496,12497,12497,1,1
2020-07-28 15:14:47.694,12496,12497,12496,2,-2
2020-07-28 15:14:48.882,12496,12498,12498,3,3
2020-07-28 15:14:50.021,12496,12498,12496,1,-1
2020-07-28 15:14:50.087,12496,12498,12496,1,-1
2020-07-28 15:14:53.474,12496,12498,12496,5,-5
2020-07-28 15:14:54.607,12496,12497,12497,1,1
2020-07-28 15:14:54.757,12497,12498,12497,1,-1
2020-07-28 15:14:55.382,12497,12498,12497,1,-1
2020-07-28 15:14:56.958,12496,12497,12497,2,2
2020-07-28 15:14:58.769,12497,12498,12497,1,-1
2020-07-28 15:15:01.335,12496,12497,12496,1,-1
2020-07-28 15:15:01.497,12496,12497,12496,2,-2
2020-07-28 15:15:01.564,12496,12497,12496,15,-15
2020-07-28 15:15:01.597,12496,12497,12495,2,-2
2020-07-28 15:15:01.719,12495,12496,12495,4,-4
2020-07-28 15:15:01.719,12495,12496,12495,26,-26
2020-07-28 15:15:01.788,12494,12495,12494,1,-1
2020-07-28 15:15:01.834,12494,12495,12495,2,2
2020-07-28 15:15:01.889,12494,12495,12494,1,-1
2020-07-28 15:15:02.263,12494,12495,12494,1,-1
2020-07-28 15:15:02.999,12494,12495,12494,1,-1
2020-07-28 15:15:03.130,12494,12495,12495,2,2
2020-07-28 15:15:03.130,12494,12495,12495,2,2
2020-07-28 15:15:03.131,12494,12495,12495,1,1
2020-07-28 15:15:03.131,12494,12495,12496,1,1
2020-07-28 15:15:03.132,12494,12495,12496,1,1
2020-07-28 15:15:03.134,12494,12495,12496,1,1
2020-07-28 15:15:03.149,12494,12495,12496,6,6
2020-07-28 15:15:03.152,12494,12495,12496,2,2
2020-07-28 15:15:03.154,12494,12495,12496,3,3
2020-07-28 15:15:03.183,12494,12495,12496,1,1
2020-07-28 15:15:03.398,12495,12496,12495,1,-1
2020-07-28 15:15:03.624,12494,12496,12494,1,-1
2020-07-28 15:15:03.664,12494,12496,12494,2,-2
2020-07-28 15:15:04.212,12494,12496,12496,1,1
2020-07-28 15:15:05.476,12494,12496,12496,1,1
2020-07-28 15:15:06.123,12494,12496,12494,15,-15
2020-07-28 15:15:06.847,12494,12495,12494,1,-1
2020-07-28 15:15:07.409,12494,12495,12494,1,-1
2020-07-28 15:15:08.336,12494,12495,12494,1,-1
2020-07-28 15:15:09.598,12494,12495,12494,2,-2
2020-07-28 15:15:10.103,12494,12495,12495,4,4
2020-07-28 15:15:10.594,12494,12495,12494,1,-1
2020-07-28 15:15:11.766,12494,12495,12494,2,-2
2020-07-28 15:15:12.438,12494,12495,12494,1,-1
2020-07-28 15:15:14.158,12494,12495,12494,1,-1
2020-07-28 15:15:14.158,12494,12495,12494,1,-1
2020-07-28 15:15:15.222,12494,12495,12494,1,-1
2020-07-28 15:15:15.513,12494,12495,12494,2,-2
2020-07-28 15:15:15.634,12494,12495,12494,2,-2
2020-07-28 15:15:16.816,12493,12494,12494,1,1
2020-07-28 15:15:17.355,12494,12495,12494,1,-1
2020-07-28 15:15:18.230,12493,12495,12493,1,-1
2020-07-28 15:15:18.391,12493,12494,12493,1,-1
2020-07-28 15:15:18.879,12493,12494,12493,5,-5
2020-07-28 15:15:19.237,12493,12494,12494,1,1
2020-07-28 15:15:19.369,12493,12494,12494,1,1
2020-07-28 15:15:19.775,12493,12494,12493,1,-1
2020-07-28 15:15:20.034,12493,12494,12494,5,5
2020-07-28 15:15:20.107,12493,12494,12493,1,-1
2020-07-28 15:15:20.276,12492,12494,12493,1,-1
2020-07-28 15:15:20.276,12492,12494,12494,4,4
2020-07-28 15:15:21.458,12493,12494,12494,3,3
2020-07-28 15:15:21.642,12493,12494,12493,1,-1
2020-07-28 15:15:21.681,12493,12494,12493,1,-1
2020-07-28 15:15:23.247,12492,12493,12492,5,-5
2020-07-28 15:15:24.131,12492,12493,12492,1,-1
2020-07-28 15:15:24.871,12492,12493,12493,1,1
2020-07-28 15:15:24.871,12492,12493,12494,1,1
2020-07-28 15:15:26.479,12493,12494,12493,1,-1
2020-07-28 15:15:26.831,12493,12494,12493,1,-1
2020-07-28 15:15:27.407,12493,12494,12494,1,1
2020-07-28 15:15:28.436,12493,12494,12493,1,-1
2020-07-28 15:15:29.149,12492,12494,12492,1,-1
2020-07-28 15:15:29.366,12492,12494,12494,1,1
2020-07-28 15:15:29.949,12492,12494,12492,1,-1
2020-07-28 15:15:30.834,12492,12493,12493,1,1
2020-07-28 15:15:31.409,12492,12493,12493,1,1
2020-07-28 15:15:32.620,12492,12494,12492,1,-1
2020-07-28 15:15:33.341,12492,12494,12492,1,-1
2020-07-28 15:15:33.357,12492,12494,12492,1,-1
2020-07-28 15:15:33.535,12492,12494,12492,1,-1
2020-07-28 15:15:33.584,12492,12494,12492,1,-1
2020-07-28 15:15:33.706,12492,12494,12492,1,-1
2020-07-28 15:15:33.804,12492,12494,12492,2,-2
2020-07-28 15:15:34.110,12492,12494,12493,1,1
2020-07-28 15:15:34.230,12492,12493,12493,1,1
2020-07-28 15:15:35.615,12492,12494,12493,1,-1
2020-07-28 15:15:36.408,12492,12494,12493,1,-1
2020-07-28 15:15:36.408,12492,12494,12492,2,-2
2020-07-28 15:15:36.818,12493,12494,12494,3,3
2020-07-28 15:15:37.751,12494,12495,12494,1,-1
2020-07-28 15:15:37.879,12494,12495,12494,1,-1
2020-07-28 15:15:37.955,12494,12495,12495,1,1
2020-07-28 15:15:38.060,12494,12495,12494,1,-1
2020-07-28 15:15:38.074,12494,12495,12495,1,1
2020-07-28 15:15:38.221,12494,12495,12494,2,-2
2020-07-28 15:15:38.436,12494,12495,12494,1,-1
2020-07-28 15:15:39.429,12494,12495,12494,1,-1
2020-07-28 15:15:40.049,12494,12495,12494,2,-2
2020-07-28 15:15:40.889,12494,12495,12495,2,2
2020-07-28 15:15:40.889,12494,12495,12495,4,4
2020-07-28 15:15:41.748,12494,12496,12495,1,-1
2020-07-28 15:15:42.666,12494,12495,12495,1,1
2020-07-28 15:15:43.238,12495,12496,12495,1,-1
2020-07-28 15:15:43.810,12494,12496,12496,1,1
2020-07-28 15:15:45.489,12495,12496,12496,32,32
2020-07-28 15:15:48.758,12496,12497,12496,1,-1
2020-07-28 15:15:49.687,12496,12497,12496,1,-1
2020-07-28 15:15:53.345,12496,12497,12497,2,2
2020-07-28 15:15:53.345,12496,12497,12497,4,4
2020-07-28 15:15:53.376,12497,12498,12497,3,-3
2020-07-28 15:15:53.429,12497,12498,12497,3,-3
2020-07-28 15:15:58.987,12497,12498,12498,1,1
2020-07-28 15:15:59.536,12497,12498,12497,1,-1
2020-07-28 15:15:59.887,12497,12498,12498,1,1
2020-07-28 15:16:00.761,12497,12498,12497,1,-1
2020-07-28 15:16:01.871,12497,12498,12497,1,-1
2020-07-28 15:16:02.352,12497,12498,12498,4,4
2020-07-28 15:16:02.381,12497,12498,12498,1,1
2020-07-28 15:16:02.383,12497,12498,12498,1,1
2020-07-28 15:16:06.506,12497,12498,12497,1,-1
2020-07-28 15:16:06.507,12497,12498,12497,2,-2
2020-07-28 15:16:06.507,12497,12498,12497,2,-2
2020-07-28 15:16:06.507,12497,12498,12497,1,-1
2020-07-28 15:16:06.507,12497,12498,12497,1,-1
2020-07-28 15:16:06.507,12497,12498,12497,6,-6
2020-07-28 15:16:08.005,12496,12497,12497,1,1
2020-07-28 15:16:08.578,12496,12497,12496,1,-1
2020-07-28 15:16:09.174,12496,12497,12497,2,2
2020-07-28 15:16:10.679,12496,12497,12497,1,1
2020-07-28 15:16:14.652,12496,12497,12497,1,1
2020-07-28 15:16:14.896,12496,12497,12496,1,-1
2020-07-28 15:16:14.896,12496,12497,12496,3,-3
2020-07-28 15:16:16.753,12495,12496,12496,1,1
2020-07-28 15:16:17.411,12495,12496,12496,2,2
2020-07-28 15:16:17.411,12495,12496,12497,2,2
2020-07-28 15:16:17.738,12495,12497,12497,1,1
2020-07-28 15:16:21.973,12496,12497,12496,1,-1
2020-07-28 15:16:22.017,12496,12497,12496,1,-1
2020-07-28 15:16:29.989,12496,12497,12496,4,-4
2020-07-28 15:16:35.778,12496,12497,12496,1,-1
2020-07-28 15:16:40.824,12496,12497,12496,1,-1
2020-07-28 15:16:40.884,12496,12497,12497,2,2
2020-07-28 15:16:41.592,12496,12497,12496,1,-1
2020-07-28 15:16:45.484,12496,12497,12496,1,-1
2020-07-28 15:16:49.392,12495,12496,12496,1,1
2020-07-28 15:16:53.714,12495,12496,12495,1,-1
2020-07-28 15:16:54.242,12495,12496,12495,3,-3
2020-07-28 15:16:55.763,12495,12496,12496,1,1
2020-07-28 15:16:55.798,12495,12496,12496,1,1
2020-07-28 15:16:55.799,12495,12496,12496,2,2
2020-07-28 15:16:57.274,12496,12497,12497,16,16
2020-07-28 15:16:59.963,12497,12498,12497,1,-1
2020-07-28 15:17:01.674,12497,12498,12497,1,-1
2020-07-28 15:17:02.236,12497,12498,12498,1,1
2020-07-28 15:17:02.982,12497,12498,12497,1,-1
2020-07-28 15:17:03.024,12497,12498,12497,2,-2
2020-07-28 15:17:03.027,12497,12498,12496,1,-1
2020-07-28 15:17:03.095,12497,12498,12498,2,2
2020-07-28 15:17:05.066,12496,12498,12498,1,1
2020-07-28 15:17:06.498,12496,12497,12497,1,1
2020-07-28 15:17:12.136,12496,12498,12498,2,2
2020-07-28 15:17:14.103,12497,12498,12497,1,-1
2020-07-28 15:17:14.208,12496,12497,12497,1,1
2020-07-28 15:17:16.041,12496,12497,12497,1,1
2020-07-28 15:17:16.292,12496,12497,12497,2,2
2020-07-28 15:17:17.235,12496,12497,12496,10,-10
2020-07-28 15:17:17.847,12496,12497,12497,1,1
2020-07-28 15:17:20.330,12496,12498,12496,1,-1
2020-07-28 15:17:20.350,12496,12498,12497,1,1
2020-07-28 15:17:22.930,12497,12498,12497,2,-2
2020-07-28 15:17:23.276,12497,12498,12498,1,1
2020-07-28 15:17:23.391,12497,12498,12497,2,-2
2020-07-28 15:17:24.351,12497,12498,12497,4,-4
2020-07-28 15:17:27.572,12497,12498,12497,1,-1
2020-07-28 15:17:28.745,12496,12498,12498,1,1
2020-07-28 15:17:30.932,12497,12498,12498,5,5
2020-07-28 15:17:32.129,12498,12499,12498,1,-1
2020-07-28 15:17:32.921,12498,12499,12498,1,-1
2020-07-28 15:17:40.029,12498,12499,12499,2,2
2020-07-28 15:17:42.588,12498,12499,12498,1,-1
2020-07-28 15:17:52.553,12498,12499,12499,1,1
2020-07-28 15:17:52.566,12498,12499,12499,1,1
2020-07-28 15:17:53.113,12498,12499,12498,8,-8
2020-07-28 15:17:53.113,12498,12499,12498,1,-1
2020-07-28 15:17:53.113,12498,12499,12498,1,-1
2020-07-28 15:17:53.113,12498,12499,12498,2,-2
2020-07-28 15:18:01.585,12497,12498,12498,1,1
2020-07-28 15:18:01.987,12497,12498,12497,1,-1
2020-07-28 15:18:02.392,12497,12498,12498,1,1
2020-07-28 15:18:02.423,12497,12498,12498,1,1
2020-07-28 15:18:02.542,12497,12498,12498,1,1
2020-07-28 15:18:02.809,12497,12498,12497,1,-1
2020-07-28 15:18:03.685,12497,12498,12498,1,1
2020-07-28 15:18:03.904,12497,12498,12497,1,-1
2020-07-28 15:18:06.356,12497,12498,12497,2,-2
2020-07-28 15:18:07.021,12497,12498,12497,1,-1
2020-07-28 15:18:13.028,12497,12498,12498,1,1
2020-07-28 15:18:24.403,12497,12498,12498,2,2
2020-07-28 15:18:25.129,12497,12498,12498,4,4
2020-07-28 15:18:30.605,12497,12498,12498,3,3
2020-07-28 15:18:31.063,12498,12499,12498,1,-1
2020-07-28 15:18:32.418,12498,12499,12499,15,15
2020-07-28 15:18:32.418,12498,12499,12500,11,11
2020-07-28 15:18:32.462,12498,12499,12500,9,9
2020-07-28 15:18:32.462,12498,12499,12500,4,4
2020-07-28 15:18:32.462,12498,12499,12500,4,4
2020-07-28 15:18:32.463,12498,12499,12500,24,24
2020-07-28 15:18:33.833,12500,12501,12501,3,3
2020-07-28 15:18:33.922,12500,12501,12501,1,1
2020-07-28 15:18:38.490,12500,12501,12500,7,-7
2020-07-28 15:18:38.490,12500,12501,12500,1,-1
2020-07-28 15:18:38.490,12500,12501,12500,1,-1
2020-07-28 15:18:38.491,12500,12501,12500,1,-1
2020-07-28 15:18:38.492,12500,12501,12500,1,-1
2020-07-28 15:18:39.777,12499,12501,12501,1,1
2020-07-28 15:18:40.066,12499,12501,12501,2,2
2020-07-28 15:18:43.691,12500,12501,12500,2,-2
2020-07-28 15:18:49.591,12498,12499,12498,8,-8
2020-07-28 15:18:58.921,12498,12499,12499,1,1
2020-07-28 15:19:00.381,12498,12499,12498,1,-1
2020-07-28 15:19:01.225,12498,12499,12498,2,-2
2020-07-28 15:19:01.518,12497,12498,12498,1,1
2020-07-28 15:19:02.283,12497,12498,12498,2,2
2020-07-28 15:19:06.075,12498,12499,12499,1,1
2020-07-28 15:19:08.527,12498,12499,12498,3,-3
2020-07-28 15:19:13.713,12498,12499,12499,1,1
2020-07-28 15:19:13.713,12498,12499,12499,1,1
2020-07-28 15:19:18.954,12499,12500,12500,3,3
2020-07-28 15:19:19.613,12499,12500,12499,1,-1
2020-07-28 15:19:19.648,12499,12500,12500,1,1
2020-07-28 15:19:20.855,12499,12500,12499,1,-1
2020-07-28 15:19:21.984,12499,12500,12500,1,1
2020-07-28 15:19:24.223,12499,12500,12500,2,2
2020-07-28 15:19:24.224,12499,12500,12500,1,1
2020-07-28 15:19:24.531,12499,12501,12500,1,-1
2020-07-28 15:19:26.505,12500,12501,12501,1,1
2020-07-28 15:19:28.532,12500,12501,12501,1,1
2020-07-28 15:19:31.657,12500,12501,12501,1,1
2020-07-28 15:19:33.737,12500,12501,12500,1,-1
2020-07-28 15:19:35.106,12500,12501,12501,1,1
2020-07-28 15:19:37.686,12500,12501,12501,1,1
2020-07-28 15:19:37.686,12500,12501,12501,8,8
2020-07-28 15:19:38.814,12501,12502,12501,1,-1
2020-07-28 15:19:39.072,12501,12502,12501,1,-1
2020-07-28 15:19:40.098,12500,12501,12500,1,-1
2020-07-28 15:19:41.964,12500,12501,12501,2,2
2020-07-28 15:19:42.175,12501,12502,12501,1,-1
2020-07-28 15:19:43.207,12501,12502,12501,1,-1
2020-07-28 15:19:43.443,12501,12502,12501,2,-2
2020-07-28 15:19:44.340,12501,12502,12501,2,-2
2020-07-28 15:19:46.595,12500,12501,12501,1,1
2020-07-28 15:19:49.535,12500,12501,12500,1,-1
2020-07-28 15:19:49.724,12500,12501,12500,7,-7
2020-07-28 15:19:53.690,12499,12500,12499,1,-1
2020-07-28 15:19:54.437,12498,12499,12498,13,-13
2020-07-28 15:19:56.219,12497,12498,12498,1,1
2020-07-28 15:20:02.662,12497,12498,12498,1,1
2020-07-28 15:20:03.942,12497,12498,12497,1,-1
2020-07-28 15:20:03.943,12497,12498,12497,1,-1
2020-07-28 15:20:03.943,12497,12498,12497,6,-6
2020-07-28 15:20:04.968,12496,12497,12496,1,-1
2020-07-28 15:20:04.968,12496,12497,12496,2,-2
2020-07-28 15:20:05.183,12495,12497,12495,8,-8
2020-07-28 15:20:05.183,12495,12497,12495,9,-9
2020-07-28 15:20:05.457,12494,12495,12494,1,-1
2020-07-28 15:20:05.457,12494,12495,12494,2,-2
2020-07-28 15:20:05.457,12494,12495,12494,3,-3
2020-07-28 15:20:05.521,12493,12494,12493,2,-2
2020-07-28 15:20:05.521,12493,12494,12493,5,-5
2020-07-28 15:20:06.303,12492,12493,12493,1,1
2020-07-28 15:20:06.398,12492,12494,12492,1,-1
2020-07-28 15:20:07.618,12492,12493,12492,3,-3
2020-07-28 15:20:08.010,12492,12493,12492,1,-1
2020-07-28 15:20:08.616,12492,12493,12492,1,-1
2020-07-28 15:20:08.797,12492,12493,12492,1,-1
2020-07-28 15:20:09.605,12492,12493,12493,1,1
2020-07-28 15:20:09.918,12492,12493,12492,1,-1
2020-07-28 15:20:10.769,12492,12493,12492,1,-1
2020-07-28 15:20:11.302,12492,12493,12492,3,-3
2020-07-28 15:20:11.463,12492,12493,12492,1,-1
2020-07-28 15:20:12.011,12492,12493,12492,1,-1
2020-07-28 15:20:12.263,12492,12493,12493,2,2
2020-07-28 15:20:13.123,12493,12495,12493,1,-1
2020-07-28 15:20:15.662,12493,12494,12494,1,1
2020-07-28 15:20:22.485,12495,12497,12495,1,1
2020-07-28 15:20:23.861,12496,12497,12496,1,1
2020-07-28 15:20:23.881,12495,12497,12495,1,-1
2020-07-28 15:20:25.767,12496,12497,12496,1,1
2020-07-28 15:20:26.214,12496,12497,12496,1,-1
2020-07-28 15:20:30.386,12496,12497,12496,3,-3
2020-07-28 15:20:30.564,12496,12497,12496,1,-1
2020-07-28 15:20:32.490,12495,12496,12496,1,1
2020-07-28 15:20:38.255,12495,12497,12495,3,-3
2020-07-28 15:20:49.547,12493,12494,12494,2,2
2020-07-28 15:20:49.870,12494,12495,12494,1,-1
2020-07-28 15:20:53.479,12493,12494,12493,1,-1
2020-07-28 15:20:53.656,12493,12494,12493,2,-2
2020-07-28 15:20:53.702,12493,12494,12493,3,-3
2020-07-28 15:20:54.701,12492,12494,12494,1,1
2020-07-28 15:20:54.834,12492,12494,12492,10,-10
2020-07-28 15:20:56.764,12491,12492,12492,1,1
2020-07-28 15:20:56.998,12491,12493,12491,5,-5
2020-07-28 15:20:57.097,12491,12493,12491,1,-1
2020-07-28 15:20:57.394,12491,12493,12491,1,-1
2020-07-28 15:21:01.842,12491,12492,12491,1,-1
2020-07-28 15:21:03.507,12491,12492,12492,2,2
2020-07-28 15:21:03.508,12491,12492,12493,1,1
2020-07-28 15:21:04.100,12492,12494,12492,3,-3
2020-07-28 15:21:05.057,12492,12493,12492,3,-3
2020-07-28 15:21:05.484,12491,12492,12491,1,-1
2020-07-28 15:21:06.661,12491,12492,12491,1,-1
2020-07-28 15:21:07.055,12491,12492,12491,1,-1
2020-07-28 15:21:10.673,12491,12492,12491,2,-2
2020-07-28 15:21:14.462,12491,12492,12491,3,-3
2020-07-28 15:21:15.742,12490,12492,12490,1,-1
2020-07-28 15:21:15.840,12490,12492,12492,1,1
2020-07-28 15:21:16.118,12490,12492,12490,1,-1
2020-07-28 15:21:19.880,12490,12491,12490,1,-1
2020-07-28 15:21:22.126,12490,12491,12491,2,2
2020-07-28 15:21:22.479,12491,12492,12491,1,-1
2020-07-28 15:21:23.481,12491,12492,12491,2,-2
2020-07-28 15:21:27.191,12491,12492,12491,1,-1
2020-07-28 15:21:28.395,12491,12492,12491,2,-2
2020-07-28 15:21:30.565,12491,12492,12491,4,-4
2020-07-28 15:21:30.720,12491,12492,12491,1,-1
2020-07-28 15:21:30.789,12490,12492,12491,1,-1
2020-07-28 15:21:33.026,12491,12492,12491,1,-1
2020-07-28 15:21:33.226,12491,12492,12491,1,-1
2020-07-28 15:21:33.868,12491,12492,12491,1,-1
2020-07-28 15:21:34.058,12491,12492,12491,1,-1
2020-07-28 15:21:35.374,12491,12492,12492,14,14
2020-07-28 15:21:36.335,12492,12493,12493,1,1
2020-07-28 15:21:36.599,12492,12493,12492,1,-1
2020-07-28 15:21:40.551,12492,12493,12493,1,1
2020-07-28 15:21:41.088,12492,12493,12493,2,2
2020-07-28 15:21:44.312,12493,12495,12495,16,16
2020-07-28 15:21:44.312,12493,12495,12496,4,4
2020-07-28 15:21:44.514,12494,12496,12496,2,2
2020-07-28 15:21:45.318,12495,12496,12495,1,-1
2020-07-28 15:21:45.318,12495,12496,12495,1,-1
2020-07-28 15:21:47.080,12493,12495,12495,10,10
2020-07-28 15:21:49.366,12494,12495,12495,1,1
2020-07-28 15:21:54.359,12495,12496,12496,1,1
2020-07-28 15:21:55.177,12495,12496,12495,1,-1
2020-07-28 15:21:58.037,12493,12495,12495,2,2
2020-07-28 15:21:58.752,12494,12495,12494,2,-2
2020-07-28 15:22:09.814,12494,12495,12494,1,-1
2020-07-28 15:22:10.067,12494,12495,12495,1,1
2020-07-28 15:22:10.457,12494,12495,12494,1,-1
2020-07-28 15:22:10.889,12494,12495,12494,1,-1
2020-07-28 15:22:10.889,12494,12495,12494,2,-2
2020-07-28 15:22:10.890,12494,12495,12494,1,-1
2020-07-28 15:22:10.890,12494,12495,12494,1,-1
2020-07-28 15:22:11.504,12493,12494,12494,3,3
2020-07-28 15:22:14.647,12493,12494,12493,1,-1
2020-07-28 15:22:18.992,12492,12493,12492,4,-4
2020-07-28 15:22:18.992,12492,12493,12492,1,-1
2020-07-28 15:22:19.261,12491,12492,12492,2,2
2020-07-28 15:22:19.426,12492,12493,12492,1,-1
2020-07-28 15:22:23.379,12491,12492,12492,1,1
2020-07-28 15:22:26.799,12491,12492,12491,1,-1
2020-07-28 15:22:29.130,12491,12492,12491,3,-3
2020-07-28 15:22:29.130,12491,12492,12491,3,-3
2020-07-28 15:22:30.304,12490,12492,12490,5,-5
2020-07-28 15:22:30.507,12490,12492,12492,1,1
2020-07-28 15:22:30.580,12490,12492,12490,1,-1
2020-07-28 15:22:33.206,12490,12491,12490,2,-2
2020-07-28 15:22:33.206,12490,12491,12490,2,-2
2020-07-28 15:22:33.207,12490,12491,12490,8,-8
2020-07-28 15:22:34.502,12489,12490,12490,1,1
2020-07-28 15:22:36.365,12489,12490,12490,1,1
2020-07-28 15:22:36.509,12489,12491,12489,1,-1
2020-07-28 15:22:36.682,12489,12490,12489,1,-1
2020-07-28 15:22:38.629,12489,12490,12490,1,1
2020-07-28 15:22:42.299,12489,12490,12489,5,-5
2020-07-28 15:22:42.342,12489,12490,12489,1,-1
2020-07-28 15:22:42.342,12489,12490,12489,3,-3
2020-07-28 15:22:43.127,12488,12489,12489,1,1
2020-07-28 15:22:47.033,12489,12490,12489,1,-1
2020-07-28 15:22:47.033,12489,12490,12488,2,-2
2020-07-28 15:22:48.616,12488,12489,12488,1,-1
2020-07-28 15:22:49.364,12488,12489,12489,1,1
2020-07-28 15:22:49.926,12489,12490,12489,1,-1
2020-07-28 15:22:52.551,12489,12490,12489,1,-1
2020-07-28 15:22:55.995,12489,12490,12490,5,5
2020-07-28 15:22:56.688,12490,12491,12490,8,-8
2020-07-28 15:22:56.689,12490,12491,12490,2,-2
2020-07-28 15:23:03.341,12490,12491,12490,5,-5
2020-07-28 15:23:04.253,12490,12491,12490,1,-1
2020-07-28 15:23:04.731,12490,12491,12491,4,4
2020-07-28 15:23:05.125,12491,12492,12491,6,-6
2020-07-28 15:23:05.125,12491,12492,12490,4,-4
2020-07-28 15:23:07.169,12490,12491,12491,1,1
2020-07-28 15:23:09.920,12491,12492,12492,8,8
2020-07-28 15:23:10.023,12492,12493,12492,1,-1
2020-07-28 15:23:10.338,12491,12493,12492,1,-1
2020-07-28 15:23:13.158,12492,12493,12493,12,12
2020-07-28 15:23:13.158,12492,12493,12493,1,1
2020-07-28 15:23:13.159,12492,12493,12493,1,1
2020-07-28 15:23:13.159,12492,12493,12493,5,5
2020-07-28 15:23:13.159,12492,12493,12493,1,1
2020-07-28 15:23:13.364,12492,12494,12494,1,1
2020-07-28 15:23:18.702,12493,12494,12493,1,-1
2020-07-28 15:23:20.224,12492,12493,12492,1,-1
2020-07-28 15:23:22.435,12492,12493,12493,2,2
2020-07-28 15:23:23.419,12492,12493,12492,12,-12
2020-07-28 15:23:25.457,12491,12492,12492,9,9
2020-07-28 15:23:25.457,12491,12492,12493,4,4
2020-07-28 15:23:26.103,12492,12493,12492,1,-1
2020-07-28 15:23:28.496,12491,12493,12491,2,-2
2020-07-28 15:23:30.923,12491,12493,12491,1,-1
2020-07-28 15:23:33.150,12491,12492,12492,1,1
2020-07-28 15:23:33.161,12491,12492,12491,1,-1
2020-07-28 15:23:34.854,12491,12492,12492,1,1
2020-07-28 15:23:36.336,12491,12492,12492,1,1
2020-07-28 15:23:42.893,12491,12492,12491,15,-15
2020-07-28 15:23:42.893,12491,12492,12490,10,-10
2020-07-28 15:23:49.110,12490,12492,12492,4,4
2020-07-28 15:23:49.548,12490,12492,12490,2,-2
2020-07-28 15:23:51.063,12490,12491,12490,1,-1
2020-07-28 15:23:52.115,12490,12491,12490,1,-1
2020-07-28 15:23:55.470,12490,12491,12490,3,-3
2020-07-28 15:23:55.964,12490,12491,12490,1,-1
2020-07-28 15:23:56.718,12490,12491,12490,3,-3
2020-07-28 15:23:59.782,12490,12491,12490,1,-1
2020-07-28 15:24:01.149,12489,12490,12490,1,1
2020-07-28 15:24:03.917,12489,12490,12489,5,-5
2020-07-28 15:24:04.330,12488,12490,12489,2,-2
2020-07-28 15:24:05.004,12488,12489,12488,6,-6
2020-07-28 15:24:05.004,12488,12489,12488,10,-10
2020-07-28 15:24:06.340,12487,12488,12487,1,-1
2020-07-28 15:24:06.628,12487,12488,12488,2,2
2020-07-28 15:24:07.093,12487,12488,12487,1,-1
2020-07-28 15:24:07.179,12487,12488,12487,1,-1
2020-07-28 15:24:07.179,12487,12488,12487,1,-1
2020-07-28 15:24:09.623,12486,12487,12486,1,-1
2020-07-28 15:24:10.687,12486,12487,12486,1,-1
2020-07-28 15:24:10.687,12486,12487,12486,2,-2
2020-07-28 15:24:10.688,12486,12487,12486,6,-6
2020-07-28 15:24:10.688,12486,12487,12486,1,-1
2020-07-28 15:24:10.688,12486,12487,12486,3,-3
2020-07-28 15:24:11.442,12485,12487,12486,1,-1
2020-07-28 15:24:11.483,12485,12487,12486,1,-1
2020-07-28 15:24:11.531,12486,12487,12486,1,-1
2020-07-28 15:24:11.574,12486,12487,12486,3,-3
2020-07-28 15:24:11.595,12486,12487,12486,1,-1
2020-07-28 15:24:11.807,12486,12487,12486,1,-1
2020-07-28 15:24:13.573,12486,12487,12486,1,-1
2020-07-28 15:24:15.753,12486,12487,12486,1,-1
2020-07-28 15:24:16.530,12486,12487,12486,1,-1
2020-07-28 15:24:16.690,12485,12486,12485,1,-1
2020-07-28 15:24:16.756,12485,12486,12485,2,-2
2020-07-28 15:24:18.922,12485,12486,12486,1,1
2020-07-28 15:24:19.212,12485,12486,12485,1,-1
2020-07-28 15:24:19.560,12485,12486,12486,4,4
2020-07-28 15:24:19.859,12486,12487,12487,1,1
2020-07-28 15:24:20.522,12486,12487,12487,3,3
2020-07-28 15:24:20.762,12486,12488,12486,1,-1
2020-07-28 15:24:21.064,12486,12488,12486,1,-1
2020-07-28 15:24:23.659,12486,12487,12486,1,-1
2020-07-28 15:24:28.137,12486,12487,12486,1,-1
2020-07-28 15:24:28.621,12486,12487,12486,1,-1
2020-07-28 15:24:28.621,12486,12487,12486,1,-1
2020-07-28 15:24:28.622,12486,12487,12486,2,-2
2020-07-28 15:24:29.298,12485,12486,12485,1,-1
2020-07-28 15:24:30.681,12485,12486,12485,1,-1
2020-07-28 15:24:31.166,12485,12486,12486,2,2
2020-07-28 15:24:31.886,12486,12487,12487,2,2
2020-07-28 15:24:31.921,12486,12487,12486,2,-2
2020-07-28 15:24:32.441,12486,12488,12486,1,-1
2020-07-28 15:24:33.680,12486,12488,12486,1,-1
2020-07-28 15:24:34.398,12486,12488,12488,1,1
2020-07-28 15:24:34.497,12486,12488,12486,1,-1
2020-07-28 15:24:36.384,12486,12488,12486,1,-1
2020-07-28 15:24:37.714,12487,12488,12488,1,1
2020-07-28 15:24:38.232,12487,12489,12487,1,-1
2020-07-28 15:24:38.574,12486,12488,12486,1,-1
2020-07-28 15:24:40.104,12487,12488,12487,1,1
2020-07-28 15:24:42.648,12487,12489,12487,1,-1
2020-07-28 15:24:42.956,12487,12488,12488,1,1
2020-07-28 15:24:45.138,12487,12489,12488,1,-1
2020-07-28 15:24:46.932,12487,12489,12489,2,2
2020-07-28 15:24:47.532,12488,12489,12488,1,-1
2020-07-28 15:24:49.468,12488,12489,12488,1,-1
2020-07-28 15:24:53.558,12488,12489,12489,1,1
2020-07-28 15:24:53.802,12488,12490,12488,1,-1
2020-07-28 15:25:06.159,12488,12489,12489,1,1
2020-07-28 15:25:13.204,12489,12490,12490,5,5
2020-07-28 15:25:16.244,12491,12492,12492,1,1
2020-07-28 15:25:16.645,12491,12492,12492,1,1
2020-07-28 15:25:16.688,12491,12492,12493,1,1
2020-07-28 15:25:21.291,12491,12493,12493,1,1
2020-07-28 15:25:25.698,12492,12493,12493,1,1
2020-07-28 15:25:27.846,12492,12493,12492,1,-1
2020-07-28 15:25:28.152,12490,12492,12490,1,-1
2020-07-28 15:25:32.236,12491,12492,12492,1,1
2020-07-28 15:25:33.451,12491,12492,12492,1,1
2020-07-28 15:25:33.850,12491,12492,12491,1,-1
2020-07-28 15:25:33.851,12491,12492,12491,1,-1
2020-07-28 15:25:39.122,12492,12493,12492,1,1
2020-07-28 15:25:39.122,12492,12493,12491,1,-1
2020-07-28 15:25:40.958,12491,12492,12491,1,-1
2020-07-28 15:25:45.213,12492,12493,12492,1,1
2020-07-28 15:25:45.213,12492,12493,12491,2,-2
2020-07-28 15:25:45.579,12491,12493,12491,3,-3
2020-07-28 15:25:51.879,12491,12492,12491,4,-4
2020-07-28 15:25:53.469,12490,12492,12492,1,1
2020-07-28 15:25:58.455,12491,12492,12492,5,5
2020-07-28 15:25:59.723,12492,12493,12492,2,-2
2020-07-28 15:26:01.857,12491,12492,12492,1,1
2020-07-28 15:26:01.971,12491,12492,12492,1,1
2020-07-28 15:26:02.123,12491,12492,12493,1,1
2020-07-28 15:26:03.587,12491,12492,12491,3,-3
2020-07-28 15:26:12.690,12491,12492,12492,1,1
2020-07-28 15:26:12.740,12491,12492,12492,2,2
2020-07-28 15:26:15.512,12491,12492,12492,1,1
2020-07-28 15:26:18.015,12491,12492,12492,3,3
2020-07-28 15:26:20.612,12491,12492,12492,1,1
2020-07-28 15:26:24.169,12491,12492,12492,2,2
2020-07-28 15:26:25.311,12492,12493,12492,1,-1
2020-07-28 15:26:25.771,12492,12493,12493,1,1
2020-07-28 15:26:27.733,12492,12493,12492,1,-1
2020-07-28 15:26:33.004,12492,12493,12493,4,4
2020-07-28 15:26:33.005,12492,12493,12493,1,1
2020-07-28 15:26:33.005,12492,12493,12493,6,6
2020-07-28 15:26:41.155,12493,12494,12494,1,1
2020-07-28 15:26:41.180,12493,12494,12494,2,2
2020-07-28 15:26:42.010,12493,12494,12493,1,-1
2020-07-28 15:26:44.212,12493,12494,12494,1,1
2020-07-28 15:26:45.110,12494,12495,12494,1,-1
2020-07-28 15:26:46.376,12494,12495,12495,1,1
2020-07-28 15:26:46.414,12494,12495,12495,1,1
2020-07-28 15:26:55.021,12494,12495,12495,8,8
2020-07-28 15:27:01.663,12494,12495,12494,3,-3
2020-07-28 15:27:01.663,12494,12495,12493,1,-1
2020-07-28 15:27:01.702,12494,12495,12494,1,1
2020-07-28 15:27:09.123,12493,12494,12493,4,-4
2020-07-28 15:27:15.041,12492,12493,12492,1,-1
2020-07-28 15:27:16.788,12492,12493,12493,1,1
2020-07-28 15:27:17.157,12492,12493,12492,1,-1
2020-07-28 15:27:19.703,12492,12493,12492,1,-1
2020-07-28 15:27:19.703,12492,12493,12492,1,-1
2020-07-28 15:27:23.673,12491,12492,12491,5,-5
2020-07-28 15:27:24.614,12490,12492,12492,1,1
2020-07-28 15:27:28.986,12491,12492,12491,1,-1
2020-07-28 15:27:30.209,12491,12492,12492,1,1
2020-07-28 15:27:31.160,12491,12492,12491,1,-1
2020-07-28 15:27:31.160,12491,12492,12490,9,-9
2020-07-28 15:27:33.216,12490,12492,12490,1,-1
2020-07-28 15:27:36.328,12491,12492,12491,1,1
2020-07-28 15:27:37.354,12490,12491,12490,1,-1
2020-07-28 15:27:37.450,12490,12491,12490,1,-1
2020-07-28 15:27:37.560,12490,12491,12490,1,-1
2020-07-28 15:27:37.581,12490,12491,12490,1,-1
2020-07-28 15:27:37.733,12489,12491,12489,1,-1
2020-07-28 15:27:37.980,12489,12491,12489,1,-1
2020-07-28 15:27:39.308,12489,12490,12490,1,1
2020-07-28 15:27:43.904,12490,12491,12490,1,-1
2020-07-28 15:27:45.562,12490,12491,12491,3,3
2020-07-28 15:27:46.100,12491,12492,12491,1,-1
2020-07-28 15:27:46.203,12491,12492,12491,1,-1
2020-07-28 15:27:46.693,12491,12492,12492,1,1
2020-07-28 15:27:46.836,12491,12492,12491,1,-1
2020-07-28 15:27:47.935,12491,12492,12491,5,-5
2020-07-28 15:27:48.421,12491,12492,12492,2,2
2020-07-28 15:27:48.421,12491,12492,12492,2,2
2020-07-28 15:27:48.450,12491,12492,12492,1,1
2020-07-28 15:27:48.450,12491,12492,12491,2,-2
2020-07-28 15:27:57.775,12494,12495,12495,2,2
2020-07-28 15:28:00.490,12494,12495,12494,1,-1
2020-07-28 15:28:00.952,12493,12494,12494,1,1
2020-07-28 15:28:01.047,12493,12494,12494,1,1
2020-07-28 15:28:01.154,12493,12494,12494,1,1
2020-07-28 15:28:01.455,12493,12494,12493,1,-1
2020-07-28 15:28:08.975,12493,12494,12494,1,1
2020-07-28 15:28:20.955,12492,12494,12494,1,1
2020-07-28 15:28:25.526,12492,12494,12494,1,1
2020-07-28 15:28:26.623,12493,12494,12494,1,1
2020-07-28 15:28:29.601,12493,12494,12493,1,-1
2020-07-28 15:28:33.128,12492,12493,12493,1,1
2020-07-28 15:28:33.179,12492,12493,12492,5,-5
2020-07-28 15:28:34.162,12492,12494,12492,1,-1
2020-07-28 15:28:39.516,12493,12494,12493,1,1
2020-07-28 15:28:41.131,12492,12494,12492,1,-1
2020-07-28 15:28:45.255,12493,12494,12493,1,1
2020-07-28 15:28:45.512,12492,12494,12494,1,1
2020-07-28 15:29:05.413,12492,12493,12492,4,-4
2020-07-28 15:29:05.413,12492,12493,12492,1,-1
2020-07-28 15:29:05.596,12491,12492,12492,1,1
2020-07-28 15:29:07.177,12491,12492,12491,1,-1
2020-07-28 15:29:07.177,12491,12492,12491,2,-2
2020-07-28 15:29:08.263,12490,12492,12490,1,-1
2020-07-28 15:29:10.195,12490,12492,12492,1,1
2020-07-28 15:29:10.260,12490,12492,12490,1,-1
2020-07-28 15:29:15.886,12491,12492,12491,2,2
2020-07-28 15:29:16.218,12491,12492,12492,1,1
2020-07-28 15:29:16.434,12491,12492,12491,1,-1
2020-07-28 15:29:17.550,12491,12492,12492,1,1
2020-07-28 15:29:36.312,12491,12493,12493,1,1
2020-07-28 15:29:37.645,12492,12493,12492,1,-1
2020-07-28 15:29:47.562,12491,12492,12491,3,-3
2020-07-28 15:29:47.563,12491,12492,12491,7,-7
2020-07-28 15:29:52.115,12490,12491,12491,3,3
2020-07-28 15:29:52.517,12491,12492,12492,1,1
2020-07-28 15:30:00.384,12491,12492,12491,1,-1
2020-07-28 15:30:00.384,12491,12492,12491,3,-3
2020-07-28 15:30:01.014,12490,12491,12491,1,1
2020-07-28 15:30:01.037,12490,12491,12491,1,1
2020-07-28 15:30:04.189,12490,12491,12490,1,-1
2020-07-28 15:30:07.022,12490,12491,12490,5,-5
2020-07-28 15:30:11.564,12490,12492,12490,5,-5
2020-07-28 15:30:11.564,12490,12492,12490,2,-2
2020-07-28 15:30:11.565,12490,12492,12490,1,-1
2020-07-28 15:30:12.314,12489,12491,12489,5,-5
2020-07-28 15:30:19.792,12490,12491,12490,1,1
2020-07-28 15:30:26.541,12490,12491,12490,1,-1
2020-07-28 15:30:27.398,12490,12491,12490,1,-1
2020-07-28 15:30:27.433,12490,12491,12491,1,1
2020-07-28 15:30:27.526,12490,12491,12490,1,-1
2020-07-28 15:30:32.553,12490,12491,12490,1,-1
2020-07-28 15:30:34.324,12490,12491,12491,2,2
2020-07-28 15:30:35.781,12491,12492,12491,1,-1
2020-07-28 15:30:39.458,12490,12491,12490,4,-4
2020-07-28 15:30:42.119,12489,12490,12490,1,1
2020-07-28 15:30:43.560,12490,12491,12491,1,1
2020-07-28 15:30:48.444,12490,12491,12491,6,6
2020-07-28 15:30:55.945,12490,12492,12492,5,5
2020-07-28 15:30:57.712,12491,12493,12492,1,-1
2020-07-28 15:31:03.234,12490,12491,12490,1,-1
2020-07-28 15:31:12.124,12489,12490,12489,4,-4
2020-07-28 15:31:12.124,12489,12490,12489,18,-18
2020-07-28 15:31:12.983,12488,12489,12489,1,1
2020-07-28 15:31:18.480,12488,12489,12489,1,1
2020-07-28 15:31:18.564,12488,12489,12488,2,-2
2020-07-28 15:31:19.018,12488,12489,12488,2,-2
2020-07-28 15:31:19.935,12488,12489,12489,1,1
2020-07-28 15:31:20.575,12488,12489,12488,6,-6
2020-07-28 15:31:22.119,12487,12488,12487,2,-2
2020-07-28 15:31:22.158,12487,12488,12487,4,-4
2020-07-28 15:31:22.509,12486,12487,12486,9,-9
