2021-08-16 15:00:00.038,16802,16804,16800,264,-264
2021-08-16 15:00:00.040,16800,16801,16800,40,-40
2021-08-16 15:00:00.050,16800,16801,16800,2,-2
2021-08-16 15:00:00.057,16798,16801,16801,1,1
2021-08-16 15:00:00.066,16798,16801,16798,1,-1
2021-08-16 15:00:00.230,16795,16798,16795,2,-2
2021-08-16 15:00:00.260,16795,16798,16795,1,-1
2021-08-16 15:00:00.260,16795,16798,16794,1,-1
2021-08-16 15:00:00.260,16795,16798,16793,2,-2
2021-08-16 15:00:00.348,16793,16795,16794,1,1
2021-08-16 15:00:00.388,16793,16795,16794,1,-1
2021-08-16 15:00:00.389,16793,16795,16795,1,1
2021-08-16 15:00:00.449,16793,16795,16794,1,-1
2021-08-16 15:00:00.481,16793,16797,16793,2,-2
2021-08-16 15:00:00.489,16793,16797,16793,1,-1
2021-08-16 15:00:00.489,16793,16797,16792,5,-5
2021-08-16 15:00:00.489,16793,16797,16791,5,-5
2021-08-16 15:00:00.489,16793,16797,16790,7,-7
2021-08-16 15:00:00.489,16793,16797,16789,2,-2
2021-08-16 15:00:00.621,16789,16791,16789,3,-3
2021-08-16 15:00:00.621,16789,16791,16789,1,-1
2021-08-16 15:00:00.667,16789,16791,16788,2,-2
2021-08-16 15:00:00.671,16789,16791,16788,1,-1
2021-08-16 15:00:00.671,16789,16791,16788,1,-1
2021-08-16 15:00:00.671,16789,16791,16788,1,-1
2021-08-16 15:00:00.671,16789,16791,16788,1,-1
2021-08-16 15:00:00.777,16788,16791,16788,1,-1
2021-08-16 15:00:00.788,16788,16791,16788,3,-3
2021-08-16 15:00:00.830,16788,16791,16788,1,-1
2021-08-16 15:00:00.862,16786,16787,16786,1,-1
2021-08-16 15:00:00.871,16786,16787,16785,1,-1
2021-08-16 15:00:00.887,16786,16787,16785,1,-1
2021-08-16 15:00:00.888,16786,16787,16785,1,-1
2021-08-16 15:00:00.896,16786,16787,16785,1,-1
2021-08-16 15:00:00.898,16786,16787,16785,1,-1
2021-08-16 15:00:00.902,16786,16787,16785,1,-1
2021-08-16 15:00:00.942,16786,16787,16785,1,-1
2021-08-16 15:00:01.002,16785,16786,16786,2,2
2021-08-16 15:00:01.077,16785,16786,16786,1,1
2021-08-16 15:00:01.082,16785,16786,16786,3,3
2021-08-16 15:00:01.082,16785,16786,16787,1,1
2021-08-16 15:00:01.148,16785,16786,16787,2,2
2021-08-16 15:00:01.166,16785,16786,16787,1,1
2021-08-16 15:00:01.208,16786,16788,16788,1,1
2021-08-16 15:00:01.208,16786,16788,16789,2,2
2021-08-16 15:00:01.219,16786,16788,16786,6,-6
2021-08-16 15:00:01.266,16786,16788,16789,1,1
2021-08-16 15:00:01.284,16786,16788,16789,1,1
2021-08-16 15:00:01.284,16786,16788,16790,2,2
2021-08-16 15:00:01.331,16786,16788,16790,1,1
2021-08-16 15:00:01.331,16786,16788,16791,2,2
2021-08-16 15:00:01.376,16789,16792,16789,1,-1
2021-08-16 15:00:01.387,16789,16792,16789,4,-4
2021-08-16 15:00:01.392,16789,16792,16789,1,-1
2021-08-16 15:00:01.517,16787,16788,16787,1,-1
2021-08-16 15:00:01.551,16787,16788,16788,4,4
2021-08-16 15:00:01.551,16787,16788,16788,1,1
2021-08-16 15:00:01.583,16788,16789,16788,1,-1
2021-08-16 15:00:01.909,16787,16789,16789,1,1
2021-08-16 15:00:02.356,16788,16789,16788,1,-1
2021-08-16 15:00:02.570,16787,16789,16789,3,3
2021-08-16 15:00:02.637,16789,16791,16789,3,-3
2021-08-16 15:00:02.680,16789,16791,16789,1,-1
2021-08-16 15:00:02.790,16789,16791,16791,3,3
2021-08-16 15:00:02.925,16790,16791,16789,2,-2
2021-08-16 15:00:03.344,16789,16790,16790,1,1
2021-08-16 15:00:03.503,16789,16790,16789,1,-1
2021-08-16 15:00:03.594,16789,16790,16790,1,1
2021-08-16 15:00:03.650,16789,16790,16789,1,-1
2021-08-16 15:00:03.941,16789,16790,16789,2,-2
2021-08-16 15:00:04.000,16789,16790,16789,2,-2
2021-08-16 15:00:04.009,16789,16790,16789,1,-1
2021-08-16 15:00:04.301,16787,16789,16788,1,-1
2021-08-16 15:00:04.519,16787,16788,16787,1,-1
2021-08-16 15:00:04.524,16787,16788,16788,1,1
2021-08-16 15:00:04.870,16786,16788,16788,1,1
2021-08-16 15:00:05.079,16786,16789,16786,1,-1
2021-08-16 15:00:05.634,16786,16787,16786,2,-2
2021-08-16 15:00:05.673,16786,16787,16786,2,-2
2021-08-16 15:00:05.674,16786,16787,16787,2,2
2021-08-16 15:00:05.701,16786,16787,16786,1,-1
2021-08-16 15:00:06.262,16786,16787,16787,3,3
2021-08-16 15:00:06.348,16786,16787,16786,1,-1
2021-08-16 15:00:06.411,16786,16787,16786,3,-3
2021-08-16 15:00:06.412,16786,16787,16786,1,-1
2021-08-16 15:00:06.412,16786,16787,16786,1,-1
2021-08-16 15:00:06.610,16785,16786,16785,2,-2
2021-08-16 15:00:06.822,16784,16786,16786,1,1
2021-08-16 15:00:07.160,16784,16787,16784,1,-1
2021-08-16 15:00:07.264,16786,16787,16787,1,1
2021-08-16 15:00:07.414,16786,16787,16786,1,-1
2021-08-16 15:00:08.979,16786,16787,16787,1,1
2021-08-16 15:00:09.095,16786,16787,16787,4,4
2021-08-16 15:00:09.394,16786,16788,16788,1,1
2021-08-16 15:00:10.322,16787,16788,16788,4,4
2021-08-16 15:00:10.444,16788,16789,16789,4,4
2021-08-16 15:00:10.529,16788,16789,16788,1,-1
2021-08-16 15:00:11.340,16789,16790,16790,1,1
2021-08-16 15:00:11.340,16789,16790,16790,2,2
2021-08-16 15:00:12.727,16790,16791,16790,1,-1
2021-08-16 15:00:13.152,16790,16791,16790,1,-1
2021-08-16 15:00:14.062,16789,16791,16789,5,-5
2021-08-16 15:00:14.159,16788,16789,16789,1,1
2021-08-16 15:00:14.583,16788,16789,16789,4,4
2021-08-16 15:00:14.583,16788,16789,16788,5,-5
2021-08-16 15:00:14.771,16787,16789,16788,1,-1
2021-08-16 15:00:14.808,16787,16789,16787,1,-1
2021-08-16 15:00:15.159,16786,16788,16788,2,2
2021-08-16 15:00:15.457,16786,16789,16786,1,-1
2021-08-16 15:00:15.900,16786,16789,16789,1,1
2021-08-16 15:00:16.284,16787,16789,16788,1,-1
2021-08-16 15:00:16.539,16786,16789,16789,1,1
2021-08-16 15:00:16.543,16786,16789,16787,1,-1
2021-08-16 15:00:16.802,16786,16788,16787,1,-1
2021-08-16 15:00:16.931,16787,16789,16787,1,-1
2021-08-16 15:00:17.065,16787,16789,16787,1,-1
2021-08-16 15:00:17.080,16787,16789,16787,3,-3
2021-08-16 15:00:17.226,16786,16787,16787,3,3
2021-08-16 15:00:17.465,16786,16788,16787,1,-1
2021-08-16 15:00:18.012,16786,16788,16787,1,-1
2021-08-16 15:00:18.061,16786,16788,16787,1,-1
2021-08-16 15:00:18.094,16787,16788,16788,1,1
2021-08-16 15:00:18.125,16787,16788,16789,1,1
2021-08-16 15:00:18.125,16787,16788,16790,1,1
2021-08-16 15:00:18.537,16788,16790,16788,1,-1
2021-08-16 15:00:18.891,16787,16789,16787,1,-1
2021-08-16 15:00:18.951,16787,16789,16788,1,1
2021-08-16 15:00:18.951,16787,16789,16789,5,5
2021-08-16 15:00:18.951,16787,16789,16790,10,10
2021-08-16 15:00:18.952,16787,16789,16790,1,1
2021-08-16 15:00:18.952,16787,16789,16790,1,1
2021-08-16 15:00:19.147,16790,16791,16790,20,-20
2021-08-16 15:00:19.248,16790,16791,16790,12,-12
2021-08-16 15:00:19.962,16787,16789,16789,1,1
2021-08-16 15:00:20.510,16788,16789,16788,1,-1
2021-08-16 15:00:21.034,16788,16789,16788,1,-1
2021-08-16 15:00:21.582,16787,16788,16787,1,-1
2021-08-16 15:00:21.784,16786,16788,16788,1,1
2021-08-16 15:00:21.971,16786,16788,16788,2,2
2021-08-16 15:00:22.082,16787,16788,16787,2,-2
2021-08-16 15:00:22.115,16787,16788,16786,1,-1
2021-08-16 15:00:22.771,16786,16788,16788,2,2
2021-08-16 15:00:22.998,16786,16788,16788,1,1
2021-08-16 15:00:23.006,16786,16788,16788,1,1
2021-08-16 15:00:24.457,16787,16788,16787,2,-2
2021-08-16 15:00:24.655,16786,16788,16787,1,-1
2021-08-16 15:00:25.170,16786,16788,16788,2,2
2021-08-16 15:00:25.512,16786,16788,16788,1,1
2021-08-16 15:00:25.707,16787,16788,16787,1,-1
2021-08-16 15:00:25.957,16786,16788,16786,2,-2
2021-08-16 15:00:26.087,16786,16788,16788,1,1
2021-08-16 15:00:27.163,16786,16787,16787,2,2
2021-08-16 15:00:27.299,16787,16788,16787,1,-1
2021-08-16 15:00:27.837,16787,16789,16787,7,-7
2021-08-16 15:00:28.097,16786,16787,16786,1,-1
2021-08-16 15:00:28.642,16786,16787,16787,1,1
2021-08-16 15:00:28.775,16786,16787,16786,6,-6
2021-08-16 15:00:28.917,16785,16786,16785,36,-36
2021-08-16 15:00:29.193,16784,16785,16784,1,-1
2021-08-16 15:00:30.314,16783,16784,16783,1,-1
2021-08-16 15:00:30.359,16783,16784,16783,1,-1
2021-08-16 15:00:30.583,16782,16784,16784,1,1
2021-08-16 15:00:31.690,16782,16784,16784,1,1
2021-08-16 15:00:31.973,16783,16785,16785,2,2
2021-08-16 15:00:33.535,16785,16786,16785,40,-40
2021-08-16 15:00:33.536,16785,16786,16785,1,-1
2021-08-16 15:00:33.536,16785,16786,16785,5,-5
2021-08-16 15:00:33.536,16785,16786,16785,2,-2
2021-08-16 15:00:33.829,16784,16785,16784,1,-1
2021-08-16 15:00:35.508,16783,16784,16784,1,1
2021-08-16 15:00:35.778,16784,16785,16785,3,3
2021-08-16 15:00:35.778,16784,16785,16786,3,3
2021-08-16 15:00:35.778,16784,16785,16787,14,14
2021-08-16 15:00:36.485,16785,16787,16785,1,-1
2021-08-16 15:00:37.076,16785,16787,16786,1,1
2021-08-16 15:00:37.144,16785,16787,16787,3,3
2021-08-16 15:00:38.492,16786,16787,16786,1,-1
2021-08-16 15:00:40.801,16785,16786,16786,2,2
2021-08-16 15:00:41.355,16786,16787,16786,1,-1
2021-08-16 15:00:41.355,16786,16787,16785,1,-1
2021-08-16 15:00:42.138,16786,16787,16786,2,2
2021-08-16 15:00:42.662,16785,16787,16787,1,1
2021-08-16 15:00:43.621,16785,16786,16786,1,1
2021-08-16 15:00:44.000,16786,16787,16786,1,-1
2021-08-16 15:00:44.676,16785,16787,16786,1,-1
2021-08-16 15:00:44.676,16785,16787,16786,1,-1
2021-08-16 15:00:46.118,16786,16787,16787,4,4
2021-08-16 15:00:47.658,16787,16788,16787,1,-1
2021-08-16 15:00:47.658,16787,16788,16786,1,-1
2021-08-16 15:00:48.999,16787,16788,16787,1,1
2021-08-16 15:00:49.306,16787,16788,16787,1,-1
2021-08-16 15:00:49.306,16787,16788,16786,1,-1
2021-08-16 15:00:49.714,16786,16788,16788,1,1
2021-08-16 15:00:49.934,16786,16788,16788,4,4
2021-08-16 15:00:49.934,16786,16788,16789,12,12
2021-08-16 15:00:49.934,16786,16788,16790,8,8
2021-08-16 15:00:49.935,16786,16788,16790,6,6
2021-08-16 15:00:49.935,16786,16788,16790,1,1
2021-08-16 15:00:49.945,16786,16788,16790,2,2
2021-08-16 15:00:50.179,16790,16791,16790,17,-17
2021-08-16 15:00:51.329,16787,16788,16787,1,-1
2021-08-16 15:00:51.330,16787,16788,16787,3,-3
2021-08-16 15:00:51.363,16787,16788,16788,1,1
2021-08-16 15:00:53.341,16788,16790,16788,2,-2
2021-08-16 15:00:54.441,16788,16790,16788,1,-1
2021-08-16 15:00:55.989,16788,16790,16789,1,1
2021-08-16 15:00:56.965,16789,16790,16789,1,-1
2021-08-16 15:00:56.965,16789,16790,16790,2,2
2021-08-16 15:00:58.835,16789,16790,16790,1,1
2021-08-16 15:00:58.835,16789,16790,16790,1,1
2021-08-16 15:00:58.945,16789,16790,16790,1,1
2021-08-16 15:00:59.942,16790,16791,16791,12,12
2021-08-16 15:00:59.942,16790,16791,16792,5,5
2021-08-16 15:00:59.942,16790,16791,16793,6,6
2021-08-16 15:01:00.047,16791,16793,16792,1,-1
2021-08-16 15:01:00.065,16791,16793,16790,1,-1
2021-08-16 15:01:01.278,16790,16791,16790,1,-1
2021-08-16 15:01:01.370,16790,16791,16791,2,2
2021-08-16 15:01:02.077,16791,16793,16790,1,-1
2021-08-16 15:01:02.319,16790,16792,16790,1,-1
2021-08-16 15:01:02.321,16790,16792,16792,1,1
2021-08-16 15:01:03.509,16790,16792,16790,1,-1
2021-08-16 15:01:03.510,16790,16792,16790,1,-1
2021-08-16 15:01:03.510,16790,16792,16790,1,-1
2021-08-16 15:01:03.510,16790,16792,16790,1,-1
2021-08-16 15:01:03.511,16790,16792,16790,1,-1
2021-08-16 15:01:03.511,16790,16792,16790,1,-1
2021-08-16 15:01:04.590,16789,16790,16789,1,-1
2021-08-16 15:01:05.152,16789,16790,16789,2,-2
2021-08-16 15:01:05.759,16788,16790,16790,1,1
2021-08-16 15:01:06.242,16788,16790,16790,1,1
2021-08-16 15:01:07.479,16788,16789,16788,6,-6
2021-08-16 15:01:07.488,16788,16789,16787,1,-1
2021-08-16 15:01:07.488,16788,16789,16787,1,-1
2021-08-16 15:01:07.488,16788,16789,16787,1,-1
2021-08-16 15:01:07.584,16786,16787,16787,1,1
2021-08-16 15:01:07.585,16786,16787,16787,1,1
2021-08-16 15:01:07.623,16786,16787,16787,1,1
2021-08-16 15:01:08.669,16786,16787,16787,1,1
2021-08-16 15:01:11.630,16786,16787,16787,1,1
2021-08-16 15:01:11.630,16786,16787,16787,1,1
2021-08-16 15:01:11.630,16786,16787,16787,2,2
2021-08-16 15:01:12.499,16786,16788,16786,1,-1
2021-08-16 15:01:13.884,16786,16787,16786,10,-10
2021-08-16 15:01:14.466,16786,16787,16787,2,2
2021-08-16 15:01:15.595,16787,16788,16787,2,-2
2021-08-16 15:01:15.595,16787,16788,16786,5,-5
2021-08-16 15:01:15.595,16787,16788,16785,3,-3
2021-08-16 15:01:16.006,16786,16788,16788,1,1
2021-08-16 15:01:16.017,16786,16788,16786,1,-1
2021-08-16 15:01:16.482,16786,16787,16786,1,-1
2021-08-16 15:01:17.352,16785,16787,16787,1,1
2021-08-16 15:01:19.313,16786,16787,16786,1,-1
2021-08-16 15:01:19.313,16786,16787,16786,3,-3
2021-08-16 15:01:19.313,16786,16787,16786,6,-6
2021-08-16 15:01:19.454,16785,16787,16787,1,1
2021-08-16 15:01:21.442,16786,16787,16786,1,-1
2021-08-16 15:01:21.798,16785,16787,16785,1,-1
2021-08-16 15:01:21.904,16785,16787,16785,1,-1
2021-08-16 15:01:22.046,16785,16787,16785,1,-1
2021-08-16 15:01:22.144,16785,16787,16785,1,-1
2021-08-16 15:01:22.213,16785,16787,16787,1,1
2021-08-16 15:01:22.264,16785,16787,16785,1,-1
2021-08-16 15:01:22.378,16785,16787,16785,1,-1
2021-08-16 15:01:22.531,16785,16787,16785,1,-1
2021-08-16 15:01:22.599,16785,16787,16785,1,-1
2021-08-16 15:01:22.766,16785,16787,16785,1,-1
2021-08-16 15:01:23.317,16785,16786,16785,1,-1
2021-08-16 15:01:26.291,16785,16786,16785,5,-5
2021-08-16 15:01:26.458,16785,16786,16785,7,-7
2021-08-16 15:01:27.433,16785,16786,16785,1,-1
2021-08-16 15:01:27.459,16785,16786,16786,1,1
2021-08-16 15:01:27.613,16785,16787,16785,2,-2
2021-08-16 15:01:29.012,16785,16787,16785,2,-2
2021-08-16 15:01:29.050,16785,16787,16786,4,4
2021-08-16 15:01:29.662,16785,16787,16785,2,-2
2021-08-16 15:01:30.383,16785,16786,16785,1,-1
2021-08-16 15:01:33.768,16785,16786,16786,1,1
2021-08-16 15:01:33.885,16785,16786,16786,6,6
2021-08-16 15:01:33.885,16785,16786,16787,11,11
2021-08-16 15:01:33.885,16785,16786,16788,3,3
2021-08-16 15:01:34.863,16786,16788,16786,1,-1
2021-08-16 15:01:35.141,16785,16787,16787,1,1
2021-08-16 15:01:36.107,16785,16786,16786,1,1
2021-08-16 15:01:37.627,16786,16788,16786,1,-1
2021-08-16 15:01:37.768,16786,16788,16786,1,-1
2021-08-16 15:01:38.610,16786,16788,16786,2,-2
2021-08-16 15:01:38.610,16786,16788,16785,18,-18
2021-08-16 15:01:38.987,16785,16787,16787,4,4
2021-08-16 15:01:38.987,16785,16787,16788,10,10
2021-08-16 15:01:38.988,16785,16787,16788,1,1
2021-08-16 15:01:38.988,16785,16787,16788,1,1
2021-08-16 15:01:38.988,16785,16787,16788,1,1
2021-08-16 15:01:39.091,16788,16789,16788,1,-1
2021-08-16 15:01:40.063,16788,16789,16788,1,-1
2021-08-16 15:01:40.081,16788,16789,16789,1,1
2021-08-16 15:01:40.652,16788,16789,16789,3,3
2021-08-16 15:01:40.652,16788,16789,16790,12,12
2021-08-16 15:01:40.653,16788,16789,16790,1,1
2021-08-16 15:01:41.134,16790,16791,16790,2,-2
2021-08-16 15:01:41.533,16790,16791,16791,1,1
2021-08-16 15:01:42.271,16790,16791,16791,1,1
2021-08-16 15:01:42.977,16790,16791,16791,4,4
2021-08-16 15:01:42.977,16790,16791,16791,2,2
2021-08-16 15:01:45.137,16791,16792,16791,1,-1
2021-08-16 15:01:45.228,16791,16792,16791,1,-1
2021-08-16 15:01:45.403,16791,16792,16791,1,-1
2021-08-16 15:01:45.795,16791,16792,16792,2,2
2021-08-16 15:01:46.161,16792,16793,16792,1,-1
2021-08-16 15:01:46.502,16791,16793,16791,1,-1
2021-08-16 15:01:46.508,16791,16793,16791,2,-2
2021-08-16 15:01:46.862,16791,16793,16792,1,1
2021-08-16 15:01:46.874,16791,16793,16791,1,-1
2021-08-16 15:01:46.874,16791,16793,16792,1,1
2021-08-16 15:01:47.556,16791,16793,16791,1,-1
2021-08-16 15:01:47.584,16791,16792,16792,1,1
2021-08-16 15:01:47.691,16791,16792,16791,1,-1
2021-08-16 15:01:48.757,16791,16793,16793,2,2
2021-08-16 15:01:48.758,16791,16793,16793,4,4
2021-08-16 15:01:48.886,16793,16794,16794,8,8
2021-08-16 15:01:49.581,16793,16795,16793,1,-1
2021-08-16 15:01:50.184,16793,16795,16793,6,-6
2021-08-16 15:01:50.184,16793,16795,16792,4,-4
2021-08-16 15:01:50.184,16793,16795,16791,10,-10
2021-08-16 15:01:50.226,16792,16794,16794,1,1
2021-08-16 15:01:50.584,16793,16795,16793,1,-1
2021-08-16 15:01:50.793,16793,16795,16795,6,6
2021-08-16 15:01:52.350,16795,16796,16795,3,-3
2021-08-16 15:01:52.406,16795,16796,16795,2,-2
2021-08-16 15:01:52.726,16795,16796,16796,1,1
2021-08-16 15:01:52.818,16795,16796,16796,3,3
2021-08-16 15:01:53.427,16796,16797,16796,1,-1
2021-08-16 15:01:53.434,16796,16797,16795,1,-1
2021-08-16 15:01:54.464,16796,16797,16797,1,1
2021-08-16 15:01:54.662,16796,16797,16797,1,1
2021-08-16 15:01:55.292,16796,16797,16797,2,2
2021-08-16 15:01:55.703,16796,16798,16796,1,-1
2021-08-16 15:01:55.735,16796,16798,16796,1,-1
2021-08-16 15:01:56.136,16796,16798,16797,1,1
2021-08-16 15:01:56.259,16797,16798,16798,5,5
2021-08-16 15:01:56.537,16797,16798,16797,1,-1
2021-08-16 15:01:56.537,16797,16798,16798,1,1
2021-08-16 15:01:56.554,16797,16798,16798,1,1
2021-08-16 15:01:56.604,16796,16799,16799,1,1
2021-08-16 15:01:57.616,16797,16799,16799,13,13
2021-08-16 15:01:57.616,16797,16799,16800,17,17
2021-08-16 15:01:57.717,16800,16801,16800,1,-1
2021-08-16 15:01:57.722,16800,16801,16800,2,-2
2021-08-16 15:01:57.741,16800,16801,16800,1,-1
2021-08-16 15:01:58.335,16800,16801,16800,1,-1
2021-08-16 15:01:58.469,16800,16801,16800,7,-7
2021-08-16 15:01:58.469,16800,16801,16800,1,-1
2021-08-16 15:01:58.469,16800,16801,16800,2,-2
2021-08-16 15:01:58.469,16800,16801,16800,1,-1
2021-08-16 15:01:58.469,16800,16801,16800,4,-4
2021-08-16 15:01:59.269,16798,16800,16800,1,1
2021-08-16 15:01:59.650,16798,16800,16800,1,1
2021-08-16 15:02:00.028,16799,16800,16799,1,-1
2021-08-16 15:02:00.384,16799,16800,16800,2,2
2021-08-16 15:02:00.384,16799,16800,16800,2,2
2021-08-16 15:02:00.440,16799,16800,16799,1,-1
2021-08-16 15:02:00.660,16799,16801,16799,1,-1
2021-08-16 15:02:01.287,16798,16800,16798,1,-1
2021-08-16 15:02:01.357,16798,16800,16800,2,2
2021-08-16 15:02:02.020,16799,16800,16800,2,2
2021-08-16 15:02:02.371,16799,16800,16799,1,-1
2021-08-16 15:02:03.004,16799,16800,16799,1,-1
2021-08-16 15:02:06.284,16798,16799,16799,1,1
2021-08-16 15:02:06.911,16798,16799,16799,1,1
2021-08-16 15:02:06.911,16798,16799,16799,2,2
2021-08-16 15:02:07.273,16799,16800,16799,1,-1
2021-08-16 15:02:07.472,16798,16800,16800,16,16
2021-08-16 15:02:07.648,16800,16801,16800,1,-1
2021-08-16 15:02:07.861,16800,16801,16800,1,-1
2021-08-16 15:02:07.940,16800,16801,16801,1,1
2021-08-16 15:02:07.967,16800,16801,16800,1,-1
2021-08-16 15:02:08.210,16800,16801,16800,2,-2
2021-08-16 15:02:08.235,16800,16801,16800,1,-1
2021-08-16 15:02:08.544,16799,16800,16800,1,1
2021-08-16 15:02:08.673,16800,16801,16800,1,-1
2021-08-16 15:02:08.805,16799,16801,16799,1,-1
2021-08-16 15:02:08.805,16799,16801,16798,1,-1
2021-08-16 15:02:10.499,16798,16800,16800,4,4
2021-08-16 15:02:18.726,16798,16800,16800,1,1
2021-08-16 15:02:20.692,16798,16800,16799,1,-1
2021-08-16 15:02:23.013,16799,16800,16799,8,-8
2021-08-16 15:02:25.805,16798,16799,16798,1,-1
2021-08-16 15:02:25.805,16798,16799,16798,6,-6
2021-08-16 15:02:26.441,16797,16799,16797,3,-3
2021-08-16 15:02:31.582,16796,16797,16797,12,12
2021-08-16 15:02:32.206,16796,16797,16797,1,1
2021-08-16 15:02:32.318,16796,16797,16797,1,1
2021-08-16 15:02:35.109,16796,16797,16796,1,-1
2021-08-16 15:02:35.208,16796,16797,16797,4,4
2021-08-16 15:02:37.707,16796,16797,16796,3,-3
2021-08-16 15:02:39.613,16796,16797,16797,1,1
2021-08-16 15:02:39.613,16796,16797,16797,1,1
2021-08-16 15:02:39.613,16796,16797,16797,1,1
2021-08-16 15:02:39.613,16796,16797,16797,1,1
2021-08-16 15:02:39.967,16797,16798,16798,8,8
2021-08-16 15:02:39.991,16797,16798,16799,1,1
2021-08-16 15:02:40.050,16797,16798,16799,1,1
2021-08-16 15:02:41.387,16797,16799,16799,2,2
2021-08-16 15:02:41.570,16798,16800,16800,2,2
2021-08-16 15:02:43.917,16798,16800,16800,2,2
2021-08-16 15:02:43.917,16798,16800,16800,3,3
2021-08-16 15:02:45.750,16799,16800,16799,1,-1
2021-08-16 15:02:46.425,16799,16800,16800,17,17
2021-08-16 15:02:47.564,16800,16801,16800,8,-8
2021-08-16 15:02:47.565,16800,16801,16800,6,-6
2021-08-16 15:02:47.565,16800,16801,16800,6,-6
2021-08-16 15:02:47.565,16800,16801,16800,1,-1
2021-08-16 15:02:47.565,16800,16801,16800,1,-1
2021-08-16 15:02:47.565,16800,16801,16800,1,-1
2021-08-16 15:02:47.565,16800,16801,16800,10,-10
2021-08-16 15:02:47.695,16798,16800,16800,1,1
2021-08-16 15:02:48.363,16798,16800,16800,1,1
2021-08-16 15:02:48.974,16799,16800,16800,1,1
2021-08-16 15:02:48.974,16799,16800,16801,4,4
2021-08-16 15:02:49.099,16799,16801,16801,1,1
2021-08-16 15:02:49.359,16799,16801,16801,1,1
2021-08-16 15:02:50.017,16800,16801,16800,1,-1
2021-08-16 15:02:50.660,16800,16801,16800,1,-1
2021-08-16 15:02:51.938,16799,16800,16800,2,2
2021-08-16 15:02:52.010,16800,16801,16800,1,-1
2021-08-16 15:02:52.573,16799,16800,16800,1,1
2021-08-16 15:02:53.390,16800,16801,16800,1,-1
2021-08-16 15:02:53.742,16800,16801,16800,2,-2
2021-08-16 15:02:58.552,16800,16801,16801,2,2
2021-08-16 15:02:59.226,16800,16801,16800,6,-6
2021-08-16 15:02:59.307,16800,16801,16800,1,-1
2021-08-16 15:02:59.430,16799,16800,16799,1,-1
2021-08-16 15:02:59.521,16799,16800,16799,5,-5
2021-08-16 15:02:59.579,16799,16800,16799,5,-5
2021-08-16 15:02:59.579,16799,16800,16799,1,-1
2021-08-16 15:02:59.579,16799,16800,16799,7,-7
2021-08-16 15:02:59.579,16799,16800,16799,1,-1
2021-08-16 15:02:59.579,16799,16800,16799,5,-5
2021-08-16 15:02:59.580,16799,16800,16799,2,-2
2021-08-16 15:02:59.580,16799,16800,16799,1,-1
2021-08-16 15:02:59.580,16799,16800,16799,5,-5
2021-08-16 15:02:59.580,16799,16800,16799,5,-5
2021-08-16 15:02:59.580,16799,16800,16799,1,-1
2021-08-16 15:02:59.580,16799,16800,16799,2,-2
2021-08-16 15:03:00.038,16799,16801,16801,1,1
2021-08-16 15:03:00.924,16800,16801,16800,1,-1
2021-08-16 15:03:00.924,16800,16801,16800,1,-1
2021-08-16 15:03:01.077,16798,16800,16800,1,1
2021-08-16 15:03:01.094,16798,16800,16800,1,1
2021-08-16 15:03:01.119,16798,16800,16801,1,1
2021-08-16 15:03:04.007,16797,16799,16799,1,1
2021-08-16 15:03:05.833,16797,16799,16798,1,-1
2021-08-16 15:03:06.605,16797,16798,16798,1,1
2021-08-16 15:03:07.038,16797,16799,16799,1,1
2021-08-16 15:03:09.640,16797,16799,16799,1,1
2021-08-16 15:03:11.379,16797,16799,16799,4,4
2021-08-16 15:03:11.469,16799,16800,16799,1,-1
2021-08-16 15:03:11.593,16799,16800,16799,1,-1
2021-08-16 15:03:12.084,16799,16800,16799,7,-7
2021-08-16 15:03:12.084,16799,16800,16799,1,-1
2021-08-16 15:03:12.084,16799,16800,16799,14,-14
2021-08-16 15:03:13.224,16798,16800,16798,1,-1
2021-08-16 15:03:13.980,16798,16800,16798,1,-1
2021-08-16 15:03:14.540,16797,16799,16799,1,1
2021-08-16 15:03:14.540,16797,16799,16800,1,1
2021-08-16 15:03:14.691,16798,16800,16798,1,-1
2021-08-16 15:03:18.182,16797,16798,16798,2,2
2021-08-16 15:03:18.182,16797,16798,16799,4,4
2021-08-16 15:03:18.182,16797,16798,16800,13,13
2021-08-16 15:03:18.183,16797,16798,16800,3,3
2021-08-16 15:03:18.184,16797,16798,16800,9,9
2021-08-16 15:03:18.184,16797,16798,16800,1,1
2021-08-16 15:03:18.184,16797,16798,16800,5,5
2021-08-16 15:03:18.184,16797,16798,16800,1,1
2021-08-16 15:03:18.205,16797,16798,16800,1,1
2021-08-16 15:03:18.486,16800,16801,16800,1,-1
2021-08-16 15:03:18.816,16800,16801,16800,5,-5
2021-08-16 15:03:18.816,16800,16801,16800,1,-1
2021-08-16 15:03:18.817,16800,16801,16800,4,-4
2021-08-16 15:03:20.294,16798,16799,16799,1,1
2021-08-16 15:03:20.334,16799,16801,16801,1,1
2021-08-16 15:03:20.360,16799,16801,16801,1,1
2021-08-16 15:03:22.745,16799,16800,16800,1,1
2021-08-16 15:03:23.133,16799,16801,16801,10,10
2021-08-16 15:03:24.102,16801,16802,16801,1,-1
2021-08-16 15:03:24.160,16801,16802,16801,1,-1
2021-08-16 15:03:25.667,16800,16801,16800,2,-2
2021-08-16 15:03:26.810,16800,16801,16801,3,3
2021-08-16 15:03:26.810,16800,16801,16801,1,1
2021-08-16 15:03:26.810,16800,16801,16801,2,2
2021-08-16 15:03:27.063,16800,16802,16800,1,-1
2021-08-16 15:03:28.605,16800,16801,16801,1,1
2021-08-16 15:03:29.841,16800,16801,16801,2,2
2021-08-16 15:03:30.822,16800,16801,16801,2,2
2021-08-16 15:03:31.220,16800,16801,16801,2,2
2021-08-16 15:03:31.717,16801,16802,16801,1,-1
2021-08-16 15:03:32.865,16801,16802,16802,1,1
2021-08-16 15:03:32.990,16801,16802,16802,5,5
2021-08-16 15:03:32.990,16801,16802,16802,2,2
2021-08-16 15:03:33.426,16801,16802,16801,6,-6
2021-08-16 15:03:33.723,16801,16802,16801,1,-1
2021-08-16 15:03:33.939,16801,16802,16801,5,-5
2021-08-16 15:03:34.246,16800,16802,16802,11,11
2021-08-16 15:03:34.716,16802,16803,16802,2,-2
2021-08-16 15:03:35.980,16802,16803,16803,2,2
2021-08-16 15:03:36.109,16802,16803,16803,1,1
2021-08-16 15:03:39.837,16802,16803,16803,1,1
2021-08-16 15:03:40.470,16802,16803,16802,1,-1
2021-08-16 15:03:41.501,16802,16803,16802,6,-6
2021-08-16 15:03:41.502,16802,16803,16802,3,-3
2021-08-16 15:03:43.234,16800,16802,16800,2,-2
2021-08-16 15:03:44.639,16800,16802,16800,1,-1
2021-08-16 15:03:45.159,16800,16802,16800,1,-1
2021-08-16 15:03:47.147,16801,16802,16802,1,1
2021-08-16 15:03:50.251,16801,16802,16801,1,-1
2021-08-16 15:03:50.271,16801,16802,16801,3,-3
2021-08-16 15:03:55.175,16801,16802,16802,1,1
2021-08-16 15:03:55.327,16801,16802,16801,3,-3
2021-08-16 15:03:56.092,16801,16802,16801,1,-1
2021-08-16 15:03:56.092,16801,16802,16800,4,-4
2021-08-16 15:03:59.858,16800,16801,16800,1,-1
2021-08-16 15:03:59.905,16800,16801,16800,1,-1
2021-08-16 15:04:00.050,16800,16801,16800,2,-2
2021-08-16 15:04:00.131,16799,16801,16799,1,-1
2021-08-16 15:04:00.231,16799,16800,16800,1,1
2021-08-16 15:04:00.231,16799,16800,16799,17,-17
2021-08-16 15:04:00.232,16799,16800,16799,1,-1
2021-08-16 15:04:00.232,16799,16800,16799,2,-2
2021-08-16 15:04:00.232,16799,16800,16799,1,-1
2021-08-16 15:04:00.232,16799,16800,16799,1,-1
2021-08-16 15:04:00.232,16799,16800,16799,1,-1
2021-08-16 15:04:00.990,16799,16801,16801,1,1
2021-08-16 15:04:02.085,16799,16800,16799,9,-9
2021-08-16 15:04:02.444,16798,16799,16799,1,1
2021-08-16 15:04:02.454,16798,16799,16799,1,1
2021-08-16 15:04:02.494,16798,16799,16799,1,1
2021-08-16 15:04:02.500,16798,16799,16799,1,1
2021-08-16 15:04:03.862,16798,16799,16798,1,-1
2021-08-16 15:04:05.023,16798,16799,16798,1,-1
2021-08-16 15:04:06.060,16798,16799,16798,1,-1
2021-08-16 15:04:08.150,16798,16799,16798,1,-1
2021-08-16 15:04:08.209,16797,16798,16797,1,-1
2021-08-16 15:04:09.903,16797,16798,16798,4,4
2021-08-16 15:04:09.903,16797,16798,16799,9,9
2021-08-16 15:04:09.903,16797,16798,16800,7,7
2021-08-16 15:04:09.904,16797,16798,16800,5,5
2021-08-16 15:04:09.905,16797,16798,16800,5,5
2021-08-16 15:04:09.905,16797,16798,16800,1,1
2021-08-16 15:04:09.905,16797,16798,16800,19,19
2021-08-16 15:04:10.131,16798,16800,16798,2,-2
2021-08-16 15:04:10.540,16799,16800,16799,1,1
2021-08-16 15:04:10.839,16797,16800,16797,1,-1
2021-08-16 15:04:11.601,16797,16800,16797,1,-1
2021-08-16 15:04:15.400,16797,16799,16797,2,-2
2021-08-16 15:04:17.443,16797,16798,16797,2,-2
2021-08-16 15:04:17.444,16797,16798,16797,1,-1
2021-08-16 15:04:18.139,16796,16797,16797,2,2
2021-08-16 15:04:18.139,16796,16797,16798,6,6
2021-08-16 15:04:18.140,16796,16797,16798,4,4
2021-08-16 15:04:22.453,16796,16797,16796,3,-3
2021-08-16 15:04:22.658,16795,16796,16795,2,-2
2021-08-16 15:04:22.658,16795,16796,16795,10,-10
2021-08-16 15:04:22.658,16795,16796,16795,8,-8
2021-08-16 15:04:22.700,16795,16796,16795,1,-1
2021-08-16 15:04:22.700,16795,16796,16795,1,-1
2021-08-16 15:04:28.983,16795,16796,16796,2,2
2021-08-16 15:04:29.397,16796,16797,16796,2,-2
2021-08-16 15:04:31.277,16797,16798,16798,1,1
2021-08-16 15:04:31.448,16797,16798,16798,1,1
2021-08-16 15:04:31.597,16797,16798,16798,1,1
2021-08-16 15:04:31.700,16797,16798,16798,1,1
2021-08-16 15:04:31.821,16797,16798,16798,1,1
2021-08-16 15:04:31.897,16797,16798,16797,2,-2
2021-08-16 15:04:36.094,16797,16798,16797,2,-2
2021-08-16 15:04:37.918,16797,16798,16797,1,-1
2021-08-16 15:04:39.166,16797,16798,16797,1,-1
2021-08-16 15:04:41.188,16797,16798,16797,1,-1
2021-08-16 15:04:41.979,16797,16798,16798,15,15
2021-08-16 15:04:42.233,16797,16799,16797,4,-4
2021-08-16 15:04:46.930,16796,16797,16797,7,7
2021-08-16 15:04:46.931,16796,16797,16797,1,1
2021-08-16 15:04:46.933,16796,16797,16797,4,4
2021-08-16 15:04:49.241,16796,16797,16796,3,-3
2021-08-16 15:04:49.242,16796,16797,16796,1,-1
2021-08-16 15:04:49.242,16796,16797,16796,1,-1
2021-08-16 15:04:49.242,16796,16797,16796,1,-1
2021-08-16 15:04:49.242,16796,16797,16796,2,-2
2021-08-16 15:04:49.953,16795,16796,16795,2,-2
2021-08-16 15:04:50.629,16795,16797,16795,2,-2
2021-08-16 15:04:50.656,16795,16797,16797,1,1
2021-08-16 15:04:50.765,16795,16797,16796,1,-1
2021-08-16 15:04:53.058,16795,16797,16795,1,-1
2021-08-16 15:04:54.654,16795,16796,16795,25,-25
2021-08-16 15:04:54.655,16795,16796,16794,1,-1
2021-08-16 15:04:54.655,16795,16796,16794,1,-1
2021-08-16 15:04:55.442,16792,16794,16792,2,-2
2021-08-16 15:04:58.929,16792,16793,16792,1,-1
2021-08-16 15:04:59.687,16792,16793,16792,2,-2
2021-08-16 15:05:00.190,16792,16793,16792,1,-1
2021-08-16 15:05:00.427,16792,16793,16793,1,1
2021-08-16 15:05:00.488,16792,16793,16792,2,-2
2021-08-16 15:05:00.530,16792,16793,16793,1,1
2021-08-16 15:05:00.866,16792,16794,16792,1,-1
2021-08-16 15:05:01.381,16792,16794,16792,1,-1
2021-08-16 15:05:03.079,16792,16794,16794,3,3
2021-08-16 15:05:03.079,16792,16794,16795,1,1
2021-08-16 15:05:03.625,16792,16794,16792,1,-1
2021-08-16 15:05:04.753,16792,16793,16792,1,-1
2021-08-16 15:05:05.597,16791,16793,16791,1,-1
2021-08-16 15:05:05.741,16791,16793,16791,1,-1
2021-08-16 15:05:07.629,16790,16791,16790,1,-1
2021-08-16 15:05:07.630,16790,16791,16790,1,-1
2021-08-16 15:05:07.734,16790,16791,16790,1,-1
2021-08-16 15:05:07.976,16790,16791,16791,1,1
2021-08-16 15:05:10.358,16791,16794,16791,2,-2
2021-08-16 15:05:12.409,16791,16792,16791,4,-4
2021-08-16 15:05:12.409,16791,16792,16791,2,-2
2021-08-16 15:05:12.412,16791,16792,16791,1,-1
2021-08-16 15:05:14.194,16790,16791,16790,1,-1
2021-08-16 15:05:14.452,16789,16791,16790,1,-1
2021-08-16 15:05:15.204,16790,16791,16790,4,-4
2021-08-16 15:05:15.204,16790,16791,16789,1,-1
2021-08-16 15:05:18.750,16790,16791,16790,5,5
2021-08-16 15:05:19.125,16790,16791,16791,3,3
2021-08-16 15:05:19.289,16791,16792,16792,1,1
2021-08-16 15:05:19.601,16791,16793,16791,3,-3
2021-08-16 15:05:19.601,16791,16793,16790,2,-2
2021-08-16 15:05:19.788,16790,16793,16790,4,-4
2021-08-16 15:05:19.788,16790,16793,16789,1,-1
2021-08-16 15:05:20.640,16790,16792,16790,1,1
2021-08-16 15:05:24.100,16789,16790,16790,1,1
2021-08-16 15:05:28.305,16790,16791,16791,1,1
2021-08-16 15:05:28.305,16790,16791,16791,2,2
2021-08-16 15:05:36.052,16790,16791,16791,1,1
2021-08-16 15:05:38.368,16790,16791,16791,1,1
2021-08-16 15:05:39.321,16790,16791,16790,5,-5
2021-08-16 15:05:39.997,16790,16791,16791,1,1
2021-08-16 15:05:45.306,16790,16791,16790,1,-1
2021-08-16 15:05:46.680,16790,16791,16790,1,-1
2021-08-16 15:05:49.842,16790,16791,16790,1,-1
2021-08-16 15:05:50.766,16790,16791,16791,2,2
2021-08-16 15:05:51.323,16790,16791,16791,1,1
2021-08-16 15:05:52.994,16791,16792,16791,1,-1
2021-08-16 15:05:54.753,16791,16792,16791,2,-2
2021-08-16 15:05:56.527,16791,16792,16792,14,14
2021-08-16 15:05:56.606,16792,16793,16792,1,-1
2021-08-16 15:05:57.290,16792,16793,16792,4,-4
2021-08-16 15:05:57.290,16792,16793,16791,1,-1
2021-08-16 15:05:59.849,16791,16793,16791,5,-5
2021-08-16 15:06:00.414,16790,16792,16790,1,-1
2021-08-16 15:06:04.624,16790,16791,16790,2,-2
2021-08-16 15:06:05.106,16790,16791,16790,1,-1
2021-08-16 15:06:05.153,16790,16791,16790,1,-1
2021-08-16 15:06:05.511,16790,16791,16790,1,-1
2021-08-16 15:06:05.514,16790,16791,16790,2,-2
2021-08-16 15:06:09.903,16789,16790,16789,3,-3
2021-08-16 15:06:10.077,16788,16789,16788,2,-2
2021-08-16 15:06:10.977,16788,16789,16788,2,-2
2021-08-16 15:06:11.160,16788,16789,16788,2,-2
2021-08-16 15:06:11.721,16788,16789,16788,2,-2
2021-08-16 15:06:11.722,16788,16789,16788,2,-2
2021-08-16 15:06:11.722,16788,16789,16788,6,-6
2021-08-16 15:06:11.722,16788,16789,16788,1,-1
2021-08-16 15:06:11.722,16788,16789,16788,1,-1
2021-08-16 15:06:11.722,16788,16789,16788,4,-4
2021-08-16 15:06:11.722,16788,16789,16788,5,-5
2021-08-16 15:06:11.722,16788,16789,16788,1,-1
2021-08-16 15:06:11.957,16788,16789,16788,2,-2
2021-08-16 15:06:11.957,16788,16789,16788,1,-1
2021-08-16 15:06:11.957,16788,16789,16788,1,-1
2021-08-16 15:06:11.957,16788,16789,16788,1,-1
2021-08-16 15:06:12.340,16787,16788,16787,3,-3
2021-08-16 15:06:12.341,16787,16788,16787,1,-1
2021-08-16 15:06:13.171,16786,16787,16787,1,1
2021-08-16 15:06:13.682,16786,16787,16786,1,-1
2021-08-16 15:06:13.682,16786,16787,16786,1,-1
2021-08-16 15:06:13.685,16786,16787,16786,1,-1
2021-08-16 15:06:13.686,16786,16787,16786,3,-3
2021-08-16 15:06:15.697,16785,16787,16785,1,-1
2021-08-16 15:06:16.827,16785,16787,16785,1,-1
2021-08-16 15:06:16.980,16785,16787,16785,3,-3
2021-08-16 15:06:16.980,16785,16787,16785,1,-1
2021-08-16 15:06:16.980,16785,16787,16785,1,-1
2021-08-16 15:06:16.980,16785,16787,16785,2,-2
2021-08-16 15:06:16.980,16785,16787,16785,1,-1
2021-08-16 15:06:16.980,16785,16787,16785,1,-1
2021-08-16 15:06:17.028,16785,16787,16784,1,-1
2021-08-16 15:06:17.127,16783,16785,16783,1,-1
2021-08-16 15:06:17.506,16783,16785,16783,2,-2
2021-08-16 15:06:18.153,16783,16785,16785,1,1
2021-08-16 15:06:19.698,16785,16786,16786,1,1
2021-08-16 15:06:19.699,16785,16786,16786,1,1
2021-08-16 15:06:20.439,16786,16787,16786,1,-1
2021-08-16 15:06:22.082,16787,16788,16787,1,1
2021-08-16 15:06:22.683,16786,16788,16786,1,-1
2021-08-16 15:06:24.759,16786,16788,16786,1,-1
2021-08-16 15:06:24.964,16786,16788,16786,1,-1
2021-08-16 15:06:25.859,16787,16788,16787,5,5
2021-08-16 15:06:25.941,16787,16788,16788,1,1
2021-08-16 15:06:26.769,16787,16788,16787,1,-1
2021-08-16 15:06:27.411,16787,16788,16788,1,1
2021-08-16 15:06:28.810,16788,16789,16788,1,-1
2021-08-16 15:06:28.939,16788,16789,16788,1,-1
2021-08-16 15:06:31.799,16787,16788,16788,1,1
2021-08-16 15:06:32.656,16787,16788,16787,2,-2
2021-08-16 15:06:32.995,16787,16788,16787,1,-1
2021-08-16 15:06:33.724,16787,16788,16787,1,-1
2021-08-16 15:06:36.273,16787,16788,16787,4,-4
2021-08-16 15:06:37.526,16787,16788,16788,9,9
2021-08-16 15:06:38.492,16788,16789,16788,1,-1
2021-08-16 15:06:40.144,16788,16789,16789,3,3
2021-08-16 15:06:40.145,16788,16789,16789,2,2
2021-08-16 15:06:41.412,16789,16790,16790,1,1
2021-08-16 15:06:41.413,16789,16790,16790,3,3
2021-08-16 15:06:41.413,16789,16790,16790,19,19
2021-08-16 15:06:41.680,16789,16791,16789,1,-1
2021-08-16 15:06:43.851,16789,16790,16790,1,1
2021-08-16 15:06:44.209,16789,16791,16789,1,-1
2021-08-16 15:06:45.483,16790,16791,16791,5,5
2021-08-16 15:06:45.484,16790,16791,16791,6,6
2021-08-16 15:06:47.057,16790,16792,16790,1,-1
2021-08-16 15:06:48.633,16790,16792,16792,23,23
2021-08-16 15:06:48.717,16792,16793,16792,2,-2
2021-08-16 15:06:48.773,16792,16793,16792,1,-1
2021-08-16 15:06:48.817,16792,16793,16792,1,-1
2021-08-16 15:06:50.148,16792,16793,16792,1,-1
2021-08-16 15:06:50.149,16792,16793,16792,2,-2
2021-08-16 15:06:50.677,16791,16792,16792,1,1
2021-08-16 15:06:52.347,16791,16793,16792,1,-1
2021-08-16 15:06:53.167,16791,16793,16791,1,-1
2021-08-16 15:06:56.305,16791,16792,16792,3,3
2021-08-16 15:06:57.998,16792,16794,16792,1,-1
2021-08-16 15:07:00.190,16792,16793,16793,1,1
2021-08-16 15:07:00.371,16793,16794,16794,1,1
2021-08-16 15:07:00.466,16793,16794,16793,1,-1
2021-08-16 15:07:00.467,16793,16794,16793,1,-1
2021-08-16 15:07:00.467,16793,16794,16793,2,-2
2021-08-16 15:07:00.808,16793,16794,16792,5,-5
2021-08-16 15:07:01.156,16792,16794,16792,5,-5
2021-08-16 15:07:01.443,16792,16794,16792,1,-1
2021-08-16 15:07:01.703,16792,16794,16792,3,-3
2021-08-16 15:07:01.703,16792,16794,16791,2,-2
2021-08-16 15:07:01.977,16791,16793,16791,1,-1
2021-08-16 15:07:06.379,16792,16793,16792,1,1
2021-08-16 15:07:07.876,16791,16792,16791,1,-1
2021-08-16 15:07:07.876,16791,16792,16791,2,-2
2021-08-16 15:07:08.011,16790,16791,16790,1,-1
2021-08-16 15:07:08.012,16790,16791,16790,2,-2
2021-08-16 15:07:08.012,16790,16791,16790,4,-4
2021-08-16 15:07:08.387,16789,16791,16791,4,4
2021-08-16 15:07:08.387,16789,16791,16792,11,11
2021-08-16 15:07:10.345,16790,16792,16792,1,1
2021-08-16 15:07:12.597,16791,16792,16791,1,-1
2021-08-16 15:07:20.034,16791,16792,16792,18,18
2021-08-16 15:07:22.669,16792,16793,16792,1,-1
2021-08-16 15:07:23.667,16792,16793,16793,4,4
2021-08-16 15:07:24.011,16793,16794,16793,1,-1
2021-08-16 15:07:24.306,16793,16794,16793,1,-1
2021-08-16 15:07:25.529,16792,16793,16793,1,1
2021-08-16 15:07:27.272,16792,16793,16792,1,-1
2021-08-16 15:07:30.707,16792,16793,16793,1,1
2021-08-16 15:07:32.024,16792,16793,16792,5,-5
2021-08-16 15:07:32.025,16792,16793,16793,1,1
2021-08-16 15:07:32.195,16792,16793,16792,1,-1
2021-08-16 15:07:32.338,16792,16793,16793,4,4
2021-08-16 15:07:32.338,16792,16793,16794,9,9
2021-08-16 15:07:32.735,16792,16794,16793,2,-2
2021-08-16 15:07:32.738,16792,16794,16794,12,12
2021-08-16 15:07:32.743,16792,16794,16793,2,-2
2021-08-16 15:07:34.819,16793,16795,16795,2,2
2021-08-16 15:07:35.083,16793,16795,16794,1,-1
2021-08-16 15:07:35.083,16793,16795,16794,1,-1
2021-08-16 15:07:36.344,16793,16795,16795,1,1
2021-08-16 15:07:36.344,16793,16795,16795,3,3
2021-08-16 15:07:36.345,16793,16795,16795,1,1
2021-08-16 15:07:36.345,16793,16795,16795,2,2
2021-08-16 15:07:37.035,16794,16796,16795,1,-1
2021-08-16 15:07:41.258,16794,16795,16795,3,3
2021-08-16 15:07:42.996,16794,16795,16795,1,1
2021-08-16 15:07:43.613,16794,16795,16795,4,4
2021-08-16 15:07:45.367,16794,16796,16794,5,-5
2021-08-16 15:07:45.672,16793,16794,16793,10,-10
2021-08-16 15:07:45.954,16792,16793,16792,12,-12
2021-08-16 15:07:46.264,16791,16792,16793,10,10
2021-08-16 15:07:46.520,16792,16794,16792,6,-6
2021-08-16 15:07:47.832,16792,16793,16793,1,1
2021-08-16 15:07:52.049,16793,16794,16794,10,10
2021-08-16 15:07:54.207,16793,16794,16794,2,2
2021-08-16 15:07:54.360,16793,16795,16793,1,-1
2021-08-16 15:07:55.051,16793,16795,16793,8,-8
2021-08-16 15:07:58.619,16793,16794,16793,1,-1
2021-08-16 15:07:58.620,16793,16794,16793,2,-2
2021-08-16 15:07:59.271,16793,16794,16793,3,-3
2021-08-16 15:07:59.873,16792,16794,16792,1,-1
2021-08-16 15:08:00.357,16792,16794,16794,2,2
2021-08-16 15:08:02.082,16792,16793,16793,1,1
2021-08-16 15:08:03.380,16793,16794,16794,10,10
2021-08-16 15:08:03.381,16793,16794,16794,1,1
2021-08-16 15:08:03.822,16793,16795,16793,1,-1
2021-08-16 15:08:18.332,16793,16794,16794,1,1
2021-08-16 15:08:20.202,16794,16795,16795,1,1
2021-08-16 15:08:20.395,16794,16796,16795,1,-1
2021-08-16 15:08:24.798,16794,16796,16794,3,-3
2021-08-16 15:08:24.798,16794,16796,16793,10,-10
2021-08-16 15:08:24.799,16794,16796,16793,10,-10
2021-08-16 15:08:24.799,16794,16796,16793,1,-1
2021-08-16 15:08:24.799,16794,16796,16793,5,-5
2021-08-16 15:08:24.855,16792,16793,16793,12,12
2021-08-16 15:08:30.673,16793,16795,16795,13,13
2021-08-16 15:08:30.674,16793,16795,16795,1,1
2021-08-16 15:08:30.677,16793,16795,16795,1,1
2021-08-16 15:08:30.972,16795,16796,16795,10,-10
2021-08-16 15:08:36.560,16794,16795,16795,1,1
2021-08-16 15:08:38.228,16794,16796,16794,1,-1
2021-08-16 15:08:39.337,16793,16795,16795,1,1
2021-08-16 15:08:42.575,16794,16796,16795,1,-1
2021-08-16 15:08:43.421,16795,16796,16796,13,13
2021-08-16 15:08:43.492,16796,16797,16797,1,1
2021-08-16 15:08:43.661,16796,16797,16797,8,8
2021-08-16 15:08:43.754,16796,16797,16796,1,-1
2021-08-16 15:08:44.202,16796,16797,16797,2,2
2021-08-16 15:08:46.619,16796,16797,16797,1,1
2021-08-16 15:08:51.934,16796,16797,16797,2,2
2021-08-16 15:08:51.934,16796,16797,16797,6,6
2021-08-16 15:08:58.943,16796,16797,16797,3,3
2021-08-16 15:09:00.321,16796,16797,16797,1,1
2021-08-16 15:09:00.321,16796,16797,16797,1,1
2021-08-16 15:09:00.322,16796,16797,16797,1,1
2021-08-16 15:09:01.816,16796,16797,16796,2,-2
2021-08-16 15:09:01.816,16796,16797,16796,7,-7
2021-08-16 15:09:01.816,16796,16797,16796,3,-3
2021-08-16 15:09:01.817,16796,16797,16796,1,-1
2021-08-16 15:09:01.821,16796,16797,16795,1,-1
2021-08-16 15:09:02.151,16795,16796,16796,1,1
2021-08-16 15:09:03.859,16795,16796,16795,1,-1
2021-08-16 15:09:03.860,16795,16796,16795,1,-1
2021-08-16 15:09:03.860,16795,16796,16795,1,-1
2021-08-16 15:09:03.860,16795,16796,16795,1,-1
2021-08-16 15:09:03.860,16795,16796,16795,1,-1
2021-08-16 15:09:03.860,16795,16796,16795,3,-3
2021-08-16 15:09:07.118,16794,16795,16795,1,1
2021-08-16 15:09:08.060,16795,16797,16795,2,-2
2021-08-16 15:09:09.052,16796,16798,16796,1,1
2021-08-16 15:09:11.087,16796,16797,16796,4,-4
2021-08-16 15:09:11.087,16796,16797,16795,1,-1
2021-08-16 15:09:15.663,16796,16797,16797,1,1
2021-08-16 15:09:17.475,16796,16797,16796,1,-1
2021-08-16 15:09:17.475,16796,16797,16795,2,-2
2021-08-16 15:09:27.244,16796,16798,16796,5,5
2021-08-16 15:09:34.146,16796,16797,16797,1,1
2021-08-16 15:09:34.957,16796,16797,16797,4,4
2021-08-16 15:09:37.985,16796,16798,16796,1,-1
2021-08-16 15:09:41.804,16796,16798,16796,1,-1
2021-08-16 15:09:42.730,16796,16798,16798,5,5
2021-08-16 15:09:45.385,16796,16798,16796,1,-1
2021-08-16 15:09:46.039,16796,16798,16798,5,5
2021-08-16 15:09:46.184,16796,16798,16798,19,19
2021-08-16 15:09:52.780,16797,16798,16798,1,1
2021-08-16 15:09:53.745,16797,16799,16799,1,1
2021-08-16 15:09:54.662,16798,16799,16799,17,17
2021-08-16 15:09:54.664,16798,16799,16800,1,1
2021-08-16 15:09:54.664,16798,16799,16800,10,10
2021-08-16 15:09:54.664,16798,16799,16800,1,1
2021-08-16 15:09:54.664,16798,16799,16800,5,5
2021-08-16 15:09:54.664,16798,16799,16800,6,6
2021-08-16 15:09:54.912,16800,16801,16801,2,2
2021-08-16 15:09:54.912,16800,16801,16802,11,11
2021-08-16 15:09:55.116,16800,16802,16802,1,1
2021-08-16 15:09:55.153,16800,16802,16802,1,1
2021-08-16 15:09:57.558,16800,16802,16800,1,-1
2021-08-16 15:09:58.119,16801,16802,16801,2,2
2021-08-16 15:09:59.241,16800,16801,16801,2,2
2021-08-16 15:10:01.215,16800,16801,16800,2,-2
2021-08-16 15:10:01.657,16800,16801,16800,1,-1
2021-08-16 15:10:01.657,16800,16801,16799,1,-1
2021-08-16 15:10:01.679,16800,16801,16800,2,2
2021-08-16 15:10:01.745,16798,16800,16801,2,2
2021-08-16 15:10:01.843,16798,16801,16801,1,1
2021-08-16 15:10:01.987,16798,16801,16801,1,1
2021-08-16 15:10:02.536,16800,16801,16801,2,2
2021-08-16 15:10:03.298,16800,16801,16800,1,-1
2021-08-16 15:10:03.832,16800,16801,16801,13,13
2021-08-16 15:10:09.977,16800,16802,16802,1,1
2021-08-16 15:10:13.996,16800,16802,16801,1,-1
2021-08-16 15:10:15.322,16801,16802,16802,1,1
2021-08-16 15:10:15.322,16801,16802,16802,1,1
2021-08-16 15:10:15.323,16801,16802,16802,16,16
2021-08-16 15:10:17.433,16802,16803,16802,1,-1
2021-08-16 15:10:23.589,16802,16803,16802,2,-2
2021-08-16 15:10:24.138,16801,16803,16803,1,1
2021-08-16 15:10:25.415,16801,16803,16803,1,1
2021-08-16 15:10:28.423,16802,16803,16803,8,8
2021-08-16 15:10:28.423,16802,16803,16804,24,24
2021-08-16 15:10:28.423,16802,16803,16805,18,18
2021-08-16 15:10:28.424,16802,16803,16805,1,1
2021-08-16 15:10:28.632,16803,16805,16805,8,8
2021-08-16 15:10:28.632,16803,16805,16806,5,5
2021-08-16 15:10:29.055,16802,16805,16805,1,1
2021-08-16 15:10:31.344,16802,16803,16803,1,1
2021-08-16 15:10:31.961,16802,16803,16803,1,1
2021-08-16 15:10:33.199,16802,16805,16802,1,-1
2021-08-16 15:10:34.994,16803,16804,16804,1,1
2021-08-16 15:10:35.358,16804,16806,16804,1,-1
2021-08-16 15:10:35.414,16804,16806,16804,1,-1
2021-08-16 15:10:36.440,16805,16806,16805,1,1
2021-08-16 15:10:41.742,16805,16806,16805,4,-4
2021-08-16 15:10:42.642,16805,16806,16805,1,-1
2021-08-16 15:10:42.693,16805,16806,16805,1,-1
2021-08-16 15:10:42.693,16805,16806,16804,2,-2
2021-08-16 15:10:44.546,16804,16805,16804,1,-1
2021-08-16 15:10:46.992,16804,16805,16805,1,1
2021-08-16 15:10:48.303,16804,16805,16805,3,3
2021-08-16 15:10:48.303,16804,16805,16805,1,1
2021-08-16 15:10:49.192,16805,16806,16805,1,-1
2021-08-16 15:10:49.304,16804,16805,16804,2,-2
2021-08-16 15:10:50.605,16804,16805,16804,8,-8
2021-08-16 15:10:50.985,16803,16805,16805,1,1
2021-08-16 15:10:53.356,16804,16805,16804,1,-1
2021-08-16 15:10:53.393,16804,16805,16804,1,-1
2021-08-16 15:10:54.784,16803,16804,16803,1,-1
2021-08-16 15:10:57.612,16803,16804,16804,1,1
2021-08-16 15:10:57.928,16803,16804,16803,1,-1
2021-08-16 15:10:57.928,16803,16804,16803,1,-1
2021-08-16 15:11:01.732,16802,16803,16802,3,-3
2021-08-16 15:11:01.732,16802,16803,16801,7,-7
2021-08-16 15:11:01.957,16801,16802,16802,1,1
2021-08-16 15:11:02.404,16801,16803,16803,2,2
2021-08-16 15:11:04.114,16802,16803,16803,1,1
2021-08-16 15:11:07.444,16803,16804,16803,1,-1
2021-08-16 15:11:12.363,16801,16804,16801,1,-1
2021-08-16 15:11:12.383,16801,16804,16804,1,1
2021-08-16 15:11:20.780,16802,16803,16802,1,-1
2021-08-16 15:11:21.568,16802,16803,16803,2,2
2021-08-16 15:11:27.314,16802,16803,16802,1,-1
2021-08-16 15:11:27.774,16802,16803,16802,1,-1
2021-08-16 15:11:30.213,16800,16802,16800,2,-2
2021-08-16 15:11:30.832,16801,16802,16802,3,3
2021-08-16 15:11:34.940,16802,16803,16802,1,-1
2021-08-16 15:11:34.940,16802,16803,16801,1,-1
2021-08-16 15:11:37.498,16801,16802,16802,1,1
2021-08-16 15:11:41.238,16801,16802,16802,1,1
2021-08-16 15:11:41.800,16802,16803,16802,1,-1
2021-08-16 15:11:42.467,16802,16803,16802,1,-1
2021-08-16 15:11:48.520,16801,16802,16802,1,1
2021-08-16 15:11:58.727,16802,16803,16802,1,-1
2021-08-16 15:11:59.807,16802,16803,16803,1,1
2021-08-16 15:11:59.807,16802,16803,16803,5,5
2021-08-16 15:11:59.807,16802,16803,16803,6,6
2021-08-16 15:11:59.887,16803,16804,16803,1,-1
2021-08-16 15:12:06.495,16802,16803,16803,1,1
2021-08-16 15:12:06.933,16803,16804,16804,1,1
2021-08-16 15:12:06.956,16803,16804,16804,1,1
2021-08-16 15:12:06.956,16803,16804,16804,1,1
2021-08-16 15:12:06.980,16803,16804,16804,1,1
2021-08-16 15:12:07.242,16803,16804,16804,2,2
2021-08-16 15:12:08.101,16803,16804,16803,1,-1
2021-08-16 15:12:08.245,16803,16804,16803,2,-2
2021-08-16 15:12:15.679,16803,16804,16804,1,1
2021-08-16 15:12:15.868,16803,16804,16803,1,-1
2021-08-16 15:12:19.551,16803,16804,16803,1,-1
2021-08-16 15:12:19.552,16803,16804,16803,6,-6
2021-08-16 15:12:19.552,16803,16804,16803,2,-2
2021-08-16 15:12:23.570,16802,16803,16802,3,-3
2021-08-16 15:12:23.570,16802,16803,16802,9,-9
2021-08-16 15:12:25.565,16801,16802,16802,1,1
2021-08-16 15:12:26.043,16801,16803,16803,2,2
2021-08-16 15:12:43.543,16801,16802,16802,1,1
2021-08-16 15:12:44.875,16801,16802,16801,1,-1
2021-08-16 15:12:55.468,16800,16801,16801,2,2
2021-08-16 15:12:59.647,16800,16801,16801,2,2
2021-08-16 15:13:04.162,16801,16802,16801,1,-1
2021-08-16 15:13:04.163,16801,16802,16801,3,-3
2021-08-16 15:13:04.163,16801,16802,16801,1,-1
2021-08-16 15:13:04.163,16801,16802,16801,2,-2
2021-08-16 15:13:05.017,16800,16801,16800,4,-4
2021-08-16 15:13:05.018,16800,16801,16800,17,-17
2021-08-16 15:13:05.018,16800,16801,16800,20,-20
2021-08-16 15:13:05.018,16800,16801,16800,1,-1
2021-08-16 15:13:05.018,16800,16801,16800,13,-13
2021-08-16 15:13:05.019,16800,16801,16800,1,-1
2021-08-16 15:13:05.019,16800,16801,16799,1,-1
2021-08-16 15:13:05.020,16800,16801,16799,1,-1
2021-08-16 15:13:05.020,16800,16801,16799,2,-2
2021-08-16 15:13:05.027,16800,16801,16798,1,-1
2021-08-16 15:13:05.239,16798,16799,16799,4,4
2021-08-16 15:13:07.240,16798,16799,16798,1,-1
2021-08-16 15:13:07.240,16798,16799,16798,1,-1
2021-08-16 15:13:07.357,16797,16799,16797,1,-1
2021-08-16 15:13:08.514,16796,16798,16796,1,-1
2021-08-16 15:13:11.900,16796,16797,16796,7,-7
2021-08-16 15:13:15.079,16796,16797,16796,2,-2
2021-08-16 15:13:15.707,16795,16796,16796,1,1
2021-08-16 15:13:15.926,16796,16797,16796,1,-1
2021-08-16 15:13:21.406,16796,16797,16797,1,1
2021-08-16 15:13:22.032,16796,16797,16796,2,-2
2021-08-16 15:13:22.084,16795,16796,16796,1,1
2021-08-16 15:13:22.704,16796,16797,16796,2,-2
2021-08-16 15:13:24.888,16796,16797,16796,1,-1
2021-08-16 15:13:30.169,16795,16796,16796,1,1
2021-08-16 15:13:32.710,16796,16797,16797,1,1
2021-08-16 15:13:32.710,16796,16797,16797,2,2
2021-08-16 15:13:35.349,16796,16798,16796,5,-5
2021-08-16 15:13:39.764,16795,16796,16796,1,1
2021-08-16 15:13:41.026,16795,16796,16796,1,1
2021-08-16 15:13:41.223,16796,16797,16797,1,1
2021-08-16 15:13:41.223,16796,16797,16797,1,1
2021-08-16 15:13:57.836,16797,16798,16797,1,-1
2021-08-16 15:14:07.910,16796,16797,16796,1,-1
2021-08-16 15:14:11.376,16796,16797,16796,1,-1
2021-08-16 15:14:11.376,16796,16797,16796,4,-4
2021-08-16 15:14:14.259,16795,16796,16795,1,-1
2021-08-16 15:14:14.260,16795,16796,16795,2,-2
2021-08-16 15:14:14.260,16795,16796,16795,1,-1
2021-08-16 15:14:14.260,16795,16796,16795,1,-1
2021-08-16 15:14:14.260,16795,16796,16795,1,-1
2021-08-16 15:14:14.260,16795,16796,16795,1,-1
2021-08-16 15:14:19.022,16794,16795,16794,2,-2
2021-08-16 15:14:19.138,16794,16795,16794,1,-1
2021-08-16 15:14:19.421,16793,16794,16794,1,1
2021-08-16 15:14:24.210,16794,16796,16794,1,-1
2021-08-16 15:14:25.475,16794,16796,16794,2,-2
2021-08-16 15:14:25.475,16794,16796,16793,1,-1
2021-08-16 15:14:27.448,16794,16796,16794,1,1
2021-08-16 15:14:33.702,16794,16795,16794,1,-1
2021-08-16 15:14:34.385,16794,16795,16794,1,-1
2021-08-16 15:14:36.381,16794,16795,16794,1,-1
2021-08-16 15:14:37.087,16794,16795,16795,1,1
2021-08-16 15:14:37.488,16794,16796,16794,3,-3
2021-08-16 15:14:41.574,16794,16796,16794,1,-1
2021-08-16 15:14:43.886,16796,16797,16797,1,1
2021-08-16 15:14:56.522,16796,16797,16797,1,1
2021-08-16 15:15:02.425,16798,16799,16799,2,2
2021-08-16 15:15:02.463,16798,16800,16800,1,1
2021-08-16 15:15:02.741,16797,16800,16797,1,-1
2021-08-16 15:15:02.835,16797,16799,16797,1,-1
2021-08-16 15:15:07.837,16797,16800,16797,1,-1
2021-08-16 15:15:12.016,16798,16800,16800,2,2
2021-08-16 15:15:12.083,16798,16801,16801,1,1
2021-08-16 15:15:12.084,16798,16801,16801,1,1
2021-08-16 15:15:12.351,16799,16801,16799,1,-1
2021-08-16 15:15:21.594,16798,16800,16798,5,-5
2021-08-16 15:15:26.623,16797,16799,16797,6,-6
2021-08-16 15:15:26.709,16796,16797,16797,1,1
2021-08-16 15:15:27.377,16796,16797,16796,1,-1
2021-08-16 15:15:31.351,16796,16797,16796,4,-4
2021-08-16 15:15:32.039,16796,16797,16797,1,1
2021-08-16 15:15:32.644,16796,16797,16796,1,-1
2021-08-16 15:15:38.060,16796,16797,16796,1,-1
2021-08-16 15:15:46.767,16796,16797,16797,3,3
2021-08-16 15:15:47.105,16797,16798,16797,1,-1
2021-08-16 15:15:47.209,16797,16798,16798,1,1
2021-08-16 15:15:49.914,16796,16798,16798,1,1
2021-08-16 15:15:51.641,16797,16798,16797,1,-1
2021-08-16 15:16:08.841,16797,16798,16798,1,1
2021-08-16 15:16:08.841,16797,16798,16798,2,2
2021-08-16 15:16:15.997,16797,16798,16798,1,1
2021-08-16 15:16:18.057,16797,16798,16798,1,1
2021-08-16 15:16:23.989,16797,16798,16797,1,-1
2021-08-16 15:16:26.927,16796,16797,16797,1,1
2021-08-16 15:16:28.418,16796,16797,16797,5,5
2021-08-16 15:16:28.795,16796,16797,16797,1,1
2021-08-16 15:16:31.292,16796,16797,16797,1,1
2021-08-16 15:16:32.201,16796,16797,16797,1,1
2021-08-16 15:16:32.202,16796,16797,16797,2,2
2021-08-16 15:16:35.275,16797,16798,16798,2,2
2021-08-16 15:16:36.007,16797,16798,16798,1,1
2021-08-16 15:16:37.437,16798,16799,16798,1,-1
2021-08-16 15:16:39.840,16798,16799,16799,4,4
2021-08-16 15:16:51.581,16798,16799,16798,1,-1
2021-08-16 15:16:51.869,16798,16799,16798,3,-3
2021-08-16 15:16:56.311,16797,16798,16798,1,1
2021-08-16 15:16:56.311,16797,16798,16798,1,1
2021-08-16 15:16:56.311,16797,16798,16798,7,7
2021-08-16 15:16:56.311,16797,16798,16798,1,1
2021-08-16 15:16:56.311,16797,16798,16798,2,2
2021-08-16 15:16:58.669,16797,16799,16799,2,2
2021-08-16 15:16:58.672,16797,16799,16799,13,13
2021-08-16 15:16:58.673,16797,16799,16799,1,1
2021-08-16 15:16:58.673,16797,16799,16799,1,1
2021-08-16 15:16:58.707,16799,16800,16800,6,6
2021-08-16 15:17:02.298,16800,16801,16801,3,3
2021-08-16 15:17:02.568,16800,16802,16800,1,-1
2021-08-16 15:17:05.832,16800,16801,16801,1,1
2021-08-16 15:17:09.840,16801,16802,16801,1,-1
2021-08-16 15:17:12.498,16800,16801,16800,1,-1
2021-08-16 15:17:12.498,16800,16801,16800,1,-1
2021-08-16 15:17:13.180,16799,16801,16801,1,1
2021-08-16 15:17:18.411,16800,16801,16800,1,-1
2021-08-16 15:17:19.447,16799,16801,16800,1,-1
2021-08-16 15:17:20.276,16798,16801,16801,2,2
2021-08-16 15:17:20.791,16799,16801,16800,1,-1
2021-08-16 15:17:30.332,16798,16799,16798,1,-1
2021-08-16 15:17:30.628,16798,16799,16799,1,1
2021-08-16 15:17:30.957,16800,16801,16801,1,1
2021-08-16 15:17:31.122,16800,16802,16800,1,-1
2021-08-16 15:17:34.082,16800,16801,16801,2,2
2021-08-16 15:17:34.582,16801,16802,16802,4,4
2021-08-16 15:17:34.866,16801,16802,16802,3,3
2021-08-16 15:17:37.692,16802,16803,16802,1,-1
2021-08-16 15:17:39.052,16802,16803,16802,2,-2
2021-08-16 15:17:39.429,16801,16803,16802,1,-1
2021-08-16 15:17:40.750,16801,16802,16801,1,-1
2021-08-16 15:17:45.834,16801,16802,16801,1,-1
2021-08-16 15:17:46.820,16800,16801,16801,1,1
2021-08-16 15:17:52.533,16801,16802,16801,1,-1
2021-08-16 15:17:54.751,16800,16801,16801,1,1
2021-08-16 15:17:56.228,16800,16802,16802,1,1
2021-08-16 15:17:57.258,16801,16802,16801,1,-1
2021-08-16 15:18:02.762,16800,16801,16801,1,1
2021-08-16 15:18:02.767,16800,16801,16801,4,4
2021-08-16 15:18:02.983,16801,16802,16802,1,1
2021-08-16 15:18:03.140,16802,16803,16803,1,1
2021-08-16 15:18:03.200,16802,16803,16803,3,3
2021-08-16 15:18:03.200,16802,16803,16803,2,2
2021-08-16 15:18:03.200,16802,16803,16803,1,1
2021-08-16 15:18:03.200,16802,16803,16803,2,2
2021-08-16 15:18:03.280,16803,16804,16804,1,1
2021-08-16 15:18:05.039,16803,16804,16803,1,-1
2021-08-16 15:18:05.619,16802,16803,16803,1,1
2021-08-16 15:18:10.284,16803,16804,16803,1,-1
2021-08-16 15:18:10.911,16802,16803,16803,2,2
2021-08-16 15:18:11.256,16802,16804,16804,2,2
2021-08-16 15:18:11.257,16802,16804,16804,1,1
2021-08-16 15:18:12.920,16803,16804,16803,1,-1
2021-08-16 15:18:13.195,16803,16804,16804,16,16
2021-08-16 15:18:13.810,16803,16805,16803,2,-2
2021-08-16 15:18:16.292,16804,16805,16805,1,1
2021-08-16 15:18:17.926,16804,16805,16805,6,6
2021-08-16 15:18:18.276,16804,16806,16804,1,-1
2021-08-16 15:18:20.388,16805,16806,16805,1,1
2021-08-16 15:18:21.738,16804,16806,16806,2,2
2021-08-16 15:18:23.182,16804,16806,16805,1,-1
2021-08-16 15:18:23.648,16804,16806,16806,6,6
2021-08-16 15:18:23.648,16804,16806,16806,1,1
2021-08-16 15:18:23.743,16804,16806,16805,1,-1
2021-08-16 15:18:25.551,16804,16806,16806,1,1
2021-08-16 15:18:26.013,16805,16806,16805,1,-1
2021-08-16 15:18:27.474,16804,16806,16806,10,10
2021-08-16 15:18:27.474,16804,16806,16806,1,1
2021-08-16 15:18:27.957,16804,16805,16805,1,1
2021-08-16 15:18:33.185,16805,16806,16806,1,1
2021-08-16 15:18:33.185,16805,16806,16806,1,1
2021-08-16 15:18:33.582,16805,16806,16805,1,-1
2021-08-16 15:18:44.659,16805,16806,16805,1,-1
2021-08-16 15:18:45.618,16805,16806,16806,1,1
2021-08-16 15:18:45.883,16805,16806,16806,1,1
2021-08-16 15:18:46.377,16805,16806,16806,2,2
2021-08-16 15:18:48.317,16805,16806,16806,3,3
2021-08-16 15:18:51.630,16805,16806,16805,1,-1
2021-08-16 15:18:52.667,16805,16806,16805,2,-2
2021-08-16 15:18:52.667,16805,16806,16805,3,-3
2021-08-16 15:18:52.667,16805,16806,16805,1,-1
2021-08-16 15:18:54.924,16804,16805,16805,1,1
2021-08-16 15:19:01.916,16804,16805,16805,1,1
2021-08-16 15:19:03.207,16804,16805,16805,1,1
2021-08-16 15:19:08.252,16805,16806,16806,1,1
2021-08-16 15:19:08.395,16805,16806,16806,1,1
2021-08-16 15:19:08.518,16805,16806,16806,1,1
2021-08-16 15:19:08.744,16805,16806,16805,1,-1
2021-08-16 15:19:08.853,16805,16806,16806,1,1
2021-08-16 15:19:08.853,16805,16806,16806,3,3
2021-08-16 15:19:08.853,16805,16806,16806,2,2
2021-08-16 15:19:13.207,16806,16807,16807,6,6
2021-08-16 15:19:13.213,16806,16807,16808,21,21
2021-08-16 15:19:13.213,16806,16807,16808,2,2
2021-08-16 15:19:13.499,16808,16809,16809,1,1
2021-08-16 15:19:13.970,16808,16809,16808,1,-1
2021-08-16 15:19:15.266,16808,16809,16809,1,1
2021-08-16 15:19:16.604,16808,16809,16809,1,1
2021-08-16 15:19:17.463,16808,16809,16809,2,2
2021-08-16 15:19:17.676,16808,16809,16809,1,1
2021-08-16 15:19:19.289,16808,16809,16809,5,5
2021-08-16 15:19:19.357,16808,16809,16809,6,6
2021-08-16 15:19:19.358,16808,16809,16809,1,1
2021-08-16 15:19:19.974,16808,16809,16809,1,1
2021-08-16 15:19:23.829,16808,16809,16808,1,-1
2021-08-16 15:19:23.829,16808,16809,16808,1,-1
2021-08-16 15:19:23.830,16808,16809,16808,6,-6
2021-08-16 15:19:23.868,16807,16808,16808,1,1
2021-08-16 15:19:24.767,16807,16808,16808,1,1
2021-08-16 15:19:26.215,16807,16808,16808,1,1
2021-08-16 15:19:26.302,16807,16808,16808,1,1
2021-08-16 15:19:26.608,16807,16808,16808,2,2
2021-08-16 15:19:28.145,16807,16808,16807,1,-1
2021-08-16 15:19:28.147,16807,16808,16807,2,-2
2021-08-16 15:19:28.149,16807,16808,16807,2,-2
2021-08-16 15:19:28.209,16806,16807,16807,1,1
2021-08-16 15:19:28.974,16806,16807,16807,1,1
2021-08-16 15:19:32.714,16806,16807,16807,1,1
2021-08-16 15:19:33.491,16806,16807,16806,1,-1
2021-08-16 15:19:33.491,16806,16807,16806,3,-3
2021-08-16 15:19:34.671,16806,16807,16806,9,-9
2021-08-16 15:19:38.419,16805,16806,16806,1,1
2021-08-16 15:19:39.302,16805,16806,16805,4,-4
2021-08-16 15:19:39.305,16805,16806,16805,1,-1
2021-08-16 15:19:39.333,16804,16805,16805,1,1
2021-08-16 15:19:39.334,16804,16805,16805,1,1
2021-08-16 15:19:39.334,16804,16805,16805,1,1
2021-08-16 15:19:39.334,16804,16805,16806,1,1
2021-08-16 15:19:39.334,16804,16805,16806,1,1
2021-08-16 15:19:39.334,16804,16805,16806,1,1
2021-08-16 15:19:39.334,16804,16805,16806,1,1
2021-08-16 15:19:39.335,16804,16805,16806,1,1
2021-08-16 15:19:39.335,16804,16805,16806,1,1
2021-08-16 15:19:39.336,16804,16805,16806,1,1
2021-08-16 15:19:39.336,16804,16805,16807,1,1
2021-08-16 15:19:39.336,16804,16805,16805,1,1
2021-08-16 15:19:46.304,16805,16806,16806,1,1
2021-08-16 15:20:00.647,16805,16806,16806,1,1
2021-08-16 15:20:00.648,16805,16806,16806,1,1
2021-08-16 15:20:00.648,16805,16806,16806,1,1
2021-08-16 15:20:00.648,16805,16806,16806,1,1
2021-08-16 15:20:00.648,16805,16806,16806,1,1
2021-08-16 15:20:00.648,16805,16806,16806,1,1
2021-08-16 15:20:00.648,16805,16806,16806,1,1
2021-08-16 15:20:00.648,16805,16806,16806,1,1
2021-08-16 15:20:00.648,16805,16806,16806,1,1
2021-08-16 15:20:00.710,16806,16807,16807,1,1
2021-08-16 15:20:00.755,16806,16807,16807,2,2
2021-08-16 15:20:00.756,16806,16807,16807,1,1
2021-08-16 15:20:00.875,16807,16808,16808,1,1
2021-08-16 15:20:00.883,16807,16808,16808,3,3
2021-08-16 15:20:00.982,16807,16808,16808,1,1
2021-08-16 15:20:01.003,16807,16808,16808,1,1
2021-08-16 15:20:02.337,16807,16808,16808,11,11
2021-08-16 15:20:02.338,16807,16808,16808,4,4
2021-08-16 15:20:04.551,16807,16808,16808,1,1
2021-08-16 15:20:06.874,16807,16808,16807,1,-1
2021-08-16 15:20:07.748,16807,16808,16808,2,2
2021-08-16 15:20:08.918,16807,16808,16808,2,2
2021-08-16 15:20:09.332,16807,16808,16807,3,-3
2021-08-16 15:20:14.207,16806,16807,16806,2,-2
2021-08-16 15:20:14.457,16805,16807,16805,3,-3
2021-08-16 15:20:16.720,16805,16807,16807,1,1
2021-08-16 15:20:17.189,16806,16808,16806,3,-3
2021-08-16 15:20:18.587,16807,16808,16808,1,1
2021-08-16 15:20:18.858,16807,16808,16808,1,1
2021-08-16 15:20:19.597,16806,16808,16808,1,1
2021-08-16 15:20:21.399,16806,16808,16806,1,-1
2021-08-16 15:20:22.390,16806,16808,16807,1,1
2021-08-16 15:20:23.500,16806,16807,16807,1,1
2021-08-16 15:20:23.500,16806,16807,16808,5,5
2021-08-16 15:20:25.780,16807,16808,16808,4,4
2021-08-16 15:20:25.780,16807,16808,16809,1,1
2021-08-16 15:20:28.153,16807,16808,16808,1,1
2021-08-16 15:20:28.735,16807,16808,16808,3,3
2021-08-16 15:20:28.735,16807,16808,16809,30,30
2021-08-16 15:20:28.735,16807,16808,16810,17,17
2021-08-16 15:20:29.140,16809,16810,16809,1,-1
2021-08-16 15:20:31.535,16807,16809,16809,1,1
2021-08-16 15:20:31.570,16807,16809,16807,1,-1
2021-08-16 15:20:33.001,16808,16809,16808,1,1
2021-08-16 15:20:33.821,16807,16809,16809,1,1
2021-08-16 15:20:34.866,16807,16809,16809,1,1
2021-08-16 15:20:36.958,16808,16809,16809,5,5
2021-08-16 15:20:36.961,16808,16809,16809,1,1
2021-08-16 15:20:37.456,16808,16809,16809,1,1
2021-08-16 15:20:37.842,16809,16810,16809,1,-1
2021-08-16 15:20:38.749,16809,16810,16810,1,1
2021-08-16 15:20:39.056,16809,16810,16809,1,-1
2021-08-16 15:20:41.959,16809,16810,16809,1,-1
2021-08-16 15:20:42.013,16809,16810,16810,1,1
2021-08-16 15:20:42.980,16809,16810,16810,1,1
2021-08-16 15:20:43.671,16809,16810,16810,10,10
2021-08-16 15:20:43.672,16809,16810,16810,28,28
2021-08-16 15:20:43.672,16809,16810,16811,1,1
2021-08-16 15:20:43.817,16810,16811,16811,4,4
2021-08-16 15:20:43.846,16810,16811,16811,1,1
2021-08-16 15:20:43.877,16810,16811,16811,4,4
2021-08-16 15:20:44.797,16810,16811,16811,1,1
2021-08-16 15:20:46.986,16809,16811,16811,1,1
2021-08-16 15:20:47.240,16809,16811,16811,1,1
2021-08-16 15:20:48.379,16808,16811,16811,2,2
2021-08-16 15:20:48.632,16808,16811,16810,1,-1
2021-08-16 15:20:49.261,16808,16810,16810,1,1
2021-08-16 15:20:50.114,16809,16810,16810,2,2
2021-08-16 15:20:50.918,16809,16810,16810,1,1
2021-08-16 15:20:51.712,16810,16811,16810,1,-1
2021-08-16 15:20:51.981,16810,16811,16811,1,1
2021-08-16 15:20:55.634,16810,16811,16811,1,1
2021-08-16 15:20:56.389,16810,16811,16810,4,-4
2021-08-16 15:20:57.068,16809,16810,16810,1,1
2021-08-16 15:20:57.068,16809,16810,16811,2,2
2021-08-16 15:20:57.675,16809,16811,16809,1,-1
2021-08-16 15:20:58.400,16809,16811,16810,1,1
2021-08-16 15:21:01.092,16810,16811,16810,1,-1
2021-08-16 15:21:02.021,16810,16811,16811,1,1
2021-08-16 15:21:03.921,16810,16811,16811,1,1
2021-08-16 15:21:04.036,16810,16811,16811,1,1
2021-08-16 15:21:04.038,16810,16811,16811,3,3
2021-08-16 15:21:06.263,16810,16812,16811,1,-1
2021-08-16 15:21:07.674,16810,16811,16811,2,2
2021-08-16 15:21:08.444,16810,16811,16811,1,1
2021-08-16 15:21:09.401,16810,16812,16811,2,-2
2021-08-16 15:21:09.710,16810,16811,16810,1,-1
2021-08-16 15:21:10.668,16809,16811,16811,1,1
2021-08-16 15:21:11.333,16810,16811,16810,2,-2
2021-08-16 15:21:12.642,16809,16811,16811,1,1
2021-08-16 15:21:15.127,16809,16811,16810,1,-1
2021-08-16 15:21:15.127,16809,16811,16810,1,-1
2021-08-16 15:21:15.134,16809,16811,16810,1,-1
2021-08-16 15:21:20.938,16810,16811,16811,1,1
2021-08-16 15:21:20.938,16810,16811,16811,4,4
2021-08-16 15:21:21.978,16810,16811,16811,1,1
2021-08-16 15:21:21.979,16810,16811,16811,1,1
2021-08-16 15:21:23.792,16810,16812,16812,2,2
2021-08-16 15:21:26.479,16811,16812,16811,3,-3
2021-08-16 15:21:27.182,16810,16812,16811,1,-1
2021-08-16 15:21:27.263,16810,16811,16811,1,1
2021-08-16 15:21:28.283,16810,16812,16811,1,-1
2021-08-16 15:21:30.281,16810,16811,16811,2,2
2021-08-16 15:21:30.281,16810,16811,16812,2,2
2021-08-16 15:21:31.219,16810,16811,16811,1,1
2021-08-16 15:21:31.219,16810,16811,16811,1,1
2021-08-16 15:21:31.423,16810,16812,16811,2,-2
2021-08-16 15:21:31.848,16810,16812,16812,1,1
2021-08-16 15:21:33.752,16810,16812,16811,1,-1
2021-08-16 15:21:35.595,16810,16811,16811,1,1
2021-08-16 15:21:35.595,16810,16811,16811,1,1
2021-08-16 15:21:37.447,16810,16811,16811,1,1
2021-08-16 15:21:37.499,16810,16811,16810,1,-1
2021-08-16 15:21:37.774,16810,16811,16810,1,-1
2021-08-16 15:21:39.715,16809,16811,16810,1,-1
2021-08-16 15:21:40.379,16809,16810,16810,2,2
2021-08-16 15:21:40.379,16809,16810,16810,1,1
2021-08-16 15:21:43.237,16809,16810,16810,1,1
2021-08-16 15:21:45.773,16809,16810,16809,4,-4
2021-08-16 15:21:48.961,16809,16810,16809,1,-1
2021-08-16 15:21:48.962,16809,16810,16809,1,-1
2021-08-16 15:21:53.620,16808,16809,16809,1,1
2021-08-16 15:21:55.144,16808,16810,16809,1,-1
2021-08-16 15:21:57.497,16808,16810,16808,1,-1
2021-08-16 15:22:00.303,16808,16810,16808,7,-7
2021-08-16 15:22:00.579,16807,16809,16807,1,-1
2021-08-16 15:22:00.860,16807,16809,16807,1,-1
2021-08-16 15:22:01.841,16807,16809,16807,1,-1
2021-08-16 15:22:05.387,16807,16809,16808,1,1
2021-08-16 15:22:08.671,16808,16809,16808,1,-1
2021-08-16 15:22:08.698,16808,16809,16807,1,-1
2021-08-16 15:22:08.945,16807,16809,16808,1,1
2021-08-16 15:22:09.537,16807,16808,16807,2,-2
2021-08-16 15:22:12.437,16806,16808,16808,2,2
2021-08-16 15:22:12.841,16806,16808,16807,2,-2
2021-08-16 15:22:16.499,16806,16807,16807,1,1
2021-08-16 15:22:20.814,16806,16807,16806,3,-3
2021-08-16 15:22:22.414,16805,16807,16806,1,-1
2021-08-16 15:22:27.601,16805,16806,16805,4,-4
2021-08-16 15:22:28.027,16805,16806,16805,1,-1
2021-08-16 15:22:28.064,16805,16806,16805,4,-4
2021-08-16 15:22:28.356,16805,16806,16805,1,-1
2021-08-16 15:22:30.335,16805,16806,16806,1,1
2021-08-16 15:22:31.939,16805,16806,16805,1,-1
2021-08-16 15:22:33.429,16805,16806,16806,1,1
2021-08-16 15:22:33.942,16805,16806,16806,1,1
2021-08-16 15:22:33.943,16805,16806,16806,1,1
2021-08-16 15:22:40.350,16806,16807,16806,3,-3
2021-08-16 15:22:40.350,16806,16807,16806,4,-4
2021-08-16 15:22:43.799,16806,16807,16806,1,-1
2021-08-16 15:22:44.302,16806,16807,16807,1,1
2021-08-16 15:22:44.618,16806,16807,16806,1,-1
2021-08-16 15:22:53.625,16806,16807,16806,1,-1
2021-08-16 15:22:58.621,16807,16808,16808,1,1
2021-08-16 15:23:00.686,16807,16808,16808,1,1
2021-08-16 15:23:01.351,16807,16808,16808,1,1
2021-08-16 15:23:02.897,16807,16808,16807,2,-2
2021-08-16 15:23:12.638,16806,16808,16807,1,-1
2021-08-16 15:23:14.136,16806,16808,16808,1,1
2021-08-16 15:23:17.300,16807,16808,16807,1,-1
2021-08-16 15:23:30.203,16806,16808,16806,1,-1
2021-08-16 15:23:30.203,16806,16808,16806,2,-2
2021-08-16 15:23:30.203,16806,16808,16806,2,-2
2021-08-16 15:23:33.511,16805,16806,16806,1,1
2021-08-16 15:23:37.641,16806,16807,16807,1,1
2021-08-16 15:23:44.872,16807,16808,16807,3,-3
2021-08-16 15:23:52.405,16807,16808,16807,3,-3
2021-08-16 15:23:57.203,16806,16807,16807,1,1
2021-08-16 15:24:00.167,16806,16808,16806,1,-1
2021-08-16 15:24:00.189,16806,16808,16806,1,-1
2021-08-16 15:24:00.217,16806,16808,16806,1,-1
2021-08-16 15:24:00.907,16806,16808,16808,1,1
2021-08-16 15:24:00.956,16806,16808,16808,1,1
2021-08-16 15:24:00.964,16806,16808,16808,1,1
2021-08-16 15:24:11.780,16807,16808,16808,1,1
2021-08-16 15:24:11.780,16807,16808,16808,1,1
2021-08-16 15:24:11.780,16807,16808,16808,1,1
2021-08-16 15:24:11.780,16807,16808,16808,1,1
2021-08-16 15:24:11.781,16807,16808,16808,1,1
2021-08-16 15:24:13.502,16808,16809,16809,1,1
2021-08-16 15:24:14.043,16808,16809,16809,4,4
2021-08-16 15:24:14.044,16808,16809,16809,1,1
2021-08-16 15:24:14.044,16808,16809,16809,5,5
2021-08-16 15:24:14.044,16808,16809,16809,13,13
2021-08-16 15:24:24.381,16809,16810,16809,1,-1
2021-08-16 15:24:26.656,16809,16810,16809,1,-1
2021-08-16 15:24:30.533,16808,16809,16809,2,2
2021-08-16 15:24:30.574,16808,16809,16810,1,1
2021-08-16 15:24:33.969,16808,16810,16809,1,-1
2021-08-16 15:24:39.738,16808,16810,16810,5,5
2021-08-16 15:24:41.335,16808,16810,16809,1,-1
2021-08-16 15:24:46.119,16808,16809,16808,4,-4
2021-08-16 15:24:48.380,16807,16808,16808,1,1
2021-08-16 15:24:51.135,16807,16808,16807,1,-1
2021-08-16 15:25:00.315,16807,16808,16808,1,1
2021-08-16 15:25:00.526,16808,16809,16809,1,1
2021-08-16 15:25:00.618,16808,16809,16808,1,-1
2021-08-16 15:25:08.439,16808,16809,16809,2,2
2021-08-16 15:25:08.911,16808,16809,16809,1,1
2021-08-16 15:25:08.911,16808,16809,16810,2,2
2021-08-16 15:25:09.012,16808,16810,16808,10,-10
2021-08-16 15:25:09.012,16808,16810,16807,10,-10
2021-08-16 15:25:09.026,16808,16810,16808,1,1
2021-08-16 15:25:09.476,16807,16808,16808,1,1
2021-08-16 15:25:09.476,16807,16808,16809,1,1
2021-08-16 15:25:09.917,16807,16809,16809,2,2
2021-08-16 15:25:10.902,16807,16810,16810,1,1
2021-08-16 15:25:16.197,16809,16810,16809,1,-1
2021-08-16 15:25:17.999,16808,16809,16808,2,-2
2021-08-16 15:25:18.146,16807,16809,16809,1,1
2021-08-16 15:25:24.612,16808,16809,16808,1,-1
2021-08-16 15:25:24.808,16807,16809,16809,1,1
2021-08-16 15:25:32.651,16808,16809,16808,1,-1
2021-08-16 15:25:33.149,16807,16809,16808,1,-1
2021-08-16 15:25:33.721,16807,16808,16807,4,-4
2021-08-16 15:25:33.873,16807,16808,16807,1,-1
2021-08-16 15:25:36.019,16807,16808,16807,2,-2
2021-08-16 15:25:41.745,16806,16807,16807,1,1
2021-08-16 15:25:47.158,16806,16808,16806,5,-5
2021-08-16 15:25:56.071,16806,16807,16807,2,2
2021-08-16 15:25:58.987,16806,16807,16807,1,1
2021-08-16 15:26:01.328,16807,16808,16807,1,-1
2021-08-16 15:26:02.030,16806,16808,16808,1,1
2021-08-16 15:26:02.059,16806,16808,16808,1,1
2021-08-16 15:26:10.383,16806,16808,16808,1,1
2021-08-16 15:26:14.856,16806,16807,16806,2,-2
2021-08-16 15:26:17.266,16806,16807,16806,5,-5
2021-08-16 15:26:17.267,16806,16807,16806,2,-2
2021-08-16 15:26:17.777,16805,16807,16805,36,-36
2021-08-16 15:26:19.530,16804,16805,16805,1,1
2021-08-16 15:26:20.399,16804,16805,16805,1,1
2021-08-16 15:26:23.530,16804,16805,16804,2,-2
2021-08-16 15:26:23.592,16804,16805,16804,1,-1
2021-08-16 15:26:26.022,16804,16805,16804,2,-2
2021-08-16 15:26:29.086,16804,16805,16804,1,-1
2021-08-16 15:26:31.949,16804,16805,16804,4,-4
2021-08-16 15:26:31.949,16804,16805,16804,1,-1
2021-08-16 15:26:48.503,16804,16805,16805,1,1
2021-08-16 15:26:48.503,16804,16805,16805,1,1
2021-08-16 15:26:48.503,16804,16805,16805,1,1
2021-08-16 15:26:48.886,16804,16807,16807,1,1
2021-08-16 15:26:48.944,16804,16807,16807,2,2
2021-08-16 15:26:51.940,16806,16807,16806,1,-1
2021-08-16 15:26:54.108,16805,16806,16806,1,1
2021-08-16 15:27:03.284,16807,16808,16807,2,2
2021-08-16 15:27:22.161,16806,16807,16806,2,-2
2021-08-16 15:27:23.170,16806,16807,16806,1,-1
2021-08-16 15:27:25.088,16805,16806,16805,1,-1
2021-08-16 15:27:27.709,16804,16805,16805,1,1
2021-08-16 15:27:28.692,16804,16805,16805,1,1
2021-08-16 15:27:37.716,16805,16807,16805,1,-1
2021-08-16 15:27:45.455,16806,16807,16806,1,1
2021-08-16 15:27:47.407,16805,16807,16805,1,-1
2021-08-16 15:27:49.090,16805,16806,16805,1,-1
2021-08-16 15:27:49.787,16805,16806,16805,1,-1
2021-08-16 15:27:49.787,16805,16806,16804,1,-1
2021-08-16 15:27:58.941,16805,16806,16805,1,1
2021-08-16 15:28:03.291,16805,16806,16806,1,1
2021-08-16 15:28:05.082,16805,16806,16806,1,1
2021-08-16 15:28:05.207,16805,16806,16806,1,1
2021-08-16 15:28:10.582,16806,16807,16807,4,4
2021-08-16 15:28:12.194,16806,16808,16808,3,3
2021-08-16 15:28:12.194,16806,16808,16808,5,5
2021-08-16 15:28:18.825,16807,16808,16808,28,28
2021-08-16 15:28:18.825,16807,16808,16809,15,15
2021-08-16 15:28:18.825,16807,16808,16810,44,44
2021-08-16 15:28:18.828,16807,16808,16810,6,6
2021-08-16 15:28:18.828,16807,16808,16810,8,8
2021-08-16 15:28:18.832,16809,16810,16810,1,1
2021-08-16 15:28:19.631,16810,16811,16810,2,-2
2021-08-16 15:28:19.931,16808,16811,16810,1,-1
2021-08-16 15:28:20.637,16808,16810,16810,1,1
2021-08-16 15:28:21.664,16810,16811,16810,1,-1
2021-08-16 15:28:21.664,16810,16811,16809,1,-1
2021-08-16 15:28:25.325,16809,16810,16809,2,-2
2021-08-16 15:28:38.256,16809,16810,16810,2,2
2021-08-16 15:28:38.628,16809,16810,16810,1,1
2021-08-16 15:28:38.631,16809,16810,16810,1,1
2021-08-16 15:28:41.095,16809,16810,16810,1,1
2021-08-16 15:28:42.595,16809,16810,16810,1,1
2021-08-16 15:28:46.503,16809,16811,16809,1,-1
2021-08-16 15:28:47.707,16809,16810,16810,1,1
2021-08-16 15:28:50.598,16809,16810,16810,1,1
2021-08-16 15:28:51.323,16809,16810,16810,3,3
2021-08-16 15:28:56.463,16809,16811,16810,1,-1
2021-08-16 15:28:58.100,16809,16810,16809,1,-1
2021-08-16 15:28:58.853,16809,16810,16810,3,3
2021-08-16 15:28:58.854,16809,16810,16810,2,2
2021-08-16 15:29:02.936,16810,16811,16810,3,-3
2021-08-16 15:29:03.701,16809,16810,16809,7,-7
2021-08-16 15:29:20.193,16807,16808,16807,2,-2
2021-08-16 15:29:23.802,16807,16808,16807,1,-1
2021-08-16 15:29:30.156,16806,16807,16806,1,-1
2021-08-16 15:29:34.720,16806,16807,16806,1,-1
2021-08-16 15:29:34.843,16806,16807,16806,1,-1
2021-08-16 15:29:36.061,16805,16807,16805,1,-1
2021-08-16 15:29:36.232,16805,16807,16805,2,-2
2021-08-16 15:30:01.070,16806,16807,16807,1,1
2021-08-16 15:30:01.071,16806,16807,16807,1,1
2021-08-16 15:30:01.073,16806,16807,16807,1,1
2021-08-16 15:30:01.074,16806,16807,16807,1,1
2021-08-16 15:30:01.251,16806,16807,16807,2,2
2021-08-16 15:30:01.506,16806,16808,16807,1,-1
2021-08-16 15:30:01.507,16806,16808,16807,3,-3
2021-08-16 15:30:01.507,16806,16808,16806,1,-1
2021-08-16 15:30:01.855,16806,16808,16808,5,5
2021-08-16 15:30:02.144,16807,16808,16808,1,1
2021-08-16 15:30:02.795,16807,16808,16807,2,-2
2021-08-16 15:30:07.088,16807,16808,16808,8,8
2021-08-16 15:30:07.088,16807,16808,16808,1,1
2021-08-16 15:30:07.088,16807,16808,16808,1,1
2021-08-16 15:30:07.088,16807,16808,16808,4,4
2021-08-16 15:30:09.170,16808,16809,16809,2,2
2021-08-16 15:30:10.714,16808,16810,16810,2,2
2021-08-16 15:30:10.714,16808,16810,16810,1,1
2021-08-16 15:30:11.695,16809,16811,16810,1,-1
2021-08-16 15:30:20.101,16810,16811,16810,2,-2
2021-08-16 15:30:22.473,16809,16811,16809,1,-1
2021-08-16 15:30:22.964,16809,16810,16809,1,-1
2021-08-16 15:30:25.827,16808,16810,16810,1,1
2021-08-16 15:30:28.269,16808,16810,16808,2,-2
2021-08-16 15:30:34.727,16808,16809,16808,2,-2
2021-08-16 15:30:36.799,16807,16809,16809,2,2
2021-08-16 15:30:53.407,16808,16809,16809,1,1
2021-08-16 15:30:59.041,16808,16809,16809,1,1
2021-08-16 15:31:04.173,16809,16810,16809,1,-1
2021-08-16 15:31:06.230,16809,16810,16809,2,-2
2021-08-16 15:31:18.414,16809,16810,16810,1,1
2021-08-16 15:31:29.332,16809,16810,16810,5,5
2021-08-16 15:31:30.346,16809,16810,16810,1,1
2021-08-16 15:31:32.953,16809,16810,16810,3,3
2021-08-16 15:31:32.953,16809,16810,16811,2,2
2021-08-16 15:31:33.130,16809,16811,16811,1,1
2021-08-16 15:31:36.693,16809,16811,16811,1,1
2021-08-16 15:31:45.875,16810,16811,16810,3,-3
2021-08-16 15:31:46.084,16809,16810,16810,1,1
2021-08-16 15:31:46.122,16809,16810,16809,5,-5
2021-08-16 15:31:46.612,16808,16809,16809,2,2
2021-08-16 15:31:53.173,16808,16810,16810,5,5
2021-08-16 15:31:53.173,16808,16810,16811,5,5
2021-08-16 15:32:02.108,16809,16810,16809,2,-2
2021-08-16 15:32:04.731,16808,16809,16808,32,-32
2021-08-16 15:32:04.732,16808,16809,16807,1,-1
2021-08-16 15:32:04.732,16808,16809,16807,1,-1
2021-08-16 15:32:23.447,16807,16808,16807,1,-1
2021-08-16 15:32:33.990,16806,16807,16806,1,-1
2021-08-16 15:32:33.990,16806,16807,16806,3,-3
2021-08-16 15:32:34.143,16806,16807,16806,1,-1
2021-08-16 15:32:34.643,16805,16807,16807,4,4
2021-08-16 15:32:35.607,16805,16807,16807,3,3
2021-08-16 15:32:35.607,16805,16807,16807,1,1
2021-08-16 15:32:35.607,16805,16807,16807,1,1
2021-08-16 15:32:35.799,16805,16807,16807,1,1
2021-08-16 15:32:39.417,16805,16807,16805,1,-1
2021-08-16 15:32:46.039,16805,16807,16807,1,1
2021-08-16 15:32:47.340,16806,16808,16806,1,-1
2021-08-16 15:32:51.347,16805,16808,16805,1,-1
2021-08-16 15:32:53.591,16806,16808,16806,1,1
2021-08-16 15:32:53.770,16806,16808,16806,1,-1
2021-08-16 15:33:03.489,16806,16807,16807,1,1
2021-08-16 15:33:19.391,16806,16807,16806,2,-2
2021-08-16 15:33:25.451,16807,16808,16807,1,1
2021-08-16 15:33:28.031,16805,16807,16805,2,-2
2021-08-16 15:33:29.737,16805,16807,16805,2,-2
2021-08-16 15:33:58.501,16805,16807,16805,2,-2
2021-08-16 15:34:00.130,16805,16807,16805,4,-4
2021-08-16 15:34:08.375,16804,16805,16805,1,1
2021-08-16 15:34:12.559,16805,16806,16805,2,-2
2021-08-16 15:34:13.359,16805,16806,16806,1,1
2021-08-16 15:34:13.360,16805,16806,16806,1,1
2021-08-16 15:34:13.360,16805,16806,16806,1,1
2021-08-16 15:34:13.954,16805,16807,16807,2,2
2021-08-16 15:34:19.822,16806,16807,16807,1,1
2021-08-16 15:34:25.441,16807,16808,16807,1,-1
2021-08-16 15:34:27.785,16806,16807,16807,1,1
2021-08-16 15:34:30.075,16806,16807,16806,3,-3
2021-08-16 15:34:39.525,16805,16807,16805,1,-1
2021-08-16 15:34:39.525,16805,16807,16805,1,-1
2021-08-16 15:34:51.897,16804,16805,16804,2,-2
2021-08-16 15:34:54.112,16804,16805,16804,4,-4
2021-08-16 15:35:04.938,16803,16804,16804,1,1
2021-08-16 15:35:05.247,16803,16804,16804,1,1
2021-08-16 15:35:05.248,16803,16804,16804,1,1
2021-08-16 15:35:06.376,16803,16805,16803,2,-2
2021-08-16 15:35:10.511,16803,16804,16803,1,-1
2021-08-16 15:35:15.543,16803,16804,16803,1,-1
2021-08-16 15:35:16.410,16802,16803,16802,1,-1
2021-08-16 15:35:16.485,16802,16803,16802,1,-1
2021-08-16 15:35:24.384,16802,16803,16803,1,1
2021-08-16 15:35:29.965,16802,16803,16802,2,-2
2021-08-16 15:35:30.122,16801,16802,16801,1,-1
2021-08-16 15:35:30.122,16801,16802,16801,1,-1
2021-08-16 15:35:32.918,16802,16803,16802,1,1
2021-08-16 15:35:32.918,16802,16803,16801,4,-4
2021-08-16 15:35:33.915,16801,16802,16801,2,-2
2021-08-16 15:35:36.093,16801,16802,16802,1,1
2021-08-16 15:35:37.027,16802,16803,16802,1,-1
2021-08-16 15:35:37.501,16802,16803,16803,1,1
2021-08-16 15:35:44.140,16803,16804,16803,1,-1
2021-08-16 15:35:45.375,16803,16804,16803,2,-2
2021-08-16 15:35:46.999,16803,16804,16803,2,-2
2021-08-16 15:35:47.452,16803,16804,16804,1,1
2021-08-16 15:35:55.809,16803,16804,16803,1,-1
2021-08-16 15:35:55.809,16803,16804,16803,1,-1
2021-08-16 15:36:00.270,16803,16804,16804,2,2
2021-08-16 15:36:00.270,16803,16804,16804,26,26
2021-08-16 15:36:00.271,16803,16804,16805,3,3
2021-08-16 15:36:00.272,16803,16804,16805,1,1
2021-08-16 15:36:00.272,16803,16804,16805,1,1
2021-08-16 15:36:02.940,16805,16806,16805,1,-1
2021-08-16 15:36:15.072,16805,16806,16806,1,1
2021-08-16 15:36:15.339,16805,16806,16805,1,-1
2021-08-16 15:36:16.674,16805,16806,16805,1,-1
2021-08-16 15:36:18.529,16805,16806,16805,1,-1
2021-08-16 15:36:19.704,16805,16806,16805,1,-1
2021-08-16 15:36:19.704,16805,16806,16805,1,-1
2021-08-16 15:36:19.705,16805,16806,16805,2,-2
2021-08-16 15:36:19.705,16805,16806,16805,5,-5
2021-08-16 15:36:19.872,16803,16805,16805,1,1
2021-08-16 15:36:24.144,16804,16805,16804,1,-1
2021-08-16 15:36:27.317,16804,16805,16804,1,-1
2021-08-16 15:36:42.371,16804,16805,16805,2,2
2021-08-16 15:36:48.645,16804,16805,16805,1,1
2021-08-16 15:36:49.320,16804,16805,16805,1,1
2021-08-16 15:36:59.644,16804,16805,16805,1,1
2021-08-16 15:37:01.621,16804,16805,16804,1,-1
2021-08-16 15:37:14.495,16802,16804,16804,1,1
2021-08-16 15:37:33.913,16802,16803,16802,1,-1
2021-08-16 15:37:41.437,16802,16803,16803,1,1
2021-08-16 15:37:50.716,16802,16804,16803,1,-1
2021-08-16 15:37:51.030,16803,16804,16804,1,1
2021-08-16 15:37:55.062,16803,16804,16804,1,1
2021-08-16 15:38:04.622,16803,16804,16803,2,-2
2021-08-16 15:38:34.504,16803,16804,16803,1,-1
2021-08-16 15:38:48.309,16803,16804,16803,1,-1
2021-08-16 15:38:48.679,16803,16804,16803,2,-2
2021-08-16 15:38:59.774,16803,16804,16804,1,1
2021-08-16 15:38:59.774,16803,16804,16804,2,2
2021-08-16 15:39:05.467,16804,16805,16805,4,4
2021-08-16 15:39:05.468,16804,16805,16805,1,1
2021-08-16 15:39:05.468,16804,16805,16805,6,6
2021-08-16 15:39:05.468,16804,16805,16805,6,6
2021-08-16 15:39:05.468,16804,16805,16805,1,1
2021-08-16 15:39:05.468,16804,16805,16805,5,5
2021-08-16 15:39:05.468,16804,16805,16805,3,3
2021-08-16 15:39:12.764,16804,16806,16806,5,5
2021-08-16 15:39:13.109,16805,16807,16807,1,1
2021-08-16 15:39:13.145,16805,16807,16807,1,1
2021-08-16 15:39:13.319,16805,16807,16807,1,1
2021-08-16 15:39:27.813,16805,16806,16805,2,-2
2021-08-16 15:39:27.887,16804,16806,16806,5,5
2021-08-16 15:39:54.970,16805,16807,16806,1,-1
2021-08-16 15:40:08.737,16805,16806,16805,2,-2
2021-08-16 15:40:08.738,16805,16806,16805,1,-1
2021-08-16 15:40:37.453,16803,16804,16803,1,-1
2021-08-16 15:41:16.377,16802,16803,16802,1,-1
2021-08-16 15:41:16.377,16802,16803,16802,1,-1
2021-08-16 15:41:20.004,16802,16803,16803,1,1
2021-08-16 15:41:34.218,16803,16804,16803,1,-1
2021-08-16 15:41:41.866,16803,16804,16804,1,1
2021-08-16 15:41:41.866,16803,16804,16804,1,1
2021-08-16 15:41:41.981,16804,16805,16805,3,3
2021-08-16 15:41:42.127,16804,16805,16805,1,1
2021-08-16 15:41:53.978,16804,16805,16805,3,3
2021-08-16 15:42:29.039,16803,16805,16803,2,-2
2021-08-16 15:42:29.880,16803,16804,16804,2,2
2021-08-16 15:42:38.391,16803,16804,16804,1,1
2021-08-16 15:42:53.541,16804,16805,16805,2,2
2021-08-16 15:42:56.181,16804,16805,16805,2,2
2021-08-16 15:42:56.181,16804,16805,16805,1,1
2021-08-16 15:42:56.181,16804,16805,16805,1,1
2021-08-16 15:42:56.181,16804,16805,16805,1,1
2021-08-16 15:42:56.181,16804,16805,16805,5,5
2021-08-16 15:42:56.181,16804,16805,16805,1,1
2021-08-16 15:42:56.181,16804,16805,16805,3,3
2021-08-16 15:42:56.182,16804,16805,16805,4,4
2021-08-16 15:42:56.182,16804,16805,16805,1,1
2021-08-16 15:43:12.202,16804,16805,16805,2,2
2021-08-16 15:43:12.202,16804,16805,16805,2,2
2021-08-16 15:43:12.205,16804,16805,16805,1,1
2021-08-16 15:43:56.878,16805,16806,16805,2,-2
2021-08-16 15:44:02.684,16805,16806,16805,1,-1
2021-08-16 15:44:07.577,16805,16806,16805,1,-1
2021-08-16 15:44:15.358,16805,16806,16805,1,-1
2021-08-16 15:44:17.384,16804,16805,16804,1,-1
2021-08-16 15:44:17.384,16804,16805,16804,1,-1
2021-08-16 15:44:17.385,16804,16805,16804,1,-1
2021-08-16 15:44:27.511,16803,16804,16803,1,-1
2021-08-16 15:44:36.254,16803,16804,16803,1,-1
2021-08-16 15:44:38.082,16802,16804,16802,1,-1
2021-08-16 15:44:44.552,16802,16803,16802,1,-1
2021-08-16 15:44:48.005,16801,16802,16801,1,-1
2021-08-16 15:44:48.006,16801,16802,16801,1,-1
2021-08-16 15:44:48.112,16801,16802,16801,1,-1
2021-08-16 15:44:48.112,16801,16802,16801,1,-1
2021-08-16 15:44:48.113,16801,16802,16801,5,-5
2021-08-16 15:44:53.810,16800,16801,16801,1,1
2021-08-16 15:44:55.215,16800,16801,16800,1,-1
2021-08-16 15:44:55.216,16800,16801,16800,1,-1
2021-08-16 15:44:55.216,16800,16801,16800,1,-1
2021-08-16 15:44:55.216,16800,16801,16800,1,-1
2021-08-16 15:44:55.216,16800,16801,16800,1,-1
2021-08-16 15:44:55.216,16800,16801,16800,1,-1
2021-08-16 15:44:55.354,16800,16801,16800,1,-1
2021-08-16 15:44:55.379,16800,16801,16800,1,-1
2021-08-16 15:44:55.439,16800,16801,16800,1,-1
2021-08-16 15:44:56.225,16800,16801,16801,3,3
2021-08-16 15:44:57.005,16801,16802,16801,1,-1
2021-08-16 15:44:58.510,16801,16802,16802,1,1
2021-08-16 15:45:13.481,16801,16802,16801,8,-8
2021-08-16 15:45:15.139,16801,16802,16802,1,1
2021-08-16 15:45:15.139,16801,16802,16802,2,2
2021-08-16 15:45:15.139,16801,16802,16802,1,1
2021-08-16 15:45:15.139,16801,16802,16802,1,1
2021-08-16 15:45:17.243,16801,16803,16801,1,-1
2021-08-16 15:45:20.172,16800,16803,16800,1,-1
2021-08-16 15:45:20.208,16800,16802,16800,1,-1
2021-08-16 15:45:20.209,16800,16802,16800,1,-1
2021-08-16 15:45:20.209,16800,16802,16800,1,-1
2021-08-16 15:45:20.209,16800,16802,16800,1,-1
2021-08-16 15:45:20.209,16800,16802,16800,1,-1
2021-08-16 15:45:20.209,16800,16802,16800,1,-1
2021-08-16 15:45:20.209,16800,16802,16800,1,-1
2021-08-16 15:45:20.210,16800,16802,16800,1,-1
2021-08-16 15:45:20.210,16800,16802,16800,1,-1
2021-08-16 15:45:20.210,16800,16802,16800,1,-1
2021-08-16 15:45:20.210,16800,16802,16800,1,-1
2021-08-16 15:45:20.210,16800,16802,16800,1,-1
2021-08-16 15:45:28.758,16801,16802,16801,1,1
2021-08-16 15:45:41.284,16800,16801,16801,1,1
2021-08-16 15:45:41.574,16801,16802,16801,1,-1
2021-08-16 15:45:52.559,16800,16801,16801,1,1
2021-08-16 15:45:59.209,16800,16801,16800,2,-2
2021-08-16 15:46:04.961,16800,16801,16800,5,-5
2021-08-16 15:46:05.199,16800,16801,16800,1,-1
2021-08-16 15:46:10.463,16800,16801,16800,1,-1
2021-08-16 15:46:11.919,16800,16801,16801,2,2
2021-08-16 15:46:12.080,16800,16801,16800,1,-1
2021-08-16 15:46:17.720,16800,16801,16800,1,-1
2021-08-16 15:46:58.076,16800,16801,16800,1,-1
2021-08-16 15:47:12.498,16800,16801,16800,1,-1
2021-08-16 15:47:12.969,16800,16801,16801,8,8
2021-08-16 15:47:20.950,16801,16802,16802,4,4
2021-08-16 15:47:24.448,16802,16804,16802,1,-1
2021-08-16 15:47:36.369,16803,16804,16803,1,1
2021-08-16 15:47:36.369,16803,16804,16803,1,-1
2021-08-16 15:47:49.612,16802,16803,16802,1,-1
2021-08-16 15:47:51.481,16801,16802,16802,1,1
2021-08-16 15:47:53.886,16801,16802,16801,2,-2
2021-08-16 15:47:57.568,16801,16803,16801,2,-2
2021-08-16 15:48:02.056,16801,16803,16801,2,-2
2021-08-16 15:48:12.515,16801,16802,16802,2,2
2021-08-16 15:48:16.523,16801,16802,16801,1,-1
2021-08-16 15:48:18.043,16801,16802,16802,1,1
2021-08-16 15:48:26.616,16801,16802,16801,2,-2
2021-08-16 15:48:31.694,16800,16802,16802,1,1
2021-08-16 15:48:32.021,16801,16802,16801,1,-1
2021-08-16 15:48:46.781,16800,16801,16800,12,-12
2021-08-16 15:48:46.781,16800,16801,16800,2,-2
2021-08-16 15:48:46.781,16800,16801,16800,17,-17
2021-08-16 15:48:46.782,16800,16801,16800,1,-1
2021-08-16 15:48:46.782,16800,16801,16800,1,-1
2021-08-16 15:48:48.117,16799,16800,16799,1,-1
2021-08-16 15:48:48.343,16799,16800,16799,1,-1
2021-08-16 15:48:48.343,16799,16800,16799,1,-1
2021-08-16 15:48:48.396,16799,16800,16798,1,-1
2021-08-16 15:48:48.487,16798,16800,16799,1,1
2021-08-16 15:48:48.689,16798,16800,16799,1,-1
2021-08-16 15:48:48.962,16798,16800,16800,1,1
2021-08-16 15:48:52.396,16798,16799,16798,6,-6
2021-08-16 15:48:52.753,16796,16798,16797,2,-2
2021-08-16 15:48:52.858,16796,16798,16796,1,-1
2021-08-16 15:48:53.066,16796,16798,16798,1,1
2021-08-16 15:48:58.657,16796,16797,16796,1,-1
2021-08-16 15:49:00.045,16796,16797,16796,1,-1
2021-08-16 15:49:00.403,16796,16797,16796,1,-1
2021-08-16 15:49:04.066,16795,16796,16796,1,1
2021-08-16 15:49:08.153,16795,16796,16795,1,-1
2021-08-16 15:49:08.232,16795,16796,16795,1,-1
2021-08-16 15:49:08.962,16795,16796,16795,1,-1
2021-08-16 15:49:12.374,16795,16796,16795,1,-1
2021-08-16 15:49:13.548,16795,16796,16795,1,-1
2021-08-16 15:49:17.649,16795,16796,16795,1,-1
2021-08-16 15:49:18.950,16795,16796,16795,1,-1
2021-08-16 15:49:19.134,16795,16796,16795,1,-1
2021-08-16 15:49:25.907,16795,16796,16795,1,-1
2021-08-16 15:49:27.145,16795,16796,16795,1,-1
2021-08-16 15:49:29.948,16795,16796,16795,1,-1
2021-08-16 15:49:34.410,16795,16796,16796,2,2
2021-08-16 15:49:34.410,16795,16796,16796,2,2
2021-08-16 15:49:38.953,16796,16797,16796,1,-1
2021-08-16 15:49:45.544,16795,16796,16795,1,-1
2021-08-16 15:49:53.157,16795,16796,16795,1,-1
2021-08-16 15:49:54.012,16795,16796,16795,1,-1
2021-08-16 15:49:56.147,16795,16796,16795,1,-1
2021-08-16 15:49:59.123,16794,16795,16795,1,1
2021-08-16 15:50:06.393,16794,16795,16794,1,-1
2021-08-16 15:50:06.469,16794,16795,16794,1,-1
2021-08-16 15:50:06.642,16794,16795,16794,2,-2
2021-08-16 15:50:06.690,16794,16795,16794,1,-1
2021-08-16 15:50:06.690,16794,16795,16794,2,-2
2021-08-16 15:50:11.821,16794,16795,16794,1,-1
2021-08-16 15:50:12.010,16794,16795,16794,2,-2
2021-08-16 15:50:12.263,16793,16794,16794,1,1
2021-08-16 15:50:16.587,16793,16794,16794,1,1
2021-08-16 15:50:16.799,16793,16794,16794,1,1
2021-08-16 15:50:16.836,16793,16795,16793,1,-1
2021-08-16 15:50:17.956,16793,16795,16793,1,-1
2021-08-16 15:50:18.309,16793,16795,16793,1,-1
2021-08-16 15:50:20.401,16793,16794,16793,2,-2
2021-08-16 15:50:22.512,16793,16794,16794,3,3
2021-08-16 15:50:28.561,16793,16795,16795,7,7
2021-08-16 15:50:29.254,16794,16796,16794,1,-1
2021-08-16 15:50:29.349,16794,16796,16794,1,-1
2021-08-16 15:50:35.485,16795,16796,16795,1,1
2021-08-16 15:50:35.485,16795,16796,16795,1,-1
2021-08-16 15:50:39.621,16795,16796,16795,1,-1
2021-08-16 15:50:51.045,16794,16795,16794,1,-1
2021-08-16 15:50:53.390,16794,16795,16795,1,1
2021-08-16 15:51:00.058,16794,16795,16795,1,1
2021-08-16 15:51:03.946,16794,16795,16794,1,-1
2021-08-16 15:51:06.902,16794,16795,16794,3,-3
2021-08-16 15:51:11.277,16793,16794,16793,6,-6
2021-08-16 15:51:11.277,16793,16794,16793,1,-1
2021-08-16 15:51:11.277,16793,16794,16793,1,-1
2021-08-16 15:51:11.277,16793,16794,16793,4,-4
2021-08-16 15:51:11.277,16793,16794,16793,1,-1
2021-08-16 15:51:11.277,16793,16794,16793,1,-1
2021-08-16 15:51:11.278,16793,16794,16793,1,-1
2021-08-16 15:51:20.610,16793,16794,16793,1,-1
2021-08-16 15:51:26.169,16793,16794,16793,1,-1
2021-08-16 15:51:33.171,16793,16794,16793,1,-1
2021-08-16 15:51:38.437,16793,16794,16793,1,-1
2021-08-16 15:51:38.443,16793,16794,16793,1,-1
2021-08-16 15:51:46.473,16792,16793,16792,1,-1
2021-08-16 15:51:49.609,16792,16793,16793,1,1
2021-08-16 15:51:54.111,16793,16794,16793,7,-7
2021-08-16 15:51:54.667,16792,16794,16792,5,-5
2021-08-16 15:51:59.430,16793,16794,16793,1,1
2021-08-16 15:52:02.047,16793,16794,16793,1,-1
2021-08-16 15:52:05.463,16793,16794,16793,2,-2
2021-08-16 15:52:06.085,16793,16794,16793,1,-1
2021-08-16 15:52:07.264,16793,16794,16793,1,-1
2021-08-16 15:52:07.574,16793,16794,16794,1,1
2021-08-16 15:52:10.507,16793,16794,16793,5,-5
2021-08-16 15:52:10.507,16793,16794,16792,1,-1
2021-08-16 15:52:21.463,16793,16794,16793,1,1
2021-08-16 15:52:23.755,16792,16793,16792,7,-7
2021-08-16 15:52:23.755,16792,16793,16792,3,-3
2021-08-16 15:52:25.735,16791,16792,16791,4,-4
2021-08-16 15:52:25.735,16791,16792,16790,2,-2
2021-08-16 15:52:25.857,16790,16792,16790,2,-2
2021-08-16 15:52:25.872,16790,16792,16790,2,-2
2021-08-16 15:52:26.020,16790,16792,16790,1,-1
2021-08-16 15:52:32.811,16791,16792,16791,1,1
2021-08-16 15:52:35.092,16791,16792,16791,2,-2
2021-08-16 15:52:37.246,16790,16791,16791,1,1
2021-08-16 15:52:37.448,16790,16791,16791,2,2
2021-08-16 15:52:37.449,16790,16791,16791,1,1
2021-08-16 15:52:37.449,16790,16791,16791,8,8
2021-08-16 15:52:40.065,16791,16792,16792,3,3
2021-08-16 15:52:41.141,16792,16793,16792,1,-1
2021-08-16 15:52:41.644,16792,16793,16792,2,-2
2021-08-16 15:52:43.259,16792,16793,16793,2,2
2021-08-16 15:52:49.167,16792,16793,16793,2,2
2021-08-16 15:52:49.252,16793,16794,16794,5,5
2021-08-16 15:52:49.447,16794,16795,16795,3,3
2021-08-16 15:52:49.496,16794,16795,16795,1,1
2021-08-16 15:52:49.531,16794,16795,16795,1,1
2021-08-16 15:52:50.292,16794,16796,16794,1,-1
2021-08-16 15:52:51.113,16793,16796,16796,1,1
2021-08-16 15:52:56.262,16793,16796,16793,4,-4
2021-08-16 15:53:01.629,16792,16794,16794,3,3
2021-08-16 15:53:14.453,16792,16794,16792,2,-2
2021-08-16 15:53:20.935,16791,16793,16793,1,1
2021-08-16 15:53:28.250,16791,16792,16792,1,1
2021-08-16 15:53:34.045,16791,16792,16792,5,5
2021-08-16 15:53:41.540,16792,16793,16792,1,-1
2021-08-16 15:53:44.015,16791,16792,16792,1,1
2021-08-16 15:53:46.591,16791,16792,16792,3,3
2021-08-16 15:53:46.674,16791,16792,16792,1,1
2021-08-16 15:53:48.780,16792,16793,16793,2,2
2021-08-16 15:53:48.994,16793,16794,16794,1,1
2021-08-16 15:53:51.986,16793,16794,16794,1,1
2021-08-16 15:53:51.986,16793,16794,16794,6,6
2021-08-16 15:54:25.972,16794,16795,16795,1,1
2021-08-16 15:54:27.328,16794,16795,16795,1,1
2021-08-16 15:54:27.658,16794,16795,16794,1,-1
2021-08-16 15:54:55.131,16793,16794,16793,1,-1
2021-08-16 15:54:56.090,16792,16794,16792,8,-8
2021-08-16 15:54:56.091,16792,16794,16792,1,-1
2021-08-16 15:54:56.091,16792,16794,16792,1,-1
2021-08-16 15:54:59.927,16791,16792,16792,1,1
2021-08-16 15:55:01.352,16791,16792,16792,1,1
2021-08-16 15:55:23.957,16791,16792,16792,1,1
2021-08-16 15:55:25.342,16791,16792,16792,1,1
2021-08-16 15:55:25.558,16792,16794,16794,3,3
2021-08-16 15:55:25.932,16793,16795,16795,3,3
2021-08-16 15:55:33.848,16793,16795,16795,1,1
2021-08-16 15:55:35.838,16794,16795,16795,1,1
2021-08-16 15:55:43.049,16794,16795,16795,1,1
2021-08-16 15:55:43.049,16794,16795,16795,3,3
2021-08-16 15:55:43.050,16794,16795,16795,4,4
2021-08-16 15:55:43.050,16794,16795,16795,1,1
2021-08-16 15:55:43.050,16794,16795,16795,13,13
2021-08-16 15:55:43.385,16794,16796,16796,4,4
2021-08-16 15:55:50.684,16793,16795,16793,1,-1
2021-08-16 15:56:14.840,16792,16793,16793,1,1
2021-08-16 15:56:34.745,16793,16794,16793,1,-1
2021-08-16 15:56:36.207,16793,16794,16793,2,-2
2021-08-16 15:56:36.207,16793,16794,16793,1,-1
2021-08-16 15:57:00.348,16792,16793,16793,1,1
2021-08-16 15:57:35.787,16792,16793,16792,1,-1
2021-08-16 15:57:37.458,16792,16793,16793,2,2
2021-08-16 15:57:41.346,16792,16793,16792,3,-3
2021-08-16 15:57:44.018,16791,16793,16791,3,-3
2021-08-16 15:57:56.077,16791,16792,16792,2,2
2021-08-16 15:57:56.078,16791,16792,16792,2,2
2021-08-16 15:57:58.848,16791,16793,16791,3,-3
2021-08-16 15:58:07.167,16792,16793,16793,1,1
2021-08-16 15:58:07.167,16792,16793,16793,1,1
2021-08-16 15:58:24.683,16793,16794,16793,2,-2
2021-08-16 15:58:27.013,16793,16794,16793,1,-1
2021-08-16 15:58:35.723,16793,16794,16793,1,-1
2021-08-16 15:58:39.757,16793,16794,16794,16,16
2021-08-16 15:58:39.757,16793,16794,16794,2,2
2021-08-16 15:58:39.757,16793,16794,16794,2,2
2021-08-16 15:58:39.757,16793,16794,16794,1,1
2021-08-16 15:58:40.526,16794,16795,16795,2,2
2021-08-16 15:59:07.259,16796,16797,16797,6,6
2021-08-16 15:59:07.444,16796,16798,16798,1,1
2021-08-16 15:59:11.634,16796,16798,16798,2,2
2021-08-16 15:59:16.974,16796,16798,16798,1,1
2021-08-16 15:59:17.495,16796,16798,16798,2,2
2021-08-16 15:59:20.340,16796,16798,16796,2,-2
2021-08-16 15:59:20.340,16796,16798,16796,1,-1
2021-08-16 15:59:20.341,16796,16798,16796,1,-1
2021-08-16 15:59:28.404,16795,16797,16797,1,1
2021-08-16 15:59:32.623,16796,16797,16797,1,1
2021-08-16 15:59:42.620,16796,16798,16796,3,-3
2021-08-16 15:59:49.740,16796,16798,16796,2,-2
2021-08-16 15:59:49.740,16796,16798,16795,1,-1
2021-08-16 15:59:57.714,16795,16797,16797,1,1
2021-08-16 16:00:00.073,16795,16796,16795,2,-2
2021-08-16 16:00:13.345,16797,16798,16797,1,1
2021-08-16 16:00:13.345,16797,16798,16797,1,-1
2021-08-16 16:00:13.603,16795,16797,16795,1,-1
2021-08-16 16:00:16.758,16795,16797,16795,2,-2
2021-08-16 16:00:16.758,16795,16797,16794,1,-1
2021-08-16 16:00:29.476,16797,16798,16797,1,1
2021-08-16 16:00:33.702,16797,16798,16797,3,-3
2021-08-16 16:00:49.401,16796,16797,16796,1,-1
2021-08-16 16:01:00.364,16796,16797,16796,1,-1
2021-08-16 16:01:07.875,16795,16796,16796,1,1
2021-08-16 16:01:10.852,16795,16796,16795,1,-1
2021-08-16 16:01:48.602,16795,16796,16795,1,-1
2021-08-16 16:01:52.406,16794,16795,16794,1,-1
2021-08-16 16:01:54.350,16794,16795,16795,1,1
2021-08-16 16:02:05.922,16795,16796,16795,1,-1
2021-08-16 16:02:08.146,16795,16796,16795,3,-3
2021-08-16 16:02:12.972,16795,16796,16796,2,2
2021-08-16 16:02:29.234,16796,16797,16797,1,1
2021-08-16 16:02:29.507,16796,16797,16797,1,1
2021-08-16 16:02:29.507,16796,16797,16797,1,1
2021-08-16 16:02:29.594,16797,16798,16798,1,1
2021-08-16 16:02:39.517,16797,16798,16798,2,2
2021-08-16 16:02:40.255,16797,16798,16798,19,19
2021-08-16 16:02:41.676,16798,16800,16798,1,-1
2021-08-16 16:02:50.001,16799,16800,16800,2,2
2021-08-16 16:02:50.136,16799,16800,16800,1,1
2021-08-16 16:02:50.165,16799,16800,16800,2,2
2021-08-16 16:02:50.248,16799,16800,16800,2,2
2021-08-16 16:02:54.476,16799,16800,16800,2,2
2021-08-16 16:02:55.729,16799,16800,16800,1,1
2021-08-16 16:03:00.766,16800,16802,16802,7,7
2021-08-16 16:03:05.500,16802,16803,16802,1,-1
2021-08-16 16:03:05.500,16802,16803,16802,1,-1
2021-08-16 16:03:06.098,16801,16803,16803,3,3
2021-08-16 16:03:06.160,16801,16803,16803,1,1
2021-08-16 16:03:06.449,16801,16803,16803,1,1
2021-08-16 16:03:07.095,16801,16803,16803,2,2
2021-08-16 16:03:08.098,16801,16803,16803,1,1
2021-08-16 16:03:13.118,16802,16803,16802,1,-1
2021-08-16 16:03:20.525,16802,16803,16802,2,-2
2021-08-16 16:03:23.190,16801,16802,16802,4,4
2021-08-16 16:03:26.111,16801,16802,16802,2,2
2021-08-16 16:03:31.323,16801,16803,16802,6,-6
2021-08-16 16:03:31.324,16801,16803,16802,2,-2
2021-08-16 16:03:31.324,16801,16803,16802,2,-2
2021-08-16 16:03:40.686,16801,16802,16802,1,1
2021-08-16 16:03:45.490,16801,16802,16802,1,1
2021-08-16 16:03:49.696,16801,16802,16802,1,1
2021-08-16 16:03:56.865,16802,16803,16802,1,-1
2021-08-16 16:04:03.042,16802,16803,16803,5,5
2021-08-16 16:04:06.117,16802,16803,16803,1,1
2021-08-16 16:04:07.535,16802,16803,16803,1,1
2021-08-16 16:04:07.539,16802,16803,16803,2,2
2021-08-16 16:04:07.693,16802,16803,16803,2,2
2021-08-16 16:04:09.048,16802,16803,16803,1,1
2021-08-16 16:04:12.140,16803,16804,16803,5,-5
2021-08-16 16:04:12.243,16802,16803,16803,3,3
2021-08-16 16:04:12.488,16803,16804,16803,1,-1
2021-08-16 16:04:17.959,16802,16803,16802,2,-2
2021-08-16 16:04:17.959,16802,16803,16802,2,-2
2021-08-16 16:04:21.525,16801,16802,16801,4,-4
2021-08-16 16:04:24.410,16800,16801,16800,2,-2
2021-08-16 16:04:24.410,16800,16801,16800,1,-1
2021-08-16 16:04:24.410,16800,16801,16800,4,-4
2021-08-16 16:04:28.572,16799,16802,16799,3,-3
2021-08-16 16:04:30.163,16800,16802,16800,2,2
2021-08-16 16:04:30.163,16800,16802,16799,1,-1
2021-08-16 16:04:38.044,16798,16800,16799,2,-2
2021-08-16 16:04:39.114,16798,16800,16798,3,-3
2021-08-16 16:04:40.472,16798,16800,16800,6,6
2021-08-16 16:05:06.473,16801,16802,16802,3,3
2021-08-16 16:05:08.046,16802,16803,16803,1,1
2021-08-16 16:05:08.989,16802,16803,16802,3,-3
2021-08-16 16:05:13.902,16802,16803,16803,7,7
2021-08-16 16:05:13.904,16802,16803,16803,3,3
2021-08-16 16:05:18.492,16802,16804,16804,1,1
2021-08-16 16:05:19.032,16802,16804,16804,1,1
2021-08-16 16:05:19.858,16802,16803,16802,1,-1
2021-08-16 16:05:26.631,16802,16803,16803,1,1
2021-08-16 16:05:26.847,16802,16803,16803,1,1
2021-08-16 16:05:39.210,16802,16803,16802,4,-4
2021-08-16 16:05:39.836,16801,16802,16802,5,5
2021-08-16 16:05:39.836,16801,16802,16803,11,11
2021-08-16 16:05:39.836,16801,16802,16804,37,37
2021-08-16 16:05:39.838,16801,16802,16805,1,1
2021-08-16 16:05:39.838,16801,16802,16805,1,1
2021-08-16 16:05:39.838,16801,16802,16804,1,1
2021-08-16 16:05:39.838,16801,16802,16805,1,1
2021-08-16 16:05:39.838,16801,16802,16804,19,19
2021-08-16 16:05:39.839,16801,16802,16805,2,2
2021-08-16 16:05:39.839,16801,16802,16805,1,1
2021-08-16 16:05:39.839,16801,16802,16804,1,1
2021-08-16 16:05:39.839,16801,16802,16804,26,26
2021-08-16 16:05:39.840,16801,16802,16803,1,1
2021-08-16 16:05:39.840,16801,16802,16803,1,1
2021-08-16 16:05:39.840,16801,16802,16804,1,1
2021-08-16 16:05:39.844,16801,16802,16804,5,5
2021-08-16 16:05:48.519,16803,16804,16803,4,-4
2021-08-16 16:05:51.164,16801,16803,16803,1,1
2021-08-16 16:05:58.524,16802,16803,16802,1,-1
2021-08-16 16:05:59.542,16801,16802,16802,1,1
2021-08-16 16:05:59.559,16801,16802,16802,5,5
2021-08-16 16:05:59.559,16801,16802,16803,3,3
2021-08-16 16:05:59.688,16801,16803,16803,2,2
2021-08-16 16:06:04.725,16801,16802,16801,2,-2
2021-08-16 16:06:15.800,16801,16803,16801,1,-1
2021-08-16 16:06:28.679,16801,16803,16802,1,1
2021-08-16 16:06:34.669,16801,16803,16803,1,1
2021-08-16 16:06:34.739,16803,16804,16803,1,-1
2021-08-16 16:06:38.176,16803,16804,16803,2,-2
2021-08-16 16:06:49.806,16803,16804,16803,2,-2
2021-08-16 16:06:56.216,16803,16804,16803,8,-8
2021-08-16 16:07:03.596,16802,16803,16803,1,1
2021-08-16 16:07:04.233,16802,16803,16802,6,-6
2021-08-16 16:07:06.628,16801,16803,16801,3,-3
2021-08-16 16:07:14.740,16800,16801,16800,1,-1
2021-08-16 16:07:26.064,16800,16802,16800,3,-3
2021-08-16 16:07:42.576,16800,16801,16800,2,-2
2021-08-16 16:07:45.496,16799,16800,16800,1,1
2021-08-16 16:07:47.077,16799,16801,16801,1,1
2021-08-16 16:08:05.386,16799,16801,16801,1,1
2021-08-16 16:08:12.735,16800,16802,16800,1,-1
2021-08-16 16:08:35.926,16801,16803,16801,1,1
2021-08-16 16:08:48.630,16801,16802,16802,1,1
2021-08-16 16:08:48.630,16801,16802,16802,1,1
2021-08-16 16:09:00.813,16802,16803,16802,1,-1
2021-08-16 16:09:02.157,16801,16803,16803,1,1
2021-08-16 16:09:02.157,16801,16803,16803,1,1
2021-08-16 16:09:19.926,16801,16802,16801,1,-1
2021-08-16 16:09:26.312,16800,16801,16800,2,-2
2021-08-16 16:09:31.387,16799,16801,16799,3,-3
2021-08-16 16:09:31.717,16799,16801,16801,1,1
2021-08-16 16:09:34.828,16799,16800,16800,1,1
2021-08-16 16:09:40.531,16799,16800,16799,3,-3
2021-08-16 16:10:15.136,16799,16800,16799,2,-2
2021-08-16 16:10:23.605,16799,16800,16800,1,1
2021-08-16 16:10:23.605,16799,16800,16800,5,5
2021-08-16 16:10:23.867,16800,16801,16800,1,-1
2021-08-16 16:10:26.424,16799,16801,16801,1,1
2021-08-16 16:10:34.847,16799,16800,16799,1,-1
2021-08-16 16:10:35.487,16798,16800,16798,1,-1
2021-08-16 16:10:46.589,16799,16800,16800,1,1
2021-08-16 16:10:47.402,16801,16802,16802,1,1
2021-08-16 16:10:47.414,16801,16802,16802,1,1
2021-08-16 16:10:47.881,16801,16803,16803,1,1
2021-08-16 16:10:51.411,16801,16803,16801,3,-3
2021-08-16 16:10:56.432,16801,16803,16801,3,-3
2021-08-16 16:11:00.789,16801,16803,16803,1,1
2021-08-16 16:11:00.789,16801,16803,16803,6,6
2021-08-16 16:11:00.789,16801,16803,16804,1,1
2021-08-16 16:11:00.790,16801,16803,16804,1,1
2021-08-16 16:11:00.790,16801,16803,16804,4,4
2021-08-16 16:11:00.791,16801,16803,16804,1,1
2021-08-16 16:11:00.791,16801,16803,16804,1,1
2021-08-16 16:11:00.791,16801,16803,16804,1,1
2021-08-16 16:11:00.791,16801,16803,16804,1,1
2021-08-16 16:11:00.791,16801,16803,16804,6,6
2021-08-16 16:11:00.791,16801,16803,16804,7,7
2021-08-16 16:11:00.792,16801,16803,16805,4,4
2021-08-16 16:11:00.792,16801,16803,16805,1,1
2021-08-16 16:11:00.792,16801,16803,16805,5,5
2021-08-16 16:11:00.792,16801,16803,16805,2,2
2021-08-16 16:11:00.871,16804,16805,16805,2,2
2021-08-16 16:11:00.946,16804,16805,16805,1,1
2021-08-16 16:11:01.188,16804,16805,16805,2,2
2021-08-16 16:11:01.302,16805,16806,16806,5,5
2021-08-16 16:11:01.302,16805,16806,16806,1,1
2021-08-16 16:11:01.302,16805,16806,16806,1,1
2021-08-16 16:11:01.302,16805,16806,16806,2,2
2021-08-16 16:11:01.303,16805,16806,16806,1,1
2021-08-16 16:11:01.545,16805,16806,16806,2,2
2021-08-16 16:11:01.638,16805,16806,16806,2,2
2021-08-16 16:11:01.727,16805,16807,16807,2,2
2021-08-16 16:11:02.385,16805,16807,16806,2,-2
2021-08-16 16:11:02.428,16805,16807,16805,1,-1
2021-08-16 16:11:02.428,16805,16807,16805,9,-9
2021-08-16 16:11:02.472,16804,16805,16804,2,-2
2021-08-16 16:11:02.472,16804,16805,16804,2,-2
2021-08-16 16:11:02.709,16803,16804,16804,2,2
2021-08-16 16:11:08.008,16803,16804,16804,2,2
2021-08-16 16:11:11.771,16803,16805,16804,1,-1
2021-08-16 16:11:11.771,16803,16805,16804,2,-2
2021-08-16 16:11:11.771,16803,16805,16804,2,-2
2021-08-16 16:11:17.351,16803,16804,16804,1,1
2021-08-16 16:11:35.754,16801,16803,16803,3,3
2021-08-16 16:12:05.707,16802,16803,16803,2,2
2021-08-16 16:12:05.707,16802,16803,16804,3,3
2021-08-16 16:12:18.129,16803,16805,16803,2,-2
2021-08-16 16:12:18.328,16803,16805,16803,3,-3
2021-08-16 16:12:29.265,16803,16804,16803,3,-3
2021-08-16 16:12:57.252,16802,16803,16803,1,1
2021-08-16 16:13:30.242,16803,16804,16803,2,-2
2021-08-16 16:13:30.242,16803,16804,16803,2,-2
2021-08-16 16:13:33.106,16802,16803,16802,1,-1
