2021-02-02 15:00:00.012,15726,15744,15732,138,-138
2021-02-02 15:00:00.083,15734,15744,15739,1,1
2021-02-02 15:00:00.083,15734,15744,15744,1,1
2021-02-02 15:00:00.140,15734,15745,15745,1,1
2021-02-02 15:00:00.140,15734,15745,15746,1,1
2021-02-02 15:00:00.140,15734,15745,15747,1,1
2021-02-02 15:00:00.140,15734,15745,15748,1,1
2021-02-02 15:00:00.170,15734,15745,15748,10,10
2021-02-02 15:00:00.196,15734,15745,15748,1,1
2021-02-02 15:00:00.290,15734,15743,15743,1,1
2021-02-02 15:00:00.303,15734,15743,15748,1,1
2021-02-02 15:00:00.311,15734,15743,15748,1,1
2021-02-02 15:00:00.315,15734,15743,15748,1,1
2021-02-02 15:00:00.316,15734,15743,15748,2,2
2021-02-02 15:00:00.324,15734,15743,15748,1,1
2021-02-02 15:00:00.357,15734,15743,15748,3,3
2021-02-02 15:00:00.358,15734,15743,15748,1,1
2021-02-02 15:00:00.375,15734,15748,15748,1,1
2021-02-02 15:00:00.386,15734,15748,15734,1,-1
2021-02-02 15:00:00.401,15734,15748,15748,1,1
2021-02-02 15:00:00.407,15734,15748,15734,1,-1
2021-02-02 15:00:00.409,15734,15748,15748,1,1
2021-02-02 15:00:00.415,15734,15748,15734,1,-1
2021-02-02 15:00:00.430,15734,15748,15748,2,2
2021-02-02 15:00:00.434,15734,15748,15748,4,4
2021-02-02 15:00:00.434,15734,15748,15749,2,2
2021-02-02 15:00:00.439,15734,15748,15750,1,1
2021-02-02 15:00:00.448,15734,15748,15734,1,-1
2021-02-02 15:00:00.462,15734,15748,15752,1,1
2021-02-02 15:00:00.463,15734,15748,15734,1,-1
2021-02-02 15:00:00.472,15734,15748,15752,1,1
2021-02-02 15:00:00.476,15734,15748,15734,1,-1
2021-02-02 15:00:00.478,15734,15748,15753,1,1
2021-02-02 15:00:00.488,15734,15748,15754,1,1
2021-02-02 15:00:00.505,15734,15754,15734,1,-1
2021-02-02 15:00:00.517,15734,15754,15754,1,1
2021-02-02 15:00:00.533,15734,15754,15746,1,-1
2021-02-02 15:00:00.538,15734,15754,15754,1,1
2021-02-02 15:00:00.540,15734,15754,15754,1,1
2021-02-02 15:00:00.540,15734,15754,15755,1,1
2021-02-02 15:00:00.606,15734,15754,15745,1,-1
2021-02-02 15:00:00.606,15734,15754,15746,1,1
2021-02-02 15:00:00.609,15734,15754,15756,1,1
2021-02-02 15:00:00.609,15734,15754,15756,1,1
2021-02-02 15:00:00.617,15734,15754,15736,1,-1
2021-02-02 15:00:00.625,15735,15755,15755,1,1
2021-02-02 15:00:00.632,15735,15755,15756,1,1
2021-02-02 15:00:00.640,15735,15755,15758,1,1
2021-02-02 15:00:00.640,15735,15755,15759,1,1
2021-02-02 15:00:00.658,15735,15755,15759,1,1
2021-02-02 15:00:00.678,15735,15755,15759,3,3
2021-02-02 15:00:00.691,15735,15755,15760,1,1
2021-02-02 15:00:00.698,15735,15755,15760,1,1
2021-02-02 15:00:00.703,15735,15755,15760,3,3
2021-02-02 15:00:00.718,15735,15755,15761,1,1
2021-02-02 15:00:00.726,15735,15755,15761,3,3
2021-02-02 15:00:00.740,15735,15755,15763,1,1
2021-02-02 15:00:00.740,15735,15755,15764,1,1
2021-02-02 15:00:00.747,15735,15755,15736,1,-1
2021-02-02 15:00:00.767,15735,15763,15735,2,-2
2021-02-02 15:00:00.777,15735,15763,15763,1,1
2021-02-02 15:00:00.800,15735,15763,15764,2,2
2021-02-02 15:00:00.802,15735,15763,15764,2,2
2021-02-02 15:00:00.804,15735,15763,15764,1,1
2021-02-02 15:00:00.808,15735,15763,15764,1,1
2021-02-02 15:00:00.812,15735,15763,15764,1,1
2021-02-02 15:00:00.828,15735,15763,15765,1,1
2021-02-02 15:00:00.834,15735,15763,15765,1,1
2021-02-02 15:00:00.855,15735,15763,15756,1,-1
2021-02-02 15:00:00.866,15735,15763,15764,1,1
2021-02-02 15:00:00.868,15735,15763,15765,1,1
2021-02-02 15:00:00.868,15735,15763,15756,1,-1
2021-02-02 15:00:00.883,15739,15765,15746,1,-1
2021-02-02 15:00:00.884,15739,15765,15765,5,5
2021-02-02 15:00:00.898,15739,15765,15747,1,-1
2021-02-02 15:00:00.899,15739,15765,15758,1,1
2021-02-02 15:00:00.901,15739,15765,15766,1,1
2021-02-02 15:00:00.987,15739,15765,15766,1,1
2021-02-02 15:00:01.004,15760,15766,15766,1,1
2021-02-02 15:00:01.045,15760,15766,15760,2,-2
2021-02-02 15:00:01.077,15760,15766,15766,1,1
2021-02-02 15:00:01.125,15760,15766,15766,1,1
2021-02-02 15:00:01.128,15760,15766,15766,1,1
2021-02-02 15:00:01.165,15760,15766,15760,1,-1
2021-02-02 15:00:01.230,15760,15766,15766,1,1
2021-02-02 15:00:01.234,15760,15766,15767,1,1
2021-02-02 15:00:01.250,15760,15767,15760,2,-2
2021-02-02 15:00:01.255,15760,15767,15767,1,1
2021-02-02 15:00:01.271,15760,15767,15767,1,1
2021-02-02 15:00:01.321,15760,15767,15767,1,1
2021-02-02 15:00:01.359,15760,15767,15767,1,1
2021-02-02 15:00:01.370,15760,15767,15767,1,1
2021-02-02 15:00:01.389,15744,15767,15767,1,1
2021-02-02 15:00:01.496,15744,15767,15750,1,-1
2021-02-02 15:00:01.598,15745,15765,15765,1,1
2021-02-02 15:00:01.654,15746,15763,15763,1,1
2021-02-02 15:00:01.713,15746,15763,15760,1,-1
2021-02-02 15:00:01.734,15746,15763,15761,1,1
2021-02-02 15:00:01.886,15748,15761,15761,1,1
2021-02-02 15:00:01.953,15748,15761,15761,1,1
2021-02-02 15:00:01.993,15748,15761,15761,1,1
2021-02-02 15:00:02.002,15756,15763,15763,2,2
2021-02-02 15:00:02.002,15756,15763,15764,1,1
2021-02-02 15:00:02.002,15756,15763,15765,4,4
2021-02-02 15:00:02.002,15756,15763,15767,4,4
2021-02-02 15:00:02.002,15756,15763,15768,6,6
2021-02-02 15:00:02.036,15756,15763,15769,1,1
2021-02-02 15:00:02.043,15756,15763,15769,1,1
2021-02-02 15:00:02.094,15756,15763,15769,1,1
2021-02-02 15:00:02.136,15764,15769,15769,1,1
2021-02-02 15:00:02.190,15764,15769,15769,1,1
2021-02-02 15:00:02.251,15764,15769,15764,1,-1
2021-02-02 15:00:02.264,15764,15769,15769,3,3
2021-02-02 15:00:02.264,15764,15769,15770,2,2
2021-02-02 15:00:02.291,15764,15769,15770,1,1
2021-02-02 15:00:02.292,15764,15769,15770,1,1
2021-02-02 15:00:02.370,15764,15769,15764,5,-5
2021-02-02 15:00:02.375,15764,15770,15764,2,-2
2021-02-02 15:00:02.393,15764,15770,15770,1,1
2021-02-02 15:00:02.405,15764,15770,15770,1,1
2021-02-02 15:00:02.417,15764,15770,15770,2,2
2021-02-02 15:00:02.467,15764,15770,15764,1,-1
2021-02-02 15:00:02.489,15764,15770,15763,1,-1
2021-02-02 15:00:02.569,15756,15760,15760,1,1
2021-02-02 15:00:02.601,15756,15760,15760,1,1
2021-02-02 15:00:02.679,15756,15760,15760,1,1
2021-02-02 15:00:02.730,15756,15760,15756,1,-1
2021-02-02 15:00:02.999,15755,15759,15756,1,-1
2021-02-02 15:00:03.024,15755,15758,15756,1,-1
2021-02-02 15:00:03.024,15755,15758,15755,1,-1
2021-02-02 15:00:03.035,15755,15758,15753,1,-1
2021-02-02 15:00:03.035,15755,15758,15749,4,-4
2021-02-02 15:00:03.035,15755,15758,15747,2,-2
2021-02-02 15:00:03.178,15744,15758,15745,2,-2
2021-02-02 15:00:03.178,15744,15758,15744,3,-3
2021-02-02 15:00:03.178,15744,15758,15743,1,-1
2021-02-02 15:00:03.223,15744,15758,15741,1,-1
2021-02-02 15:00:03.280,15741,15758,15741,1,-1
2021-02-02 15:00:03.280,15741,15758,15740,1,-1
2021-02-02 15:00:03.292,15741,15758,15741,1,1
2021-02-02 15:00:03.323,15741,15758,15740,1,-1
2021-02-02 15:00:03.325,15741,15758,15739,1,-1
2021-02-02 15:00:03.408,15739,15758,15758,1,1
2021-02-02 15:00:03.567,15739,15759,15751,1,-1
2021-02-02 15:00:03.586,15739,15759,15752,1,1
2021-02-02 15:00:03.692,15742,15752,15742,1,-1
2021-02-02 15:00:03.767,15742,15751,15751,1,1
2021-02-02 15:00:03.897,15743,15752,15751,1,-1
2021-02-02 15:00:04.187,15743,15751,15743,1,-1
2021-02-02 15:00:04.687,15747,15751,15748,1,1
2021-02-02 15:00:04.809,15747,15751,15747,1,-1
2021-02-02 15:00:05.174,15747,15752,15752,6,6
2021-02-02 15:00:05.175,15747,15752,15753,2,2
2021-02-02 15:00:05.234,15747,15752,15749,1,-1
2021-02-02 15:00:05.234,15747,15752,15748,1,-1
2021-02-02 15:00:05.614,15749,15754,15754,1,1
2021-02-02 15:00:05.890,15750,15754,15750,1,-1
2021-02-02 15:00:05.890,15750,15754,15750,4,-4
2021-02-02 15:00:05.920,15750,15754,15754,1,1
2021-02-02 15:00:05.920,15750,15754,15755,2,2
2021-02-02 15:00:06.108,15750,15755,15755,1,1
2021-02-02 15:00:06.525,15750,15755,15755,1,1
2021-02-02 15:00:06.760,15753,15755,15754,2,-2
2021-02-02 15:00:07.124,15753,15755,15754,1,-1
2021-02-02 15:00:07.152,15753,15754,15754,4,4
2021-02-02 15:00:07.216,15753,15754,15753,4,-4
2021-02-02 15:00:07.540,15752,15754,15755,5,5
2021-02-02 15:00:07.541,15752,15754,15753,1,-1
2021-02-02 15:00:07.541,15752,15754,15752,2,-2
2021-02-02 15:00:07.691,15751,15755,15751,1,-1
2021-02-02 15:00:08.032,15751,15755,15752,2,2
2021-02-02 15:00:08.185,15751,15755,15751,1,-1
2021-02-02 15:00:09.150,15751,15754,15754,1,1
2021-02-02 15:00:09.472,15751,15753,15751,1,-1
2021-02-02 15:00:09.853,15751,15754,15754,3,3
2021-02-02 15:00:10.001,15751,15754,15754,2,2
2021-02-02 15:00:10.001,15751,15754,15755,2,2
2021-02-02 15:00:10.990,15752,15756,15752,1,-1
2021-02-02 15:00:11.000,15752,15754,15754,1,1
2021-02-02 15:00:11.003,15752,15754,15755,1,1
2021-02-02 15:00:11.125,15752,15756,15756,1,1
2021-02-02 15:00:11.250,15753,15755,15755,1,1
2021-02-02 15:00:11.375,15753,15756,15756,1,1
2021-02-02 15:00:11.447,15753,15756,15756,2,2
2021-02-02 15:00:11.500,15755,15757,15757,1,1
2021-02-02 15:00:11.878,15755,15758,15755,1,-1
2021-02-02 15:00:13.325,15755,15758,15758,1,1
2021-02-02 15:00:13.783,15755,15758,15755,1,-1
2021-02-02 15:00:13.793,15755,15758,15755,1,-1
2021-02-02 15:00:13.793,15755,15758,15754,1,-1
2021-02-02 15:00:14.051,15757,15759,15759,1,1
2021-02-02 15:00:15.828,15757,15759,15759,1,1
2021-02-02 15:00:16.043,15757,15759,15760,1,1
2021-02-02 15:00:16.153,15757,15760,15760,1,1
2021-02-02 15:00:17.167,15757,15761,15757,5,-5
2021-02-02 15:00:17.236,15757,15761,15760,1,1
2021-02-02 15:00:17.237,15757,15761,15760,2,-2
2021-02-02 15:00:17.522,15757,15758,15758,1,1
2021-02-02 15:00:17.940,15757,15759,15759,1,1
2021-02-02 15:00:18.322,15757,15759,15759,1,1
2021-02-02 15:00:20.194,15757,15759,15759,1,1
2021-02-02 15:00:20.974,15757,15759,15759,2,2
2021-02-02 15:00:21.471,15757,15759,15757,4,-4
2021-02-02 15:00:22.310,15757,15759,15757,1,-1
2021-02-02 15:00:23.047,15757,15759,15759,1,1
2021-02-02 15:00:23.367,15757,15758,15758,1,1
2021-02-02 15:00:23.554,15757,15758,15758,1,1
2021-02-02 15:00:23.554,15757,15758,15759,1,1
2021-02-02 15:00:24.903,15757,15758,15758,2,2
2021-02-02 15:00:26.556,15757,15759,15757,1,-1
2021-02-02 15:00:26.766,15757,15758,15758,1,1
2021-02-02 15:00:27.337,15758,15759,15759,3,3
2021-02-02 15:00:27.337,15758,15759,15760,2,2
2021-02-02 15:00:27.338,15758,15759,15760,1,1
2021-02-02 15:00:27.338,15758,15759,15760,1,1
2021-02-02 15:00:27.410,15760,15761,15760,1,-1
2021-02-02 15:00:28.177,15760,15761,15761,1,1
2021-02-02 15:00:28.179,15760,15761,15761,3,3
2021-02-02 15:00:28.709,15760,15762,15762,1,1
2021-02-02 15:00:28.776,15760,15762,15760,1,-1
2021-02-02 15:00:28.887,15760,15762,15762,1,1
2021-02-02 15:00:29.149,15760,15764,15763,1,1
2021-02-02 15:00:29.684,15760,15764,15764,1,1
2021-02-02 15:00:29.918,15760,15764,15760,1,-1
2021-02-02 15:00:30.103,15760,15764,15764,3,3
2021-02-02 15:00:30.103,15760,15764,15765,2,2
2021-02-02 15:00:30.564,15760,15765,15760,2,-2
2021-02-02 15:00:30.740,15760,15765,15765,2,2
2021-02-02 15:00:30.740,15760,15765,15766,1,1
2021-02-02 15:00:31.027,15761,15765,15761,1,-1
2021-02-02 15:00:31.044,15761,15765,15760,1,-1
2021-02-02 15:00:31.114,15761,15765,15760,2,-2
2021-02-02 15:00:31.623,15759,15765,15765,1,1
2021-02-02 15:00:31.623,15759,15765,15766,1,1
2021-02-02 15:00:31.763,15761,15764,15761,1,-1
2021-02-02 15:00:31.763,15761,15764,15760,1,-1
2021-02-02 15:00:33.448,15761,15763,15761,1,1
2021-02-02 15:00:34.336,15761,15762,15762,1,1
2021-02-02 15:00:35.732,15761,15763,15763,1,1
2021-02-02 15:00:35.797,15762,15763,15763,1,1
2021-02-02 15:00:35.798,15762,15763,15763,1,1
2021-02-02 15:00:37.576,15762,15763,15762,1,-1
2021-02-02 15:00:37.602,15762,15763,15761,1,-1
2021-02-02 15:00:37.813,15761,15762,15762,1,1
2021-02-02 15:00:37.878,15761,15763,15761,1,-1
2021-02-02 15:00:38.201,15761,15762,15761,1,-1
2021-02-02 15:00:38.720,15761,15762,15761,1,-1
2021-02-02 15:00:39.212,15760,15762,15760,4,-4
2021-02-02 15:00:39.214,15760,15762,15760,2,-2
2021-02-02 15:00:40.238,15759,15762,15762,2,2
2021-02-02 15:00:40.238,15759,15762,15763,8,8
2021-02-02 15:00:40.239,15759,15762,15763,1,1
2021-02-02 15:00:40.239,15759,15762,15763,1,1
2021-02-02 15:00:40.239,15759,15762,15763,1,1
2021-02-02 15:00:40.239,15759,15762,15763,2,2
2021-02-02 15:00:40.342,15760,15763,15760,1,-1
2021-02-02 15:00:40.779,15759,15763,15759,2,-2
2021-02-02 15:00:41.745,15760,15763,15762,1,1
2021-02-02 15:00:42.780,15760,15763,15760,1,-1
2021-02-02 15:00:44.000,15760,15762,15760,1,-1
2021-02-02 15:00:44.250,15760,15762,15762,1,1
2021-02-02 15:00:46.960,15760,15762,15762,1,1
2021-02-02 15:00:47.379,15761,15762,15761,1,-1
2021-02-02 15:00:47.939,15761,15762,15761,1,-1
2021-02-02 15:00:47.939,15761,15762,15760,1,-1
2021-02-02 15:00:47.983,15761,15762,15762,2,2
2021-02-02 15:00:48.134,15760,15763,15760,10,-10
2021-02-02 15:00:48.818,15760,15763,15761,1,1
2021-02-02 15:00:48.865,15760,15763,15761,1,-1
2021-02-02 15:00:49.138,15761,15763,15761,1,-1
2021-02-02 15:00:49.884,15762,15763,15762,2,2
2021-02-02 15:00:50.923,15761,15763,15763,1,1
2021-02-02 15:00:51.391,15761,15763,15762,1,-1
2021-02-02 15:00:52.451,15761,15763,15761,5,-5
2021-02-02 15:00:52.778,15760,15763,15760,1,-1
2021-02-02 15:00:52.953,15760,15763,15762,1,1
2021-02-02 15:00:54.766,15761,15762,15762,1,1
2021-02-02 15:00:55.330,15761,15762,15762,3,3
2021-02-02 15:00:55.448,15761,15763,15761,2,-2
2021-02-02 15:00:56.883,15761,15763,15761,1,-1
2021-02-02 15:00:57.050,15761,15762,15761,2,-2
2021-02-02 15:00:57.910,15761,15762,15761,1,-1
2021-02-02 15:00:57.910,15761,15762,15760,2,-2
2021-02-02 15:00:58.234,15760,15762,15761,1,1
2021-02-02 15:00:58.356,15761,15762,15761,1,-1
2021-02-02 15:00:58.985,15761,15762,15761,1,-1
2021-02-02 15:00:59.651,15761,15762,15761,4,-4
2021-02-02 15:00:59.651,15761,15762,15760,1,-1
2021-02-02 15:00:59.833,15760,15762,15762,2,2
2021-02-02 15:01:00.093,15761,15763,15763,1,1
2021-02-02 15:01:00.163,15761,15763,15761,1,-1
2021-02-02 15:01:00.175,15761,15763,15761,1,-1
2021-02-02 15:01:00.234,15761,15763,15760,2,-2
2021-02-02 15:01:00.393,15761,15763,15763,1,1
2021-02-02 15:01:00.571,15761,15763,15763,1,1
2021-02-02 15:01:00.601,15761,15763,15761,3,-3
2021-02-02 15:01:00.601,15761,15763,15760,1,-1
2021-02-02 15:01:00.607,15761,15763,15760,4,-4
2021-02-02 15:01:00.607,15761,15763,15760,2,-2
2021-02-02 15:01:00.635,15760,15763,15760,2,-2
2021-02-02 15:01:00.637,15760,15763,15760,2,-2
2021-02-02 15:01:00.733,15760,15763,15760,3,-3
2021-02-02 15:01:00.908,15760,15762,15760,2,-2
2021-02-02 15:01:00.909,15760,15762,15760,2,-2
2021-02-02 15:01:00.954,15760,15762,15762,1,1
2021-02-02 15:01:00.959,15760,15762,15763,2,2
2021-02-02 15:01:00.960,15760,15762,15763,1,1
2021-02-02 15:01:00.964,15760,15762,15763,2,2
2021-02-02 15:01:00.970,15760,15762,15763,2,2
2021-02-02 15:01:01.046,15762,15764,15762,1,-1
2021-02-02 15:01:01.046,15762,15764,15761,1,-1
2021-02-02 15:01:01.517,15761,15763,15761,2,-2
2021-02-02 15:01:01.562,15761,15763,15760,2,-2
2021-02-02 15:01:01.595,15761,15763,15760,2,-2
2021-02-02 15:01:01.596,15761,15763,15760,2,-2
2021-02-02 15:01:01.624,15761,15763,15760,2,-2
2021-02-02 15:01:01.627,15760,15762,15760,2,-2
2021-02-02 15:01:01.791,15760,15762,15762,1,1
2021-02-02 15:01:02.172,15761,15763,15761,1,-1
2021-02-02 15:01:04.727,15761,15762,15761,1,-1
2021-02-02 15:01:04.727,15761,15762,15760,6,-6
2021-02-02 15:01:04.727,15761,15762,15759,3,-3
2021-02-02 15:01:04.728,15761,15762,15759,2,-2
2021-02-02 15:01:07.266,15758,15760,15760,1,1
2021-02-02 15:01:07.482,15759,15761,15761,3,3
2021-02-02 15:01:07.482,15759,15761,15762,8,8
2021-02-02 15:01:07.482,15759,15761,15763,7,7
2021-02-02 15:01:07.482,15759,15761,15764,12,12
2021-02-02 15:01:07.482,15759,15761,15765,7,7
2021-02-02 15:01:07.485,15759,15761,15764,1,1
2021-02-02 15:01:07.752,15763,15765,15763,1,-1
2021-02-02 15:01:07.761,15763,15765,15763,3,-3
2021-02-02 15:01:08.834,15762,15764,15763,1,-1
2021-02-02 15:01:09.608,15762,15764,15762,1,-1
2021-02-02 15:01:10.847,15762,15764,15764,1,1
2021-02-02 15:01:10.847,15762,15764,15765,2,2
2021-02-02 15:01:10.937,15763,15766,15766,1,1
2021-02-02 15:01:10.961,15763,15766,15765,1,-1
2021-02-02 15:01:11.541,15764,15766,15764,1,-1
2021-02-02 15:01:11.939,15764,15766,15764,2,-2
2021-02-02 15:01:11.959,15764,15766,15764,1,-1
2021-02-02 15:01:13.415,15764,15765,15765,1,1
2021-02-02 15:01:14.824,15765,15767,15765,1,-1
2021-02-02 15:01:16.653,15765,15766,15766,1,1
2021-02-02 15:01:17.388,15765,15766,15766,6,6
2021-02-02 15:01:17.388,15765,15766,15767,12,12
2021-02-02 15:01:17.390,15765,15766,15767,1,1
2021-02-02 15:01:18.696,15767,15768,15767,2,-2
2021-02-02 15:01:18.696,15767,15768,15766,6,-6
2021-02-02 15:01:18.696,15767,15768,15765,2,-2
2021-02-02 15:01:19.711,15766,15768,15766,1,1
2021-02-02 15:01:19.711,15766,15768,15765,1,-1
2021-02-02 15:01:19.864,15765,15768,15765,2,-2
2021-02-02 15:01:19.959,15765,15768,15765,1,-1
2021-02-02 15:01:21.494,15765,15767,15765,2,-2
2021-02-02 15:01:22.522,15765,15766,15765,1,-1
2021-02-02 15:01:22.546,15765,15766,15766,1,1
2021-02-02 15:01:23.024,15766,15767,15766,1,-1
2021-02-02 15:01:23.024,15766,15767,15765,2,-2
2021-02-02 15:01:26.942,15764,15765,15764,2,-2
2021-02-02 15:01:26.943,15764,15765,15764,1,-1
2021-02-02 15:01:28.135,15763,15765,15765,1,1
2021-02-02 15:01:28.215,15763,15765,15763,1,-1
2021-02-02 15:01:28.251,15763,15765,15763,1,-1
2021-02-02 15:01:29.172,15763,15765,15763,1,-1
2021-02-02 15:01:32.184,15762,15763,15763,1,1
2021-02-02 15:01:36.814,15763,15764,15763,1,-1
2021-02-02 15:01:36.848,15763,15764,15763,1,-1
2021-02-02 15:01:37.692,15763,15764,15764,2,2
2021-02-02 15:01:38.079,15763,15764,15764,1,1
2021-02-02 15:01:38.353,15763,15765,15763,2,-2
2021-02-02 15:01:38.408,15763,15765,15763,1,-1
2021-02-02 15:01:38.950,15763,15765,15763,1,-1
2021-02-02 15:01:38.950,15763,15765,15762,3,-3
2021-02-02 15:01:44.335,15762,15764,15764,1,1
2021-02-02 15:01:47.063,15762,15764,15762,2,-2
2021-02-02 15:01:47.474,15761,15763,15763,1,1
2021-02-02 15:01:48.491,15761,15764,15764,1,1
2021-02-02 15:01:49.734,15762,15764,15762,1,-1
2021-02-02 15:01:53.433,15762,15764,15764,1,1
2021-02-02 15:01:53.480,15762,15764,15763,3,-3
2021-02-02 15:01:53.480,15762,15764,15762,2,-2
2021-02-02 15:01:55.445,15762,15764,15764,1,1
2021-02-02 15:01:55.588,15762,15764,15763,1,-1
2021-02-02 15:01:56.056,15762,15764,15762,1,-1
2021-02-02 15:01:57.443,15762,15764,15763,1,1
2021-02-02 15:02:00.016,15762,15764,15762,1,-1
2021-02-02 15:02:00.025,15762,15764,15762,1,-1
2021-02-02 15:02:03.180,15763,15764,15763,1,1
2021-02-02 15:02:04.367,15762,15764,15762,1,-1
2021-02-02 15:02:04.712,15762,15764,15763,2,2
2021-02-02 15:02:07.655,15762,15763,15763,1,1
2021-02-02 15:02:10.893,15762,15763,15763,1,1
2021-02-02 15:02:10.893,15762,15763,15763,1,1
2021-02-02 15:02:18.679,15762,15763,15762,1,-1
2021-02-02 15:02:18.680,15762,15763,15762,3,-3
2021-02-02 15:02:18.874,15761,15763,15761,4,-4
2021-02-02 15:02:18.874,15761,15763,15760,2,-2
2021-02-02 15:02:19.769,15760,15762,15760,10,-10
2021-02-02 15:02:19.770,15760,15762,15760,1,-1
2021-02-02 15:02:19.770,15760,15762,15760,2,-2
2021-02-02 15:02:23.461,15759,15761,15759,1,-1
2021-02-02 15:02:23.539,15759,15761,15759,1,-1
2021-02-02 15:02:23.539,15759,15761,15759,2,-2
2021-02-02 15:02:23.539,15759,15761,15759,1,-1
2021-02-02 15:02:24.478,15758,15759,15758,1,-1
2021-02-02 15:02:24.478,15758,15759,15758,4,-4
2021-02-02 15:02:24.933,15757,15759,15757,2,-2
2021-02-02 15:02:25.549,15756,15758,15758,1,1
2021-02-02 15:02:26.663,15757,15758,15757,2,-2
2021-02-02 15:02:27.747,15756,15758,15758,1,1
2021-02-02 15:02:27.938,15756,15758,15756,5,-5
2021-02-02 15:02:27.938,15756,15758,15755,5,-5
2021-02-02 15:02:28.841,15755,15757,15757,1,1
2021-02-02 15:02:28.901,15755,15757,15755,3,-3
2021-02-02 15:02:28.926,15755,15757,15755,3,-3
2021-02-02 15:02:28.928,15755,15757,15755,7,-7
2021-02-02 15:02:28.928,15755,15757,15755,1,-1
2021-02-02 15:02:29.854,15754,15756,15754,1,-1
2021-02-02 15:02:29.895,15754,15756,15756,1,1
2021-02-02 15:02:29.923,15754,15756,15754,1,-1
2021-02-02 15:02:30.507,15753,15756,15754,1,-1
2021-02-02 15:02:30.764,15753,15755,15753,1,-1
2021-02-02 15:02:31.448,15753,15754,15753,1,-1
2021-02-02 15:02:31.625,15753,15754,15753,6,-6
2021-02-02 15:02:31.751,15752,15753,15752,2,-2
2021-02-02 15:02:31.752,15752,15753,15752,1,-1
2021-02-02 15:02:31.832,15752,15753,15752,1,-1
2021-02-02 15:02:32.032,15751,15752,15751,1,-1
2021-02-02 15:02:32.191,15750,15751,15751,2,2
2021-02-02 15:02:32.191,15750,15751,15752,3,3
2021-02-02 15:02:32.210,15750,15751,15751,1,1
2021-02-02 15:02:32.438,15750,15751,15750,4,-4
2021-02-02 15:02:32.438,15750,15751,15750,7,-7
2021-02-02 15:02:32.438,15750,15751,15750,1,-1
2021-02-02 15:02:32.438,15750,15751,15750,1,-1
2021-02-02 15:02:32.549,15750,15751,15750,1,-1
2021-02-02 15:02:32.550,15750,15751,15750,1,-1
2021-02-02 15:02:32.550,15750,15751,15750,2,-2
2021-02-02 15:02:32.550,15750,15751,15750,4,-4
2021-02-02 15:02:32.551,15750,15751,15750,1,-1
2021-02-02 15:02:32.551,15750,15751,15750,51,-51
2021-02-02 15:02:32.554,15750,15751,15749,1,-1
2021-02-02 15:02:32.666,15748,15750,15748,1,-1
2021-02-02 15:02:32.877,15748,15749,15749,1,1
2021-02-02 15:02:33.030,15748,15750,15748,1,-1
2021-02-02 15:02:33.099,15748,15750,15748,1,-1
2021-02-02 15:02:33.149,15747,15749,15749,1,1
2021-02-02 15:02:33.149,15747,15749,15750,4,4
2021-02-02 15:02:33.149,15747,15749,15748,1,-1
2021-02-02 15:02:33.253,15748,15750,15750,1,1
2021-02-02 15:02:33.354,15748,15750,15749,1,-1
2021-02-02 15:02:33.429,15748,15751,15748,1,-1
2021-02-02 15:02:33.512,15748,15751,15748,1,-1
2021-02-02 15:02:33.784,15749,15751,15751,3,3
2021-02-02 15:02:34.237,15751,15754,15754,1,1
2021-02-02 15:02:35.418,15752,15754,15752,2,-2
2021-02-02 15:02:35.564,15752,15754,15754,4,4
2021-02-02 15:02:35.601,15752,15754,15755,1,1
2021-02-02 15:02:36.078,15753,15755,15753,1,-1
2021-02-02 15:02:37.554,15753,15755,15753,2,-2
2021-02-02 15:02:37.704,15753,15755,15755,1,1
2021-02-02 15:02:39.518,15755,15757,15755,2,-2
2021-02-02 15:02:43.509,15755,15757,15755,1,-1
2021-02-02 15:02:43.869,15756,15757,15756,1,1
2021-02-02 15:02:45.670,15756,15757,15756,5,-5
2021-02-02 15:02:45.845,15754,15757,15756,1,-1
2021-02-02 15:02:46.835,15754,15757,15754,1,-1
2021-02-02 15:02:56.927,15754,15755,15755,2,2
2021-02-02 15:02:57.569,15754,15757,15754,1,-1
2021-02-02 15:02:58.685,15755,15757,15755,1,1
2021-02-02 15:02:59.495,15754,15757,15754,1,-1
2021-02-02 15:03:00.029,15754,15756,15754,2,-2
2021-02-02 15:03:00.778,15754,15756,15754,1,-1
2021-02-02 15:03:02.643,15753,15755,15753,1,-1
2021-02-02 15:03:02.853,15753,15755,15753,1,-1
2021-02-02 15:03:03.014,15753,15755,15753,1,-1
2021-02-02 15:03:04.402,15752,15754,15753,1,-1
2021-02-02 15:03:04.748,15752,15754,15752,2,-2
2021-02-02 15:03:04.750,15752,15754,15752,1,-1
2021-02-02 15:03:04.750,15752,15754,15751,1,-1
2021-02-02 15:03:06.704,15752,15754,15753,1,1
2021-02-02 15:03:09.410,15752,15753,15753,2,2
2021-02-02 15:03:12.226,15752,15754,15754,2,2
2021-02-02 15:03:13.091,15753,15755,15753,1,-1
2021-02-02 15:03:13.091,15753,15755,15753,4,-4
2021-02-02 15:03:13.126,15753,15755,15753,1,-1
2021-02-02 15:03:13.684,15752,15755,15752,1,-1
2021-02-02 15:03:14.276,15752,15755,15753,4,4
2021-02-02 15:03:16.865,15753,15754,15754,1,1
2021-02-02 15:03:18.463,15753,15755,15755,1,1
2021-02-02 15:03:18.840,15753,15755,15755,3,3
2021-02-02 15:03:21.344,15754,15756,15754,1,-1
2021-02-02 15:03:22.647,15754,15756,15754,1,-1
2021-02-02 15:03:26.774,15754,15755,15754,1,-1
2021-02-02 15:03:27.189,15753,15755,15754,1,-1
2021-02-02 15:03:29.522,15753,15755,15753,1,-1
2021-02-02 15:03:32.717,15753,15755,15755,1,1
2021-02-02 15:03:33.188,15753,15755,15753,1,-1
2021-02-02 15:03:34.751,15754,15755,15755,1,1
2021-02-02 15:03:35.670,15754,15756,15755,5,-5
2021-02-02 15:03:37.674,15754,15756,15756,1,1
2021-02-02 15:03:37.882,15754,15756,15756,1,1
2021-02-02 15:03:39.777,15754,15755,15755,1,1
2021-02-02 15:03:42.716,15755,15756,15755,1,-1
2021-02-02 15:03:45.213,15754,15755,15755,1,1
2021-02-02 15:03:50.133,15754,15756,15754,1,-1
2021-02-02 15:03:50.842,15754,15755,15755,1,1
2021-02-02 15:03:51.958,15755,15756,15755,1,-1
2021-02-02 15:03:54.811,15754,15756,15756,1,1
2021-02-02 15:03:58.373,15754,15756,15756,1,1
2021-02-02 15:04:00.009,15755,15756,15755,1,-1
2021-02-02 15:04:00.492,15754,15756,15756,1,1
2021-02-02 15:04:04.888,15755,15756,15755,1,-1
2021-02-02 15:04:09.347,15755,15756,15756,2,2
2021-02-02 15:04:10.233,15755,15756,15756,2,2
2021-02-02 15:04:10.234,15755,15756,15756,2,2
2021-02-02 15:04:14.283,15755,15756,15756,1,1
2021-02-02 15:04:15.348,15755,15756,15755,1,-1
2021-02-02 15:04:22.627,15755,15756,15755,1,-1
2021-02-02 15:04:26.176,15755,15756,15755,1,-1
2021-02-02 15:04:29.289,15755,15756,15755,1,-1
2021-02-02 15:04:29.330,15755,15756,15756,9,9
2021-02-02 15:04:31.609,15755,15757,15755,4,-4
2021-02-02 15:04:38.986,15755,15756,15756,1,1
2021-02-02 15:04:39.976,15755,15756,15756,1,1
2021-02-02 15:04:40.568,15755,15756,15756,1,1
2021-02-02 15:04:41.081,15755,15756,15756,1,1
2021-02-02 15:04:41.613,15755,15756,15756,1,1
2021-02-02 15:04:42.556,15755,15756,15756,1,1
2021-02-02 15:04:44.969,15755,15756,15756,2,2
2021-02-02 15:04:49.259,15755,15756,15756,1,1
2021-02-02 15:04:51.098,15755,15756,15756,1,1
2021-02-02 15:04:56.075,15755,15756,15756,2,2
2021-02-02 15:04:58.756,15755,15756,15756,1,1
2021-02-02 15:05:00.356,15755,15757,15755,1,-1
2021-02-02 15:05:00.357,15755,15757,15755,5,-5
2021-02-02 15:05:00.357,15755,15757,15755,7,-7
2021-02-02 15:05:00.604,15754,15755,15754,1,-1
2021-02-02 15:05:01.015,15754,15756,15756,2,2
2021-02-02 15:05:01.906,15754,15756,15754,9,-9
2021-02-02 15:05:02.293,15753,15755,15755,1,1
2021-02-02 15:05:03.411,15753,15755,15755,1,1
2021-02-02 15:05:04.741,15754,15755,15755,2,2
2021-02-02 15:05:11.713,15753,15755,15755,1,1
2021-02-02 15:05:22.346,15753,15755,15753,1,-1
2021-02-02 15:05:28.329,15753,15755,15754,1,1
2021-02-02 15:05:33.572,15754,15755,15755,5,5
2021-02-02 15:05:33.572,15754,15755,15755,2,2
2021-02-02 15:05:34.674,15754,15756,15756,1,1
2021-02-02 15:05:34.674,15754,15756,15756,1,1
2021-02-02 15:05:34.674,15754,15756,15756,1,1
2021-02-02 15:05:34.675,15754,15756,15757,5,5
2021-02-02 15:05:41.270,15755,15758,15758,1,1
2021-02-02 15:05:44.915,15756,15757,15757,2,2
2021-02-02 15:05:46.565,15756,15757,15757,3,3
2021-02-02 15:05:48.865,15756,15758,15758,7,7
2021-02-02 15:05:48.867,15756,15758,15758,1,1
2021-02-02 15:05:51.468,15757,15759,15757,1,-1
2021-02-02 15:05:51.486,15757,15759,15757,1,-1
2021-02-02 15:05:51.486,15757,15759,15756,1,-1
2021-02-02 15:06:02.816,15756,15758,15756,1,-1
2021-02-02 15:06:03.136,15756,15758,15758,1,1
2021-02-02 15:06:14.242,15757,15758,15758,1,1
2021-02-02 15:06:14.366,15757,15758,15758,1,1
2021-02-02 15:06:14.492,15757,15759,15759,1,1
2021-02-02 15:06:14.801,15757,15759,15758,1,-1
2021-02-02 15:06:14.906,15757,15759,15758,1,-1
2021-02-02 15:06:16.185,15757,15759,15759,4,4
2021-02-02 15:06:19.598,15758,15760,15758,1,-1
2021-02-02 15:06:23.435,15758,15760,15758,2,-2
2021-02-02 15:06:26.058,15758,15760,15760,3,3
2021-02-02 15:06:26.058,15758,15760,15760,2,2
2021-02-02 15:06:27.142,15759,15761,15761,3,3
2021-02-02 15:06:28.766,15759,15762,15760,1,-1
2021-02-02 15:06:29.917,15760,15762,15760,1,-1
2021-02-02 15:06:30.737,15760,15762,15760,1,-1
2021-02-02 15:06:31.086,15759,15761,15761,1,1
2021-02-02 15:06:31.727,15759,15761,15761,1,1
2021-02-02 15:06:34.127,15760,15762,15762,1,1
2021-02-02 15:06:34.750,15760,15762,15762,1,1
2021-02-02 15:06:34.766,15760,15762,15762,1,1
2021-02-02 15:06:34.819,15760,15762,15762,1,1
2021-02-02 15:06:34.881,15760,15762,15762,1,1
2021-02-02 15:06:35.501,15761,15762,15762,6,6
2021-02-02 15:06:37.960,15761,15763,15761,1,-1
2021-02-02 15:06:38.536,15761,15763,15762,1,1
2021-02-02 15:06:39.585,15761,15763,15763,1,1
2021-02-02 15:06:40.081,15761,15763,15763,1,1
2021-02-02 15:06:40.154,15761,15763,15763,1,1
2021-02-02 15:06:40.203,15761,15763,15764,1,1
2021-02-02 15:06:43.912,15762,15763,15762,2,-2
2021-02-02 15:06:44.541,15761,15763,15762,1,-1
2021-02-02 15:06:46.500,15761,15763,15761,2,-2
2021-02-02 15:06:48.756,15762,15763,15763,3,3
2021-02-02 15:06:50.357,15762,15764,15764,2,2
2021-02-02 15:06:51.458,15764,15765,15765,5,5
2021-02-02 15:06:52.612,15765,15766,15766,3,3
2021-02-02 15:06:52.921,15765,15766,15765,1,-1
2021-02-02 15:06:53.276,15765,15766,15766,2,2
2021-02-02 15:06:53.965,15765,15767,15765,1,-1
2021-02-02 15:06:54.370,15765,15767,15765,1,-1
2021-02-02 15:06:55.819,15765,15767,15766,1,1
2021-02-02 15:06:56.382,15766,15767,15767,1,1
2021-02-02 15:06:56.759,15766,15767,15766,1,-1
2021-02-02 15:06:57.343,15765,15767,15766,1,-1
2021-02-02 15:06:58.266,15765,15766,15766,1,1
2021-02-02 15:07:00.075,15765,15766,15766,1,1
2021-02-02 15:07:00.877,15765,15766,15766,1,1
2021-02-02 15:07:01.274,15765,15766,15766,1,1
2021-02-02 15:07:01.652,15765,15766,15765,1,-1
2021-02-02 15:07:02.417,15765,15766,15766,2,2
2021-02-02 15:07:03.986,15765,15767,15767,12,12
2021-02-02 15:07:06.237,15767,15768,15767,1,-1
2021-02-02 15:07:07.303,15767,15768,15767,1,-1
2021-02-02 15:07:07.419,15767,15768,15768,14,14
2021-02-02 15:07:07.526,15768,15769,15769,5,5
2021-02-02 15:07:08.141,15768,15770,15768,1,-1
2021-02-02 15:07:08.551,15768,15770,15770,2,2
2021-02-02 15:07:08.697,15769,15770,15770,2,2
2021-02-02 15:07:08.698,15769,15770,15770,13,13
2021-02-02 15:07:08.718,15769,15770,15770,1,1
2021-02-02 15:07:08.718,15769,15770,15769,1,-1
2021-02-02 15:07:08.828,15769,15771,15771,1,1
2021-02-02 15:07:09.168,15769,15771,15771,1,1
2021-02-02 15:07:09.784,15769,15771,15771,2,2
2021-02-02 15:07:09.865,15769,15771,15769,2,-2
2021-02-02 15:07:10.194,15769,15771,15769,2,-2
2021-02-02 15:07:10.194,15769,15771,15768,2,-2
2021-02-02 15:07:11.761,15768,15769,15769,1,1
2021-02-02 15:07:12.354,15769,15771,15769,1,-1
2021-02-02 15:07:12.772,15768,15769,15769,1,1
2021-02-02 15:07:12.772,15768,15769,15770,1,1
2021-02-02 15:07:13.171,15768,15770,15768,2,-2
2021-02-02 15:07:13.471,15768,15770,15768,1,-1
2021-02-02 15:07:13.472,15768,15770,15768,4,-4
2021-02-02 15:07:13.582,15767,15769,15767,1,-1
2021-02-02 15:07:13.965,15766,15769,15766,1,-1
2021-02-02 15:07:13.996,15766,15769,15768,1,1
2021-02-02 15:07:15.283,15766,15768,15768,1,1
2021-02-02 15:07:16.589,15766,15767,15766,1,-1
2021-02-02 15:07:17.147,15765,15767,15765,1,-1
2021-02-02 15:07:17.643,15765,15767,15765,1,-1
2021-02-02 15:07:18.409,15766,15767,15767,1,1
2021-02-02 15:07:20.054,15767,15768,15767,1,-1
2021-02-02 15:07:20.253,15766,15767,15767,4,4
2021-02-02 15:07:22.924,15766,15768,15766,4,-4
2021-02-02 15:07:22.924,15766,15768,15765,7,-7
2021-02-02 15:07:22.926,15766,15768,15765,18,-18
2021-02-02 15:07:23.372,15765,15767,15767,2,2
2021-02-02 15:07:26.256,15764,15767,15766,1,-1
2021-02-02 15:07:26.258,15764,15767,15767,4,4
2021-02-02 15:07:26.377,15765,15767,15767,5,5
2021-02-02 15:07:26.519,15765,15768,15766,1,-1
2021-02-02 15:07:26.567,15765,15768,15765,1,-1
2021-02-02 15:07:26.751,15764,15766,15766,1,1
2021-02-02 15:07:27.255,15764,15766,15764,1,-1
2021-02-02 15:07:29.346,15765,15767,15767,1,1
2021-02-02 15:07:32.366,15765,15767,15765,1,-1
2021-02-02 15:07:33.443,15765,15767,15767,2,2
2021-02-02 15:07:34.921,15765,15766,15766,1,1
2021-02-02 15:07:37.033,15766,15767,15767,1,1
2021-02-02 15:07:43.315,15766,15767,15767,1,1
2021-02-02 15:07:43.367,15766,15767,15766,1,-1
2021-02-02 15:07:43.638,15766,15767,15766,1,-1
2021-02-02 15:07:46.782,15766,15767,15767,1,1
2021-02-02 15:07:52.075,15766,15767,15767,2,2
2021-02-02 15:07:52.079,15766,15767,15766,1,-1
2021-02-02 15:07:52.692,15766,15767,15766,1,-1
2021-02-02 15:07:58.834,15765,15766,15766,1,1
2021-02-02 15:07:59.841,15765,15767,15766,2,-2
2021-02-02 15:08:01.548,15766,15767,15766,1,-1
2021-02-02 15:08:12.478,15766,15767,15766,1,-1
2021-02-02 15:08:23.830,15766,15767,15767,1,1
2021-02-02 15:08:27.853,15766,15767,15767,2,2
2021-02-02 15:08:30.513,15767,15768,15767,1,-1
2021-02-02 15:08:35.703,15766,15767,15767,1,1
2021-02-02 15:08:35.704,15766,15767,15767,1,1
2021-02-02 15:08:41.933,15767,15768,15768,1,1
2021-02-02 15:08:42.805,15767,15768,15768,2,2
2021-02-02 15:08:42.805,15767,15768,15768,4,4
2021-02-02 15:08:42.805,15767,15768,15768,1,1
2021-02-02 15:08:43.036,15768,15769,15769,4,4
2021-02-02 15:08:43.358,15769,15770,15769,1,-1
2021-02-02 15:08:45.140,15767,15769,15769,1,1
2021-02-02 15:08:47.941,15767,15769,15769,1,1
2021-02-02 15:08:48.239,15767,15769,15769,1,1
2021-02-02 15:08:48.239,15767,15769,15769,3,3
2021-02-02 15:08:49.635,15769,15770,15770,1,1
2021-02-02 15:08:52.914,15769,15770,15770,2,2
2021-02-02 15:08:53.981,15769,15770,15770,5,5
2021-02-02 15:08:54.419,15769,15770,15770,1,1
2021-02-02 15:08:55.446,15769,15770,15770,1,1
2021-02-02 15:08:55.573,15769,15770,15770,4,4
2021-02-02 15:08:55.658,15769,15771,15771,1,1
2021-02-02 15:08:57.371,15770,15771,15771,2,2
2021-02-02 15:08:57.850,15770,15771,15770,1,-1
2021-02-02 15:08:57.850,15770,15771,15771,4,4
2021-02-02 15:08:59.525,15770,15771,15771,1,1
2021-02-02 15:08:59.773,15770,15772,15770,2,-2
2021-02-02 15:09:03.244,15770,15771,15771,1,1
2021-02-02 15:09:04.696,15770,15771,15771,2,2
2021-02-02 15:09:07.105,15770,15772,15770,1,-1
2021-02-02 15:09:07.864,15770,15772,15772,1,1
2021-02-02 15:09:07.906,15770,15772,15772,1,1
2021-02-02 15:09:07.945,15770,15772,15772,1,1
2021-02-02 15:09:08.075,15770,15772,15772,1,1
2021-02-02 15:09:08.544,15770,15772,15772,3,3
2021-02-02 15:09:09.469,15770,15772,15772,3,3
2021-02-02 15:09:09.736,15770,15772,15771,1,-1
2021-02-02 15:09:09.736,15770,15772,15772,3,3
2021-02-02 15:09:10.696,15770,15772,15772,5,5
2021-02-02 15:09:14.079,15771,15772,15772,1,1
2021-02-02 15:09:14.629,15771,15772,15771,1,-1
2021-02-02 15:09:15.229,15770,15771,15771,1,1
2021-02-02 15:09:18.197,15770,15771,15770,9,-9
2021-02-02 15:09:18.198,15770,15771,15769,3,-3
2021-02-02 15:09:18.198,15770,15771,15769,3,-3
2021-02-02 15:09:18.198,15770,15771,15769,1,-1
2021-02-02 15:09:18.199,15770,15771,15769,1,-1
2021-02-02 15:09:18.199,15770,15771,15769,4,-4
2021-02-02 15:09:18.199,15770,15771,15769,1,-1
2021-02-02 15:09:18.199,15770,15771,15769,10,-10
2021-02-02 15:09:18.233,15770,15771,15767,1,-1
2021-02-02 15:09:18.701,15767,15769,15769,1,1
2021-02-02 15:09:19.266,15767,15769,15769,1,1
2021-02-02 15:09:19.706,15768,15770,15770,1,1
2021-02-02 15:09:20.616,15768,15770,15770,2,2
2021-02-02 15:09:20.616,15768,15770,15771,3,3
2021-02-02 15:09:23.131,15768,15770,15768,1,-1
2021-02-02 15:09:26.542,15768,15770,15770,1,1
2021-02-02 15:09:26.778,15768,15770,15770,1,1
2021-02-02 15:09:30.807,15768,15770,15770,1,1
2021-02-02 15:09:32.387,15768,15770,15770,1,1
2021-02-02 15:09:35.318,15768,15770,15770,1,1
2021-02-02 15:09:39.997,15768,15770,15770,1,1
2021-02-02 15:09:43.028,15768,15769,15769,1,1
2021-02-02 15:09:45.996,15769,15770,15769,1,-1
2021-02-02 15:09:47.127,15769,15770,15769,2,-2
2021-02-02 15:09:49.781,15768,15770,15770,4,4
2021-02-02 15:09:49.782,15768,15770,15770,16,16
2021-02-02 15:09:49.782,15768,15770,15770,3,3
2021-02-02 15:09:52.492,15769,15771,15769,1,-1
2021-02-02 15:09:54.042,15769,15771,15771,1,1
2021-02-02 15:09:59.046,15769,15771,15771,1,1
2021-02-02 15:10:00.052,15769,15770,15770,1,1
2021-02-02 15:10:00.136,15769,15771,15771,1,1
2021-02-02 15:10:00.337,15769,15771,15771,1,1
2021-02-02 15:10:00.443,15769,15772,15772,1,1
2021-02-02 15:10:00.445,15769,15772,15772,1,1
2021-02-02 15:10:01.022,15770,15772,15772,1,1
2021-02-02 15:10:01.458,15770,15772,15770,1,-1
2021-02-02 15:10:01.624,15770,15772,15770,1,-1
2021-02-02 15:10:02.928,15770,15772,15770,6,-6
2021-02-02 15:10:02.929,15770,15772,15770,4,-4
2021-02-02 15:10:05.444,15770,15771,15771,5,5
2021-02-02 15:10:06.732,15770,15772,15770,1,-1
2021-02-02 15:10:07.630,15771,15772,15772,4,4
2021-02-02 15:10:13.301,15771,15772,15771,1,-1
2021-02-02 15:10:15.026,15770,15771,15771,1,1
2021-02-02 15:10:18.615,15771,15772,15772,5,5
2021-02-02 15:10:18.844,15771,15773,15773,2,2
2021-02-02 15:10:18.846,15771,15773,15773,2,2
2021-02-02 15:10:25.209,15772,15773,15773,1,1
2021-02-02 15:10:25.212,15772,15773,15773,3,3
2021-02-02 15:10:25.213,15772,15773,15773,5,5
2021-02-02 15:10:26.177,15773,15774,15774,7,7
2021-02-02 15:10:27.686,15773,15775,15775,1,1
2021-02-02 15:10:28.049,15773,15775,15775,1,1
2021-02-02 15:10:28.878,15773,15775,15775,4,4
2021-02-02 15:10:31.010,15773,15775,15775,2,2
2021-02-02 15:10:35.033,15773,15775,15775,2,2
2021-02-02 15:10:35.053,15773,15775,15773,1,-1
2021-02-02 15:10:35.205,15773,15775,15775,2,2
2021-02-02 15:10:36.028,15772,15775,15775,1,1
2021-02-02 15:10:36.236,15772,15775,15775,1,1
2021-02-02 15:10:37.300,15772,15774,15774,1,1
2021-02-02 15:10:37.745,15772,15775,15775,1,1
2021-02-02 15:10:39.040,15772,15775,15775,2,2
2021-02-02 15:10:40.695,15773,15775,15775,1,1
2021-02-02 15:10:41.229,15773,15775,15775,1,1
2021-02-02 15:10:44.016,15774,15775,15775,2,2
2021-02-02 15:10:44.376,15773,15775,15775,4,4
2021-02-02 15:10:44.377,15773,15775,15775,1,1
2021-02-02 15:10:45.052,15774,15776,15775,1,-1
2021-02-02 15:10:45.441,15774,15776,15776,1,1
2021-02-02 15:10:45.837,15774,15776,15774,1,-1
2021-02-02 15:10:46.739,15774,15776,15774,1,-1
2021-02-02 15:10:48.077,15774,15775,15774,1,-1
2021-02-02 15:10:48.077,15774,15775,15773,1,-1
2021-02-02 15:10:52.647,15774,15775,15774,1,1
2021-02-02 15:10:54.354,15773,15775,15775,1,1
2021-02-02 15:10:55.075,15773,15776,15773,1,-1
2021-02-02 15:10:55.386,15773,15776,15775,1,1
2021-02-02 15:10:56.266,15775,15776,15775,1,-1
2021-02-02 15:10:56.460,15774,15776,15774,1,-1
2021-02-02 15:10:59.873,15774,15775,15774,1,-1
2021-02-02 15:11:05.588,15774,15775,15775,1,1
2021-02-02 15:11:06.057,15774,15776,15774,1,-1
2021-02-02 15:11:10.543,15774,15775,15775,1,1
2021-02-02 15:11:16.047,15775,15776,15775,1,-1
2021-02-02 15:11:16.757,15774,15776,15775,1,-1
2021-02-02 15:11:17.214,15774,15775,15774,1,-1
2021-02-02 15:11:20.452,15774,15775,15775,1,1
2021-02-02 15:11:21.051,15774,15775,15774,1,-1
2021-02-02 15:11:21.590,15774,15775,15774,2,-2
2021-02-02 15:11:25.203,15774,15775,15775,2,2
2021-02-02 15:11:25.204,15774,15775,15775,1,1
2021-02-02 15:11:26.482,15774,15775,15774,5,-5
2021-02-02 15:11:26.483,15774,15775,15774,3,-3
2021-02-02 15:11:27.054,15774,15775,15774,1,-1
2021-02-02 15:11:27.670,15773,15775,15774,4,-4
2021-02-02 15:11:27.672,15773,15775,15773,8,-8
2021-02-02 15:11:27.888,15772,15774,15774,1,1
2021-02-02 15:11:27.930,15772,15774,15774,1,1
2021-02-02 15:11:35.142,15774,15775,15775,2,2
2021-02-02 15:11:37.062,15774,15776,15774,1,-1
2021-02-02 15:11:41.150,15774,15776,15774,1,-1
2021-02-02 15:11:47.281,15774,15775,15775,1,1
2021-02-02 15:11:48.047,15774,15776,15774,1,-1
2021-02-02 15:11:48.782,15774,15776,15774,1,-1
2021-02-02 15:11:48.905,15774,15776,15776,1,1
2021-02-02 15:11:50.090,15774,15776,15775,1,-1
2021-02-02 15:11:55.799,15774,15775,15775,3,3
2021-02-02 15:11:57.960,15774,15776,15776,1,1
2021-02-02 15:11:58.060,15774,15776,15774,1,-1
2021-02-02 15:12:05.222,15775,15776,15776,13,13
2021-02-02 15:12:05.223,15775,15776,15776,10,10
2021-02-02 15:12:05.584,15775,15777,15777,1,1
2021-02-02 15:12:05.708,15775,15777,15777,2,2
2021-02-02 15:12:05.790,15776,15777,15777,1,1
2021-02-02 15:12:09.038,15775,15777,15775,1,-1
2021-02-02 15:12:10.639,15774,15777,15774,1,-1
2021-02-02 15:12:12.635,15775,15776,15775,1,1
2021-02-02 15:12:12.635,15775,15776,15774,2,-2
2021-02-02 15:12:14.973,15774,15776,15776,1,1
2021-02-02 15:12:19.045,15775,15777,15775,1,-1
2021-02-02 15:12:21.774,15775,15777,15777,15,15
2021-02-02 15:12:23.056,15775,15777,15777,1,1
2021-02-02 15:12:26.413,15775,15777,15777,3,3
2021-02-02 15:12:27.285,15775,15777,15777,1,1
2021-02-02 15:12:28.601,15776,15777,15777,4,4
2021-02-02 15:12:29.788,15776,15778,15778,4,4
2021-02-02 15:12:30.060,15776,15778,15776,1,-1
2021-02-02 15:12:30.170,15776,15778,15776,1,-1
2021-02-02 15:12:30.467,15776,15778,15776,1,-1
2021-02-02 15:12:30.935,15776,15778,15778,1,1
2021-02-02 15:12:32.494,15777,15778,15777,1,-1
2021-02-02 15:12:33.266,15776,15777,15777,1,1
2021-02-02 15:12:33.266,15776,15777,15778,1,1
2021-02-02 15:12:35.754,15776,15777,15777,1,1
2021-02-02 15:12:35.754,15776,15777,15778,14,14
2021-02-02 15:12:36.669,15776,15778,15776,6,-6
2021-02-02 15:12:36.669,15776,15778,15776,4,-4
2021-02-02 15:12:37.703,15775,15777,15775,1,-1
2021-02-02 15:12:40.053,15775,15777,15775,1,-1
2021-02-02 15:12:40.428,15775,15777,15777,1,1
2021-02-02 15:12:43.165,15776,15777,15777,1,1
2021-02-02 15:12:47.868,15777,15778,15777,1,-1
2021-02-02 15:12:51.054,15776,15777,15776,1,-1
2021-02-02 15:12:52.974,15776,15777,15776,2,-2
2021-02-02 15:12:53.117,15775,15776,15775,3,-3
2021-02-02 15:12:53.117,15775,15776,15775,15,-15
2021-02-02 15:12:53.118,15775,15776,15774,1,-1
2021-02-02 15:12:53.160,15774,15775,15774,1,-1
2021-02-02 15:12:53.509,15774,15775,15774,1,-1
2021-02-02 15:12:53.754,15774,15775,15774,1,-1
2021-02-02 15:12:53.754,15774,15775,15774,3,-3
2021-02-02 15:12:53.754,15774,15775,15774,1,-1
2021-02-02 15:12:53.754,15774,15775,15774,1,-1
2021-02-02 15:12:53.754,15774,15775,15774,1,-1
2021-02-02 15:12:53.755,15774,15775,15774,1,-1
2021-02-02 15:12:53.755,15774,15775,15774,1,-1
2021-02-02 15:12:53.755,15774,15775,15774,1,-1
2021-02-02 15:12:53.755,15774,15775,15774,1,-1
2021-02-02 15:12:53.875,15774,15775,15774,13,-13
2021-02-02 15:12:55.774,15773,15774,15773,5,-5
2021-02-02 15:12:55.820,15773,15774,15774,2,2
2021-02-02 15:12:56.423,15772,15774,15772,1,-1
2021-02-02 15:13:00.985,15772,15774,15772,1,-1
2021-02-02 15:13:01.135,15772,15774,15772,1,-1
2021-02-02 15:13:02.724,15772,15774,15772,1,-1
2021-02-02 15:13:04.231,15772,15774,15772,3,-3
2021-02-02 15:13:04.279,15772,15773,15772,1,-1
2021-02-02 15:13:05.561,15771,15772,15772,3,3
2021-02-02 15:13:05.561,15771,15772,15773,2,2
2021-02-02 15:13:11.250,15772,15773,15773,1,1
2021-02-02 15:13:12.066,15772,15774,15772,1,-1
2021-02-02 15:13:12.437,15772,15774,15772,1,-1
2021-02-02 15:13:16.500,15772,15773,15773,1,1
2021-02-02 15:13:24.625,15773,15774,15774,4,4
2021-02-02 15:13:35.636,15774,15775,15775,1,1
2021-02-02 15:13:35.888,15774,15776,15774,2,-2
2021-02-02 15:13:39.250,15775,15776,15776,1,1
2021-02-02 15:13:42.428,15775,15777,15777,3,3
2021-02-02 15:13:42.428,15775,15777,15778,1,1
2021-02-02 15:13:46.734,15776,15778,15778,4,4
2021-02-02 15:13:53.078,15777,15778,15778,1,1
2021-02-02 15:13:53.078,15777,15778,15778,3,3
2021-02-02 15:13:56.047,15777,15778,15778,1,1
2021-02-02 15:13:56.494,15777,15778,15778,1,1
2021-02-02 15:14:00.767,15777,15778,15778,1,1
2021-02-02 15:14:04.012,15778,15779,15778,1,-1
2021-02-02 15:14:04.286,15778,15779,15779,9,9
2021-02-02 15:14:04.286,15778,15779,15779,2,2
2021-02-02 15:14:04.287,15778,15779,15779,1,1
2021-02-02 15:14:04.363,15778,15779,15778,1,-1
2021-02-02 15:14:05.234,15777,15779,15779,1,1
2021-02-02 15:14:06.127,15777,15778,15778,1,1
2021-02-02 15:14:06.447,15777,15779,15779,1,1
2021-02-02 15:14:06.791,15777,15779,15779,1,1
2021-02-02 15:14:15.798,15778,15779,15779,1,1
2021-02-02 15:14:18.257,15779,15780,15779,1,-1
2021-02-02 15:14:19.427,15778,15779,15779,1,1
2021-02-02 15:14:19.645,15778,15780,15778,2,-2
2021-02-02 15:14:26.971,15778,15780,15780,1,1
2021-02-02 15:14:27.264,15779,15780,15780,2,2
2021-02-02 15:14:30.335,15779,15780,15780,1,1
2021-02-02 15:14:32.055,15779,15780,15779,1,-1
2021-02-02 15:14:32.069,15779,15780,15778,1,-1
2021-02-02 15:14:32.388,15778,15780,15780,8,8
2021-02-02 15:14:33.109,15778,15780,15780,1,1
2021-02-02 15:14:36.051,15778,15780,15780,1,1
2021-02-02 15:14:36.811,15778,15780,15778,3,-3
2021-02-02 15:14:36.912,15777,15779,15777,21,-21
2021-02-02 15:14:36.954,15777,15779,15776,1,-1
2021-02-02 15:14:36.954,15777,15779,15776,1,-1
2021-02-02 15:14:36.955,15777,15779,15776,2,-2
2021-02-02 15:14:37.143,15775,15776,15775,5,-5
2021-02-02 15:14:37.309,15774,15775,15774,1,-1
2021-02-02 15:14:37.586,15774,15775,15774,1,-1
2021-02-02 15:14:37.796,15772,15775,15772,1,-1
2021-02-02 15:14:37.950,15772,15774,15774,2,2
2021-02-02 15:14:38.139,15772,15774,15772,4,-4
2021-02-02 15:14:38.569,15772,15774,15774,2,2
2021-02-02 15:14:41.054,15773,15775,15773,1,-1
2021-02-02 15:14:44.418,15773,15775,15775,1,1
2021-02-02 15:14:44.418,15773,15775,15776,2,2
2021-02-02 15:14:47.780,15774,15776,15774,1,-1
2021-02-02 15:14:47.919,15774,15776,15774,3,-3
2021-02-02 15:14:49.043,15774,15776,15774,1,-1
2021-02-02 15:14:49.438,15774,15776,15774,1,-1
2021-02-02 15:14:52.041,15773,15776,15773,1,-1
2021-02-02 15:15:00.210,15774,15775,15774,1,1
2021-02-02 15:15:00.375,15774,15775,15774,1,-1
2021-02-02 15:15:00.482,15774,15775,15775,1,1
2021-02-02 15:15:00.618,15774,15776,15774,5,-5
2021-02-02 15:15:01.334,15773,15775,15773,3,-3
2021-02-02 15:15:01.378,15772,15774,15772,1,-1
2021-02-02 15:15:03.891,15772,15773,15772,2,-2
2021-02-02 15:15:03.891,15772,15773,15772,1,-1
2021-02-02 15:15:03.891,15772,15773,15772,3,-3
2021-02-02 15:15:04.206,15771,15772,15772,1,1
2021-02-02 15:15:06.509,15771,15772,15771,1,-1
2021-02-02 15:15:06.509,15771,15772,15771,6,-6
2021-02-02 15:15:09.371,15770,15772,15770,1,-1
2021-02-02 15:15:09.377,15770,15772,15770,1,-1
2021-02-02 15:15:09.379,15770,15772,15770,1,-1
2021-02-02 15:15:10.551,15770,15771,15770,2,-2
2021-02-02 15:15:11.268,15770,15771,15771,1,1
2021-02-02 15:15:12.052,15770,15771,15770,1,-1
2021-02-02 15:15:12.071,15770,15771,15770,1,-1
2021-02-02 15:15:12.144,15770,15771,15770,5,-5
2021-02-02 15:15:14.694,15769,15770,15769,1,-1
2021-02-02 15:15:16.267,15769,15770,15770,1,1
2021-02-02 15:15:16.395,15769,15770,15769,4,-4
2021-02-02 15:15:17.446,15768,15770,15769,1,-1
2021-02-02 15:15:17.447,15768,15770,15769,1,-1
2021-02-02 15:15:17.448,15768,15770,15769,1,-1
2021-02-02 15:15:17.501,15769,15770,15769,1,-1
2021-02-02 15:15:17.502,15769,15770,15769,1,-1
2021-02-02 15:15:24.571,15769,15770,15770,1,1
2021-02-02 15:15:24.667,15769,15771,15770,1,-1
2021-02-02 15:15:29.559,15770,15771,15770,1,-1
2021-02-02 15:15:30.198,15770,15771,15770,1,-1
2021-02-02 15:15:30.253,15769,15771,15769,1,-1
2021-02-02 15:15:30.253,15769,15771,15769,1,-1
2021-02-02 15:15:31.081,15769,15771,15769,1,-1
2021-02-02 15:15:31.081,15769,15771,15769,1,-1
2021-02-02 15:15:31.971,15769,15771,15769,1,-1
2021-02-02 15:15:32.039,15768,15770,15768,1,-1
2021-02-02 15:15:32.396,15768,15770,15770,1,1
2021-02-02 15:15:32.887,15768,15770,15768,10,-10
2021-02-02 15:15:35.622,15768,15770,15768,1,-1
2021-02-02 15:15:38.122,15768,15769,15768,3,-3
2021-02-02 15:15:38.164,15768,15769,15768,1,-1
2021-02-02 15:15:38.748,15768,15769,15769,1,1
2021-02-02 15:15:40.806,15768,15770,15768,1,-1
2021-02-02 15:15:42.138,15768,15770,15768,1,-1
2021-02-02 15:15:45.572,15768,15770,15768,7,-7
2021-02-02 15:15:45.572,15768,15770,15767,3,-3
2021-02-02 15:15:48.767,15767,15768,15768,2,2
2021-02-02 15:15:52.057,15768,15770,15768,1,-1
2021-02-02 15:16:00.504,15768,15769,15768,1,-1
2021-02-02 15:16:01.480,15768,15769,15768,1,-1
2021-02-02 15:16:01.718,15768,15769,15768,3,-3
2021-02-02 15:16:01.718,15768,15769,15768,1,-1
2021-02-02 15:16:01.719,15768,15769,15768,1,-1
2021-02-02 15:16:01.804,15767,15768,15767,1,-1
2021-02-02 15:16:02.029,15767,15769,15768,1,1
2021-02-02 15:16:05.806,15768,15769,15769,1,1
2021-02-02 15:16:08.416,15768,15769,15768,4,-4
2021-02-02 15:16:09.080,15768,15769,15768,2,-2
2021-02-02 15:16:09.697,15767,15769,15768,1,-1
2021-02-02 15:16:11.162,15767,15768,15768,2,2
2021-02-02 15:16:11.738,15768,15769,15769,1,1
2021-02-02 15:16:12.052,15768,15769,15768,1,-1
2021-02-02 15:16:12.053,15768,15769,15768,2,-2
2021-02-02 15:16:20.145,15768,15769,15769,1,1
2021-02-02 15:16:22.338,15768,15769,15769,1,1
2021-02-02 15:16:22.668,15768,15769,15768,1,-1
2021-02-02 15:16:22.767,15768,15769,15769,2,2
2021-02-02 15:16:29.323,15768,15769,15769,1,1
2021-02-02 15:16:30.016,15768,15769,15769,1,1
2021-02-02 15:16:30.869,15768,15770,15768,1,-1
2021-02-02 15:16:32.042,15768,15770,15768,1,-1
2021-02-02 15:16:32.421,15768,15770,15768,3,-3
2021-02-02 15:16:32.818,15768,15769,15768,4,-4
2021-02-02 15:16:32.819,15768,15769,15768,1,-1
2021-02-02 15:16:33.113,15767,15768,15767,1,-1
2021-02-02 15:16:33.295,15767,15769,15767,1,-1
2021-02-02 15:16:33.494,15767,15769,15769,1,1
2021-02-02 15:16:34.129,15767,15768,15767,1,-1
2021-02-02 15:16:34.525,15767,15768,15767,1,-1
2021-02-02 15:16:34.929,15767,15768,15767,1,-1
2021-02-02 15:16:34.967,15767,15768,15768,3,3
2021-02-02 15:16:34.967,15767,15768,15769,1,1
2021-02-02 15:16:35.361,15767,15769,15767,1,-1
2021-02-02 15:16:35.759,15767,15769,15767,1,-1
2021-02-02 15:16:36.161,15767,15769,15767,1,-1
2021-02-02 15:16:36.597,15767,15768,15767,1,-1
2021-02-02 15:16:36.598,15767,15768,15767,5,-5
2021-02-02 15:16:37.214,15766,15768,15766,7,-7
2021-02-02 15:16:37.215,15766,15768,15765,6,-6
2021-02-02 15:16:37.215,15766,15768,15765,3,-3
2021-02-02 15:16:37.297,15764,15766,15764,1,-1
2021-02-02 15:16:40.579,15764,15765,15765,1,1
2021-02-02 15:16:40.579,15764,15765,15766,1,1
2021-02-02 15:16:40.583,15764,15765,15764,3,-3
2021-02-02 15:16:40.869,15764,15766,15764,1,-1
2021-02-02 15:16:41.152,15764,15766,15765,5,5
2021-02-02 15:16:41.184,15764,15766,15764,1,-1
2021-02-02 15:16:42.313,15764,15766,15764,3,-3
2021-02-02 15:16:42.476,15764,15766,15764,2,-2
2021-02-02 15:16:42.477,15764,15766,15764,10,-10
2021-02-02 15:16:42.477,15764,15766,15763,1,-1
2021-02-02 15:16:44.837,15764,15765,15765,4,4
2021-02-02 15:16:44.904,15765,15767,15765,1,-1
2021-02-02 15:16:49.712,15765,15766,15765,1,-1
2021-02-02 15:16:50.884,15764,15766,15766,1,1
2021-02-02 15:16:52.031,15764,15766,15764,1,-1
2021-02-02 15:16:52.972,15764,15766,15765,1,1
2021-02-02 15:16:53.034,15764,15765,15764,1,-1
2021-02-02 15:16:53.162,15764,15765,15764,2,-2
2021-02-02 15:16:54.019,15763,15765,15765,2,2
2021-02-02 15:16:54.019,15763,15765,15765,1,1
2021-02-02 15:17:00.934,15764,15766,15764,1,-1
2021-02-02 15:17:02.014,15764,15766,15764,1,-1
2021-02-02 15:17:02.619,15764,15766,15764,1,-1
2021-02-02 15:17:06.651,15765,15766,15765,1,1
2021-02-02 15:17:12.053,15765,15766,15765,1,-1
2021-02-02 15:17:15.064,15765,15766,15765,1,-1
2021-02-02 15:17:16.500,15765,15766,15765,4,-4
2021-02-02 15:17:16.501,15765,15766,15765,1,-1
2021-02-02 15:17:24.492,15764,15765,15764,3,-3
2021-02-02 15:17:24.533,15764,15765,15764,1,-1
2021-02-02 15:17:25.719,15764,15765,15764,1,-1
2021-02-02 15:17:25.719,15764,15765,15764,1,-1
2021-02-02 15:17:28.232,15763,15764,15764,3,3
2021-02-02 15:17:28.232,15763,15764,15764,2,2
2021-02-02 15:17:29.910,15764,15765,15765,5,5
2021-02-02 15:17:30.502,15765,15766,15765,1,-1
2021-02-02 15:17:30.502,15765,15766,15764,3,-3
2021-02-02 15:17:33.198,15765,15766,15765,2,2
2021-02-02 15:17:35.274,15764,15765,15765,1,1
2021-02-02 15:17:37.159,15764,15766,15766,11,11
2021-02-02 15:17:37.159,15764,15766,15767,9,9
2021-02-02 15:17:37.251,15766,15767,15767,9,9
2021-02-02 15:17:38.592,15766,15768,15767,1,-1
2021-02-02 15:17:45.613,15766,15768,15766,2,-2
2021-02-02 15:17:45.613,15766,15768,15766,1,-1
2021-02-02 15:17:48.616,15766,15767,15766,1,-1
2021-02-02 15:17:51.974,15766,15767,15766,1,-1
2021-02-02 15:17:52.202,15766,15767,15767,1,1
2021-02-02 15:18:05.279,15766,15767,15767,1,1
2021-02-02 15:18:05.877,15766,15767,15767,1,1
2021-02-02 15:18:06.584,15767,15768,15768,5,5
2021-02-02 15:18:08.817,15767,15768,15767,1,-1
2021-02-02 15:18:10.245,15766,15768,15767,1,-1
2021-02-02 15:18:11.483,15766,15767,15767,2,2
2021-02-02 15:18:11.904,15766,15768,15768,5,5
2021-02-02 15:18:11.913,15766,15768,15767,1,-1
2021-02-02 15:18:20.575,15767,15768,15768,1,1
2021-02-02 15:18:26.475,15767,15768,15768,2,2
2021-02-02 15:18:27.200,15767,15768,15768,1,1
2021-02-02 15:18:27.855,15767,15768,15767,1,-1
2021-02-02 15:18:30.757,15767,15768,15767,3,-3
2021-02-02 15:18:35.734,15767,15768,15767,3,-3
2021-02-02 15:18:37.623,15767,15768,15767,3,-3
2021-02-02 15:18:40.127,15767,15768,15767,3,-3
2021-02-02 15:18:40.128,15767,15768,15767,1,-1
2021-02-02 15:18:48.494,15767,15768,15767,1,-1
2021-02-02 15:18:49.530,15767,15768,15767,1,-1
2021-02-02 15:18:49.535,15767,15768,15768,4,4
2021-02-02 15:18:50.256,15767,15768,15767,1,-1
2021-02-02 15:18:58.525,15766,15767,15766,1,-1
2021-02-02 15:19:00.535,15766,15767,15766,2,-2
2021-02-02 15:19:00.540,15766,15767,15766,9,-9
2021-02-02 15:19:00.540,15766,15767,15766,5,-5
2021-02-02 15:19:00.540,15766,15767,15766,1,-1
2021-02-02 15:19:02.244,15765,15766,15765,1,-1
2021-02-02 15:19:03.177,15765,15766,15765,1,-1
2021-02-02 15:19:04.133,15765,15766,15765,1,-1
2021-02-02 15:19:04.446,15765,15766,15766,2,2
2021-02-02 15:19:05.820,15765,15766,15765,2,-2
2021-02-02 15:19:07.117,15765,15766,15765,3,-3
2021-02-02 15:19:08.383,15765,15766,15766,1,1
2021-02-02 15:19:11.077,15765,15766,15766,1,1
2021-02-02 15:19:18.320,15765,15766,15765,1,-1
2021-02-02 15:19:18.320,15765,15766,15765,3,-3
2021-02-02 15:19:18.321,15765,15766,15765,1,-1
2021-02-02 15:19:18.322,15765,15766,15765,2,-2
2021-02-02 15:19:19.197,15765,15766,15766,1,1
2021-02-02 15:19:19.470,15765,15766,15765,1,-1
2021-02-02 15:19:25.231,15765,15766,15766,7,7
2021-02-02 15:19:26.064,15766,15767,15766,1,-1
2021-02-02 15:19:28.982,15765,15766,15766,1,1
2021-02-02 15:19:43.460,15765,15766,15765,3,-3
2021-02-02 15:19:45.467,15765,15766,15765,2,-2
2021-02-02 15:19:45.557,15764,15765,15764,3,-3
2021-02-02 15:19:47.350,15764,15765,15765,1,1
2021-02-02 15:19:49.472,15765,15766,15765,1,-1
2021-02-02 15:19:53.191,15765,15766,15765,1,-1
2021-02-02 15:19:53.865,15765,15766,15765,1,-1
2021-02-02 15:19:56.482,15765,15766,15766,2,2
2021-02-02 15:19:56.483,15765,15766,15766,1,1
2021-02-02 15:19:56.483,15765,15766,15766,1,1
2021-02-02 15:19:56.483,15765,15766,15766,1,1
2021-02-02 15:19:56.483,15765,15766,15766,1,1
2021-02-02 15:19:56.863,15765,15767,15766,1,-1
2021-02-02 15:19:58.563,15765,15767,15767,4,4
2021-02-02 15:20:05.117,15766,15767,15767,1,1
2021-02-02 15:20:05.756,15766,15767,15766,1,-1
2021-02-02 15:20:05.993,15765,15767,15767,8,8
2021-02-02 15:20:05.994,15765,15767,15767,2,2
2021-02-02 15:20:16.937,15767,15768,15767,1,-1
2021-02-02 15:20:18.276,15767,15768,15768,2,2
2021-02-02 15:20:23.630,15767,15768,15767,1,-1
2021-02-02 15:20:29.830,15766,15767,15767,1,1
2021-02-02 15:20:29.830,15766,15767,15768,2,2
2021-02-02 15:20:30.726,15766,15768,15768,3,3
2021-02-02 15:20:40.117,15766,15767,15766,3,-3
2021-02-02 15:20:44.834,15765,15766,15765,2,-2
2021-02-02 15:20:44.834,15765,15766,15765,4,-4
2021-02-02 15:20:44.835,15765,15766,15765,1,-1
2021-02-02 15:20:46.656,15764,15765,15764,1,-1
2021-02-02 15:20:46.656,15764,15765,15764,1,-1
2021-02-02 15:20:46.657,15764,15765,15764,1,-1
2021-02-02 15:20:46.657,15764,15765,15764,10,-10
2021-02-02 15:20:46.872,15763,15764,15763,9,-9
2021-02-02 15:20:47.985,15762,15763,15762,1,-1
2021-02-02 15:20:47.998,15762,15763,15762,1,-1
2021-02-02 15:20:47.998,15762,15763,15762,1,-1
2021-02-02 15:20:48.121,15762,15763,15762,1,-1
2021-02-02 15:20:48.122,15762,15763,15762,1,-1
2021-02-02 15:20:48.122,15762,15763,15762,1,-1
2021-02-02 15:20:48.122,15762,15763,15762,1,-1
2021-02-02 15:20:48.122,15762,15763,15762,1,-1
2021-02-02 15:20:51.867,15761,15763,15761,1,-1
2021-02-02 15:20:54.547,15761,15762,15762,1,1
2021-02-02 15:20:55.371,15761,15762,15762,1,1
2021-02-02 15:20:56.031,15761,15762,15761,3,-3
2021-02-02 15:20:57.326,15761,15762,15762,1,1
2021-02-02 15:21:00.554,15761,15762,15761,2,-2
2021-02-02 15:21:02.526,15761,15762,15761,1,-1
2021-02-02 15:21:03.596,15761,15762,15761,2,-2
2021-02-02 15:21:04.064,15761,15762,15762,1,1
2021-02-02 15:21:08.310,15761,15762,15761,3,-3
2021-02-02 15:21:09.982,15761,15762,15761,3,-3
2021-02-02 15:21:11.335,15761,15762,15761,1,-1
2021-02-02 15:21:12.308,15761,15762,15762,1,1
2021-02-02 15:21:14.569,15761,15762,15761,1,-1
2021-02-02 15:21:14.637,15761,15762,15761,1,-1
2021-02-02 15:21:14.991,15761,15762,15761,2,-2
2021-02-02 15:21:14.991,15761,15762,15761,1,-1
2021-02-02 15:21:16.526,15761,15762,15761,1,-1
2021-02-02 15:21:18.559,15760,15761,15761,1,1
2021-02-02 15:21:18.916,15760,15761,15761,2,2
2021-02-02 15:21:23.960,15760,15761,15760,1,-1
2021-02-02 15:21:24.023,15760,15761,15760,1,-1
2021-02-02 15:21:24.114,15760,15761,15760,1,-1
2021-02-02 15:21:24.958,15760,15761,15760,2,-2
2021-02-02 15:21:25.074,15760,15761,15760,2,-2
2021-02-02 15:21:28.806,15760,15761,15761,1,1
2021-02-02 15:21:29.252,15760,15761,15760,1,-1
2021-02-02 15:21:34.719,15760,15761,15761,8,8
2021-02-02 15:21:34.722,15760,15761,15762,7,7
2021-02-02 15:21:34.751,15763,15765,15765,3,3
2021-02-02 15:21:34.769,15763,15765,15763,2,-2
2021-02-02 15:21:34.912,15763,15765,15765,1,1
2021-02-02 15:21:35.023,15763,15765,15763,1,-1
2021-02-02 15:21:35.051,15763,15765,15763,4,-4
2021-02-02 15:21:35.485,15763,15765,15763,1,-1
2021-02-02 15:21:35.923,15763,15765,15763,2,-2
2021-02-02 15:21:36.622,15763,15765,15763,1,-1
2021-02-02 15:21:37.269,15763,15765,15763,1,-1
2021-02-02 15:21:40.478,15763,15764,15763,1,-1
2021-02-02 15:21:44.785,15762,15763,15763,2,2
2021-02-02 15:21:44.948,15762,15764,15762,2,-2
2021-02-02 15:21:47.033,15763,15764,15763,1,1
2021-02-02 15:21:47.436,15762,15764,15762,3,-3
2021-02-02 15:21:50.073,15763,15764,15763,1,1
2021-02-02 15:21:54.215,15762,15763,15762,5,-5
2021-02-02 15:21:55.073,15761,15762,15762,1,1
2021-02-02 15:22:01.910,15761,15762,15761,3,-3
2021-02-02 15:22:02.116,15761,15762,15762,2,2
2021-02-02 15:22:04.631,15762,15763,15762,1,-1
2021-02-02 15:22:05.140,15762,15763,15763,1,1
2021-02-02 15:22:05.545,15762,15763,15762,1,-1
2021-02-02 15:22:06.911,15761,15762,15762,1,1
2021-02-02 15:22:19.531,15762,15763,15762,3,-3
2021-02-02 15:22:21.401,15761,15763,15763,4,4
2021-02-02 15:22:23.041,15762,15763,15762,1,-1
2021-02-02 15:22:24.022,15762,15763,15763,1,1
2021-02-02 15:22:31.875,15762,15763,15762,1,-1
2021-02-02 15:22:38.608,15761,15763,15761,1,-1
2021-02-02 15:22:39.993,15761,15763,15762,1,1
2021-02-02 15:22:40.801,15761,15763,15761,1,-1
2021-02-02 15:22:42.495,15761,15763,15761,3,-3
2021-02-02 15:22:48.139,15761,15762,15761,12,-12
2021-02-02 15:22:48.255,15760,15761,15760,3,-3
2021-02-02 15:22:48.331,15760,15761,15760,4,-4
2021-02-02 15:22:48.424,15760,15761,15760,1,-1
2021-02-02 15:22:48.441,15760,15761,15760,1,-1
2021-02-02 15:22:48.513,15760,15761,15760,1,-1
2021-02-02 15:22:51.331,15760,15761,15760,1,-1
2021-02-02 15:22:51.885,15760,15761,15760,1,-1
2021-02-02 15:22:52.610,15760,15761,15760,1,-1
2021-02-02 15:22:53.079,15760,15761,15760,1,-1
2021-02-02 15:22:54.086,15760,15761,15760,3,-3
2021-02-02 15:22:59.116,15760,15761,15760,5,-5
2021-02-02 15:23:01.144,15760,15761,15761,2,2
2021-02-02 15:23:02.076,15760,15761,15760,1,-1
2021-02-02 15:23:08.110,15759,15760,15759,1,-1
2021-02-02 15:23:08.110,15759,15760,15759,1,-1
2021-02-02 15:23:08.110,15759,15760,15759,1,-1
2021-02-02 15:23:08.160,15758,15759,15758,2,-2
2021-02-02 15:23:08.513,15758,15759,15759,1,1
2021-02-02 15:23:08.886,15758,15760,15758,2,-2
2021-02-02 15:23:10.106,15758,15760,15758,1,-1
2021-02-02 15:23:10.951,15758,15760,15758,1,-1
2021-02-02 15:23:11.079,15758,15760,15760,2,2
2021-02-02 15:23:21.461,15758,15760,15758,5,-5
2021-02-02 15:23:24.591,15758,15759,15758,1,-1
2021-02-02 15:23:26.981,15758,15759,15758,1,-1
2021-02-02 15:23:29.420,15757,15759,15758,1,-1
2021-02-02 15:23:32.806,15758,15759,15759,1,1
2021-02-02 15:23:32.807,15758,15759,15759,2,2
2021-02-02 15:23:33.130,15758,15760,15759,1,-1
2021-02-02 15:23:33.428,15758,15760,15760,1,1
2021-02-02 15:23:33.428,15758,15760,15760,1,1
2021-02-02 15:23:33.428,15758,15760,15760,1,1
2021-02-02 15:23:33.428,15758,15760,15760,1,1
2021-02-02 15:23:33.428,15758,15760,15760,2,2
2021-02-02 15:23:33.429,15758,15760,15760,1,1
2021-02-02 15:23:33.429,15758,15760,15760,15,15
2021-02-02 15:23:33.494,15758,15760,15761,2,2
2021-02-02 15:23:33.502,15760,15761,15761,2,2
2021-02-02 15:23:33.502,15760,15761,15761,1,1
2021-02-02 15:23:33.503,15760,15761,15761,5,5
2021-02-02 15:23:33.586,15760,15761,15761,1,1
2021-02-02 15:23:36.043,15761,15762,15761,1,-1
2021-02-02 15:23:36.807,15760,15762,15760,1,-1
2021-02-02 15:23:41.930,15761,15762,15762,3,3
2021-02-02 15:23:56.043,15761,15762,15761,2,-2
2021-02-02 15:23:56.044,15761,15762,15761,1,-1
2021-02-02 15:24:06.829,15761,15762,15761,1,-1
2021-02-02 15:24:08.923,15761,15762,15761,1,-1
2021-02-02 15:24:10.476,15761,15762,15761,1,-1
2021-02-02 15:24:31.030,15760,15761,15760,3,-3
2021-02-02 15:24:32.430,15760,15761,15760,2,-2
2021-02-02 15:24:46.058,15759,15760,15760,1,1
2021-02-02 15:24:46.058,15759,15760,15760,4,4
2021-02-02 15:24:46.257,15760,15761,15760,1,-1
2021-02-02 15:24:46.257,15760,15761,15759,4,-4
2021-02-02 15:24:47.282,15759,15761,15759,1,-1
2021-02-02 15:24:49.404,15759,15761,15761,2,2
2021-02-02 15:24:49.944,15760,15762,15760,3,-3
2021-02-02 15:24:50.974,15760,15762,15760,1,-1
2021-02-02 15:24:52.508,15760,15761,15761,1,1
2021-02-02 15:24:54.392,15760,15761,15761,1,1
2021-02-02 15:25:06.298,15761,15762,15762,13,13
2021-02-02 15:25:06.300,15761,15762,15763,7,7
2021-02-02 15:25:09.765,15763,15764,15764,1,1
2021-02-02 15:25:09.897,15763,15764,15764,1,1
2021-02-02 15:25:09.920,15763,15764,15764,1,1
2021-02-02 15:25:10.920,15763,15764,15764,1,1
2021-02-02 15:25:16.135,15763,15765,15764,3,-3
2021-02-02 15:25:16.601,15763,15765,15764,2,-2
2021-02-02 15:25:16.908,15763,15765,15765,5,5
2021-02-02 15:25:17.872,15764,15765,15764,1,-1
2021-02-02 15:25:17.932,15763,15765,15763,3,-3
2021-02-02 15:25:20.885,15763,15765,15763,7,-7
2021-02-02 15:25:20.887,15763,15765,15763,1,-1
2021-02-02 15:25:23.968,15762,15763,15763,1,1
2021-02-02 15:25:24.206,15762,15763,15763,1,1
2021-02-02 15:25:26.097,15762,15763,15763,1,1
2021-02-02 15:25:35.854,15762,15763,15763,5,5
2021-02-02 15:25:45.199,15764,15765,15765,1,1
2021-02-02 15:25:46.540,15764,15765,15764,2,-2
2021-02-02 15:25:47.328,15763,15764,15763,1,-1
2021-02-02 15:25:47.328,15763,15764,15763,1,-1
2021-02-02 15:25:53.175,15761,15762,15762,1,1
2021-02-02 15:25:58.836,15762,15764,15762,1,-1
2021-02-02 15:26:00.255,15762,15763,15763,1,1
2021-02-02 15:26:00.264,15762,15763,15763,1,1
2021-02-02 15:26:08.026,15762,15763,15763,2,2
2021-02-02 15:26:08.316,15763,15764,15763,3,-3
2021-02-02 15:26:08.316,15763,15764,15762,3,-3
2021-02-02 15:26:26.191,15761,15763,15761,1,-1
2021-02-02 15:26:26.648,15761,15762,15761,1,-1
2021-02-02 15:26:26.649,15761,15762,15761,3,-3
2021-02-02 15:26:26.649,15761,15762,15761,3,-3
2021-02-02 15:26:26.804,15760,15761,15760,3,-3
2021-02-02 15:26:27.163,15760,15761,15760,1,-1
2021-02-02 15:26:29.558,15759,15761,15759,1,-1
2021-02-02 15:26:29.972,15759,15761,15759,1,-1
2021-02-02 15:26:32.608,15760,15761,15760,2,2
2021-02-02 15:26:35.535,15760,15761,15760,2,-2
2021-02-02 15:26:43.215,15759,15760,15759,1,-1
2021-02-02 15:26:43.216,15759,15760,15759,2,-2
2021-02-02 15:26:43.216,15759,15760,15759,1,-1
2021-02-02 15:26:43.216,15759,15760,15759,1,-1
2021-02-02 15:26:43.216,15759,15760,15759,1,-1
2021-02-02 15:26:43.616,15758,15760,15759,1,-1
2021-02-02 15:26:43.704,15758,15759,15758,3,-3
2021-02-02 15:26:43.787,15758,15759,15758,4,-4
2021-02-02 15:26:44.507,15757,15759,15757,5,-5
2021-02-02 15:26:44.652,15756,15758,15757,1,-1
2021-02-02 15:26:44.676,15756,15758,15756,1,-1
2021-02-02 15:26:45.011,15756,15758,15756,1,-1
2021-02-02 15:26:45.102,15756,15758,15756,1,-1
2021-02-02 15:26:45.500,15756,15758,15758,2,2
2021-02-02 15:26:45.558,15756,15758,15756,1,-1
2021-02-02 15:26:47.244,15756,15758,15756,1,-1
2021-02-02 15:26:52.084,15756,15758,15756,2,-2
2021-02-02 15:26:52.086,15756,15758,15756,2,-2
2021-02-02 15:26:57.177,15755,15756,15756,1,1
2021-02-02 15:26:57.243,15755,15756,15756,1,1
2021-02-02 15:26:57.361,15755,15757,15755,2,-2
2021-02-02 15:26:57.362,15755,15757,15755,2,-2
2021-02-02 15:26:57.399,15755,15757,15755,5,-5
2021-02-02 15:26:57.399,15755,15757,15755,2,-2
2021-02-02 15:26:57.454,15755,15757,15754,1,-1
2021-02-02 15:27:00.471,15754,15756,15754,3,-3
2021-02-02 15:27:00.993,15754,15756,15754,1,-1
2021-02-02 15:27:01.090,15754,15756,15754,2,-2
2021-02-02 15:27:01.180,15754,15756,15754,1,-1
2021-02-02 15:27:01.180,15754,15756,15754,1,-1
2021-02-02 15:27:02.871,15754,15756,15754,3,-3
2021-02-02 15:27:03.965,15754,15756,15754,1,-1
2021-02-02 15:27:03.966,15754,15756,15754,2,-2
2021-02-02 15:27:04.266,15753,15756,15754,2,-2
2021-02-02 15:27:05.060,15754,15756,15754,1,-1
2021-02-02 15:27:05.061,15754,15756,15754,2,-2
2021-02-02 15:27:06.114,15754,15756,15754,1,-1
2021-02-02 15:27:07.280,15754,15756,15754,2,-2
2021-02-02 15:27:07.281,15754,15756,15754,5,-5
2021-02-02 15:27:08.345,15754,15756,15754,1,-1
2021-02-02 15:27:10.209,15754,15755,15754,3,-3
2021-02-02 15:27:10.730,15754,15755,15754,1,-1
2021-02-02 15:27:10.730,15754,15755,15754,1,-1
2021-02-02 15:27:11.661,15753,15755,15754,3,-3
2021-02-02 15:27:12.580,15753,15755,15753,2,-2
2021-02-02 15:27:14.643,15753,15754,15753,3,-3
2021-02-02 15:27:15.011,15753,15754,15753,1,-1
2021-02-02 15:27:15.136,15753,15754,15753,1,-1
2021-02-02 15:27:17.127,15753,15754,15753,1,-1
2021-02-02 15:27:17.573,15753,15754,15753,1,-1
2021-02-02 15:27:19.392,15752,15753,15752,1,-1
2021-02-02 15:27:19.628,15752,15753,15753,2,2
2021-02-02 15:27:19.880,15752,15753,15752,2,-2
2021-02-02 15:27:21.417,15752,15753,15753,1,1
2021-02-02 15:27:21.418,15752,15753,15753,2,2
2021-02-02 15:27:21.593,15753,15754,15753,3,-3
2021-02-02 15:27:21.593,15753,15754,15752,1,-1
2021-02-02 15:27:21.708,15752,15754,15752,2,-2
2021-02-02 15:27:24.509,15753,15754,15753,1,1
2021-02-02 15:27:24.835,15752,15754,15753,1,-1
2021-02-02 15:27:24.933,15753,15754,15753,1,-1
2021-02-02 15:27:25.685,15753,15754,15754,1,1
2021-02-02 15:27:25.754,15753,15754,15754,7,7
2021-02-02 15:27:26.996,15753,15755,15753,1,-1
2021-02-02 15:27:28.600,15753,15755,15753,2,-2
2021-02-02 15:27:30.156,15754,15755,15754,2,2
2021-02-02 15:27:31.103,15754,15755,15754,1,-1
2021-02-02 15:27:31.692,15753,15755,15754,2,-2
2021-02-02 15:27:33.020,15754,15755,15755,4,4
2021-02-02 15:27:33.424,15754,15755,15755,1,1
2021-02-02 15:27:33.424,15754,15755,15755,1,1
2021-02-02 15:27:39.590,15754,15755,15754,1,-1
2021-02-02 15:27:40.286,15754,15755,15755,1,1
2021-02-02 15:27:41.039,15755,15756,15755,3,-3
2021-02-02 15:27:42.459,15754,15756,15755,1,-1
2021-02-02 15:27:43.853,15754,15755,15754,3,-3
2021-02-02 15:27:44.630,15754,15755,15754,1,-1
2021-02-02 15:27:46.012,15754,15755,15755,1,1
2021-02-02 15:27:47.723,15754,15755,15755,4,4
2021-02-02 15:27:48.836,15755,15756,15755,2,-2
2021-02-02 15:27:50.128,15754,15756,15755,2,-2
2021-02-02 15:27:50.319,15754,15756,15755,1,-1
2021-02-02 15:27:51.008,15754,15756,15754,2,-2
2021-02-02 15:27:52.775,15755,15756,15755,2,2
2021-02-02 15:27:56.543,15755,15756,15755,2,-2
2021-02-02 15:27:57.608,15755,15756,15756,4,4
2021-02-02 15:27:57.609,15755,15756,15756,1,1
2021-02-02 15:28:00.381,15756,15757,15756,1,-1
2021-02-02 15:28:00.426,15756,15757,15756,1,-1
2021-02-02 15:28:05.280,15755,15756,15756,1,1
2021-02-02 15:28:07.344,15756,15757,15756,1,-1
2021-02-02 15:28:10.292,15755,15756,15755,3,-3
2021-02-02 15:28:12.215,15755,15756,15755,1,-1
2021-02-02 15:28:13.478,15754,15755,15755,1,1
2021-02-02 15:28:13.643,15754,15755,15755,1,1
2021-02-02 15:28:16.163,15755,15756,15755,4,-4
2021-02-02 15:28:20.763,15754,15755,15754,3,-3
2021-02-02 15:28:22.195,15754,15755,15754,4,-4
2021-02-02 15:28:24.822,15753,15754,15754,1,1
2021-02-02 15:28:26.591,15753,15754,15754,1,1
2021-02-02 15:28:34.014,15754,15755,15754,2,-2
2021-02-02 15:28:36.536,15754,15755,15754,1,-1
2021-02-02 15:28:39.983,15754,15755,15754,1,-1
2021-02-02 15:28:42.390,15754,15755,15754,1,-1
2021-02-02 15:28:44.078,15754,15755,15755,2,2
2021-02-02 15:28:47.408,15754,15755,15755,4,4
2021-02-02 15:28:53.298,15755,15757,15755,1,-1
2021-02-02 15:28:57.563,15756,15757,15757,3,3
2021-02-02 15:29:05.190,15756,15757,15757,1,1
2021-02-02 15:29:06.527,15757,15758,15758,2,2
2021-02-02 15:29:06.527,15757,15758,15758,1,1
2021-02-02 15:29:06.528,15757,15758,15758,1,1
2021-02-02 15:29:13.545,15757,15759,15757,1,-1
2021-02-02 15:29:15.975,15758,15759,15759,3,3
2021-02-02 15:29:15.975,15758,15759,15760,2,2
2021-02-02 15:29:16.066,15758,15760,15760,1,1
2021-02-02 15:29:16.170,15758,15760,15760,5,5
2021-02-02 15:29:16.170,15758,15760,15760,1,1
2021-02-02 15:29:16.293,15759,15760,15760,1,1
2021-02-02 15:29:31.100,15759,15760,15760,1,1
2021-02-02 15:29:31.100,15759,15760,15761,3,3
2021-02-02 15:29:32.040,15759,15761,15761,1,1
2021-02-02 15:29:37.059,15760,15761,15760,1,-1
2021-02-02 15:29:52.954,15760,15761,15760,1,-1
2021-02-02 15:29:53.193,15760,15761,15760,1,-1
2021-02-02 15:29:57.849,15760,15761,15760,3,-3
2021-02-02 15:30:01.069,15759,15760,15759,1,-1
2021-02-02 15:30:01.368,15759,15761,15761,3,3
2021-02-02 15:30:01.386,15761,15762,15762,2,2
2021-02-02 15:30:01.398,15761,15762,15762,1,1
2021-02-02 15:30:01.399,15761,15762,15762,1,1
2021-02-02 15:30:01.581,15761,15763,15763,1,1
2021-02-02 15:30:01.586,15761,15763,15764,4,4
2021-02-02 15:30:01.590,15761,15763,15764,1,1
2021-02-02 15:30:01.624,15761,15763,15764,1,1
2021-02-02 15:30:01.659,15762,15764,15762,2,-2
2021-02-02 15:30:01.663,15762,15764,15762,1,-1
2021-02-02 15:30:01.692,15762,15764,15763,1,1
2021-02-02 15:30:01.710,15762,15764,15763,1,-1
2021-02-02 15:30:01.716,15762,15764,15764,1,1
2021-02-02 15:30:02.222,15762,15764,15764,1,1
2021-02-02 15:30:02.254,15762,15764,15764,1,1
2021-02-02 15:30:02.470,15762,15764,15762,2,-2
2021-02-02 15:30:03.371,15762,15764,15761,1,-1
2021-02-02 15:30:04.826,15759,15761,15759,4,-4
2021-02-02 15:30:10.024,15758,15759,15758,4,-4
2021-02-02 15:30:10.024,15758,15759,15758,1,-1
2021-02-02 15:30:10.024,15758,15759,15758,1,-1
2021-02-02 15:30:10.026,15758,15759,15758,1,-1
2021-02-02 15:30:12.259,15757,15759,15759,2,2
2021-02-02 15:30:16.966,15757,15759,15757,2,-2
2021-02-02 15:30:16.967,15757,15759,15757,1,-1
2021-02-02 15:30:21.564,15756,15758,15756,1,-1
2021-02-02 15:30:26.375,15756,15757,15756,2,-2
2021-02-02 15:30:26.694,15755,15757,15756,1,-1
2021-02-02 15:30:26.914,15755,15757,15757,2,2
2021-02-02 15:30:26.922,15755,15757,15757,2,2
2021-02-02 15:30:27.696,15755,15756,15756,1,1
2021-02-02 15:30:33.707,15757,15758,15758,1,1
2021-02-02 15:30:40.064,15757,15758,15758,1,1
2021-02-02 15:30:53.500,15760,15761,15760,3,3
2021-02-02 15:30:54.730,15759,15760,15760,1,1
2021-02-02 15:30:55.702,15759,15760,15760,2,2
2021-02-02 15:31:04.298,15760,15762,15760,1,-1
2021-02-02 15:31:09.714,15761,15762,15762,2,2
2021-02-02 15:31:14.086,15761,15763,15763,1,1
2021-02-02 15:31:14.126,15761,15763,15761,1,-1
2021-02-02 15:31:14.128,15761,15763,15761,1,-1
2021-02-02 15:31:14.129,15761,15763,15760,1,-1
2021-02-02 15:31:19.267,15760,15761,15760,1,-1
2021-02-02 15:31:19.833,15759,15761,15759,1,-1
2021-02-02 15:31:20.049,15759,15760,15760,1,1
2021-02-02 15:31:20.126,15759,15760,15759,1,-1
2021-02-02 15:31:20.126,15759,15760,15759,1,-1
2021-02-02 15:31:29.243,15758,15760,15758,2,-2
2021-02-02 15:31:31.544,15757,15758,15757,3,-3
2021-02-02 15:31:38.137,15756,15757,15756,1,-1
2021-02-02 15:31:38.137,15756,15757,15756,3,-3
2021-02-02 15:31:38.137,15756,15757,15756,2,-2
2021-02-02 15:31:43.877,15755,15756,15756,1,1
2021-02-02 15:31:44.003,15756,15758,15756,1,-1
2021-02-02 15:31:44.003,15756,15758,15756,1,-1
2021-02-02 15:31:44.004,15756,15758,15756,1,-1
2021-02-02 15:31:44.006,15756,15758,15755,1,-1
2021-02-02 15:31:44.006,15756,15758,15755,1,-1
2021-02-02 15:31:44.006,15756,15758,15755,1,-1
2021-02-02 15:31:44.006,15756,15758,15755,1,-1
2021-02-02 15:31:44.007,15756,15758,15755,1,-1
2021-02-02 15:31:44.008,15756,15758,15755,1,-1
2021-02-02 15:31:44.008,15756,15758,15755,1,-1
2021-02-02 15:31:44.008,15756,15758,15755,1,-1
2021-02-02 15:31:44.009,15756,15758,15755,1,-1
2021-02-02 15:31:49.857,15755,15758,15755,4,-4
2021-02-02 15:31:59.636,15755,15757,15756,1,1
2021-02-02 15:31:59.751,15755,15757,15755,1,-1
2021-02-02 15:32:00.681,15756,15758,15758,1,1
2021-02-02 15:32:04.779,15758,15760,15758,1,-1
2021-02-02 15:32:05.548,15757,15758,15758,1,1
2021-02-02 15:32:05.608,15757,15758,15758,1,1
2021-02-02 15:32:24.584,15757,15759,15759,1,1
2021-02-02 15:32:29.903,15758,15759,15759,1,1
2021-02-02 15:32:39.328,15758,15759,15759,2,2
2021-02-02 15:32:40.631,15759,15760,15760,4,4
2021-02-02 15:32:44.402,15760,15762,15760,6,-6
2021-02-02 15:32:44.402,15760,15762,15759,4,-4
2021-02-02 15:32:58.987,15760,15762,15762,2,2
2021-02-02 15:32:59.005,15760,15762,15762,1,1
2021-02-02 15:32:59.005,15760,15762,15762,1,1
2021-02-02 15:33:07.770,15760,15762,15762,1,1
2021-02-02 15:33:17.861,15761,15762,15762,2,2
2021-02-02 15:33:17.861,15761,15762,15762,1,1
2021-02-02 15:33:18.456,15761,15763,15761,1,-1
2021-02-02 15:33:19.256,15761,15763,15761,1,-1
2021-02-02 15:33:35.903,15761,15762,15761,6,-6
2021-02-02 15:33:59.402,15760,15761,15761,3,3
2021-02-02 15:33:59.423,15760,15761,15762,6,6
2021-02-02 15:34:00.988,15762,15763,15762,1,-1
2021-02-02 15:34:08.847,15760,15762,15762,2,2
2021-02-02 15:34:08.847,15760,15762,15763,1,1
2021-02-02 15:34:21.688,15761,15762,15762,2,2
2021-02-02 15:34:21.688,15761,15762,15762,1,1
2021-02-02 15:34:21.689,15761,15762,15762,2,2
2021-02-02 15:34:26.466,15762,15763,15763,7,7
2021-02-02 15:34:26.466,15762,15763,15763,2,2
2021-02-02 15:34:26.500,15763,15764,15764,1,1
2021-02-02 15:34:30.165,15764,15765,15765,1,1
2021-02-02 15:34:30.165,15764,15765,15765,1,1
2021-02-02 15:34:30.492,15764,15765,15765,1,1
2021-02-02 15:34:32.691,15764,15765,15765,1,1
2021-02-02 15:34:34.809,15764,15765,15765,1,1
2021-02-02 15:34:36.441,15765,15766,15766,3,3
2021-02-02 15:34:36.862,15765,15766,15766,3,3
2021-02-02 15:34:36.862,15765,15766,15767,1,1
2021-02-02 15:34:37.079,15765,15767,15767,1,1
2021-02-02 15:34:38.064,15765,15767,15767,2,2
2021-02-02 15:34:38.521,15765,15767,15767,2,2
2021-02-02 15:34:39.230,15765,15766,15765,1,-1
2021-02-02 15:34:39.644,15764,15765,15765,1,1
2021-02-02 15:34:40.710,15764,15765,15765,2,2
2021-02-02 15:34:43.000,15765,15766,15765,1,-1
2021-02-02 15:34:45.012,15764,15766,15764,1,-1
2021-02-02 15:34:45.906,15762,15764,15762,1,-1
2021-02-02 15:34:46.176,15762,15764,15762,1,-1
2021-02-02 15:34:50.663,15763,15764,15764,2,2
2021-02-02 15:34:50.767,15763,15764,15764,1,1
2021-02-02 15:34:51.000,15764,15765,15764,4,-4
2021-02-02 15:35:08.478,15764,15765,15764,1,-1
2021-02-02 15:35:08.478,15764,15765,15764,1,-1
2021-02-02 15:35:11.744,15764,15765,15765,3,3
2021-02-02 15:35:15.010,15764,15765,15765,6,6
2021-02-02 15:35:16.568,15764,15766,15766,1,1
2021-02-02 15:35:16.595,15764,15766,15766,1,1
2021-02-02 15:35:16.815,15764,15767,15767,1,1
2021-02-02 15:35:16.849,15764,15767,15767,1,1
2021-02-02 15:35:17.121,15765,15767,15767,1,1
2021-02-02 15:35:17.173,15765,15767,15767,1,1
2021-02-02 15:35:17.479,15765,15767,15767,1,1
2021-02-02 15:35:17.531,15765,15768,15768,1,1
2021-02-02 15:35:17.780,15765,15768,15768,1,1
2021-02-02 15:35:17.826,15765,15768,15768,1,1
2021-02-02 15:35:18.697,15766,15768,15768,1,1
2021-02-02 15:35:18.740,15766,15768,15768,1,1
2021-02-02 15:35:19.134,15766,15768,15768,1,1
2021-02-02 15:35:19.151,15766,15768,15768,1,1
2021-02-02 15:35:19.547,15766,15768,15768,1,1
2021-02-02 15:35:19.571,15766,15768,15768,1,1
2021-02-02 15:35:20.085,15767,15769,15769,1,1
2021-02-02 15:35:20.146,15766,15769,15769,1,1
2021-02-02 15:35:20.661,15767,15769,15769,1,1
2021-02-02 15:35:20.712,15767,15769,15769,1,1
2021-02-02 15:35:22.086,15767,15769,15769,1,1
2021-02-02 15:35:22.697,15768,15769,15768,1,-1
2021-02-02 15:35:24.147,15768,15769,15768,1,-1
2021-02-02 15:35:25.983,15766,15767,15767,1,1
2021-02-02 15:35:25.983,15766,15767,15768,2,2
2021-02-02 15:35:26.943,15766,15768,15768,3,3
2021-02-02 15:35:26.943,15766,15768,15768,2,2
2021-02-02 15:35:29.902,15766,15768,15767,1,-1
2021-02-02 15:35:32.305,15766,15768,15768,1,1
2021-02-02 15:35:32.511,15766,15768,15768,1,1
2021-02-02 15:35:42.871,15767,15768,15767,4,-4
2021-02-02 15:35:44.877,15766,15767,15767,1,1
2021-02-02 15:36:00.517,15766,15767,15766,4,-4
2021-02-02 15:36:00.839,15766,15767,15767,1,1
2021-02-02 15:36:01.076,15766,15768,15768,1,1
2021-02-02 15:36:01.084,15766,15768,15768,2,2
2021-02-02 15:36:01.084,15766,15768,15768,4,4
2021-02-02 15:36:01.092,15766,15768,15769,4,4
2021-02-02 15:36:01.112,15766,15768,15769,1,1
2021-02-02 15:36:01.169,15768,15769,15769,1,1
2021-02-02 15:36:01.274,15768,15770,15769,7,-7
2021-02-02 15:36:01.295,15768,15770,15770,1,1
2021-02-02 15:36:01.415,15768,15770,15770,1,1
2021-02-02 15:36:01.856,15768,15770,15770,1,1
2021-02-02 15:36:02.312,15768,15770,15770,6,6
2021-02-02 15:36:04.935,15768,15769,15768,2,-2
2021-02-02 15:36:05.544,15767,15768,15767,1,-1
2021-02-02 15:36:08.585,15766,15768,15766,1,-1
2021-02-02 15:36:14.288,15767,15768,15768,3,3
2021-02-02 15:36:14.554,15767,15769,15769,1,1
2021-02-02 15:36:16.444,15767,15769,15768,1,-1
2021-02-02 15:36:16.995,15768,15769,15769,3,3
2021-02-02 15:36:16.996,15768,15769,15769,1,1
2021-02-02 15:36:18.038,15769,15770,15770,6,6
2021-02-02 15:36:18.803,15769,15771,15769,5,-5
2021-02-02 15:36:25.449,15770,15771,15770,1,1
2021-02-02 15:36:25.731,15769,15770,15770,2,2
2021-02-02 15:36:25.732,15769,15770,15770,2,2
2021-02-02 15:36:32.178,15770,15771,15770,1,-1
2021-02-02 15:36:34.071,15769,15771,15770,2,-2
2021-02-02 15:36:34.071,15769,15771,15770,2,-2
2021-02-02 15:36:37.354,15769,15770,15770,8,8
2021-02-02 15:36:38.065,15769,15771,15770,5,-5
2021-02-02 15:36:42.890,15770,15771,15771,1,1
2021-02-02 15:36:42.890,15770,15771,15771,11,11
2021-02-02 15:36:43.000,15771,15772,15772,9,9
2021-02-02 15:36:43.000,15771,15772,15772,2,2
2021-02-02 15:36:43.000,15771,15772,15772,2,2
2021-02-02 15:36:43.001,15771,15772,15772,3,3
2021-02-02 15:36:47.636,15771,15772,15772,1,1
2021-02-02 15:36:49.411,15771,15772,15772,4,4
2021-02-02 15:36:49.411,15771,15772,15773,1,1
2021-02-02 15:36:49.521,15771,15773,15773,2,2
2021-02-02 15:36:49.531,15771,15773,15773,2,2
2021-02-02 15:36:49.896,15772,15774,15772,3,-3
2021-02-02 15:36:54.363,15772,15773,15773,1,1
2021-02-02 15:36:54.910,15772,15774,15774,1,1
2021-02-02 15:36:55.817,15773,15774,15774,2,2
2021-02-02 15:36:56.262,15773,15774,15774,1,1
2021-02-02 15:36:57.590,15773,15774,15774,2,2
2021-02-02 15:36:58.054,15774,15775,15774,1,-1
2021-02-02 15:36:58.576,15773,15775,15775,4,4
2021-02-02 15:37:08.136,15773,15774,15773,4,-4
2021-02-02 15:37:08.265,15772,15774,15772,1,-1
2021-02-02 15:37:08.326,15772,15774,15772,3,-3
2021-02-02 15:37:08.588,15772,15773,15773,3,3
2021-02-02 15:37:08.588,15772,15773,15774,3,3
2021-02-02 15:37:08.667,15772,15774,15772,1,-1
2021-02-02 15:37:09.097,15772,15774,15774,1,1
2021-02-02 15:37:10.721,15773,15774,15773,1,-1
2021-02-02 15:37:10.800,15772,15774,15774,1,1
2021-02-02 15:37:12.528,15772,15774,15774,1,1
2021-02-02 15:37:12.869,15772,15774,15774,1,1
2021-02-02 15:37:17.721,15771,15774,15774,1,1
2021-02-02 15:37:18.375,15772,15774,15774,1,1
2021-02-02 15:37:18.617,15772,15774,15774,4,4
2021-02-02 15:37:22.148,15772,15773,15772,1,-1
2021-02-02 15:37:22.397,15771,15772,15772,1,1
2021-02-02 15:37:25.239,15771,15773,15772,1,-1
2021-02-02 15:37:26.572,15771,15773,15772,1,-1
2021-02-02 15:37:30.007,15771,15772,15771,2,-2
2021-02-02 15:37:30.008,15771,15772,15771,1,-1
2021-02-02 15:37:30.009,15771,15772,15770,9,-9
2021-02-02 15:37:30.009,15771,15772,15770,2,-2
2021-02-02 15:37:30.009,15771,15772,15770,2,-2
2021-02-02 15:37:30.051,15771,15772,15769,3,-3
2021-02-02 15:37:30.052,15771,15772,15769,1,-1
2021-02-02 15:37:30.053,15771,15772,15769,1,-1
2021-02-02 15:37:30.199,15768,15769,15768,1,-1
2021-02-02 15:37:30.262,15768,15770,15768,1,-1
2021-02-02 15:37:30.276,15768,15770,15768,1,-1
2021-02-02 15:37:30.282,15768,15770,15768,1,-1
2021-02-02 15:37:30.388,15768,15769,15769,5,5
2021-02-02 15:37:30.540,15768,15770,15768,3,-3
2021-02-02 15:37:33.674,15768,15770,15768,1,-1
2021-02-02 15:37:42.117,15769,15770,15769,1,1
2021-02-02 15:37:42.443,15768,15770,15770,3,3
2021-02-02 15:37:43.106,15770,15772,15772,1,1
2021-02-02 15:37:45.945,15770,15772,15771,1,-1
2021-02-02 15:37:47.470,15770,15772,15771,1,-1
2021-02-02 15:37:51.128,15770,15772,15772,1,1
2021-02-02 15:37:51.765,15771,15772,15772,7,7
2021-02-02 15:37:52.580,15772,15773,15773,1,1
2021-02-02 15:37:52.626,15772,15773,15773,1,1
2021-02-02 15:37:52.629,15772,15773,15774,3,3
2021-02-02 15:37:54.983,15773,15775,15774,1,-1
2021-02-02 15:37:55.736,15773,15775,15774,1,-1
2021-02-02 15:37:56.121,15773,15775,15774,1,-1
2021-02-02 15:37:57.001,15774,15775,15774,2,-2
2021-02-02 15:38:02.454,15772,15774,15774,1,1
2021-02-02 15:38:09.344,15772,15774,15773,1,-1
2021-02-02 15:38:27.288,15773,15774,15774,1,1
2021-02-02 15:38:27.420,15773,15775,15773,1,-1
2021-02-02 15:38:31.773,15772,15774,15773,1,-1
2021-02-02 15:38:31.908,15772,15774,15774,1,1
2021-02-02 15:38:40.269,15773,15774,15773,1,-1
2021-02-02 15:38:57.193,15772,15774,15772,2,-2
2021-02-02 15:38:57.194,15772,15774,15772,1,-1
2021-02-02 15:39:02.797,15771,15772,15771,2,-2
2021-02-02 15:39:04.552,15771,15772,15772,2,2
2021-02-02 15:39:05.783,15771,15772,15771,2,-2
2021-02-02 15:39:06.919,15771,15772,15771,2,-2
2021-02-02 15:39:16.528,15771,15772,15772,1,1
2021-02-02 15:39:18.341,15771,15773,15771,1,-1
2021-02-02 15:39:21.065,15772,15774,15772,1,1
2021-02-02 15:39:25.746,15773,15774,15773,1,1
2021-02-02 15:39:28.393,15773,15774,15773,1,-1
2021-02-02 15:39:29.528,15773,15774,15774,1,1
2021-02-02 15:39:29.809,15773,15774,15774,4,4
2021-02-02 15:39:34.231,15773,15774,15774,1,1
2021-02-02 15:39:35.777,15773,15774,15774,1,1
2021-02-02 15:39:39.300,15773,15774,15774,1,1
2021-02-02 15:39:42.754,15774,15775,15775,1,1
2021-02-02 15:39:43.267,15774,15775,15774,1,-1
2021-02-02 15:39:43.267,15774,15775,15774,3,-3
2021-02-02 15:39:43.990,15773,15775,15775,1,1
2021-02-02 15:39:53.457,15774,15775,15774,1,-1
2021-02-02 15:39:53.827,15773,15775,15775,11,11
2021-02-02 15:39:57.400,15774,15775,15775,1,1
2021-02-02 15:39:57.673,15774,15775,15774,1,-1
2021-02-02 15:39:57.833,15774,15775,15775,1,1
2021-02-02 15:39:58.355,15774,15775,15775,1,1
2021-02-02 15:39:58.688,15774,15775,15774,1,-1
2021-02-02 15:39:58.820,15774,15775,15775,1,1
2021-02-02 15:39:59.080,15774,15775,15775,1,1
2021-02-02 15:39:59.277,15774,15775,15775,1,1
2021-02-02 15:39:59.406,15774,15775,15775,1,1
2021-02-02 15:40:00.553,15775,15776,15775,1,-1
2021-02-02 15:40:01.124,15775,15776,15776,4,4
2021-02-02 15:40:01.124,15775,15776,15777,1,1
2021-02-02 15:40:01.159,15775,15777,15777,3,3
2021-02-02 15:40:01.191,15775,15777,15777,1,1
2021-02-02 15:40:02.663,15776,15778,15778,1,1
2021-02-02 15:40:04.211,15776,15778,15777,1,-1
2021-02-02 15:40:05.231,15775,15777,15775,1,-1
2021-02-02 15:40:06.666,15775,15777,15775,2,-2
2021-02-02 15:40:09.254,15775,15776,15775,11,-11
2021-02-02 15:40:11.493,15774,15775,15774,2,-2
2021-02-02 15:40:12.011,15773,15775,15773,1,-1
2021-02-02 15:40:20.765,15774,15776,15776,1,1
2021-02-02 15:40:21.579,15774,15776,15776,2,2
2021-02-02 15:40:21.730,15774,15776,15774,7,-7
2021-02-02 15:40:21.730,15774,15776,15773,3,-3
2021-02-02 15:40:31.905,15774,15776,15776,1,1
2021-02-02 15:40:32.088,15774,15776,15776,1,1
2021-02-02 15:40:36.505,15774,15775,15775,1,1
2021-02-02 15:40:43.773,15774,15776,15775,1,-1
2021-02-02 15:40:46.944,15774,15775,15774,3,-3
2021-02-02 15:40:48.071,15773,15775,15775,3,3
2021-02-02 15:41:03.182,15774,15775,15775,5,5
2021-02-02 15:41:03.564,15775,15776,15776,1,1
2021-02-02 15:41:08.918,15775,15776,15776,2,2
2021-02-02 15:41:08.918,15775,15776,15777,3,3
2021-02-02 15:41:09.825,15775,15777,15775,1,-1
2021-02-02 15:41:12.997,15776,15777,15776,4,4
2021-02-02 15:41:17.405,15775,15777,15776,1,-1
2021-02-02 15:41:26.724,15776,15777,15776,1,-1
2021-02-02 15:41:28.197,15775,15776,15775,1,-1
2021-02-02 15:41:36.352,15774,15775,15775,1,1
2021-02-02 15:41:41.067,15774,15775,15775,1,1
2021-02-02 15:41:43.431,15774,15775,15775,1,1
2021-02-02 15:41:45.125,15774,15775,15774,3,-3
2021-02-02 15:41:48.240,15773,15774,15773,1,-1
2021-02-02 15:41:48.315,15773,15774,15774,1,1
2021-02-02 15:41:52.000,15774,15775,15774,1,-1
2021-02-02 15:41:52.625,15774,15775,15774,2,-2
2021-02-02 15:41:52.632,15774,15775,15775,2,2
2021-02-02 15:41:54.500,15773,15774,15773,21,-21
2021-02-02 15:41:54.625,15772,15773,15772,5,-5
2021-02-02 15:41:54.626,15772,15773,15772,2,-2
2021-02-02 15:41:54.626,15772,15773,15772,1,-1
2021-02-02 15:41:55.995,15771,15773,15773,1,1
2021-02-02 15:41:58.180,15771,15773,15773,1,1
2021-02-02 15:42:01.631,15772,15774,15774,1,1
2021-02-02 15:42:02.414,15773,15775,15775,3,3
2021-02-02 15:42:02.414,15773,15775,15776,3,3
2021-02-02 15:42:31.028,15773,15774,15774,2,2
2021-02-02 15:42:31.389,15773,15774,15773,2,-2
2021-02-02 15:42:31.389,15773,15774,15773,1,-1
2021-02-02 15:42:45.847,15772,15773,15772,2,-2
2021-02-02 15:42:51.425,15771,15773,15771,1,-1
2021-02-02 15:42:51.577,15771,15773,15771,3,-3
2021-02-02 15:42:54.250,15771,15773,15771,1,-1
2021-02-02 15:43:00.494,15770,15771,15770,5,-5
2021-02-02 15:43:01.033,15769,15770,15770,2,2
2021-02-02 15:43:01.345,15769,15771,15769,1,-1
2021-02-02 15:43:01.430,15769,15771,15769,4,-4
2021-02-02 15:43:02.918,15769,15771,15769,1,-1
2021-02-02 15:43:11.319,15769,15770,15769,1,-1
2021-02-02 15:43:17.317,15768,15769,15769,1,1
2021-02-02 15:43:17.433,15768,15770,15768,1,-1
2021-02-02 15:43:19.882,15769,15770,15769,1,1
2021-02-02 15:43:27.962,15768,15770,15770,1,1
2021-02-02 15:43:28.128,15770,15771,15771,1,1
2021-02-02 15:43:34.526,15769,15771,15770,1,-1
2021-02-02 15:43:38.937,15770,15771,15770,1,-1
2021-02-02 15:43:40.806,15769,15770,15769,2,-2
2021-02-02 15:43:41.419,15768,15769,15769,1,1
2021-02-02 15:43:58.501,15768,15769,15769,2,2
2021-02-02 15:44:00.576,15768,15769,15768,4,-4
2021-02-02 15:44:00.576,15768,15769,15768,13,-13
2021-02-02 15:44:00.914,15766,15767,15766,1,-1
2021-02-02 15:44:01.208,15766,15767,15767,3,3
2021-02-02 15:44:14.220,15767,15769,15767,1,-1
2021-02-02 15:44:17.518,15767,15768,15767,1,-1
2021-02-02 15:44:26.868,15766,15767,15766,2,-2
2021-02-02 15:44:27.835,15766,15767,15767,10,10
2021-02-02 15:44:28.159,15767,15768,15767,1,-1
2021-02-02 15:44:30.661,15767,15768,15767,1,-1
2021-02-02 15:44:33.102,15767,15768,15767,1,-1
2021-02-02 15:44:34.875,15767,15768,15767,1,-1
2021-02-02 15:44:40.179,15766,15767,15767,1,1
2021-02-02 15:44:49.996,15766,15767,15766,1,-1
2021-02-02 15:44:50.458,15766,15767,15767,1,1
2021-02-02 15:44:58.535,15766,15767,15767,1,1
2021-02-02 15:45:00.465,15766,15767,15766,1,-1
2021-02-02 15:45:10.585,15766,15767,15766,1,-1
2021-02-02 15:45:10.627,15766,15767,15766,1,-1
2021-02-02 15:45:10.627,15766,15767,15766,1,-1
2021-02-02 15:45:11.764,15766,15767,15767,1,1
2021-02-02 15:45:12.041,15766,15767,15766,2,-2
2021-02-02 15:45:21.600,15766,15767,15766,1,-1
2021-02-02 15:45:25.305,15765,15767,15766,1,-1
2021-02-02 15:45:25.456,15766,15767,15766,2,-2
2021-02-02 15:45:25.456,15766,15767,15766,1,-1
2021-02-02 15:45:30.216,15766,15767,15767,6,6
2021-02-02 15:45:30.313,15766,15768,15768,6,6
2021-02-02 15:46:01.920,15768,15769,15768,2,-2
2021-02-02 15:46:01.920,15768,15769,15768,3,-3
2021-02-02 15:46:01.921,15768,15769,15768,2,-2
2021-02-02 15:46:02.183,15767,15768,15767,1,-1
2021-02-02 15:46:02.183,15767,15768,15766,2,-2
2021-02-02 15:46:02.211,15767,15768,15766,1,-1
2021-02-02 15:46:15.619,15766,15767,15766,4,-4
2021-02-02 15:46:15.620,15766,15767,15766,5,-5
2021-02-02 15:46:16.611,15765,15766,15765,6,-6
2021-02-02 15:46:16.611,15765,15766,15765,2,-2
2021-02-02 15:46:16.611,15765,15766,15765,1,-1
2021-02-02 15:46:16.662,15764,15766,15764,15,-15
2021-02-02 15:46:16.864,15763,15765,15763,1,-1
2021-02-02 15:46:17.042,15763,15764,15763,3,-3
2021-02-02 15:46:22.707,15763,15765,15765,1,1
2021-02-02 15:46:22.708,15763,15765,15765,10,10
2021-02-02 15:46:25.045,15765,15767,15767,1,1
2021-02-02 15:46:25.876,15766,15767,15767,1,1
2021-02-02 15:46:32.600,15765,15766,15766,1,1
2021-02-02 15:46:44.750,15765,15766,15766,4,4
2021-02-02 15:47:01.647,15767,15768,15768,2,2
2021-02-02 15:47:01.647,15767,15768,15769,6,6
2021-02-02 15:47:02.503,15768,15770,15768,1,-1
2021-02-02 15:47:11.660,15766,15768,15766,3,-3
2021-02-02 15:47:13.864,15765,15766,15765,1,-1
2021-02-02 15:47:13.864,15765,15766,15764,3,-3
2021-02-02 15:47:18.028,15764,15766,15764,2,-2
2021-02-02 15:47:21.438,15765,15767,15765,1,1
2021-02-02 15:47:22.171,15765,15767,15765,1,-1
2021-02-02 15:47:41.156,15766,15767,15766,1,1
2021-02-02 15:47:48.243,15766,15767,15767,2,2
2021-02-02 15:47:50.352,15767,15769,15767,1,-1
2021-02-02 15:47:56.456,15766,15768,15768,1,1
2021-02-02 15:48:21.613,15765,15767,15767,1,1
2021-02-02 15:48:34.749,15765,15766,15766,2,2
2021-02-02 15:48:34.792,15765,15766,15766,2,2
2021-02-02 15:48:34.792,15765,15766,15766,1,1
2021-02-02 15:48:36.618,15765,15767,15765,2,-2
2021-02-02 15:48:37.679,15765,15767,15765,4,-4
2021-02-02 15:48:41.644,15765,15766,15766,1,1
2021-02-02 15:48:44.323,15765,15766,15766,1,1
2021-02-02 15:48:45.629,15765,15766,15766,3,3
2021-02-02 15:48:47.578,15766,15767,15766,1,-1
2021-02-02 15:48:59.963,15765,15766,15766,3,3
2021-02-02 15:49:00.886,15765,15766,15765,1,-1
2021-02-02 15:49:02.613,15765,15766,15765,1,-1
2021-02-02 15:49:05.313,15765,15766,15766,4,4
2021-02-02 15:49:09.210,15765,15766,15766,1,1
2021-02-02 15:49:11.354,15766,15767,15766,1,-1
2021-02-02 15:49:12.399,15766,15767,15767,2,2
2021-02-02 15:49:12.399,15766,15767,15767,5,5
2021-02-02 15:49:12.399,15766,15767,15767,4,4
2021-02-02 15:49:12.399,15766,15767,15767,1,1
2021-02-02 15:49:12.399,15766,15767,15767,1,1
2021-02-02 15:49:12.399,15766,15767,15767,1,1
2021-02-02 15:49:12.498,15766,15767,15768,1,1
2021-02-02 15:49:12.775,15767,15768,15768,1,1
2021-02-02 15:49:17.765,15767,15769,15769,1,1
2021-02-02 15:49:40.134,15768,15769,15769,35,35
2021-02-02 15:49:40.135,15768,15769,15770,2,2
2021-02-02 15:49:40.135,15768,15769,15770,4,4
2021-02-02 15:49:40.135,15768,15769,15770,10,10
2021-02-02 15:49:40.228,15768,15769,15771,6,6
2021-02-02 15:49:40.831,15770,15771,15770,1,-1
2021-02-02 15:49:41.881,15770,15771,15771,1,1
2021-02-02 15:49:44.161,15770,15771,15771,1,1
2021-02-02 15:49:44.162,15770,15771,15771,2,2
2021-02-02 15:49:44.162,15770,15771,15771,2,2
2021-02-02 15:49:44.162,15770,15771,15771,4,4
2021-02-02 15:49:44.162,15770,15771,15771,1,1
2021-02-02 15:49:46.883,15770,15771,15771,1,1
2021-02-02 15:49:47.586,15770,15772,15771,4,-4
2021-02-02 15:49:48.169,15770,15772,15772,1,1
2021-02-02 15:49:51.994,15771,15772,15772,1,1
2021-02-02 15:49:54.837,15771,15772,15772,1,1
2021-02-02 15:49:56.911,15771,15772,15771,1,-1
2021-02-02 15:50:13.777,15770,15771,15770,2,-2
2021-02-02 15:50:13.777,15770,15771,15770,4,-4
2021-02-02 15:50:13.777,15770,15771,15770,3,-3
2021-02-02 15:50:14.319,15769,15770,15770,2,2
2021-02-02 15:50:33.650,15769,15770,15770,1,1
2021-02-02 15:50:48.661,15769,15770,15770,1,1
2021-02-02 15:50:48.661,15769,15770,15770,1,1
2021-02-02 15:50:48.661,15769,15770,15770,1,1
2021-02-02 15:50:58.256,15769,15770,15770,1,1
2021-02-02 15:51:14.008,15770,15771,15770,1,-1
2021-02-02 15:51:14.008,15770,15771,15770,1,-1
2021-02-02 15:51:14.008,15770,15771,15770,4,-4
2021-02-02 15:51:18.480,15769,15770,15769,5,-5
2021-02-02 15:51:28.075,15769,15770,15770,1,1
2021-02-02 15:51:30.380,15770,15771,15770,1,-1
2021-02-02 15:51:36.175,15770,15771,15770,2,-2
2021-02-02 15:51:37.390,15769,15770,15770,1,1
2021-02-02 15:51:38.238,15769,15770,15770,1,1
2021-02-02 15:51:43.427,15769,15770,15770,2,2
2021-02-02 15:51:53.545,15770,15771,15771,1,1
2021-02-02 15:51:54.293,15770,15771,15770,1,-1
2021-02-02 15:51:55.875,15770,15771,15770,1,-1
2021-02-02 15:52:24.827,15769,15771,15769,2,-2
2021-02-02 15:52:24.828,15769,15771,15769,3,-3
2021-02-02 15:52:43.954,15769,15770,15769,2,-2
2021-02-02 15:52:43.954,15769,15770,15769,2,-2
2021-02-02 15:52:49.090,15769,15770,15770,1,1
2021-02-02 15:52:59.081,15770,15771,15770,1,-1
2021-02-02 15:52:59.096,15770,15771,15769,3,-3
2021-02-02 15:53:30.020,15769,15770,15769,3,-3
2021-02-02 15:53:30.020,15769,15770,15769,1,-1
2021-02-02 15:53:36.386,15768,15769,15769,1,1
2021-02-02 15:53:42.631,15768,15769,15768,2,-2
2021-02-02 15:53:42.632,15768,15769,15768,1,-1
2021-02-02 15:53:45.343,15767,15769,15769,1,1
2021-02-02 15:53:54.799,15767,15768,15767,2,-2
2021-02-02 15:53:57.675,15766,15767,15766,2,-2
2021-02-02 15:54:06.415,15766,15768,15766,1,-1
2021-02-02 15:54:10.112,15766,15767,15766,5,-5
2021-02-02 15:54:10.113,15766,15767,15766,4,-4
2021-02-02 15:54:10.114,15766,15767,15766,2,-2
2021-02-02 15:54:11.170,15765,15766,15766,9,9
2021-02-02 15:54:14.672,15766,15767,15766,1,-1
2021-02-02 15:54:16.556,15766,15767,15767,1,1
2021-02-02 15:54:21.240,15767,15768,15768,1,1
2021-02-02 15:54:21.240,15767,15768,15768,2,2
2021-02-02 15:54:21.241,15767,15768,15768,2,2
2021-02-02 15:54:22.357,15767,15768,15767,1,-1
2021-02-02 15:54:25.790,15767,15768,15767,4,-4
2021-02-02 15:54:28.304,15766,15767,15767,1,1
2021-02-02 15:54:28.304,15766,15767,15767,1,1
2021-02-02 15:54:28.304,15766,15767,15767,3,3
2021-02-02 15:54:28.305,15766,15767,15767,2,2
2021-02-02 15:54:28.305,15766,15767,15767,9,9
2021-02-02 15:54:29.205,15767,15768,15767,1,-1
2021-02-02 15:54:40.423,15766,15767,15766,1,-1
2021-02-02 15:54:42.289,15765,15767,15767,1,1
2021-02-02 15:54:43.245,15765,15767,15766,1,-1
2021-02-02 15:54:50.903,15765,15766,15766,1,1
2021-02-02 15:54:59.337,15765,15766,15766,1,1
2021-02-02 15:55:00.445,15765,15766,15765,2,-2
2021-02-02 15:55:01.110,15765,15766,15765,11,-11
2021-02-02 15:55:01.110,15765,15766,15765,1,-1
2021-02-02 15:55:01.340,15764,15765,15764,1,-1
2021-02-02 15:55:02.266,15764,15765,15765,1,1
2021-02-02 15:55:05.478,15765,15766,15765,2,-2
2021-02-02 15:55:11.188,15764,15765,15764,3,-3
2021-02-02 15:55:11.188,15764,15765,15764,2,-2
2021-02-02 15:55:11.188,15764,15765,15764,4,-4
2021-02-02 15:55:11.188,15764,15765,15764,1,-1
2021-02-02 15:55:11.189,15764,15765,15764,1,-1
2021-02-02 15:55:11.189,15764,15765,15764,10,-10
2021-02-02 15:55:11.250,15763,15764,15763,4,-4
2021-02-02 15:55:11.429,15763,15764,15763,1,-1
2021-02-02 15:55:11.429,15763,15764,15763,1,-1
2021-02-02 15:55:11.429,15763,15764,15763,4,-4
2021-02-02 15:55:12.791,15762,15763,15763,2,2
2021-02-02 15:55:16.387,15763,15764,15764,1,1
2021-02-02 15:55:16.497,15763,15764,15765,2,2
2021-02-02 15:55:21.508,15764,15765,15765,1,1
2021-02-02 15:55:21.508,15764,15765,15765,2,2
2021-02-02 15:55:21.508,15764,15765,15765,1,1
2021-02-02 15:55:21.508,15764,15765,15765,3,3
2021-02-02 15:55:21.509,15764,15765,15765,1,1
2021-02-02 15:55:21.509,15764,15765,15765,4,4
2021-02-02 15:55:21.784,15765,15767,15765,2,-2
2021-02-02 15:55:27.247,15766,15767,15767,1,1
2021-02-02 15:55:28.738,15766,15768,15766,1,-1
2021-02-02 15:55:33.433,15766,15768,15766,1,-1
2021-02-02 15:55:38.347,15767,15768,15767,1,1
2021-02-02 15:55:41.263,15767,15768,15768,10,10
2021-02-02 15:55:42.932,15768,15770,15768,3,-3
2021-02-02 15:55:42.932,15768,15770,15767,9,-9
2021-02-02 15:55:42.932,15768,15770,15766,1,-1
2021-02-02 15:55:47.022,15767,15769,15767,1,1
2021-02-02 15:55:49.922,15767,15769,15767,5,-5
2021-02-02 15:55:51.698,15767,15768,15767,1,-1
2021-02-02 15:55:51.953,15766,15767,15766,1,-1
2021-02-02 15:55:54.708,15765,15767,15765,1,-1
2021-02-02 15:55:55.065,15764,15766,15766,3,3
2021-02-02 15:55:57.174,15763,15765,15763,1,-1
2021-02-02 15:56:03.840,15764,15765,15764,1,1
2021-02-02 15:56:06.023,15764,15766,15765,2,2
2021-02-02 15:56:08.826,15764,15765,15764,1,-1
2021-02-02 15:56:10.468,15763,15765,15763,1,-1
2021-02-02 15:56:10.704,15762,15764,15762,1,-1
2021-02-02 15:56:10.831,15762,15764,15762,1,-1
2021-02-02 15:56:10.848,15762,15764,15764,2,2
2021-02-02 15:56:10.938,15762,15764,15762,1,-1
2021-02-02 15:56:11.660,15762,15764,15763,2,2
2021-02-02 15:56:13.650,15762,15763,15762,2,-2
2021-02-02 15:56:13.656,15762,15763,15761,4,-4
2021-02-02 15:56:13.830,15761,15763,15761,1,-1
2021-02-02 15:56:13.832,15761,15763,15761,4,-4
2021-02-02 15:56:14.163,15761,15763,15761,2,-2
2021-02-02 15:56:14.916,15761,15763,15761,1,-1
2021-02-02 15:56:16.365,15761,15764,15761,1,-1
2021-02-02 15:56:17.301,15762,15764,15762,1,1
2021-02-02 15:56:17.591,15762,15764,15762,1,-1
2021-02-02 15:56:21.171,15763,15764,15763,1,1
2021-02-02 15:56:21.171,15763,15764,15762,1,-1
2021-02-02 15:56:23.504,15763,15764,15763,1,1
2021-02-02 15:56:31.698,15764,15765,15764,1,1
2021-02-02 15:56:34.374,15764,15765,15765,1,1
2021-02-02 15:56:34.374,15764,15765,15765,6,6
2021-02-02 15:56:35.035,15765,15766,15765,6,-6
2021-02-02 15:56:44.264,15764,15765,15764,1,-1
2021-02-02 15:56:46.696,15764,15765,15765,1,1
2021-02-02 15:56:46.696,15764,15765,15765,4,4
2021-02-02 15:56:46.697,15764,15765,15765,1,1
2021-02-02 15:56:46.697,15764,15765,15765,5,5
2021-02-02 15:56:50.908,15765,15766,15766,1,1
2021-02-02 15:56:52.158,15766,15767,15766,2,-2
2021-02-02 15:56:52.158,15766,15767,15766,1,-1
2021-02-02 15:57:00.153,15766,15767,15767,4,4
2021-02-02 15:57:07.804,15766,15767,15766,1,-1
2021-02-02 15:57:17.911,15766,15767,15766,3,-3
2021-02-02 15:57:20.811,15765,15767,15765,1,-1
2021-02-02 15:57:29.197,15765,15767,15765,1,-1
2021-02-02 15:57:31.029,15765,15766,15765,1,-1
2021-02-02 15:57:43.019,15765,15766,15766,1,1
2021-02-02 15:57:43.958,15766,15767,15767,1,1
2021-02-02 15:57:43.959,15766,15767,15767,8,8
2021-02-02 15:57:44.905,15767,15768,15768,4,4
2021-02-02 15:57:50.573,15767,15769,15767,1,-1
2021-02-02 15:57:53.250,15767,15768,15768,1,1
2021-02-02 15:57:53.750,15768,15769,15769,2,2
2021-02-02 15:57:56.826,15768,15770,15770,1,1
2021-02-02 15:58:02.391,15769,15770,15770,9,9
2021-02-02 15:58:02.500,15770,15771,15771,7,7
2021-02-02 15:58:02.625,15770,15772,15772,6,6
2021-02-02 15:58:02.750,15771,15773,15773,8,8
2021-02-02 15:58:02.919,15772,15774,15773,1,-1
2021-02-02 15:58:07.430,15770,15772,15771,1,-1
2021-02-02 15:58:12.661,15770,15772,15770,1,-1
2021-02-02 15:58:17.319,15770,15771,15771,1,1
2021-02-02 15:58:35.852,15770,15771,15770,1,-1
2021-02-02 15:58:37.195,15770,15771,15771,1,1
2021-02-02 15:58:37.575,15770,15771,15771,1,1
2021-02-02 15:58:40.055,15770,15771,15770,1,-1
2021-02-02 15:58:40.059,15770,15771,15770,1,-1
2021-02-02 15:58:40.368,15769,15770,15769,1,-1
2021-02-02 15:58:45.541,15769,15770,15769,2,-2
2021-02-02 15:58:50.004,15768,15769,15768,1,-1
2021-02-02 15:58:53.466,15767,15769,15769,1,1
2021-02-02 15:59:14.556,15766,15768,15768,1,1
2021-02-02 15:59:30.240,15766,15768,15766,1,-1
2021-02-02 15:59:30.240,15766,15768,15766,1,-1
2021-02-02 15:59:38.140,15767,15769,15767,1,1
2021-02-02 15:59:48.717,15767,15768,15768,1,1
2021-02-02 15:59:58.101,15768,15769,15769,1,1
2021-02-02 15:59:59.412,15766,15768,15767,11,-11
2021-02-02 15:59:59.412,15766,15768,15767,29,-29
2021-02-02 15:59:59.483,15766,15768,15768,3,3
2021-02-02 15:59:59.483,15766,15768,15767,7,-7
2021-02-02 15:59:59.483,15766,15768,15766,8,-8
2021-02-02 15:59:59.484,15766,15768,15766,1,-1
2021-02-02 15:59:59.484,15766,15768,15766,2,-2
2021-02-02 15:59:59.484,15766,15768,15766,1,-1
2021-02-02 15:59:59.484,15766,15768,15766,5,-5
2021-02-02 15:59:59.484,15766,15768,15766,8,-8
2021-02-02 15:59:59.484,15766,15768,15766,4,-4
2021-02-02 15:59:59.484,15766,15768,15766,1,-1
2021-02-02 15:59:59.484,15766,15768,15766,1,-1
2021-02-02 15:59:59.488,15766,15768,15766,1,-1
2021-02-02 15:59:59.489,15766,15768,15766,1,-1
2021-02-02 15:59:59.628,15765,15767,15767,1,1
2021-02-02 16:00:01.088,15766,15767,15766,1,-1
2021-02-02 16:00:01.326,15765,15766,15765,9,-9
2021-02-02 16:00:01.327,15765,15766,15765,1,-1
2021-02-02 16:00:01.369,15765,15766,15765,1,-1
2021-02-02 16:00:01.584,15763,15765,15765,1,1
2021-02-02 16:00:01.785,15764,15765,15764,1,-1
2021-02-02 16:00:02.030,15763,15765,15763,1,-1
2021-02-02 16:00:02.578,15763,15765,15764,1,1
2021-02-02 16:00:03.116,15763,15764,15764,1,1
2021-02-02 16:00:03.116,15763,15764,15764,4,4
2021-02-02 16:00:05.068,15764,15765,15764,6,-6
2021-02-02 16:00:05.069,15764,15765,15763,1,-1
2021-02-02 16:00:06.175,15763,15764,15763,2,-2
2021-02-02 16:00:06.701,15762,15763,15763,1,1
2021-02-02 16:00:06.882,15762,15763,15762,8,-8
2021-02-02 16:00:06.882,15762,15763,15762,1,-1
2021-02-02 16:00:08.360,15761,15762,15762,2,2
2021-02-02 16:00:08.570,15761,15762,15761,5,-5
2021-02-02 16:00:08.570,15761,15762,15761,1,-1
2021-02-02 16:00:08.570,15761,15762,15761,1,-1
2021-02-02 16:00:08.724,15760,15761,15761,1,1
2021-02-02 16:00:09.328,15760,15762,15761,1,-1
2021-02-02 16:00:15.970,15762,15764,15764,1,1
2021-02-02 16:00:18.118,15762,15764,15762,4,-4
2021-02-02 16:00:22.053,15761,15763,15761,1,-1
2021-02-02 16:00:23.050,15761,15763,15761,2,-2
2021-02-02 16:00:23.299,15760,15762,15761,1,-1
2021-02-02 16:00:24.709,15760,15762,15762,1,1
2021-02-02 16:00:25.203,15760,15762,15761,1,-1
2021-02-02 16:00:25.943,15760,15762,15760,15,-15
2021-02-02 16:00:25.944,15760,15762,15759,1,-1
2021-02-02 16:00:25.945,15760,15762,15759,2,-2
2021-02-02 16:00:25.945,15760,15762,15759,3,-3
2021-02-02 16:00:25.945,15760,15762,15759,1,-1
2021-02-02 16:00:25.945,15760,15762,15759,1,-1
2021-02-02 16:00:25.945,15760,15762,15759,1,-1
2021-02-02 16:00:25.945,15760,15762,15759,1,-1
2021-02-02 16:00:25.964,15760,15762,15759,1,-1
