2020-02-17,15:00:00.086000,11773,11774,11774,32
2020-02-17,15:00:00.087000,11774,11775,11774,1
2020-02-17,15:00:00.197000,11774,11775,11774,3
2020-02-17,15:00:00.511000,11774,11775,11775,6
2020-02-17,15:00:00.532000,11774,11775,11774,1
2020-02-17,15:00:00.625000,11774,11775,11775,1
2020-02-17,15:00:00.733000,11774,11775,11775,4
2020-02-17,15:00:00.733000,11774,11775,11775,4
2020-02-17,15:00:00.737000,11774,11775,11775,4
2020-02-17,15:00:00.748000,11774,11775,11775,2
2020-02-17,15:00:00.748000,11774,11775,11776,2
2020-02-17,15:00:00.758000,11774,11775,11776,3
2020-02-17,15:00:00.758000,11774,11775,11777,1
2020-02-17,15:00:00.765000,11774,11775,11777,4
2020-02-17,15:00:00.806000,11774,11775,11777,1
2020-02-17,15:00:00.811000,11774,11775,11777,4
2020-02-17,15:00:00.820000,11774,11775,11777,1
2020-02-17,15:00:00.820000,11774,11775,11778,3
2020-02-17,15:00:00.853000,11774,11775,11774,1
2020-02-17,15:00:00.965000,11774,11778,11777,1
2020-02-17,15:00:01.056000,11775,11777,11777,2
2020-02-17,15:00:01.065000,11775,11777,11777,1
2020-02-17,15:00:01.065000,11775,11777,11778,3
2020-02-17,15:00:01.086000,11775,11777,11778,1
2020-02-17,15:00:01.207000,11775,11778,11776,1
2020-02-17,15:00:01.288000,11775,11776,11776,1
2020-02-17,15:00:01.288000,11775,11776,11777,1
2020-02-17,15:00:01.373000,11775,11777,11777,4
2020-02-17,15:00:01.554000,11775,11777,11777,1
2020-02-17,15:00:01.591000,11775,11777,11777,2
2020-02-17,15:00:01.602000,11775,11777,11777,1
2020-02-17,15:00:01.722000,11776,11777,11777,1
2020-02-17,15:00:01.725000,11776,11777,11777,2
2020-02-17,15:00:01.770000,11776,11778,11777,1
2020-02-17,15:00:01.818000,11776,11778,11777,1
2020-02-17,15:00:01.838000,11776,11778,11778,2
2020-02-17,15:00:01.848000,11776,11778,11778,2
2020-02-17,15:00:01.876000,11776,11778,11778,1
2020-02-17,15:00:01.879000,11776,11778,11778,2
2020-02-17,15:00:01.902000,11776,11778,11778,1
2020-02-17,15:00:01.972000,11776,11778,11777,1
2020-02-17,15:00:01.985000,11776,11777,11777,2
2020-02-17,15:00:01.999000,11776,11777,11778,1
2020-02-17,15:00:02.009000,11776,11777,11778,1
2020-02-17,15:00:02.133000,11776,11778,11778,1
2020-02-17,15:00:02.165000,11776,11778,11778,2
2020-02-17,15:00:02.196000,11776,11778,11778,2
2020-02-17,15:00:02.248000,11777,11778,11779,1
2020-02-17,15:00:02.286000,11777,11778,11779,1
2020-02-17,15:00:02.289000,11777,11778,11777,1
2020-02-17,15:00:02.334000,11777,11778,11779,1
2020-02-17,15:00:02.372000,11777,11779,11779,3
2020-02-17,15:00:02.377000,11777,11779,11779,1
2020-02-17,15:00:02.403000,11777,11779,11779,2
2020-02-17,15:00:02.455000,11777,11779,11779,1
2020-02-17,15:00:02.532000,11777,11779,11777,1
2020-02-17,15:00:02.537000,11777,11779,11779,1
2020-02-17,15:00:02.820000,11777,11779,11777,1
2020-02-17,15:00:03.446000,11777,11778,11778,1
2020-02-17,15:00:03.610000,11777,11779,11777,1
2020-02-17,15:00:04.507000,11778,11779,11778,1
2020-02-17,15:00:04.835000,11778,11779,11778,1
2020-02-17,15:00:04.878000,11778,11779,11779,1
2020-02-17,15:00:05.985000,11778,11779,11778,1
2020-02-17,15:00:06.056000,11778,11779,11777,1
2020-02-17,15:00:06.860000,11775,11776,11775,1
2020-02-17,15:00:06.936000,11775,11776,11776,2
2020-02-17,15:00:07.098000,11774,11776,11775,1
2020-02-17,15:00:07.568000,11775,11777,11777,1
2020-02-17,15:00:08.485000,11775,11776,11775,4
2020-02-17,15:00:11.944000,11774,11775,11775,6
2020-02-17,15:00:13.601000,11774,11775,11774,1
2020-02-17,15:00:14.627000,11774,11775,11775,1
2020-02-17,15:00:14.735000,11774,11775,11775,1
2020-02-17,15:00:14.860000,11774,11775,11775,1
2020-02-17,15:00:14.884000,11774,11775,11775,4
2020-02-17,15:00:15.260000,11775,11776,11776,1
2020-02-17,15:00:15.360000,11775,11776,11776,1
2020-02-17,15:00:15.385000,11775,11776,11776,1
2020-02-17,15:00:15.510000,11775,11776,11776,2
2020-02-17,15:00:15.811000,11775,11777,11775,2
2020-02-17,15:00:18.198000,11775,11776,11776,1
2020-02-17,15:00:18.807000,11775,11776,11775,2
2020-02-17,15:00:19.079000,11774,11776,11776,1
2020-02-17,15:00:19.778000,11775,11776,11776,1
2020-02-17,15:00:20.110000,11775,11776,11775,1
2020-02-17,15:00:20.384000,11774,11775,11775,1
2020-02-17,15:00:21.013000,11774,11775,11774,3
2020-02-17,15:00:21.077000,11774,11775,11775,1
2020-02-17,15:00:21.618000,11774,11775,11774,1
2020-02-17,15:00:21.619000,11774,11775,11775,1
2020-02-17,15:00:21.863000,11774,11775,11775,1
2020-02-17,15:00:21.893000,11774,11775,11774,1
2020-02-17,15:00:23.041000,11774,11775,11774,1
2020-02-17,15:00:24.471000,11774,11775,11775,1
2020-02-17,15:00:24.610000,11774,11775,11775,1
2020-02-17,15:00:24.634000,11774,11775,11775,1
2020-02-17,15:00:25.385000,11775,11776,11776,3
2020-02-17,15:00:25.578000,11775,11777,11775,3
2020-02-17,15:00:27.935000,11776,11777,11776,1
2020-02-17,15:00:29.180000,11775,11776,11776,1
2020-02-17,15:00:29.259000,11775,11776,11776,1
2020-02-17,15:00:30.610000,11776,11777,11776,1
2020-02-17,15:00:31.544000,11775,11776,11775,5
2020-02-17,15:00:32.611000,11775,11776,11776,2
2020-02-17,15:00:32.885000,11775,11776,11776,1
2020-02-17,15:00:33.219000,11776,11777,11776,1
2020-02-17,15:00:33.265000,11775,11777,11775,1
2020-02-17,15:00:33.524000,11775,11776,11775,2
2020-02-17,15:00:34.010000,11775,11776,11776,1
2020-02-17,15:00:34.501000,11775,11776,11776,1
2020-02-17,15:00:34.806000,11775,11776,11775,1
2020-02-17,15:00:35.467000,11775,11776,11775,1
2020-02-17,15:00:35.803000,11775,11776,11776,2
2020-02-17,15:00:37.041000,11775,11776,11775,1
2020-02-17,15:00:37.072000,11775,11776,11776,1
2020-02-17,15:00:37.794000,11775,11776,11775,1
2020-02-17,15:00:37.794000,11775,11776,11774,63
2020-02-17,15:00:37.860000,11773,11774,11773,1
2020-02-17,15:00:37.874000,11773,11774,11774,2
2020-02-17,15:00:37.886000,11773,11774,11774,2
2020-02-17,15:00:39.103000,11773,11774,11774,1
2020-02-17,15:00:39.134000,11773,11774,11774,2
2020-02-17,15:00:39.278000,11773,11775,11774,1
2020-02-17,15:00:39.610000,11774,11775,11774,1
2020-02-17,15:00:39.642000,11774,11775,11774,1
2020-02-17,15:00:40.010000,11773,11774,11774,1
2020-02-17,15:00:40.092000,11773,11774,11774,1
2020-02-17,15:00:40.135000,11773,11774,11774,1
2020-02-17,15:00:40.705000,11773,11775,11773,1
2020-02-17,15:00:40.886000,11773,11775,11775,1
2020-02-17,15:00:41.571000,11773,11775,11773,1
2020-02-17,15:00:43.199000,11773,11775,11773,4
2020-02-17,15:00:44.611000,11773,11774,11774,2
2020-02-17,15:00:45.718000,11774,11775,11775,1
2020-02-17,15:00:49.817000,11774,11775,11774,1
2020-02-17,15:00:52.982000,11774,11775,11774,1
2020-02-17,15:00:53.897000,11773,11774,11773,2
2020-02-17,15:00:54.457000,11773,11774,11773,1
2020-02-17,15:00:54.719000,11773,11774,11773,2
2020-02-17,15:00:56.288000,11773,11774,11774,1
2020-02-17,15:00:56.404000,11773,11774,11774,1
2020-02-17,15:00:57.033000,11774,11775,11774,1
2020-02-17,15:00:57.838000,11774,11775,11774,1
2020-02-17,15:00:58.116000,11774,11775,11775,1
2020-02-17,15:00:59.623000,11774,11775,11775,1
2020-02-17,15:01:00.094000,11774,11775,11775,1
2020-02-17,15:01:00.132000,11774,11775,11775,1
2020-02-17,15:01:00.158000,11774,11775,11775,2
2020-02-17,15:01:00.203000,11774,11775,11774,1
2020-02-17,15:01:00.317000,11774,11775,11775,2
2020-02-17,15:01:00.322000,11774,11775,11776,1
2020-02-17,15:01:00.785000,11775,11776,11776,1
2020-02-17,15:01:00.895000,11775,11776,11776,2
2020-02-17,15:01:00.951000,11775,11776,11775,1
2020-02-17,15:01:01.212000,11775,11776,11775,1
2020-02-17,15:01:01.849000,11775,11776,11776,2
2020-02-17,15:01:01.869000,11775,11776,11776,4
2020-02-17,15:01:01.876000,11775,11776,11776,1
2020-02-17,15:01:01.876000,11775,11776,11777,1
2020-02-17,15:01:01.877000,11775,11776,11777,4
2020-02-17,15:01:01.878000,11775,11776,11777,4
2020-02-17,15:01:01.878000,11775,11776,11777,13
2020-02-17,15:01:01.878000,11775,11776,11777,3
2020-02-17,15:01:01.878000,11775,11776,11777,4
2020-02-17,15:01:01.878000,11775,11776,11777,1
2020-02-17,15:01:01.879000,11775,11776,11777,4
2020-02-17,15:01:01.879000,11775,11776,11777,4
2020-02-17,15:01:01.880000,11775,11776,11777,4
2020-02-17,15:01:01.880000,11775,11776,11777,1
2020-02-17,15:01:01.881000,11775,11776,11777,1
2020-02-17,15:01:01.882000,11775,11776,11777,1
2020-02-17,15:01:01.882000,11775,11776,11777,6
2020-02-17,15:01:01.883000,11775,11776,11777,2
2020-02-17,15:01:01.883000,11775,11776,11777,1
2020-02-17,15:01:01.884000,11775,11776,11777,4
2020-02-17,15:01:01.887000,11775,11776,11777,1
2020-02-17,15:01:01.893000,11775,11776,11777,1
2020-02-17,15:01:02.059000,11776,11777,11777,6
2020-02-17,15:01:02.059000,11776,11777,11776,2
2020-02-17,15:01:02.588000,11777,11778,11778,1
2020-02-17,15:01:02.777000,11777,11778,11777,1
2020-02-17,15:01:02.880000,11777,11778,11778,1
2020-02-17,15:01:03.091000,11777,11778,11778,1
2020-02-17,15:01:03.611000,11777,11778,11776,1
2020-02-17,15:01:03.623000,11777,11778,11778,1
2020-02-17,15:01:05.010000,11776,11777,11776,1
2020-02-17,15:01:06.116000,11775,11777,11775,1
2020-02-17,15:01:07.005000,11775,11777,11777,1
2020-02-17,15:01:08.631000,11776,11777,11777,1
2020-02-17,15:01:09.907000,11776,11777,11776,1
2020-02-17,15:01:12.864000,11775,11776,11776,3
2020-02-17,15:01:13.485000,11775,11776,11775,3
2020-02-17,15:01:13.485000,11775,11776,11775,1
2020-02-17,15:01:13.510000,11775,11776,11775,2
2020-02-17,15:01:13.536000,11775,11776,11775,2
2020-02-17,15:01:13.570000,11775,11776,11775,1
2020-02-17,15:01:14.494000,11774,11775,11775,3
2020-02-17,15:01:17.119000,11774,11775,11775,2
2020-02-17,15:01:17.286000,11774,11775,11775,1
2020-02-17,15:01:20.402000,11774,11775,11775,1
2020-02-17,15:01:20.447000,11774,11775,11774,1
2020-02-17,15:01:20.509000,11774,11775,11775,1
2020-02-17,15:01:20.748000,11774,11775,11774,2
2020-02-17,15:01:21.159000,11774,11775,11774,1
2020-02-17,15:01:21.415000,11774,11775,11774,1
2020-02-17,15:01:22.511000,11774,11775,11775,2
2020-02-17,15:01:25.770000,11774,11775,11774,1
2020-02-17,15:01:28.394000,11774,11775,11774,2
2020-02-17,15:01:30.885000,11774,11775,11774,1
2020-02-17,15:01:32.910000,11774,11775,11774,1
2020-02-17,15:01:36.658000,11774,11775,11774,1
2020-02-17,15:01:40.030000,11774,11775,11774,1
2020-02-17,15:01:47.810000,11774,11775,11774,1
2020-02-17,15:01:48.537000,11774,11775,11774,1
2020-02-17,15:01:49.055000,11774,11775,11774,1
2020-02-17,15:01:51.023000,11774,11775,11774,4
2020-02-17,15:01:57.517000,11774,11775,11774,2
2020-02-17,15:01:59.932000,11774,11775,11775,2
2020-02-17,15:01:59.936000,11774,11775,11775,8
2020-02-17,15:02:00.153000,11774,11775,11775,1
2020-02-17,15:02:03.935000,11774,11775,11775,1
2020-02-17,15:02:07.083000,11774,11775,11775,1
2020-02-17,15:02:12.028000,11774,11775,11775,1
2020-02-17,15:02:15.688000,11774,11775,11775,1
2020-02-17,15:02:21.467000,11774,11775,11775,5
2020-02-17,15:02:23.317000,11774,11775,11775,1
2020-02-17,15:02:26.779000,11774,11775,11775,2
2020-02-17,15:02:27.118000,11774,11775,11774,2
2020-02-17,15:02:28.731000,11774,11775,11774,1
2020-02-17,15:02:30.378000,11774,11775,11775,1
2020-02-17,15:02:32.224000,11774,11775,11774,2
2020-02-17,15:02:32.468000,11774,11775,11774,1
2020-02-17,15:02:36.192000,11774,11775,11775,1
2020-02-17,15:02:38.241000,11774,11775,11774,1
2020-02-17,15:02:38.929000,11774,11775,11774,1
2020-02-17,15:02:39.983000,11774,11775,11774,5
2020-02-17,15:02:43.618000,11774,11775,11774,1
2020-02-17,15:02:44.173000,11773,11774,11774,1
2020-02-17,15:02:50.604000,11774,11775,11774,5
2020-02-17,15:02:54.813000,11774,11775,11774,1
2020-02-17,15:03:00.035000,11773,11774,11774,1
2020-02-17,15:03:00.035000,11773,11774,11775,1
2020-02-17,15:03:12.117000,11773,11774,11774,1
2020-02-17,15:03:15.142000,11773,11774,11774,3
2020-02-17,15:03:15.611000,11773,11774,11774,1
2020-02-17,15:03:25.735000,11773,11774,11773,1
2020-02-17,15:03:25.860000,11773,11774,11773,1
2020-02-17,15:03:25.985000,11773,11774,11773,1
2020-02-17,15:03:26.110000,11773,11774,11773,1
2020-02-17,15:03:26.235000,11773,11774,11773,1
2020-02-17,15:03:29.299000,11773,11774,11774,1
2020-02-17,15:03:30.109000,11773,11774,11773,1
2020-02-17,15:03:32.957000,11773,11774,11774,1
2020-02-17,15:03:35.286000,11773,11774,11774,1
2020-02-17,15:03:40.387000,11773,11774,11774,2
2020-02-17,15:03:43.159000,11773,11774,11773,2
2020-02-17,15:03:47.479000,11773,11774,11773,1
2020-02-17,15:03:56.467000,11773,11774,11773,3
2020-02-17,15:03:59.874000,11773,11774,11774,2
2020-02-17,15:04:09.062000,11773,11774,11773,1
2020-02-17,15:04:11.128000,11773,11774,11773,1
2020-02-17,15:04:12.043000,11773,11774,11773,1
2020-02-17,15:04:12.384000,11773,11774,11773,1
2020-02-17,15:04:21.244000,11773,11774,11774,1
2020-02-17,15:04:49.886000,11773,11774,11774,1
2020-02-17,15:04:56.969000,11773,11774,11774,2
2020-02-17,15:04:58.064000,11773,11774,11774,1
2020-02-17,15:04:58.064000,11773,11774,11774,2
2020-02-17,15:04:58.065000,11773,11774,11774,1
2020-02-17,15:04:58.065000,11773,11774,11774,2
2020-02-17,15:04:58.065000,11773,11774,11774,2
2020-02-17,15:04:58.065000,11773,11774,11774,5
2020-02-17,15:05:04.985000,11774,11775,11774,2
2020-02-17,15:05:05.216000,11774,11775,11774,1
2020-02-17,15:05:05.443000,11773,11775,11774,1
2020-02-17,15:05:06.199000,11773,11774,11774,2
2020-02-17,15:05:06.498000,11773,11775,11774,1
2020-02-17,15:05:06.498000,11773,11775,11775,1
2020-02-17,15:05:08.210000,11773,11775,11775,1
2020-02-17,15:05:14.240000,11774,11775,11775,1
2020-02-17,15:05:16.469000,11774,11775,11775,1
2020-02-17,15:05:17.524000,11774,11775,11774,1
2020-02-17,15:05:28.365000,11774,11775,11774,1
2020-02-17,15:05:28.662000,11774,11775,11774,1
2020-02-17,15:05:29.587000,11774,11775,11774,1
2020-02-17,15:05:42.670000,11774,11775,11774,2
2020-02-17,15:05:43.520000,11774,11775,11775,1
2020-02-17,15:05:50.091000,11774,11775,11775,1
2020-02-17,15:05:52.980000,11774,11775,11775,1
2020-02-17,15:06:00.236000,11774,11775,11775,1
2020-02-17,15:06:05.065000,11774,11775,11775,1
2020-02-17,15:06:22.359000,11774,11775,11775,2
2020-02-17,15:06:24.456000,11774,11775,11775,1
2020-02-17,15:06:45.811000,11774,11775,11774,1
2020-02-17,15:06:47.916000,11774,11775,11775,1
2020-02-17,15:06:48.128000,11774,11775,11774,1
2020-02-17,15:06:49.531000,11774,11775,11774,1
2020-02-17,15:06:53.375000,11774,11775,11774,1
2020-02-17,15:06:59.985000,11774,11775,11774,2
2020-02-17,15:07:05.891000,11774,11775,11775,1
2020-02-17,15:07:16.576000,11774,11775,11775,1
2020-02-17,15:07:18.705000,11774,11775,11774,4
2020-02-17,15:07:18.972000,11774,11775,11774,2
2020-02-17,15:07:21.093000,11774,11775,11774,2
2020-02-17,15:07:21.906000,11774,11775,11775,1
2020-02-17,15:07:26.981000,11774,11775,11774,2
2020-02-17,15:07:33.735000,11774,11775,11775,7
2020-02-17,15:07:33.860000,11774,11775,11775,19
2020-02-17,15:07:34.459000,11775,11776,11776,1
2020-02-17,15:07:38.734000,11775,11776,11776,1
2020-02-17,15:07:40.236000,11775,11776,11775,1
2020-02-17,15:07:47.961000,11775,11776,11776,1
2020-02-17,15:07:51.043000,11775,11776,11776,8
2020-02-17,15:07:51.110000,11775,11776,11776,16
2020-02-17,15:07:51.883000,11776,11777,11777,1
2020-02-17,15:07:53.221000,11776,11777,11776,1
2020-02-17,15:08:01.362000,11776,11777,11777,1
2020-02-17,15:08:01.911000,11776,11777,11777,2
2020-02-17,15:08:08.109000,11776,11777,11777,1
2020-02-17,15:08:11.875000,11776,11777,11777,1
2020-02-17,15:08:14.374000,11776,11777,11777,1
2020-02-17,15:08:14.647000,11776,11777,11776,6
2020-02-17,15:08:14.812000,11776,11777,11776,12
2020-02-17,15:08:21.360000,11776,11777,11776,1
2020-02-17,15:08:21.368000,11776,11777,11776,1
2020-02-17,15:08:22.814000,11776,11777,11777,1
2020-02-17,15:08:24.194000,11776,11777,11776,2
2020-02-17,15:08:25.369000,11776,11777,11777,1
2020-02-17,15:08:26.076000,11776,11777,11777,1
2020-02-17,15:08:26.586000,11776,11777,11776,1
2020-02-17,15:08:27.730000,11776,11777,11776,1
2020-02-17,15:08:44.132000,11776,11777,11776,2
2020-02-17,15:08:58.470000,11776,11777,11777,1
2020-02-17,15:08:58.701000,11776,11777,11776,1
2020-02-17,15:08:58.766000,11776,11777,11776,1
2020-02-17,15:09:12.620000,11776,11777,11777,1
2020-02-17,15:09:13.528000,11776,11777,11777,1
2020-02-17,15:09:15.692000,11776,11777,11776,1
2020-02-17,15:09:17.218000,11776,11777,11777,1
2020-02-17,15:09:18.060000,11776,11777,11776,1
2020-02-17,15:09:18.383000,11776,11777,11777,1
2020-02-17,15:09:19.684000,11776,11777,11777,5
2020-02-17,15:09:20.535000,11776,11777,11776,1
2020-02-17,15:09:21.218000,11776,11777,11776,12
2020-02-17,15:09:21.403000,11775,11776,11776,3
2020-02-17,15:09:30.511000,11776,11777,11777,1
2020-02-17,15:09:31.761000,11776,11777,11776,1
2020-02-17,15:09:41.575000,11776,11777,11776,1
2020-02-17,15:09:59.489000,11776,11777,11777,1
2020-02-17,15:10:00.112000,11776,11777,11777,1
2020-02-17,15:10:00.634000,11776,11777,11776,3
2020-02-17,15:10:02.651000,11776,11777,11776,1
2020-02-17,15:10:03.622000,11776,11777,11776,1
2020-02-17,15:10:24.004000,11776,11777,11776,1
2020-02-17,15:10:25.454000,11776,11777,11777,2
2020-02-17,15:10:31.295000,11776,11777,11776,1
2020-02-17,15:10:39.636000,11776,11777,11776,1
2020-02-17,15:10:40.694000,11776,11777,11777,1
2020-02-17,15:10:54.300000,11776,11777,11777,1
2020-02-17,15:11:06.200000,11776,11777,11777,1
2020-02-17,15:11:07.495000,11776,11777,11777,1
2020-02-17,15:11:20.747000,11776,11777,11776,39
2020-02-17,15:11:20.748000,11776,11777,11776,2
2020-02-17,15:11:20.748000,11776,11777,11776,1
2020-02-17,15:11:20.748000,11776,11777,11776,6
2020-02-17,15:11:20.748000,11776,11777,11776,1
2020-02-17,15:11:20.748000,11776,11777,11776,3
2020-02-17,15:11:21.058000,11775,11776,11775,1
2020-02-17,15:11:21.077000,11775,11776,11775,1
2020-02-17,15:11:26.707000,11775,11776,11775,5
2020-02-17,15:11:26.996000,11775,11776,11775,1
2020-02-17,15:11:28.254000,11775,11776,11775,1
2020-02-17,15:11:28.352000,11775,11776,11776,1
2020-02-17,15:11:50.569000,11775,11776,11775,5
2020-02-17,15:12:03.712000,11774,11775,11775,2
2020-02-17,15:12:14.870000,11774,11775,11774,3
2020-02-17,15:12:14.985000,11774,11775,11774,12
2020-02-17,15:12:15.481000,11773,11774,11773,1
2020-02-17,15:12:18.589000,11773,11774,11774,1
2020-02-17,15:12:18.618000,11773,11774,11773,1
2020-02-17,15:12:19.294000,11773,11774,11773,1
2020-02-17,15:12:27.228000,11773,11774,11773,1
2020-02-17,15:12:29.641000,11773,11774,11773,3
2020-02-17,15:12:37.085000,11773,11774,11774,1
2020-02-17,15:12:38.203000,11773,11774,11773,2
2020-02-17,15:12:39.209000,11773,11774,11773,2
2020-02-17,15:12:42.348000,11773,11774,11773,1
2020-02-17,15:12:42.787000,11773,11774,11773,1
2020-02-17,15:12:43.118000,11773,11774,11773,2
2020-02-17,15:12:52.468000,11773,11774,11774,2
2020-02-17,15:12:53.914000,11773,11774,11774,1
2020-02-17,15:12:54.265000,11773,11774,11774,3
2020-02-17,15:12:54.360000,11773,11775,11774,1
2020-02-17,15:13:04.219000,11774,11775,11774,1
2020-02-17,15:13:04.504000,11774,11775,11774,1
2020-02-17,15:13:04.789000,11774,11775,11774,1
2020-02-17,15:13:11.375000,11774,11775,11774,2
2020-02-17,15:13:12.479000,11774,11775,11774,1
2020-02-17,15:13:13.730000,11774,11775,11774,1
2020-02-17,15:13:15.456000,11774,11775,11774,2
2020-02-17,15:13:15.724000,11774,11775,11774,2
2020-02-17,15:13:16.964000,11774,11775,11774,1
2020-02-17,15:13:20.812000,11773,11774,11773,2
2020-02-17,15:13:27.220000,11773,11774,11773,1
2020-02-17,15:13:37.448000,11773,11774,11773,1
2020-02-17,15:13:46.967000,11773,11774,11773,1
2020-02-17,15:13:48.340000,11773,11774,11774,1
2020-02-17,15:13:54.472000,11773,11774,11774,1
2020-02-17,15:13:55.504000,11774,11775,11774,1
2020-02-17,15:14:01.175000,11773,11774,11774,2
2020-02-17,15:14:03.474000,11774,11775,11774,1
2020-02-17,15:14:14.828000,11774,11775,11774,1
2020-02-17,15:14:34.785000,11774,11775,11775,1
2020-02-17,15:14:35.021000,11774,11775,11775,5
2020-02-17,15:15:07.832000,11774,11775,11775,1
2020-02-17,15:15:08.723000,11774,11775,11775,1
2020-02-17,15:15:09.225000,11774,11775,11775,1
2020-02-17,15:15:09.242000,11774,11775,11775,1
2020-02-17,15:15:19.461000,11774,11775,11774,1
2020-02-17,15:15:32.014000,11774,11775,11775,15
2020-02-17,15:15:32.110000,11774,11775,11775,3
2020-02-17,15:15:32.465000,11775,11776,11775,2
2020-02-17,15:15:32.591000,11775,11776,11775,1
2020-02-17,15:15:40.873000,11775,11776,11775,2
2020-02-17,15:15:52.188000,11775,11776,11775,1
2020-02-17,15:16:02.293000,11775,11776,11775,1
2020-02-17,15:16:05.722000,11775,11776,11775,1
2020-02-17,15:16:07.230000,11774,11775,11775,1
2020-02-17,15:16:22.451000,11774,11776,11774,2
2020-02-17,15:16:22.513000,11774,11776,11775,5
2020-02-17,15:16:31.018000,11775,11776,11775,1
2020-02-17,15:16:37.217000,11775,11776,11775,1
2020-02-17,15:16:44.211000,11775,11776,11775,1
2020-02-17,15:16:55.983000,11775,11776,11775,1
2020-02-17,15:17:01.968000,11775,11776,11775,1
2020-02-17,15:17:02.249000,11774,11775,11775,2
2020-02-17,15:17:04.739000,11774,11775,11775,1
2020-02-17,15:17:05.621000,11774,11775,11774,1
2020-02-17,15:17:06.218000,11774,11775,11774,2
2020-02-17,15:17:06.218000,11774,11775,11774,10
2020-02-17,15:17:06.235000,11774,11775,11774,2
2020-02-17,15:17:27.026000,11773,11774,11773,4
2020-02-17,15:17:27.484000,11773,11774,11774,1
2020-02-17,15:17:27.493000,11773,11774,11773,4
2020-02-17,15:17:32.923000,11773,11774,11773,1
2020-02-17,15:17:38.236000,11773,11774,11773,2
2020-02-17,15:17:38.360000,11773,11774,11773,3
2020-02-17,15:17:41.235000,11772,11773,11772,5
2020-02-17,15:17:41.360000,11772,11773,11772,1
2020-02-17,15:17:41.360000,11772,11773,11772,20
2020-02-17,15:17:41.383000,11772,11773,11772,1
2020-02-17,15:17:41.383000,11772,11773,11772,7
2020-02-17,15:17:41.392000,11772,11773,11772,1
2020-02-17,15:17:41.402000,11772,11773,11772,1
2020-02-17,15:17:41.402000,11772,11773,11772,3
2020-02-17,15:17:41.485000,11772,11773,11772,2
2020-02-17,15:17:41.485000,11772,11773,11772,1
2020-02-17,15:17:41.485000,11772,11773,11772,4
2020-02-17,15:17:41.527000,11772,11773,11772,27
2020-02-17,15:17:41.586000,11772,11773,11771,1
2020-02-17,15:17:41.972000,11771,11772,11771,1
2020-02-17,15:17:47.607000,11771,11772,11771,1
2020-02-17,15:17:49.523000,11771,11772,11771,1
2020-02-17,15:17:51.516000,11771,11772,11771,5
2020-02-17,15:17:52.490000,11771,11772,11771,5
2020-02-17,15:17:52.490000,11771,11772,11770,3
2020-02-17,15:17:52.996000,11770,11772,11770,1
2020-02-17,15:17:58.328000,11770,11771,11770,1
2020-02-17,15:17:58.483000,11770,11771,11770,1
2020-02-17,15:17:59.643000,11770,11771,11770,1
2020-02-17,15:18:01.699000,11770,11771,11770,1
2020-02-17,15:18:13.590000,11770,11771,11770,1
2020-02-17,15:18:13.618000,11770,11771,11770,2
2020-02-17,15:18:13.619000,11770,11771,11770,4
2020-02-17,15:18:13.619000,11770,11771,11770,4
2020-02-17,15:18:13.620000,11770,11771,11770,1
2020-02-17,15:18:13.620000,11770,11771,11770,4
2020-02-17,15:18:13.620000,11770,11771,11770,12
2020-02-17,15:18:13.620000,11770,11771,11770,4
2020-02-17,15:18:13.621000,11770,11771,11770,4
2020-02-17,15:18:13.621000,11770,11771,11770,1
2020-02-17,15:18:13.621000,11770,11771,11769,1
2020-02-17,15:18:13.621000,11770,11771,11769,1
2020-02-17,15:18:13.622000,11770,11771,11769,4
2020-02-17,15:18:13.622000,11770,11771,11769,4
2020-02-17,15:18:13.623000,11770,11771,11769,3
2020-02-17,15:18:13.624000,11770,11771,11769,6
2020-02-17,15:18:13.626000,11770,11771,11769,1
2020-02-17,15:18:13.627000,11770,11771,11769,2
2020-02-17,15:18:13.632000,11770,11771,11769,1
2020-02-17,15:18:13.695000,11770,11771,11770,1
2020-02-17,15:18:13.743000,11769,11771,11769,4
2020-02-17,15:18:13.764000,11769,11771,11769,1
2020-02-17,15:18:14.649000,11769,11770,11770,1
2020-02-17,15:18:15.369000,11769,11770,11770,1
2020-02-17,15:18:16.270000,11769,11770,11770,1
2020-02-17,15:18:16.617000,11769,11770,11769,1
2020-02-17,15:18:16.780000,11769,11770,11769,2
2020-02-17,15:18:17.257000,11769,11770,11770,1
2020-02-17,15:18:19.816000,11769,11770,11770,1
2020-02-17,15:18:23.992000,11769,11770,11770,8
2020-02-17,15:18:24.485000,11770,11771,11770,1
2020-02-17,15:18:25.011000,11770,11771,11770,1
2020-02-17,15:18:27.477000,11770,11771,11770,2
2020-02-17,15:18:31.718000,11769,11770,11770,2
2020-02-17,15:18:36.004000,11769,11770,11769,1
2020-02-17,15:18:41.265000,11769,11770,11769,2
2020-02-17,15:18:41.950000,11769,11770,11769,1
2020-02-17,15:18:43.947000,11769,11770,11769,1
2020-02-17,15:18:46.424000,11769,11770,11769,6
2020-02-17,15:18:46.973000,11769,11770,11769,1
2020-02-17,15:18:47.019000,11769,11770,11769,5
2020-02-17,15:18:47.021000,11769,11770,11768,5
2020-02-17,15:18:47.145000,11768,11770,11768,1
2020-02-17,15:18:48.342000,11768,11769,11769,1
2020-02-17,15:18:52.253000,11768,11769,11769,1
2020-02-17,15:18:52.759000,11768,11769,11769,1
2020-02-17,15:18:53.191000,11768,11769,11769,1
2020-02-17,15:18:55.221000,11768,11769,11768,2
2020-02-17,15:18:57.360000,11768,11769,11768,1
2020-02-17,15:18:58.513000,11768,11769,11768,1
2020-02-17,15:19:00.695000,11768,11769,11768,1
2020-02-17,15:19:03.768000,11768,11769,11768,5
2020-02-17,15:19:06.092000,11767,11768,11768,1
2020-02-17,15:19:06.117000,11767,11768,11768,1
2020-02-17,15:19:06.118000,11767,11768,11768,1
2020-02-17,15:19:06.119000,11767,11768,11768,1
2020-02-17,15:19:06.119000,11767,11768,11769,1
2020-02-17,15:19:06.120000,11767,11768,11769,1
2020-02-17,15:19:06.122000,11767,11768,11769,1
2020-02-17,15:19:06.123000,11767,11768,11769,1
2020-02-17,15:19:08.949000,11767,11768,11768,2
2020-02-17,15:19:09.600000,11767,11769,11767,1
2020-02-17,15:19:09.644000,11767,11769,11767,1
2020-02-17,15:19:10.504000,11768,11769,11768,1
2020-02-17,15:19:12.666000,11767,11769,11767,1
2020-02-17,15:19:15.784000,11767,11769,11767,1
2020-02-17,15:19:21.360000,11767,11768,11768,1
2020-02-17,15:19:22.355000,11768,11769,11768,1
2020-02-17,15:19:25.461000,11768,11769,11768,2
2020-02-17,15:19:25.605000,11768,11769,11768,1
2020-02-17,15:19:28.177000,11768,11769,11769,1
2020-02-17,15:19:32.973000,11768,11769,11769,1
2020-02-17,15:19:34.441000,11768,11769,11769,2
2020-02-17,15:19:34.593000,11768,11769,11769,3
2020-02-17,15:19:34.610000,11768,11769,11769,10
2020-02-17,15:19:40.509000,11769,11770,11770,1
2020-02-17,15:19:45.087000,11769,11770,11770,1
2020-02-17,15:19:46.102000,11769,11770,11770,1
2020-02-17,15:19:47.103000,11769,11770,11770,1
2020-02-17,15:19:49.990000,11769,11770,11770,1
2020-02-17,15:19:54.569000,11769,11770,11770,1
2020-02-17,15:19:56.261000,11769,11770,11769,2
2020-02-17,15:19:57.528000,11769,11770,11769,1
2020-02-17,15:19:58.242000,11769,11770,11769,1
2020-02-17,15:19:58.244000,11769,11770,11769,1
2020-02-17,15:20:01.808000,11769,11770,11769,1
2020-02-17,15:20:02.110000,11769,11770,11769,1
2020-02-17,15:20:05.169000,11768,11769,11768,1
2020-02-17,15:20:06.097000,11768,11769,11768,1
2020-02-17,15:20:08.743000,11768,11769,11768,1
2020-02-17,15:20:08.773000,11768,11769,11768,1
2020-02-17,15:20:10.844000,11768,11769,11768,1
2020-02-17,15:20:14.076000,11768,11769,11769,4
2020-02-17,15:20:15.240000,11768,11770,11768,1
2020-02-17,15:20:24.575000,11769,11770,11769,1
2020-02-17,15:20:25.285000,11769,11770,11769,2
2020-02-17,15:20:28.527000,11769,11770,11770,1
2020-02-17,15:20:30.738000,11769,11770,11769,1
2020-02-17,15:20:33.421000,11769,11770,11770,1
2020-02-17,15:20:47.155000,11769,11770,11770,1
2020-02-17,15:21:03.128000,11769,11770,11770,1
2020-02-17,15:21:03.822000,11769,11770,11770,6
2020-02-17,15:21:04.019000,11769,11770,11769,1
2020-02-17,15:21:04.976000,11769,11770,11770,1
2020-02-17,15:21:05.110000,11769,11770,11770,7
2020-02-17,15:21:09.159000,11770,11771,11770,1
2020-02-17,15:21:18.969000,11770,11771,11770,1
2020-02-17,15:21:36.643000,11770,11771,11770,1
2020-02-17,15:21:38.884000,11770,11771,11770,1
2020-02-17,15:21:38.921000,11770,11771,11771,23
2020-02-17,15:21:40.249000,11770,11772,11772,23
2020-02-17,15:21:41.302000,11771,11772,11772,1
2020-02-17,15:21:44.245000,11771,11772,11772,1
2020-02-17,15:21:47.825000,11771,11772,11772,3
2020-02-17,15:21:52.607000,11771,11772,11772,1
2020-02-17,15:21:53.335000,11771,11772,11772,1
2020-02-17,15:21:53.414000,11771,11772,11772,1
2020-02-17,15:21:55.380000,11771,11772,11772,1
2020-02-17,15:21:56.595000,11771,11772,11772,1
2020-02-17,15:22:00.872000,11771,11772,11772,1
2020-02-17,15:22:03.638000,11771,11772,11772,1
2020-02-17,15:22:23.885000,11771,11772,11772,1
2020-02-17,15:22:24.471000,11771,11772,11772,1
2020-02-17,15:22:25.564000,11771,11772,11772,2
2020-02-17,15:22:25.966000,11771,11772,11772,1
2020-02-17,15:22:27.645000,11771,11772,11772,1
2020-02-17,15:22:28.922000,11771,11772,11772,1
2020-02-17,15:22:30.541000,11771,11772,11772,1
2020-02-17,15:22:32.635000,11771,11772,11772,1
2020-02-17,15:22:35.327000,11771,11772,11772,1
2020-02-17,15:22:38.223000,11771,11772,11772,1
2020-02-17,15:22:43.965000,11771,11772,11772,1
2020-02-17,15:22:45.256000,11771,11772,11772,2
2020-02-17,15:23:00.039000,11772,11773,11772,1
2020-02-17,15:23:02.416000,11772,11773,11772,1
2020-02-17,15:23:14.038000,11772,11773,11772,2
2020-02-17,15:23:14.038000,11772,11773,11772,2
2020-02-17,15:23:34.235000,11771,11772,11771,2
2020-02-17,15:23:40.119000,11770,11771,11771,1
2020-02-17,15:23:49.183000,11771,11772,11771,1
2020-02-17,15:24:12.131000,11770,11771,11771,1
2020-02-17,15:24:15.916000,11770,11771,11771,4
2020-02-17,15:24:18.832000,11771,11772,11771,6
2020-02-17,15:25:05.252000,11771,11772,11771,1
2020-02-17,15:25:16.708000,11771,11772,11771,1
2020-02-17,15:25:34.833000,11771,11772,11771,1
2020-02-17,15:25:34.858000,11771,11772,11771,18
2020-02-17,15:25:34.873000,11770,11771,11771,1
2020-02-17,15:25:34.880000,11770,11771,11771,1
2020-02-17,15:25:39.249000,11770,11771,11770,1
2020-02-17,15:25:39.456000,11770,11771,11770,1
2020-02-17,15:25:44.867000,11770,11771,11770,4
2020-02-17,15:25:50.091000,11770,11771,11770,2
2020-02-17,15:25:50.562000,11770,11771,11770,1
2020-02-17,15:25:55.916000,11770,11771,11770,1
2020-02-17,15:25:57.281000,11770,11771,11770,3
2020-02-17,15:26:08.199000,11770,11771,11770,1
2020-02-17,15:26:10.225000,11770,11771,11770,1
2020-02-17,15:26:16.101000,11770,11771,11770,1
2020-02-17,15:26:20.548000,11770,11771,11770,1
2020-02-17,15:26:25.946000,11770,11771,11770,2
2020-02-17,15:26:35.241000,11770,11771,11770,5
2020-02-17,15:26:36.674000,11770,11771,11770,1
2020-02-17,15:26:47.252000,11770,11771,11770,1
2020-02-17,15:26:49.001000,11770,11771,11770,1
2020-02-17,15:27:03.544000,11770,11771,11771,1
2020-02-17,15:27:03.550000,11770,11771,11771,4
2020-02-17,15:27:03.550000,11770,11771,11771,1
2020-02-17,15:27:03.550000,11770,11771,11771,1
2020-02-17,15:27:03.550000,11770,11771,11771,2
2020-02-17,15:27:09.410000,11771,11772,11772,2
2020-02-17,15:27:09.485000,11771,11772,11772,1
2020-02-17,15:27:41.606000,11772,11773,11773,2
2020-02-17,15:27:41.798000,11772,11773,11773,1
2020-02-17,15:27:45.124000,11772,11773,11773,2
2020-02-17,15:27:45.321000,11772,11773,11773,2
2020-02-17,15:27:45.520000,11772,11773,11773,2
2020-02-17,15:27:45.697000,11772,11773,11773,2
2020-02-17,15:27:50.379000,11772,11773,11773,2
2020-02-17,15:27:51,11772,11773,11773,2
2020-02-17,15:27:52.074000,11772,11773,11773,2
2020-02-17,15:27:52.520000,11772,11773,11772,1
2020-02-17,15:27:52.858000,11772,11773,11773,1
2020-02-17,15:27:53.689000,11772,11773,11773,2
2020-02-17,15:27:54.809000,11772,11773,11773,2
2020-02-17,15:27:56.090000,11772,11773,11773,2
2020-02-17,15:27:58.115000,11772,11773,11773,1
2020-02-17,15:29:03.357000,11772,11773,11772,3
2020-02-17,15:29:03.686000,11772,11773,11773,2
2020-02-17,15:29:04.011000,11772,11773,11773,1
2020-02-17,15:29:04.709000,11772,11773,11773,1
2020-02-17,15:29:18.011000,11772,11773,11773,4
2020-02-17,15:29:32.193000,11773,11774,11773,1
2020-02-17,15:29:46.877000,11773,11774,11774,1
2020-02-17,15:29:49.300000,11773,11774,11773,2
2020-02-17,15:29:49.360000,11773,11774,11773,1
2020-02-17,15:29:51.146000,11773,11774,11774,1
2020-02-17,15:29:51.552000,11773,11774,11774,1
2020-02-17,15:29:58.896000,11773,11774,11773,1
2020-02-17,15:30:00.011000,11773,11774,11774,1
2020-02-17,15:30:00.052000,11773,11774,11774,3
2020-02-17,15:30:00.289000,11773,11774,11774,1
2020-02-17,15:30:00.304000,11773,11774,11774,3
2020-02-17,15:30:00.751000,11773,11774,11773,1
2020-02-17,15:30:00.778000,11773,11774,11773,1
2020-02-17,15:30:00.824000,11773,11774,11773,1
2020-02-17,15:30:00.870000,11772,11774,11773,1
2020-02-17,15:30:06.695000,11773,11774,11773,1
2020-02-17,15:30:07.396000,11772,11774,11774,2
2020-02-17,15:30:07.505000,11772,11774,11774,2
2020-02-17,15:30:07.513000,11772,11774,11774,4
2020-02-17,15:30:07.795000,11773,11774,11774,2
2020-02-17,15:30:07.827000,11773,11774,11774,2
2020-02-17,15:30:08.198000,11773,11774,11774,2
2020-02-17,15:30:08.605000,11773,11775,11775,2
2020-02-17,15:30:08.642000,11773,11775,11775,1
2020-02-17,15:30:08.703000,11773,11775,11775,1
2020-02-17,15:30:08.935000,11773,11775,11775,5
2020-02-17,15:30:08.958000,11773,11775,11775,5
2020-02-17,15:30:09.712000,11774,11775,11775,2
2020-02-17,15:30:10.016000,11774,11775,11775,5
2020-02-17,15:30:10.017000,11774,11775,11775,4
2020-02-17,15:30:10.110000,11774,11775,11775,9
2020-02-17,15:30:10.110000,11774,11775,11775,3
2020-02-17,15:30:10.149000,11774,11775,11774,1
2020-02-17,15:30:14.193000,11775,11776,11776,1
2020-02-17,15:30:20.161000,11775,11776,11776,2
2020-02-17,15:30:20.664000,11775,11776,11776,1
2020-02-17,15:30:21.027000,11775,11776,11775,2
2020-02-17,15:30:21.069000,11775,11776,11775,5
2020-02-17,15:30:21.110000,11774,11775,11775,1
2020-02-17,15:30:24.136000,11774,11775,11775,4
2020-02-17,15:30:38.997000,11774,11775,11774,2
2020-02-17,15:30:38.998000,11774,11775,11774,5
2020-02-17,15:30:41.499000,11773,11774,11774,1
2020-02-17,15:30:53.120000,11773,11774,11774,2
2020-02-17,15:30:58.394000,11773,11774,11774,1
2020-02-17,15:31:04.174000,11773,11774,11774,1
2020-02-17,15:31:23.878000,11774,11775,11774,1
2020-02-17,15:31:38.919000,11774,11775,11775,1
2020-02-17,15:32:17.489000,11774,11775,11775,1
2020-02-17,15:32:17.970000,11774,11775,11775,2
2020-02-17,15:32:19.788000,11774,11775,11775,5
2020-02-17,15:32:22.165000,11774,11775,11775,6
2020-02-17,15:32:22.235000,11774,11775,11775,2
2020-02-17,15:32:26.366000,11775,11776,11776,2
2020-02-17,15:32:27.980000,11775,11776,11776,2
2020-02-17,15:32:27.981000,11775,11776,11776,2
2020-02-17,15:32:27.981000,11775,11776,11776,7
2020-02-17,15:32:27.985000,11775,11776,11776,3
2020-02-17,15:32:43.110000,11776,11777,11777,5
2020-02-17,15:32:43.235000,11776,11777,11777,8
2020-02-17,15:32:43.663000,11777,11778,11777,1
2020-02-17,15:32:43.799000,11777,11778,11778,1
2020-02-17,15:32:45.754000,11777,11778,11778,1
2020-02-17,15:32:50.994000,11777,11778,11778,3
2020-02-17,15:32:52.503000,11777,11778,11778,22
2020-02-17,15:32:52.610000,11777,11778,11778,4
2020-02-17,15:32:52.610000,11777,11778,11778,1
2020-02-17,15:32:52.610000,11777,11778,11778,3
2020-02-17,15:32:52.735000,11777,11778,11778,9
2020-02-17,15:32:52.860000,11777,11778,11778,2
2020-02-17,15:32:52.860000,11777,11778,11778,2
2020-02-17,15:32:52.860000,11777,11778,11778,1
2020-02-17,15:32:52.860000,11777,11778,11778,1
2020-02-17,15:32:52.860000,11777,11778,11778,1
2020-02-17,15:32:52.860000,11777,11778,11778,3
2020-02-17,15:32:52.860000,11777,11778,11778,3
2020-02-17,15:32:52.861000,11777,11778,11778,3
2020-02-17,15:32:52.985000,11777,11778,11778,2
2020-02-17,15:32:52.985000,11777,11778,11778,6
2020-02-17,15:32:52.985000,11777,11778,11778,4
2020-02-17,15:32:53.067000,11777,11778,11778,2
2020-02-17,15:32:55.207000,11778,11779,11778,1
2020-02-17,15:32:55.223000,11778,11779,11778,2
2020-02-17,15:32:59.222000,11778,11779,11778,3
2020-02-17,15:33:03.505000,11778,11779,11779,8
2020-02-17,15:33:03.648000,11778,11779,11779,1
2020-02-17,15:33:03.653000,11778,11779,11779,4
2020-02-17,15:33:03.946000,11778,11779,11779,1
2020-02-17,15:33:03.987000,11778,11779,11779,2
2020-02-17,15:33:04.083000,11778,11779,11779,1
2020-02-17,15:33:04.122000,11778,11779,11779,1
2020-02-17,15:33:04.860000,11778,11779,11779,1
2020-02-17,15:33:04.931000,11778,11779,11779,1
2020-02-17,15:33:09.872000,11779,11780,11780,1
2020-02-17,15:33:09.873000,11779,11780,11780,1
2020-02-17,15:33:10.127000,11779,11780,11780,1
2020-02-17,15:33:10.136000,11779,11780,11780,3
2020-02-17,15:33:10.197000,11779,11780,11780,1
2020-02-17,15:33:10.209000,11779,11780,11780,1
2020-02-17,15:33:10.236000,11779,11780,11780,7
2020-02-17,15:33:10.244000,11779,11780,11780,5
2020-02-17,15:33:10.263000,11779,11780,11780,6
2020-02-17,15:33:10.265000,11779,11780,11781,5
2020-02-17,15:33:10.275000,11779,11780,11781,3
2020-02-17,15:33:10.307000,11779,11780,11781,1
2020-02-17,15:33:10.307000,11779,11780,11780,1
2020-02-17,15:33:10.415000,11780,11781,11781,1
2020-02-17,15:33:10.447000,11780,11781,11781,4
2020-02-17,15:33:10.463000,11780,11781,11781,3
2020-02-17,15:33:10.485000,11780,11781,11781,2
2020-02-17,15:33:10.485000,11780,11781,11781,2
2020-02-17,15:33:10.485000,11780,11781,11781,2
2020-02-17,15:33:10.485000,11780,11781,11781,4
2020-02-17,15:33:10.485000,11780,11781,11782,1
2020-02-17,15:33:10.492000,11780,11781,11782,4
2020-02-17,15:33:10.633000,11780,11782,11782,5
2020-02-17,15:33:10.671000,11780,11782,11782,1
2020-02-17,15:33:10.706000,11780,11782,11782,1
2020-02-17,15:33:10.729000,11780,11782,11782,4
2020-02-17,15:33:10.772000,11781,11782,11782,4
2020-02-17,15:33:10.772000,11781,11782,11783,1
2020-02-17,15:33:10.779000,11781,11782,11782,1
2020-02-17,15:33:10.780000,11781,11782,11782,1
2020-02-17,15:33:10.981000,11781,11782,11782,2
2020-02-17,15:33:11.042000,11781,11782,11782,2
2020-02-17,15:33:11.047000,11781,11782,11782,1
2020-02-17,15:33:11.047000,11781,11782,11783,1
2020-02-17,15:33:11.108000,11781,11782,11782,2
2020-02-17,15:33:11.109000,11782,11783,11782,1
2020-02-17,15:33:11.110000,11782,11783,11782,1
2020-02-17,15:33:11.604000,11781,11782,11781,1
2020-02-17,15:33:11.620000,11781,11782,11782,2
2020-02-17,15:33:13.195000,11781,11782,11782,1
2020-02-17,15:33:13.239000,11781,11782,11781,2
2020-02-17,15:33:13.360000,11781,11782,11781,7
2020-02-17,15:33:13.508000,11780,11782,11781,3
2020-02-17,15:33:14.456000,11780,11781,11781,1
2020-02-17,15:33:15.235000,11780,11781,11780,2
2020-02-17,15:33:17.397000,11779,11780,11780,5
2020-02-17,15:33:17.925000,11779,11781,11781,1
2020-02-17,15:33:19.341000,11780,11781,11780,1
2020-02-17,15:33:19.981000,11780,11781,11781,1
2020-02-17,15:33:21.217000,11780,11781,11780,4
2020-02-17,15:33:21.373000,11779,11780,11780,1
2020-02-17,15:33:21.379000,11779,11780,11780,1
2020-02-17,15:33:23.904000,11779,11780,11780,2
2020-02-17,15:33:24.521000,11779,11780,11780,1
2020-02-17,15:33:25.565000,11779,11780,11780,1
2020-02-17,15:33:26.482000,11779,11780,11780,2
2020-02-17,15:33:29.564000,11779,11780,11780,2
2020-02-17,15:33:30.653000,11780,11781,11781,12
2020-02-17,15:33:30.748000,11780,11781,11781,2
2020-02-17,15:33:32.262000,11780,11781,11780,2
2020-02-17,15:33:34.189000,11780,11781,11780,1
2020-02-17,15:33:35.368000,11779,11780,11780,1
2020-02-17,15:33:35.368000,11779,11780,11781,1
2020-02-17,15:33:36.704000,11780,11781,11780,1
2020-02-17,15:33:43.242000,11780,11781,11781,2
2020-02-17,15:33:44.417000,11780,11781,11781,1
2020-02-17,15:33:44.485000,11780,11781,11781,2
2020-02-17,15:33:44.485000,11780,11781,11781,4
2020-02-17,15:33:45.594000,11780,11782,11780,1
2020-02-17,15:33:48.863000,11780,11782,11780,2
2020-02-17,15:33:49.240000,11780,11781,11781,1
2020-02-17,15:33:55.588000,11780,11781,11781,1
2020-02-17,15:33:57.483000,11780,11781,11781,1
2020-02-17,15:33:58.047000,11780,11781,11781,2
2020-02-17,15:34:02.910000,11780,11781,11781,1
2020-02-17,15:34:03.335000,11780,11781,11781,2
2020-02-17,15:34:03.437000,11780,11781,11781,1
2020-02-17,15:34:03.453000,11780,11781,11781,2
2020-02-17,15:34:03.878000,11780,11781,11781,1
2020-02-17,15:34:03.922000,11780,11781,11781,2
2020-02-17,15:34:04.649000,11780,11781,11781,1
2020-02-17,15:34:04.688000,11780,11781,11781,2
2020-02-17,15:34:04.735000,11780,11781,11781,4
2020-02-17,15:34:06.173000,11781,11782,11781,1
2020-02-17,15:34:07.133000,11781,11782,11781,5
2020-02-17,15:34:08.791000,11781,11782,11781,1
2020-02-17,15:34:12.806000,11781,11782,11781,1
2020-02-17,15:34:22.951000,11781,11782,11781,1
2020-02-17,15:34:25.550000,11781,11782,11781,1
2020-02-17,15:34:25.610000,11781,11782,11781,5
2020-02-17,15:34:25.890000,11780,11782,11781,3
2020-02-17,15:34:25.890000,11780,11782,11782,17
2020-02-17,15:34:25.891000,11780,11782,11781,2
2020-02-17,15:34:25.985000,11780,11781,11781,1
2020-02-17,15:34:25.985000,11780,11781,11781,1
2020-02-17,15:34:28.866000,11781,11782,11781,1
2020-02-17,15:34:36.635000,11781,11782,11782,8
2020-02-17,15:34:42.222000,11781,11782,11782,1
2020-02-17,15:34:44.776000,11781,11782,11782,1
2020-02-17,15:34:49.141000,11781,11782,11781,4
2020-02-17,15:34:50.537000,11780,11782,11782,1
2020-02-17,15:34:52.661000,11780,11782,11782,1
2020-02-17,15:34:57.092000,11781,11782,11781,1
2020-02-17,15:34:57.812000,11781,11782,11782,1
2020-02-17,15:34:58.910000,11781,11782,11781,2
2020-02-17,15:34:59.871000,11780,11781,11780,1
2020-02-17,15:35:00.111000,11780,11781,11781,1
2020-02-17,15:35:00.529000,11780,11781,11781,6
2020-02-17,15:35:02.061000,11780,11781,11780,1
2020-02-17,15:35:08.428000,11780,11781,11780,1
2020-02-17,15:35:09.680000,11780,11781,11780,2
2020-02-17,15:35:09.680000,11780,11781,11780,9
2020-02-17,15:35:10.407000,11779,11780,11779,1
2020-02-17,15:35:11.284000,11779,11780,11779,1
2020-02-17,15:35:15.966000,11779,11780,11779,1
2020-02-17,15:35:16.238000,11779,11780,11779,1
2020-02-17,15:35:17.313000,11779,11780,11779,1
2020-02-17,15:35:20.745000,11779,11780,11779,1
2020-02-17,15:35:23.707000,11779,11780,11779,1
2020-02-17,15:35:30.365000,11779,11780,11779,1
2020-02-17,15:35:37.407000,11779,11780,11780,2
2020-02-17,15:35:37.550000,11779,11780,11779,1
2020-02-17,15:35:43.626000,11779,11780,11779,1
2020-02-17,15:35:54.110000,11779,11780,11779,5
2020-02-17,15:35:56.358000,11778,11779,11779,1
2020-02-17,15:35:56.786000,11778,11779,11778,1
2020-02-17,15:36:01.555000,11778,11779,11778,1
2020-02-17,15:36:02.127000,11778,11779,11779,2
2020-02-17,15:36:02.473000,11778,11779,11779,1
2020-02-17,15:36:02.495000,11778,11780,11780,1
2020-02-17,15:36:07.707000,11779,11780,11780,1
2020-02-17,15:36:10.018000,11779,11780,11779,1
2020-02-17,15:36:12.796000,11779,11780,11779,1
2020-02-17,15:36:24.973000,11779,11780,11779,1
2020-02-17,15:36:25.039000,11779,11780,11779,1
2020-02-17,15:36:26.163000,11779,11780,11779,1
2020-02-17,15:36:31.371000,11779,11780,11779,1
2020-02-17,15:36:39.326000,11779,11780,11779,1
2020-02-17,15:36:49.152000,11779,11780,11779,1
2020-02-17,15:36:51.418000,11779,11780,11779,1
2020-02-17,15:36:57.084000,11778,11779,11779,2
2020-02-17,15:37:02.723000,11778,11779,11779,1
2020-02-17,15:37:12.122000,11778,11779,11778,2
2020-02-17,15:37:12.496000,11778,11779,11778,2
2020-02-17,15:37:18.878000,11778,11779,11778,1
2020-02-17,15:37:21.619000,11778,11779,11778,2
2020-02-17,15:37:22.006000,11778,11779,11778,1
2020-02-17,15:37:24.329000,11777,11778,11778,1
2020-02-17,15:37:28.182000,11778,11779,11778,1
2020-02-17,15:37:29.884000,11777,11779,11777,1
2020-02-17,15:37:35.011000,11777,11778,11778,1
2020-02-17,15:37:48.872000,11777,11778,11777,1
2020-02-17,15:37:55.839000,11777,11778,11778,1
2020-02-17,15:37:56.468000,11777,11778,11777,1
2020-02-17,15:37:59.484000,11777,11778,11778,2
2020-02-17,15:38:01.149000,11777,11778,11777,1
2020-02-17,15:38:01.491000,11777,11778,11778,1
2020-02-17,15:38:14.472000,11777,11778,11778,2
2020-02-17,15:38:15.539000,11778,11779,11778,1
2020-02-17,15:38:28.068000,11777,11779,11779,2
2020-02-17,15:38:41.701000,11778,11779,11778,1
2020-02-17,15:38:53.082000,11778,11779,11779,1
2020-02-17,15:39:01.542000,11778,11779,11779,1
2020-02-17,15:39:12.107000,11778,11779,11778,5
2020-02-17,15:39:12.978000,11778,11779,11778,8
2020-02-17,15:39:16.417000,11778,11779,11779,6
2020-02-17,15:39:16.485000,11779,11780,11779,3
2020-02-17,15:39:19.681000,11779,11780,11780,2
2020-02-17,15:39:19.787000,11779,11780,11780,1
2020-02-17,15:39:20.288000,11779,11780,11780,1
2020-02-17,15:39:24.360000,11779,11780,11780,5
2020-02-17,15:39:24.485000,11780,11781,11780,2
2020-02-17,15:39:30.213000,11778,11780,11780,1
2020-02-17,15:39:49,11779,11780,11780,1
2020-02-17,15:40:00.879000,11779,11780,11779,6
2020-02-17,15:40:18.200000,11778,11779,11779,1
2020-02-17,15:40:19.642000,11778,11779,11779,4
2020-02-17,15:40:20.613000,11778,11779,11778,6
2020-02-17,15:40:31.663000,11777,11778,11778,1
2020-02-17,15:40:40.234000,11777,11778,11778,1
2020-02-17,15:41:31.453000,11777,11778,11777,6
2020-02-17,15:41:31.485000,11777,11778,11777,7
2020-02-17,15:41:33.190000,11776,11777,11777,4
2020-02-17,15:41:34.282000,11776,11777,11776,1
2020-02-17,15:41:46.007000,11776,11777,11777,2
2020-02-17,15:41:53.319000,11776,11777,11777,1
2020-02-17,15:41:53.991000,11776,11777,11777,1
2020-02-17,15:42:07.456000,11776,11777,11777,1
2020-02-17,15:42:11.221000,11776,11777,11777,2
2020-02-17,15:42:12.888000,11776,11777,11777,2
2020-02-17,15:42:13.442000,11777,11778,11777,1
2020-02-17,15:42:15.802000,11777,11778,11777,2
2020-02-17,15:42:16.766000,11777,11778,11778,3
2020-02-17,15:42:21.251000,11778,11779,11778,1
2020-02-17,15:42:27.952000,11778,11779,11778,1
2020-02-17,15:42:31.439000,11778,11779,11779,1
2020-02-17,15:42:38.296000,11778,11779,11778,1
2020-02-17,15:42:44.756000,11778,11779,11778,1
2020-02-17,15:42:55.279000,11778,11779,11778,1
2020-02-17,15:42:59.278000,11778,11779,11778,1
2020-02-17,15:43:19.996000,11778,11779,11778,1
2020-02-17,15:43:24.373000,11777,11778,11778,1
2020-02-17,15:44:20.593000,11777,11778,11778,1
2020-02-17,15:44:36.485000,11777,11778,11778,2
2020-02-17,15:44:36.543000,11777,11778,11778,1
2020-02-17,15:44:36.610000,11777,11778,11778,4
2020-02-17,15:44:36.967000,11778,11779,11778,1
2020-02-17,15:45:01.235000,11778,11779,11778,3
2020-02-17,15:45:01.879000,11777,11779,11777,1
2020-02-17,15:45:01.882000,11777,11779,11777,1
2020-02-17,15:45:02.369000,11777,11778,11778,2
2020-02-17,15:45:02.409000,11777,11778,11778,2
2020-02-17,15:45:02.497000,11777,11778,11779,2
2020-02-17,15:45:02.568000,11777,11778,11779,2
2020-02-17,15:45:02.622000,11777,11779,11779,1
2020-02-17,15:45:02.623000,11777,11779,11779,1
2020-02-17,15:45:02.940000,11777,11779,11779,2
2020-02-17,15:45:37.931000,11778,11779,11778,9
2020-02-17,15:45:41.749000,11778,11779,11778,1
2020-02-17,15:46:16.225000,11778,11779,11778,1
2020-02-17,15:46:27.635000,11778,11779,11778,1
2020-02-17,15:46:29.076000,11777,11778,11778,1
2020-02-17,15:47:32.541000,11777,11778,11778,7
2020-02-17,15:47:32.610000,11777,11779,11778,4
2020-02-17,15:47:34.741000,11778,11779,11778,2
2020-02-17,15:47:40.914000,11778,11779,11778,1
2020-02-17,15:47:41.002000,11778,11779,11779,1
2020-02-17,15:47:42.165000,11778,11779,11778,2
2020-02-17,15:48:08.280000,11778,11779,11778,1
2020-02-17,15:48:36.415000,11778,11779,11778,1
2020-02-17,15:49:05.436000,11778,11779,11778,3
2020-02-17,15:49:44.865000,11778,11779,11778,1
2020-02-17,15:49:47.485000,11778,11779,11778,1
2020-02-17,15:50:06.586000,11777,11779,11777,1
2020-02-17,15:50:08.437000,11777,11778,11777,1
2020-02-17,15:50:09.815000,11777,11778,11778,1
2020-02-17,15:50:33.146000,11778,11779,11778,1
2020-02-17,15:50:34.956000,11778,11779,11778,2
2020-02-17,15:50:45.532000,11778,11779,11778,1
2020-02-17,15:50:50.053000,11778,11779,11778,1
2020-02-17,15:50:58.562000,11778,11779,11778,1
2020-02-17,15:51:05.926000,11778,11779,11778,1
2020-02-17,15:51:06.437000,11778,11779,11779,1
2020-02-17,15:51:39.360000,11778,11779,11779,2
2020-02-17,15:51:40.206000,11778,11779,11779,2
2020-02-17,15:51:40.207000,11778,11779,11779,1
2020-02-17,15:51:40.235000,11778,11779,11779,16
2020-02-17,15:51:40.817000,11779,11780,11780,2
2020-02-17,15:51:40.818000,11779,11780,11780,4
2020-02-17,15:51:40.827000,11779,11780,11780,3
2020-02-17,15:51:40.860000,11779,11780,11780,6
2020-02-17,15:51:40.860000,11779,11780,11780,1
2020-02-17,15:51:40.860000,11779,11780,11780,1
2020-02-17,15:51:51.864000,11780,11781,11781,10
2020-02-17,15:51:52.654000,11780,11781,11781,2
2020-02-17,15:51:53.111000,11780,11781,11781,2
2020-02-17,15:51:56.127000,11780,11781,11781,2
2020-02-17,15:51:58.433000,11780,11781,11781,1
2020-02-17,15:51:58.823000,11780,11781,11781,1
2020-02-17,15:51:59.670000,11780,11781,11781,2
2020-02-17,15:52:01.485000,11781,11782,11781,1
2020-02-17,15:52:01.863000,11780,11781,11781,1
2020-02-17,15:52:05.118000,11780,11781,11781,2
2020-02-17,15:52:07.587000,11780,11781,11781,1
2020-02-17,15:52:09.670000,11780,11781,11781,5
2020-02-17,15:52:11.676000,11780,11781,11781,1
2020-02-17,15:52:11.676000,11780,11781,11782,4
2020-02-17,15:52:12.079000,11780,11782,11782,1
2020-02-17,15:52:12.511000,11780,11782,11780,1
2020-02-17,15:52:12.565000,11780,11782,11782,1
2020-02-17,15:52:12.610000,11781,11782,11781,1
2020-02-17,15:52:12.733000,11781,11782,11780,1
2020-02-17,15:52:21.336000,11780,11781,11781,1
2020-02-17,15:52:24.920000,11780,11781,11781,3
2020-02-17,15:52:36.957000,11780,11781,11781,1
2020-02-17,15:52:50.676000,11780,11781,11781,1
2020-02-17,15:52:50.857000,11780,11781,11781,7
2020-02-17,15:52:51.989000,11780,11781,11781,2
2020-02-17,15:52:52.272000,11780,11781,11781,1
2020-02-17,15:52:56.236000,11780,11781,11780,2
2020-02-17,15:52:56.236000,11780,11781,11780,5
2020-02-17,15:52:56.236000,11780,11781,11780,9
2020-02-17,15:52:56.237000,11780,11781,11780,1
2020-02-17,15:52:56.248000,11780,11781,11780,4
2020-02-17,15:53:06.860000,11779,11780,11779,6
2020-02-17,15:53:07.223000,11778,11779,11779,1
2020-02-17,15:53:48.315000,11778,11779,11779,2
2020-02-17,15:53:55.283000,11778,11779,11779,3
2020-02-17,15:54:03.835000,11779,11781,11779,2
2020-02-17,15:54:39.382000,11779,11780,11779,1
2020-02-17,15:54:47.360000,11779,11780,11779,2
2020-02-17,15:55:00.408000,11779,11780,11779,1
2020-02-17,15:55:03.387000,11779,11780,11779,1
2020-02-17,15:55:08.887000,11779,11780,11779,1
2020-02-17,15:55:12.331000,11779,11780,11780,1
2020-02-17,15:55:12.332000,11779,11780,11780,8
2020-02-17,15:55:17.360000,11780,11781,11780,1
2020-02-17,15:55:18.374000,11780,11781,11780,1
2020-02-17,15:55:33.715000,11780,11781,11781,1
2020-02-17,15:55:33.797000,11780,11781,11781,4
2020-02-17,15:55:34.051000,11780,11781,11781,1
2020-02-17,15:55:35.158000,11780,11781,11781,6
2020-02-17,15:55:35.158000,11780,11781,11781,3
2020-02-17,15:55:45.121000,11780,11781,11780,5
2020-02-17,15:55:45.903000,11779,11780,11780,1
2020-02-17,15:55:51.020000,11779,11780,11780,1
2020-02-17,15:55:59.731000,11779,11780,11780,1
2020-02-17,15:56:01.693000,11779,11780,11780,1
2020-02-17,15:56:02.286000,11779,11780,11780,1
2020-02-17,15:56:27.420000,11779,11780,11779,1
2020-02-17,15:56:34.501000,11779,11780,11780,6
2020-02-17,15:56:34.619000,11780,11781,11780,4
2020-02-17,15:56:41.173000,11780,11781,11780,1
2020-02-17,15:57:06.865000,11780,11781,11781,1
2020-02-17,15:57:22.281000,11780,11781,11780,1
2020-02-17,15:57:37.447000,11780,11781,11780,1
2020-02-17,15:57:39.372000,11780,11781,11780,2
2020-02-17,15:57:44.886000,11780,11781,11781,1
2020-02-17,15:57:49.466000,11780,11781,11780,1
2020-02-17,15:57:55.386000,11780,11781,11780,7
2020-02-17,15:58:21.123000,11780,11781,11780,1
2020-02-17,15:58:21.445000,11780,11781,11780,1
2020-02-17,15:58:23.873000,11780,11781,11780,1
2020-02-17,15:58:49.610000,11780,11781,11780,6
2020-02-17,15:58:53.297000,11779,11780,11780,1
2020-02-17,15:59:00.100000,11779,11780,11779,2
2020-02-17,15:59:00.100000,11779,11780,11779,3
2020-02-17,15:59:00.100000,11779,11780,11779,2
2020-02-17,15:59:40.092000,11778,11779,11779,1
2020-02-17,15:59:49.892000,11779,11780,11779,1
2020-02-17,15:59:59.108000,11779,11780,11779,9
2020-02-17,15:59:59.108000,11779,11780,11779,1
2020-02-17,16:00:00.419000,11779,11780,11780,1
2020-02-17,16:00:00.498000,11779,11780,11780,1
2020-02-17,16:00:00.600000,11779,11780,11780,1
2020-02-17,16:00:00.610000,11779,11780,11780,1
2020-02-17,16:00:00.669000,11779,11780,11781,4
2020-02-17,16:00:00.682000,11779,11780,11781,1
2020-02-17,16:00:00.815000,11780,11781,11781,2
2020-02-17,16:00:00.874000,11780,11781,11781,1
2020-02-17,16:00:01.663000,11780,11781,11780,2
2020-02-17,16:00:01.745000,11780,11781,11781,1
2020-02-17,16:00:01.746000,11780,11781,11781,1
2020-02-17,16:00:01.746000,11780,11781,11781,1
2020-02-17,16:00:01.746000,11780,11781,11781,1
2020-02-17,16:00:01.747000,11780,11781,11781,2
2020-02-17,16:00:01.748000,11780,11781,11781,1
2020-02-17,16:00:01.749000,11780,11781,11781,1
2020-02-17,16:00:01.749000,11780,11781,11781,3
2020-02-17,16:00:01.750000,11780,11781,11781,1
2020-02-17,16:00:01.868000,11780,11781,11781,1
2020-02-17,16:00:01.868000,11780,11781,11782,1
2020-02-17,16:00:01.870000,11780,11781,11782,1
2020-02-17,16:00:01.870000,11780,11781,11782,1
2020-02-17,16:00:01.870000,11780,11781,11782,1
2020-02-17,16:00:01.871000,11780,11781,11782,1
2020-02-17,16:00:01.871000,11780,11781,11782,5
2020-02-17,16:00:02.010000,11781,11782,11782,2
2020-02-17,16:00:02.180000,11781,11782,11782,1
2020-02-17,16:00:02.581000,11780,11781,11781,2
2020-02-17,16:00:02.877000,11780,11782,11782,1
2020-02-17,16:00:02.903000,11780,11782,11782,3
2020-02-17,16:00:03.021000,11780,11782,11782,2
2020-02-17,16:00:03.664000,11780,11782,11782,1
2020-02-17,16:00:03.671000,11780,11782,11782,1
2020-02-17,16:00:03.703000,11780,11782,11782,1
2020-02-17,16:00:07.953000,11780,11781,11780,1
2020-02-17,16:00:11.054000,11780,11781,11781,1
2020-02-17,16:00:11.160000,11780,11781,11781,1
2020-02-17,16:00:11.273000,11780,11781,11781,1
2020-02-17,16:00:11.376000,11780,11781,11781,1
2020-02-17,16:00:11.505000,11780,11781,11781,1
2020-02-17,16:00:11.669000,11780,11781,11781,1
2020-02-17,16:00:13.409000,11780,11781,11781,5
2020-02-17,16:00:19.323000,11780,11781,11781,1
2020-02-17,16:00:19.430000,11780,11781,11781,1
2020-02-17,16:00:21.993000,11780,11781,11781,1
2020-02-17,16:00:22.615000,11780,11781,11780,7
2020-02-17,16:00:26.935000,11780,11781,11780,1
2020-02-17,16:00:30.980000,11779,11780,11780,1
2020-02-17,16:00:38.674000,11779,11780,11780,1
2020-02-17,16:00:49.048000,11779,11780,11780,1
2020-02-17,16:00:49.780000,11780,11781,11780,1
2020-02-17,16:00:58.808000,11779,11780,11780,1
2020-02-17,16:01:00.449000,11779,11780,11779,3
2020-02-17,16:01:12.931000,11778,11779,11778,10
2020-02-17,16:01:15.538000,11778,11779,11778,1
2020-02-17,16:01:15.538000,11778,11779,11778,2
2020-02-17,16:01:15.538000,11778,11779,11778,6
2020-02-17,16:01:15.576000,11778,11779,11778,2
2020-02-17,16:01:21.545000,11777,11779,11777,2
2020-02-17,16:01:30.051000,11778,11779,11778,1
2020-02-17,16:01:32.284000,11778,11779,11778,1
2020-02-17,16:01:46.574000,11777,11779,11777,1
2020-02-17,16:01:52.773000,11778,11779,11778,1
2020-02-17,16:01:52.961000,11778,11779,11778,2
2020-02-17,16:01:53.394000,11778,11779,11778,1
2020-02-17,16:01:55.910000,11778,11779,11779,1
2020-02-17,16:02:26.370000,11778,11779,11779,1
2020-02-17,16:02:35.947000,11778,11779,11779,4
2020-02-17,16:02:50.637000,11779,11780,11779,1
2020-02-17,16:02:53.060000,11778,11779,11778,10
2020-02-17,16:02:53.110000,11778,11779,11778,1
2020-02-17,16:03:09.724000,11778,11779,11778,1
2020-02-17,16:03:18.235000,11778,11779,11778,5
2020-02-17,16:03:18.360000,11778,11779,11778,4
2020-02-17,16:03:18.485000,11778,11779,11778,1
2020-02-17,16:03:18.496000,11778,11779,11779,1
2020-02-17,16:03:18.497000,11778,11779,11779,1
2020-02-17,16:03:18.500000,11778,11779,11779,1
2020-02-17,16:03:18.500000,11778,11779,11779,1
2020-02-17,16:03:18.501000,11778,11779,11779,1
2020-02-17,16:03:18.502000,11778,11779,11779,1
2020-02-17,16:03:18.503000,11778,11779,11779,1
2020-02-17,16:03:18.610000,11778,11779,11778,1
2020-02-17,16:03:31.138000,11778,11779,11779,1
2020-02-17,16:03:58.958000,11778,11779,11778,2
2020-02-17,16:04:25.814000,11778,11779,11778,6
2020-02-17,16:04:28.984000,11778,11779,11778,4
2020-02-17,16:04:28.985000,11778,11779,11778,2
2020-02-17,16:04:28.986000,11778,11779,11778,2
2020-02-17,16:04:29.005000,11778,11779,11778,2
2020-02-17,16:04:29.110000,11778,11779,11778,2
2020-02-17,16:04:29.110000,11778,11779,11778,1
2020-02-17,16:04:35.502000,11777,11779,11778,1
2020-02-17,16:04:46.128000,11777,11778,11777,2
2020-02-17,16:05:09.077000,11777,11778,11777,2
2020-02-17,16:05:09.373000,11777,11778,11778,1
2020-02-17,16:05:12.564000,11777,11778,11777,1
2020-02-17,16:05:16.344000,11777,11778,11778,1
2020-02-17,16:05:16.345000,11777,11778,11778,2
2020-02-17,16:05:16.568000,11778,11779,11778,2
2020-02-17,16:05:16.988000,11778,11779,11779,2
2020-02-17,16:05:17.400000,11778,11779,11778,2
2020-02-17,16:05:29.038000,11777,11778,11778,3
2020-02-17,16:05:30.977000,11777,11778,11778,1
2020-02-17,16:05:38.180000,11778,11779,11778,1
2020-02-17,16:05:42.733000,11778,11779,11778,4
2020-02-17,16:05:50.666000,11778,11779,11778,1
2020-02-17,16:06:05.443000,11777,11778,11777,2
2020-02-17,16:06:10.355000,11777,11778,11778,2
2020-02-17,16:06:16.652000,11777,11778,11777,2
2020-02-17,16:06:16.652000,11777,11778,11777,8
2020-02-17,16:06:16.653000,11777,11778,11777,4
2020-02-17,16:06:16.735000,11777,11778,11777,8
2020-02-17,16:06:17.632000,11776,11777,11777,1
2020-02-17,16:06:58.706000,11776,11777,11777,1
2020-02-17,16:06:59.302000,11776,11777,11777,1
2020-02-17,16:07:21.757000,11776,11777,11776,2
2020-02-17,16:07:21.888000,11776,11777,11776,1
2020-02-17,16:07:29.284000,11776,11777,11776,1
2020-02-17,16:07:29.536000,11776,11777,11776,1
2020-02-17,16:07:33.058000,11776,11777,11776,1
2020-02-17,16:07:33.561000,11776,11777,11776,1
2020-02-17,16:07:33.892000,11776,11777,11776,1
2020-02-17,16:07:34.751000,11776,11777,11776,1
2020-02-17,16:07:40.356000,11776,11777,11776,1
2020-02-17,16:07:49.948000,11776,11777,11776,1
2020-02-17,16:07:50.949000,11776,11777,11776,1
2020-02-17,16:07:57.972000,11776,11777,11777,1
2020-02-17,16:08:07.337000,11776,11777,11777,9
2020-02-17,16:08:07.337000,11776,11777,11777,3
2020-02-17,16:08:07.591000,11777,11778,11777,1
2020-02-17,16:08:10.357000,11777,11778,11777,1
2020-02-17,16:08:12.714000,11777,11778,11778,2
2020-02-17,16:08:12.735000,11778,11779,11778,1
2020-02-17,16:08:13.442000,11778,11779,11779,9
2020-02-17,16:08:17.004000,11778,11780,11778,1
2020-02-17,16:08:35.485000,11777,11778,11777,1
2020-02-17,16:08:35.570000,11777,11778,11777,2
2020-02-17,16:08:35.610000,11777,11778,11777,3
2020-02-17,16:08:39.759000,11776,11778,11776,2
2020-02-17,16:08:49.860000,11777,11778,11777,1
2020-02-17,16:08:56.454000,11777,11778,11777,1
2020-02-17,16:09:01.735000,11777,11778,11777,1
2020-02-17,16:09:06.404000,11776,11777,11777,1
2020-02-17,16:09:16.169000,11776,11777,11776,2
2020-02-17,16:09:24.718000,11776,11777,11776,5
2020-02-17,16:09:24.735000,11776,11777,11776,1
2020-02-17,16:09:31.085000,11775,11776,11776,1
2020-02-17,16:09:35.317000,11775,11777,11775,1
2020-02-17,16:09:40.235000,11775,11776,11776,1
2020-02-17,16:09:51.558000,11776,11777,11776,1
2020-02-17,16:09:52.810000,11776,11777,11776,2
2020-02-17,16:09:53.531000,11775,11776,11776,1
2020-02-17,16:09:57.360000,11775,11776,11776,12
2020-02-17,16:10:11.747000,11775,11776,11776,1
2020-02-17,16:10:12.635000,11776,11777,11776,1
2020-02-17,16:10:26.241000,11776,11777,11777,1
2020-02-17,16:10:47.486000,11776,11777,11777,2
2020-02-17,16:10:47.486000,11776,11777,11777,5
2020-02-17,16:10:47.533000,11776,11777,11777,2
2020-02-17,16:10:47.561000,11776,11777,11777,1
2020-02-17,16:10:47.566000,11776,11777,11777,2
2020-02-17,16:10:47.619000,11777,11778,11777,12
2020-02-17,16:10:48.145000,11777,11778,11778,3
2020-02-17,16:10:50.374000,11778,11779,11778,1
2020-02-17,16:11:17.565000,11778,11779,11779,2
2020-02-17,16:11:17.890000,11778,11780,11780,1
2020-02-17,16:11:20.798000,11779,11780,11780,1
2020-02-17,16:11:29.915000,11778,11779,11779,1
2020-02-17,16:11:34.792000,11778,11779,11779,1
2020-02-17,16:11:40.822000,11778,11779,11778,2
2020-02-17,16:12:00.120000,11778,11779,11778,1
2020-02-17,16:12:13.549000,11778,11779,11778,1
2020-02-17,16:12:13.957000,11778,11779,11779,2
2020-02-17,16:12:13.958000,11778,11779,11779,1
2020-02-17,16:12:13.990000,11778,11779,11779,1
2020-02-17,16:12:34.929000,11778,11779,11779,1
2020-02-17,16:12:37.985000,11778,11779,11778,5
2020-02-17,16:12:38.199000,11777,11778,11777,1
2020-02-17,16:12:38.208000,11777,11778,11777,2
2020-02-17,16:12:39.482000,11777,11778,11777,2
2020-02-17,16:12:39.483000,11777,11778,11777,1
2020-02-17,16:12:39.483000,11777,11778,11777,3
2020-02-17,16:13:12.572000,11776,11777,11777,1
2020-02-17,16:13:13.001000,11777,11778,11778,1
2020-02-17,16:14:02.464000,11777,11779,11778,1
2020-02-17,16:14:05.302000,11778,11779,11778,2
2020-02-17,16:14:45.937000,11777,11778,11778,1
2020-02-17,16:14:57.906000,11777,11778,11777,2
2020-02-17,16:15:16.141000,11777,11778,11777,2
2020-02-17,16:15:16.596000,11776,11777,11777,1
2020-02-17,16:15:16.596000,11776,11777,11778,1
2020-02-17,16:15:16.615000,11776,11778,11778,2
2020-02-17,16:15:16.631000,11776,11778,11778,2
2020-02-17,16:15:16.656000,11776,11778,11778,2
2020-02-17,16:15:17.184000,11777,11778,11778,1
2020-02-17,16:15:25.280000,11778,11779,11778,1
2020-02-17,16:15:27.135000,11777,11778,11778,1
2020-02-17,16:15:54.113000,11777,11779,11778,1
2020-02-17,16:16:16.313000,11778,11779,11778,1
2020-02-17,16:16:24.572000,11778,11779,11778,1
2020-02-17,16:16:24.918000,11778,11779,11779,1
2020-02-17,16:16:38.200000,11778,11779,11779,2
2020-02-17,16:16:38.235000,11778,11779,11779,18
2020-02-17,16:16:38.360000,11778,11779,11779,10
2020-02-17,16:16:38.360000,11778,11779,11779,10
2020-02-17,16:16:38.360000,11778,11779,11779,3
2020-02-17,16:16:38.610000,11779,11780,11780,23
2020-02-17,16:16:38.610000,11779,11780,11780,1
2020-02-17,16:16:38.612000,11779,11780,11780,1
2020-02-17,16:16:38.633000,11779,11780,11780,1
2020-02-17,16:16:38.735000,11779,11780,11780,3
2020-02-17,16:16:38.902000,11780,11781,11780,4
2020-02-17,16:16:38.944000,11780,11781,11780,3
2020-02-17,16:16:38.944000,11780,11781,11780,1
2020-02-17,16:16:38.958000,11780,11781,11780,2
2020-02-17,16:16:38.959000,11780,11781,11780,1
2020-02-17,16:16:38.985000,11780,11781,11780,2
2020-02-17,16:16:38.985000,11780,11781,11780,2
2020-02-17,16:16:38.985000,11780,11781,11780,2
2020-02-17,16:16:38.985000,11780,11781,11780,3
2020-02-17,16:16:51.857000,11779,11781,11780,4
2020-02-17,16:16:55.024000,11780,11781,11780,2
2020-02-17,16:16:58.261000,11780,11781,11781,1
2020-02-17,16:17:02.237000,11780,11781,11781,1
2020-02-17,16:17:06.482000,11780,11781,11780,1
2020-02-17,16:17:07.735000,11780,11781,11781,11
2020-02-17,16:17:07.877000,11780,11782,11782,1
2020-02-17,16:17:10.860000,11781,11782,11782,1
2020-02-17,16:17:11.964000,11781,11782,11781,1
2020-02-17,16:17:19.240000,11781,11782,11781,2
2020-02-17,16:17:24.907000,11781,11782,11781,1
2020-02-17,16:17:26.581000,11781,11782,11781,1
2020-02-17,16:17:27.399000,11780,11782,11782,1
2020-02-17,16:17:31.170000,11781,11782,11782,1
2020-02-17,16:17:32.454000,11781,11782,11782,1
2020-02-17,16:17:33.467000,11781,11782,11781,1
2020-02-17,16:17:36.092000,11781,11782,11782,1
2020-02-17,16:17:41.117000,11781,11782,11782,10
2020-02-17,16:17:44.704000,11781,11782,11782,1
2020-02-17,16:17:44.805000,11781,11782,11782,1
2020-02-17,16:17:44.860000,11781,11782,11782,17
2020-02-17,16:17:44.860000,11781,11782,11782,10
2020-02-17,16:17:44.860000,11781,11782,11782,5
2020-02-17,16:17:44.861000,11781,11782,11782,2
2020-02-17,16:17:44.985000,11781,11782,11782,1
2020-02-17,16:17:45.426000,11781,11783,11783,1
2020-02-17,16:17:45.494000,11782,11783,11782,1
2020-02-17,16:17:45.511000,11782,11783,11783,3
2020-02-17,16:17:45.679000,11781,11783,11783,1
2020-02-17,16:17:45.793000,11781,11783,11783,2
2020-02-17,16:17:45.883000,11781,11783,11783,1
2020-02-17,16:17:45.944000,11781,11783,11783,2
2020-02-17,16:17:45.956000,11781,11783,11783,1
2020-02-17,16:17:45.967000,11781,11783,11783,4
2020-02-17,16:17:45.991000,11782,11783,11783,1
2020-02-17,16:17:46.525000,11782,11783,11783,1
2020-02-17,16:17:46.610000,11782,11783,11783,3
2020-02-17,16:17:46.653000,11782,11783,11783,1
2020-02-17,16:17:46.691000,11782,11783,11783,1
2020-02-17,16:17:46.735000,11782,11783,11783,3
2020-02-17,16:17:46.735000,11782,11783,11783,1
2020-02-17,16:17:47.594000,11782,11784,11784,2
2020-02-17,16:17:47.646000,11782,11784,11784,4
2020-02-17,16:17:47.652000,11782,11784,11784,1
2020-02-17,16:17:47.667000,11782,11784,11784,4
2020-02-17,16:17:47.687000,11782,11784,11784,1
2020-02-17,16:17:47.692000,11782,11784,11784,2
2020-02-17,16:17:47.787000,11782,11784,11784,1
2020-02-17,16:17:47.860000,11783,11784,11783,4
2020-02-17,16:17:48.012000,11783,11784,11784,8
2020-02-17,16:17:48.062000,11783,11784,11784,1
2020-02-17,16:17:51.297000,11782,11784,11783,1
2020-02-17,16:17:51.426000,11782,11783,11783,1
2020-02-17,16:17:52.166000,11782,11783,11783,1
2020-02-17,16:17:55.050000,11782,11783,11783,1
2020-02-17,16:17:55.105000,11782,11783,11782,1
2020-02-17,16:18:02.186000,11782,11783,11783,1
2020-02-17,16:18:03.142000,11782,11783,11783,4
2020-02-17,16:18:03.648000,11783,11784,11784,19
2020-02-17,16:18:03.736000,11784,11785,11785,3
2020-02-17,16:18:03.738000,11784,11785,11784,2
2020-02-17,16:18:04.025000,11784,11785,11784,10
2020-02-17,16:18:04.056000,11784,11785,11785,1
2020-02-17,16:18:04.119000,11784,11785,11784,14
2020-02-17,16:18:04.119000,11784,11785,11784,6
2020-02-17,16:18:04.119000,11784,11785,11784,3
2020-02-17,16:18:04.125000,11784,11785,11785,1
2020-02-17,16:18:04.192000,11784,11785,11785,1
2020-02-17,16:18:04.220000,11784,11785,11785,1
2020-02-17,16:18:04.236000,11784,11785,11784,3
2020-02-17,16:18:04.237000,11784,11785,11784,2
2020-02-17,16:18:04.238000,11784,11785,11784,4
2020-02-17,16:18:04.244000,11784,11785,11784,1
2020-02-17,16:18:04.360000,11784,11785,11784,2
2020-02-17,16:18:04.360000,11784,11785,11784,3
2020-02-17,16:18:04.805000,11783,11785,11785,3
2020-02-17,16:18:04.816000,11783,11785,11785,1
2020-02-17,16:18:04.829000,11783,11785,11785,1
2020-02-17,16:18:04.940000,11783,11785,11785,2
2020-02-17,16:18:05.056000,11784,11785,11785,1
2020-02-17,16:18:05.164000,11784,11785,11784,1
2020-02-17,16:18:06.375000,11784,11785,11784,1
2020-02-17,16:18:07.491000,11783,11785,11785,1
2020-02-17,16:18:07.815000,11784,11785,11785,1
2020-02-17,16:18:08.051000,11784,11785,11784,2
2020-02-17,16:18:08.269000,11783,11784,11784,2
2020-02-17,16:18:08.360000,11783,11784,11784,6
2020-02-17,16:18:10.724000,11783,11784,11784,2
2020-02-17,16:18:11.464000,11784,11785,11784,1
2020-02-17,16:18:22.104000,11784,11785,11785,1
2020-02-17,16:18:23.217000,11784,11785,11784,1
2020-02-17,16:18:32.614000,11784,11785,11784,1
2020-02-17,16:18:33.169000,11784,11785,11784,1
2020-02-17,16:18:33.806000,11784,11785,11785,1
2020-02-17,16:18:36.535000,11784,11785,11785,30
2020-02-17,16:18:37.397000,11784,11785,11785,1
2020-02-17,16:18:37.480000,11784,11785,11785,1
2020-02-17,16:18:38.725000,11784,11785,11785,1
2020-02-17,16:18:38.861000,11784,11785,11785,14
2020-02-17,16:18:42.066000,11785,11786,11786,5
2020-02-17,16:18:42.187000,11785,11786,11786,15
2020-02-17,16:18:42.616000,11785,11786,11786,1
2020-02-17,16:18:43.917000,11785,11786,11785,10
2020-02-17,16:18:47.045000,11785,11786,11785,1
2020-02-17,16:18:48.748000,11785,11786,11785,2
2020-02-17,16:18:49.684000,11785,11786,11785,2
2020-02-17,16:18:51.838000,11785,11786,11785,2
2020-02-17,16:18:52.993000,11785,11786,11785,2
2020-02-17,16:18:54.122000,11785,11786,11785,2
2020-02-17,16:18:57.282000,11785,11786,11786,1
2020-02-17,16:18:58.978000,11785,11786,11785,1
2020-02-17,16:18:59.102000,11785,11786,11785,2
2020-02-17,16:19:12.993000,11785,11786,11785,1
2020-02-17,16:19:13.721000,11785,11786,11785,4
2020-02-17,16:19:14.091000,11785,11786,11786,1
2020-02-17,16:19:19.674000,11785,11786,11785,1
2020-02-17,16:19:25.582000,11785,11786,11786,1
2020-02-17,16:19:27.650000,11785,11786,11785,2
2020-02-17,16:19:29.562000,11785,11786,11786,2
2020-02-17,16:19:29.817000,11785,11786,11785,2
2020-02-17,16:19:30.936000,11785,11786,11786,1
2020-02-17,16:19:36.999000,11785,11786,11785,7
2020-02-17,16:19:37.049000,11785,11786,11785,1
2020-02-17,16:19:37.498000,11784,11785,11785,1
2020-02-17,16:19:37.976000,11784,11785,11785,7
2020-02-17,16:19:37.976000,11784,11785,11786,23
2020-02-17,16:19:38.250000,11785,11786,11785,2
2020-02-17,16:19:45.170000,11784,11785,11784,10
2020-02-17,16:19:46.213000,11784,11785,11784,2
2020-02-17,16:19:48.767000,11784,11785,11784,5
2020-02-17,16:19:52.169000,11784,11785,11784,1
2020-02-17,16:19:54.547000,11784,11785,11784,1
2020-02-17,16:20:03.823000,11784,11785,11785,2
2020-02-17,16:20:03.824000,11784,11785,11785,2
2020-02-17,16:20:03.824000,11784,11785,11785,1
2020-02-17,16:20:03.830000,11784,11785,11785,8
2020-02-17,16:20:04.328000,11784,11785,11785,3
2020-02-17,16:20:04.688000,11784,11785,11785,2
2020-02-17,16:20:06.860000,11784,11785,11785,6
2020-02-17,16:20:14.652000,11785,11786,11785,1
2020-02-17,16:20:16.822000,11785,11786,11785,1
2020-02-17,16:20:22.208000,11785,11786,11786,2
2020-02-17,16:20:22.543000,11785,11786,11786,1
2020-02-17,16:20:22.613000,11785,11786,11786,1
2020-02-17,16:20:22.684000,11785,11786,11786,1
2020-02-17,16:20:22.860000,11785,11786,11786,1
2020-02-17,16:20:23.144000,11785,11786,11786,1
2020-02-17,16:20:25.033000,11785,11786,11785,1
2020-02-17,16:20:30.783000,11785,11786,11785,1
2020-02-17,16:20:34.023000,11785,11786,11785,1
2020-02-17,16:20:34.411000,11785,11786,11785,5
2020-02-17,16:20:36.144000,11784,11785,11784,1
2020-02-17,16:20:40.246000,11784,11785,11785,1
2020-02-17,16:20:44.545000,11784,11785,11784,1
2020-02-17,16:20:49.718000,11784,11785,11785,5
2020-02-17,16:20:52.829000,11784,11785,11785,1
2020-02-17,16:20:54.806000,11784,11785,11785,1
2020-02-17,16:21:05.774000,11784,11785,11784,10
2020-02-17,16:21:05.860000,11784,11785,11784,13
2020-02-17,16:21:08.879000,11782,11783,11783,1
2020-02-17,16:21:11.620000,11782,11783,11783,2
2020-02-17,16:21:15.009000,11783,11784,11784,2
2020-02-17,16:21:24.088000,11783,11784,11783,7
2020-02-17,16:21:38.221000,11783,11784,11784,1
2020-02-17,16:21:45.620000,11783,11784,11784,1
2020-02-17,16:21:45.906000,11783,11784,11784,2
2020-02-17,16:21:47.820000,11783,11784,11784,2
2020-02-17,16:21:54.301000,11783,11784,11783,1
2020-02-17,16:21:57.908000,11783,11784,11783,2
2020-02-17,16:22:04.695000,11782,11783,11783,1
2020-02-17,16:22:05.020000,11782,11783,11782,5
2020-02-17,16:22:10.752000,11782,11783,11782,1
2020-02-17,16:22:12.936000,11782,11783,11782,1
2020-02-17,16:22:13.088000,11782,11783,11783,1
2020-02-17,16:22:15.683000,11782,11783,11783,3
2020-02-17,16:22:22.758000,11782,11783,11783,1
2020-02-17,16:22:29.485000,11782,11783,11783,1
2020-02-17,16:22:29.610000,11782,11783,11783,1
2020-02-17,16:22:46.271000,11783,11784,11783,1
2020-02-17,16:23:01.143000,11782,11783,11782,1
2020-02-17,16:23:46.647000,11782,11783,11783,1
2020-02-17,16:24:10.497000,11782,11783,11783,1
2020-02-17,16:24:10.808000,11782,11783,11783,1
2020-02-17,16:24:11.020000,11782,11783,11783,1
2020-02-17,16:24:11.058000,11782,11783,11783,1
2020-02-17,16:24:11.147000,11782,11783,11783,1
2020-02-17,16:24:11.218000,11782,11783,11783,1
2020-02-17,16:24:11.220000,11782,11783,11783,1
2020-02-17,16:24:11.235000,11782,11783,11783,3
2020-02-17,16:24:38.726000,11783,11784,11783,5
2020-02-17,16:24:49.142000,11782,11784,11784,1
2020-02-17,16:24:52.859000,11782,11783,11783,1
2020-02-17,16:24:53.402000,11782,11784,11783,1
2020-02-17,16:25:01.788000,11782,11783,11783,1
2020-02-17,16:25:08.861000,11782,11783,11782,2
2020-02-17,16:25:24.325000,11782,11783,11782,3
2020-02-17,16:25:24.325000,11782,11783,11782,18
2020-02-17,16:25:24.360000,11782,11783,11782,1
2020-02-17,16:25:47.497000,11781,11782,11781,1
2020-02-17,16:25:55.410000,11781,11782,11782,4
2020-02-17,16:26:12.985000,11781,11782,11781,10
2020-02-17,16:26:27.439000,11780,11781,11781,1
2020-02-17,16:26:43.449000,11780,11781,11780,10
2020-02-17,16:26:43.685000,11780,11781,11780,6
2020-02-17,16:26:47.877000,11779,11780,11780,1
2020-02-17,16:26:51.060000,11779,11780,11780,1
2020-02-17,16:27:02.476000,11779,11780,11779,1
2020-02-17,16:27:07.674000,11779,11780,11779,1
2020-02-17,16:27:13.190000,11779,11780,11779,2
2020-02-17,16:27:23.876000,11779,11780,11779,2
2020-02-17,16:27:26.254000,11779,11780,11779,2
2020-02-17,16:27:30.235000,11779,11780,11779,10
2020-02-17,16:27:36.890000,11778,11779,11778,1
2020-02-17,16:27:36.915000,11778,11779,11778,2
2020-02-17,16:27:38.092000,11778,11779,11778,1
2020-02-17,16:27:43.198000,11778,11779,11779,1
2020-02-17,16:27:55.209000,11778,11779,11778,1
2020-02-17,16:27:56.745000,11778,11779,11779,2
2020-02-17,16:27:58.485000,11778,11779,11779,2
2020-02-17,16:28:01.610000,11779,11780,11779,1
2020-02-17,16:28:02.014000,11778,11779,11778,1
2020-02-17,16:28:02.033000,11778,11779,11779,1
2020-02-17,16:28:02.132000,11778,11779,11778,1
2020-02-17,16:28:02.249000,11778,11779,11779,1
2020-02-17,16:28:04.709000,11778,11779,11779,2
2020-02-17,16:28:09.624000,11778,11779,11779,1
2020-02-17,16:28:16.720000,11778,11780,11778,5
2020-02-17,16:28:22.303000,11778,11780,11778,1
2020-02-17,16:28:25.674000,11778,11779,11778,1
2020-02-17,16:28:33.451000,11778,11779,11778,4
2020-02-17,16:28:35.682000,11778,11779,11778,1
2020-02-17,16:28:39.702000,11778,11779,11778,10
2020-02-17,16:28:43.819000,11777,11778,11777,5
2020-02-17,16:28:43.888000,11777,11778,11777,1
2020-02-17,16:28:44.456000,11777,11778,11777,1
2020-02-17,16:28:44.457000,11777,11778,11777,1
2020-02-17,16:28:44.485000,11777,11778,11777,6
2020-02-17,16:28:45.109000,11777,11778,11777,1
2020-02-17,16:28:46.835000,11777,11778,11777,1
2020-02-17,16:28:49.484000,11777,11778,11777,1
2020-02-17,16:28:53.823000,11777,11778,11777,1
2020-02-17,16:28:58.876000,11777,11778,11777,1
2020-02-17,16:28:58.969000,11777,11778,11777,1
2020-02-17,16:29:02.525000,11776,11777,11777,1
2020-02-17,16:29:02.548000,11776,11777,11777,1
2020-02-17,16:29:02.754000,11777,11778,11778,11
2020-02-17,16:29:02.754000,11777,11778,11778,5
2020-02-17,16:29:02.775000,11777,11778,11778,3
2020-02-17,16:29:02.844000,11777,11778,11778,1
2020-02-17,16:29:08.485000,11777,11778,11778,1
2020-02-17,16:29:09.610000,11778,11779,11778,1
2020-02-17,16:29:13.396000,11777,11778,11778,4
2020-02-17,16:29:22.787000,11777,11779,11777,15
2020-02-17,16:29:25.812000,11777,11778,11778,1
2020-02-17,16:29:35.332000,11778,11779,11779,1
2020-02-17,16:29:36.735000,11778,11779,11779,1
2020-02-17,16:29:48.503000,11779,11780,11779,1
2020-02-17,16:29:48.625000,11779,11780,11779,1
2020-02-17,16:29:57.110000,11779,11780,11779,1
2020-02-17,16:30:00.075000,11779,11780,11779,4
2020-02-17,16:30:00.076000,11779,11780,11779,1
2020-02-17,16:30:02.269000,11778,11779,11779,1
2020-02-17,16:30:02.269000,11778,11779,11780,2
2020-02-17,16:30:02.673000,11778,11780,11780,1
2020-02-17,16:30:02.742000,11778,11780,11780,1
2020-02-17,16:30:02.742000,11778,11780,11780,1
2020-02-17,16:30:02.743000,11778,11780,11780,1
2020-02-17,16:30:02.743000,11778,11780,11780,1
2020-02-17,16:30:02.748000,11778,11780,11780,1
2020-02-17,16:30:02.748000,11778,11780,11780,1
2020-02-17,16:30:02.748000,11778,11780,11780,1
2020-02-17,16:30:02.750000,11778,11780,11780,1
2020-02-17,16:30:02.752000,11778,11780,11780,1
2020-02-17,16:30:02.752000,11778,11780,11780,1
2020-02-17,16:30:02.752000,11778,11780,11780,1
2020-02-17,16:30:02.753000,11778,11780,11780,2
2020-02-17,16:30:02.753000,11778,11780,11780,1
2020-02-17,16:30:02.863000,11778,11780,11780,3
2020-02-17,16:30:11.272000,11778,11780,11778,1
2020-02-17,16:30:18.121000,11778,11779,11779,3
2020-02-17,16:30:18.237000,11779,11780,11779,1
2020-02-17,16:30:28.485000,11778,11779,11779,3
2020-02-17,16:30:36.682000,11778,11780,11778,1
2020-02-17,16:30:37.302000,11778,11780,11778,1
2020-02-17,16:30:41.845000,11779,11780,11779,1
2020-02-17,16:30:46.092000,11779,11780,11779,2
2020-02-17,16:31:03.294000,11779,11780,11779,2
2020-02-17,16:31:04.006000,11779,11780,11779,1
2020-02-17,16:31:04.006000,11779,11780,11778,5
2020-02-17,16:31:10.055000,11779,11780,11779,1
2020-02-17,16:31:10.129000,11779,11780,11780,1
2020-02-17,16:31:10.133000,11779,11780,11780,1
2020-02-17,16:31:10.527000,11779,11780,11780,6
2020-02-17,16:31:10.527000,11779,11780,11780,1
2020-02-17,16:31:27.122000,11780,11781,11780,2
2020-02-17,16:32:01.659000,11780,11781,11780,4
2020-02-17,16:32:08.284000,11779,11780,11780,1
2020-02-17,16:32:30.840000,11779,11780,11780,10
2020-02-17,16:32:34.748000,11779,11780,11780,10
2020-02-17,16:32:37.496000,11779,11780,11779,4
2020-02-17,16:32:42.732000,11779,11780,11779,1
2020-02-17,16:32:47.360000,11779,11780,11779,5
2020-02-17,16:33:15.797000,11778,11779,11779,1
2020-02-17,16:33:16.240000,11778,11779,11779,1
2020-02-17,16:33:19.002000,11779,11780,11779,1
2020-02-17,16:33:36.455000,11778,11779,11779,1
2020-02-17,16:33:57.313000,11779,11780,11779,1
2020-02-17,16:34:21.887000,11778,11779,11778,18
2020-02-17,16:34:23.812000,11777,11778,11778,1
2020-02-17,16:34:24.839000,11777,11778,11777,5
2020-02-17,16:34:24.839000,11777,11778,11777,11
2020-02-17,16:34:24.904000,11776,11778,11776,1
2020-02-17,16:34:24.997000,11776,11777,11776,3
2020-02-17,16:34:25.338000,11776,11777,11776,1
2020-02-17,16:34:25.371000,11776,11777,11776,17
2020-02-17,16:34:25.485000,11776,11777,11776,1
2020-02-17,16:34:25.816000,11775,11776,11776,2
2020-02-17,16:34:34.668000,11776,11777,11776,1
2020-02-17,16:34:40.708000,11775,11776,11776,1
2020-02-17,16:34:45.027000,11775,11776,11776,1
2020-02-17,16:34:45.746000,11775,11776,11776,1
2020-02-17,16:34:48.934000,11775,11776,11776,1
2020-02-17,16:34:50.887000,11775,11776,11776,1
2020-02-17,16:34:55.654000,11775,11776,11775,1
2020-02-17,16:35:01.093000,11775,11776,11776,1
2020-02-17,16:35:02.563000,11775,11776,11776,2
2020-02-17,16:35:02.620000,11775,11776,11775,1
2020-02-17,16:35:09.023000,11775,11776,11775,2
2020-02-17,16:35:18.459000,11775,11776,11776,1
2020-02-17,16:35:26.765000,11775,11776,11776,2
2020-02-17,16:35:29.518000,11775,11776,11776,1
2020-02-17,16:35:31.928000,11775,11776,11776,1
2020-02-17,16:35:36.468000,11776,11777,11776,1
2020-02-17,16:35:55.246000,11776,11777,11776,1
2020-02-17,16:35:57.496000,11776,11777,11776,1
2020-02-17,16:35:59.144000,11776,11777,11776,1
2020-02-17,16:36:03.385000,11776,11777,11776,1
2020-02-17,16:36:09.534000,11776,11777,11776,1
2020-02-17,16:36:22.544000,11776,11777,11776,10
2020-02-17,16:36:24.898000,11775,11776,11776,1
2020-02-17,16:36:25.671000,11775,11776,11775,1
2020-02-17,16:36:33.097000,11775,11776,11776,1
2020-02-17,16:36:36.454000,11775,11776,11775,5
2020-02-17,16:36:38.998000,11775,11776,11776,1
2020-02-17,16:36:55.366000,11775,11776,11776,1
2020-02-17,16:36:59.185000,11775,11776,11776,1
2020-02-17,16:37:02.099000,11775,11776,11776,1
2020-02-17,16:37:06.269000,11775,11776,11776,3
2020-02-17,16:37:08.765000,11775,11776,11776,5
2020-02-17,16:37:09.085000,11775,11776,11775,17
2020-02-17,16:37:10.260000,11775,11776,11776,1
2020-02-17,16:37:15.341000,11775,11776,11776,1
2020-02-17,16:37:19.504000,11776,11777,11776,1
2020-02-17,16:37:27.349000,11776,11777,11776,1
2020-02-17,16:37:32.920000,11776,11777,11776,1
2020-02-17,16:37:43.801000,11776,11777,11776,3
2020-02-17,16:37:47.860000,11775,11776,11775,2
2020-02-17,16:37:47.860000,11775,11776,11775,8
2020-02-17,16:37:47.861000,11775,11776,11775,7
2020-02-17,16:37:47.862000,11775,11776,11775,3
2020-02-17,16:37:48.048000,11774,11776,11774,6
2020-02-17,16:37:48.110000,11774,11775,11774,4
2020-02-17,16:37:48.110000,11774,11775,11774,1
2020-02-17,16:37:48.235000,11774,11775,11774,3
2020-02-17,16:37:50.988000,11773,11774,11773,2
2020-02-17,16:37:51.130000,11773,11774,11773,1
2020-02-17,16:37:51.146000,11773,11774,11773,1
2020-02-17,16:37:51.265000,11773,11774,11773,1
2020-02-17,16:37:54.392000,11773,11774,11773,1
2020-02-17,16:37:55.492000,11773,11774,11773,10
2020-02-17,16:37:57.869000,11773,11774,11773,2
2020-02-17,16:38:01.548000,11773,11774,11773,1
2020-02-17,16:38:01.991000,11773,11774,11773,1
2020-02-17,16:38:02.194000,11773,11774,11773,1
2020-02-17,16:38:07.054000,11772,11773,11773,1
2020-02-17,16:38:07.409000,11772,11773,11772,7
2020-02-17,16:38:07.719000,11772,11773,11772,1
2020-02-17,16:38:10.492000,11772,11773,11772,1
2020-02-17,16:38:11.285000,11772,11773,11772,1
2020-02-17,16:38:12.319000,11772,11773,11772,1
2020-02-17,16:38:12.440000,11771,11773,11772,1
2020-02-17,16:38:13.397000,11771,11772,11772,1
2020-02-17,16:38:13.789000,11772,11773,11772,1
2020-02-17,16:38:15.082000,11772,11773,11772,2
2020-02-17,16:38:15.817000,11772,11773,11772,4
2020-02-17,16:38:19.972000,11772,11773,11772,1
2020-02-17,16:38:22.504000,11772,11773,11772,1
2020-02-17,16:38:24.187000,11772,11773,11772,1
2020-02-17,16:38:25.371000,11772,11773,11772,1
2020-02-17,16:38:30.290000,11772,11773,11772,1
2020-02-17,16:38:30.540000,11772,11773,11772,3
2020-02-17,16:38:30.802000,11771,11772,11771,1
2020-02-17,16:38:30.884000,11771,11772,11772,1
2020-02-17,16:38:30.888000,11771,11772,11771,1
2020-02-17,16:38:30.983000,11771,11772,11771,1
2020-02-17,16:38:31.173000,11771,11773,11771,1
2020-02-17,16:38:34.540000,11771,11772,11772,1
2020-02-17,16:38:36.235000,11772,11773,11772,1
2020-02-17,16:38:36.235000,11772,11773,11771,9
2020-02-17,16:38:36.586000,11771,11773,11771,10
2020-02-17,16:38:39.240000,11771,11772,11771,10
2020-02-17,16:38:39.614000,11770,11772,11771,1
2020-02-17,16:38:39.614000,11770,11772,11770,9
2020-02-17,16:38:39.778000,11771,11772,11770,1
2020-02-17,16:38:40.046000,11770,11772,11770,1
2020-02-17,16:38:40.731000,11771,11772,11771,1
2020-02-17,16:38:42.869000,11771,11772,11771,1
2020-02-17,16:38:43.690000,11771,11772,11771,1
2020-02-17,16:38:45.093000,11770,11771,11770,4
2020-02-17,16:38:45.400000,11770,11771,11770,1
2020-02-17,16:38:47.498000,11770,11771,11770,10
2020-02-17,16:38:49.525000,11770,11771,11771,1
2020-02-17,16:38:50.634000,11770,11771,11770,1
2020-02-17,16:38:50.767000,11770,11771,11770,1
2020-02-17,16:38:51.586000,11770,11771,11770,1
2020-02-17,16:38:53.060000,11770,11771,11770,1
2020-02-17,16:38:55.117000,11770,11771,11770,1
2020-02-17,16:38:55.557000,11770,11771,11770,5
2020-02-17,16:38:56.811000,11770,11771,11770,1
2020-02-17,16:39:01.446000,11770,11771,11771,4
2020-02-17,16:39:02.361000,11770,11771,11771,20
2020-02-17,16:39:02.460000,11770,11771,11770,1
2020-02-17,16:39:02.735000,11771,11772,11771,2
2020-02-17,16:39:03.582000,11770,11772,11772,2
2020-02-17,16:39:05.300000,11770,11772,11772,1
2020-02-17,16:39:05.477000,11770,11772,11770,1
2020-02-17,16:39:10.366000,11771,11772,11771,1
2020-02-17,16:39:13.174000,11770,11771,11770,1
2020-02-17,16:39:14.935000,11770,11771,11771,4
2020-02-17,16:39:16.431000,11770,11771,11771,1
2020-02-17,16:39:17.479000,11770,11771,11771,1
2020-02-17,16:39:18.504000,11771,11772,11771,2
2020-02-17,16:39:21.494000,11770,11771,11771,1
2020-02-17,16:39:27.713000,11770,11771,11770,4
2020-02-17,16:39:28.362000,11770,11771,11770,1
2020-02-17,16:39:32.772000,11770,11771,11771,1
2020-02-17,16:39:33.521000,11770,11771,11770,1
2020-02-17,16:39:46.529000,11770,11771,11770,2
2020-02-17,16:39:50.228000,11770,11771,11770,2
2020-02-17,16:39:53.422000,11770,11771,11770,1
2020-02-17,16:39:58.375000,11770,11771,11770,7
2020-02-17,16:39:58.487000,11770,11771,11770,1
2020-02-17,16:39:58.487000,11770,11771,11770,1
2020-02-17,16:39:58.488000,11770,11771,11770,2
2020-02-17,16:39:59.135000,11770,11771,11770,1
2020-02-17,16:40:00.896000,11770,11771,11770,4
2020-02-17,16:40:01.651000,11770,11771,11770,1
2020-02-17,16:40:01.737000,11770,11771,11770,3
2020-02-17,16:40:03.173000,11770,11771,11770,1
2020-02-17,16:40:03.567000,11770,11771,11770,1
2020-02-17,16:40:03.777000,11770,11771,11771,1
2020-02-17,16:40:03.893000,11770,11771,11770,1
2020-02-17,16:40:05.235000,11770,11771,11770,1
2020-02-17,16:40:05.504000,11770,11771,11770,1
2020-02-17,16:40:05.610000,11770,11771,11770,6
2020-02-17,16:40:06.469000,11769,11771,11771,1
2020-02-17,16:40:10.162000,11770,11771,11770,1
2020-02-17,16:40:11.648000,11769,11770,11770,1
2020-02-17,16:40:12.060000,11769,11770,11770,1
2020-02-17,16:40:12.731000,11769,11770,11770,1
2020-02-17,16:40:15.222000,11769,11770,11770,3
2020-02-17,16:40:15.239000,11770,11771,11770,2
2020-02-17,16:40:15.244000,11770,11771,11770,2
2020-02-17,16:40:15.360000,11769,11770,11770,1
2020-02-17,16:40:15.486000,11769,11770,11770,2
2020-02-17,16:40:16.005000,11770,11771,11770,1
2020-02-17,16:40:16.744000,11770,11771,11770,1
2020-02-17,16:40:18.496000,11770,11771,11770,2
2020-02-17,16:40:19.184000,11770,11771,11771,2
2020-02-17,16:40:22.403000,11770,11771,11771,1
2020-02-17,16:40:22.893000,11770,11771,11771,1
2020-02-17,16:40:23.618000,11770,11771,11770,1
2020-02-17,16:40:23.728000,11770,11771,11771,1
2020-02-17,16:40:25.362000,11770,11771,11770,1
2020-02-17,16:40:26.909000,11770,11771,11771,1
2020-02-17,16:40:44.519000,11770,11771,11771,1
2020-02-17,16:40:44.909000,11770,11771,11771,1
2020-02-17,16:40:45.967000,11770,11771,11771,1
2020-02-17,16:40:53.510000,11770,11771,11771,1
2020-02-17,16:40:53.952000,11770,11771,11771,1
2020-02-17,16:40:57.624000,11770,11771,11770,1
2020-02-17,16:41:01.360000,11770,11771,11770,10
2020-02-17,16:41:01.789000,11769,11770,11770,1
2020-02-17,16:41:02.854000,11769,11770,11770,1
2020-02-17,16:41:05.816000,11769,11770,11770,1
2020-02-17,16:41:14.749000,11769,11770,11769,31
2020-02-17,16:41:14.863000,11768,11769,11768,5
2020-02-17,16:41:14.985000,11768,11769,11768,1
2020-02-17,16:41:14.985000,11768,11769,11768,3
2020-02-17,16:41:14.985000,11768,11769,11768,1
2020-02-17,16:41:17.489000,11767,11768,11767,1
2020-02-17,16:41:17.935000,11767,11768,11767,3
2020-02-17,16:41:17.985000,11767,11768,11767,22
2020-02-17,16:41:18.152000,11766,11768,11767,4
2020-02-17,16:41:18.305000,11766,11767,11766,2
2020-02-17,16:41:18.401000,11766,11767,11766,1
2020-02-17,16:41:18.426000,11766,11767,11766,2
2020-02-17,16:41:18.448000,11766,11767,11766,6
2020-02-17,16:41:18.478000,11766,11767,11766,1
2020-02-17,16:41:18.522000,11766,11767,11766,1
2020-02-17,16:41:18.581000,11766,11767,11766,1
2020-02-17,16:41:20.180000,11766,11767,11766,1
2020-02-17,16:41:20.411000,11766,11767,11766,1
2020-02-17,16:41:20.555000,11766,11767,11766,2
2020-02-17,16:41:21.160000,11766,11767,11766,2
2020-02-17,16:41:21.504000,11766,11767,11766,1
2020-02-17,16:41:21.564000,11766,11767,11766,1
2020-02-17,16:41:21.767000,11765,11767,11765,1
2020-02-17,16:41:22.714000,11765,11766,11766,1
2020-02-17,16:41:23.681000,11766,11767,11766,1
2020-02-17,16:41:25.384000,11765,11767,11765,1
2020-02-17,16:41:26.902000,11765,11766,11765,1
2020-02-17,16:41:27.043000,11765,11766,11765,1
2020-02-17,16:41:28.240000,11765,11766,11765,1
2020-02-17,16:41:29.690000,11765,11766,11766,1
2020-02-17,16:41:30.093000,11765,11766,11765,2
2020-02-17,16:41:30.386000,11765,11766,11766,1
2020-02-17,16:41:31.726000,11765,11766,11765,1
2020-02-17,16:41:32.200000,11765,11766,11766,6
2020-02-17,16:41:32.235000,11765,11766,11766,1
2020-02-17,16:41:32.341000,11765,11766,11765,5
2020-02-17,16:41:32.923000,11766,11767,11766,1
2020-02-17,16:41:33.005000,11766,11767,11766,1
2020-02-17,16:41:36.638000,11766,11767,11766,1
2020-02-17,16:41:38.122000,11766,11767,11766,2
2020-02-17,16:41:39.094000,11766,11767,11766,1
2020-02-17,16:41:39.485000,11766,11767,11766,1
2020-02-17,16:41:39.778000,11766,11767,11766,1
2020-02-17,16:41:43.729000,11766,11767,11766,4
2020-02-17,16:41:45.165000,11766,11767,11766,1
2020-02-17,16:41:46.191000,11766,11767,11766,1
2020-02-17,16:41:47.024000,11766,11767,11766,1
2020-02-17,16:41:49.202000,11766,11767,11766,1
2020-02-17,16:41:50.766000,11766,11767,11766,1
2020-02-17,16:41:51.612000,11766,11767,11767,6
2020-02-17,16:41:52.005000,11767,11768,11767,1
2020-02-17,16:41:55.585000,11766,11767,11767,4
2020-02-17,16:41:56.746000,11767,11768,11767,2
2020-02-17,16:41:56.861000,11766,11767,11767,1
2020-02-17,16:41:58.865000,11766,11768,11766,1
2020-02-17,16:41:59.345000,11766,11768,11766,1
2020-02-17,16:42:10.213000,11766,11767,11767,1
2020-02-17,16:42:10.610000,11767,11768,11767,2
2020-02-17,16:42:12.236000,11766,11767,11767,4
2020-02-17,16:42:13.269000,11767,11768,11767,1
2020-02-17,16:42:16.236000,11766,11767,11766,1
2020-02-17,16:42:19.026000,11767,11768,11767,1
2020-02-17,16:42:19.424000,11766,11768,11766,1
2020-02-17,16:42:19.611000,11766,11767,11767,1
2020-02-17,16:42:19.860000,11767,11768,11767,1
2020-02-17,16:42:37.111000,11767,11768,11768,11
2020-02-17,16:42:39.148000,11768,11769,11768,1
2020-02-17,16:42:39.148000,11768,11769,11767,1
2020-02-17,16:42:47.654000,11767,11768,11768,1
2020-02-17,16:42:47.952000,11768,11769,11768,1
2020-02-17,16:42:57.602000,11768,11769,11769,1
2020-02-17,16:43:01.304000,11768,11769,11769,1
2020-02-17,16:43:04.554000,11768,11769,11769,1
2020-02-17,16:43:04.610000,11768,11769,11769,4
2020-02-17,16:43:22.459000,11769,11770,11769,2
2020-02-17,16:43:35.276000,11769,11770,11770,15
2020-02-17,16:43:35.276000,11769,11770,11770,3
2020-02-17,16:43:35.276000,11769,11770,11770,3
2020-02-17,16:43:36.633000,11770,11771,11771,1
2020-02-17,16:43:37.504000,11770,11771,11770,2
2020-02-17,16:43:54.515000,11770,11771,11770,1
2020-02-17,16:44:02.901000,11770,11771,11771,1
2020-02-17,16:44:05.420000,11770,11771,11771,14
2020-02-17,16:44:08.284000,11771,11772,11772,1
2020-02-17,16:44:13.071000,11771,11772,11772,1
2020-02-17,16:44:16.751000,11771,11772,11772,1
2020-02-17,16:44:19.421000,11771,11772,11771,9
2020-02-17,16:44:21.181000,11770,11771,11771,1
2020-02-17,16:44:27.438000,11770,11771,11771,3
2020-02-17,16:44:28.542000,11771,11772,11771,1
2020-02-17,16:44:29.379000,11771,11772,11771,2
2020-02-17,16:44:35.444000,11770,11771,11771,1
2020-02-17,16:44:35.608000,11770,11771,11771,1
2020-02-17,16:44:36.098000,11770,11771,11771,1
2020-02-17,16:44:53.110000,11770,11771,11771,4
2020-02-17,16:45:02.711000,11770,11771,11770,3
2020-02-17,16:45:02.711000,11770,11771,11770,2
2020-02-17,16:45:02.711000,11770,11771,11770,7
2020-02-17,16:45:09.558000,11769,11770,11770,1
2020-02-17,16:45:11.263000,11769,11770,11770,2
2020-02-17,16:45:15.625000,11769,11770,11770,1
2020-02-17,16:45:28.117000,11769,11770,11770,2
2020-02-17,16:45:32.785000,11769,11770,11769,2
2020-02-17,16:45:33.651000,11769,11770,11770,2
2020-02-17,16:45:59.327000,11769,11770,11769,2
2020-02-17,16:46:00.505000,11769,11770,11770,12
2020-02-17,16:46:00.610000,11770,11771,11770,1
2020-02-17,16:46:00.708000,11770,11771,11770,1
2020-02-17,16:46:02.125000,11770,11771,11770,1
2020-02-17,16:46:03.992000,11770,11771,11770,1
2020-02-17,16:46:14.896000,11770,11771,11771,1
2020-02-17,16:46:16.890000,11770,11771,11770,4
2020-02-17,16:46:31.790000,11770,11771,11771,8
2020-02-17,16:46:31.860000,11770,11771,11771,1
2020-02-17,16:46:32.030000,11771,11772,11771,1
2020-02-17,16:46:58.219000,11771,11772,11772,5
2020-02-17,16:46:58.630000,11771,11772,11771,1
2020-02-17,16:47:06.353000,11771,11772,11772,9
2020-02-17,16:47:08.647000,11772,11773,11772,1
2020-02-17,16:47:10.346000,11772,11773,11773,5
2020-02-17,16:47:10.724000,11772,11773,11772,5
2020-02-17,16:47:10.989000,11772,11773,11773,1
2020-02-17,16:47:16.224000,11772,11773,11773,1
2020-02-17,16:47:16.851000,11772,11773,11773,3
2020-02-17,16:47:21.138000,11772,11773,11773,1
2020-02-17,16:47:24.356000,11772,11773,11773,1
2020-02-17,16:47:26.645000,11772,11773,11773,1
2020-02-17,16:47:32.516000,11772,11773,11773,2
2020-02-17,16:47:32.516000,11772,11773,11773,3
2020-02-17,16:47:38.342000,11772,11773,11773,1
2020-02-17,16:47:38.702000,11772,11773,11773,1
2020-02-17,16:47:41.128000,11773,11774,11773,1
2020-02-17,16:47:44.098000,11772,11773,11773,1
2020-02-17,16:47:44.590000,11772,11773,11773,1
2020-02-17,16:47:46.085000,11772,11773,11773,1
2020-02-17,16:47:47.437000,11772,11773,11773,1
2020-02-17,16:48:07.153000,11773,11774,11774,1
2020-02-17,16:48:07.376000,11773,11774,11774,1
2020-02-17,16:48:07.426000,11773,11774,11774,1
2020-02-17,16:48:07.628000,11773,11774,11773,5
2020-02-17,16:48:07.688000,11773,11774,11774,1
2020-02-17,16:48:08.549000,11772,11774,11774,2
2020-02-17,16:48:09.534000,11773,11774,11774,1
2020-02-17,16:48:13.647000,11773,11774,11773,1
2020-02-17,16:48:18.487000,11773,11774,11774,1
2020-02-17,16:48:22.154000,11773,11774,11774,1
2020-02-17,16:48:27.780000,11773,11774,11774,2
2020-02-17,16:48:32.480000,11773,11774,11774,1
2020-02-17,16:48:33.294000,11773,11774,11774,1
2020-02-17,16:48:33.450000,11773,11774,11774,1
2020-02-17,16:48:34.600000,11773,11774,11774,13
2020-02-17,16:48:34.610000,11774,11775,11774,2
2020-02-17,16:48:36.057000,11774,11775,11774,2
2020-02-17,16:48:37.168000,11773,11774,11774,1
2020-02-17,16:48:44.557000,11773,11774,11774,1
2020-02-17,16:49:00.360000,11773,11774,11774,16
2020-02-17,16:49:04.856000,11773,11775,11775,6
2020-02-17,16:49:04.937000,11773,11775,11775,1
2020-02-17,16:49:11.679000,11774,11775,11774,1
2020-02-17,16:49:13.147000,11773,11775,11774,1
2020-02-17,16:49:17.764000,11773,11774,11774,2
2020-02-17,16:49:22.361000,11774,11775,11774,1
2020-02-17,16:49:33.799000,11774,11775,11774,1
2020-02-17,16:49:37.328000,11773,11774,11774,1
2020-02-17,16:49:43.695000,11773,11775,11773,2
2020-02-17,16:50:10.225000,11773,11774,11774,1
2020-02-17,16:50:10.535000,11773,11774,11774,2
2020-02-17,16:50:10.618000,11773,11774,11773,2
2020-02-17,16:50:10.792000,11773,11774,11773,3
2020-02-17,16:50:10.860000,11773,11774,11773,3
2020-02-17,16:50:12.410000,11772,11773,11772,1
2020-02-17,16:50:14.442000,11772,11773,11772,3
2020-02-17,16:50:49.429000,11773,11774,11773,1
2020-02-17,16:51:20.388000,11773,11774,11774,1
2020-02-17,16:51:49.584000,11773,11774,11774,1
2020-02-17,16:52:12.432000,11773,11774,11774,1
2020-02-17,16:52:12.466000,11773,11774,11774,10
2020-02-17,16:52:12.485000,11773,11774,11774,5
2020-02-17,16:52:14.703000,11774,11775,11774,1
2020-02-17,16:52:20.447000,11774,11775,11774,1
2020-02-17,16:52:29.601000,11774,11775,11775,1
2020-02-17,16:52:35.100000,11774,11775,11775,1
2020-02-17,16:52:36.069000,11774,11775,11775,1
2020-02-17,16:52:36.875000,11774,11775,11774,1
2020-02-17,16:52:36.902000,11774,11775,11775,1
2020-02-17,16:52:37.553000,11774,11775,11775,1
2020-02-17,16:52:40.673000,11774,11775,11775,1
2020-02-17,16:52:41.051000,11774,11775,11775,1
2020-02-17,16:53:02.235000,11774,11775,11775,9
2020-02-17,16:53:02.360000,11774,11775,11775,5
2020-02-17,16:53:02.360000,11774,11775,11775,1
2020-02-17,16:53:30.383000,11775,11776,11776,1
2020-02-17,16:53:33.269000,11775,11776,11776,2
2020-02-17,16:53:37.470000,11775,11776,11776,2
2020-02-17,16:53:59.673000,11775,11776,11776,1
2020-02-17,16:54:00.101000,11775,11776,11776,1
2020-02-17,16:54:17.310000,11775,11776,11775,1
2020-02-17,16:54:21.103000,11775,11776,11775,1
2020-02-17,16:54:22.570000,11775,11776,11775,11
2020-02-17,16:54:22.962000,11774,11775,11775,2
2020-02-17,16:54:31.149000,11774,11775,11775,1
2020-02-17,16:54:31.245000,11774,11775,11774,1
2020-02-17,16:54:35.022000,11774,11775,11774,8
2020-02-17,16:54:35.110000,11774,11775,11774,4
2020-02-17,16:54:36.444000,11773,11774,11774,1
2020-02-17,16:55:10.435000,11773,11774,11773,3
2020-02-17,16:55:10.485000,11773,11774,11773,1
2020-02-17,16:55:10.485000,11773,11774,11773,2
2020-02-17,16:55:10.733000,11772,11773,11772,2
2020-02-17,16:55:22.840000,11772,11773,11773,1
2020-02-17,16:55:47.685000,11772,11773,11772,2
2020-02-17,16:55:47.686000,11772,11773,11772,2
2020-02-17,16:56:04.338000,11771,11772,11771,12
2020-02-17,16:56:05.675000,11770,11771,11771,1
2020-02-17,16:56:16.778000,11770,11771,11771,1
2020-02-17,16:56:17.873000,11770,11771,11771,2
2020-02-17,16:56:26.504000,11771,11772,11771,1
2020-02-17,16:56:31.190000,11770,11771,11771,1
2020-02-17,16:56:33.934000,11770,11771,11771,1
2020-02-17,16:56:35.659000,11770,11771,11771,1
2020-02-17,16:56:42.821000,11770,11771,11770,5
2020-02-17,16:56:50.215000,11770,11771,11770,1
2020-02-17,16:56:53.267000,11770,11771,11770,1
2020-02-17,16:56:53.958000,11770,11771,11770,1
2020-02-17,16:56:55.570000,11770,11771,11770,1
2020-02-17,16:57:09.516000,11770,11771,11771,3
2020-02-17,16:57:13.826000,11770,11771,11771,1
2020-02-17,16:57:21.430000,11770,11771,11771,1
2020-02-17,16:57:56.120000,11770,11771,11771,8
2020-02-17,16:58:01.561000,11770,11772,11770,4
2020-02-17,16:58:05.472000,11771,11772,11771,1
2020-02-17,16:58:12.860000,11770,11771,11771,1
2020-02-17,16:58:21.287000,11771,11772,11771,1
2020-02-17,16:58:29.119000,11771,11772,11771,1
2020-02-17,16:58:43.402000,11771,11772,11771,1
2020-02-17,16:58:43.490000,11770,11771,11770,3
2020-02-17,16:59:03.614000,11770,11771,11770,2
2020-02-17,16:59:03.614000,11770,11771,11770,2
2020-02-17,16:59:03.615000,11770,11771,11770,1
2020-02-17,16:59:03.616000,11770,11771,11770,1
2020-02-17,16:59:03.616000,11770,11771,11770,2
2020-02-17,16:59:03.735000,11770,11771,11770,6
2020-02-17,16:59:03.735000,11770,11771,11770,1
2020-02-17,16:59:03.735000,11770,11771,11770,3
2020-02-17,16:59:03.735000,11770,11771,11770,2
2020-02-17,16:59:03.735000,11770,11771,11770,2
2020-02-17,16:59:03.860000,11770,11771,11770,1
2020-02-17,16:59:11.860000,11769,11770,11770,3
2020-02-17,16:59:12.110000,11770,11771,11770,2
2020-02-17,16:59:12.111000,11770,11771,11770,2
2020-02-17,16:59:12.360000,11770,11771,11770,1
2020-02-17,16:59:12.610000,11769,11770,11770,1
2020-02-17,16:59:15.796000,11770,11771,11770,3
2020-02-17,16:59:15.796000,11770,11771,11769,2
2020-02-17,16:59:15.863000,11769,11771,11769,1
2020-02-17,16:59:22.733000,11769,11770,11769,1
2020-02-17,16:59:26.610000,11769,11770,11770,2
2020-02-17,16:59:27.023000,11770,11771,11770,1
2020-02-17,16:59:27.691000,11770,11771,11771,1
2020-02-17,16:59:32.599000,11770,11771,11770,1
2020-02-17,16:59:34.030000,11770,11771,11771,1
2020-02-17,16:59:44.609000,11770,11771,11771,2
2020-02-17,16:59:53.111000,11770,11771,11771,13
2020-02-17,16:59:55.005000,11771,11772,11771,1
2020-02-17,17:00:00.204000,11770,11771,11770,1
2020-02-17,17:00:00.262000,11770,11771,11770,1
2020-02-17,17:00:00.331000,11770,11771,11770,1
2020-02-17,17:00:00.390000,11770,11771,11770,1
2020-02-17,17:00:01.233000,11770,11771,11770,1
2020-02-17,17:00:01.503000,11770,11771,11770,2
2020-02-17,17:00:01.706000,11770,11771,11770,2
2020-02-17,17:00:01.852000,11770,11771,11771,1
2020-02-17,17:00:02.101000,11770,11771,11771,3
2020-02-17,17:00:02.101000,11770,11771,11772,7
2020-02-17,17:00:02.314000,11771,11772,11771,1
2020-02-17,17:00:02.314000,11771,11772,11770,1
2020-02-17,17:00:02.316000,11771,11772,11770,1
2020-02-17,17:00:02.362000,11770,11772,11770,1
2020-02-17,17:00:02.378000,11770,11772,11772,1
2020-02-17,17:00:04.505000,11771,11772,11771,1
2020-02-17,17:00:06.065000,11770,11772,11770,1
2020-02-17,17:00:06.168000,11770,11772,11770,1
2020-02-17,17:00:06.293000,11770,11772,11770,1
2020-02-17,17:00:06.408000,11770,11772,11770,1
2020-02-17,17:00:06.544000,11770,11772,11770,1
2020-02-17,17:00:06.644000,11770,11772,11770,1
2020-02-17,17:00:11.975000,11770,11771,11771,1
2020-02-17,17:00:15.524000,11770,11771,11771,4
2020-02-17,17:00:24.953000,11770,11771,11770,5
2020-02-17,17:00:24.985000,11770,11771,11770,5
2020-02-17,17:00:31.555000,11769,11770,11770,1
2020-02-17,17:00:37.706000,11770,11771,11770,1
2020-02-17,17:00:38.283000,11769,11771,11769,1
2020-02-17,17:00:49.248000,11770,11771,11770,5
2020-02-17,17:00:49.735000,11770,11771,11770,1
2020-02-17,17:00:50.320000,11770,11771,11770,1
2020-02-17,17:00:56.321000,11770,11771,11770,1
2020-02-17,17:01:05.953000,11770,11771,11770,1
2020-02-17,17:01:15.380000,11769,11770,11770,2
2020-02-17,17:01:26.705000,11769,11770,11770,3
2020-02-17,17:01:27.726000,11769,11770,11769,1
2020-02-17,17:01:58.902000,11769,11770,11769,2
2020-02-17,17:01:58.903000,11769,11770,11769,3
2020-02-17,17:01:58.903000,11769,11770,11769,11
2020-02-17,17:01:58.903000,11769,11770,11769,1
2020-02-17,17:01:58.984000,11769,11770,11769,4
2020-02-17,17:01:58.985000,11769,11770,11769,12
2020-02-17,17:01:58.985000,11769,11770,11769,2
2020-02-17,17:01:58.985000,11769,11770,11769,16
2020-02-17,17:01:58.985000,11769,11770,11769,4
2020-02-17,17:01:58.985000,11769,11770,11769,9
2020-02-17,17:01:58.985000,11769,11770,11769,1
2020-02-17,17:01:58.985000,11769,11770,11769,3
2020-02-17,17:01:58.985000,11769,11770,11769,1
2020-02-17,17:01:58.985000,11769,11770,11769,4
2020-02-17,17:01:59,11769,11770,11769,1
2020-02-17,17:01:59.001000,11769,11770,11769,2
2020-02-17,17:01:59.001000,11769,11770,11769,7
2020-02-17,17:01:59.001000,11769,11770,11769,2
2020-02-17,17:01:59.001000,11769,11770,11769,3
2020-02-17,17:01:59.360000,11768,11769,11768,1
2020-02-17,17:01:59.737000,11768,11769,11768,1
2020-02-17,17:01:59.769000,11768,11769,11769,1
2020-02-17,17:02:04.571000,11768,11769,11768,2
2020-02-17,17:02:04.695000,11768,11769,11768,1
2020-02-17,17:02:07.385000,11768,11769,11768,1
2020-02-17,17:02:14.519000,11767,11768,11768,1
2020-02-17,17:02:14.843000,11768,11769,11768,1
2020-02-17,17:02:14.977000,11768,11769,11768,2
2020-02-17,17:02:31.335000,11768,11769,11769,1
2020-02-17,17:02:35.161000,11768,11769,11769,5
