2022-08-17 15:00:00.069,15368,15369,15368,88,-88
2022-08-17 15:00:00.070,15367,15368,15368,1,1
2022-08-17 15:00:00.205,15367,15368,15368,1,1
2022-08-17 15:00:00.206,15367,15368,15368,1,1
2022-08-17 15:00:00.281,15367,15368,15367,2,-2
2022-08-17 15:00:00.297,15367,15368,15368,1,1
2022-08-17 15:00:00.297,15367,15368,15369,1,1
2022-08-17 15:00:00.310,15367,15369,15367,1,-1
2022-08-17 15:00:00.328,15367,15369,15366,4,-4
2022-08-17 15:00:00.336,15367,15369,15368,1,-1
2022-08-17 15:00:00.336,15367,15369,15369,1,1
2022-08-17 15:00:00.369,15367,15369,15369,1,1
2022-08-17 15:00:00.374,15367,15369,15366,4,-4
2022-08-17 15:00:00.377,15367,15369,15368,1,-1
2022-08-17 15:00:00.381,15367,15369,15369,1,1
2022-08-17 15:00:00.390,15367,15369,15369,2,2
2022-08-17 15:00:00.390,15367,15369,15370,1,1
2022-08-17 15:00:00.394,15367,15369,15366,1,-1
2022-08-17 15:00:00.408,15367,15369,15370,1,1
2022-08-17 15:00:00.412,15367,15369,15370,1,1
2022-08-17 15:00:00.432,15368,15370,15369,1,1
2022-08-17 15:00:00.432,15368,15370,15370,1,1
2022-08-17 15:00:00.435,15368,15370,15367,1,-1
2022-08-17 15:00:00.435,15368,15370,15366,2,-2
2022-08-17 15:00:00.455,15368,15370,15369,1,-1
2022-08-17 15:00:00.470,15368,15370,15367,1,-1
2022-08-17 15:00:00.470,15368,15370,15366,1,-1
2022-08-17 15:00:00.478,15368,15370,15366,4,-4
2022-08-17 15:00:00.482,15368,15370,15366,1,-1
2022-08-17 15:00:00.497,15368,15370,15368,1,-1
2022-08-17 15:00:00.516,15368,15370,15365,2,-2
2022-08-17 15:00:00.538,15368,15370,15368,1,-1
2022-08-17 15:00:00.539,15368,15370,15369,1,-1
2022-08-17 15:00:00.543,15368,15370,15369,4,-4
2022-08-17 15:00:00.543,15368,15370,15370,1,1
2022-08-17 15:00:00.547,15368,15370,15369,1,1
2022-08-17 15:00:00.577,15367,15369,15368,2,2
2022-08-17 15:00:00.612,15367,15369,15368,2,2
2022-08-17 15:00:00.613,15367,15369,15369,1,1
2022-08-17 15:00:00.624,15367,15369,15368,1,1
2022-08-17 15:00:00.624,15367,15369,15367,1,-1
2022-08-17 15:00:00.646,15367,15369,15367,1,-1
2022-08-17 15:00:00.651,15367,15369,15366,1,-1
2022-08-17 15:00:00.651,15367,15369,15365,1,-1
2022-08-17 15:00:00.652,15367,15369,15368,3,-3
2022-08-17 15:00:00.797,15366,15369,15365,1,-1
2022-08-17 15:00:00.817,15365,15367,15365,1,-1
2022-08-17 15:00:00.871,15365,15367,15365,1,-1
2022-08-17 15:00:00.877,15365,15367,15367,1,1
2022-08-17 15:00:00.892,15365,15367,15368,1,1
2022-08-17 15:00:00.908,15365,15367,15368,1,1
2022-08-17 15:00:00.908,15365,15367,15368,1,1
2022-08-17 15:00:00.921,15365,15367,15369,2,2
2022-08-17 15:00:00.931,15368,15369,15368,1,-1
2022-08-17 15:00:00.932,15368,15369,15368,1,-1
2022-08-17 15:00:00.941,15368,15369,15367,1,-1
2022-08-17 15:00:00.983,15368,15369,15368,1,-1
2022-08-17 15:00:01.090,15366,15368,15366,2,-2
2022-08-17 15:00:01.091,15366,15368,15368,1,1
2022-08-17 15:00:01.193,15365,15369,15366,1,-1
2022-08-17 15:00:01.193,15365,15369,15365,2,-2
2022-08-17 15:00:01.194,15365,15369,15368,1,1
2022-08-17 15:00:01.336,15366,15368,15366,1,-1
2022-08-17 15:00:01.336,15366,15368,15368,2,2
2022-08-17 15:00:01.455,15366,15368,15368,1,1
2022-08-17 15:00:01.462,15366,15368,15369,1,1
2022-08-17 15:00:01.493,15366,15368,15369,1,1
2022-08-17 15:00:01.866,15367,15369,15368,1,1
2022-08-17 15:00:02.107,15366,15369,15369,2,2
2022-08-17 15:00:02.282,15366,15370,15366,2,-2
2022-08-17 15:00:02.341,15366,15369,15366,2,-2
2022-08-17 15:00:02.842,15366,15369,15366,1,-1
2022-08-17 15:00:02.842,15366,15369,15366,1,-1
2022-08-17 15:00:02.975,15366,15369,15369,1,1
2022-08-17 15:00:03.481,15366,15369,15367,1,-1
2022-08-17 15:00:03.869,15366,15368,15366,1,-1
2022-08-17 15:00:03.869,15366,15368,15366,6,-6
2022-08-17 15:00:04.541,15365,15367,15366,1,-1
2022-08-17 15:00:04.542,15365,15367,15367,2,2
2022-08-17 15:00:04.581,15365,15368,15368,3,3
2022-08-17 15:00:04.675,15367,15369,15368,2,2
2022-08-17 15:00:04.677,15367,15369,15369,3,3
2022-08-17 15:00:04.729,15367,15369,15367,5,-5
2022-08-17 15:00:04.769,15367,15369,15369,1,1
2022-08-17 15:00:04.865,15366,15369,15366,2,-2
2022-08-17 15:00:05.893,15366,15368,15366,2,-2
2022-08-17 15:00:06.057,15366,15368,15366,1,-1
2022-08-17 15:00:06.145,15366,15368,15366,1,-1
2022-08-17 15:00:06.405,15366,15368,15366,1,-1
2022-08-17 15:00:06.662,15366,15368,15366,1,-1
2022-08-17 15:00:06.999,15366,15367,15366,1,-1
2022-08-17 15:00:07.000,15366,15367,15366,8,-8
2022-08-17 15:00:07.140,15365,15367,15367,1,1
2022-08-17 15:00:08.061,15366,15367,15367,1,1
2022-08-17 15:00:08.092,15366,15367,15366,3,-3
2022-08-17 15:00:08.092,15366,15367,15365,2,-2
2022-08-17 15:00:08.209,15365,15367,15367,1,1
2022-08-17 15:00:09.118,15366,15368,15366,1,-1
2022-08-17 15:00:09.959,15367,15368,15367,1,-1
2022-08-17 15:00:10.378,15366,15368,15366,3,-3
2022-08-17 15:00:11.016,15366,15367,15366,2,-2
2022-08-17 15:00:11.434,15366,15367,15367,1,1
2022-08-17 15:00:11.434,15366,15367,15368,1,1
2022-08-17 15:00:12.233,15367,15368,15367,1,-1
2022-08-17 15:00:12.596,15367,15369,15367,1,-1
2022-08-17 15:00:13.158,15367,15369,15368,1,-1
2022-08-17 15:00:13.169,15367,15369,15368,1,-1
2022-08-17 15:00:13.341,15367,15368,15368,2,2
2022-08-17 15:00:13.341,15367,15368,15368,1,1
2022-08-17 15:00:14.416,15367,15369,15368,1,1
2022-08-17 15:00:14.537,15368,15369,15368,1,-1
2022-08-17 15:00:14.591,15368,15369,15369,1,1
2022-08-17 15:00:15.051,15368,15369,15369,1,1
2022-08-17 15:00:15.177,15368,15369,15368,1,-1
2022-08-17 15:00:15.507,15368,15369,15368,1,-1
2022-08-17 15:00:15.508,15368,15369,15367,11,-11
2022-08-17 15:00:15.509,15368,15369,15366,8,-8
2022-08-17 15:00:15.531,15368,15369,15367,1,-1
2022-08-17 15:00:15.707,15365,15366,15365,3,-3
2022-08-17 15:00:15.707,15365,15366,15365,2,-2
2022-08-17 15:00:15.716,15365,15366,15366,1,1
2022-08-17 15:00:15.872,15364,15366,15364,1,-1
2022-08-17 15:00:15.882,15364,15366,15364,1,-1
2022-08-17 15:00:15.896,15364,15366,15364,1,-1
2022-08-17 15:00:15.905,15364,15366,15364,1,-1
2022-08-17 15:00:15.999,15363,15365,15363,2,-2
2022-08-17 15:00:16.010,15363,15365,15365,1,1
2022-08-17 15:00:16.010,15363,15365,15366,2,2
2022-08-17 15:00:16.011,15363,15365,15364,1,1
2022-08-17 15:00:16.012,15363,15365,15364,3,3
2022-08-17 15:00:16.042,15363,15365,15363,2,-2
2022-08-17 15:00:16.070,15363,15365,15363,2,-2
2022-08-17 15:00:16.082,15363,15365,15363,1,-1
2022-08-17 15:00:16.240,15363,15366,15363,1,-1
2022-08-17 15:00:16.489,15363,15365,15363,1,-1
2022-08-17 15:00:16.795,15363,15365,15363,1,-1
2022-08-17 15:00:16.861,15363,15365,15363,1,-1
2022-08-17 15:00:16.861,15363,15365,15362,3,-3
2022-08-17 15:00:16.909,15363,15365,15364,1,-1
2022-08-17 15:00:16.909,15363,15365,15365,2,2
2022-08-17 15:00:17.138,15363,15365,15365,1,1
2022-08-17 15:00:17.391,15363,15366,15363,1,-1
2022-08-17 15:00:17.563,15363,15366,15364,1,-1
2022-08-17 15:00:17.652,15363,15366,15364,1,-1
2022-08-17 15:00:17.875,15364,15366,15364,1,-1
2022-08-17 15:00:18.115,15364,15366,15364,1,-1
2022-08-17 15:00:20.433,15363,15366,15363,2,-2
2022-08-17 15:00:21.127,15363,15366,15366,1,1
2022-08-17 15:00:22.239,15364,15366,15364,5,-5
2022-08-17 15:00:23.404,15364,15365,15364,2,-2
2022-08-17 15:00:25.117,15364,15366,15364,1,-1
2022-08-17 15:00:25.673,15364,15366,15364,2,-2
2022-08-17 15:00:27.210,15365,15366,15365,1,-1
2022-08-17 15:00:27.275,15365,15366,15366,1,1
2022-08-17 15:00:27.521,15365,15366,15365,1,-1
2022-08-17 15:00:28.308,15365,15366,15365,1,-1
2022-08-17 15:00:28.308,15365,15366,15364,6,-6
2022-08-17 15:00:30.281,15365,15366,15366,2,2
2022-08-17 15:00:30.281,15365,15366,15367,1,1
2022-08-17 15:00:31.038,15366,15367,15366,1,-1
2022-08-17 15:00:31.038,15366,15367,15365,2,-2
2022-08-17 15:00:31.278,15365,15367,15367,1,1
2022-08-17 15:00:31.534,15366,15367,15366,2,-2
2022-08-17 15:00:31.635,15366,15367,15366,1,-1
2022-08-17 15:00:31.706,15366,15367,15367,1,1
2022-08-17 15:00:31.706,15366,15367,15367,1,1
2022-08-17 15:00:31.706,15366,15367,15367,3,3
2022-08-17 15:00:32.081,15366,15368,15368,1,1
2022-08-17 15:00:32.316,15367,15368,15368,1,1
2022-08-17 15:00:32.366,15367,15368,15367,1,-1
2022-08-17 15:00:32.478,15367,15368,15367,1,-1
2022-08-17 15:00:32.479,15367,15368,15367,1,-1
2022-08-17 15:00:32.495,15367,15368,15367,1,-1
2022-08-17 15:00:32.496,15367,15368,15366,1,-1
2022-08-17 15:00:32.503,15367,15368,15367,2,-2
2022-08-17 15:00:32.552,15367,15368,15367,1,-1
2022-08-17 15:00:33.765,15366,15367,15367,3,3
2022-08-17 15:00:34.388,15366,15367,15367,4,4
2022-08-17 15:00:34.658,15367,15368,15367,1,-1
2022-08-17 15:00:34.663,15367,15368,15367,1,-1
2022-08-17 15:00:34.719,15366,15368,15367,1,-1
2022-08-17 15:00:34.719,15366,15368,15368,2,2
2022-08-17 15:00:34.753,15366,15368,15366,2,-2
2022-08-17 15:00:35.477,15366,15368,15368,2,2
2022-08-17 15:00:35.903,15366,15369,15369,3,3
2022-08-17 15:00:35.943,15366,15369,15367,1,-1
2022-08-17 15:00:38.158,15367,15368,15367,2,-2
2022-08-17 15:00:38.586,15366,15367,15366,1,-1
2022-08-17 15:00:38.689,15365,15367,15367,2,2
2022-08-17 15:00:39.989,15366,15367,15367,8,8
2022-08-17 15:00:40.190,15366,15367,15366,2,-2
2022-08-17 15:00:40.639,15366,15367,15367,1,1
2022-08-17 15:00:42.137,15366,15367,15366,1,-1
2022-08-17 15:00:42.326,15366,15367,15367,1,1
2022-08-17 15:00:42.446,15366,15367,15367,1,1
2022-08-17 15:00:42.446,15366,15367,15367,1,1
2022-08-17 15:00:42.610,15366,15367,15366,2,-2
2022-08-17 15:00:42.750,15366,15367,15367,1,1
2022-08-17 15:00:42.750,15366,15367,15368,2,2
2022-08-17 15:00:42.975,15367,15368,15367,1,-1
2022-08-17 15:00:43.629,15366,15367,15366,1,-1
2022-08-17 15:00:45.738,15366,15367,15366,2,-2
2022-08-17 15:00:45.979,15365,15366,15366,3,3
2022-08-17 15:00:47.149,15365,15366,15366,1,1
2022-08-17 15:00:47.150,15365,15366,15366,1,1
2022-08-17 15:00:47.298,15365,15367,15365,1,-1
2022-08-17 15:00:48.769,15366,15367,15367,1,1
2022-08-17 15:00:49.322,15366,15367,15367,1,1
2022-08-17 15:00:49.877,15366,15367,15367,3,3
2022-08-17 15:00:49.877,15366,15367,15368,2,2
2022-08-17 15:00:50.138,15367,15368,15367,1,-1
2022-08-17 15:00:50.875,15367,15368,15368,2,2
2022-08-17 15:00:50.875,15367,15368,15369,1,1
2022-08-17 15:00:51.133,15367,15369,15367,1,-1
2022-08-17 15:00:51.299,15367,15368,15368,1,1
2022-08-17 15:00:51.767,15367,15368,15368,3,3
2022-08-17 15:00:54.094,15367,15369,15367,1,-1
2022-08-17 15:00:54.808,15368,15369,15369,1,1
2022-08-17 15:00:55.743,15368,15369,15368,1,-1
2022-08-17 15:00:56.169,15368,15369,15368,1,-1
2022-08-17 15:00:56.169,15368,15369,15367,1,-1
2022-08-17 15:00:59.045,15367,15368,15367,1,-1
2022-08-17 15:00:59.910,15367,15368,15367,1,-1
2022-08-17 15:01:00.052,15367,15368,15367,5,-5
2022-08-17 15:01:00.065,15367,15368,15366,1,-1
2022-08-17 15:01:00.088,15367,15368,15366,1,-1
2022-08-17 15:01:00.127,15367,15368,15366,1,-1
2022-08-17 15:01:00.133,15367,15368,15366,1,-1
2022-08-17 15:01:00.145,15367,15368,15366,1,-1
2022-08-17 15:01:00.157,15367,15368,15367,1,-1
2022-08-17 15:01:00.157,15367,15368,15368,1,1
2022-08-17 15:01:00.175,15366,15367,15366,2,-2
2022-08-17 15:01:00.326,15366,15367,15367,1,1
2022-08-17 15:01:00.365,15366,15367,15366,1,-1
2022-08-17 15:01:00.531,15366,15367,15367,1,1
2022-08-17 15:01:00.531,15366,15367,15366,4,-4
2022-08-17 15:01:00.567,15366,15367,15366,1,-1
2022-08-17 15:01:00.567,15366,15367,15367,1,1
2022-08-17 15:01:00.596,15366,15367,15367,1,1
2022-08-17 15:01:00.912,15366,15367,15367,2,2
2022-08-17 15:01:00.912,15366,15367,15368,1,1
2022-08-17 15:01:00.922,15366,15367,15367,1,1
2022-08-17 15:01:01.082,15367,15368,15368,3,3
2022-08-17 15:01:01.083,15367,15368,15368,2,2
2022-08-17 15:01:01.083,15367,15368,15369,1,1
2022-08-17 15:01:01.161,15367,15368,15368,1,1
2022-08-17 15:01:01.506,15368,15369,15368,1,-1
2022-08-17 15:01:01.516,15368,15369,15368,2,-2
2022-08-17 15:01:01.986,15367,15369,15367,3,-3
2022-08-17 15:01:02.083,15367,15368,15368,2,2
2022-08-17 15:01:02.083,15367,15368,15368,3,3
2022-08-17 15:01:02.433,15367,15368,15368,2,2
2022-08-17 15:01:03.082,15367,15368,15368,4,4
2022-08-17 15:01:03.271,15367,15368,15368,3,3
2022-08-17 15:01:04.082,15367,15368,15368,1,1
2022-08-17 15:01:04.083,15367,15368,15369,2,2
2022-08-17 15:01:04.084,15367,15368,15369,4,4
2022-08-17 15:01:04.376,15368,15369,15368,3,-3
2022-08-17 15:01:05.063,15367,15368,15368,2,2
2022-08-17 15:01:06.213,15367,15368,15367,1,-1
2022-08-17 15:01:06.669,15367,15369,15367,1,-1
2022-08-17 15:01:08.087,15367,15369,15369,6,6
2022-08-17 15:01:08.226,15368,15369,15368,2,-2
2022-08-17 15:01:08.382,15367,15369,15368,2,-2
2022-08-17 15:01:08.382,15367,15369,15367,11,-11
2022-08-17 15:01:09.082,15366,15368,15368,3,3
2022-08-17 15:01:09.083,15366,15368,15369,1,1
2022-08-17 15:01:10.082,15367,15369,15369,2,2
2022-08-17 15:01:11.082,15367,15369,15369,3,3
2022-08-17 15:01:11.102,15367,15369,15367,1,-1
2022-08-17 15:01:11.110,15367,15369,15367,1,-1
2022-08-17 15:01:11.118,15367,15369,15367,1,-1
2022-08-17 15:01:12.083,15367,15369,15369,1,1
2022-08-17 15:01:12.083,15367,15369,15369,4,4
2022-08-17 15:01:12.085,15367,15369,15369,1,1
2022-08-17 15:01:13.082,15368,15369,15369,1,1
2022-08-17 15:01:13.083,15368,15369,15369,1,1
2022-08-17 15:01:13.083,15368,15369,15370,4,4
2022-08-17 15:01:13.962,15369,15370,15369,1,-1
2022-08-17 15:01:14.008,15369,15370,15370,1,1
2022-08-17 15:01:14.082,15369,15370,15370,3,3
2022-08-17 15:01:14.082,15369,15370,15370,1,1
2022-08-17 15:01:14.082,15369,15370,15370,1,1
2022-08-17 15:01:14.082,15369,15370,15370,7,7
2022-08-17 15:01:14.319,15370,15371,15370,1,-1
2022-08-17 15:01:14.632,15369,15370,15369,1,-1
2022-08-17 15:01:15.082,15368,15370,15370,3,3
2022-08-17 15:01:16.180,15369,15370,15369,1,-1
2022-08-17 15:01:16.286,15369,15370,15368,7,-7
2022-08-17 15:01:16.286,15369,15370,15367,3,-3
2022-08-17 15:01:16.330,15367,15370,15367,1,-1
2022-08-17 15:01:16.334,15367,15370,15367,4,-4
2022-08-17 15:01:16.760,15368,15370,15368,1,-1
2022-08-17 15:01:17.082,15367,15369,15369,1,1
2022-08-17 15:01:17.082,15367,15369,15370,3,3
2022-08-17 15:01:18.082,15368,15370,15370,3,3
2022-08-17 15:01:18.147,15368,15370,15370,1,1
2022-08-17 15:01:19.082,15368,15370,15370,1,1
2022-08-17 15:01:19.082,15368,15370,15370,3,3
2022-08-17 15:01:19.894,15369,15371,15370,1,1
2022-08-17 15:01:20.082,15369,15371,15371,1,1
2022-08-17 15:01:20.094,15369,15371,15371,5,5
2022-08-17 15:01:20.511,15370,15371,15370,1,-1
2022-08-17 15:01:20.518,15370,15371,15370,1,-1
2022-08-17 15:01:21.082,15370,15371,15371,2,2
2022-08-17 15:01:21.082,15370,15371,15371,1,1
2022-08-17 15:01:21.082,15370,15371,15371,11,11
2022-08-17 15:01:21.094,15370,15371,15371,1,1
2022-08-17 15:01:21.122,15370,15371,15371,3,3
2022-08-17 15:01:21.123,15370,15371,15370,1,-1
2022-08-17 15:01:21.376,15370,15372,15370,1,-1
2022-08-17 15:01:22.082,15369,15372,15372,2,2
2022-08-17 15:01:23.922,15370,15372,15372,2,2
2022-08-17 15:01:23.980,15370,15372,15370,2,-2
2022-08-17 15:01:24.083,15369,15371,15371,2,2
2022-08-17 15:01:24.083,15369,15371,15372,2,2
2022-08-17 15:01:24.083,15369,15371,15372,3,3
2022-08-17 15:01:25.082,15370,15372,15371,1,1
2022-08-17 15:01:25.083,15370,15372,15372,2,2
2022-08-17 15:01:25.083,15370,15372,15372,2,2
2022-08-17 15:01:25.222,15370,15372,15372,1,1
2022-08-17 15:01:25.263,15370,15372,15372,1,1
2022-08-17 15:01:25.419,15371,15372,15371,1,-1
2022-08-17 15:01:25.423,15371,15372,15371,1,-1
2022-08-17 15:01:25.703,15369,15371,15370,9,-9
2022-08-17 15:01:26.065,15369,15370,15370,1,1
2022-08-17 15:01:26.082,15369,15370,15371,3,3
2022-08-17 15:01:26.847,15370,15372,15372,1,1
2022-08-17 15:01:27.082,15370,15372,15372,4,4
2022-08-17 15:01:27.082,15370,15372,15373,3,3
2022-08-17 15:01:27.082,15370,15372,15373,3,3
2022-08-17 15:01:27.083,15370,15372,15373,4,4
2022-08-17 15:01:27.083,15370,15372,15374,2,2
2022-08-17 15:01:27.314,15372,15373,15372,2,-2
2022-08-17 15:01:28.083,15370,15371,15371,1,1
2022-08-17 15:01:28.083,15370,15371,15372,2,2
2022-08-17 15:01:28.083,15370,15371,15372,3,3
2022-08-17 15:01:28.275,15371,15372,15371,1,-1
2022-08-17 15:01:28.730,15370,15371,15371,1,1
2022-08-17 15:01:29.082,15370,15371,15371,2,2
2022-08-17 15:01:29.082,15370,15371,15371,1,1
2022-08-17 15:01:29.168,15370,15371,15371,1,1
2022-08-17 15:01:30.083,15371,15372,15372,1,1
2022-08-17 15:01:31.635,15371,15372,15372,1,1
2022-08-17 15:01:32.508,15371,15372,15371,1,-1
2022-08-17 15:01:33.215,15371,15372,15371,3,-3
2022-08-17 15:01:33.226,15371,15372,15371,2,-2
2022-08-17 15:01:33.255,15371,15372,15370,1,-1
2022-08-17 15:01:33.400,15370,15371,15371,2,2
2022-08-17 15:01:33.400,15370,15371,15372,1,1
2022-08-17 15:01:33.476,15370,15372,15372,1,1
2022-08-17 15:01:34.083,15370,15372,15372,3,3
2022-08-17 15:01:35.082,15370,15372,15372,4,4
2022-08-17 15:01:35.083,15370,15372,15372,2,2
2022-08-17 15:01:35.466,15371,15373,15372,1,1
2022-08-17 15:01:36.084,15371,15372,15371,1,-1
2022-08-17 15:01:37.084,15371,15372,15372,1,1
2022-08-17 15:01:37.445,15371,15373,15373,4,4
2022-08-17 15:01:37.591,15372,15373,15372,1,-1
2022-08-17 15:01:37.591,15372,15373,15371,2,-2
2022-08-17 15:01:37.946,15371,15373,15373,2,2
2022-08-17 15:01:38.026,15371,15373,15372,1,1
2022-08-17 15:01:38.084,15371,15374,15374,1,1
2022-08-17 15:01:39.082,15372,15373,15373,2,2
2022-08-17 15:01:39.082,15372,15373,15374,1,1
2022-08-17 15:01:39.725,15372,15373,15372,1,-1
2022-08-17 15:01:40.088,15372,15373,15373,1,1
2022-08-17 15:01:40.088,15372,15373,15374,5,5
2022-08-17 15:01:40.283,15373,15374,15373,2,-2
2022-08-17 15:01:40.386,15372,15374,15372,1,-1
2022-08-17 15:01:40.390,15372,15374,15372,1,-1
2022-08-17 15:01:40.410,15372,15374,15372,1,-1
2022-08-17 15:01:40.868,15371,15372,15372,1,1
2022-08-17 15:01:41.880,15371,15372,15372,1,1
2022-08-17 15:01:42.083,15371,15373,15373,2,2
2022-08-17 15:01:42.595,15371,15374,15374,1,1
2022-08-17 15:01:43.082,15371,15374,15374,1,1
2022-08-17 15:01:43.082,15371,15374,15374,1,1
2022-08-17 15:01:43.082,15371,15374,15374,3,3
2022-08-17 15:01:43.083,15371,15374,15374,5,5
2022-08-17 15:01:43.083,15371,15374,15374,2,2
2022-08-17 15:01:43.083,15371,15374,15375,1,1
2022-08-17 15:01:43.221,15373,15375,15375,1,1
2022-08-17 15:01:46.083,15374,15375,15375,3,3
2022-08-17 15:01:46.189,15374,15375,15375,4,4
2022-08-17 15:01:47.556,15374,15375,15374,1,-1
2022-08-17 15:01:48.082,15374,15375,15375,1,1
2022-08-17 15:01:48.082,15374,15375,15375,3,3
2022-08-17 15:01:49.083,15374,15375,15375,3,3
2022-08-17 15:01:49.083,15374,15375,15376,1,1
2022-08-17 15:01:49.784,15374,15376,15376,1,1
2022-08-17 15:01:49.803,15375,15376,15375,1,-1
2022-08-17 15:01:49.818,15375,15376,15374,12,-12
2022-08-17 15:01:49.861,15375,15376,15373,1,-1
2022-08-17 15:01:49.861,15375,15376,15373,1,-1
2022-08-17 15:01:50.031,15372,15373,15373,1,1
2022-08-17 15:01:50.031,15372,15373,15374,3,3
2022-08-17 15:01:50.082,15372,15375,15375,1,1
2022-08-17 15:01:50.083,15372,15375,15374,2,2
2022-08-17 15:01:50.083,15372,15375,15375,1,1
2022-08-17 15:01:50.120,15372,15375,15373,1,-1
2022-08-17 15:01:50.247,15372,15375,15375,1,1
2022-08-17 15:01:50.600,15373,15375,15374,1,1
2022-08-17 15:01:50.895,15373,15375,15373,1,-1
2022-08-17 15:01:50.914,15373,15375,15374,2,-2
2022-08-17 15:01:51.082,15372,15375,15375,6,6
2022-08-17 15:01:51.082,15372,15375,15376,1,1
2022-08-17 15:01:51.082,15372,15375,15376,3,3
2022-08-17 15:01:51.083,15372,15375,15375,1,1
2022-08-17 15:01:51.083,15372,15375,15376,3,3
2022-08-17 15:01:51.084,15372,15375,15376,1,1
2022-08-17 15:01:51.085,15372,15375,15375,1,1
2022-08-17 15:01:52.525,15374,15376,15376,1,1
2022-08-17 15:01:52.726,15374,15375,15374,4,-4
2022-08-17 15:01:53.083,15373,15375,15374,1,-1
2022-08-17 15:01:53.083,15373,15375,15375,1,1
2022-08-17 15:01:53.083,15373,15375,15375,1,1
2022-08-17 15:01:53.276,15373,15375,15373,1,-1
2022-08-17 15:01:53.720,15372,15375,15375,2,2
2022-08-17 15:01:53.777,15372,15375,15373,1,-1
2022-08-17 15:01:54.084,15373,15375,15375,1,1
2022-08-17 15:01:54.475,15373,15375,15373,1,-1
2022-08-17 15:01:54.483,15373,15375,15374,1,-1
2022-08-17 15:01:54.724,15372,15374,15373,1,-1
2022-08-17 15:01:55.502,15373,15374,15374,1,1
2022-08-17 15:01:55.502,15373,15374,15374,1,1
2022-08-17 15:01:56.305,15373,15375,15373,1,-1
2022-08-17 15:01:56.545,15373,15375,15373,1,-1
2022-08-17 15:01:56.957,15372,15374,15373,1,-1
2022-08-17 15:01:58.879,15372,15374,15374,1,1
2022-08-17 15:01:59.082,15372,15374,15374,3,3
2022-08-17 15:01:59.084,15372,15374,15373,1,1
2022-08-17 15:01:59.084,15372,15374,15374,1,1
2022-08-17 15:01:59.084,15372,15374,15375,2,2
2022-08-17 15:01:59.084,15372,15374,15373,1,1
2022-08-17 15:02:00.139,15372,15374,15372,2,-2
2022-08-17 15:02:00.355,15372,15374,15372,2,-2
2022-08-17 15:02:00.366,15372,15374,15372,2,-2
2022-08-17 15:02:00.376,15372,15374,15372,1,-1
2022-08-17 15:02:01.123,15372,15374,15372,1,-1
2022-08-17 15:02:01.234,15371,15374,15372,1,-1
2022-08-17 15:02:01.259,15371,15374,15371,1,-1
2022-08-17 15:02:01.359,15371,15374,15371,1,-1
2022-08-17 15:02:01.485,15371,15374,15371,1,-1
2022-08-17 15:02:01.635,15371,15374,15371,1,-1
2022-08-17 15:02:01.760,15371,15374,15371,1,-1
2022-08-17 15:02:02.029,15371,15374,15371,4,-4
2022-08-17 15:02:02.029,15371,15374,15371,6,-6
2022-08-17 15:02:02.283,15370,15372,15370,1,-1
2022-08-17 15:02:02.571,15370,15372,15370,1,-1
2022-08-17 15:02:02.810,15370,15372,15370,1,-1
2022-08-17 15:02:03.150,15370,15372,15371,1,-1
2022-08-17 15:02:03.434,15371,15372,15371,2,-2
2022-08-17 15:02:03.434,15371,15372,15371,1,-1
2022-08-17 15:02:05.331,15371,15373,15371,1,-1
2022-08-17 15:02:06.219,15372,15374,15372,1,-1
2022-08-17 15:02:06.743,15372,15374,15372,1,-1
2022-08-17 15:02:06.744,15372,15374,15371,8,-8
2022-08-17 15:02:06.812,15370,15372,15370,1,-1
2022-08-17 15:02:06.995,15370,15372,15370,1,-1
2022-08-17 15:02:07.082,15370,15372,15372,1,1
2022-08-17 15:02:10.084,15371,15373,15371,1,-1
2022-08-17 15:02:11.083,15371,15372,15371,1,-1
2022-08-17 15:02:12.084,15371,15372,15372,1,1
2022-08-17 15:02:12.089,15371,15372,15372,3,3
2022-08-17 15:02:12.089,15371,15372,15373,3,3
2022-08-17 15:02:13.083,15371,15373,15373,1,1
2022-08-17 15:02:13.084,15371,15373,15373,5,5
2022-08-17 15:02:13.084,15371,15373,15371,1,-1
2022-08-17 15:02:14.084,15372,15373,15373,2,2
2022-08-17 15:02:14.084,15372,15373,15373,1,1
2022-08-17 15:02:14.084,15372,15373,15374,1,1
2022-08-17 15:02:15.082,15372,15374,15374,1,1
2022-08-17 15:02:15.083,15372,15374,15374,2,2
2022-08-17 15:02:15.796,15372,15374,15372,3,-3
2022-08-17 15:02:18.854,15372,15374,15374,1,1
2022-08-17 15:02:20.085,15372,15374,15372,1,-1
2022-08-17 15:02:21.170,15372,15374,15372,1,-1
2022-08-17 15:02:22.082,15372,15373,15372,1,-1
2022-08-17 15:02:22.083,15372,15373,15373,1,1
2022-08-17 15:02:22.083,15372,15373,15374,1,1
2022-08-17 15:02:24.085,15372,15374,15374,1,1
2022-08-17 15:02:25.083,15372,15374,15374,1,1
2022-08-17 15:02:29.106,15373,15374,15373,1,-1
2022-08-17 15:02:30.194,15373,15374,15374,2,2
2022-08-17 15:02:31.083,15373,15374,15374,1,1
2022-08-17 15:02:32.083,15373,15374,15374,3,3
2022-08-17 15:02:32.203,15373,15374,15374,4,4
2022-08-17 15:02:32.582,15373,15375,15375,2,2
2022-08-17 15:02:33.085,15373,15374,15374,1,1
2022-08-17 15:02:34.777,15374,15375,15375,2,2
2022-08-17 15:02:41.154,15374,15375,15375,1,1
2022-08-17 15:02:41.551,15374,15375,15375,10,10
2022-08-17 15:02:43.084,15374,15376,15374,1,-1
2022-08-17 15:02:43.084,15374,15376,15376,2,2
2022-08-17 15:02:44.090,15374,15376,15376,4,4
2022-08-17 15:02:44.090,15374,15376,15377,1,1
2022-08-17 15:02:45.292,15375,15376,15375,1,-1
2022-08-17 15:02:46.084,15375,15376,15376,1,1
2022-08-17 15:02:46.167,15375,15376,15375,1,-1
2022-08-17 15:02:50.251,15375,15376,15376,1,1
2022-08-17 15:02:50.738,15375,15376,15375,5,-5
2022-08-17 15:02:52.492,15375,15376,15376,2,2
2022-08-17 15:02:54.086,15375,15376,15376,1,1
2022-08-17 15:02:54.264,15375,15376,15375,1,-1
2022-08-17 15:02:54.461,15375,15376,15375,3,-3
2022-08-17 15:02:54.568,15374,15375,15374,2,-2
2022-08-17 15:02:54.609,15374,15375,15374,1,-1
2022-08-17 15:02:54.926,15374,15375,15374,1,-1
2022-08-17 15:02:54.935,15374,15375,15374,1,-1
2022-08-17 15:02:55.054,15374,15375,15374,1,-1
2022-08-17 15:02:55.083,15374,15375,15374,1,-1
2022-08-17 15:02:55.539,15374,15375,15375,1,1
2022-08-17 15:02:56.755,15374,15375,15375,1,1
2022-08-17 15:02:57.881,15374,15375,15374,1,-1
2022-08-17 15:02:57.882,15374,15375,15374,2,-2
2022-08-17 15:02:57.882,15374,15375,15374,1,-1
2022-08-17 15:02:58.076,15373,15374,15374,1,1
2022-08-17 15:03:00.045,15373,15375,15374,1,1
2022-08-17 15:03:00.045,15373,15375,15375,8,8
2022-08-17 15:03:00.046,15373,15375,15375,27,27
2022-08-17 15:03:00.047,15373,15375,15375,2,2
2022-08-17 15:03:00.047,15373,15375,15375,12,12
2022-08-17 15:03:00.248,15374,15376,15374,3,-3
2022-08-17 15:03:00.248,15374,15376,15374,1,-1
2022-08-17 15:03:00.324,15374,15376,15376,5,5
2022-08-17 15:03:00.329,15374,15376,15376,1,1
2022-08-17 15:03:00.339,15374,15376,15374,3,-3
2022-08-17 15:03:00.360,15374,15376,15375,1,-1
2022-08-17 15:03:00.376,15374,15376,15375,1,-1
2022-08-17 15:03:00.497,15374,15376,15376,1,1
2022-08-17 15:03:00.646,15374,15376,15376,1,1
2022-08-17 15:03:00.671,15374,15376,15376,1,1
2022-08-17 15:03:02.301,15375,15376,15375,1,-1
2022-08-17 15:03:03.767,15374,15375,15375,1,1
2022-08-17 15:03:05.083,15374,15376,15376,1,1
2022-08-17 15:03:06.100,15374,15375,15374,4,-4
2022-08-17 15:03:09.613,15373,15375,15375,1,1
2022-08-17 15:03:09.721,15373,15375,15374,2,2
2022-08-17 15:03:14.752,15373,15374,15374,1,1
2022-08-17 15:03:15.378,15373,15374,15373,1,-1
2022-08-17 15:03:15.420,15373,15374,15373,1,-1
2022-08-17 15:03:15.615,15373,15374,15373,1,-1
2022-08-17 15:03:17.449,15373,15374,15373,1,-1
2022-08-17 15:03:17.695,15373,15374,15373,1,-1
2022-08-17 15:03:20.188,15373,15374,15373,5,-5
2022-08-17 15:03:21.467,15373,15374,15373,1,-1
2022-08-17 15:03:21.467,15373,15374,15373,1,-1
2022-08-17 15:03:26.976,15373,15374,15373,1,-1
2022-08-17 15:03:27.485,15373,15374,15374,1,1
2022-08-17 15:03:28.531,15373,15374,15374,1,1
2022-08-17 15:03:31.399,15373,15374,15373,1,-1
2022-08-17 15:03:31.825,15373,15374,15374,1,1
2022-08-17 15:03:32.470,15373,15374,15373,1,-1
2022-08-17 15:03:33.577,15373,15374,15373,1,-1
2022-08-17 15:03:33.997,15373,15374,15373,1,-1
2022-08-17 15:03:34.625,15372,15373,15373,1,1
2022-08-17 15:03:36.889,15373,15374,15373,1,-1
2022-08-17 15:03:37.256,15373,15374,15373,1,-1
2022-08-17 15:03:37.454,15373,15374,15373,1,-1
2022-08-17 15:03:37.474,15373,15374,15373,1,-1
2022-08-17 15:03:37.594,15373,15374,15373,1,-1
2022-08-17 15:03:38.470,15373,15374,15373,5,-5
2022-08-17 15:03:38.471,15373,15374,15373,2,-2
2022-08-17 15:03:39.637,15373,15374,15373,1,-1
2022-08-17 15:03:43.566,15372,15373,15373,4,4
2022-08-17 15:03:43.830,15373,15374,15373,1,-1
2022-08-17 15:03:43.834,15373,15374,15373,1,-1
2022-08-17 15:03:43.966,15373,15374,15373,5,-5
2022-08-17 15:03:43.974,15373,15374,15373,1,-1
2022-08-17 15:03:43.988,15373,15374,15373,1,-1
2022-08-17 15:03:46.633,15373,15374,15373,1,-1
2022-08-17 15:03:46.726,15372,15374,15372,3,-3
2022-08-17 15:03:48.828,15372,15373,15373,1,1
2022-08-17 15:03:48.828,15372,15373,15374,1,1
2022-08-17 15:03:50.245,15372,15374,15372,4,-4
2022-08-17 15:03:52.638,15372,15374,15372,1,-1
2022-08-17 15:03:59.083,15372,15373,15373,1,1
2022-08-17 15:03:59.797,15373,15374,15373,1,-1
2022-08-17 15:04:00.193,15373,15374,15373,1,-1
2022-08-17 15:04:00.242,15373,15374,15373,5,-5
2022-08-17 15:04:00.456,15372,15374,15372,1,-1
2022-08-17 15:04:00.690,15372,15374,15372,2,-2
2022-08-17 15:04:02.400,15373,15374,15373,1,-1
2022-08-17 15:04:02.412,15373,15374,15373,3,-3
2022-08-17 15:04:04.902,15373,15374,15373,7,-7
2022-08-17 15:04:09.779,15373,15374,15373,1,-1
2022-08-17 15:04:10.885,15373,15374,15373,1,-1
2022-08-17 15:04:13.455,15373,15374,15373,1,-1
2022-08-17 15:04:13.624,15373,15374,15373,1,-1
2022-08-17 15:04:18.357,15372,15373,15373,3,3
2022-08-17 15:04:21.869,15373,15374,15373,1,-1
2022-08-17 15:04:21.958,15372,15374,15372,22,-22
2022-08-17 15:04:29.071,15372,15373,15373,1,1
2022-08-17 15:04:32.311,15372,15373,15373,1,1
2022-08-17 15:04:37.057,15372,15373,15372,2,-2
2022-08-17 15:04:43.066,15372,15373,15373,1,1
2022-08-17 15:04:44.687,15372,15373,15372,1,-1
2022-08-17 15:04:44.697,15372,15373,15372,4,-4
2022-08-17 15:04:44.697,15372,15373,15372,1,-1
2022-08-17 15:04:45.085,15371,15373,15371,1,-1
2022-08-17 15:04:48.258,15371,15372,15371,1,-1
2022-08-17 15:04:49.895,15371,15372,15371,11,-11
2022-08-17 15:04:51.379,15371,15372,15371,1,-1
2022-08-17 15:04:51.379,15371,15372,15371,1,-1
2022-08-17 15:04:53.543,15370,15371,15370,12,-12
2022-08-17 15:04:54.773,15369,15370,15370,3,3
2022-08-17 15:04:55.288,15369,15370,15369,3,-3
2022-08-17 15:04:56.478,15369,15370,15370,1,1
2022-08-17 15:04:56.680,15369,15370,15369,1,-1
2022-08-17 15:04:57.957,15369,15370,15370,1,1
2022-08-17 15:04:59.304,15369,15370,15369,2,-2
2022-08-17 15:05:00.241,15369,15370,15369,8,-8
2022-08-17 15:05:00.521,15369,15370,15369,1,-1
2022-08-17 15:05:00.760,15369,15370,15369,3,-3
2022-08-17 15:05:05.770,15369,15370,15369,1,-1
2022-08-17 15:05:05.771,15369,15370,15368,16,-16
2022-08-17 15:05:05.771,15369,15370,15368,13,-13
2022-08-17 15:05:06.395,15367,15369,15367,1,-1
2022-08-17 15:05:06.395,15367,15369,15368,1,-1
2022-08-17 15:05:06.401,15367,15369,15369,3,3
2022-08-17 15:05:06.529,15367,15369,15367,1,-1
2022-08-17 15:05:06.558,15367,15369,15367,1,-1
2022-08-17 15:05:06.633,15367,15369,15369,1,1
2022-08-17 15:05:06.853,15367,15369,15369,1,1
2022-08-17 15:05:07.487,15368,15369,15369,1,1
2022-08-17 15:05:07.890,15368,15369,15368,1,-1
2022-08-17 15:05:08.311,15368,15369,15368,1,-1
2022-08-17 15:05:08.311,15368,15369,15367,2,-2
2022-08-17 15:05:08.625,15367,15369,15367,1,-1
2022-08-17 15:05:11.090,15367,15368,15367,5,-5
2022-08-17 15:05:11.091,15367,15368,15367,10,-10
2022-08-17 15:05:11.697,15366,15367,15366,3,-3
2022-08-17 15:05:11.791,15366,15367,15366,2,-2
2022-08-17 15:05:12.362,15366,15367,15367,5,5
2022-08-17 15:05:12.369,15366,15367,15366,1,-1
2022-08-17 15:05:13.994,15366,15368,15366,1,-1
2022-08-17 15:05:14.027,15366,15368,15366,1,-1
2022-08-17 15:05:15.671,15367,15368,15367,1,-1
2022-08-17 15:05:15.859,15366,15368,15366,1,-1
2022-08-17 15:05:16.083,15366,15368,15366,1,-1
2022-08-17 15:05:19.367,15366,15368,15366,3,-3
2022-08-17 15:05:19.923,15366,15368,15366,1,-1
2022-08-17 15:05:22.736,15366,15367,15366,1,-1
2022-08-17 15:05:25.759,15366,15367,15366,5,-5
2022-08-17 15:05:26.154,15366,15367,15366,5,-5
2022-08-17 15:05:26.585,15366,15367,15367,1,1
2022-08-17 15:05:27.087,15366,15367,15366,1,-1
2022-08-17 15:05:27.493,15366,15367,15367,1,1
2022-08-17 15:05:29.142,15366,15367,15366,3,-3
2022-08-17 15:05:32.960,15366,15367,15366,1,-1
2022-08-17 15:05:33.488,15366,15367,15366,5,-5
2022-08-17 15:05:33.870,15365,15367,15367,2,2
2022-08-17 15:05:35.150,15365,15366,15366,1,1
2022-08-17 15:05:35.717,15365,15366,15365,2,-2
2022-08-17 15:05:35.926,15365,15366,15365,1,-1
2022-08-17 15:05:36.619,15365,15366,15366,6,6
2022-08-17 15:05:36.990,15365,15367,15365,3,-3
2022-08-17 15:05:39.256,15365,15366,15366,3,3
2022-08-17 15:05:39.829,15366,15367,15366,1,-1
2022-08-17 15:05:42.025,15366,15367,15366,2,-2
2022-08-17 15:05:42.743,15365,15366,15365,3,-3
2022-08-17 15:05:42.833,15365,15366,15366,1,1
2022-08-17 15:05:43.376,15366,15367,15366,1,-1
2022-08-17 15:05:44.266,15366,15367,15366,1,-1
2022-08-17 15:05:45.728,15365,15366,15366,6,6
2022-08-17 15:05:45.729,15365,15366,15366,1,1
2022-08-17 15:05:46.472,15365,15366,15365,2,-2
2022-08-17 15:05:46.697,15365,15366,15365,4,-4
2022-08-17 15:05:47.059,15365,15366,15366,1,1
2022-08-17 15:05:47.419,15365,15366,15366,1,1
2022-08-17 15:05:48.723,15365,15367,15365,1,-1
2022-08-17 15:05:49.439,15365,15367,15365,5,-5
2022-08-17 15:05:50.085,15365,15367,15366,1,-1
2022-08-17 15:05:51.846,15366,15367,15366,1,-1
2022-08-17 15:05:53.396,15366,15367,15366,1,-1
2022-08-17 15:05:53.981,15366,15367,15367,4,4
2022-08-17 15:05:55.341,15367,15368,15367,1,-1
2022-08-17 15:05:55.616,15367,15368,15367,1,-1
2022-08-17 15:05:55.616,15367,15368,15366,4,-4
2022-08-17 15:05:59.958,15367,15368,15367,1,-1
2022-08-17 15:06:02.194,15366,15367,15366,3,-3
2022-08-17 15:06:02.822,15366,15367,15366,2,-2
2022-08-17 15:06:02.822,15366,15367,15365,1,-1
2022-08-17 15:06:05.510,15365,15367,15365,5,-5
2022-08-17 15:06:08.431,15366,15367,15366,1,-1
2022-08-17 15:06:09.472,15366,15367,15366,1,-1
2022-08-17 15:06:11.885,15366,15367,15366,5,-5
2022-08-17 15:06:14.583,15366,15367,15366,1,-1
2022-08-17 15:06:18.084,15366,15367,15366,1,-1
2022-08-17 15:06:19.578,15366,15367,15367,2,2
2022-08-17 15:06:22.566,15366,15367,15366,1,-1
2022-08-17 15:06:26.613,15366,15367,15367,1,1
2022-08-17 15:06:28.777,15366,15367,15366,1,-1
2022-08-17 15:06:31.761,15366,15367,15366,1,-1
2022-08-17 15:06:31.761,15366,15367,15366,2,-2
2022-08-17 15:06:32.223,15366,15367,15366,1,-1
2022-08-17 15:06:33.697,15365,15366,15366,1,1
2022-08-17 15:06:33.698,15365,15366,15366,1,1
2022-08-17 15:06:33.725,15365,15366,15366,1,1
2022-08-17 15:06:35.949,15365,15366,15365,13,-13
2022-08-17 15:06:36.074,15364,15366,15366,1,1
2022-08-17 15:06:37.435,15365,15366,15366,1,1
2022-08-17 15:06:40.605,15365,15366,15365,2,-2
2022-08-17 15:06:41.161,15365,15366,15365,1,-1
2022-08-17 15:06:43.584,15365,15366,15366,2,2
2022-08-17 15:06:45.575,15365,15366,15365,1,-1
2022-08-17 15:06:55.860,15365,15366,15365,1,-1
2022-08-17 15:06:56.769,15365,15366,15366,1,1
2022-08-17 15:06:56.924,15365,15366,15366,1,1
2022-08-17 15:06:58.296,15365,15366,15365,1,-1
2022-08-17 15:07:05.422,15365,15366,15365,1,-1
2022-08-17 15:07:09.174,15365,15366,15366,1,1
2022-08-17 15:07:09.175,15365,15366,15366,12,12
2022-08-17 15:07:09.431,15365,15367,15365,15,-15
2022-08-17 15:07:15.722,15365,15366,15366,1,1
2022-08-17 15:07:22.689,15365,15366,15366,2,2
2022-08-17 15:07:28.127,15366,15367,15367,1,1
2022-08-17 15:07:37.009,15366,15367,15366,1,-1
2022-08-17 15:07:37.280,15366,15367,15367,1,1
2022-08-17 15:07:38.961,15366,15367,15367,1,1
2022-08-17 15:07:42.911,15366,15367,15366,1,-1
2022-08-17 15:07:43.102,15366,15367,15367,4,4
2022-08-17 15:07:44.295,15367,15368,15368,1,1
2022-08-17 15:07:48.639,15367,15368,15368,1,1
2022-08-17 15:07:48.917,15367,15368,15368,1,1
2022-08-17 15:07:49.206,15367,15368,15367,1,-1
2022-08-17 15:07:51.240,15367,15368,15367,3,-3
2022-08-17 15:07:52.025,15367,15368,15367,1,-1
2022-08-17 15:07:52.562,15367,15368,15367,1,-1
2022-08-17 15:07:52.647,15367,15368,15367,1,-1
2022-08-17 15:07:54.270,15367,15368,15367,1,-1
2022-08-17 15:07:55.959,15367,15368,15368,1,1
2022-08-17 15:07:59.207,15367,15368,15367,1,-1
2022-08-17 15:08:00.587,15367,15368,15367,1,-1
2022-08-17 15:08:00.594,15367,15368,15367,2,-2
2022-08-17 15:08:00.868,15366,15367,15367,1,1
2022-08-17 15:08:00.894,15366,15367,15366,1,-1
2022-08-17 15:08:01.039,15366,15367,15366,2,-2
2022-08-17 15:08:05.743,15366,15367,15367,1,1
2022-08-17 15:08:05.978,15366,15367,15367,1,1
2022-08-17 15:08:06.183,15366,15367,15366,1,-1
2022-08-17 15:08:06.228,15366,15367,15367,1,1
2022-08-17 15:08:06.258,15366,15367,15367,2,2
2022-08-17 15:08:06.258,15366,15367,15367,1,1
2022-08-17 15:08:07.365,15367,15368,15367,1,-1
2022-08-17 15:08:07.365,15367,15368,15366,1,-1
2022-08-17 15:08:09.385,15366,15368,15367,1,-1
2022-08-17 15:08:16.002,15366,15367,15366,1,-1
2022-08-17 15:08:16.003,15366,15367,15366,15,-15
2022-08-17 15:08:16.016,15366,15367,15367,1,1
2022-08-17 15:08:20.187,15365,15366,15365,1,-1
2022-08-17 15:08:20.364,15365,15366,15365,2,-2
2022-08-17 15:08:20.372,15365,15366,15365,1,-1
2022-08-17 15:08:20.407,15365,15366,15365,3,-3
2022-08-17 15:08:20.407,15365,15366,15365,1,-1
2022-08-17 15:08:20.720,15364,15366,15366,1,1
2022-08-17 15:08:22.595,15364,15365,15364,1,-1
2022-08-17 15:08:26.230,15364,15365,15365,2,2
2022-08-17 15:08:27.569,15365,15366,15365,1,-1
2022-08-17 15:08:28.753,15364,15365,15365,2,2
2022-08-17 15:08:30.340,15364,15366,15365,3,3
2022-08-17 15:08:38.023,15365,15366,15365,1,-1
2022-08-17 15:08:39.733,15365,15366,15365,1,-1
2022-08-17 15:08:41.777,15364,15365,15365,1,1
2022-08-17 15:08:44.906,15365,15366,15366,1,1
2022-08-17 15:08:44.906,15365,15366,15366,1,1
2022-08-17 15:08:44.906,15365,15366,15366,29,29
2022-08-17 15:08:45.029,15366,15367,15366,4,-4
2022-08-17 15:08:45.029,15366,15367,15365,2,-2
2022-08-17 15:08:47.046,15365,15367,15365,3,-3
2022-08-17 15:08:47.754,15365,15367,15365,1,-1
2022-08-17 15:08:47.767,15365,15367,15365,1,-1
2022-08-17 15:08:49.782,15364,15365,15365,1,1
2022-08-17 15:08:49.782,15364,15365,15365,1,1
2022-08-17 15:08:50.161,15365,15366,15365,1,-1
2022-08-17 15:08:52.127,15365,15366,15365,3,-3
2022-08-17 15:08:53.236,15365,15366,15366,1,1
2022-08-17 15:08:54.490,15365,15366,15365,1,-1
2022-08-17 15:08:59.109,15365,15366,15365,1,-1
2022-08-17 15:08:59.172,15365,15366,15365,1,-1
2022-08-17 15:09:04.809,15365,15366,15366,1,1
2022-08-17 15:09:05.180,15365,15366,15365,1,-1
2022-08-17 15:09:08.988,15365,15366,15366,1,1
2022-08-17 15:09:09.164,15365,15366,15366,1,1
2022-08-17 15:09:11.136,15365,15366,15366,1,1
2022-08-17 15:09:11.486,15365,15366,15365,1,-1
2022-08-17 15:09:15.076,15365,15366,15366,1,1
2022-08-17 15:09:15.076,15365,15366,15366,1,1
2022-08-17 15:09:22.592,15366,15367,15367,9,9
2022-08-17 15:09:27.163,15367,15368,15367,1,-1
2022-08-17 15:09:29.625,15366,15367,15366,1,-1
2022-08-17 15:09:31.602,15365,15366,15366,1,1
2022-08-17 15:09:31.797,15365,15366,15366,1,1
2022-08-17 15:09:32.515,15366,15367,15366,1,-1
2022-08-17 15:09:35.593,15366,15367,15366,1,-1
2022-08-17 15:09:35.593,15366,15367,15365,3,-3
2022-08-17 15:09:37.275,15365,15367,15365,4,-4
2022-08-17 15:09:39.086,15365,15366,15366,1,1
2022-08-17 15:09:46.188,15366,15367,15366,1,-1
2022-08-17 15:09:47.442,15366,15367,15367,1,1
2022-08-17 15:09:47.583,15366,15367,15366,1,-1
2022-08-17 15:09:50.119,15366,15367,15366,1,-1
2022-08-17 15:09:52.931,15365,15366,15366,2,2
2022-08-17 15:09:59.112,15365,15366,15365,1,-1
2022-08-17 15:10:00.924,15365,15366,15365,1,-1
2022-08-17 15:10:00.936,15365,15366,15365,4,-4
2022-08-17 15:10:00.936,15365,15366,15365,1,-1
2022-08-17 15:10:00.936,15365,15366,15365,11,-11
2022-08-17 15:10:01.054,15364,15365,15364,1,-1
2022-08-17 15:10:01.075,15364,15365,15364,1,-1
2022-08-17 15:10:01.177,15364,15365,15364,1,-1
2022-08-17 15:10:01.212,15364,15365,15365,1,1
2022-08-17 15:10:01.376,15364,15365,15364,4,-4
2022-08-17 15:10:01.382,15364,15365,15364,31,-31
2022-08-17 15:10:01.409,15364,15365,15363,2,-2
2022-08-17 15:10:01.449,15363,15364,15363,2,-2
2022-08-17 15:10:01.457,15363,15364,15364,1,1
2022-08-17 15:10:01.672,15363,15364,15363,1,-1
2022-08-17 15:10:02.361,15363,15364,15363,8,-8
2022-08-17 15:10:02.361,15363,15364,15363,9,-9
2022-08-17 15:10:02.361,15363,15364,15363,3,-3
2022-08-17 15:10:02.361,15363,15364,15363,3,-3
2022-08-17 15:10:02.361,15363,15364,15363,2,-2
2022-08-17 15:10:04.969,15362,15364,15364,3,3
2022-08-17 15:10:04.969,15362,15364,15365,2,2
2022-08-17 15:10:05.069,15363,15365,15363,1,-1
2022-08-17 15:10:05.105,15363,15365,15363,1,-1
2022-08-17 15:10:06.787,15363,15364,15364,1,1
2022-08-17 15:10:10.721,15363,15364,15363,1,-1
2022-08-17 15:10:10.802,15363,15364,15363,1,-1
2022-08-17 15:10:11.560,15363,15364,15363,1,-1
2022-08-17 15:10:11.561,15363,15364,15363,11,-11
2022-08-17 15:10:14.868,15362,15363,15363,1,1
2022-08-17 15:10:15.213,15362,15363,15363,1,1
2022-08-17 15:10:16.919,15362,15364,15362,1,-1
2022-08-17 15:10:16.979,15362,15364,15362,2,-2
2022-08-17 15:10:17.000,15362,15364,15362,1,-1
2022-08-17 15:10:17.002,15362,15364,15362,2,-2
2022-08-17 15:10:17.016,15362,15364,15362,3,-3
2022-08-17 15:10:17.030,15362,15364,15362,3,-3
2022-08-17 15:10:17.042,15362,15364,15362,1,-1
2022-08-17 15:10:17.220,15362,15363,15362,1,-1
2022-08-17 15:10:17.250,15362,15363,15362,1,-1
2022-08-17 15:10:17.250,15362,15363,15362,1,-1
2022-08-17 15:10:17.270,15362,15363,15362,2,-2
2022-08-17 15:10:17.640,15362,15363,15362,1,-1
2022-08-17 15:10:17.662,15362,15363,15362,2,-2
2022-08-17 15:10:17.989,15362,15363,15363,3,3
2022-08-17 15:10:20.311,15363,15364,15363,1,-1
2022-08-17 15:10:20.471,15363,15364,15363,1,-1
2022-08-17 15:10:21.305,15362,15364,15362,1,-1
2022-08-17 15:10:21.690,15362,15364,15362,1,-1
2022-08-17 15:10:24.690,15362,15363,15363,2,2
2022-08-17 15:10:24.690,15362,15363,15364,1,1
2022-08-17 15:10:27.207,15362,15363,15362,1,-1
2022-08-17 15:10:32.574,15362,15363,15362,1,-1
2022-08-17 15:10:32.681,15362,15363,15362,1,-1
2022-08-17 15:10:35.994,15362,15363,15362,1,-1
2022-08-17 15:10:36.908,15362,15363,15362,1,-1
2022-08-17 15:10:37.177,15362,15363,15362,1,-1
2022-08-17 15:10:37.909,15362,15363,15363,1,1
2022-08-17 15:10:38.289,15362,15363,15363,6,6
2022-08-17 15:10:43.674,15362,15363,15363,1,1
2022-08-17 15:10:43.674,15362,15363,15363,1,1
2022-08-17 15:10:43.674,15362,15363,15363,1,1
2022-08-17 15:10:43.674,15362,15363,15363,1,1
2022-08-17 15:10:43.674,15362,15363,15363,1,1
2022-08-17 15:10:43.896,15363,15364,15364,14,14
2022-08-17 15:10:44.045,15364,15365,15365,2,2
2022-08-17 15:10:44.071,15365,15366,15365,1,-1
2022-08-17 15:10:44.076,15365,15366,15365,1,-1
2022-08-17 15:10:44.083,15365,15366,15365,1,-1
2022-08-17 15:10:44.231,15364,15366,15364,2,-2
2022-08-17 15:10:44.234,15364,15366,15364,1,-1
2022-08-17 15:10:46.563,15363,15365,15363,5,-5
2022-08-17 15:10:46.766,15363,15365,15363,1,-1
2022-08-17 15:10:49.003,15363,15365,15363,5,-5
2022-08-17 15:10:51.005,15363,15365,15365,3,3
2022-08-17 15:10:51.062,15363,15365,15363,5,-5
2022-08-17 15:11:06.255,15364,15365,15364,1,-1
2022-08-17 15:11:06.255,15364,15365,15364,1,-1
2022-08-17 15:11:06.255,15364,15365,15364,1,-1
2022-08-17 15:11:06.344,15364,15365,15364,6,-6
2022-08-17 15:11:07.011,15363,15364,15363,1,-1
2022-08-17 15:11:07.019,15363,15364,15363,1,-1
2022-08-17 15:11:08.011,15363,15364,15363,1,-1
2022-08-17 15:11:10.071,15363,15364,15364,1,1
2022-08-17 15:11:10.443,15363,15365,15363,1,-1
2022-08-17 15:11:13.855,15363,15364,15363,1,-1
2022-08-17 15:11:14.546,15363,15364,15363,1,-1
2022-08-17 15:11:18.799,15363,15364,15363,1,-1
2022-08-17 15:11:20.193,15363,15364,15363,1,-1
2022-08-17 15:11:21.896,15363,15364,15364,4,4
2022-08-17 15:11:26.283,15364,15365,15364,1,-1
2022-08-17 15:11:27.904,15364,15365,15364,2,-2
2022-08-17 15:11:30.510,15364,15365,15365,1,1
2022-08-17 15:11:35.236,15364,15365,15365,2,2
2022-08-17 15:11:35.892,15364,15365,15364,1,-1
2022-08-17 15:11:36.969,15364,15365,15365,1,1
2022-08-17 15:11:41.386,15364,15365,15365,1,1
2022-08-17 15:11:41.674,15364,15365,15364,3,-3
2022-08-17 15:11:42.498,15364,15365,15364,5,-5
2022-08-17 15:11:42.798,15364,15365,15364,5,-5
2022-08-17 15:11:43.122,15364,15365,15364,5,-5
2022-08-17 15:11:43.450,15364,15365,15364,5,-5
2022-08-17 15:11:45.192,15364,15365,15364,1,-1
2022-08-17 15:11:52.034,15364,15365,15365,2,2
2022-08-17 15:11:53.685,15364,15365,15364,5,-5
2022-08-17 15:11:54.194,15364,15365,15364,5,-5
2022-08-17 15:11:54.954,15364,15365,15364,5,-5
2022-08-17 15:11:55.194,15364,15365,15364,4,-4
2022-08-17 15:12:00.551,15363,15364,15364,1,1
2022-08-17 15:12:03.827,15363,15364,15364,2,2
2022-08-17 15:12:06.826,15363,15364,15364,1,1
2022-08-17 15:12:07.037,15363,15364,15364,1,1
2022-08-17 15:12:07.653,15363,15364,15364,1,1
2022-08-17 15:12:09.029,15363,15364,15364,1,1
2022-08-17 15:12:13.132,15363,15364,15363,1,-1
2022-08-17 15:12:13.619,15363,15364,15364,1,1
2022-08-17 15:12:17.527,15363,15364,15364,1,1
2022-08-17 15:12:22.083,15363,15364,15363,15,-15
2022-08-17 15:12:22.799,15363,15364,15364,1,1
2022-08-17 15:12:23.455,15363,15364,15364,1,1
2022-08-17 15:12:23.456,15363,15364,15364,1,1
2022-08-17 15:12:28.813,15364,15365,15364,5,-5
2022-08-17 15:12:29.837,15364,15365,15364,5,-5
2022-08-17 15:12:29.837,15364,15365,15364,5,-5
2022-08-17 15:12:32.364,15363,15364,15364,1,1
2022-08-17 15:12:34.066,15363,15364,15364,2,2
2022-08-17 15:12:35.708,15363,15365,15363,1,-1
2022-08-17 15:12:37.077,15364,15365,15364,1,-1
2022-08-17 15:12:40.855,15363,15365,15365,2,2
2022-08-17 15:12:42.150,15363,15365,15363,1,-1
2022-08-17 15:12:44.691,15363,15364,15364,1,1
2022-08-17 15:12:53.462,15364,15365,15364,1,-1
2022-08-17 15:12:56.501,15364,15365,15365,1,1
2022-08-17 15:12:58.226,15364,15365,15364,2,-2
2022-08-17 15:12:58.341,15363,15364,15364,1,1
2022-08-17 15:12:58.630,15363,15364,15363,1,-1
2022-08-17 15:13:01.610,15363,15364,15364,1,1
2022-08-17 15:13:02.754,15363,15364,15364,1,1
2022-08-17 15:13:05.470,15363,15365,15364,1,1
2022-08-17 15:13:10.666,15363,15364,15364,1,1
2022-08-17 15:13:11.116,15363,15364,15363,18,-18
2022-08-17 15:13:11.617,15363,15364,15364,1,1
2022-08-17 15:13:17.009,15363,15364,15363,1,-1
2022-08-17 15:13:17.812,15363,15364,15364,1,1
2022-08-17 15:13:25.197,15363,15364,15363,3,-3
2022-08-17 15:13:25.197,15363,15364,15363,1,-1
2022-08-17 15:13:34.414,15362,15363,15363,1,1
2022-08-17 15:13:37.687,15362,15363,15363,1,1
2022-08-17 15:13:43.408,15362,15363,15363,1,1
2022-08-17 15:13:45.781,15362,15363,15362,1,-1
2022-08-17 15:13:45.782,15362,15363,15362,5,-5
2022-08-17 15:13:45.782,15362,15363,15362,13,-13
2022-08-17 15:13:46.144,15361,15362,15361,1,-1
2022-08-17 15:13:46.166,15361,15362,15361,1,-1
2022-08-17 15:13:46.171,15361,15362,15361,1,-1
2022-08-17 15:13:46.171,15361,15362,15361,1,-1
2022-08-17 15:13:46.250,15361,15362,15361,1,-1
2022-08-17 15:13:46.256,15361,15362,15361,1,-1
2022-08-17 15:13:46.686,15361,15362,15361,1,-1
2022-08-17 15:13:46.979,15361,15362,15362,1,1
2022-08-17 15:13:48.289,15361,15362,15362,3,3
2022-08-17 15:13:48.634,15361,15362,15362,3,3
2022-08-17 15:13:50.962,15361,15362,15362,1,1
2022-08-17 15:13:52.565,15361,15362,15362,1,1
2022-08-17 15:13:54.032,15361,15362,15361,8,-8
2022-08-17 15:13:54.033,15361,15362,15361,7,-7
2022-08-17 15:13:56.838,15360,15361,15361,2,2
2022-08-17 15:14:00.830,15361,15362,15361,2,-2
2022-08-17 15:14:01.156,15360,15361,15361,1,1
2022-08-17 15:14:02.651,15360,15362,15361,1,1
2022-08-17 15:14:03.743,15360,15362,15361,1,1
2022-08-17 15:14:04.333,15360,15362,15360,5,-5
2022-08-17 15:14:04.419,15360,15362,15360,3,-3
2022-08-17 15:14:04.448,15360,15362,15360,1,-1
2022-08-17 15:14:04.468,15360,15362,15360,1,-1
2022-08-17 15:14:04.516,15360,15362,15360,2,-2
2022-08-17 15:14:04.551,15360,15362,15360,4,-4
2022-08-17 15:14:04.562,15360,15362,15361,4,-4
2022-08-17 15:14:04.562,15360,15362,15361,2,-2
2022-08-17 15:14:04.562,15360,15362,15361,2,-2
2022-08-17 15:14:05.027,15360,15362,15360,1,-1
2022-08-17 15:14:05.404,15360,15361,15360,1,-1
2022-08-17 15:14:05.766,15360,15361,15361,1,1
2022-08-17 15:14:06.197,15360,15361,15361,1,1
2022-08-17 15:14:08.373,15360,15362,15362,3,3
2022-08-17 15:14:09.432,15360,15361,15361,1,1
2022-08-17 15:14:10.804,15360,15362,15360,1,-1
2022-08-17 15:14:15.749,15361,15362,15361,2,-2
2022-08-17 15:14:17.207,15360,15361,15361,1,1
2022-08-17 15:14:18.372,15360,15361,15361,1,1
2022-08-17 15:14:19.080,15361,15362,15362,1,1
2022-08-17 15:14:19.784,15361,15362,15361,1,-1
2022-08-17 15:14:20.159,15361,15362,15362,1,1
2022-08-17 15:14:21.782,15361,15362,15361,2,-2
2022-08-17 15:14:22.024,15360,15361,15361,1,1
2022-08-17 15:14:23.632,15361,15362,15362,1,1
2022-08-17 15:14:24.601,15361,15362,15361,1,-1
2022-08-17 15:14:24.663,15361,15362,15362,1,1
2022-08-17 15:14:24.676,15361,15362,15361,1,-1
2022-08-17 15:14:29.353,15361,15362,15361,5,-5
2022-08-17 15:14:33.654,15361,15362,15361,2,-2
2022-08-17 15:14:34.053,15361,15362,15362,1,1
2022-08-17 15:14:34.065,15361,15362,15362,40,40
2022-08-17 15:14:34.067,15361,15362,15363,1,1
2022-08-17 15:14:34.067,15361,15362,15363,1,1
2022-08-17 15:14:34.250,15362,15363,15362,1,-1
2022-08-17 15:14:37.130,15362,15363,15362,4,-4
2022-08-17 15:14:44.385,15361,15362,15362,2,2
2022-08-17 15:14:46.260,15361,15362,15361,5,-5
2022-08-17 15:14:46.260,15361,15362,15361,3,-3
2022-08-17 15:14:48.317,15360,15361,15361,1,1
2022-08-17 15:14:54.153,15360,15361,15361,11,11
2022-08-17 15:14:57.051,15360,15361,15361,5,5
2022-08-17 15:14:57.157,15360,15361,15361,2,2
2022-08-17 15:14:57.157,15360,15361,15362,1,1
2022-08-17 15:14:58.445,15360,15361,15361,1,1
2022-08-17 15:15:02.532,15361,15362,15361,5,-5
2022-08-17 15:15:02.532,15361,15362,15361,3,-3
2022-08-17 15:15:02.763,15360,15362,15360,1,-1
2022-08-17 15:15:02.796,15360,15362,15360,4,-4
2022-08-17 15:15:02.804,15360,15362,15360,4,-4
2022-08-17 15:15:02.859,15360,15362,15360,2,-2
2022-08-17 15:15:02.866,15360,15362,15360,1,-1
2022-08-17 15:15:02.898,15360,15362,15361,1,-1
2022-08-17 15:15:02.898,15360,15362,15362,3,3
2022-08-17 15:15:03.034,15360,15362,15360,3,-3
2022-08-17 15:15:03.057,15360,15361,15360,1,-1
2022-08-17 15:15:03.147,15360,15361,15360,1,-1
2022-08-17 15:15:03.208,15360,15361,15360,2,-2
2022-08-17 15:15:03.210,15360,15361,15360,4,-4
2022-08-17 15:15:03.237,15360,15361,15360,4,-4
2022-08-17 15:15:04.460,15360,15361,15360,1,-1
2022-08-17 15:15:04.923,15360,15361,15360,1,-1
2022-08-17 15:15:05.054,15360,15361,15360,1,-1
2022-08-17 15:15:05.190,15360,15361,15360,9,-9
2022-08-17 15:15:05.190,15360,15361,15360,2,-2
2022-08-17 15:15:09.812,15359,15360,15360,1,1
2022-08-17 15:15:16.874,15359,15360,15359,2,-2
2022-08-17 15:15:17.030,15359,15360,15359,1,-1
2022-08-17 15:15:17.232,15359,15360,15360,1,1
2022-08-17 15:15:17.781,15359,15360,15359,1,-1
2022-08-17 15:15:19.767,15359,15360,15359,9,-9
2022-08-17 15:15:19.768,15359,15360,15359,1,-1
2022-08-17 15:15:26.091,15359,15360,15359,1,-1
2022-08-17 15:15:27.609,15358,15359,15359,1,1
2022-08-17 15:15:28.008,15358,15359,15359,1,1
2022-08-17 15:15:28.285,15358,15359,15358,1,-1
2022-08-17 15:15:28.417,15358,15359,15359,1,1
2022-08-17 15:15:31.178,15358,15359,15359,1,1
2022-08-17 15:15:33.145,15359,15360,15359,1,-1
2022-08-17 15:15:33.151,15359,15360,15359,1,-1
2022-08-17 15:15:33.226,15359,15360,15360,11,11
2022-08-17 15:15:34.211,15360,15361,15361,2,2
2022-08-17 15:15:41.135,15360,15361,15361,7,7
2022-08-17 15:15:41.334,15360,15362,15360,5,-5
2022-08-17 15:15:41.412,15360,15362,15362,1,1
2022-08-17 15:15:50.628,15360,15361,15361,2,2
2022-08-17 15:15:50.629,15360,15361,15361,1,1
2022-08-17 15:15:54.170,15360,15361,15361,1,1
2022-08-17 15:16:06.502,15360,15361,15361,1,1
2022-08-17 15:16:09.698,15360,15361,15361,2,2
2022-08-17 15:16:09.699,15360,15361,15361,1,1
2022-08-17 15:16:09.699,15360,15361,15361,2,2
2022-08-17 15:16:09.699,15360,15361,15361,2,2
2022-08-17 15:16:13.512,15361,15362,15362,1,1
2022-08-17 15:16:17.673,15361,15362,15362,5,5
2022-08-17 15:16:18.592,15361,15362,15361,1,-1
2022-08-17 15:16:20.368,15361,15362,15362,1,1
2022-08-17 15:16:22.434,15362,15363,15362,2,-2
2022-08-17 15:16:22.534,15362,15363,15361,1,-1
2022-08-17 15:16:24.935,15361,15362,15362,1,1
2022-08-17 15:16:26.903,15361,15362,15361,1,-1
2022-08-17 15:16:29.178,15360,15361,15361,1,1
2022-08-17 15:16:31.632,15360,15361,15360,1,-1
2022-08-17 15:16:31.701,15360,15361,15360,2,-2
2022-08-17 15:16:32.397,15360,15361,15360,1,-1
2022-08-17 15:16:34.300,15360,15361,15360,1,-1
2022-08-17 15:16:34.300,15360,15361,15360,1,-1
2022-08-17 15:16:34.300,15360,15361,15360,5,-5
2022-08-17 15:16:34.433,15359,15360,15359,1,-1
2022-08-17 15:16:35.826,15359,15360,15359,2,-2
2022-08-17 15:16:36.313,15359,15360,15359,1,-1
2022-08-17 15:16:37.614,15359,15360,15359,1,-1
2022-08-17 15:16:37.614,15359,15360,15359,1,-1
2022-08-17 15:16:39.051,15358,15359,15359,1,1
2022-08-17 15:16:42.355,15358,15359,15359,1,1
2022-08-17 15:16:42.355,15358,15359,15359,1,1
2022-08-17 15:16:43.897,15358,15359,15358,1,-1
2022-08-17 15:16:47.065,15358,15359,15358,2,-2
2022-08-17 15:16:49.226,15358,15359,15358,2,-2
2022-08-17 15:16:49.903,15358,15359,15358,1,-1
2022-08-17 15:16:50.681,15358,15359,15358,1,-1
2022-08-17 15:16:51.482,15358,15359,15358,1,-1
2022-08-17 15:16:52.774,15358,15359,15358,2,-2
2022-08-17 15:16:53.930,15358,15359,15359,1,1
2022-08-17 15:16:53.930,15358,15359,15359,1,1
2022-08-17 15:16:54.173,15358,15360,15358,4,-4
2022-08-17 15:16:54.231,15358,15360,15358,1,-1
2022-08-17 15:16:54.448,15358,15360,15358,4,-4
2022-08-17 15:16:54.570,15358,15360,15358,2,-2
2022-08-17 15:16:55.978,15358,15360,15358,4,-4
2022-08-17 15:16:55.978,15358,15360,15358,1,-1
2022-08-17 15:16:56.324,15357,15359,15357,4,-4
2022-08-17 15:16:56.509,15357,15359,15357,1,-1
2022-08-17 15:16:59.877,15358,15359,15358,1,-1
2022-08-17 15:16:59.877,15358,15359,15357,1,-1
2022-08-17 15:17:00.928,15357,15358,15358,1,1
2022-08-17 15:17:01.260,15357,15359,15357,4,-4
2022-08-17 15:17:01.302,15357,15358,15357,1,-1
2022-08-17 15:17:01.302,15357,15358,15357,1,-1
2022-08-17 15:17:01.641,15357,15358,15357,1,-1
2022-08-17 15:17:01.755,15357,15358,15357,1,-1
2022-08-17 15:17:03.409,15357,15359,15357,1,-1
2022-08-17 15:17:05.939,15357,15359,15357,3,-3
2022-08-17 15:17:06.175,15357,15359,15357,5,-5
2022-08-17 15:17:07.615,15357,15358,15357,1,-1
2022-08-17 15:17:07.616,15357,15358,15357,1,-1
2022-08-17 15:17:09.557,15356,15358,15357,1,-1
2022-08-17 15:17:12.402,15356,15357,15356,4,-4
2022-08-17 15:17:12.710,15356,15357,15357,1,1
2022-08-17 15:17:12.785,15356,15357,15356,1,-1
2022-08-17 15:17:12.990,15356,15357,15357,1,1
2022-08-17 15:17:13.360,15356,15357,15357,1,1
2022-08-17 15:17:18.776,15356,15357,15357,1,1
2022-08-17 15:17:19.548,15356,15357,15356,24,-24
2022-08-17 15:17:20.714,15355,15356,15355,1,-1
2022-08-17 15:17:20.733,15355,15356,15355,1,-1
2022-08-17 15:17:21.697,15355,15356,15355,1,-1
2022-08-17 15:17:24.387,15355,15356,15356,1,1
2022-08-17 15:17:24.477,15356,15357,15357,4,4
2022-08-17 15:17:24.770,15357,15358,15357,4,-4
2022-08-17 15:17:24.770,15357,15358,15356,1,-1
2022-08-17 15:17:26.062,15357,15358,15358,16,16
2022-08-17 15:17:28.071,15358,15360,15360,1,1
2022-08-17 15:17:28.196,15358,15360,15360,2,2
2022-08-17 15:17:28.245,15358,15360,15360,1,1
2022-08-17 15:17:30.272,15358,15359,15358,9,-9
2022-08-17 15:17:30.273,15358,15359,15358,1,-1
2022-08-17 15:17:30.273,15358,15359,15358,2,-2
2022-08-17 15:17:30.274,15358,15359,15358,3,-3
2022-08-17 15:17:31.799,15358,15359,15358,3,-3
2022-08-17 15:17:32.483,15357,15358,15358,1,1
2022-08-17 15:17:33.703,15357,15358,15358,1,1
2022-08-17 15:17:33.960,15358,15359,15359,2,2
2022-08-17 15:17:34.615,15358,15359,15358,1,-1
2022-08-17 15:17:36.441,15358,15359,15359,1,1
2022-08-17 15:17:37.244,15358,15359,15358,2,-2
2022-08-17 15:17:44.181,15357,15358,15358,1,1
2022-08-17 15:17:47.103,15357,15358,15357,1,-1
2022-08-17 15:17:48.311,15357,15358,15357,1,-1
2022-08-17 15:17:49.570,15357,15358,15358,1,1
2022-08-17 15:17:49.570,15357,15358,15359,1,1
2022-08-17 15:17:52.027,15357,15359,15359,1,1
2022-08-17 15:17:54.976,15357,15359,15358,1,1
2022-08-17 15:17:58.333,15357,15359,15357,1,-1
2022-08-17 15:18:00.089,15357,15358,15358,1,1
2022-08-17 15:18:00.089,15357,15358,15359,1,1
2022-08-17 15:18:02.136,15357,15358,15358,1,1
2022-08-17 15:18:02.525,15357,15359,15357,5,-5
2022-08-17 15:18:03.277,15357,15359,15357,12,-12
2022-08-17 15:18:04.048,15357,15358,15358,1,1
2022-08-17 15:18:04.446,15357,15358,15357,2,-2
2022-08-17 15:18:06.622,15357,15359,15357,1,-1
2022-08-17 15:18:09.404,15357,15359,15359,3,3
2022-08-17 15:18:10.479,15358,15359,15358,1,-1
2022-08-17 15:18:14.660,15358,15359,15358,1,-1
2022-08-17 15:18:15.681,15358,15359,15359,1,1
2022-08-17 15:18:15.681,15358,15359,15359,1,1
2022-08-17 15:18:15.681,15358,15359,15359,4,4
2022-08-17 15:18:15.681,15358,15359,15359,1,1
2022-08-17 15:18:15.681,15358,15359,15359,1,1
2022-08-17 15:18:24.782,15359,15360,15359,1,-1
2022-08-17 15:18:25.524,15359,15360,15359,2,-2
2022-08-17 15:18:26.424,15359,15360,15359,6,-6
2022-08-17 15:18:30.525,15359,15360,15360,2,2
2022-08-17 15:18:34.449,15359,15360,15359,4,-4
2022-08-17 15:18:34.960,15359,15360,15360,1,1
2022-08-17 15:18:42.502,15359,15360,15359,1,-1
2022-08-17 15:18:44.949,15359,15360,15359,1,-1
2022-08-17 15:18:45.554,15359,15360,15360,1,1
2022-08-17 15:18:47.399,15359,15360,15359,3,-3
2022-08-17 15:18:51.421,15358,15359,15359,1,1
2022-08-17 15:18:51.421,15358,15359,15359,2,2
2022-08-17 15:18:51.421,15358,15359,15359,3,3
2022-08-17 15:18:52.237,15359,15360,15359,1,-1
2022-08-17 15:18:57.140,15359,15360,15359,1,-1
2022-08-17 15:18:58.278,15359,15360,15360,4,4
2022-08-17 15:18:58.756,15359,15360,15360,1,1
2022-08-17 15:19:00.537,15359,15360,15360,2,2
2022-08-17 15:19:01.427,15359,15360,15360,1,1
2022-08-17 15:19:02.487,15359,15360,15360,1,1
2022-08-17 15:19:02.826,15359,15360,15360,1,1
2022-08-17 15:19:04.573,15359,15360,15360,5,5
2022-08-17 15:19:07.675,15359,15360,15360,2,2
2022-08-17 15:19:07.886,15360,15361,15360,1,-1
2022-08-17 15:19:16.390,15360,15361,15360,1,-1
2022-08-17 15:19:19.282,15360,15361,15360,1,-1
2022-08-17 15:19:25.493,15360,15361,15361,1,1
2022-08-17 15:19:29.208,15360,15361,15361,1,1
2022-08-17 15:19:33.078,15360,15361,15360,1,-1
2022-08-17 15:19:33.177,15360,15361,15360,1,-1
2022-08-17 15:19:36.115,15359,15361,15359,5,-5
2022-08-17 15:19:41.407,15359,15360,15360,1,1
2022-08-17 15:19:45.982,15359,15360,15360,2,2
2022-08-17 15:19:47.914,15359,15360,15359,1,-1
2022-08-17 15:19:48.871,15358,15359,15358,7,-7
2022-08-17 15:19:50.139,15357,15358,15357,3,-3
2022-08-17 15:19:50.145,15357,15358,15357,2,-2
2022-08-17 15:20:03.047,15357,15358,15357,1,-1
2022-08-17 15:20:03.129,15357,15358,15357,2,-2
2022-08-17 15:20:03.138,15357,15358,15357,1,-1
2022-08-17 15:20:03.351,15357,15358,15357,3,-3
2022-08-17 15:20:03.352,15357,15358,15357,2,-2
2022-08-17 15:20:03.438,15356,15358,15356,5,-5
2022-08-17 15:20:03.450,15356,15358,15356,1,-1
2022-08-17 15:20:03.451,15356,15358,15356,1,-1
2022-08-17 15:20:05.120,15356,15357,15356,10,-10
2022-08-17 15:20:06.395,15356,15357,15357,1,1
2022-08-17 15:20:06.831,15356,15357,15356,1,-1
2022-08-17 15:20:08.471,15356,15357,15356,1,-1
2022-08-17 15:20:13.875,15356,15357,15357,1,1
2022-08-17 15:20:13.875,15356,15357,15357,2,2
2022-08-17 15:20:16.102,15356,15357,15356,1,-1
2022-08-17 15:20:19.122,15356,15357,15356,3,-3
2022-08-17 15:20:21.664,15356,15357,15356,1,-1
2022-08-17 15:20:21.664,15356,15357,15356,3,-3
2022-08-17 15:20:23.042,15355,15356,15355,2,-2
2022-08-17 15:20:23.070,15355,15356,15355,3,-3
2022-08-17 15:20:23.075,15355,15356,15355,2,-2
2022-08-17 15:20:23.077,15355,15356,15355,2,-2
2022-08-17 15:20:23.105,15355,15356,15355,2,-2
2022-08-17 15:20:23.149,15355,15356,15355,2,-2
2022-08-17 15:20:23.157,15355,15356,15355,1,-1
2022-08-17 15:20:23.200,15355,15356,15355,1,-1
2022-08-17 15:20:23.309,15355,15356,15355,1,-1
2022-08-17 15:20:23.316,15355,15356,15355,1,-1
2022-08-17 15:20:23.316,15355,15356,15355,1,-1
2022-08-17 15:20:23.317,15355,15356,15356,1,1
2022-08-17 15:20:23.392,15355,15356,15354,1,-1
2022-08-17 15:20:23.532,15354,15356,15354,2,-2
2022-08-17 15:20:23.537,15354,15356,15354,1,-1
2022-08-17 15:20:23.652,15354,15356,15354,1,-1
2022-08-17 15:20:23.949,15354,15356,15354,1,-1
2022-08-17 15:20:24.045,15354,15356,15354,1,-1
2022-08-17 15:20:24.106,15354,15356,15354,1,-1
2022-08-17 15:20:24.162,15354,15356,15354,1,-1
2022-08-17 15:20:24.179,15354,15356,15354,1,-1
2022-08-17 15:20:24.246,15354,15356,15354,1,-1
2022-08-17 15:20:24.482,15354,15356,15354,1,-1
2022-08-17 15:20:24.533,15354,15356,15354,1,-1
2022-08-17 15:20:25.912,15354,15356,15354,1,-1
2022-08-17 15:20:26.115,15354,15356,15355,1,-1
2022-08-17 15:20:26.405,15355,15356,15355,1,-1
2022-08-17 15:20:26.405,15355,15356,15354,1,-1
2022-08-17 15:20:28.284,15355,15356,15355,1,-1
2022-08-17 15:20:29.503,15355,15356,15355,1,-1
2022-08-17 15:20:31.426,15355,15356,15355,1,-1
2022-08-17 15:20:32.167,15355,15356,15355,1,-1
2022-08-17 15:20:33.598,15355,15356,15355,3,-3
2022-08-17 15:20:35.211,15355,15356,15356,1,1
2022-08-17 15:20:39.294,15355,15356,15355,1,-1
2022-08-17 15:20:40.176,15355,15356,15356,4,4
2022-08-17 15:20:40.468,15356,15357,15356,1,-1
2022-08-17 15:20:40.734,15355,15357,15355,1,-1
2022-08-17 15:20:42.622,15356,15357,15356,1,-1
2022-08-17 15:20:45.070,15355,15356,15356,1,1
2022-08-17 15:20:46.052,15355,15357,15356,2,2
2022-08-17 15:20:46.871,15355,15357,15355,1,-1
2022-08-17 15:20:52.167,15356,15357,15357,3,3
2022-08-17 15:20:52.365,15356,15358,15356,1,-1
2022-08-17 15:20:52.551,15356,15358,15356,1,-1
2022-08-17 15:20:53.112,15356,15358,15358,1,1
2022-08-17 15:20:53.198,15356,15358,15356,1,-1
2022-08-17 15:20:55.332,15357,15358,15357,2,-2
2022-08-17 15:20:55.332,15357,15358,15356,5,-5
2022-08-17 15:20:55.995,15356,15358,15356,1,-1
2022-08-17 15:20:56.385,15357,15358,15357,1,-1
2022-08-17 15:20:56.781,15356,15357,15356,5,-5
2022-08-17 15:20:57.297,15356,15357,15357,1,1
2022-08-17 15:21:07.007,15356,15358,15356,1,-1
2022-08-17 15:21:07.185,15356,15358,15356,1,-1
2022-08-17 15:21:07.236,15356,15358,15356,1,-1
2022-08-17 15:21:07.237,15356,15358,15356,1,-1
2022-08-17 15:21:07.241,15356,15358,15356,1,-1
2022-08-17 15:21:07.317,15356,15358,15356,1,-1
2022-08-17 15:21:09.212,15356,15358,15356,1,-1
2022-08-17 15:21:09.221,15356,15358,15358,3,3
2022-08-17 15:21:14.061,15357,15359,15357,1,-1
2022-08-17 15:21:14.232,15357,15359,15357,1,-1
2022-08-17 15:21:18.278,15358,15359,15358,1,-1
2022-08-17 15:21:18.637,15358,15359,15359,1,1
2022-08-17 15:21:20.411,15358,15359,15358,1,-1
2022-08-17 15:21:23.268,15358,15359,15359,2,2
2022-08-17 15:21:23.534,15358,15360,15360,1,1
2022-08-17 15:21:25.228,15358,15360,15358,2,-2
2022-08-17 15:21:30.831,15359,15360,15359,2,-2
2022-08-17 15:21:32.623,15359,15360,15360,16,16
2022-08-17 15:21:33.642,15359,15361,15361,5,5
2022-08-17 15:21:35.642,15359,15361,15359,1,-1
2022-08-17 15:21:36.398,15360,15361,15361,1,1
2022-08-17 15:21:36.914,15360,15361,15360,1,-1
2022-08-17 15:21:39.395,15360,15361,15361,1,1
2022-08-17 15:21:43.270,15360,15361,15360,2,-2
2022-08-17 15:21:43.718,15360,15361,15361,1,1
2022-08-17 15:21:43.968,15360,15361,15360,1,-1
2022-08-17 15:21:44.147,15360,15361,15360,2,-2
2022-08-17 15:21:47.407,15360,15361,15360,1,-1
2022-08-17 15:21:48.713,15360,15361,15361,21,21
2022-08-17 15:21:48.713,15360,15361,15361,1,1
2022-08-17 15:21:50.557,15361,15362,15361,1,-1
2022-08-17 15:21:53.886,15361,15362,15361,1,-1
2022-08-17 15:21:57.305,15361,15362,15361,1,-1
2022-08-17 15:21:57.305,15361,15362,15361,2,-2
2022-08-17 15:21:57.305,15361,15362,15361,1,-1
2022-08-17 15:21:57.307,15361,15362,15361,1,-1
2022-08-17 15:21:57.561,15360,15361,15361,1,1
2022-08-17 15:21:58.484,15360,15361,15361,1,1
2022-08-17 15:22:01.459,15360,15361,15361,1,1
2022-08-17 15:22:02.738,15361,15362,15362,1,1
2022-08-17 15:22:05.500,15361,15362,15362,1,1
2022-08-17 15:22:05.978,15361,15362,15362,1,1
2022-08-17 15:22:06.961,15361,15362,15361,1,-1
2022-08-17 15:22:07.053,15361,15362,15362,5,5
2022-08-17 15:22:12.881,15361,15362,15362,1,1
2022-08-17 15:22:13.043,15362,15363,15363,1,1
2022-08-17 15:22:13.082,15362,15363,15363,2,2
2022-08-17 15:22:13.203,15362,15363,15363,1,1
2022-08-17 15:22:16.199,15362,15363,15363,1,1
2022-08-17 15:22:17.546,15362,15363,15363,1,1
2022-08-17 15:22:17.937,15362,15363,15363,1,1
2022-08-17 15:22:20.509,15362,15363,15363,1,1
2022-08-17 15:22:23.702,15362,15363,15363,3,3
2022-08-17 15:22:23.702,15362,15363,15364,7,7
2022-08-17 15:22:26.938,15362,15363,15363,1,1
2022-08-17 15:22:27.372,15363,15364,15363,1,-1
2022-08-17 15:22:29.632,15362,15364,15364,2,2
2022-08-17 15:22:34.393,15362,15363,15363,1,1
2022-08-17 15:22:34.393,15362,15363,15364,1,1
2022-08-17 15:22:38.439,15362,15363,15363,1,1
2022-08-17 15:22:39.413,15362,15363,15362,1,-1
2022-08-17 15:22:39.417,15362,15363,15362,3,-3
2022-08-17 15:22:39.418,15362,15363,15362,1,-1
2022-08-17 15:22:39.418,15362,15363,15362,1,-1
2022-08-17 15:22:39.418,15362,15363,15362,1,-1
2022-08-17 15:22:43.224,15361,15363,15363,1,1
2022-08-17 15:22:43.435,15361,15362,15362,1,1
2022-08-17 15:22:53.097,15361,15362,15362,4,4
2022-08-17 15:22:53.097,15361,15362,15363,1,1
2022-08-17 15:22:54.058,15361,15362,15362,1,1
2022-08-17 15:22:54.068,15361,15362,15362,1,1
2022-08-17 15:23:02.662,15362,15363,15362,1,-1
2022-08-17 15:23:03.463,15361,15362,15362,1,1
2022-08-17 15:23:03.463,15361,15362,15363,4,4
2022-08-17 15:23:04.400,15362,15363,15362,1,-1
2022-08-17 15:23:05.910,15361,15363,15362,1,-1
2022-08-17 15:23:08.748,15362,15363,15362,1,-1
2022-08-17 15:23:10.725,15362,15363,15362,1,-1
2022-08-17 15:23:11.687,15362,15363,15363,5,5
2022-08-17 15:23:12.628,15362,15363,15363,2,2
2022-08-17 15:23:17.342,15362,15363,15363,1,1
2022-08-17 15:23:17.342,15362,15363,15363,2,2
2022-08-17 15:23:23.243,15362,15363,15362,2,-2
2022-08-17 15:23:25.117,15362,15363,15362,1,-1
2022-08-17 15:23:25.117,15362,15363,15362,3,-3
2022-08-17 15:23:25.655,15361,15363,15362,1,-1
2022-08-17 15:23:28.196,15361,15362,15362,1,1
2022-08-17 15:23:33.249,15361,15362,15362,1,1
2022-08-17 15:23:34.022,15361,15362,15361,4,-4
2022-08-17 15:23:34.022,15361,15362,15361,8,-8
2022-08-17 15:23:39.599,15360,15361,15360,1,-1
2022-08-17 15:23:41.765,15360,15361,15360,1,-1
2022-08-17 15:23:52.731,15360,15361,15360,1,-1
2022-08-17 15:23:57.536,15360,15361,15361,1,1
2022-08-17 15:24:05.467,15360,15361,15361,1,1
2022-08-17 15:24:12.676,15360,15361,15360,1,-1
2022-08-17 15:24:12.676,15360,15361,15360,7,-7
2022-08-17 15:24:20.077,15360,15361,15360,2,-2
2022-08-17 15:24:20.620,15360,15361,15361,1,1
2022-08-17 15:24:21.124,15360,15361,15361,1,1
2022-08-17 15:24:28.458,15361,15362,15361,1,-1
2022-08-17 15:24:33.612,15361,15362,15362,3,3
2022-08-17 15:24:33.612,15361,15362,15362,2,2
2022-08-17 15:24:38.447,15362,15363,15363,1,1
2022-08-17 15:24:39.838,15362,15363,15362,1,-1
2022-08-17 15:24:40.620,15362,15363,15362,1,-1
2022-08-17 15:24:40.742,15362,15363,15362,2,-2
2022-08-17 15:24:41.421,15362,15363,15363,3,3
2022-08-17 15:24:41.547,15362,15363,15363,1,1
2022-08-17 15:24:41.824,15362,15363,15363,6,6
2022-08-17 15:24:47.618,15362,15363,15363,2,2
2022-08-17 15:24:52.899,15362,15363,15362,1,-1
2022-08-17 15:24:55.983,15362,15363,15363,1,1
2022-08-17 15:24:57.279,15362,15363,15363,2,2
2022-08-17 15:25:04.710,15362,15363,15363,1,1
2022-08-17 15:25:06.111,15362,15363,15363,2,2
2022-08-17 15:25:13.040,15362,15363,15363,2,2
2022-08-17 15:25:14.021,15362,15363,15362,4,-4
2022-08-17 15:25:20.081,15361,15362,15362,1,1
2022-08-17 15:25:22.604,15361,15362,15362,2,2
2022-08-17 15:25:33.029,15362,15363,15363,1,1
2022-08-17 15:25:38.681,15362,15363,15362,1,-1
2022-08-17 15:25:41.026,15362,15363,15363,1,1
2022-08-17 15:25:43.647,15362,15363,15363,1,1
2022-08-17 15:25:45.837,15362,15363,15362,4,-4
2022-08-17 15:25:45.837,15362,15363,15362,7,-7
2022-08-17 15:25:45.846,15362,15363,15362,1,-1
2022-08-17 15:25:47.905,15361,15362,15362,1,1
2022-08-17 15:25:48.107,15361,15362,15362,1,1
2022-08-17 15:25:51.432,15361,15362,15362,1,1
2022-08-17 15:25:55.596,15361,15362,15361,1,-1
2022-08-17 15:25:55.596,15361,15362,15361,2,-2
2022-08-17 15:25:59.505,15360,15361,15361,1,1
2022-08-17 15:26:05.802,15361,15362,15362,1,1
2022-08-17 15:26:07.637,15361,15363,15361,1,-1
2022-08-17 15:26:19.585,15361,15362,15362,1,1
2022-08-17 15:26:23.443,15361,15362,15362,1,1
2022-08-17 15:26:23.443,15361,15362,15362,1,1
2022-08-17 15:26:27.872,15362,15363,15363,6,6
2022-08-17 15:26:32.632,15363,15364,15364,3,3
2022-08-17 15:26:32.632,15363,15364,15364,2,2
2022-08-17 15:26:32.632,15363,15364,15364,7,7
2022-08-17 15:26:32.780,15364,15365,15365,1,1
2022-08-17 15:26:32.846,15364,15365,15365,5,5
2022-08-17 15:26:32.875,15364,15365,15364,3,-3
2022-08-17 15:26:32.999,15364,15365,15365,1,1
2022-08-17 15:26:33.437,15364,15365,15364,1,-1
2022-08-17 15:26:34.297,15363,15365,15363,1,-1
2022-08-17 15:26:35.157,15363,15365,15363,5,-5
2022-08-17 15:26:45.817,15364,15365,15365,1,1
2022-08-17 15:26:48.312,15364,15365,15364,2,-2
2022-08-17 15:26:53.244,15363,15365,15364,1,-1
2022-08-17 15:26:59.767,15364,15365,15365,3,3
2022-08-17 15:27:05.448,15364,15365,15364,1,-1
2022-08-17 15:27:10.450,15364,15365,15364,1,-1
2022-08-17 15:27:10.551,15364,15365,15364,1,-1
2022-08-17 15:27:10.552,15364,15365,15364,1,-1
2022-08-17 15:27:12.067,15364,15365,15365,10,10
2022-08-17 15:27:17.345,15364,15365,15365,6,6
2022-08-17 15:27:17.345,15364,15365,15366,4,4
2022-08-17 15:27:17.666,15364,15366,15366,1,1
2022-08-17 15:27:19.893,15365,15366,15366,2,2
2022-08-17 15:27:22.501,15365,15366,15365,1,-1
2022-08-17 15:27:22.623,15365,15366,15366,3,3
2022-08-17 15:27:23.350,15365,15366,15365,1,-1
2022-08-17 15:27:24.658,15364,15366,15366,1,1
2022-08-17 15:27:24.768,15364,15366,15366,2,2
2022-08-17 15:27:27.035,15364,15365,15364,1,-1
2022-08-17 15:27:27.717,15364,15365,15365,1,1
2022-08-17 15:27:28.212,15364,15365,15365,1,1
2022-08-17 15:27:28.306,15364,15365,15364,1,-1
2022-08-17 15:27:28.925,15364,15365,15364,1,-1
2022-08-17 15:27:35.151,15364,15365,15364,1,-1
2022-08-17 15:27:35.344,15363,15364,15364,1,1
2022-08-17 15:27:39.000,15363,15364,15364,1,1
2022-08-17 15:27:39.169,15363,15365,15365,1,1
2022-08-17 15:27:43.206,15363,15364,15364,1,1
2022-08-17 15:27:51.770,15364,15365,15365,1,1
2022-08-17 15:27:51.770,15364,15365,15366,1,1
2022-08-17 15:27:58.321,15365,15366,15365,1,-1
2022-08-17 15:27:59.019,15365,15366,15366,3,3
2022-08-17 15:28:00.234,15365,15366,15366,1,1
2022-08-17 15:28:02.879,15364,15366,15366,3,3
2022-08-17 15:28:03.273,15364,15366,15364,1,-1
2022-08-17 15:28:03.273,15364,15366,15364,1,-1
2022-08-17 15:28:03.317,15364,15366,15364,1,-1
2022-08-17 15:28:03.323,15364,15366,15364,1,-1
2022-08-17 15:28:13.129,15365,15366,15365,1,-1
2022-08-17 15:28:19.392,15364,15365,15365,1,1
2022-08-17 15:28:24.544,15364,15365,15365,1,1
2022-08-17 15:28:24.598,15364,15365,15365,1,1
2022-08-17 15:28:35.060,15365,15366,15365,1,-1
2022-08-17 15:28:36.066,15364,15366,15364,2,-2
2022-08-17 15:28:39.287,15364,15365,15364,4,-4
2022-08-17 15:28:40.885,15364,15365,15365,1,1
2022-08-17 15:28:43.727,15364,15365,15364,2,-2
2022-08-17 15:28:53.856,15363,15365,15365,1,1
2022-08-17 15:29:07.743,15363,15365,15363,1,-1
2022-08-17 15:29:11.792,15363,15365,15363,6,-6
2022-08-17 15:29:12.527,15363,15364,15364,1,1
2022-08-17 15:29:13.854,15363,15365,15365,14,14
2022-08-17 15:29:19.757,15363,15364,15364,1,1
2022-08-17 15:29:26.677,15364,15365,15364,1,-1
2022-08-17 15:29:29.390,15364,15365,15364,1,-1
2022-08-17 15:29:38.480,15364,15365,15364,1,-1
2022-08-17 15:29:46.309,15364,15365,15364,1,-1
2022-08-17 15:29:48.702,15364,15365,15364,1,-1
2022-08-17 15:29:52.148,15364,15365,15364,1,-1
2022-08-17 15:29:52.519,15364,15365,15364,1,-1
2022-08-17 15:30:00.201,15364,15365,15365,1,1
2022-08-17 15:30:00.322,15364,15365,15364,1,-1
2022-08-17 15:30:00.671,15364,15365,15365,1,1
2022-08-17 15:30:00.702,15364,15365,15364,1,-1
2022-08-17 15:30:00.788,15364,15365,15365,1,1
2022-08-17 15:30:00.871,15364,15365,15365,1,1
2022-08-17 15:30:00.914,15364,15365,15365,1,1
2022-08-17 15:30:01.239,15364,15365,15364,1,-1
2022-08-17 15:30:01.587,15364,15365,15365,8,8
2022-08-17 15:30:03.751,15364,15365,15364,4,-4
2022-08-17 15:30:04.372,15363,15365,15365,1,1
2022-08-17 15:30:13.501,15364,15365,15365,1,1
2022-08-17 15:30:32.078,15364,15365,15365,1,1
2022-08-17 15:30:32.801,15364,15365,15365,1,1
2022-08-17 15:30:42.125,15364,15365,15364,3,-3
2022-08-17 15:30:44.632,15363,15364,15364,1,1
2022-08-17 15:30:48.436,15363,15364,15364,1,1
2022-08-17 15:30:49.390,15363,15364,15364,1,1
2022-08-17 15:30:57.012,15363,15364,15363,4,-4
2022-08-17 15:31:01.380,15363,15364,15364,1,1
2022-08-17 15:31:01.858,15363,15364,15363,1,-1
2022-08-17 15:31:02.132,15363,15364,15363,1,-1
2022-08-17 15:31:08.804,15363,15364,15363,3,-3
2022-08-17 15:31:08.805,15363,15364,15363,3,-3
2022-08-17 15:31:10.445,15362,15363,15363,3,3
2022-08-17 15:31:15.958,15363,15365,15363,1,-1
2022-08-17 15:31:23.615,15363,15364,15363,1,-1
2022-08-17 15:31:46.310,15363,15364,15363,1,-1
2022-08-17 15:31:50.874,15363,15364,15363,1,-1
2022-08-17 15:31:52.502,15363,15364,15363,1,-1
2022-08-17 15:31:53.015,15363,15364,15364,3,3
2022-08-17 15:31:58.668,15363,15364,15364,1,1
2022-08-17 15:32:01.050,15363,15364,15363,1,-1
2022-08-17 15:32:01.429,15363,15364,15364,1,1
2022-08-17 15:32:02.292,15363,15364,15364,1,1
2022-08-17 15:32:08.796,15363,15364,15364,1,1
2022-08-17 15:32:13.319,15363,15364,15363,3,-3
2022-08-17 15:32:13.319,15363,15364,15363,5,-5
2022-08-17 15:32:13.320,15363,15364,15363,2,-2
2022-08-17 15:32:19.331,15362,15363,15362,1,-1
2022-08-17 15:32:22.661,15362,15363,15362,1,-1
2022-08-17 15:32:29.513,15362,15363,15362,1,-1
2022-08-17 15:32:29.513,15362,15363,15362,8,-8
2022-08-17 15:32:29.719,15361,15362,15361,1,-1
2022-08-17 15:32:29.719,15361,15362,15361,3,-3
2022-08-17 15:32:32.432,15360,15361,15361,1,1
2022-08-17 15:32:34.780,15361,15362,15362,2,2
2022-08-17 15:32:38.991,15362,15363,15362,1,-1
2022-08-17 15:32:41.042,15362,15363,15362,1,-1
2022-08-17 15:32:41.121,15362,15363,15362,1,-1
2022-08-17 15:33:00.292,15362,15363,15362,1,-1
2022-08-17 15:33:14.913,15362,15363,15362,1,-1
2022-08-17 15:33:16.536,15362,15363,15362,2,-2
2022-08-17 15:33:16.536,15362,15363,15362,1,-1
2022-08-17 15:33:16.536,15362,15363,15362,2,-2
2022-08-17 15:33:33.240,15361,15362,15361,1,-1
2022-08-17 15:33:54.422,15361,15362,15361,1,-1
2022-08-17 15:34:05.680,15361,15362,15361,5,-5
2022-08-17 15:34:08.579,15361,15362,15361,1,-1
2022-08-17 15:34:08.636,15361,15362,15361,1,-1
2022-08-17 15:34:08.714,15361,15362,15361,1,-1
2022-08-17 15:34:10.112,15361,15362,15361,2,-2
2022-08-17 15:34:11.593,15361,15362,15361,2,-2
2022-08-17 15:34:11.593,15361,15362,15361,3,-3
2022-08-17 15:34:15.247,15360,15361,15361,3,3
2022-08-17 15:34:17.464,15360,15361,15361,1,1
2022-08-17 15:34:21.841,15360,15361,15361,3,3
2022-08-17 15:34:22.367,15360,15362,15360,1,-1
2022-08-17 15:34:24.576,15360,15361,15361,3,3
2022-08-17 15:34:33.673,15360,15361,15361,3,3
2022-08-17 15:34:37.753,15360,15361,15361,2,2
2022-08-17 15:34:38.893,15361,15362,15361,1,-1
2022-08-17 15:34:53.105,15360,15361,15361,1,1
2022-08-17 15:34:54.187,15360,15361,15361,2,2
2022-08-17 15:34:55.531,15361,15362,15361,1,-1
2022-08-17 15:34:56.763,15361,15362,15361,1,-1
2022-08-17 15:34:57.509,15361,15362,15361,1,-1
2022-08-17 15:34:58.332,15361,15362,15361,1,-1
2022-08-17 15:34:59.284,15361,15362,15362,5,5
2022-08-17 15:34:59.494,15361,15362,15361,1,-1
2022-08-17 15:35:01.834,15361,15362,15361,3,-3
2022-08-17 15:35:02.004,15361,15362,15361,2,-2
2022-08-17 15:35:02.491,15361,15362,15362,1,1
2022-08-17 15:35:05.294,15361,15362,15362,3,3
2022-08-17 15:35:05.294,15361,15362,15363,1,1
2022-08-17 15:35:16.013,15361,15362,15361,1,-1
2022-08-17 15:35:22.150,15361,15362,15361,1,-1
2022-08-17 15:35:37.901,15361,15362,15361,1,-1
2022-08-17 15:35:44.290,15361,15362,15362,1,1
2022-08-17 15:35:48.019,15361,15363,15362,1,1
2022-08-17 15:36:29.123,15362,15363,15363,2,2
2022-08-17 15:36:29.123,15362,15363,15363,4,4
2022-08-17 15:36:29.659,15363,15364,15363,1,-1
2022-08-17 15:36:29.659,15363,15364,15362,2,-2
2022-08-17 15:36:35.009,15363,15364,15363,1,-1
2022-08-17 15:36:35.009,15363,15364,15362,1,-1
2022-08-17 15:36:58.749,15362,15363,15362,1,-1
2022-08-17 15:37:16.526,15362,15363,15362,1,-1
2022-08-17 15:37:16.787,15362,15363,15362,1,-1
2022-08-17 15:37:19.739,15362,15363,15362,1,-1
2022-08-17 15:37:45.340,15362,15363,15363,1,1
2022-08-17 15:37:51.324,15362,15363,15363,1,1
2022-08-17 15:38:00.336,15362,15363,15362,1,-1
2022-08-17 15:38:04.303,15362,15363,15362,1,-1
2022-08-17 15:38:05.091,15362,15363,15362,1,-1
2022-08-17 15:38:05.092,15362,15363,15362,2,-2
2022-08-17 15:38:06.949,15361,15362,15362,4,4
2022-08-17 15:38:06.950,15361,15362,15362,2,2
2022-08-17 15:38:07.617,15361,15363,15361,1,-1
2022-08-17 15:38:07.617,15361,15363,15361,1,-1
2022-08-17 15:38:07.617,15361,15363,15361,6,-6
2022-08-17 15:38:07.617,15361,15363,15361,1,-1
2022-08-17 15:38:07.639,15361,15363,15360,11,-11
2022-08-17 15:38:07.640,15361,15363,15360,1,-1
2022-08-17 15:38:07.640,15361,15363,15360,4,-4
2022-08-17 15:38:07.641,15361,15363,15360,14,-14
2022-08-17 15:38:08.187,15359,15360,15359,1,-1
2022-08-17 15:38:08.811,15359,15360,15359,1,-1
2022-08-17 15:38:10.088,15358,15360,15359,1,-1
2022-08-17 15:38:23.116,15359,15360,15359,2,-2
2022-08-17 15:38:23.117,15359,15360,15359,3,-3
2022-08-17 15:38:25.976,15358,15360,15359,1,-1
2022-08-17 15:38:27.334,15358,15360,15358,2,-2
2022-08-17 15:38:28.030,15359,15360,15359,1,-1
2022-08-17 15:38:28.030,15359,15360,15358,1,-1
2022-08-17 15:38:30.898,15358,15360,15358,1,-1
2022-08-17 15:38:36.257,15359,15360,15359,1,-1
2022-08-17 15:38:39.614,15358,15360,15360,1,1
2022-08-17 15:38:45.006,15359,15360,15359,1,-1
2022-08-17 15:38:49.238,15358,15359,15359,1,1
2022-08-17 15:38:53.561,15359,15360,15359,1,-1
2022-08-17 15:38:53.762,15359,15360,15359,3,-3
2022-08-17 15:39:00.470,15358,15359,15358,2,-2
2022-08-17 15:39:00.539,15358,15359,15358,1,-1
2022-08-17 15:39:00.819,15358,15359,15358,3,-3
2022-08-17 15:39:00.819,15358,15359,15358,2,-2
2022-08-17 15:39:00.819,15358,15359,15358,1,-1
2022-08-17 15:39:00.819,15358,15359,15358,1,-1
2022-08-17 15:39:00.819,15358,15359,15358,9,-9
2022-08-17 15:39:02.755,15357,15358,15358,1,1
2022-08-17 15:39:18.725,15357,15358,15358,2,2
2022-08-17 15:39:20.466,15358,15359,15358,1,-1
2022-08-17 15:39:25.696,15357,15358,15357,2,-2
2022-08-17 15:39:25.696,15357,15358,15357,10,-10
2022-08-17 15:39:25.696,15357,15358,15357,1,-1
2022-08-17 15:39:25.697,15357,15358,15357,3,-3
2022-08-17 15:39:28.261,15356,15357,15356,5,-5
2022-08-17 15:39:28.320,15356,15357,15356,2,-2
2022-08-17 15:39:28.396,15356,15357,15356,3,-3
2022-08-17 15:39:28.440,15356,15357,15356,1,-1
2022-08-17 15:39:29.573,15356,15357,15356,3,-3
2022-08-17 15:39:32.851,15356,15357,15356,1,-1
2022-08-17 15:39:32.869,15356,15357,15357,1,1
2022-08-17 15:39:32.869,15356,15357,15358,4,4
2022-08-17 15:39:33.293,15357,15359,15357,1,-1
2022-08-17 15:39:34.903,15357,15359,15357,1,-1
2022-08-17 15:39:35.458,15357,15359,15357,1,-1
2022-08-17 15:39:35.622,15357,15359,15357,1,-1
2022-08-17 15:39:37.345,15357,15359,15357,1,-1
2022-08-17 15:39:37.503,15357,15359,15357,1,-1
2022-08-17 15:39:39.043,15357,15359,15357,1,-1
2022-08-17 15:39:39.199,15357,15359,15357,1,-1
2022-08-17 15:39:44.778,15357,15358,15357,1,-1
2022-08-17 15:39:46.134,15357,15358,15357,2,-2
2022-08-17 15:39:49.743,15356,15357,15357,1,1
2022-08-17 15:39:52.066,15356,15357,15356,1,-1
2022-08-17 15:39:54.075,15356,15357,15357,1,1
2022-08-17 15:39:57.287,15356,15357,15356,1,-1
2022-08-17 15:40:00.038,15356,15357,15356,4,-4
2022-08-17 15:40:00.039,15356,15357,15356,1,-1
2022-08-17 15:40:04.019,15355,15357,15356,1,-1
2022-08-17 15:40:04.058,15355,15357,15355,64,-64
2022-08-17 15:40:04.059,15355,15357,15355,1,-1
2022-08-17 15:40:04.199,15354,15355,15354,1,-1
2022-08-17 15:40:04.342,15354,15355,15354,1,-1
2022-08-17 15:40:04.351,15354,15355,15354,1,-1
2022-08-17 15:40:04.375,15354,15355,15354,1,-1
2022-08-17 15:40:04.380,15354,15355,15354,4,-4
2022-08-17 15:40:04.380,15354,15355,15354,3,-3
2022-08-17 15:40:04.389,15354,15355,15353,1,-1
2022-08-17 15:40:04.395,15354,15355,15353,1,-1
2022-08-17 15:40:04.395,15354,15355,15353,2,-2
2022-08-17 15:40:04.417,15354,15355,15353,2,-2
2022-08-17 15:40:04.426,15353,15355,15353,1,-1
2022-08-17 15:40:04.467,15353,15355,15353,2,-2
2022-08-17 15:40:04.482,15353,15355,15353,1,-1
2022-08-17 15:40:04.491,15353,15355,15353,2,-2
2022-08-17 15:40:04.494,15353,15355,15353,4,-4
2022-08-17 15:40:04.497,15353,15355,15353,1,-1
2022-08-17 15:40:04.531,15353,15355,15353,4,-4
2022-08-17 15:40:04.579,15353,15355,15353,3,-3
2022-08-17 15:40:04.579,15353,15355,15352,1,-1
2022-08-17 15:40:04.589,15353,15355,15353,1,-1
2022-08-17 15:40:04.590,15353,15355,15353,2,-2
2022-08-17 15:40:04.614,15353,15355,15353,1,-1
2022-08-17 15:40:04.614,15353,15355,15352,1,-1
2022-08-17 15:40:04.619,15353,15355,15353,1,-1
2022-08-17 15:40:04.622,15353,15355,15352,1,-1
2022-08-17 15:40:04.631,15353,15355,15352,1,-1
2022-08-17 15:40:04.645,15353,15355,15352,1,-1
2022-08-17 15:40:04.646,15353,15355,15352,1,-1
2022-08-17 15:40:04.654,15353,15355,15352,2,-2
2022-08-17 15:40:04.678,15352,15354,15352,2,-2
2022-08-17 15:40:04.678,15352,15354,15352,2,-2
2022-08-17 15:40:04.683,15352,15354,15352,2,-2
2022-08-17 15:40:04.686,15352,15354,15352,1,-1
2022-08-17 15:40:04.724,15352,15354,15352,1,-1
2022-08-17 15:40:04.724,15352,15354,15352,1,-1
2022-08-17 15:40:04.728,15352,15354,15352,1,-1
2022-08-17 15:40:04.729,15352,15354,15352,1,-1
2022-08-17 15:40:04.730,15352,15354,15352,3,-3
2022-08-17 15:40:04.731,15352,15354,15352,1,-1
2022-08-17 15:40:04.737,15352,15354,15352,2,-2
2022-08-17 15:40:04.744,15352,15354,15352,1,-1
2022-08-17 15:40:04.745,15352,15354,15352,5,-5
2022-08-17 15:40:04.755,15352,15354,15351,2,-2
2022-08-17 15:40:04.792,15352,15354,15351,1,-1
2022-08-17 15:40:04.809,15351,15353,15351,1,-1
2022-08-17 15:40:04.825,15351,15353,15351,1,-1
2022-08-17 15:40:04.830,15351,15353,15351,1,-1
2022-08-17 15:40:04.838,15351,15353,15351,1,-1
2022-08-17 15:40:04.888,15351,15353,15352,1,-1
2022-08-17 15:40:04.910,15351,15353,15351,1,-1
2022-08-17 15:40:04.943,15351,15353,15351,1,-1
2022-08-17 15:40:04.967,15351,15353,15351,1,-1
2022-08-17 15:40:05.212,15351,15353,15351,1,-1
2022-08-17 15:40:05.237,15351,15353,15351,1,-1
2022-08-17 15:40:05.262,15351,15353,15351,1,-1
2022-08-17 15:40:05.281,15351,15353,15351,2,-2
2022-08-17 15:40:05.312,15351,15353,15351,1,-1
2022-08-17 15:40:05.350,15351,15353,15351,1,-1
2022-08-17 15:40:05.523,15351,15353,15351,3,-3
2022-08-17 15:40:05.551,15351,15353,15351,1,-1
2022-08-17 15:40:05.911,15351,15353,15351,1,-1
2022-08-17 15:40:06.297,15351,15353,15353,2,2
2022-08-17 15:40:07.870,15353,15355,15353,1,-1
2022-08-17 15:40:07.889,15353,15355,15354,3,-3
2022-08-17 15:40:07.926,15353,15355,15353,1,-1
2022-08-17 15:40:07.928,15353,15355,15353,1,-1
2022-08-17 15:40:07.960,15353,15355,15353,1,-1
2022-08-17 15:40:08.461,15354,15356,15354,1,-1
2022-08-17 15:40:10.495,15354,15356,15354,1,-1
2022-08-17 15:40:10.698,15354,15356,15356,5,5
2022-08-17 15:40:16.189,15355,15356,15355,1,-1
2022-08-17 15:40:22.193,15355,15356,15356,1,1
2022-08-17 15:40:24.326,15355,15356,15355,1,-1
2022-08-17 15:40:24.426,15355,15356,15355,1,-1
2022-08-17 15:40:25.571,15355,15356,15355,3,-3
2022-08-17 15:40:25.571,15355,15356,15354,3,-3
2022-08-17 15:40:29.516,15354,15356,15354,5,-5
2022-08-17 15:40:29.923,15354,15355,15354,1,-1
2022-08-17 15:40:30.221,15354,15355,15354,1,-1
2022-08-17 15:40:30.301,15354,15355,15354,1,-1
2022-08-17 15:40:30.306,15354,15355,15353,1,-1
2022-08-17 15:40:34.032,15353,15354,15354,1,1
2022-08-17 15:40:39.735,15353,15354,15354,1,1
2022-08-17 15:40:42.418,15353,15354,15354,2,2
2022-08-17 15:40:42.418,15353,15354,15355,1,1
2022-08-17 15:40:44.652,15354,15355,15354,1,-1
2022-08-17 15:40:47.970,15353,15354,15354,1,1
2022-08-17 15:40:49.062,15354,15355,15354,2,-2
2022-08-17 15:40:52.032,15353,15354,15353,8,-8
2022-08-17 15:40:52.266,15353,15354,15353,4,-4
2022-08-17 15:40:54.116,15352,15353,15352,2,-2
2022-08-17 15:40:54.738,15352,15353,15353,1,1
2022-08-17 15:40:55.636,15352,15353,15352,1,-1
2022-08-17 15:40:55.637,15352,15353,15352,13,-13
2022-08-17 15:40:59.927,15352,15353,15352,1,-1
2022-08-17 15:41:01.219,15351,15352,15351,1,-1
2022-08-17 15:41:01.533,15351,15352,15351,2,-2
2022-08-17 15:41:01.541,15351,15352,15351,2,-2
2022-08-17 15:41:01.549,15351,15352,15351,2,-2
2022-08-17 15:41:02.933,15351,15352,15352,1,1
2022-08-17 15:41:06.492,15352,15353,15352,1,-1
2022-08-17 15:41:06.566,15352,15353,15353,1,1
2022-08-17 15:41:07.259,15352,15353,15352,1,-1
2022-08-17 15:41:10.496,15352,15353,15352,1,-1
2022-08-17 15:41:11.355,15352,15353,15352,1,-1
2022-08-17 15:41:11.387,15352,15353,15352,2,-2
2022-08-17 15:41:11.387,15352,15353,15352,2,-2
2022-08-17 15:41:11.388,15352,15353,15352,2,-2
2022-08-17 15:41:12.148,15351,15353,15351,1,-1
2022-08-17 15:41:13.321,15351,15352,15352,1,1
2022-08-17 15:41:16.733,15351,15352,15352,1,1
2022-08-17 15:41:20.592,15351,15352,15352,2,2
2022-08-17 15:41:22.874,15351,15352,15352,2,2
2022-08-17 15:41:28.922,15351,15352,15351,1,-1
2022-08-17 15:41:29.275,15351,15352,15351,3,-3
2022-08-17 15:41:29.579,15351,15352,15352,1,1
2022-08-17 15:41:31.791,15351,15352,15351,3,-3
2022-08-17 15:41:32.398,15351,15352,15351,1,-1
2022-08-17 15:41:34.747,15351,15352,15351,1,-1
2022-08-17 15:41:36.040,15351,15352,15352,15,15
2022-08-17 15:41:36.791,15352,15353,15353,2,2
2022-08-17 15:41:36.792,15352,15353,15353,3,3
2022-08-17 15:41:40.983,15352,15354,15353,1,1
2022-08-17 15:41:43.058,15353,15354,15354,2,2
2022-08-17 15:41:44.807,15353,15355,15353,1,-1
2022-08-17 15:41:48.029,15354,15355,15355,1,1
2022-08-17 15:41:48.697,15354,15355,15354,1,-1
2022-08-17 15:41:52.346,15353,15355,15355,1,1
2022-08-17 15:41:53.600,15353,15355,15355,2,2
2022-08-17 15:42:00.417,15354,15355,15354,1,-1
2022-08-17 15:42:00.686,15354,15355,15354,1,-1
2022-08-17 15:42:02.974,15354,15355,15354,1,-1
2022-08-17 15:42:13.485,15354,15355,15355,2,2
2022-08-17 15:42:14.389,15354,15355,15354,2,-2
2022-08-17 15:42:24.366,15354,15355,15355,1,1
2022-08-17 15:42:27.681,15354,15355,15354,1,-1
2022-08-17 15:42:39.129,15354,15355,15354,1,-1
2022-08-17 15:42:40.194,15353,15354,15353,2,-2
2022-08-17 15:42:40.775,15353,15354,15353,2,-2
2022-08-17 15:42:46.838,15353,15354,15354,1,1
2022-08-17 15:42:51.552,15353,15354,15353,1,-1
2022-08-17 15:42:54.229,15353,15354,15354,1,1
2022-08-17 15:42:54.423,15353,15354,15353,1,-1
2022-08-17 15:42:56.334,15353,15354,15353,1,-1
2022-08-17 15:42:58.211,15353,15354,15353,1,-1
2022-08-17 15:42:58.636,15353,15354,15353,1,-1
2022-08-17 15:43:00.216,15353,15354,15353,1,-1
2022-08-17 15:43:00.536,15353,15354,15353,2,-2
2022-08-17 15:43:00.536,15353,15354,15353,1,-1
2022-08-17 15:43:00.536,15353,15354,15352,1,-1
2022-08-17 15:43:00.570,15352,15354,15352,2,-2
2022-08-17 15:43:00.877,15353,15354,15354,1,1
2022-08-17 15:43:00.939,15353,15354,15354,1,1
2022-08-17 15:43:01.016,15353,15354,15354,1,1
2022-08-17 15:43:02.742,15353,15354,15353,1,-1
2022-08-17 15:43:02.887,15353,15354,15354,1,1
2022-08-17 15:43:05.367,15353,15354,15353,1,-1
2022-08-17 15:43:05.379,15353,15354,15353,1,-1
2022-08-17 15:43:06.434,15353,15354,15353,1,-1
2022-08-17 15:43:08.650,15352,15353,15353,1,1
2022-08-17 15:43:15.385,15352,15353,15353,1,1
2022-08-17 15:43:21.954,15352,15353,15353,1,1
2022-08-17 15:43:22.854,15352,15353,15352,1,-1
2022-08-17 15:43:23.821,15352,15353,15352,1,-1
2022-08-17 15:43:24.870,15352,15353,15353,1,1
2022-08-17 15:43:28.239,15352,15353,15352,9,-9
2022-08-17 15:43:39.575,15351,15352,15352,1,1
2022-08-17 15:43:40.187,15351,15352,15351,1,-1
2022-08-17 15:43:40.412,15351,15352,15351,2,-2
2022-08-17 15:43:41.129,15351,15352,15352,1,1
2022-08-17 15:43:44.379,15352,15353,15352,1,-1
2022-08-17 15:43:47.542,15352,15353,15352,1,-1
2022-08-17 15:43:47.542,15352,15353,15351,1,-1
2022-08-17 15:43:49.443,15351,15352,15352,1,1
2022-08-17 15:43:53.253,15351,15352,15351,9,-9
2022-08-17 15:43:55.909,15350,15351,15350,25,-25
2022-08-17 15:43:55.910,15350,15351,15350,1,-1
2022-08-17 15:43:55.910,15350,15351,15350,10,-10
2022-08-17 15:43:55.910,15350,15351,15350,1,-1
2022-08-17 15:43:55.910,15350,15351,15350,15,-15
2022-08-17 15:43:55.927,15349,15350,15349,9,-9
2022-08-17 15:43:55.941,15349,15350,15348,2,-2
2022-08-17 15:43:56.052,15348,15349,15348,16,-16
2022-08-17 15:43:56.091,15348,15349,15347,1,-1
2022-08-17 15:43:56.092,15348,15349,15348,1,-1
2022-08-17 15:43:56.122,15348,15349,15347,1,-1
2022-08-17 15:43:56.122,15348,15349,15347,1,-1
2022-08-17 15:43:56.131,15348,15349,15347,1,-1
2022-08-17 15:43:56.132,15348,15349,15347,1,-1
2022-08-17 15:43:56.178,15347,15348,15347,1,-1
2022-08-17 15:43:56.182,15347,15348,15346,1,-1
2022-08-17 15:43:56.242,15347,15348,15346,13,-13
2022-08-17 15:43:56.243,15347,15348,15346,1,-1
2022-08-17 15:43:56.243,15347,15348,15346,5,-5
2022-08-17 15:43:56.243,15347,15348,15346,2,-2
2022-08-17 15:43:56.248,15347,15348,15345,4,-4
2022-08-17 15:43:56.251,15347,15348,15345,1,-1
2022-08-17 15:43:56.302,15345,15346,15345,5,-5
2022-08-17 15:43:56.302,15345,15346,15345,1,-1
2022-08-17 15:43:56.303,15345,15346,15345,2,-2
2022-08-17 15:43:56.303,15345,15346,15345,1,-1
2022-08-17 15:43:56.304,15345,15346,15345,3,-3
2022-08-17 15:43:56.305,15345,15346,15345,1,-1
2022-08-17 15:43:56.323,15345,15346,15344,1,-1
2022-08-17 15:43:56.426,15344,15345,15344,1,-1
2022-08-17 15:43:56.427,15344,15345,15344,3,-3
2022-08-17 15:43:56.491,15344,15345,15344,1,-1
2022-08-17 15:43:56.511,15344,15345,15344,2,-2
2022-08-17 15:43:56.607,15344,15345,15344,1,-1
2022-08-17 15:43:56.691,15344,15345,15345,1,1
2022-08-17 15:43:56.735,15344,15345,15344,1,-1
2022-08-17 15:43:56.782,15344,15345,15345,1,1
2022-08-17 15:43:56.885,15344,15345,15344,1,-1
2022-08-17 15:43:57.052,15344,15345,15345,6,6
2022-08-17 15:43:57.250,15345,15346,15345,2,-2
2022-08-17 15:43:57.319,15345,15346,15346,1,1
2022-08-17 15:43:57.319,15345,15346,15346,9,9
2022-08-17 15:43:57.319,15345,15346,15346,1,1
2022-08-17 15:43:57.319,15345,15346,15346,1,1
2022-08-17 15:43:57.320,15345,15346,15346,1,1
2022-08-17 15:43:57.320,15345,15346,15346,4,4
2022-08-17 15:43:57.320,15345,15346,15346,1,1
2022-08-17 15:43:57.320,15345,15346,15346,1,1
2022-08-17 15:43:57.320,15345,15346,15346,1,1
2022-08-17 15:43:57.320,15345,15346,15346,1,1
2022-08-17 15:43:57.559,15345,15346,15346,1,1
2022-08-17 15:43:57.559,15345,15346,15346,3,3
2022-08-17 15:43:58.936,15346,15347,15346,4,-4
2022-08-17 15:43:58.937,15346,15347,15346,3,-3
2022-08-17 15:43:59.270,15345,15346,15345,1,-1
2022-08-17 15:43:59.270,15345,15346,15345,4,-4
2022-08-17 15:43:59.516,15345,15346,15345,1,-1
2022-08-17 15:43:59.516,15345,15346,15344,2,-2
2022-08-17 15:43:59.608,15344,15346,15346,1,1
2022-08-17 15:43:59.918,15344,15346,15346,1,1
2022-08-17 15:44:00.429,15345,15346,15346,1,1
2022-08-17 15:44:00.429,15345,15346,15346,8,8
2022-08-17 15:44:01.122,15345,15347,15345,1,-1
2022-08-17 15:44:02.549,15345,15347,15345,1,-1
2022-08-17 15:44:03.164,15346,15347,15346,1,-1
2022-08-17 15:44:03.164,15346,15347,15345,3,-3
2022-08-17 15:44:03.491,15346,15347,15346,1,-1
2022-08-17 15:44:04.399,15346,15347,15346,1,-1
2022-08-17 15:44:12.192,15346,15347,15347,1,1
2022-08-17 15:44:13.782,15346,15347,15346,2,-2
2022-08-17 15:44:13.801,15345,15346,15345,2,-2
2022-08-17 15:44:13.801,15345,15346,15345,1,-1
2022-08-17 15:44:13.801,15345,15346,15345,1,-1
2022-08-17 15:44:13.802,15345,15346,15345,1,-1
2022-08-17 15:44:13.802,15345,15346,15345,1,-1
2022-08-17 15:44:13.802,15345,15346,15345,3,-3
2022-08-17 15:44:13.803,15345,15346,15344,1,-1
2022-08-17 15:44:13.805,15345,15346,15344,1,-1
2022-08-17 15:44:13.928,15344,15345,15344,2,-2
2022-08-17 15:44:14.052,15343,15344,15343,2,-2
2022-08-17 15:44:14.061,15343,15344,15344,1,1
2022-08-17 15:44:14.061,15343,15344,15343,11,-11
2022-08-17 15:44:14.063,15343,15344,15344,2,2
2022-08-17 15:44:14.066,15343,15344,15344,1,1
2022-08-17 15:44:14.255,15343,15344,15344,3,3
2022-08-17 15:44:15.205,15343,15344,15344,11,11
2022-08-17 15:44:15.307,15345,15346,15346,3,3
2022-08-17 15:44:20.031,15345,15346,15345,1,-1
2022-08-17 15:44:20.491,15345,15346,15346,1,1
2022-08-17 15:44:21.280,15345,15346,15346,1,1
2022-08-17 15:44:21.301,15345,15347,15345,1,-1
2022-08-17 15:44:21.301,15345,15347,15345,1,-1
2022-08-17 15:44:21.301,15345,15347,15345,1,-1
2022-08-17 15:44:21.301,15345,15347,15345,1,-1
2022-08-17 15:44:21.301,15345,15347,15345,1,-1
2022-08-17 15:44:21.302,15345,15347,15345,1,-1
2022-08-17 15:44:21.302,15345,15347,15345,1,-1
2022-08-17 15:44:21.305,15345,15347,15345,1,-1
2022-08-17 15:44:24.286,15345,15347,15347,1,1
2022-08-17 15:44:24.573,15346,15347,15346,1,-1
2022-08-17 15:44:26.169,15345,15346,15345,2,-2
2022-08-17 15:44:26.282,15345,15346,15346,1,1
2022-08-17 15:44:29.901,15345,15346,15346,2,2
2022-08-17 15:44:32.743,15345,15346,15346,3,3
2022-08-17 15:44:32.898,15345,15346,15346,2,2
2022-08-17 15:44:33.529,15346,15347,15346,1,-1
2022-08-17 15:44:38.394,15346,15347,15347,1,1
2022-08-17 15:44:38.646,15346,15347,15347,1,1
2022-08-17 15:44:38.696,15346,15347,15347,1,1
2022-08-17 15:44:39.386,15346,15347,15347,2,2
2022-08-17 15:44:39.427,15347,15348,15347,1,-1
2022-08-17 15:44:39.470,15347,15348,15348,2,2
2022-08-17 15:44:40.725,15347,15348,15348,1,1
2022-08-17 15:44:42.754,15347,15348,15347,1,-1
2022-08-17 15:44:44.457,15346,15347,15346,1,-1
2022-08-17 15:44:45.363,15346,15347,15347,1,1
2022-08-17 15:44:47.427,15346,15347,15346,1,-1
2022-08-17 15:44:47.893,15346,15347,15346,1,-1
2022-08-17 15:44:47.999,15346,15347,15346,5,-5
2022-08-17 15:44:51.212,15345,15346,15346,1,1
2022-08-17 15:44:51.754,15345,15346,15346,1,1
2022-08-17 15:44:53.989,15345,15346,15346,1,1
2022-08-17 15:44:54.670,15345,15346,15346,4,4
2022-08-17 15:44:56.928,15346,15347,15346,1,-1
2022-08-17 15:44:57.881,15345,15346,15345,1,-1
2022-08-17 15:44:58.104,15345,15346,15345,4,-4
2022-08-17 15:44:58.304,15345,15346,15346,1,1
2022-08-17 15:45:01.094,15346,15347,15346,1,-1
2022-08-17 15:45:01.251,15346,15347,15346,1,-1
2022-08-17 15:45:01.443,15346,15347,15346,1,-1
2022-08-17 15:45:01.443,15346,15347,15345,3,-3
2022-08-17 15:45:01.955,15345,15347,15346,1,-1
2022-08-17 15:45:02.259,15345,15347,15347,3,3
2022-08-17 15:45:03.561,15346,15348,15347,1,1
2022-08-17 15:45:03.677,15346,15348,15346,1,-1
2022-08-17 15:45:03.835,15346,15348,15346,1,-1
2022-08-17 15:45:04.270,15346,15348,15347,1,-1
2022-08-17 15:45:04.737,15347,15348,15347,1,-1
2022-08-17 15:45:04.919,15346,15348,15346,1,-1
2022-08-17 15:45:05.032,15346,15348,15346,2,-2
2022-08-17 15:45:07.751,15346,15348,15346,1,-1
2022-08-17 15:45:08.129,15346,15348,15346,2,-2
2022-08-17 15:45:12.789,15346,15348,15347,1,-1
2022-08-17 15:45:16.317,15346,15347,15347,1,1
2022-08-17 15:45:17.196,15347,15348,15348,1,1
2022-08-17 15:45:18.029,15347,15348,15348,7,7
2022-08-17 15:45:18.131,15348,15349,15348,1,-1
2022-08-17 15:45:23.939,15347,15348,15348,1,1
2022-08-17 15:45:23.940,15347,15348,15348,1,1
2022-08-17 15:45:30.446,15349,15350,15349,1,-1
2022-08-17 15:45:30.446,15349,15350,15348,1,-1
2022-08-17 15:45:33.440,15348,15349,15350,1,1
2022-08-17 15:45:33.606,15348,15350,15350,2,2
2022-08-17 15:45:34.560,15349,15350,15349,1,-1
2022-08-17 15:45:39.150,15349,15350,15350,1,1
2022-08-17 15:45:44.797,15349,15350,15350,1,1
2022-08-17 15:45:48.906,15349,15350,15350,1,1
2022-08-17 15:45:49.248,15349,15350,15350,1,1
2022-08-17 15:45:50.506,15349,15350,15350,1,1
2022-08-17 15:45:53.000,15349,15350,15349,1,-1
2022-08-17 15:45:54.677,15349,15350,15349,2,-2
2022-08-17 15:45:55.289,15349,15350,15350,1,1
2022-08-17 15:45:57.248,15349,15350,15349,3,-3
2022-08-17 15:45:57.421,15349,15350,15349,1,-1
2022-08-17 15:46:01.574,15349,15350,15349,1,-1
2022-08-17 15:46:11.251,15349,15350,15350,1,1
2022-08-17 15:46:11.912,15349,15350,15349,1,-1
2022-08-17 15:46:17.177,15349,15350,15349,3,-3
2022-08-17 15:46:17.302,15349,15350,15349,1,-1
2022-08-17 15:46:19.254,15349,15350,15350,2,2
2022-08-17 15:46:19.302,15349,15350,15349,1,-1
2022-08-17 15:46:19.816,15349,15350,15350,3,3
2022-08-17 15:46:20.343,15349,15350,15350,4,4
2022-08-17 15:46:23.179,15350,15351,15350,1,-1
2022-08-17 15:46:27.160,15350,15351,15350,2,-2
2022-08-17 15:46:28.596,15349,15350,15350,3,3
2022-08-17 15:46:28.676,15350,15351,15350,1,-1
2022-08-17 15:46:28.677,15350,15351,15350,1,-1
2022-08-17 15:46:28.681,15350,15351,15350,1,-1
2022-08-17 15:46:29.222,15349,15351,15350,1,-1
2022-08-17 15:46:30.193,15349,15351,15349,1,-1
2022-08-17 15:46:32.741,15349,15351,15349,1,-1
2022-08-17 15:46:33.219,15349,15351,15351,1,1
2022-08-17 15:46:35.979,15350,15351,15350,1,-1
2022-08-17 15:46:36.885,15350,15351,15351,1,1
2022-08-17 15:46:38.116,15350,15351,15350,1,-1
2022-08-17 15:46:38.191,15350,15351,15350,1,-1
2022-08-17 15:46:38.191,15350,15351,15349,1,-1
2022-08-17 15:46:44.748,15349,15350,15350,1,1
2022-08-17 15:46:46.659,15349,15350,15349,1,-1
2022-08-17 15:46:52.362,15349,15350,15350,2,2
2022-08-17 15:46:56.927,15349,15350,15350,1,1
2022-08-17 15:46:57.305,15349,15350,15350,1,1
2022-08-17 15:47:00.230,15349,15350,15349,1,-1
2022-08-17 15:47:04.274,15349,15350,15350,5,5
2022-08-17 15:47:05.170,15349,15350,15350,2,2
2022-08-17 15:47:05.170,15349,15350,15351,1,1
2022-08-17 15:47:10.711,15349,15350,15349,3,-3
2022-08-17 15:47:10.746,15349,15350,15350,1,1
2022-08-17 15:47:13.913,15349,15350,15349,1,-1
2022-08-17 15:47:14.231,15349,15350,15350,1,1
2022-08-17 15:47:14.912,15349,15350,15349,1,-1
2022-08-17 15:47:15.666,15349,15350,15349,2,-2
2022-08-17 15:47:15.705,15349,15350,15349,1,-1
2022-08-17 15:47:15.705,15349,15350,15349,1,-1
2022-08-17 15:47:15.881,15348,15350,15350,4,4
2022-08-17 15:47:22.886,15349,15350,15350,1,1
2022-08-17 15:47:27.793,15349,15350,15349,1,-1
2022-08-17 15:47:28.526,15349,15350,15349,1,-1
2022-08-17 15:47:29.655,15349,15350,15349,1,-1
2022-08-17 15:47:29.775,15348,15349,15348,3,-3
2022-08-17 15:47:29.820,15348,15349,15348,1,-1
2022-08-17 15:47:39.234,15348,15349,15348,3,-3
2022-08-17 15:47:39.235,15348,15349,15348,2,-2
2022-08-17 15:47:39.399,15347,15348,15347,1,-1
2022-08-17 15:47:39.418,15347,15348,15347,1,-1
2022-08-17 15:47:39.510,15347,15348,15347,2,-2
2022-08-17 15:47:39.510,15347,15348,15347,6,-6
2022-08-17 15:47:39.511,15347,15348,15347,13,-13
2022-08-17 15:47:39.816,15346,15348,15348,5,5
2022-08-17 15:47:42.415,15346,15348,15348,1,1
2022-08-17 15:47:43.721,15347,15348,15347,1,-1
2022-08-17 15:47:46.085,15347,15348,15347,1,-1
2022-08-17 15:47:52.795,15347,15348,15348,1,1
2022-08-17 15:47:53.082,15348,15349,15348,1,-1
2022-08-17 15:47:54.813,15348,15349,15348,1,-1
2022-08-17 15:47:55.502,15348,15349,15348,1,-1
2022-08-17 15:47:57.395,15348,15349,15348,1,-1
2022-08-17 15:48:05.988,15348,15349,15349,1,1
2022-08-17 15:48:07.972,15348,15349,15348,1,-1
2022-08-17 15:48:19.941,15348,15349,15348,6,-6
2022-08-17 15:48:25.111,15347,15348,15348,1,1
2022-08-17 15:48:25.111,15347,15348,15348,1,1
2022-08-17 15:48:31.781,15348,15349,15349,1,1
2022-08-17 15:48:32.942,15348,15350,15350,1,1
2022-08-17 15:48:36.753,15349,15350,15349,1,-1
2022-08-17 15:48:39.773,15349,15350,15350,10,10
2022-08-17 15:48:43.105,15350,15351,15350,1,-1
2022-08-17 15:48:51.333,15349,15350,15350,1,1
2022-08-17 15:48:51.333,15349,15350,15351,1,1
2022-08-17 15:48:53.758,15350,15351,15351,1,1
2022-08-17 15:49:07.164,15350,15351,15350,1,-1
2022-08-17 15:49:14.368,15350,15351,15351,3,3
2022-08-17 15:49:14.655,15350,15351,15350,3,-3
2022-08-17 15:49:16.656,15349,15351,15351,1,1
2022-08-17 15:49:21.985,15349,15351,15351,1,1
2022-08-17 15:49:27.659,15350,15351,15351,1,1
2022-08-17 15:49:29.340,15350,15351,15351,1,1
2022-08-17 15:49:36.112,15349,15350,15350,1,1
2022-08-17 15:49:40.587,15349,15350,15349,1,-1
2022-08-17 15:49:40.588,15349,15350,15349,2,-2
2022-08-17 15:49:49.822,15348,15349,15348,1,-1
2022-08-17 15:49:50.612,15348,15349,15349,1,1
2022-08-17 15:49:52.241,15348,15349,15349,3,3
2022-08-17 15:49:52.724,15348,15349,15348,1,-1
2022-08-17 15:49:53.315,15348,15349,15348,1,-1
2022-08-17 15:49:54.482,15348,15349,15349,1,1
2022-08-17 15:49:55.912,15348,15349,15349,1,1
2022-08-17 15:49:56.655,15349,15350,15349,1,-1
2022-08-17 15:49:56.655,15349,15350,15349,1,-1
2022-08-17 15:49:57.997,15348,15350,15348,3,-3
2022-08-17 15:50:04.717,15348,15349,15348,1,-1
2022-08-17 15:50:04.940,15348,15349,15349,1,1
2022-08-17 15:50:04.947,15348,15349,15350,1,1
2022-08-17 15:50:05.008,15348,15349,15350,1,1
2022-08-17 15:50:05.033,15348,15349,15350,1,1
2022-08-17 15:50:05.052,15348,15350,15350,1,1
2022-08-17 15:50:05.060,15348,15350,15350,1,1
2022-08-17 15:50:05.080,15348,15350,15350,1,1
2022-08-17 15:50:05.103,15348,15350,15350,1,1
2022-08-17 15:50:05.105,15348,15350,15350,1,1
2022-08-17 15:50:05.134,15348,15350,15350,1,1
2022-08-17 15:50:05.138,15348,15350,15350,1,1
2022-08-17 15:50:05.139,15348,15350,15350,1,1
2022-08-17 15:50:05.143,15348,15350,15350,1,1
2022-08-17 15:50:05.143,15348,15350,15350,1,1
2022-08-17 15:50:05.144,15348,15350,15350,1,1
2022-08-17 15:50:05.151,15348,15350,15350,1,1
2022-08-17 15:50:05.159,15348,15350,15350,1,1
2022-08-17 15:50:05.168,15348,15350,15350,1,1
2022-08-17 15:50:05.178,15349,15351,15351,1,1
2022-08-17 15:50:05.193,15349,15351,15351,1,1
2022-08-17 15:50:05.193,15349,15351,15351,1,1
2022-08-17 15:50:05.218,15349,15351,15351,1,1
2022-08-17 15:50:05.218,15349,15351,15351,1,1
2022-08-17 15:50:05.240,15349,15351,15351,1,1
2022-08-17 15:50:05.243,15349,15351,15351,1,1
2022-08-17 15:50:05.250,15349,15351,15351,1,1
2022-08-17 15:50:05.289,15349,15351,15351,1,1
2022-08-17 15:50:13.541,15349,15350,15349,2,-2
2022-08-17 15:50:24.958,15349,15350,15350,1,1
2022-08-17 15:50:24.958,15349,15350,15350,1,1
2022-08-17 15:50:26.427,15350,15351,15351,1,1
2022-08-17 15:50:26.842,15350,15351,15350,1,-1
2022-08-17 15:50:34.041,15350,15351,15350,1,-1
2022-08-17 15:50:38.223,15350,15351,15351,1,1
2022-08-17 15:50:40.485,15350,15351,15351,1,1
2022-08-17 15:50:50.738,15350,15351,15350,1,-1
2022-08-17 15:50:51.380,15350,15351,15350,1,-1
2022-08-17 15:50:51.380,15350,15351,15350,3,-3
2022-08-17 15:50:51.381,15350,15351,15350,1,-1
2022-08-17 15:50:53.011,15349,15350,15349,4,-4
2022-08-17 15:50:58.324,15349,15350,15349,1,-1
