2024-03-28 15:00:00.037,20192,20195,20192,123,-123
2024-03-28 15:00:00.039,20192,20195,20192,1,-1
2024-03-28 15:00:00.039,20192,20195,20192,1,-1
2024-03-28 15:00:00.040,20192,20195,20192,1,-1
2024-03-28 15:00:00.040,20192,20195,20191,1,-1
2024-03-28 15:00:00.042,20192,20195,20191,8,-8
2024-03-28 15:00:00.079,20190,20195,20190,1,-1
2024-03-28 15:00:00.285,20192,20194,20192,1,-1
2024-03-28 15:00:00.322,20192,20195,20193,1,-1
2024-03-28 15:00:00.347,20192,20195,20192,1,-1
2024-03-28 15:00:00.372,20192,20195,20195,1,1
2024-03-28 15:00:00.430,20192,20195,20193,1,-1
2024-03-28 15:00:00.501,20192,20195,20192,1,-1
2024-03-28 15:00:00.577,20193,20195,20195,2,2
2024-03-28 15:00:00.586,20193,20195,20195,3,3
2024-03-28 15:00:00.632,20193,20195,20195,1,1
2024-03-28 15:00:00.929,20193,20196,20193,1,-1
2024-03-28 15:00:00.930,20193,20196,20193,1,-1
2024-03-28 15:00:00.931,20193,20196,20196,1,1
2024-03-28 15:00:00.936,20193,20196,20196,1,1
2024-03-28 15:00:01.073,20194,20196,20194,1,-1
2024-03-28 15:00:01.275,20194,20196,20194,1,-1
2024-03-28 15:00:01.482,20194,20196,20196,2,2
2024-03-28 15:00:01.482,20194,20196,20196,1,1
2024-03-28 15:00:01.915,20195,20197,20195,1,-1
2024-03-28 15:00:01.915,20195,20197,20194,1,-1
2024-03-28 15:00:02.014,20195,20197,20194,1,-1
2024-03-28 15:00:02.121,20194,20196,20197,1,1
2024-03-28 15:00:02.121,20194,20196,20196,2,2
2024-03-28 15:00:02.122,20194,20196,20195,1,1
2024-03-28 15:00:02.122,20194,20196,20194,1,-1
2024-03-28 15:00:02.561,20194,20195,20195,2,2
2024-03-28 15:00:02.610,20194,20195,20197,2,2
2024-03-28 15:00:03.069,20195,20197,20197,1,1
2024-03-28 15:00:04.471,20196,20197,20196,2,-2
2024-03-28 15:00:04.471,20196,20197,20195,2,-2
2024-03-28 15:00:05.953,20195,20196,20195,1,-1
2024-03-28 15:00:06.295,20195,20196,20195,4,-4
2024-03-28 15:00:06.295,20195,20196,20195,1,-1
2024-03-28 15:00:06.654,20193,20195,20195,2,2
2024-03-28 15:00:07.215,20194,20196,20196,2,2
2024-03-28 15:00:07.372,20194,20196,20196,1,1
2024-03-28 15:00:08.638,20193,20195,20193,12,-12
2024-03-28 15:00:08.970,20192,20194,20192,2,-2
2024-03-28 15:00:09.912,20192,20194,20192,1,-1
2024-03-28 15:00:11.060,20192,20193,20192,2,-2
2024-03-28 15:00:11.061,20192,20193,20192,1,-1
2024-03-28 15:00:11.061,20192,20193,20192,1,-1
2024-03-28 15:00:11.708,20192,20193,20192,1,-1
2024-03-28 15:00:13.311,20192,20193,20192,1,-1
2024-03-28 15:00:13.569,20192,20193,20193,1,1
2024-03-28 15:00:13.935,20192,20193,20192,1,-1
2024-03-28 15:00:14.064,20192,20193,20193,1,1
2024-03-28 15:00:15.034,20192,20193,20193,1,1
2024-03-28 15:00:15.907,20192,20193,20193,1,1
2024-03-28 15:00:15.908,20192,20193,20194,3,3
2024-03-28 15:00:15.908,20192,20193,20194,1,1
2024-03-28 15:00:15.931,20193,20195,20193,1,-1
2024-03-28 15:00:15.937,20193,20195,20193,1,-1
2024-03-28 15:00:16.039,20193,20194,20193,1,-1
2024-03-28 15:00:16.599,20192,20193,20193,1,1
2024-03-28 15:00:17.288,20193,20194,20194,2,2
2024-03-28 15:00:18.128,20193,20195,20194,1,1
2024-03-28 15:00:18.128,20193,20195,20193,9,-9
2024-03-28 15:00:18.128,20193,20195,20192,15,-15
2024-03-28 15:00:19.758,20192,20194,20194,3,3
2024-03-28 15:00:20.193,20193,20194,20194,1,1
2024-03-28 15:00:21.018,20193,20195,20195,3,3
2024-03-28 15:00:21.403,20194,20195,20194,1,-1
2024-03-28 15:00:22.775,20194,20195,20195,2,2
2024-03-28 15:00:22.776,20194,20195,20195,5,5
2024-03-28 15:00:22.804,20195,20196,20195,1,-1
2024-03-28 15:00:23.668,20194,20196,20196,2,2
2024-03-28 15:00:24.517,20195,20196,20196,1,1
2024-03-28 15:00:25.206,20195,20196,20195,6,-6
2024-03-28 15:00:25.206,20195,20196,20194,4,-4
2024-03-28 15:00:25.423,20194,20196,20196,1,1
2024-03-28 15:00:25.447,20194,20196,20194,4,-4
2024-03-28 15:00:27.311,20194,20195,20195,1,1
2024-03-28 15:00:28.062,20195,20197,20195,6,-6
2024-03-28 15:00:29.876,20194,20195,20194,1,-1
2024-03-28 15:00:30.194,20194,20195,20195,5,5
2024-03-28 15:00:30.745,20194,20195,20195,3,3
2024-03-28 15:00:30.853,20194,20195,20195,2,2
2024-03-28 15:00:30.853,20194,20195,20195,2,2
2024-03-28 15:00:30.853,20194,20195,20195,9,9
2024-03-28 15:00:31.042,20195,20197,20195,5,-5
2024-03-28 15:00:31.655,20194,20196,20194,1,-1
2024-03-28 15:00:32.329,20194,20196,20194,6,-6
2024-03-28 15:00:34.093,20194,20195,20194,1,-1
2024-03-28 15:00:34.316,20194,20195,20195,2,2
2024-03-28 15:00:35.322,20195,20196,20195,2,-2
2024-03-28 15:00:38.135,20195,20196,20196,1,1
2024-03-28 15:00:41.998,20195,20196,20195,1,-1
2024-03-28 15:00:42.233,20195,20196,20195,2,-2
2024-03-28 15:00:44.142,20194,20195,20195,1,1
2024-03-28 15:00:44.183,20194,20195,20194,1,-1
2024-03-28 15:00:44.183,20194,20195,20194,1,-1
2024-03-28 15:00:46.387,20193,20195,20193,2,-2
2024-03-28 15:00:48.427,20194,20195,20194,1,-1
2024-03-28 15:00:48.974,20193,20194,20194,2,2
2024-03-28 15:00:52.904,20193,20194,20193,1,-1
2024-03-28 15:00:53.662,20193,20194,20194,1,1
2024-03-28 15:00:54.635,20193,20194,20194,2,2
2024-03-28 15:00:55.971,20193,20194,20193,1,-1
2024-03-28 15:00:55.975,20193,20194,20193,1,-1
2024-03-28 15:00:56.018,20193,20194,20193,3,-3
2024-03-28 15:00:59.564,20193,20194,20193,1,-1
2024-03-28 15:00:59.979,20193,20194,20194,2,2
2024-03-28 15:00:59.994,20193,20194,20194,2,2
2024-03-28 15:00:59.994,20193,20194,20195,2,2
2024-03-28 15:01:00.209,20193,20194,20193,2,-2
2024-03-28 15:01:00.235,20193,20194,20193,1,-1
2024-03-28 15:01:00.235,20193,20194,20193,5,-5
2024-03-28 15:01:00.258,20193,20194,20192,2,-2
2024-03-28 15:01:00.291,20192,20194,20192,1,-1
2024-03-28 15:01:01.020,20192,20193,20193,6,6
2024-03-28 15:01:01.020,20192,20193,20193,1,1
2024-03-28 15:01:01.055,20193,20194,20194,1,1
2024-03-28 15:01:01.056,20193,20194,20194,1,1
2024-03-28 15:01:02.055,20193,20195,20195,6,6
2024-03-28 15:01:02.702,20193,20195,20193,10,-10
2024-03-28 15:01:03.140,20193,20194,20194,1,1
2024-03-28 15:01:04.718,20193,20194,20193,1,-1
2024-03-28 15:01:06.523,20193,20194,20194,1,1
2024-03-28 15:01:07.076,20193,20194,20193,8,-8
2024-03-28 15:01:07.816,20192,20193,20192,1,-1
2024-03-28 15:01:07.816,20192,20193,20192,6,-6
2024-03-28 15:01:07.816,20192,20193,20192,4,-4
2024-03-28 15:01:07.816,20192,20193,20192,1,-1
2024-03-28 15:01:07.816,20192,20193,20192,2,-2
2024-03-28 15:01:07.816,20192,20193,20192,3,-3
2024-03-28 15:01:07.817,20192,20193,20192,4,-4
2024-03-28 15:01:07.817,20192,20193,20192,5,-5
2024-03-28 15:01:07.817,20192,20193,20192,8,-8
2024-03-28 15:01:09.652,20191,20192,20191,1,-1
2024-03-28 15:01:13.001,20191,20192,20192,13,13
2024-03-28 15:01:13.002,20191,20192,20192,1,1
2024-03-28 15:01:13.023,20191,20192,20192,1,1
2024-03-28 15:01:13.092,20192,20193,20192,1,-1
2024-03-28 15:01:13.406,20192,20193,20192,1,-1
2024-03-28 15:01:17.069,20192,20193,20193,6,6
2024-03-28 15:01:17.092,20192,20193,20193,1,1
2024-03-28 15:01:17.096,20192,20193,20193,1,1
2024-03-28 15:01:18.219,20193,20194,20193,1,-1
2024-03-28 15:01:19.439,20193,20194,20194,13,13
2024-03-28 15:01:19.439,20193,20194,20195,20,20
2024-03-28 15:01:19.439,20193,20194,20196,17,17
2024-03-28 15:01:22.658,20194,20196,20194,1,-1
2024-03-28 15:01:24.019,20194,20196,20196,1,1
2024-03-28 15:01:32.740,20194,20196,20196,3,3
2024-03-28 15:01:36.007,20194,20196,20196,1,1
2024-03-28 15:01:36.514,20194,20196,20195,1,1
2024-03-28 15:01:37.985,20195,20196,20195,1,-1
2024-03-28 15:01:38.179,20194,20195,20194,1,-1
2024-03-28 15:01:42.712,20194,20195,20194,1,-1
2024-03-28 15:01:44.147,20194,20195,20195,2,2
2024-03-28 15:01:45.273,20194,20195,20194,10,-10
2024-03-28 15:01:50.974,20194,20195,20194,1,-1
2024-03-28 15:02:01.085,20193,20194,20194,2,2
2024-03-28 15:02:10.268,20193,20194,20194,2,2
2024-03-28 15:02:14.549,20193,20194,20194,6,6
2024-03-28 15:02:14.549,20193,20194,20195,11,11
2024-03-28 15:02:14.572,20193,20194,20194,1,1
2024-03-28 15:02:14.575,20193,20194,20194,1,1
2024-03-28 15:02:18.540,20194,20195,20195,1,1
2024-03-28 15:02:21.803,20194,20196,20196,1,1
2024-03-28 15:02:28.123,20194,20196,20195,1,1
2024-03-28 15:02:29.640,20195,20196,20195,1,-1
2024-03-28 15:02:33.379,20195,20196,20196,1,1
2024-03-28 15:02:36.318,20195,20196,20195,1,-1
2024-03-28 15:02:37.124,20195,20196,20195,1,-1
2024-03-28 15:02:40.222,20195,20196,20195,6,-6
2024-03-28 15:02:40.562,20195,20196,20195,1,-1
2024-03-28 15:02:44.470,20194,20195,20194,1,-1
2024-03-28 15:02:48.304,20194,20195,20194,1,-1
2024-03-28 15:02:48.570,20194,20195,20194,1,-1
2024-03-28 15:02:48.733,20194,20195,20194,1,-1
2024-03-28 15:02:51.155,20194,20195,20195,1,1
2024-03-28 15:02:52.353,20194,20195,20195,1,1
2024-03-28 15:02:53.631,20194,20195,20195,3,3
2024-03-28 15:02:53.631,20194,20195,20195,1,1
2024-03-28 15:02:54.997,20195,20196,20195,2,-2
2024-03-28 15:02:58.147,20195,20196,20195,1,-1
2024-03-28 15:03:00.032,20195,20196,20196,1,1
2024-03-28 15:03:00.036,20195,20196,20196,1,1
2024-03-28 15:03:00.036,20195,20196,20196,10,10
2024-03-28 15:03:00.431,20196,20197,20196,2,-2
2024-03-28 15:03:00.892,20196,20197,20196,1,-1
2024-03-28 15:03:03.129,20195,20197,20195,5,-5
2024-03-28 15:03:06.763,20195,20196,20196,1,1
2024-03-28 15:03:12.654,20195,20196,20196,1,1
2024-03-28 15:03:12.654,20195,20196,20197,1,1
2024-03-28 15:03:14.514,20196,20197,20197,3,3
2024-03-28 15:03:16.141,20197,20198,20198,1,1
2024-03-28 15:03:16.570,20197,20198,20197,1,-1
2024-03-28 15:03:18.224,20197,20198,20198,1,1
2024-03-28 15:03:18.225,20197,20198,20198,1,1
2024-03-28 15:03:19.874,20198,20199,20198,1,-1
2024-03-28 15:03:20.220,20198,20199,20198,1,-1
2024-03-28 15:03:20.638,20197,20198,20198,2,2
2024-03-28 15:03:23.422,20198,20199,20199,1,1
2024-03-28 15:03:23.597,20198,20199,20199,1,1
2024-03-28 15:03:23.645,20198,20199,20199,1,1
2024-03-28 15:03:23.646,20198,20199,20199,1,1
2024-03-28 15:03:29.641,20199,20200,20199,1,-1
2024-03-28 15:03:29.688,20198,20200,20198,6,-6
2024-03-28 15:03:29.752,20198,20200,20198,1,-1
2024-03-28 15:03:29.816,20196,20198,20196,2,-2
2024-03-28 15:03:30.735,20196,20198,20198,1,1
2024-03-28 15:03:32.612,20196,20198,20198,1,1
2024-03-28 15:03:38.036,20196,20197,20197,1,1
2024-03-28 15:03:39.116,20196,20197,20197,1,1
2024-03-28 15:03:40.229,20196,20197,20196,4,-4
2024-03-28 15:03:46.270,20196,20197,20197,3,3
2024-03-28 15:03:47.086,20196,20198,20196,1,-1
2024-03-28 15:03:54.956,20196,20197,20196,1,-1
2024-03-28 15:03:58.641,20196,20197,20196,1,-1
2024-03-28 15:03:59.516,20196,20197,20196,1,-1
2024-03-28 15:04:00.055,20196,20197,20196,1,-1
2024-03-28 15:04:00.055,20196,20197,20195,2,-2
2024-03-28 15:04:08.686,20195,20196,20195,1,-1
2024-03-28 15:04:08.687,20195,20196,20195,1,-1
2024-03-28 15:04:08.687,20195,20196,20195,4,-4
2024-03-28 15:04:08.857,20194,20195,20194,2,-2
2024-03-28 15:04:11.457,20194,20195,20194,2,-2
2024-03-28 15:04:13.556,20193,20195,20193,1,-1
2024-03-28 15:04:13.982,20193,20194,20193,1,-1
2024-03-28 15:04:14.606,20193,20194,20194,1,1
2024-03-28 15:04:15.325,20193,20194,20193,1,-1
2024-03-28 15:04:15.350,20193,20194,20193,1,-1
2024-03-28 15:04:15.503,20193,20194,20193,3,-3
2024-03-28 15:04:15.861,20193,20194,20194,1,1
2024-03-28 15:04:19.326,20193,20195,20193,1,-1
2024-03-28 15:04:19.890,20193,20195,20193,1,-1
2024-03-28 15:04:34.616,20193,20194,20193,1,-1
2024-03-28 15:04:40.212,20193,20194,20193,2,-2
2024-03-28 15:04:40.212,20193,20194,20193,9,-9
2024-03-28 15:04:40.213,20193,20194,20192,3,-3
2024-03-28 15:04:40.764,20191,20192,20192,1,1
2024-03-28 15:04:45.852,20191,20192,20191,3,-3
2024-03-28 15:04:47.449,20191,20192,20191,2,-2
2024-03-28 15:04:50.735,20191,20192,20191,3,-3
2024-03-28 15:04:50.809,20191,20192,20192,4,4
2024-03-28 15:04:53.633,20191,20192,20192,1,1
2024-03-28 15:04:54.690,20192,20193,20192,2,-2
2024-03-28 15:04:57.525,20191,20193,20192,4,-4
2024-03-28 15:04:59.359,20192,20193,20193,3,3
2024-03-28 15:05:00.435,20192,20193,20192,1,-1
2024-03-28 15:05:02.346,20192,20193,20193,2,2
2024-03-28 15:05:03.003,20193,20194,20194,3,3
2024-03-28 15:05:03.003,20193,20194,20195,2,2
2024-03-28 15:05:03.789,20193,20195,20193,1,-1
2024-03-28 15:05:05.094,20193,20195,20193,1,-1
2024-03-28 15:05:05.447,20193,20195,20195,1,1
2024-03-28 15:05:06.996,20194,20195,20194,1,-1
2024-03-28 15:05:07.179,20193,20195,20195,1,1
2024-03-28 15:05:09.171,20194,20196,20194,1,-1
2024-03-28 15:05:12.780,20193,20195,20195,1,1
2024-03-28 15:05:12.959,20193,20195,20195,1,1
2024-03-28 15:05:19.047,20193,20195,20193,10,-10
2024-03-28 15:05:21.207,20193,20194,20193,4,-4
2024-03-28 15:05:22.455,20193,20194,20193,1,-1
2024-03-28 15:05:22.756,20192,20194,20194,1,1
2024-03-28 15:05:29.244,20192,20193,20193,4,4
2024-03-28 15:05:31.574,20192,20194,20192,10,-10
2024-03-28 15:05:33.059,20191,20193,20191,1,-1
2024-03-28 15:05:36.929,20191,20193,20193,3,3
2024-03-28 15:05:37.920,20192,20194,20192,2,-2
2024-03-28 15:05:40.434,20191,20193,20191,1,-1
2024-03-28 15:05:41.949,20191,20192,20191,1,-1
2024-03-28 15:05:45.022,20191,20192,20193,1,1
2024-03-28 15:05:45.022,20191,20192,20192,7,7
2024-03-28 15:05:45.717,20191,20193,20191,4,-4
2024-03-28 15:05:45.717,20191,20193,20190,32,-32
2024-03-28 15:05:45.719,20191,20193,20190,6,-6
2024-03-28 15:05:49.597,20189,20190,20189,2,-2
2024-03-28 15:05:49.696,20189,20190,20189,1,-1
2024-03-28 15:05:50.591,20189,20190,20190,1,1
2024-03-28 15:05:51.619,20189,20190,20189,4,-4
2024-03-28 15:05:51.620,20189,20190,20188,2,-2
2024-03-28 15:05:51.620,20189,20190,20188,7,-7
2024-03-28 15:05:51.620,20189,20190,20188,1,-1
2024-03-28 15:05:51.621,20189,20190,20188,2,-2
2024-03-28 15:05:53.941,20187,20188,20187,2,-2
2024-03-28 15:05:53.942,20187,20188,20187,1,-1
2024-03-28 15:05:53.942,20187,20188,20187,7,-7
2024-03-28 15:05:53.942,20187,20188,20187,8,-8
2024-03-28 15:05:53.942,20187,20188,20187,4,-4
2024-03-28 15:05:54.312,20186,20187,20187,1,1
2024-03-28 15:05:54.312,20186,20187,20187,12,12
2024-03-28 15:05:54.314,20186,20187,20188,2,2
2024-03-28 15:05:54.357,20186,20187,20189,4,4
2024-03-28 15:05:55.408,20188,20190,20188,1,-1
2024-03-28 15:05:55.415,20188,20190,20188,1,-1
2024-03-28 15:06:03.436,20188,20189,20188,3,-3
2024-03-28 15:06:03.791,20188,20190,20188,2,-2
2024-03-28 15:06:03.808,20188,20190,20189,1,-1
2024-03-28 15:06:05.040,20188,20189,20188,1,-1
2024-03-28 15:06:05.040,20188,20189,20187,3,-3
2024-03-28 15:06:09.823,20188,20190,20188,5,-5
2024-03-28 15:06:10.003,20188,20189,20190,9,9
2024-03-28 15:06:10.003,20188,20189,20189,1,1
2024-03-28 15:06:11.330,20189,20190,20189,6,-6
2024-03-28 15:06:11.330,20189,20190,20188,4,-4
2024-03-28 15:06:17.112,20188,20189,20188,1,-1
2024-03-28 15:06:17.183,20188,20189,20188,2,-2
2024-03-28 15:06:26.290,20187,20188,20188,2,2
2024-03-28 15:06:26.291,20187,20188,20189,5,5
2024-03-28 15:06:28.007,20188,20190,20188,1,-1
2024-03-28 15:06:29.637,20188,20190,20188,2,-2
2024-03-28 15:06:30.043,20188,20189,20189,1,1
2024-03-28 15:06:30.816,20188,20190,20190,1,1
2024-03-28 15:06:31.219,20188,20190,20189,2,2
2024-03-28 15:06:31.720,20188,20190,20188,10,-10
2024-03-28 15:06:32.849,20188,20190,20188,1,-1
2024-03-28 15:06:33.190,20188,20190,20188,5,-5
2024-03-28 15:06:37.239,20188,20190,20188,2,-2
2024-03-28 15:06:39.287,20188,20190,20188,8,-8
2024-03-28 15:06:40.359,20188,20190,20188,1,-1
2024-03-28 15:06:43.454,20188,20189,20188,1,-1
2024-03-28 15:06:46.583,20188,20189,20188,2,-2
2024-03-28 15:06:47.051,20188,20189,20188,1,-1
2024-03-28 15:06:50.102,20187,20188,20188,1,1
2024-03-28 15:06:53.586,20187,20189,20187,13,-13
2024-03-28 15:06:58.241,20187,20188,20187,1,-1
2024-03-28 15:06:58.242,20187,20188,20187,3,-3
2024-03-28 15:06:59.211,20186,20188,20188,5,5
2024-03-28 15:06:59.512,20187,20189,20188,1,1
2024-03-28 15:06:59.513,20187,20189,20188,2,2
2024-03-28 15:07:01.704,20187,20189,20188,1,1
2024-03-28 15:07:02.132,20187,20189,20187,1,-1
2024-03-28 15:07:02.142,20187,20189,20188,1,-1
2024-03-28 15:07:02.790,20187,20189,20189,1,1
2024-03-28 15:07:04.785,20187,20189,20187,2,-2
2024-03-28 15:07:07.655,20187,20189,20189,7,7
2024-03-28 15:07:07.668,20188,20190,20188,1,-1
2024-03-28 15:07:07.677,20188,20190,20189,1,-1
2024-03-28 15:07:08.179,20188,20190,20189,2,-2
2024-03-28 15:07:09.859,20188,20190,20188,5,-5
2024-03-28 15:07:09.860,20188,20190,20189,1,-1
2024-03-28 15:07:12.825,20188,20190,20189,1,-1
2024-03-28 15:07:13.169,20188,20190,20189,4,-4
2024-03-28 15:07:13.824,20188,20190,20189,1,-1
2024-03-28 15:07:14.626,20188,20190,20190,1,1
2024-03-28 15:07:17.381,20188,20190,20188,1,-1
2024-03-28 15:07:20.223,20188,20189,20188,1,-1
2024-03-28 15:07:20.273,20188,20189,20188,4,-4
2024-03-28 15:07:21.057,20187,20189,20189,3,3
2024-03-28 15:07:28.597,20188,20190,20188,5,-5
2024-03-28 15:07:35.487,20188,20190,20189,2,-2
2024-03-28 15:07:35.488,20188,20190,20189,2,-2
2024-03-28 15:07:41.648,20188,20189,20189,2,2
2024-03-28 15:07:42.967,20188,20190,20190,1,1
2024-03-28 15:07:43.039,20188,20190,20190,1,1
2024-03-28 15:07:44.360,20188,20190,20190,1,1
2024-03-28 15:07:51.965,20188,20189,20189,5,5
2024-03-28 15:07:51.966,20188,20189,20189,1,1
2024-03-28 15:07:54.540,20188,20189,20189,1,1
2024-03-28 15:08:00.220,20188,20189,20188,4,-4
2024-03-28 15:08:01.256,20188,20189,20189,1,1
2024-03-28 15:08:08.366,20188,20190,20190,1,1
2024-03-28 15:08:08.539,20188,20190,20189,1,1
2024-03-28 15:08:09.020,20188,20190,20189,3,3
2024-03-28 15:08:10.756,20188,20189,20188,1,-1
2024-03-28 15:08:19.604,20188,20189,20188,10,-10
2024-03-28 15:08:20.224,20187,20188,20187,5,-5
2024-03-28 15:08:27.636,20187,20189,20187,2,-2
2024-03-28 15:08:29.104,20187,20188,20188,1,1
2024-03-28 15:08:29.113,20187,20188,20188,1,1
2024-03-28 15:08:33.051,20188,20189,20189,5,5
2024-03-28 15:08:33.051,20188,20189,20189,2,2
2024-03-28 15:08:33.051,20188,20189,20189,5,5
2024-03-28 15:08:33.051,20188,20189,20189,1,1
2024-03-28 15:08:33.074,20188,20189,20189,1,1
2024-03-28 15:08:35.894,20188,20190,20188,1,-1
2024-03-28 15:08:40.994,20189,20190,20190,4,4
2024-03-28 15:08:43.764,20189,20190,20190,1,1
2024-03-28 15:08:51.111,20189,20190,20189,1,-1
2024-03-28 15:08:53.649,20188,20190,20190,1,1
2024-03-28 15:08:55.029,20189,20190,20190,1,1
2024-03-28 15:09:02.334,20189,20190,20190,3,3
2024-03-28 15:09:02.884,20189,20190,20189,4,-4
2024-03-28 15:09:03.954,20188,20190,20190,1,1
2024-03-28 15:09:05.292,20189,20190,20189,1,-1
2024-03-28 15:09:09.725,20189,20190,20189,1,-1
2024-03-28 15:09:18.345,20189,20190,20189,4,-4
2024-03-28 15:09:18.568,20188,20190,20188,1,-1
2024-03-28 15:09:20.227,20188,20189,20188,3,-3
2024-03-28 15:09:20.284,20188,20189,20188,1,-1
2024-03-28 15:09:25.339,20188,20189,20188,1,-1
2024-03-28 15:09:27.297,20188,20189,20188,1,-1
2024-03-28 15:09:30.146,20188,20189,20189,1,1
2024-03-28 15:09:30.146,20188,20189,20189,1,1
2024-03-28 15:09:30.168,20189,20190,20189,1,-1
2024-03-28 15:09:30.536,20189,20190,20189,1,-1
2024-03-28 15:09:33.226,20189,20190,20190,1,1
2024-03-28 15:09:33.226,20189,20190,20190,1,1
2024-03-28 15:09:33.226,20189,20190,20190,1,1
2024-03-28 15:09:33.226,20189,20190,20190,1,1
2024-03-28 15:09:33.226,20189,20190,20190,5,5
2024-03-28 15:09:33.226,20189,20190,20190,3,3
2024-03-28 15:09:33.319,20189,20191,20191,1,1
2024-03-28 15:09:48.915,20190,20191,20190,1,-1
2024-03-28 15:09:49.895,20190,20191,20190,2,-2
2024-03-28 15:09:52.370,20190,20191,20190,1,-1
2024-03-28 15:09:55.799,20190,20191,20190,1,-1
2024-03-28 15:09:58.999,20190,20191,20191,24,24
2024-03-28 15:09:59.657,20191,20192,20192,1,1
2024-03-28 15:09:59.658,20191,20192,20192,2,2
2024-03-28 15:09:59.913,20192,20193,20192,12,-12
2024-03-28 15:10:00.699,20191,20193,20193,4,4
2024-03-28 15:10:01.327,20191,20193,20194,1,1
2024-03-28 15:10:01.327,20191,20193,20193,1,1
2024-03-28 15:10:01.339,20191,20193,20192,1,1
2024-03-28 15:10:01.699,20192,20194,20194,2,2
2024-03-28 15:10:01.765,20192,20194,20192,2,-2
2024-03-28 15:10:08.348,20192,20194,20192,2,-2
2024-03-28 15:10:18.519,20192,20193,20192,2,-2
2024-03-28 15:10:20.167,20192,20193,20192,1,-1
2024-03-28 15:10:20.167,20192,20193,20191,1,-1
2024-03-28 15:10:21.142,20191,20192,20191,1,-1
2024-03-28 15:10:40.850,20190,20191,20191,1,1
2024-03-28 15:10:41.332,20190,20191,20191,1,1
2024-03-28 15:10:42.340,20190,20191,20191,1,1
2024-03-28 15:10:43.142,20190,20191,20191,1,1
2024-03-28 15:10:43.203,20190,20191,20191,1,1
2024-03-28 15:10:44.338,20190,20191,20191,1,1
2024-03-28 15:10:46.654,20190,20191,20190,5,-5
2024-03-28 15:10:49.253,20190,20191,20190,1,-1
2024-03-28 15:10:50.293,20189,20191,20191,1,1
2024-03-28 15:11:01.342,20190,20191,20190,1,-1
2024-03-28 15:11:05.756,20190,20191,20191,2,2
2024-03-28 15:11:07.392,20190,20191,20190,4,-4
2024-03-28 15:11:07.392,20190,20191,20189,6,-6
2024-03-28 15:11:12.163,20189,20190,20189,4,-4
2024-03-28 15:11:12.163,20189,20190,20189,1,-1
2024-03-28 15:11:12.186,20189,20190,20189,1,-1
2024-03-28 15:11:14.103,20189,20190,20189,1,-1
2024-03-28 15:11:16.901,20188,20189,20189,1,1
2024-03-28 15:11:19.898,20188,20189,20188,9,-9
2024-03-28 15:11:19.898,20188,20189,20187,1,-1
2024-03-28 15:11:23.049,20187,20188,20187,1,-1
2024-03-28 15:11:24.612,20187,20189,20187,1,-1
2024-03-28 15:11:26.376,20187,20189,20187,1,-1
2024-03-28 15:11:27.106,20187,20189,20187,6,-6
2024-03-28 15:11:27.711,20187,20188,20187,5,-5
2024-03-28 15:11:27.712,20187,20188,20187,2,-2
2024-03-28 15:11:28.829,20186,20187,20186,4,-4
2024-03-28 15:11:28.889,20186,20187,20187,1,1
2024-03-28 15:11:29.711,20186,20187,20186,4,-4
2024-03-28 15:11:31.845,20186,20187,20186,1,-1
2024-03-28 15:11:31.912,20186,20187,20186,1,-1
2024-03-28 15:11:31.932,20186,20187,20186,4,-4
2024-03-28 15:11:32.033,20186,20187,20185,1,-1
2024-03-28 15:11:32.063,20185,20186,20185,1,-1
2024-03-28 15:11:32.091,20185,20186,20185,6,-6
2024-03-28 15:11:32.091,20185,20186,20185,3,-3
2024-03-28 15:11:32.091,20185,20186,20185,4,-4
2024-03-28 15:11:32.091,20185,20186,20185,2,-2
2024-03-28 15:11:32.091,20185,20186,20185,7,-7
2024-03-28 15:11:36.948,20185,20186,20185,1,-1
2024-03-28 15:11:37.408,20185,20186,20185,2,-2
2024-03-28 15:11:37.837,20185,20186,20185,2,-2
2024-03-28 15:11:38.660,20184,20185,20184,1,-1
2024-03-28 15:11:38.990,20184,20185,20185,1,1
2024-03-28 15:11:39.922,20184,20185,20184,10,-10
2024-03-28 15:11:41.144,20183,20184,20184,1,1
2024-03-28 15:11:41.759,20183,20184,20184,1,1
2024-03-28 15:11:41.887,20183,20184,20184,5,5
2024-03-28 15:11:42.130,20183,20185,20183,1,-1
2024-03-28 15:11:42.887,20183,20185,20185,3,3
2024-03-28 15:11:43.478,20184,20185,20185,3,3
2024-03-28 15:11:43.827,20184,20185,20184,1,-1
2024-03-28 15:11:43.877,20184,20185,20184,1,-1
2024-03-28 15:11:45.053,20183,20184,20183,2,-2
2024-03-28 15:11:45.906,20183,20184,20184,1,1
2024-03-28 15:11:48.592,20184,20185,20185,4,4
2024-03-28 15:11:48.592,20184,20185,20186,17,17
2024-03-28 15:11:48.593,20184,20185,20186,1,1
2024-03-28 15:11:48.594,20184,20185,20186,1,1
2024-03-28 15:11:48.615,20184,20185,20185,1,1
2024-03-28 15:11:48.631,20184,20185,20184,1,-1
2024-03-28 15:11:49.340,20184,20186,20184,2,-2
2024-03-28 15:11:52.412,20185,20186,20186,1,1
2024-03-28 15:11:55.746,20185,20187,20185,1,-1
2024-03-28 15:11:57.515,20185,20186,20185,2,-2
2024-03-28 15:12:00.217,20185,20186,20184,5,-5
2024-03-28 15:12:00.217,20185,20186,20185,1,-1
2024-03-28 15:12:00.741,20184,20185,20185,2,2
2024-03-28 15:12:00.741,20184,20185,20186,3,3
2024-03-28 15:12:05.343,20185,20186,20185,1,-1
2024-03-28 15:12:05.344,20185,20186,20185,3,-3
2024-03-28 15:12:07.534,20184,20186,20184,2,-2
2024-03-28 15:12:13.074,20184,20185,20184,5,-5
2024-03-28 15:12:13.074,20184,20185,20183,10,-10
2024-03-28 15:12:13.629,20183,20185,20184,1,-1
2024-03-28 15:12:17.361,20184,20185,20184,2,-2
2024-03-28 15:12:18.897,20184,20185,20184,4,-4
2024-03-28 15:12:18.897,20184,20185,20183,17,-17
2024-03-28 15:12:18.897,20184,20185,20182,4,-4
2024-03-28 15:12:18.925,20182,20184,20182,1,-1
2024-03-28 15:12:18.940,20182,20184,20182,2,-2
2024-03-28 15:12:19.929,20182,20184,20182,10,-10
2024-03-28 15:12:24.439,20181,20183,20181,3,-3
2024-03-28 15:12:24.614,20181,20183,20183,2,2
2024-03-28 15:12:24.666,20181,20183,20182,1,1
2024-03-28 15:12:32.013,20181,20182,20181,1,-1
2024-03-28 15:12:34.104,20181,20182,20181,1,-1
2024-03-28 15:12:34.258,20181,20182,20182,2,2
2024-03-28 15:12:35.385,20181,20183,20183,2,2
2024-03-28 15:12:35.693,20182,20183,20182,1,-1
2024-03-28 15:12:39.420,20182,20183,20183,1,1
2024-03-28 15:12:40.025,20183,20184,20183,1,-1
2024-03-28 15:12:40.441,20182,20183,20183,1,1
2024-03-28 15:12:42.783,20183,20184,20182,4,-4
2024-03-28 15:12:42.783,20183,20184,20183,1,-1
2024-03-28 15:12:43.071,20182,20184,20182,5,-5
2024-03-28 15:12:49.932,20182,20184,20184,1,1
2024-03-28 15:12:52.505,20182,20184,20184,1,1
2024-03-28 15:12:53.959,20182,20184,20184,2,2
2024-03-28 15:12:56.431,20182,20184,20182,1,-1
2024-03-28 15:13:00.467,20183,20184,20183,2,-2
2024-03-28 15:13:00.726,20183,20184,20184,1,1
2024-03-28 15:13:03.374,20183,20184,20184,1,1
2024-03-28 15:13:03.374,20183,20184,20184,1,1
2024-03-28 15:13:04.964,20183,20185,20183,9,-9
2024-03-28 15:13:04.964,20183,20185,20182,1,-1
2024-03-28 15:13:25.913,20183,20185,20185,2,2
2024-03-28 15:13:26.255,20183,20185,20183,2,-2
2024-03-28 15:13:28.782,20183,20184,20184,1,1
2024-03-28 15:13:29.081,20183,20185,20185,1,1
2024-03-28 15:13:30.090,20183,20185,20183,1,-1
2024-03-28 15:13:30.265,20183,20185,20183,2,-2
2024-03-28 15:13:34.480,20183,20184,20183,1,-1
2024-03-28 15:13:35.615,20183,20184,20184,2,2
2024-03-28 15:13:36.658,20183,20184,20184,1,1
2024-03-28 15:13:41.899,20183,20184,20184,1,1
2024-03-28 15:13:43.458,20183,20184,20184,1,1
2024-03-28 15:13:51.898,20183,20185,20183,1,-1
2024-03-28 15:13:59.226,20184,20185,20185,2,2
2024-03-28 15:14:01.941,20184,20185,20185,1,1
2024-03-28 15:14:02.959,20184,20185,20185,1,1
2024-03-28 15:14:02.960,20184,20185,20185,1,1
2024-03-28 15:14:05.760,20185,20186,20185,3,-3
2024-03-28 15:14:06.644,20184,20185,20185,1,1
2024-03-28 15:14:09.696,20184,20186,20186,1,1
2024-03-28 15:14:11.732,20184,20186,20184,5,-5
2024-03-28 15:14:12.007,20184,20186,20184,2,-2
2024-03-28 15:14:14.098,20184,20186,20184,1,-1
2024-03-28 15:14:20.230,20185,20186,20185,1,-1
2024-03-28 15:14:23.178,20185,20186,20185,2,-2
2024-03-28 15:14:23.178,20185,20186,20184,3,-3
2024-03-28 15:14:23.431,20184,20186,20184,1,-1
2024-03-28 15:14:23.659,20184,20186,20184,2,-2
2024-03-28 15:14:27.716,20184,20186,20184,1,-1
2024-03-28 15:14:29.570,20184,20186,20184,1,-1
2024-03-28 15:14:36.008,20184,20185,20184,5,-5
2024-03-28 15:14:40.227,20184,20185,20184,1,-1
2024-03-28 15:14:45.603,20183,20184,20183,15,-15
2024-03-28 15:14:46.804,20182,20183,20183,1,1
2024-03-28 15:14:48.384,20182,20183,20182,5,-5
2024-03-28 15:14:50.566,20182,20183,20182,1,-1
2024-03-28 15:14:52.791,20182,20183,20183,1,1
2024-03-28 15:14:53.181,20182,20183,20183,2,2
2024-03-28 15:14:58.860,20182,20183,20183,1,1
2024-03-28 15:14:59.740,20182,20183,20182,1,-1
2024-03-28 15:15:00.223,20182,20183,20183,7,7
2024-03-28 15:15:00.875,20183,20184,20183,5,-5
2024-03-28 15:15:01.142,20183,20184,20183,2,-2
2024-03-28 15:15:01.429,20183,20184,20183,1,-1
2024-03-28 15:15:01.614,20183,20184,20183,1,-1
2024-03-28 15:15:06.236,20183,20184,20184,1,1
2024-03-28 15:15:08.599,20184,20185,20185,1,1
2024-03-28 15:15:12.297,20184,20185,20184,3,-3
2024-03-28 15:15:19.184,20184,20185,20185,2,2
2024-03-28 15:15:20.988,20185,20186,20185,1,-1
2024-03-28 15:15:21.041,20185,20186,20185,1,-1
2024-03-28 15:15:21.042,20185,20186,20184,1,-1
2024-03-28 15:15:34.414,20185,20186,20185,1,-1
2024-03-28 15:15:35.204,20185,20186,20185,1,-1
2024-03-28 15:15:35.530,20185,20186,20185,1,-1
2024-03-28 15:15:36.573,20184,20185,20185,1,1
2024-03-28 15:15:38.194,20184,20186,20184,2,-2
2024-03-28 15:15:42.610,20185,20186,20185,2,-2
2024-03-28 15:15:44.877,20185,20186,20186,2,2
2024-03-28 15:15:44.877,20185,20186,20186,8,8
2024-03-28 15:15:45.834,20185,20187,20185,1,-1
2024-03-28 15:15:47.198,20185,20187,20185,2,-2
2024-03-28 15:15:48.425,20185,20186,20186,2,2
2024-03-28 15:15:48.506,20185,20186,20186,3,3
2024-03-28 15:15:48.506,20185,20186,20185,4,-4
2024-03-28 15:15:52.748,20185,20186,20185,2,-2
2024-03-28 15:15:53.872,20185,20186,20185,2,-2
2024-03-28 15:15:57.424,20185,20186,20185,2,-2
2024-03-28 15:15:57.838,20185,20186,20186,1,1
2024-03-28 15:16:00.234,20185,20186,20185,1,-1
2024-03-28 15:16:00.291,20185,20186,20186,1,1
2024-03-28 15:16:00.291,20185,20186,20186,1,1
2024-03-28 15:16:00.303,20185,20186,20186,1,1
2024-03-28 15:16:05.807,20185,20187,20185,2,-2
2024-03-28 15:16:05.915,20185,20186,20186,1,1
2024-03-28 15:16:05.915,20185,20186,20186,1,1
2024-03-28 15:16:06.019,20185,20186,20186,1,1
2024-03-28 15:16:10.246,20186,20187,20186,1,-1
2024-03-28 15:16:10.290,20185,20187,20187,1,1
2024-03-28 15:16:16.841,20186,20187,20187,1,1
2024-03-28 15:16:17.168,20186,20187,20186,1,-1
2024-03-28 15:16:18.286,20185,20186,20186,1,1
2024-03-28 15:16:18.290,20185,20186,20186,1,1
2024-03-28 15:16:21.187,20185,20186,20186,1,1
2024-03-28 15:16:25.597,20185,20186,20186,1,1
2024-03-28 15:16:27.388,20185,20186,20185,2,-2
2024-03-28 15:16:30.638,20185,20186,20186,1,1
2024-03-28 15:16:30.898,20185,20186,20185,2,-2
2024-03-28 15:16:30.944,20185,20186,20186,1,1
2024-03-28 15:16:45.838,20185,20186,20185,2,-2
2024-03-28 15:16:45.839,20185,20186,20185,1,-1
2024-03-28 15:16:45.839,20185,20186,20185,3,-3
2024-03-28 15:16:46.075,20184,20185,20184,2,-2
2024-03-28 15:16:46.076,20184,20185,20184,14,-14
2024-03-28 15:16:47.329,20183,20184,20183,2,-2
2024-03-28 15:16:47.338,20183,20184,20183,1,-1
2024-03-28 15:16:49.419,20183,20184,20183,1,-1
2024-03-28 15:16:50.294,20183,20184,20183,1,-1
2024-03-28 15:16:51.915,20183,20184,20183,1,-1
2024-03-28 15:16:51.929,20183,20184,20183,1,-1
2024-03-28 15:16:57.566,20183,20184,20183,2,-2
2024-03-28 15:17:00.227,20183,20184,20183,7,-7
2024-03-28 15:17:03.923,20182,20183,20182,1,-1
2024-03-28 15:17:03.975,20182,20183,20183,2,2
2024-03-28 15:17:12.821,20182,20183,20183,1,1
2024-03-28 15:17:13.084,20182,20184,20182,2,-2
2024-03-28 15:17:16.122,20182,20183,20183,1,1
2024-03-28 15:17:17.133,20183,20184,20183,2,-2
2024-03-28 15:17:19.743,20183,20184,20183,1,-1
2024-03-28 15:17:26.126,20182,20184,20182,1,-1
2024-03-28 15:17:26.260,20182,20184,20184,1,1
2024-03-28 15:17:27.540,20182,20184,20182,1,-1
2024-03-28 15:17:30.938,20183,20184,20183,2,-2
2024-03-28 15:17:31.705,20182,20184,20182,1,-1
2024-03-28 15:17:39.106,20183,20184,20184,3,3
2024-03-28 15:17:39.106,20183,20184,20184,1,1
2024-03-28 15:17:40.112,20184,20185,20184,2,-2
2024-03-28 15:17:49.690,20184,20185,20184,1,-1
2024-03-28 15:17:51.095,20183,20185,20185,1,1
2024-03-28 15:17:51.189,20183,20185,20185,1,1
2024-03-28 15:17:52.893,20183,20185,20185,1,1
2024-03-28 15:17:53.843,20184,20186,20184,2,-2
2024-03-28 15:18:07.114,20185,20186,20185,1,-1
2024-03-28 15:18:08.000,20184,20185,20185,2,2
2024-03-28 15:18:19.196,20185,20186,20185,2,-2
2024-03-28 15:18:19.288,20184,20186,20186,5,5
2024-03-28 15:18:20.219,20185,20186,20185,1,-1
2024-03-28 15:18:27.125,20184,20185,20185,1,1
2024-03-28 15:18:27.360,20184,20186,20184,2,-2
2024-03-28 15:18:32.943,20184,20186,20184,1,-1
2024-03-28 15:18:48.646,20185,20186,20185,1,-1
2024-03-28 15:18:48.744,20184,20185,20184,1,-1
2024-03-28 15:18:48.909,20184,20185,20184,1,-1
2024-03-28 15:19:00.236,20184,20185,20184,1,-1
2024-03-28 15:19:08.158,20183,20185,20183,2,-2
2024-03-28 15:19:34.931,20183,20184,20184,2,2
2024-03-28 15:19:40.225,20184,20185,20184,1,-1
2024-03-28 15:19:45.175,20184,20185,20185,1,1
2024-03-28 15:19:58.730,20185,20186,20185,1,-1
2024-03-28 15:20:01.218,20184,20186,20184,1,-1
2024-03-28 15:20:02.301,20185,20186,20185,1,-1
2024-03-28 15:20:04.923,20185,20186,20186,1,1
2024-03-28 15:20:13.419,20186,20187,20187,5,5
2024-03-28 15:20:13.419,20186,20187,20187,3,3
2024-03-28 15:20:23.752,20188,20189,20188,1,-1
2024-03-28 15:20:25.177,20188,20189,20189,5,5
2024-03-28 15:20:26.978,20188,20189,20189,1,1
2024-03-28 15:20:27.915,20188,20189,20189,1,1
2024-03-28 15:20:27.949,20188,20189,20188,1,-1
2024-03-28 15:20:31.283,20188,20189,20188,1,-1
2024-03-28 15:20:36.445,20188,20189,20188,2,-2
2024-03-28 15:20:37.347,20188,20189,20189,1,1
2024-03-28 15:20:40.235,20188,20189,20188,2,-2
2024-03-28 15:20:43.627,20188,20189,20189,8,8
2024-03-28 15:20:46.489,20188,20190,20190,1,1
2024-03-28 15:20:50.740,20188,20189,20189,1,1
2024-03-28 15:20:54.531,20189,20190,20190,1,1
2024-03-28 15:20:56.390,20189,20190,20190,2,2
2024-03-28 15:21:00.300,20189,20190,20189,1,-1
2024-03-28 15:21:00.599,20189,20190,20189,2,-2
2024-03-28 15:21:02.333,20189,20190,20190,2,2
2024-03-28 15:21:07.932,20189,20190,20190,1,1
2024-03-28 15:21:08.293,20189,20190,20190,4,4
2024-03-28 15:21:11.067,20189,20190,20190,1,1
2024-03-28 15:21:11.126,20189,20190,20189,1,-1
2024-03-28 15:21:12.999,20189,20190,20190,1,1
2024-03-28 15:21:14.339,20189,20190,20189,1,-1
2024-03-28 15:21:17.848,20189,20190,20190,1,1
2024-03-28 15:21:18.298,20189,20190,20189,1,-1
2024-03-28 15:21:18.497,20189,20190,20190,5,5
2024-03-28 15:21:19.135,20189,20190,20190,2,2
2024-03-28 15:21:20.213,20189,20190,20189,7,-7
2024-03-28 15:21:20.215,20189,20190,20189,2,-2
2024-03-28 15:21:20.403,20188,20189,20188,1,-1
2024-03-28 15:21:21.334,20188,20189,20189,1,1
2024-03-28 15:21:22.823,20188,20189,20189,1,1
2024-03-28 15:21:27.524,20188,20190,20190,1,1
2024-03-28 15:21:38.764,20189,20190,20189,1,-1
2024-03-28 15:21:39.338,20188,20190,20190,1,1
2024-03-28 15:21:44.423,20189,20191,20189,1,-1
2024-03-28 15:21:51.793,20188,20190,20190,1,1
2024-03-28 15:21:58.319,20188,20190,20190,1,1
2024-03-28 15:22:02.753,20189,20190,20189,2,-2
2024-03-28 15:22:09.434,20188,20189,20188,1,-1
2024-03-28 15:22:10.970,20188,20189,20189,1,1
2024-03-28 15:22:14.528,20188,20189,20189,1,1
2024-03-28 15:22:19.155,20188,20189,20188,1,-1
2024-03-28 15:22:19.226,20188,20189,20188,1,-1
2024-03-28 15:22:19.226,20188,20189,20188,1,-1
2024-03-28 15:22:19.227,20188,20189,20188,1,-1
2024-03-28 15:22:19.227,20188,20189,20188,4,-4
2024-03-28 15:22:23.678,20187,20188,20187,1,-1
2024-03-28 15:22:24.427,20187,20188,20187,2,-2
2024-03-28 15:22:24.427,20187,20188,20187,1,-1
2024-03-28 15:22:27.055,20186,20187,20186,1,-1
2024-03-28 15:22:28.076,20186,20187,20186,1,-1
2024-03-28 15:22:28.597,20185,20187,20185,4,-4
2024-03-28 15:22:33.540,20185,20187,20185,1,-1
2024-03-28 15:22:38.126,20185,20187,20185,1,-1
2024-03-28 15:22:46.814,20185,20187,20187,1,1
2024-03-28 15:22:51.503,20185,20187,20187,1,1
2024-03-28 15:23:00.131,20185,20187,20187,12,12
2024-03-28 15:23:00.131,20185,20187,20187,1,1
2024-03-28 15:23:09.381,20187,20188,20187,2,-2
2024-03-28 15:23:09.504,20187,20188,20187,1,-1
2024-03-28 15:23:11.401,20187,20188,20187,1,-1
2024-03-28 15:23:20.225,20187,20188,20187,2,-2
2024-03-28 15:23:34.351,20187,20188,20187,1,-1
2024-03-28 15:23:38.523,20187,20188,20187,1,-1
2024-03-28 15:23:53.706,20187,20188,20187,1,-1
2024-03-28 15:23:57.997,20187,20188,20187,1,-1
2024-03-28 15:24:00.233,20187,20188,20187,1,-1
2024-03-28 15:24:00.425,20187,20188,20187,2,-2
2024-03-28 15:24:02.832,20187,20188,20187,1,-1
2024-03-28 15:24:08.039,20187,20188,20187,2,-2
2024-03-28 15:24:08.039,20187,20188,20187,1,-1
2024-03-28 15:24:10.687,20186,20187,20186,1,-1
2024-03-28 15:24:18.858,20186,20187,20186,3,-3
2024-03-28 15:24:20.215,20186,20187,20186,1,-1
2024-03-28 15:24:20.712,20185,20186,20185,1,-1
2024-03-28 15:24:28.321,20185,20186,20185,3,-3
2024-03-28 15:24:28.942,20185,20186,20185,1,-1
2024-03-28 15:24:32.674,20185,20186,20185,2,-2
2024-03-28 15:24:40.218,20185,20186,20185,3,-3
2024-03-28 15:24:40.300,20185,20186,20185,1,-1
2024-03-28 15:24:40.391,20185,20186,20185,1,-1
2024-03-28 15:24:40.391,20185,20186,20185,1,-1
2024-03-28 15:24:40.391,20185,20186,20185,7,-7
2024-03-28 15:24:40.391,20185,20186,20185,1,-1
2024-03-28 15:24:40.391,20185,20186,20185,1,-1
2024-03-28 15:24:40.391,20185,20186,20185,1,-1
2024-03-28 15:24:40.391,20185,20186,20185,1,-1
2024-03-28 15:24:40.585,20184,20185,20184,1,-1
2024-03-28 15:24:45.145,20184,20185,20185,2,2
2024-03-28 15:25:00.218,20185,20186,20185,1,-1
2024-03-28 15:25:00.391,20185,20186,20185,6,-6
2024-03-28 15:25:00.395,20185,20186,20184,14,-14
2024-03-28 15:25:12.068,20185,20186,20186,1,1
2024-03-28 15:25:20.210,20185,20186,20185,2,-2
2024-03-28 15:25:20.266,20185,20186,20185,1,-1
2024-03-28 15:25:28.650,20185,20186,20185,1,-1
2024-03-28 15:25:37.174,20185,20186,20186,1,1
2024-03-28 15:25:37.175,20185,20186,20186,3,3
2024-03-28 15:25:39.366,20186,20187,20187,2,2
2024-03-28 15:26:11.925,20185,20187,20186,1,1
2024-03-28 15:26:11.982,20185,20187,20185,1,-1
2024-03-28 15:26:17.524,20185,20186,20186,4,4
2024-03-28 15:26:21.878,20186,20187,20186,1,-1
2024-03-28 15:26:23.300,20186,20187,20187,2,2
2024-03-28 15:26:24.724,20186,20187,20186,5,-5
2024-03-28 15:26:40.689,20186,20187,20186,2,-2
2024-03-28 15:26:40.789,20185,20187,20185,1,-1
2024-03-28 15:26:44.296,20185,20187,20187,1,1
2024-03-28 15:26:46.070,20185,20187,20185,4,-4
2024-03-28 15:27:05.459,20186,20187,20186,2,-2
2024-03-28 15:27:06.387,20185,20187,20185,1,-1
2024-03-28 15:27:07.376,20185,20186,20185,1,-1
2024-03-28 15:27:14.883,20184,20186,20184,2,-2
2024-03-28 15:27:15.854,20184,20185,20185,1,1
2024-03-28 15:27:20.427,20184,20185,20184,1,-1
2024-03-28 15:27:55.681,20184,20185,20185,2,2
2024-03-28 15:27:56.005,20184,20186,20184,2,-2
2024-03-28 15:28:04.072,20185,20187,20185,1,-1
2024-03-28 15:28:12.622,20184,20186,20184,3,-3
2024-03-28 15:28:13.691,20184,20186,20184,3,-3
2024-03-28 15:28:17.584,20185,20186,20185,2,-2
2024-03-28 15:28:30.348,20185,20186,20186,1,1
2024-03-28 15:28:38.669,20185,20187,20185,1,-1
2024-03-28 15:28:39.356,20185,20187,20185,2,-2
2024-03-28 15:28:41.530,20185,20186,20186,1,1
2024-03-28 15:28:49.876,20186,20187,20186,1,-1
2024-03-28 15:28:58.465,20186,20187,20186,1,-1
2024-03-28 15:29:40.255,20186,20187,20186,1,-1
2024-03-28 15:29:40.311,20186,20187,20186,1,-1
2024-03-28 15:29:40.466,20185,20187,20185,2,-2
2024-03-28 15:29:55.093,20186,20187,20186,1,-1
2024-03-28 15:30:00.778,20185,20187,20185,5,-5
2024-03-28 15:30:00.839,20185,20187,20185,1,-1
2024-03-28 15:30:00.839,20185,20187,20185,1,-1
2024-03-28 15:30:00.839,20185,20187,20185,1,-1
2024-03-28 15:30:00.859,20185,20187,20185,2,-2
2024-03-28 15:30:01.003,20184,20186,20184,7,-7
2024-03-28 15:30:01.007,20184,20186,20184,3,-3
2024-03-28 15:30:01.039,20184,20186,20184,6,-6
2024-03-28 15:30:01.048,20184,20186,20184,1,-1
2024-03-28 15:30:01.059,20184,20186,20183,1,-1
2024-03-28 15:30:01.061,20184,20186,20183,1,-1
2024-03-28 15:30:01.064,20184,20186,20183,1,-1
2024-03-28 15:30:01.147,20184,20186,20183,5,-5
2024-03-28 15:30:01.152,20184,20186,20183,1,-1
2024-03-28 15:30:01.160,20184,20186,20183,1,-1
2024-03-28 15:30:01.161,20184,20186,20183,1,-1
2024-03-28 15:30:01.260,20183,20184,20183,1,-1
2024-03-28 15:30:01.283,20183,20184,20184,1,1
2024-03-28 15:30:01.311,20183,20185,20183,1,-1
2024-03-28 15:30:07.345,20184,20185,20184,2,-2
2024-03-28 15:30:20.264,20184,20185,20184,1,-1
2024-03-28 15:30:20.264,20184,20185,20183,1,-1
2024-03-28 15:30:20.566,20183,20185,20183,4,-4
2024-03-28 15:30:20.746,20183,20185,20183,3,-3
2024-03-28 15:30:54.789,20183,20184,20183,3,-3
2024-03-28 15:30:56.299,20183,20184,20183,15,-15
2024-03-28 15:30:57.374,20182,20183,20182,2,-2
2024-03-28 15:31:00.220,20182,20183,20182,1,-1
2024-03-28 15:31:00.220,20182,20183,20182,3,-3
2024-03-28 15:31:00.221,20182,20183,20182,4,-4
2024-03-28 15:31:00.292,20181,20182,20182,1,1
2024-03-28 15:31:00.292,20181,20182,20182,1,1
2024-03-28 15:31:00.298,20181,20182,20183,1,1
2024-03-28 15:31:13.503,20181,20183,20181,1,-1
2024-03-28 15:31:13.593,20181,20183,20181,1,-1
2024-03-28 15:31:13.642,20181,20183,20181,1,-1
2024-03-28 15:31:13.689,20181,20183,20181,1,-1
2024-03-28 15:31:13.690,20181,20183,20181,1,-1
2024-03-28 15:31:13.694,20181,20183,20181,6,-6
2024-03-28 15:31:13.695,20181,20183,20181,5,-5
2024-03-28 15:31:13.695,20181,20183,20181,4,-4
2024-03-28 15:31:13.699,20181,20183,20181,1,-1
2024-03-28 15:31:13.700,20181,20183,20180,1,-1
2024-03-28 15:31:13.700,20181,20183,20181,5,-5
2024-03-28 15:31:13.827,20180,20181,20180,2,-2
2024-03-28 15:31:13.841,20180,20181,20180,2,-2
2024-03-28 15:31:14.136,20180,20182,20180,1,-1
2024-03-28 15:31:16.766,20180,20182,20180,1,-1
2024-03-28 15:31:17.101,20180,20182,20182,2,2
2024-03-28 15:31:20.006,20180,20182,20180,1,-1
2024-03-28 15:31:20.754,20180,20182,20181,1,-1
2024-03-28 15:31:24.669,20181,20182,20181,2,-2
2024-03-28 15:31:26.181,20181,20182,20181,1,-1
2024-03-28 15:31:29.020,20181,20182,20181,1,-1
2024-03-28 15:31:29.777,20181,20182,20182,2,2
2024-03-28 15:31:33.124,20182,20183,20182,2,-2
2024-03-28 15:31:37.978,20181,20183,20183,5,5
2024-03-28 15:31:48.209,20183,20184,20184,1,1
2024-03-28 15:31:50.046,20183,20185,20185,2,2
2024-03-28 15:31:56.632,20183,20185,20183,1,-1
2024-03-28 15:31:58.679,20183,20185,20185,2,2
2024-03-28 15:32:04.479,20183,20185,20185,1,1
2024-03-28 15:32:06.518,20183,20185,20185,1,1
2024-03-28 15:32:28.572,20183,20185,20185,2,2
2024-03-28 15:32:35.384,20183,20185,20185,2,2
2024-03-28 15:33:02.450,20183,20184,20184,5,5
2024-03-28 15:33:12.355,20183,20184,20184,1,1
2024-03-28 15:33:12.602,20183,20184,20183,1,-1
2024-03-28 15:33:16.541,20183,20184,20183,3,-3
2024-03-28 15:33:20.214,20183,20184,20183,1,-1
2024-03-28 15:33:27.084,20183,20184,20183,1,-1
2024-03-28 15:33:33.084,20183,20184,20184,1,1
2024-03-28 15:33:33.165,20183,20185,20185,1,1
2024-03-28 15:33:33.165,20183,20185,20185,1,1
2024-03-28 15:34:00.224,20184,20185,20184,1,-1
2024-03-28 15:34:12.165,20183,20185,20185,3,3
2024-03-28 15:34:13.420,20183,20185,20185,3,3
2024-03-28 15:34:28.344,20185,20186,20185,1,-1
2024-03-28 15:34:30.521,20185,20186,20185,1,-1
2024-03-28 15:34:35.196,20185,20186,20186,1,1
2024-03-28 15:34:35.196,20185,20186,20187,1,1
2024-03-28 15:34:35.481,20185,20187,20187,2,2
2024-03-28 15:34:36.969,20186,20187,20186,1,-1
2024-03-28 15:34:43.624,20185,20187,20185,1,-1
2024-03-28 15:34:54.094,20185,20186,20186,1,1
2024-03-28 15:34:57.805,20186,20187,20187,1,1
2024-03-28 15:35:01.108,20186,20187,20187,1,1
2024-03-28 15:35:02.451,20186,20187,20187,1,1
2024-03-28 15:35:03.236,20186,20187,20187,2,2
2024-03-28 15:35:03.237,20186,20187,20187,1,1
2024-03-28 15:35:07.627,20186,20188,20188,5,5
2024-03-28 15:35:07.690,20187,20188,20188,1,1
2024-03-28 15:35:07.690,20187,20188,20188,1,1
2024-03-28 15:35:11.657,20187,20188,20188,1,1
2024-03-28 15:35:18.191,20187,20188,20188,1,1
2024-03-28 15:35:18.191,20187,20188,20188,1,1
2024-03-28 15:35:26.976,20187,20189,20189,1,1
2024-03-28 15:35:27.248,20187,20189,20187,2,-2
2024-03-28 15:35:29.999,20187,20189,20189,1,1
2024-03-28 15:35:34.857,20187,20189,20189,2,2
2024-03-28 15:35:34.913,20188,20189,20188,1,-1
2024-03-28 15:35:38.306,20187,20189,20189,5,5
2024-03-28 15:35:39.098,20188,20189,20189,2,2
2024-03-28 15:35:40.226,20188,20189,20188,1,-1
2024-03-28 15:35:43.041,20187,20188,20188,1,1
2024-03-28 15:35:44.092,20187,20188,20188,1,1
2024-03-28 15:35:44.092,20187,20188,20189,1,1
2024-03-28 15:35:47.128,20188,20189,20188,1,-1
2024-03-28 15:35:51.361,20188,20189,20188,1,-1
2024-03-28 15:35:55.837,20188,20189,20189,11,11
2024-03-28 15:35:55.837,20188,20189,20190,9,9
2024-03-28 15:36:02.462,20189,20190,20190,1,1
2024-03-28 15:36:06.276,20189,20190,20190,1,1
2024-03-28 15:36:06.276,20189,20190,20190,11,11
2024-03-28 15:36:08.378,20190,20191,20190,1,-1
2024-03-28 15:36:08.477,20190,20191,20190,1,-1
2024-03-28 15:36:15.008,20190,20191,20191,1,1
2024-03-28 15:36:15.345,20190,20191,20191,1,1
2024-03-28 15:36:15.540,20190,20191,20191,1,1
2024-03-28 15:36:20.283,20190,20191,20190,1,-1
2024-03-28 15:36:22.092,20190,20191,20191,16,16
2024-03-28 15:36:22.092,20190,20191,20192,10,10
2024-03-28 15:36:22.092,20190,20191,20192,1,1
2024-03-28 15:36:22.093,20190,20191,20192,1,1
2024-03-28 15:36:22.094,20190,20191,20192,21,21
2024-03-28 15:36:22.095,20190,20191,20193,1,1
2024-03-28 15:36:22.096,20190,20191,20193,1,1
2024-03-28 15:36:22.096,20190,20191,20193,21,21
2024-03-28 15:36:22.096,20190,20191,20193,1,1
2024-03-28 15:36:22.096,20190,20191,20193,1,1
2024-03-28 15:36:22.096,20190,20191,20193,1,1
2024-03-28 15:36:22.097,20190,20191,20193,9,9
2024-03-28 15:36:22.097,20190,20191,20193,3,3
2024-03-28 15:36:22.097,20190,20191,20193,1,1
2024-03-28 15:36:22.097,20190,20191,20193,1,1
2024-03-28 15:36:22.097,20190,20191,20193,47,47
2024-03-28 15:36:22.097,20190,20191,20193,1,1
2024-03-28 15:36:22.097,20190,20191,20193,1,1
2024-03-28 15:36:22.097,20190,20191,20193,1,1
2024-03-28 15:36:22.097,20190,20191,20193,13,13
2024-03-28 15:36:22.097,20190,20191,20193,4,4
2024-03-28 15:36:22.097,20190,20191,20193,1,1
2024-03-28 15:36:22.097,20190,20191,20193,1,1
2024-03-28 15:36:22.098,20190,20191,20194,2,2
2024-03-28 15:36:22.098,20190,20191,20194,1,1
2024-03-28 15:36:22.098,20190,20191,20194,1,1
2024-03-28 15:36:22.098,20190,20191,20193,1,1
2024-03-28 15:36:22.098,20190,20191,20193,1,1
2024-03-28 15:36:22.098,20190,20191,20193,4,4
2024-03-28 15:36:22.098,20190,20191,20193,5,5
2024-03-28 15:36:22.194,20193,20194,20194,1,1
2024-03-28 15:36:26.845,20193,20194,20194,6,6
2024-03-28 15:36:26.845,20193,20194,20195,2,2
2024-03-28 15:36:28.102,20194,20195,20194,1,-1
2024-03-28 15:36:28.156,20194,20195,20194,1,-1
2024-03-28 15:36:35.379,20193,20194,20194,11,11
2024-03-28 15:36:35.569,20194,20195,20195,1,1
2024-03-28 15:36:36.600,20194,20195,20195,10,10
2024-03-28 15:36:36.603,20194,20195,20195,10,10
2024-03-28 15:36:36.606,20194,20195,20195,1,1
2024-03-28 15:36:36.606,20194,20195,20195,5,5
2024-03-28 15:36:36.987,20194,20195,20194,1,-1
2024-03-28 15:36:38.334,20194,20195,20195,1,1
2024-03-28 15:36:38.634,20195,20196,20195,3,-3
2024-03-28 15:36:38.634,20195,20196,20194,1,-1
2024-03-28 15:36:39.269,20194,20196,20196,1,1
2024-03-28 15:36:39.389,20194,20196,20196,1,1
2024-03-28 15:36:39.518,20194,20196,20194,1,-1
2024-03-28 15:36:39.540,20194,20195,20194,11,-11
2024-03-28 15:36:39.610,20194,20195,20193,6,-6
2024-03-28 15:36:39.610,20194,20195,20193,3,-3
2024-03-28 15:36:39.610,20194,20195,20193,1,-1
2024-03-28 15:36:39.619,20194,20195,20192,1,-1
2024-03-28 15:36:39.831,20192,20193,20192,1,-1
2024-03-28 15:36:39.918,20191,20192,20191,1,-1
2024-03-28 15:36:40.041,20191,20192,20191,1,-1
2024-03-28 15:36:40.083,20191,20192,20190,1,-1
2024-03-28 15:36:40.371,20190,20191,20191,1,1
2024-03-28 15:36:40.371,20190,20191,20191,1,1
2024-03-28 15:36:40.926,20191,20192,20192,1,1
2024-03-28 15:36:41.280,20192,20194,20192,1,-1
2024-03-28 15:36:42.064,20191,20192,20192,1,1
2024-03-28 15:36:46.080,20191,20192,20192,1,1
2024-03-28 15:36:46.450,20191,20193,20192,4,4
2024-03-28 15:36:46.883,20191,20193,20193,2,2
2024-03-28 15:36:48.114,20192,20194,20194,1,1
2024-03-28 15:36:58.859,20193,20194,20194,1,1
2024-03-28 15:37:01.951,20193,20194,20194,1,1
2024-03-28 15:37:09.985,20193,20194,20194,3,3
2024-03-28 15:37:10.357,20193,20194,20194,1,1
2024-03-28 15:37:10.941,20193,20194,20194,1,1
2024-03-28 15:37:11.630,20193,20194,20194,3,3
2024-03-28 15:37:16.082,20194,20195,20195,1,1
2024-03-28 15:37:20.609,20194,20195,20195,1,1
2024-03-28 15:37:28.976,20195,20196,20196,1,1
2024-03-28 15:37:29.221,20195,20196,20196,1,1
2024-03-28 15:37:30.992,20195,20196,20195,1,-1
2024-03-28 15:37:41.250,20195,20196,20195,7,-7
2024-03-28 15:37:41.291,20194,20195,20194,1,-1
2024-03-28 15:37:41.292,20194,20195,20194,1,-1
2024-03-28 15:37:41.300,20194,20195,20193,1,-1
2024-03-28 15:37:41.555,20193,20195,20193,1,-1
2024-03-28 15:37:41.582,20193,20195,20193,1,-1
2024-03-28 15:37:41.648,20193,20195,20195,1,1
2024-03-28 15:37:45.631,20194,20195,20194,1,-1
2024-03-28 15:37:49.646,20194,20195,20194,1,-1
2024-03-28 15:37:50.762,20194,20195,20194,2,-2
2024-03-28 15:37:51.090,20194,20195,20194,1,-1
2024-03-28 15:37:52.109,20194,20195,20194,2,-2
2024-03-28 15:38:12.294,20193,20194,20194,2,2
2024-03-28 15:38:12.294,20193,20194,20195,1,1
2024-03-28 15:38:16.684,20193,20194,20193,4,-4
2024-03-28 15:38:16.684,20193,20194,20192,6,-6
2024-03-28 15:38:16.688,20193,20194,20192,5,-5
2024-03-28 15:38:18.119,20191,20192,20192,1,1
2024-03-28 15:38:21.012,20191,20192,20191,1,-1
2024-03-28 15:38:34.393,20191,20192,20192,1,1
2024-03-28 15:38:34.393,20191,20192,20192,1,1
2024-03-28 15:38:34.393,20191,20192,20192,2,2
2024-03-28 15:38:34.393,20191,20192,20192,6,6
2024-03-28 15:38:43.207,20191,20193,20191,1,-1
2024-03-28 15:38:46.679,20191,20192,20191,1,-1
2024-03-28 15:38:49.765,20191,20192,20192,1,1
2024-03-28 15:38:58.887,20192,20193,20193,1,1
2024-03-28 15:39:06.942,20192,20193,20193,1,1
2024-03-28 15:39:08.544,20192,20193,20192,1,-1
2024-03-28 15:39:18.254,20192,20193,20192,1,-1
2024-03-28 15:39:35.236,20192,20193,20193,1,1
2024-03-28 15:39:53.149,20192,20193,20193,1,1
2024-03-28 15:39:57.050,20192,20193,20193,1,1
2024-03-28 15:40:11.917,20192,20193,20193,1,1
2024-03-28 15:40:12.122,20192,20193,20193,1,1
2024-03-28 15:40:12.122,20192,20193,20193,1,1
2024-03-28 15:40:12.285,20193,20194,20193,2,-2
2024-03-28 15:40:19.634,20192,20193,20193,1,1
2024-03-28 15:40:20.348,20192,20193,20192,1,-1
2024-03-28 15:40:21.583,20192,20193,20192,3,-3
2024-03-28 15:40:24.531,20192,20193,20192,1,-1
2024-03-28 15:40:34.996,20192,20193,20193,4,4
2024-03-28 15:40:55.722,20193,20194,20194,1,1
2024-03-28 15:40:58.798,20193,20194,20194,5,5
2024-03-28 15:41:03.800,20193,20194,20194,5,5
2024-03-28 15:41:16.044,20194,20195,20194,1,-1
2024-03-28 15:41:21.265,20193,20194,20193,1,-1
2024-03-28 15:41:24.408,20193,20194,20193,4,-4
2024-03-28 15:41:26.057,20193,20194,20194,1,1
2024-03-28 15:41:31.185,20193,20194,20193,1,-1
2024-03-28 15:42:15.298,20193,20194,20193,3,-3
2024-03-28 15:42:17.637,20193,20194,20193,1,-1
2024-03-28 15:42:20.049,20193,20194,20193,1,-1
2024-03-28 15:42:32.334,20193,20194,20194,1,1
2024-03-28 15:42:37.442,20193,20194,20194,2,2
2024-03-28 15:42:37.442,20193,20194,20194,1,1
2024-03-28 15:42:37.443,20193,20194,20194,1,1
2024-03-28 15:42:44.496,20194,20195,20195,5,5
2024-03-28 15:42:44.498,20194,20195,20195,1,1
2024-03-28 15:42:44.498,20194,20195,20195,1,1
2024-03-28 15:42:44.499,20194,20195,20195,1,1
2024-03-28 15:42:44.690,20195,20196,20196,4,4
2024-03-28 15:42:52.164,20195,20196,20196,2,2
2024-03-28 15:43:02.883,20196,20197,20197,2,2
2024-03-28 15:43:03.373,20196,20197,20197,1,1
2024-03-28 15:43:03.559,20196,20197,20197,1,1
2024-03-28 15:43:03.731,20196,20197,20197,1,1
2024-03-28 15:43:03.932,20196,20197,20197,1,1
2024-03-28 15:43:04.129,20196,20197,20197,1,1
2024-03-28 15:43:04.320,20196,20197,20197,1,1
2024-03-28 15:43:04.484,20196,20197,20197,1,1
2024-03-28 15:43:04.704,20196,20197,20197,1,1
2024-03-28 15:43:04.886,20196,20197,20197,1,1
2024-03-28 15:43:05.105,20196,20197,20197,1,1
2024-03-28 15:43:05.264,20196,20197,20197,1,1
2024-03-28 15:43:05.453,20196,20197,20197,1,1
2024-03-28 15:43:05.624,20196,20197,20197,1,1
2024-03-28 15:43:05.803,20196,20197,20197,1,1
2024-03-28 15:43:05.970,20196,20197,20197,1,1
2024-03-28 15:43:08.752,20196,20197,20197,1,1
2024-03-28 15:43:09.294,20196,20197,20197,2,2
2024-03-28 15:43:10.325,20196,20197,20197,1,1
2024-03-28 15:43:10.521,20196,20197,20196,1,-1
2024-03-28 15:43:11.781,20196,20197,20197,2,2
2024-03-28 15:43:11.781,20196,20197,20197,2,2
2024-03-28 15:43:14.947,20197,20198,20197,1,-1
2024-03-28 15:43:17.125,20197,20198,20198,4,4
2024-03-28 15:43:17.276,20197,20198,20198,1,1
2024-03-28 15:43:21.549,20197,20198,20197,1,-1
2024-03-28 15:43:22.067,20197,20198,20198,5,5
2024-03-28 15:43:24.086,20197,20198,20197,1,-1
2024-03-28 15:43:24.711,20196,20198,20198,3,3
2024-03-28 15:43:24.765,20196,20198,20198,1,1
2024-03-28 15:43:26.555,20197,20198,20198,1,1
2024-03-28 15:43:31.632,20197,20198,20198,1,1
2024-03-28 15:43:31.779,20198,20199,20198,1,-1
2024-03-28 15:43:33.155,20198,20199,20199,1,1
2024-03-28 15:43:34.627,20198,20199,20198,2,-2
2024-03-28 15:43:37.751,20198,20199,20198,1,-1
2024-03-28 15:43:38.159,20198,20199,20198,3,-3
2024-03-28 15:43:38.257,20198,20199,20198,5,-5
2024-03-28 15:43:38.257,20198,20199,20198,1,-1
2024-03-28 15:43:38.257,20198,20199,20198,3,-3
2024-03-28 15:43:50.331,20197,20198,20198,1,1
2024-03-28 15:43:51.968,20197,20198,20198,2,2
2024-03-28 15:43:55.020,20197,20198,20198,1,1
2024-03-28 15:44:05.938,20198,20199,20198,1,-1
2024-03-28 15:44:07.918,20198,20199,20198,1,-1
2024-03-28 15:44:10.649,20198,20199,20198,3,-3
2024-03-28 15:44:11.468,20197,20198,20197,1,-1
2024-03-28 15:44:11.468,20197,20198,20197,1,-1
2024-03-28 15:44:11.468,20197,20198,20197,3,-3
2024-03-28 15:44:11.469,20197,20198,20197,2,-2
2024-03-28 15:44:11.469,20197,20198,20197,1,-1
2024-03-28 15:44:11.469,20197,20198,20197,1,-1
2024-03-28 15:44:11.469,20197,20198,20197,1,-1
2024-03-28 15:44:11.469,20197,20198,20197,1,-1
2024-03-28 15:44:11.469,20197,20198,20197,3,-3
2024-03-28 15:44:11.488,20197,20198,20196,1,-1
2024-03-28 15:44:11.939,20196,20197,20197,1,1
2024-03-28 15:44:12.142,20196,20198,20196,2,-2
2024-03-28 15:44:12.587,20196,20198,20196,1,-1
2024-03-28 15:44:15.657,20196,20198,20198,3,3
2024-03-28 15:44:17.530,20196,20198,20197,2,2
2024-03-28 15:44:21.514,20196,20198,20197,2,2
2024-03-28 15:44:23.445,20197,20198,20197,1,-1
2024-03-28 15:44:26.135,20196,20197,20197,1,1
2024-03-28 15:44:34.557,20197,20198,20197,1,-1
2024-03-28 15:44:35.628,20196,20197,20196,1,-1
2024-03-28 15:44:36.856,20196,20197,20196,1,-1
2024-03-28 15:44:42.064,20196,20197,20197,4,4
2024-03-28 15:44:42.064,20196,20197,20197,4,4
2024-03-28 15:44:42.064,20196,20197,20197,1,1
2024-03-28 15:44:42.065,20196,20197,20198,2,2
2024-03-28 15:44:42.067,20196,20197,20198,1,1
2024-03-28 15:44:43.638,20197,20199,20199,3,3
2024-03-28 15:44:50.304,20197,20199,20199,2,2
2024-03-28 15:45:00.478,20198,20199,20199,1,1
2024-03-28 15:45:00.478,20198,20199,20199,4,4
2024-03-28 15:45:00.570,20198,20200,20200,1,1
2024-03-28 15:45:00.571,20198,20200,20200,1,1
2024-03-28 15:45:00.571,20198,20200,20200,1,1
2024-03-28 15:45:00.571,20198,20200,20200,1,1
2024-03-28 15:45:00.571,20198,20200,20200,1,1
2024-03-28 15:45:00.687,20198,20200,20200,1,1
2024-03-28 15:45:00.720,20198,20200,20200,1,1
2024-03-28 15:45:00.756,20198,20200,20200,1,1
2024-03-28 15:45:00.863,20199,20200,20200,1,1
2024-03-28 15:45:00.911,20199,20200,20199,1,-1
2024-03-28 15:45:01.164,20198,20200,20200,1,1
2024-03-28 15:45:01.708,20198,20200,20200,1,1
2024-03-28 15:45:04.327,20198,20199,20199,1,1
2024-03-28 15:45:04.483,20198,20199,20199,1,1
2024-03-28 15:45:09.186,20198,20199,20199,1,1
2024-03-28 15:45:12.542,20198,20199,20199,2,2
2024-03-28 15:45:17.894,20198,20199,20199,5,5
2024-03-28 15:45:18.634,20198,20199,20199,1,1
2024-03-28 15:45:21.221,20198,20200,20199,1,1
2024-03-28 15:45:30.108,20199,20200,20199,1,-1
2024-03-28 15:45:30.108,20199,20200,20199,1,-1
2024-03-28 15:45:30.204,20198,20199,20198,1,-1
2024-03-28 15:45:33.817,20198,20199,20199,1,1
2024-03-28 15:45:33.817,20198,20199,20200,1,1
2024-03-28 15:45:37.099,20198,20199,20198,10,-10
2024-03-28 15:45:42.460,20197,20199,20197,1,-1
2024-03-28 15:45:51.858,20198,20199,20198,1,-1
2024-03-28 15:45:59.180,20198,20199,20198,1,-1
2024-03-28 15:46:07.274,20198,20199,20198,1,-1
2024-03-28 15:46:07.291,20198,20199,20199,1,1
2024-03-28 15:46:07.291,20198,20199,20199,1,1
2024-03-28 15:46:07.299,20198,20199,20199,1,1
2024-03-28 15:46:18.768,20198,20199,20199,1,1
2024-03-28 15:46:22.208,20198,20199,20198,1,-1
2024-03-28 15:46:23.403,20198,20199,20199,1,1
2024-03-28 15:46:24.414,20198,20199,20199,1,1
2024-03-28 15:46:26.020,20197,20199,20199,1,1
2024-03-28 15:46:27.135,20197,20198,20198,1,1
2024-03-28 15:46:52.716,20197,20198,20197,2,-2
2024-03-28 15:46:52.769,20197,20198,20197,1,-1
2024-03-28 15:46:53.613,20197,20198,20197,2,-2
2024-03-28 15:46:55.809,20197,20198,20197,2,-2
2024-03-28 15:46:56.242,20197,20198,20197,2,-2
2024-03-28 15:46:59.558,20197,20198,20197,1,-1
2024-03-28 15:47:01.167,20196,20197,20197,1,1
2024-03-28 15:47:03.349,20196,20197,20197,1,1
2024-03-28 15:47:06.915,20196,20197,20196,1,-1
2024-03-28 15:47:08.131,20196,20197,20196,1,-1
2024-03-28 15:47:14.673,20196,20197,20196,2,-2
2024-03-28 15:47:14.673,20196,20197,20196,1,-1
2024-03-28 15:47:14.673,20196,20197,20196,2,-2
2024-03-28 15:47:20.770,20195,20196,20195,1,-1
2024-03-28 15:47:20.937,20195,20196,20195,1,-1
2024-03-28 15:47:24.502,20195,20196,20195,1,-1
2024-03-28 15:47:26.915,20195,20196,20195,1,-1
2024-03-28 15:47:30.330,20195,20196,20196,3,3
2024-03-28 15:47:35.193,20195,20196,20196,1,1
2024-03-28 15:47:54.461,20195,20196,20195,2,-2
2024-03-28 15:48:02.259,20195,20196,20195,2,-2
2024-03-28 15:48:02.260,20195,20196,20195,1,-1
2024-03-28 15:48:02.260,20195,20196,20195,3,-3
2024-03-28 15:48:02.260,20195,20196,20195,3,-3
2024-03-28 15:48:02.260,20195,20196,20195,1,-1
2024-03-28 15:48:02.260,20195,20196,20195,1,-1
2024-03-28 15:48:02.260,20195,20196,20195,1,-1
2024-03-28 15:48:02.260,20195,20196,20195,1,-1
2024-03-28 15:48:02.260,20195,20196,20195,1,-1
2024-03-28 15:48:02.260,20195,20196,20195,1,-1
2024-03-28 15:48:02.260,20195,20196,20195,1,-1
2024-03-28 15:48:02.260,20195,20196,20195,1,-1
2024-03-28 15:48:02.260,20195,20196,20195,2,-2
2024-03-28 15:48:02.402,20194,20195,20194,1,-1
2024-03-28 15:48:02.504,20194,20195,20194,1,-1
2024-03-28 15:48:06.946,20193,20194,20194,1,1
2024-03-28 15:48:08.573,20193,20194,20194,1,1
2024-03-28 15:48:09.277,20193,20194,20193,2,-2
2024-03-28 15:48:13.557,20193,20194,20193,1,-1
2024-03-28 15:48:14.562,20193,20194,20193,4,-4
2024-03-28 15:48:20.864,20193,20194,20193,1,-1
2024-03-28 15:48:24.988,20193,20194,20193,4,-4
2024-03-28 15:48:34.607,20193,20194,20194,1,1
2024-03-28 15:48:34.608,20193,20194,20194,2,2
2024-03-28 15:48:34.652,20193,20194,20195,1,1
2024-03-28 15:48:34.652,20193,20194,20195,2,2
2024-03-28 15:48:34.652,20193,20194,20195,1,1
2024-03-28 15:48:54.023,20194,20195,20195,1,1
2024-03-28 15:49:05.918,20194,20195,20194,2,-2
2024-03-28 15:49:11.658,20194,20195,20194,1,-1
2024-03-28 15:49:12.878,20194,20195,20195,1,1
2024-03-28 15:49:14.219,20194,20195,20195,1,1
2024-03-28 15:49:20.240,20195,20196,20195,1,-1
2024-03-28 15:49:21.331,20195,20196,20196,2,2
2024-03-28 15:49:34.235,20196,20197,20196,5,-5
2024-03-28 15:49:36.075,20196,20197,20196,2,-2
2024-03-28 15:49:40.930,20195,20196,20196,2,2
2024-03-28 15:49:41.685,20195,20196,20196,1,1
2024-03-28 15:49:43.179,20196,20197,20196,5,-5
2024-03-28 15:49:57.204,20195,20196,20196,1,1
2024-03-28 15:49:59.450,20195,20196,20195,2,-2
2024-03-28 15:50:01.967,20195,20196,20196,1,1
2024-03-28 15:50:02.600,20195,20196,20195,2,-2
2024-03-28 15:50:02.884,20195,20196,20196,1,1
2024-03-28 15:50:14.519,20195,20196,20195,5,-5
2024-03-28 15:50:47.717,20194,20195,20194,2,-2
2024-03-28 15:50:49.814,20194,20195,20194,1,-1
2024-03-28 15:50:52.543,20194,20195,20194,3,-3
2024-03-28 15:50:56.576,20193,20194,20193,5,-5
2024-03-28 15:50:58.416,20193,20194,20193,3,-3
2024-03-28 15:51:04.205,20192,20193,20192,1,-1
2024-03-28 15:51:15.663,20192,20193,20193,1,1
2024-03-28 15:51:16.656,20192,20193,20192,12,-12
2024-03-28 15:51:16.928,20191,20192,20192,1,1
2024-03-28 15:51:22.828,20191,20192,20192,1,1
2024-03-28 15:51:28.289,20191,20192,20191,1,-1
2024-03-28 15:51:28.696,20191,20192,20192,1,1
2024-03-28 15:51:30.504,20191,20192,20192,1,1
2024-03-28 15:51:33.140,20191,20192,20192,2,2
2024-03-28 15:51:58.144,20192,20193,20193,1,1
2024-03-28 15:52:07.467,20193,20194,20194,1,1
2024-03-28 15:52:19.415,20193,20194,20194,1,1
2024-03-28 15:52:24.412,20193,20194,20193,1,-1
2024-03-28 15:52:24.648,20193,20194,20194,2,2
2024-03-28 15:52:43.284,20194,20195,20194,1,-1
2024-03-28 15:52:58.931,20194,20195,20195,2,2
2024-03-28 15:52:58.931,20194,20195,20195,2,2
2024-03-28 15:53:20.206,20195,20196,20195,1,-1
2024-03-28 15:53:20.340,20195,20196,20195,1,-1
2024-03-28 15:53:22.128,20195,20196,20195,1,-1
2024-03-28 15:53:22.129,20195,20196,20195,5,-5
2024-03-28 15:53:22.129,20195,20196,20195,2,-2
2024-03-28 15:53:36.772,20194,20195,20194,1,-1
2024-03-28 15:53:42.605,20194,20195,20194,2,-2
2024-03-28 15:54:00.198,20194,20195,20195,3,3
2024-03-28 15:54:00.856,20195,20196,20196,1,1
2024-03-28 15:54:12.011,20195,20196,20196,2,2
2024-03-28 15:54:20.802,20195,20196,20196,5,5
2024-03-28 15:54:26.626,20194,20196,20196,1,1
2024-03-28 15:54:27.549,20195,20196,20196,1,1
2024-03-28 15:54:28.112,20195,20196,20196,2,2
2024-03-28 15:54:51.790,20196,20197,20196,1,-1
2024-03-28 15:55:05.473,20195,20196,20196,1,1
2024-03-28 15:55:23.018,20195,20196,20196,1,1
2024-03-28 15:55:23.018,20195,20196,20196,5,5
2024-03-28 15:55:42.385,20195,20196,20196,4,4
2024-03-28 15:55:42.956,20195,20196,20196,1,1
2024-03-28 15:56:01.886,20195,20196,20196,2,2
2024-03-28 15:56:02.172,20195,20196,20196,2,2
2024-03-28 15:56:14.807,20195,20196,20195,1,-1
2024-03-28 15:56:25.062,20195,20196,20195,1,-1
2024-03-28 15:56:25.118,20195,20196,20195,1,-1
2024-03-28 15:56:27.438,20195,20196,20195,1,-1
2024-03-28 15:56:38.685,20194,20195,20194,2,-2
2024-03-28 15:56:38.688,20194,20195,20194,1,-1
2024-03-28 15:56:45.523,20194,20195,20195,2,2
2024-03-28 15:56:53.416,20195,20196,20196,1,1
2024-03-28 15:56:54.597,20195,20196,20195,1,-1
2024-03-28 15:56:56.171,20195,20196,20195,2,-2
2024-03-28 15:56:57.464,20195,20196,20195,1,-1
2024-03-28 15:57:05.366,20195,20196,20195,1,-1
2024-03-28 15:57:27.730,20195,20196,20195,1,-1
2024-03-28 15:57:38.162,20195,20196,20195,1,-1
2024-03-28 15:58:00.757,20194,20195,20194,2,-2
2024-03-28 15:58:01.400,20193,20195,20195,1,1
2024-03-28 15:58:52.666,20194,20195,20195,1,1
2024-03-28 15:58:52.666,20194,20195,20195,2,2
2024-03-28 15:58:52.666,20194,20195,20195,1,1
2024-03-28 15:59:03.522,20195,20196,20196,1,1
2024-03-28 15:59:04.714,20195,20196,20196,1,1
2024-03-28 15:59:17.770,20195,20196,20196,1,1
2024-03-28 15:59:32.827,20195,20196,20196,1,1
2024-03-28 15:59:32.916,20195,20196,20196,1,1
2024-03-28 15:59:39.090,20195,20196,20196,1,1
2024-03-28 15:59:39.166,20195,20196,20196,1,1
2024-03-28 15:59:43.650,20195,20196,20195,1,-1
2024-03-28 15:59:55.084,20193,20194,20194,1,1
2024-03-28 15:59:55.084,20193,20194,20194,1,1
2024-03-28 15:59:59.520,20194,20195,20194,1,-1
2024-03-28 16:00:00.841,20194,20195,20194,3,-3
2024-03-28 16:00:00.841,20194,20195,20193,5,-5
2024-03-28 16:00:01.097,20194,20195,20194,1,-1
2024-03-28 16:00:01.241,20193,20195,20193,1,-1
2024-03-28 16:00:01.528,20193,20194,20193,2,-2
2024-03-28 16:00:01.592,20192,20194,20192,1,-1
2024-03-28 16:00:05.960,20193,20194,20194,1,1
2024-03-28 16:00:05.960,20193,20194,20194,1,1
2024-03-28 16:00:14.137,20194,20195,20194,1,-1
2024-03-28 16:00:21.291,20193,20194,20193,2,-2
2024-03-28 16:00:32.350,20192,20194,20193,1,-1
2024-03-28 16:00:43.324,20192,20194,20192,1,-1
2024-03-28 16:00:44.012,20192,20194,20192,1,-1
2024-03-28 16:00:54.329,20192,20193,20192,1,-1
2024-03-28 16:00:54.504,20192,20193,20192,1,-1
2024-03-28 16:00:56.633,20192,20193,20192,1,-1
2024-03-28 16:01:00.213,20192,20193,20192,2,-2
2024-03-28 16:01:00.255,20192,20193,20192,1,-1
2024-03-28 16:01:00.304,20192,20193,20193,1,1
2024-03-28 16:01:01.553,20192,20193,20193,2,2
2024-03-28 16:01:11.510,20193,20194,20193,2,-2
2024-03-28 16:01:12.501,20193,20194,20193,3,-3
2024-03-28 16:01:13.707,20193,20194,20193,3,-3
2024-03-28 16:01:14.978,20192,20194,20192,3,-3
2024-03-28 16:01:15.843,20193,20194,20193,1,-1
2024-03-28 16:01:16.903,20192,20194,20192,3,-3
2024-03-28 16:01:21.116,20192,20194,20192,2,-2
2024-03-28 16:01:22.879,20192,20194,20194,2,2
2024-03-28 16:01:26.541,20193,20194,20193,3,-3
2024-03-28 16:01:26.541,20193,20194,20192,1,-1
2024-03-28 16:01:26.902,20192,20194,20192,2,-2
2024-03-28 16:01:27.395,20192,20194,20194,7,7
2024-03-28 16:01:31.978,20193,20194,20193,1,-1
2024-03-28 16:01:37.195,20192,20194,20192,1,-1
2024-03-28 16:01:40.500,20192,20194,20192,1,-1
2024-03-28 16:01:50.528,20193,20194,20194,5,5
2024-03-28 16:01:52.523,20193,20194,20193,2,-2
2024-03-28 16:01:55.213,20193,20194,20194,1,1
2024-03-28 16:01:55.213,20193,20194,20195,4,4
2024-03-28 16:02:07.521,20192,20194,20192,1,-1
2024-03-28 16:02:09.244,20192,20193,20192,1,-1
2024-03-28 16:02:14.240,20192,20193,20192,1,-1
2024-03-28 16:02:14.940,20191,20193,20192,2,-2
2024-03-28 16:02:17.004,20191,20193,20191,8,-8
2024-03-28 16:02:17.060,20191,20192,20191,1,-1
2024-03-28 16:02:17.060,20191,20192,20190,1,-1
2024-03-28 16:02:17.191,20190,20192,20190,1,-1
2024-03-28 16:02:17.200,20190,20192,20190,1,-1
2024-03-28 16:02:19.326,20190,20192,20192,5,5
2024-03-28 16:02:24.440,20191,20192,20191,1,-1
2024-03-28 16:02:40.378,20191,20192,20191,1,-1
2024-03-28 16:02:47.389,20190,20191,20190,1,-1
2024-03-28 16:02:51.015,20190,20191,20190,1,-1
2024-03-28 16:02:51.015,20190,20191,20190,2,-2
2024-03-28 16:02:51.015,20190,20191,20190,6,-6
2024-03-28 16:02:51.015,20190,20191,20190,2,-2
2024-03-28 16:02:54.760,20189,20190,20190,2,2
2024-03-28 16:02:58.251,20189,20190,20189,1,-1
2024-03-28 16:02:58.495,20189,20190,20189,1,-1
2024-03-28 16:02:59.186,20189,20190,20189,1,-1
2024-03-28 16:03:00.349,20189,20190,20189,1,-1
2024-03-28 16:03:01.311,20189,20190,20189,3,-3
2024-03-28 16:03:03.529,20189,20190,20189,1,-1
2024-03-28 16:03:07.905,20189,20190,20189,1,-1
2024-03-28 16:03:08.487,20189,20190,20189,1,-1
2024-03-28 16:03:10.063,20189,20190,20189,1,-1
2024-03-28 16:03:12.218,20189,20190,20189,1,-1
2024-03-28 16:03:16.359,20189,20190,20189,1,-1
2024-03-28 16:03:20.217,20189,20190,20189,2,-2
2024-03-28 16:03:21.871,20189,20190,20190,5,5
2024-03-28 16:03:21.871,20189,20190,20190,1,1
2024-03-28 16:03:21.871,20189,20190,20190,1,1
2024-03-28 16:03:21.871,20189,20190,20190,6,6
2024-03-28 16:03:21.871,20189,20190,20190,1,1
2024-03-28 16:03:21.871,20189,20190,20190,1,1
2024-03-28 16:03:23.441,20190,20191,20190,1,-1
2024-03-28 16:03:39.142,20189,20190,20189,1,-1
2024-03-28 16:03:40.229,20188,20189,20188,3,-3
2024-03-28 16:03:41.718,20188,20189,20188,1,-1
2024-03-28 16:03:45.467,20188,20189,20188,2,-2
2024-03-28 16:03:47.768,20188,20189,20188,1,-1
2024-03-28 16:03:47.912,20188,20189,20188,1,-1
2024-03-28 16:03:48.795,20188,20189,20188,2,-2
2024-03-28 16:03:49.420,20188,20189,20188,1,-1
2024-03-28 16:03:54.531,20187,20188,20187,1,-1
2024-03-28 16:03:56.389,20187,20188,20187,2,-2
2024-03-28 16:03:56.389,20187,20188,20186,3,-3
2024-03-28 16:03:56.431,20186,20188,20186,2,-2
2024-03-28 16:03:58.577,20187,20188,20187,1,-1
2024-03-28 16:03:58.577,20187,20188,20186,1,-1
2024-03-28 16:04:00.221,20187,20188,20187,3,-3
2024-03-28 16:04:00.392,20187,20188,20187,1,-1
2024-03-28 16:04:01.632,20186,20188,20187,2,-2
2024-03-28 16:04:01.763,20186,20188,20186,1,-1
2024-03-28 16:04:02.120,20186,20188,20186,4,-4
2024-03-28 16:04:05.762,20187,20188,20188,1,1
2024-03-28 16:04:05.762,20187,20188,20188,1,1
2024-03-28 16:04:05.762,20187,20188,20188,1,1
2024-03-28 16:04:05.762,20187,20188,20188,1,1
2024-03-28 16:04:05.805,20188,20189,20188,1,-1
2024-03-28 16:04:05.895,20188,20189,20188,1,-1
2024-03-28 16:04:06.255,20188,20189,20188,1,-1
2024-03-28 16:04:07.956,20187,20188,20187,3,-3
2024-03-28 16:04:21.064,20187,20188,20187,1,-1
2024-03-28 16:04:21.126,20187,20188,20187,1,-1
2024-03-28 16:04:21.822,20186,20187,20187,1,1
2024-03-28 16:04:25.340,20186,20188,20186,1,-1
2024-03-28 16:04:30.784,20186,20188,20188,1,1
2024-03-28 16:04:36.697,20187,20188,20187,1,-1
2024-03-28 16:04:41.040,20187,20188,20187,1,-1
2024-03-28 16:04:41.319,20186,20187,20186,4,-4
2024-03-28 16:04:41.319,20186,20187,20186,5,-5
2024-03-28 16:04:41.441,20185,20186,20185,1,-1
2024-03-28 16:04:41.566,20185,20186,20185,3,-3
2024-03-28 16:04:41.566,20185,20186,20185,2,-2
2024-03-28 16:04:41.566,20185,20186,20185,5,-5
2024-03-28 16:04:41.566,20185,20186,20185,2,-2
2024-03-28 16:04:41.566,20185,20186,20185,2,-2
2024-03-28 16:04:41.566,20185,20186,20185,1,-1
2024-03-28 16:04:41.566,20185,20186,20185,7,-7
2024-03-28 16:04:41.566,20185,20186,20185,1,-1
2024-03-28 16:04:41.898,20184,20185,20184,2,-2
2024-03-28 16:04:44.180,20184,20185,20184,5,-5
2024-03-28 16:04:48.297,20184,20185,20184,4,-4
2024-03-28 16:04:48.297,20184,20185,20183,1,-1
2024-03-28 16:04:50.083,20183,20184,20184,1,1
2024-03-28 16:04:53.754,20183,20184,20183,1,-1
2024-03-28 16:04:54.953,20183,20184,20183,4,-4
2024-03-28 16:04:55.684,20183,20184,20183,1,-1
2024-03-28 16:04:55.970,20183,20184,20183,1,-1
2024-03-28 16:04:56.343,20183,20184,20183,1,-1
2024-03-28 16:04:57.011,20183,20184,20183,1,-1
2024-03-28 16:04:57.011,20183,20184,20182,4,-4
2024-03-28 16:04:58.708,20182,20183,20183,1,1
2024-03-28 16:05:00.224,20182,20183,20183,6,6
2024-03-28 16:05:00.391,20183,20184,20184,3,3
2024-03-28 16:05:01.814,20184,20186,20184,2,-2
2024-03-28 16:05:02.229,20184,20186,20184,3,-3
2024-03-28 16:05:02.229,20184,20186,20183,2,-2
2024-03-28 16:05:04.830,20183,20185,20185,5,5
2024-03-28 16:05:06.525,20183,20185,20183,3,-3
2024-03-28 16:05:06.985,20182,20184,20182,1,-1
2024-03-28 16:05:08.044,20182,20183,20182,1,-1
2024-03-28 16:05:09.534,20182,20183,20182,1,-1
2024-03-28 16:05:10.634,20182,20183,20182,2,-2
2024-03-28 16:05:10.635,20182,20183,20182,3,-3
2024-03-28 16:05:10.635,20182,20183,20182,1,-1
2024-03-28 16:05:10.636,20182,20183,20182,1,-1
2024-03-28 16:05:11.156,20181,20182,20181,5,-5
2024-03-28 16:05:11.157,20181,20182,20181,2,-2
2024-03-28 16:05:11.157,20181,20182,20181,1,-1
2024-03-28 16:05:11.157,20181,20182,20181,1,-1
2024-03-28 16:05:11.157,20181,20182,20181,1,-1
2024-03-28 16:05:11.157,20181,20182,20181,1,-1
2024-03-28 16:05:12.578,20180,20181,20180,1,-1
2024-03-28 16:05:12.671,20180,20181,20180,14,-14
2024-03-28 16:05:12.672,20180,20181,20180,1,-1
2024-03-28 16:05:12.672,20180,20181,20180,5,-5
2024-03-28 16:05:12.672,20180,20181,20180,4,-4
2024-03-28 16:05:12.680,20180,20181,20180,2,-2
2024-03-28 16:05:12.681,20180,20181,20180,5,-5
2024-03-28 16:05:12.681,20180,20181,20180,2,-2
2024-03-28 16:05:12.681,20180,20181,20180,1,-1
2024-03-28 16:05:12.681,20180,20181,20180,6,-6
2024-03-28 16:05:12.813,20179,20180,20180,1,1
2024-03-28 16:05:12.819,20179,20180,20179,1,-1
2024-03-28 16:05:12.967,20179,20181,20179,3,-3
2024-03-28 16:05:13.010,20179,20181,20179,1,-1
2024-03-28 16:05:13.013,20179,20181,20179,1,-1
2024-03-28 16:05:13.020,20179,20181,20179,1,-1
2024-03-28 16:05:13.028,20179,20181,20179,1,-1
2024-03-28 16:05:13.028,20179,20181,20178,6,-6
2024-03-28 16:05:13.035,20179,20181,20178,4,-4
2024-03-28 16:05:13.059,20178,20180,20179,2,-2
2024-03-28 16:05:13.153,20178,20180,20179,2,-2
2024-03-28 16:05:13.178,20179,20181,20179,2,-2
2024-03-28 16:05:13.181,20179,20181,20179,1,-1
2024-03-28 16:05:13.381,20179,20181,20179,1,-1
2024-03-28 16:05:13.796,20179,20181,20179,3,-3
2024-03-28 16:05:14.173,20178,20180,20178,7,-7
2024-03-28 16:05:14.173,20178,20180,20178,1,-1
2024-03-28 16:05:16.816,20178,20180,20178,2,-2
2024-03-28 16:05:20.216,20178,20179,20178,1,-1
2024-03-28 16:05:22.085,20177,20178,20178,1,1
2024-03-28 16:05:24.925,20177,20178,20177,1,-1
2024-03-28 16:05:25.901,20177,20178,20177,1,-1
2024-03-28 16:05:30.523,20177,20178,20177,4,-4
2024-03-28 16:05:32.276,20177,20178,20177,1,-1
2024-03-28 16:05:33.081,20177,20178,20178,1,1
2024-03-28 16:05:34.358,20177,20178,20178,1,1
2024-03-28 16:05:34.359,20177,20178,20178,6,6
2024-03-28 16:05:34.589,20178,20180,20178,1,-1
2024-03-28 16:05:37.150,20178,20180,20178,7,-7
2024-03-28 16:05:39.476,20178,20180,20178,4,-4
2024-03-28 16:05:40.671,20178,20179,20178,1,-1
2024-03-28 16:05:43.396,20177,20179,20177,1,-1
2024-03-28 16:05:43.459,20177,20178,20177,5,-5
2024-03-28 16:05:43.548,20177,20178,20178,1,1
2024-03-28 16:05:45.559,20177,20178,20177,1,-1
2024-03-28 16:05:47.574,20177,20178,20177,1,-1
2024-03-28 16:05:48.312,20177,20178,20177,4,-4
2024-03-28 16:05:49.102,20177,20178,20177,1,-1
2024-03-28 16:05:50.259,20177,20178,20177,1,-1
2024-03-28 16:05:50.259,20177,20178,20177,9,-9
2024-03-28 16:05:50.259,20177,20178,20177,1,-1
2024-03-28 16:05:50.259,20177,20178,20177,1,-1
2024-03-28 16:05:50.783,20176,20177,20176,4,-4
2024-03-28 16:05:58.425,20176,20177,20176,8,-8
2024-03-28 16:05:58.942,20176,20177,20176,1,-1
2024-03-28 16:06:00.000,20175,20176,20176,5,5
2024-03-28 16:06:00.225,20176,20177,20176,1,-1
2024-03-28 16:06:00.408,20176,20177,20176,2,-2
2024-03-28 16:06:00.520,20176,20177,20176,1,-1
2024-03-28 16:06:00.769,20175,20177,20175,1,-1
2024-03-28 16:06:00.862,20175,20177,20175,1,-1
2024-03-28 16:06:01.413,20176,20177,20176,1,-1
2024-03-28 16:06:02.530,20176,20177,20177,1,1
2024-03-28 16:06:03.066,20177,20178,20178,2,2
2024-03-28 16:06:03.247,20177,20179,20177,1,-1
2024-03-28 16:06:06.375,20178,20179,20178,3,-3
2024-03-28 16:06:06.375,20178,20179,20177,2,-2
2024-03-28 16:06:15.954,20177,20179,20177,1,-1
2024-03-28 16:06:16.723,20177,20179,20179,1,1
2024-03-28 16:06:17.050,20177,20179,20177,1,-1
2024-03-28 16:06:19.019,20178,20179,20179,1,1
2024-03-28 16:06:27.862,20179,20180,20179,4,-4
2024-03-28 16:06:29.276,20179,20180,20180,1,1
2024-03-28 16:06:30.105,20179,20180,20179,1,-1
2024-03-28 16:06:31.758,20179,20180,20179,1,-1
2024-03-28 16:06:33.961,20179,20180,20180,1,1
2024-03-28 16:06:37.011,20179,20180,20180,1,1
2024-03-28 16:06:37.451,20179,20180,20179,2,-2
2024-03-28 16:06:47.465,20178,20180,20180,1,1
2024-03-28 16:06:50.355,20179,20180,20180,1,1
2024-03-28 16:06:50.355,20179,20180,20180,1,1
2024-03-28 16:06:50.356,20179,20180,20180,2,2
2024-03-28 16:06:58.288,20181,20182,20182,1,1
2024-03-28 16:06:58.397,20181,20182,20183,1,1
2024-03-28 16:06:58.397,20181,20182,20182,1,1
2024-03-28 16:07:00.610,20182,20183,20182,1,-1
2024-03-28 16:07:00.703,20182,20183,20183,1,1
2024-03-28 16:07:03.077,20182,20183,20183,1,1
2024-03-28 16:07:05.761,20182,20183,20183,1,1
2024-03-28 16:07:05.788,20182,20183,20182,4,-4
2024-03-28 16:07:06.843,20182,20183,20183,1,1
2024-03-28 16:07:09.497,20182,20183,20182,2,-2
2024-03-28 16:07:09.497,20182,20183,20182,1,-1
2024-03-28 16:07:11.613,20181,20182,20181,1,-1
2024-03-28 16:07:11.737,20180,20182,20182,3,3
2024-03-28 16:07:16.357,20181,20182,20181,1,-1
2024-03-28 16:07:17.100,20180,20181,20181,1,1
2024-03-28 16:07:24.875,20180,20181,20180,1,-1
2024-03-28 16:07:25.443,20180,20181,20181,1,1
2024-03-28 16:07:25.832,20180,20181,20181,1,1
2024-03-28 16:07:31.020,20181,20182,20181,1,-1
2024-03-28 16:07:37.285,20181,20182,20181,1,-1
2024-03-28 16:07:37.928,20181,20182,20181,3,-3
2024-03-28 16:07:40.219,20180,20181,20180,2,-2
2024-03-28 16:07:40.346,20180,20181,20180,1,-1
2024-03-28 16:07:40.347,20180,20181,20180,3,-3
2024-03-28 16:07:40.347,20180,20181,20180,1,-1
2024-03-28 16:07:40.347,20180,20181,20180,1,-1
2024-03-28 16:07:40.355,20180,20181,20179,1,-1
2024-03-28 16:07:43.716,20179,20181,20181,1,1
2024-03-28 16:07:56.201,20180,20181,20181,6,6
2024-03-28 16:08:04.930,20181,20182,20181,1,-1
2024-03-28 16:08:04.930,20181,20182,20181,2,-2
2024-03-28 16:08:07.446,20180,20181,20181,2,2
2024-03-28 16:08:10.540,20180,20181,20181,1,1
2024-03-28 16:08:12.667,20180,20181,20180,1,-1
2024-03-28 16:08:12.676,20180,20181,20179,1,-1
2024-03-28 16:08:13.533,20179,20180,20179,6,-6
2024-03-28 16:08:13.533,20178,20179,20179,1,1
2024-03-28 16:08:13.534,20178,20179,20179,3,3
2024-03-28 16:08:13.883,20178,20180,20178,1,-1
2024-03-28 16:08:15.885,20178,20179,20178,7,-7
2024-03-28 16:08:15.885,20178,20179,20177,3,-3
2024-03-28 16:08:16.001,20177,20179,20177,1,-1
2024-03-28 16:08:19.272,20177,20179,20177,4,-4
2024-03-28 16:08:21.064,20178,20179,20178,1,-1
2024-03-28 16:08:21.182,20177,20179,20177,3,-3
2024-03-28 16:08:21.218,20177,20179,20177,3,-3
2024-03-28 16:08:33.370,20177,20178,20177,1,-1
2024-03-28 16:08:34.358,20177,20178,20177,1,-1
2024-03-28 16:08:34.704,20177,20178,20177,1,-1
2024-03-28 16:08:36.085,20177,20178,20178,1,1
2024-03-28 16:08:39.402,20177,20179,20177,1,-1
2024-03-28 16:08:40.957,20177,20178,20178,2,2
2024-03-28 16:08:44.168,20177,20178,20177,1,-1
2024-03-28 16:08:45.102,20176,20177,20177,1,1
2024-03-28 16:08:48.272,20177,20178,20177,3,-3
2024-03-28 16:08:50.904,20177,20178,20177,3,-3
2024-03-28 16:08:54.392,20176,20178,20176,1,-1
2024-03-28 16:08:57.882,20176,20178,20176,2,-2
2024-03-28 16:08:58.477,20176,20178,20176,10,-10
2024-03-28 16:09:01.356,20176,20177,20177,1,1
2024-03-28 16:09:02.893,20176,20178,20177,1,1
2024-03-28 16:09:03.062,20177,20178,20178,2,2
2024-03-28 16:09:06.731,20178,20179,20178,5,-5
2024-03-28 16:09:07.492,20178,20179,20178,1,-1
2024-03-28 16:09:07.493,20178,20179,20178,1,-1
2024-03-28 16:09:07.493,20178,20179,20178,1,-1
2024-03-28 16:09:12.640,20177,20178,20178,1,1
2024-03-28 16:09:13.311,20177,20178,20178,1,1
2024-03-28 16:09:18.579,20177,20178,20177,3,-3
2024-03-28 16:09:26.035,20177,20178,20177,4,-4
2024-03-28 16:09:26.557,20176,20177,20177,1,1
2024-03-28 16:09:28.340,20176,20178,20178,4,4
2024-03-28 16:09:31.940,20176,20178,20176,1,-1
2024-03-28 16:09:32.511,20176,20177,20176,1,-1
2024-03-28 16:09:32.579,20176,20177,20177,1,1
2024-03-28 16:09:32.892,20176,20177,20176,1,-1
2024-03-28 16:09:34.265,20176,20177,20176,1,-1
2024-03-28 16:09:36.473,20176,20177,20176,3,-3
2024-03-28 16:09:36.474,20176,20177,20176,1,-1
2024-03-28 16:09:36.474,20176,20177,20176,6,-6
2024-03-28 16:09:36.474,20176,20177,20176,1,-1
2024-03-28 16:09:36.474,20176,20177,20176,1,-1
2024-03-28 16:09:37.069,20175,20177,20176,2,-2
2024-03-28 16:09:41.446,20175,20176,20175,2,-2
2024-03-28 16:09:41.650,20175,20176,20175,1,-1
2024-03-28 16:09:46.145,20175,20176,20175,1,-1
2024-03-28 16:09:46.504,20175,20176,20175,4,-4
2024-03-28 16:09:47.250,20175,20176,20175,2,-2
2024-03-28 16:09:48.239,20175,20176,20175,1,-1
2024-03-28 16:09:50.472,20175,20176,20175,1,-1
2024-03-28 16:09:50.777,20175,20176,20175,1,-1
2024-03-28 16:09:51.864,20175,20176,20176,3,3
2024-03-28 16:09:51.865,20175,20176,20176,3,3
2024-03-28 16:09:54.244,20176,20177,20176,4,-4
2024-03-28 16:09:55.161,20176,20177,20176,1,-1
2024-03-28 16:09:55.766,20176,20177,20176,1,-1
2024-03-28 16:09:55.817,20176,20177,20176,1,-1
2024-03-28 16:09:55.893,20176,20177,20177,4,4
2024-03-28 16:09:58.384,20175,20176,20176,1,1
2024-03-28 16:09:58.482,20175,20176,20176,1,1
2024-03-28 16:10:00.215,20176,20177,20176,1,-1
2024-03-28 16:10:00.586,20176,20177,20176,2,-2
2024-03-28 16:10:00.801,20175,20177,20175,1,-1
2024-03-28 16:10:01.177,20176,20177,20176,1,-1
2024-03-28 16:10:01.177,20176,20177,20175,1,-1
2024-03-28 16:10:06.452,20175,20176,20175,1,-1
2024-03-28 16:10:06.452,20175,20176,20176,1,1
2024-03-28 16:10:07.985,20175,20177,20177,1,1
2024-03-28 16:10:09.694,20176,20177,20176,1,-1
2024-03-28 16:10:09.694,20176,20177,20175,2,-2
2024-03-28 16:10:12.526,20175,20177,20175,1,-1
2024-03-28 16:10:20.225,20176,20177,20176,2,-2
2024-03-28 16:10:20.456,20175,20177,20177,2,2
2024-03-28 16:10:23.423,20175,20176,20176,1,1
2024-03-28 16:10:27.094,20176,20177,20177,1,1
2024-03-28 16:10:29.072,20176,20177,20177,4,4
2024-03-28 16:10:29.072,20176,20177,20177,1,1
2024-03-28 16:10:29.292,20177,20178,20178,1,1
2024-03-28 16:10:29.292,20177,20178,20178,1,1
2024-03-28 16:10:30.216,20177,20179,20177,1,-1
2024-03-28 16:10:32.034,20178,20180,20180,1,1
2024-03-28 16:10:34.029,20177,20178,20178,1,1
2024-03-28 16:10:40.249,20179,20180,20179,1,-1
2024-03-28 16:10:41.970,20179,20180,20179,1,-1
2024-03-28 16:10:41.978,20179,20180,20178,1,-1
2024-03-28 16:10:41.978,20179,20180,20178,2,-2
2024-03-28 16:10:41.979,20179,20180,20178,1,-1
2024-03-28 16:10:42.020,20179,20180,20177,1,-1
2024-03-28 16:10:49.858,20177,20178,20178,1,1
2024-03-28 16:11:01.529,20177,20178,20177,5,-5
2024-03-28 16:11:01.983,20177,20178,20177,1,-1
2024-03-28 16:11:04.583,20176,20177,20177,1,1
2024-03-28 16:11:06.503,20176,20177,20177,1,1
2024-03-28 16:11:06.764,20176,20177,20177,1,1
2024-03-28 16:11:06.764,20176,20177,20177,1,1
2024-03-28 16:11:06.826,20177,20178,20177,1,-1
2024-03-28 16:11:07.724,20177,20178,20177,2,-2
2024-03-28 16:11:07.724,20177,20178,20176,8,-8
2024-03-28 16:11:12.721,20176,20177,20177,1,1
2024-03-28 16:11:13.764,20176,20177,20176,1,-1
2024-03-28 16:11:14.338,20176,20177,20176,2,-2
2024-03-28 16:11:15.686,20175,20177,20177,1,1
2024-03-28 16:11:22.902,20175,20177,20177,1,1
2024-03-28 16:11:26.124,20176,20177,20176,1,-1
2024-03-28 16:11:26.178,20175,20176,20175,4,-4
2024-03-28 16:11:26.179,20175,20176,20175,5,-5
2024-03-28 16:11:26.179,20175,20176,20175,2,-2
2024-03-28 16:11:26.179,20175,20176,20175,1,-1
2024-03-28 16:11:26.179,20175,20176,20175,5,-5
2024-03-28 16:11:29.328,20174,20176,20174,1,-1
2024-03-28 16:11:29.460,20174,20176,20174,7,-7
2024-03-28 16:11:29.545,20174,20176,20174,2,-2
2024-03-28 16:11:39.035,20175,20176,20175,1,-1
2024-03-28 16:11:39.035,20175,20176,20174,4,-4
2024-03-28 16:11:42.785,20174,20175,20175,1,1
2024-03-28 16:11:43.510,20175,20176,20176,1,1
2024-03-28 16:11:43.510,20175,20176,20176,1,1
2024-03-28 16:11:45.047,20176,20177,20176,1,-1
2024-03-28 16:11:49.299,20175,20176,20175,1,-1
2024-03-28 16:11:49.806,20175,20176,20176,2,2
2024-03-28 16:11:51.921,20176,20177,20176,1,-1
2024-03-28 16:11:51.921,20176,20177,20175,1,-1
2024-03-28 16:12:00.237,20175,20176,20175,1,-1
2024-03-28 16:12:04.344,20175,20176,20175,1,-1
2024-03-28 16:12:05.334,20175,20176,20175,2,-2
2024-03-28 16:12:05.623,20174,20176,20174,1,-1
2024-03-28 16:12:07.667,20174,20176,20176,1,1
2024-03-28 16:12:08.739,20174,20176,20174,5,-5
2024-03-28 16:12:09.328,20174,20176,20174,1,-1
2024-03-28 16:12:10.630,20174,20176,20174,4,-4
2024-03-28 16:12:12.961,20174,20175,20175,1,1
2024-03-28 16:12:12.961,20174,20175,20175,1,1
2024-03-28 16:12:18.489,20175,20177,20175,1,-1
2024-03-28 16:12:20.222,20175,20176,20175,3,-3
2024-03-28 16:12:28.359,20175,20176,20176,2,2
2024-03-28 16:12:29.102,20176,20177,20177,3,3
2024-03-28 16:12:29.102,20176,20177,20177,8,8
2024-03-28 16:12:29.102,20176,20177,20177,4,4
2024-03-28 16:12:29.102,20176,20177,20177,2,2
2024-03-28 16:12:36.623,20175,20176,20175,3,-3
2024-03-28 16:12:43.728,20174,20176,20174,1,-1
2024-03-28 16:12:46.552,20174,20176,20176,1,1
2024-03-28 16:12:48.021,20174,20176,20176,1,1
2024-03-28 16:12:49.981,20174,20176,20174,2,-2
2024-03-28 16:12:51.735,20174,20176,20176,15,15
2024-03-28 16:12:57.803,20176,20177,20177,2,2
2024-03-28 16:13:06.162,20177,20178,20178,1,1
2024-03-28 16:13:12.669,20177,20178,20177,2,-2
2024-03-28 16:13:12.670,20177,20178,20177,2,-2
2024-03-28 16:13:22.330,20176,20178,20176,2,-2
2024-03-28 16:13:26.161,20176,20178,20178,1,1
2024-03-28 16:13:29.357,20177,20178,20178,8,8
2024-03-28 16:13:42.088,20179,20180,20179,1,-1
2024-03-28 16:13:42.182,20179,20180,20180,5,5
2024-03-28 16:13:42.261,20179,20180,20180,2,2
2024-03-28 16:13:42.262,20179,20180,20180,1,1
2024-03-28 16:13:42.262,20179,20180,20180,2,2
2024-03-28 16:13:42.305,20180,20181,20181,5,5
2024-03-28 16:13:42.427,20180,20181,20181,1,1
2024-03-28 16:13:42.427,20180,20181,20182,4,4
2024-03-28 16:13:52.964,20179,20180,20180,1,1
2024-03-28 16:13:53.580,20179,20181,20179,1,-1
2024-03-28 16:13:55.501,20180,20181,20181,1,1
2024-03-28 16:13:56.208,20180,20181,20180,1,-1
2024-03-28 16:13:59.620,20180,20181,20180,1,-1
2024-03-28 16:14:04.176,20179,20180,20180,1,1
2024-03-28 16:14:10.137,20179,20180,20180,1,1
2024-03-28 16:14:15.628,20179,20180,20179,1,-1
2024-03-28 16:14:17.428,20178,20179,20179,1,1
2024-03-28 16:14:21.642,20178,20179,20179,1,1
2024-03-28 16:14:25.711,20179,20180,20179,1,-1
2024-03-28 16:14:32.733,20178,20179,20179,1,1
2024-03-28 16:14:33.063,20178,20179,20178,2,-2
2024-03-28 16:14:34.455,20178,20179,20179,1,1
2024-03-28 16:14:37.428,20178,20179,20179,1,1
2024-03-28 16:14:39.066,20178,20180,20179,1,1
2024-03-28 16:14:40.383,20178,20180,20179,1,1
2024-03-28 16:14:40.557,20179,20180,20180,4,4
2024-03-28 16:14:50.286,20180,20181,20180,1,-1
2024-03-28 16:14:51.115,20179,20181,20181,2,2
2024-03-28 16:14:52.230,20179,20181,20181,1,1
2024-03-28 16:14:52.443,20179,20181,20179,1,-1
2024-03-28 16:14:53.784,20179,20181,20181,1,1
2024-03-28 16:14:54.799,20179,20180,20180,2,2
2024-03-28 16:14:58.180,20179,20180,20180,1,1
2024-03-28 16:15:10.743,20179,20180,20180,5,5
2024-03-28 16:15:11.508,20179,20180,20179,1,-1
2024-03-28 16:15:16.777,20180,20181,20180,1,-1
2024-03-28 16:15:24.701,20180,20181,20181,1,1
2024-03-28 16:15:28.584,20180,20182,20182,1,1
2024-03-28 16:15:39.438,20180,20181,20181,1,1
2024-03-28 16:15:50.209,20180,20181,20180,1,-1
2024-03-28 16:15:53.084,20180,20181,20180,3,-3
2024-03-28 16:15:53.084,20180,20181,20180,1,-1
2024-03-28 16:15:53.084,20180,20181,20180,1,-1
2024-03-28 16:15:53.084,20180,20181,20180,1,-1
2024-03-28 16:15:53.084,20180,20181,20180,1,-1
2024-03-28 16:15:53.084,20180,20181,20180,2,-2
2024-03-28 16:15:53.085,20180,20181,20180,1,-1
2024-03-28 16:15:53.194,20179,20181,20181,1,1
2024-03-28 16:15:53.315,20179,20180,20180,1,1
2024-03-28 16:15:57.027,20179,20180,20180,1,1
2024-03-28 16:15:59.231,20180,20181,20180,4,-4
2024-03-28 16:15:59.553,20179,20180,20179,1,-1
2024-03-28 16:16:00.565,20179,20180,20179,1,-1
2024-03-28 16:16:07.741,20179,20180,20180,1,1
2024-03-28 16:16:07.930,20179,20180,20179,1,-1
2024-03-28 16:16:26.693,20179,20180,20179,1,-1
2024-03-28 16:16:35.829,20179,20180,20179,1,-1
2024-03-28 16:16:36.829,20179,20180,20180,2,2
2024-03-28 16:16:39.292,20179,20180,20179,1,-1
2024-03-28 16:16:52.510,20179,20180,20179,2,-2
2024-03-28 16:16:56.586,20179,20180,20179,1,-1
2024-03-28 16:16:58.324,20179,20180,20179,2,-2
2024-03-28 16:17:16.443,20179,20180,20179,4,-4
2024-03-28 16:17:16.450,20179,20180,20178,1,-1
2024-03-28 16:17:16.450,20179,20180,20178,1,-1
2024-03-28 16:17:16.450,20179,20180,20178,11,-11
2024-03-28 16:17:16.450,20179,20180,20178,4,-4
2024-03-28 16:17:16.450,20179,20180,20178,3,-3
2024-03-28 16:17:16.451,20179,20180,20178,6,-6
2024-03-28 16:17:16.475,20179,20180,20177,3,-3
2024-03-28 16:17:16.501,20179,20180,20176,1,-1
2024-03-28 16:17:16.839,20176,20177,20176,2,-2
2024-03-28 16:17:16.839,20176,20177,20176,1,-1
2024-03-28 16:17:16.839,20176,20177,20176,1,-1
2024-03-28 16:17:20.228,20176,20177,20176,3,-3
2024-03-28 16:17:20.249,20176,20177,20176,5,-5
2024-03-28 16:17:21.927,20176,20177,20177,1,1
2024-03-28 16:17:22.984,20176,20177,20176,1,-1
2024-03-28 16:17:24.827,20176,20177,20176,1,-1
2024-03-28 16:17:26.901,20175,20176,20176,1,1
2024-03-28 16:17:31.469,20175,20176,20175,4,-4
2024-03-28 16:17:32.895,20175,20176,20175,1,-1
2024-03-28 16:17:34.352,20175,20176,20176,2,2
2024-03-28 16:17:36.479,20176,20177,20176,1,-1
2024-03-28 16:17:36.480,20176,20177,20177,2,2
2024-03-28 16:17:38.511,20176,20178,20176,2,-2
2024-03-28 16:17:43.810,20176,20178,20176,2,-2
2024-03-28 16:17:47.081,20176,20177,20177,2,2
2024-03-28 16:17:48.927,20176,20177,20177,1,1
2024-03-28 16:17:51.073,20176,20177,20177,1,1
2024-03-28 16:18:00.215,20176,20177,20176,2,-2
2024-03-28 16:18:00.488,20176,20177,20177,1,1
2024-03-28 16:18:10.228,20176,20177,20176,1,-1
2024-03-28 16:18:13.783,20176,20177,20176,2,-2
2024-03-28 16:18:16.415,20175,20176,20175,1,-1
2024-03-28 16:18:19.537,20175,20176,20175,4,-4
2024-03-28 16:18:19.537,20175,20176,20174,22,-22
2024-03-28 16:18:19.538,20175,20176,20174,21,-21
2024-03-28 16:18:19.538,20175,20176,20174,2,-2
2024-03-28 16:18:19.538,20175,20176,20174,1,-1
2024-03-28 16:18:19.540,20175,20176,20174,1,-1
2024-03-28 16:18:19.540,20175,20176,20174,1,-1
2024-03-28 16:18:19.540,20175,20176,20174,1,-1
2024-03-28 16:18:19.769,20173,20175,20175,1,1
2024-03-28 16:18:22.028,20173,20174,20174,1,1
2024-03-28 16:18:22.552,20173,20175,20175,1,1
2024-03-28 16:18:31.127,20174,20175,20175,1,1
2024-03-28 16:18:31.128,20174,20175,20175,1,1
2024-03-28 16:18:41.241,20175,20177,20175,1,-1
2024-03-28 16:18:50.271,20175,20176,20175,1,-1
2024-03-28 16:19:00.214,20175,20176,20175,1,-1
2024-03-28 16:19:06.395,20175,20176,20175,1,-1
2024-03-28 16:19:06.570,20175,20176,20175,1,-1
2024-03-28 16:19:08.625,20175,20176,20176,4,4
2024-03-28 16:19:16.716,20176,20177,20177,1,1
2024-03-28 16:19:16.716,20176,20177,20177,1,1
2024-03-28 16:19:18.759,20176,20178,20178,1,1
2024-03-28 16:19:29.600,20176,20177,20177,1,1
2024-03-28 16:19:29.976,20176,20178,20178,1,1
2024-03-28 16:19:32.135,20177,20178,20177,1,-1
2024-03-28 16:19:39.456,20176,20177,20177,2,2
2024-03-28 16:19:40.778,20176,20177,20176,1,-1
2024-03-28 16:19:44.589,20176,20178,20176,1,-1
2024-03-28 16:20:05.646,20176,20177,20176,1,-1
2024-03-28 16:20:06.117,20176,20177,20177,1,1
2024-03-28 16:20:07.999,20177,20178,20177,1,-1
2024-03-28 16:20:10.068,20177,20178,20178,2,2
2024-03-28 16:20:21.337,20177,20179,20177,1,-1
2024-03-28 16:20:47.916,20178,20179,20178,1,-1
2024-03-28 16:21:03.392,20178,20179,20179,1,1
2024-03-28 16:21:07.435,20178,20180,20178,1,-1
2024-03-28 16:21:12.454,20179,20180,20179,2,-2
2024-03-28 16:21:40.561,20179,20180,20180,1,1
2024-03-28 16:21:40.562,20179,20180,20180,2,2
2024-03-28 16:21:40.562,20179,20180,20180,3,3
2024-03-28 16:21:41.593,20180,20181,20181,1,1
2024-03-28 16:21:41.593,20180,20181,20181,4,4
2024-03-28 16:21:41.593,20180,20181,20181,6,6
2024-03-28 16:21:41.593,20180,20181,20181,6,6
2024-03-28 16:21:41.594,20180,20181,20182,6,6
2024-03-28 16:21:41.689,20180,20182,20182,1,1
2024-03-28 16:22:04.532,20181,20182,20181,1,-1
2024-03-28 16:22:09.294,20181,20182,20182,1,1
2024-03-28 16:22:10.680,20181,20182,20181,2,-2
2024-03-28 16:22:10.680,20181,20182,20181,2,-2
2024-03-28 16:22:11.709,20180,20181,20180,1,-1
2024-03-28 16:22:42.898,20180,20181,20180,1,-1
2024-03-28 16:22:43.562,20180,20181,20181,2,2
2024-03-28 16:22:44.178,20180,20181,20180,1,-1
2024-03-28 16:22:48.775,20180,20181,20181,1,1
2024-03-28 16:22:48.775,20180,20181,20182,1,1
2024-03-28 16:22:55.625,20180,20182,20182,1,1
2024-03-28 16:23:04.714,20180,20181,20181,1,1
2024-03-28 16:23:09.669,20181,20182,20181,1,-1
2024-03-28 16:23:15.099,20181,20182,20181,1,-1
2024-03-28 16:23:25.869,20181,20182,20182,2,2
2024-03-28 16:23:31.911,20181,20182,20182,1,1
2024-03-28 16:23:38.610,20181,20182,20181,3,-3
2024-03-28 16:23:38.640,20181,20182,20181,1,-1
2024-03-28 16:23:45.734,20180,20181,20180,2,-2
2024-03-28 16:24:04.665,20179,20180,20180,1,1
2024-03-28 16:24:06.588,20179,20180,20180,1,1
2024-03-28 16:24:07.398,20179,20181,20180,1,1
2024-03-28 16:24:14.334,20179,20180,20180,2,2
2024-03-28 16:24:18.027,20179,20180,20179,1,-1
2024-03-28 16:24:21.113,20179,20180,20179,3,-3
2024-03-28 16:24:22.613,20178,20179,20179,1,1
2024-03-28 16:24:25.495,20178,20179,20178,1,-1
2024-03-28 16:24:39.778,20178,20179,20178,1,-1
2024-03-28 16:25:01.780,20178,20179,20178,1,-1
2024-03-28 16:25:02.357,20178,20179,20178,1,-1
2024-03-28 16:25:04.061,20178,20179,20179,1,1
2024-03-28 16:25:04.617,20178,20179,20179,2,2
2024-03-28 16:25:09.951,20178,20180,20178,1,-1
2024-03-28 16:25:12.878,20179,20180,20180,1,1
2024-03-28 16:25:12.878,20179,20180,20180,1,1
2024-03-28 16:25:12.879,20179,20180,20180,2,2
2024-03-28 16:25:26.671,20180,20181,20180,1,-1
2024-03-28 16:25:33.202,20180,20181,20180,1,-1
2024-03-28 16:25:33.203,20180,20181,20180,1,-1
2024-03-28 16:25:54.720,20179,20180,20180,1,1
2024-03-28 16:25:58.702,20179,20180,20180,1,1
2024-03-28 16:26:00.122,20179,20181,20179,1,-1
2024-03-28 16:26:04.750,20180,20181,20180,1,-1
2024-03-28 16:26:19.712,20179,20180,20180,1,1
2024-03-28 16:26:19.712,20179,20180,20181,2,2
2024-03-28 16:26:20.077,20180,20181,20180,2,-2
2024-03-28 16:26:20.216,20179,20181,20181,3,3
2024-03-28 16:26:51.804,20180,20181,20181,1,1
2024-03-28 16:27:07.842,20181,20182,20181,1,-1
2024-03-28 16:27:18.213,20181,20182,20181,1,-1
2024-03-28 16:27:18.213,20181,20182,20180,13,-13
2024-03-28 16:27:22.208,20179,20181,20179,5,-5
2024-03-28 16:27:37.696,20179,20180,20179,1,-1
2024-03-28 16:27:40.225,20179,20180,20180,1,1
2024-03-28 16:27:52.865,20179,20180,20180,1,1
2024-03-28 16:28:11.630,20179,20180,20180,5,5
2024-03-28 16:28:11.713,20179,20180,20179,1,-1
2024-03-28 16:28:11.928,20179,20180,20180,5,5
2024-03-28 16:28:12.268,20179,20180,20180,4,4
2024-03-28 16:28:12.688,20180,20181,20180,3,-3
2024-03-28 16:28:20.656,20180,20181,20181,1,1
2024-03-28 16:28:20.657,20180,20181,20181,3,3
2024-03-28 16:28:29.794,20181,20182,20182,3,3
2024-03-28 16:28:32.174,20181,20182,20182,1,1
2024-03-28 16:28:45.702,20181,20182,20182,2,2
2024-03-28 16:28:50.953,20181,20182,20182,1,1
2024-03-28 16:28:52.660,20182,20183,20182,1,-1
2024-03-28 16:28:53.605,20182,20183,20182,1,-1
2024-03-28 16:29:02.548,20182,20183,20182,2,-2
2024-03-28 16:29:11.626,20181,20182,20181,1,-1
2024-03-28 16:29:16.635,20181,20182,20182,2,2
2024-03-28 16:29:16.635,20181,20182,20182,6,6
2024-03-28 16:29:16.635,20181,20182,20182,1,1
2024-03-28 16:29:16.711,20182,20183,20183,1,1
2024-03-28 16:29:16.712,20182,20183,20183,11,11
2024-03-28 16:29:20.219,20183,20184,20184,2,2
2024-03-28 16:29:22.504,20183,20184,20184,1,1
2024-03-28 16:29:23.748,20183,20184,20184,1,1
2024-03-28 16:29:25.204,20183,20184,20184,1,1
2024-03-28 16:29:25.654,20184,20185,20184,1,-1
2024-03-28 16:29:27.829,20184,20185,20185,2,2
2024-03-28 16:29:27.878,20184,20185,20185,4,4
2024-03-28 16:29:28.693,20184,20185,20185,8,8
2024-03-28 16:29:39.130,20184,20185,20185,4,4
2024-03-28 16:29:40.223,20184,20185,20185,1,1
2024-03-28 16:29:42.436,20184,20185,20184,1,-1
2024-03-28 16:29:43.679,20183,20184,20183,1,-1
2024-03-28 16:29:47.881,20181,20183,20183,1,1
2024-03-28 16:29:58.357,20182,20183,20183,1,1
2024-03-28 16:30:09.134,20183,20184,20183,2,-2
2024-03-28 16:30:16.966,20182,20183,20182,1,-1
2024-03-28 16:30:36.292,20183,20184,20184,2,2
2024-03-28 16:30:36.292,20183,20184,20185,3,3
2024-03-28 16:30:37.480,20183,20185,20183,1,-1
2024-03-28 16:30:39.865,20183,20185,20185,5,5
2024-03-28 16:30:45.219,20183,20185,20185,1,1
2024-03-28 16:30:46.810,20183,20185,20185,5,5
2024-03-28 16:30:52.075,20184,20185,20185,1,1
2024-03-28 16:30:52.431,20184,20185,20185,3,3
2024-03-28 16:30:52.431,20184,20185,20186,2,2
2024-03-28 16:31:00.622,20184,20186,20186,1,1
2024-03-28 16:31:00.666,20184,20186,20186,1,1
2024-03-28 16:31:00.666,20184,20186,20186,1,1
2024-03-28 16:31:00.666,20184,20186,20186,1,1
2024-03-28 16:31:00.667,20184,20186,20186,1,1
2024-03-28 16:31:05.116,20185,20186,20186,1,1
2024-03-28 16:31:05.116,20185,20186,20186,1,1
2024-03-28 16:31:05.116,20185,20186,20186,1,1
2024-03-28 16:31:09.079,20184,20186,20186,5,5
2024-03-28 16:31:29.511,20183,20184,20184,2,2
2024-03-28 16:31:34.553,20184,20186,20186,1,1
2024-03-28 16:31:43.192,20184,20185,20184,1,-1
2024-03-28 16:31:59.506,20185,20186,20185,2,-2
2024-03-28 16:32:07.467,20184,20185,20185,1,1
2024-03-28 16:32:10.801,20185,20186,20186,1,1
2024-03-28 16:32:18.738,20185,20186,20185,5,-5
2024-03-28 16:32:19.102,20185,20186,20185,5,-5
2024-03-28 16:32:19.821,20185,20186,20186,2,2
2024-03-28 16:32:20.236,20185,20186,20186,2,2
2024-03-28 16:32:31.964,20186,20187,20186,4,-4
2024-03-28 16:32:34.099,20185,20186,20185,1,-1
2024-03-28 16:32:34.100,20185,20186,20185,1,-1
2024-03-28 16:32:34.100,20185,20186,20185,1,-1
2024-03-28 16:32:35.209,20184,20186,20186,1,1
2024-03-28 16:32:45.593,20185,20186,20185,2,-2
2024-03-28 16:32:51.771,20184,20185,20185,1,1
2024-03-28 16:33:01.076,20184,20185,20184,1,-1
2024-03-28 16:33:09.369,20184,20185,20184,2,-2
2024-03-28 16:33:17.212,20181,20182,20181,1,-1
2024-03-28 16:33:19.325,20181,20182,20181,1,-1
2024-03-28 16:33:26.691,20181,20182,20181,4,-4
2024-03-28 16:33:26.725,20181,20182,20181,1,-1
2024-03-28 16:33:26.970,20180,20182,20180,1,-1
2024-03-28 16:33:27.317,20180,20182,20180,13,-13
2024-03-28 16:33:27.528,20180,20182,20180,1,-1
2024-03-28 16:33:31.500,20180,20181,20180,1,-1
2024-03-28 16:33:42.479,20180,20181,20180,1,-1
2024-03-28 16:33:42.574,20180,20181,20180,1,-1
2024-03-28 16:33:42.635,20180,20181,20180,1,-1
2024-03-28 16:33:46.758,20179,20180,20179,1,-1
2024-03-28 16:33:48.100,20179,20180,20179,1,-1
2024-03-28 16:33:53.974,20178,20179,20178,1,-1
2024-03-28 16:34:00.918,20178,20179,20179,2,2
2024-03-28 16:34:00.919,20178,20179,20179,4,4
2024-03-28 16:34:03.222,20178,20179,20179,1,1
2024-03-28 16:34:31.318,20179,20180,20179,1,-1
2024-03-28 16:34:36.488,20179,20181,20179,1,-1
2024-03-28 16:34:47.236,20180,20181,20181,1,1
2024-03-28 16:34:47.237,20180,20181,20181,2,2
2024-03-28 16:34:48.030,20181,20182,20181,1,-1
2024-03-28 16:34:48.030,20181,20182,20180,1,-1
2024-03-28 16:35:01.542,20179,20180,20180,1,1
2024-03-28 16:35:09.426,20181,20182,20182,1,1
2024-03-28 16:35:09.426,20181,20182,20183,3,3
2024-03-28 16:35:13.269,20181,20183,20181,6,-6
2024-03-28 16:35:27.040,20180,20181,20181,2,2
2024-03-28 16:35:36.388,20181,20182,20182,1,1
2024-03-28 16:35:38.508,20181,20183,20183,1,1
2024-03-28 16:36:11.796,20182,20183,20182,3,-3
2024-03-28 16:36:14.279,20182,20183,20183,2,2
2024-03-28 16:36:20.462,20183,20184,20184,1,1
2024-03-28 16:36:20.462,20183,20184,20185,1,1
2024-03-28 16:36:27.269,20183,20185,20185,1,1
2024-03-28 16:36:29.104,20184,20185,20185,2,2
2024-03-28 16:36:29.832,20184,20185,20185,2,2
2024-03-28 16:36:34.300,20184,20185,20184,1,-1
2024-03-28 16:36:34.665,20183,20185,20185,2,2
2024-03-28 16:36:35.481,20183,20185,20185,2,2
2024-03-28 16:36:51.464,20183,20184,20184,1,1
2024-03-28 16:36:57.851,20183,20184,20183,1,-1
2024-03-28 16:36:59.083,20182,20183,20183,1,1
2024-03-28 16:37:07.641,20183,20184,20183,1,-1
2024-03-28 16:37:07.854,20182,20183,20183,1,1
2024-03-28 16:37:11.898,20182,20183,20182,1,-1
2024-03-28 16:37:14.159,20182,20183,20182,2,-2
2024-03-28 16:37:19.091,20181,20182,20182,1,1
2024-03-28 16:37:22.125,20182,20183,20182,1,-1
2024-03-28 16:37:29.508,20181,20182,20182,1,1
2024-03-28 16:37:35.239,20181,20182,20182,1,1
2024-03-28 16:37:38.731,20182,20183,20182,4,-4
2024-03-28 16:37:54.694,20181,20182,20182,1,1
2024-03-28 16:37:57.904,20181,20182,20182,1,1
2024-03-28 16:38:00.117,20182,20183,20182,5,-5
2024-03-28 16:38:03.041,20181,20182,20182,2,2
2024-03-28 16:38:10.083,20181,20182,20182,1,1
2024-03-28 16:38:10.084,20181,20182,20182,5,5
2024-03-28 16:38:12.384,20182,20183,20183,1,1
2024-03-28 16:38:18.732,20183,20184,20183,1,-1
2024-03-28 16:38:18.754,20183,20184,20183,1,-1
2024-03-28 16:38:22.332,20182,20183,20182,1,-1
2024-03-28 16:38:29.162,20182,20183,20183,1,1
2024-03-28 16:38:29.162,20182,20183,20183,1,1
2024-03-28 16:38:29.162,20182,20183,20183,1,1
2024-03-28 16:38:29.630,20183,20184,20183,2,-2
2024-03-28 16:39:03.362,20182,20183,20182,1,-1
2024-03-28 16:39:04.099,20182,20183,20183,1,1
2024-03-28 16:39:15.509,20182,20183,20182,3,-3
2024-03-28 16:39:20.887,20182,20183,20182,1,-1
2024-03-28 16:39:33.989,20182,20183,20183,1,1
2024-03-28 16:39:38.982,20182,20183,20183,1,1
2024-03-28 16:39:48.800,20182,20183,20183,1,1
2024-03-28 16:39:48.800,20182,20183,20183,5,5
2024-03-28 16:39:57.310,20183,20184,20184,1,1
2024-03-28 16:39:58.604,20183,20184,20184,1,1
2024-03-28 16:40:20.352,20183,20184,20183,2,-2
2024-03-28 16:40:20.498,20182,20184,20182,7,-7
2024-03-28 16:40:20.501,20182,20184,20181,3,-3
2024-03-28 16:40:20.559,20181,20183,20181,1,-1
2024-03-28 16:40:48.846,20182,20183,20182,2,-2
2024-03-28 16:41:06.165,20181,20182,20182,1,1
2024-03-28 16:41:06.586,20181,20182,20181,2,-2
2024-03-28 16:41:08.040,20181,20182,20182,3,3
2024-03-28 16:41:12.978,20182,20183,20182,1,-1
2024-03-28 16:41:13.458,20181,20183,20183,1,1
2024-03-28 16:41:17.017,20181,20182,20182,1,1
2024-03-28 16:41:39.727,20181,20183,20181,1,-1
2024-03-28 16:41:58.109,20182,20183,20182,1,-1
2024-03-28 16:42:03.886,20182,20184,20184,3,3
2024-03-28 16:42:04.155,20182,20183,20183,1,1
2024-03-28 16:42:04.334,20182,20184,20184,1,1
2024-03-28 16:42:27.318,20182,20183,20183,1,1
2024-03-28 16:42:48.212,20182,20184,20182,1,-1
2024-03-28 16:43:12.511,20183,20184,20184,3,3
2024-03-28 16:43:13.820,20183,20184,20184,1,1
2024-03-28 16:43:19.681,20183,20184,20183,5,-5
2024-03-28 16:43:22.930,20182,20183,20182,1,-1
2024-03-28 16:43:52.107,20182,20183,20182,5,-5
2024-03-28 16:43:56.724,20182,20183,20182,1,-1
2024-03-28 16:44:14.093,20181,20182,20181,4,-4
2024-03-28 16:44:47.482,20180,20181,20181,1,1
2024-03-28 16:45:00.075,20181,20182,20181,2,-2
2024-03-28 16:45:00.075,20181,20182,20181,1,-1
2024-03-28 16:45:00.215,20180,20181,20180,1,-1
2024-03-28 16:45:01.209,20180,20181,20180,1,-1
2024-03-28 16:45:02.160,20180,20181,20180,1,-1
2024-03-28 16:45:18.521,20180,20181,20181,1,1
2024-03-28 16:45:25.073,20180,20181,20180,3,-3
2024-03-28 16:45:41.491,20180,20181,20180,1,-1
2024-03-28 16:45:49.451,20180,20181,20180,5,-5
2024-03-28 16:45:49.451,20180,20181,20180,2,-2
2024-03-28 16:46:00.100,20179,20180,20180,1,1
2024-03-28 16:46:01.396,20180,20181,20181,1,1
2024-03-28 16:46:01.397,20180,20181,20181,1,1
2024-03-28 16:46:04.318,20181,20182,20182,2,2
2024-03-28 16:46:04.318,20181,20182,20182,1,1
2024-03-28 16:46:04.318,20181,20182,20182,1,1
2024-03-28 16:46:41.720,20183,20184,20183,1,-1
2024-03-28 16:46:41.721,20183,20184,20183,2,-2
2024-03-28 16:46:43.493,20181,20183,20183,1,1
2024-03-28 16:47:18.288,20181,20182,20181,1,-1
2024-03-28 16:47:18.288,20181,20182,20181,2,-2
2024-03-28 16:47:36.885,20180,20181,20180,1,-1
2024-03-28 16:47:56.068,20179,20180,20180,1,1
2024-03-28 16:48:03.372,20180,20181,20180,1,-1
2024-03-28 16:48:10.855,20180,20181,20180,1,-1
2024-03-28 16:48:47.080,20179,20180,20179,5,-5
2024-03-28 16:48:48.560,20179,20180,20179,5,-5
2024-03-28 16:48:49.143,20179,20180,20179,1,-1
2024-03-28 16:48:56.247,20178,20179,20178,5,-5
