2021-10-15 15:00:00,16788,16788,16788,196,196
2021-10-15 15:00:00,16787,16787,16787,2,-2
2021-10-15 15:00:00,16786,16786,16786,2,-2
2021-10-15 15:00:00,16787,16787,16787,2,2
2021-10-15 15:00:00,16788,16788,16788,4,4
2021-10-15 15:00:00,16788,16788,16788,4,4
2021-10-15 15:00:00,16788,16788,16788,2,2
2021-10-15 15:00:00,16789,16789,16789,4,4
2021-10-15 15:00:00,16789,16789,16789,2,2
2021-10-15 15:00:00,16789,16789,16789,4,4
2021-10-15 15:00:00,16789,16789,16789,2,2
2021-10-15 15:00:00,16788,16788,16788,2,-2
2021-10-15 15:00:00,16789,16789,16789,2,2
2021-10-15 15:00:00,16789,16789,16789,2,2
2021-10-15 15:00:00,16789,16789,16789,2,2
2021-10-15 15:00:00,16789,16789,16789,2,2
2021-10-15 15:00:00,16786,16786,16786,2,-2
2021-10-15 15:00:00,16789,16789,16789,2,2
2021-10-15 15:00:00,16788,16788,16788,2,-2
2021-10-15 15:00:01,16786,16786,16786,2,-2
2021-10-15 15:00:01,16787,16787,16787,8,8
2021-10-15 15:00:01,16787,16787,16787,2,2
2021-10-15 15:00:01,16786,16786,16786,2,-2
2021-10-15 15:00:01,16786,16786,16786,4,4
2021-10-15 15:00:01,16787,16787,16787,4,4
2021-10-15 15:00:01,16788,16788,16788,2,2
2021-10-15 15:00:01,16788,16788,16788,2,2
2021-10-15 15:00:01,16788,16788,16788,2,2
2021-10-15 15:00:02,16787,16787,16787,2,-2
2021-10-15 15:00:02,16788,16788,16788,2,2
2021-10-15 15:00:02,16785,16785,16785,2,-2
2021-10-15 15:00:02,16785,16785,16785,2,2
2021-10-15 15:00:02,16784,16784,16784,2,-2
2021-10-15 15:00:02,16785,16785,16785,2,2
2021-10-15 15:00:03,16783,16783,16783,2,-2
2021-10-15 15:00:03,16783,16783,16783,2,2
2021-10-15 15:00:03,16783,16783,16783,2,2
2021-10-15 15:00:03,16783,16783,16783,2,2
2021-10-15 15:00:03,16783,16783,16783,2,2
2021-10-15 15:00:03,16785,16785,16785,2,2
2021-10-15 15:00:03,16786,16786,16786,2,2
2021-10-15 15:00:03,16786,16786,16786,2,2
2021-10-15 15:00:03,16784,16784,16784,2,-2
2021-10-15 15:00:03,16784,16784,16784,2,2
2021-10-15 15:00:04,16782,16782,16782,2,-2
2021-10-15 15:00:04,16782,16782,16782,2,2
2021-10-15 15:00:04,16784,16784,16784,2,2
2021-10-15 15:00:04,16784,16784,16784,2,2
2021-10-15 15:00:04,16784,16784,16784,2,2
2021-10-15 15:00:04,16784,16784,16784,2,2
2021-10-15 15:00:04,16784,16784,16784,4,4
2021-10-15 15:00:04,16785,16785,16785,2,2
2021-10-15 15:00:04,16786,16786,16786,2,2
2021-10-15 15:00:04,16786,16786,16786,2,2
2021-10-15 15:00:06,16785,16785,16785,14,-14
2021-10-15 15:00:06,16786,16786,16786,2,2
2021-10-15 15:00:07,16785,16785,16785,6,-6
2021-10-15 15:00:08,16783,16783,16783,2,-2
2021-10-15 15:00:08,16783,16783,16783,2,2
2021-10-15 15:00:08,16782,16782,16782,2,-2
2021-10-15 15:00:08,16782,16782,16782,2,2
2021-10-15 15:00:08,16782,16782,16782,10,10
2021-10-15 15:00:09,16783,16783,16783,4,4
2021-10-15 15:00:10,16781,16781,16781,2,-2
2021-10-15 15:00:10,16781,16781,16781,10,10
2021-10-15 15:00:10,16781,16781,16781,2,2
2021-10-15 15:00:10,16781,16781,16781,6,6
2021-10-15 15:00:10,16781,16781,16781,4,4
2021-10-15 15:00:10,16782,16782,16782,4,4
2021-10-15 15:00:10,16783,16783,16783,4,4
2021-10-15 15:00:11,16780,16780,16780,2,-2
2021-10-15 15:00:11,16780,16780,16780,2,2
2021-10-15 15:00:11,16780,16780,16780,16,16
2021-10-15 15:00:11,16780,16780,16780,26,26
2021-10-15 15:00:11,16780,16780,16780,18,18
2021-10-15 15:00:11,16780,16780,16780,10,10
2021-10-15 15:00:11,16779,16779,16779,2,-2
2021-10-15 15:00:11,16779,16779,16779,2,2
2021-10-15 15:00:11,16778,16778,16778,2,-2
2021-10-15 15:00:11,16778,16778,16778,2,2
2021-10-15 15:00:11,16778,16778,16778,2,2
2021-10-15 15:00:11,16776,16776,16776,2,-2
2021-10-15 15:00:12,16779,16779,16779,8,8
2021-10-15 15:00:12,16780,16780,16780,8,8
2021-10-15 15:00:12,16780,16780,16780,10,10
2021-10-15 15:00:12,16781,16781,16781,2,2
2021-10-15 15:00:12,16780,16780,16780,8,-8
2021-10-15 15:00:13,16780,16780,16780,2,2
2021-10-15 15:00:14,16780,16780,16780,2,2
2021-10-15 15:00:14,16780,16780,16780,22,22
2021-10-15 15:00:15,16778,16778,16778,2,-2
2021-10-15 15:00:15,16777,16777,16777,2,-2
2021-10-15 15:00:15,16777,16777,16777,2,2
2021-10-15 15:00:15,16777,16777,16777,4,4
2021-10-15 15:00:15,16777,16777,16777,2,2
2021-10-15 15:00:15,16777,16777,16777,2,2
2021-10-15 15:00:15,16776,16776,16776,2,-2
2021-10-15 15:00:15,16776,16776,16776,2,2
2021-10-15 15:00:15,16776,16776,16776,2,2
2021-10-15 15:00:15,16776,16776,16776,2,2
2021-10-15 15:00:15,16776,16776,16776,2,2
2021-10-15 15:00:15,16776,16776,16776,2,2
2021-10-15 15:00:15,16778,16778,16778,2,2
2021-10-15 15:00:15,16776,16776,16776,2,-2
2021-10-15 15:00:16,16778,16778,16778,2,2
2021-10-15 15:00:16,16776,16776,16776,2,-2
2021-10-15 15:00:16,16775,16775,16775,2,-2
2021-10-15 15:00:16,16775,16775,16775,2,2
2021-10-15 15:00:16,16775,16775,16775,2,2
2021-10-15 15:00:16,16775,16775,16775,2,2
2021-10-15 15:00:17,16775,16775,16775,2,2
2021-10-15 15:00:17,16774,16774,16774,2,-2
2021-10-15 15:00:17,16777,16777,16777,2,2
2021-10-15 15:00:18,16775,16775,16775,2,-2
2021-10-15 15:00:19,16777,16777,16777,2,2
2021-10-15 15:00:19,16776,16776,16776,2,-2
2021-10-15 15:00:21,16776,16776,16776,2,2
2021-10-15 15:00:22,16777,16777,16777,2,2
2021-10-15 15:00:23,16776,16776,16776,2,-2
2021-10-15 15:00:23,16776,16776,16776,4,4
2021-10-15 15:00:23,16775,16775,16775,10,-10
2021-10-15 15:00:23,16775,16775,16775,2,2
2021-10-15 15:00:23,16775,16775,16775,2,2
2021-10-15 15:00:23,16775,16775,16775,2,2
2021-10-15 15:00:23,16774,16774,16774,2,-2
2021-10-15 15:00:23,16774,16774,16774,2,2
2021-10-15 15:00:23,16774,16774,16774,2,2
2021-10-15 15:00:23,16774,16774,16774,2,2
2021-10-15 15:00:23,16774,16774,16774,2,2
2021-10-15 15:00:23,16774,16774,16774,2,2
2021-10-15 15:00:23,16774,16774,16774,2,2
2021-10-15 15:00:23,16773,16773,16773,2,-2
2021-10-15 15:00:23,16773,16773,16773,2,2
2021-10-15 15:00:23,16773,16773,16773,2,2
2021-10-15 15:00:23,16773,16773,16773,2,2
2021-10-15 15:00:23,16773,16773,16773,2,2
2021-10-15 15:00:23,16773,16773,16773,2,2
2021-10-15 15:00:23,16773,16773,16773,4,4
2021-10-15 15:00:23,16773,16773,16773,4,4
2021-10-15 15:00:23,16772,16772,16772,2,-2
2021-10-15 15:00:23,16772,16772,16772,2,2
2021-10-15 15:00:23,16772,16772,16772,4,4
2021-10-15 15:00:23,16772,16772,16772,2,2
2021-10-15 15:00:23,16772,16772,16772,2,2
2021-10-15 15:00:23,16772,16772,16772,6,6
2021-10-15 15:00:23,16772,16772,16772,2,2
2021-10-15 15:00:23,16771,16771,16771,2,-2
2021-10-15 15:00:23,16771,16771,16771,2,2
2021-10-15 15:00:23,16771,16771,16771,2,2
2021-10-15 15:00:23,16771,16771,16771,2,2
2021-10-15 15:00:23,16771,16771,16771,2,2
2021-10-15 15:00:23,16771,16771,16771,2,2
2021-10-15 15:00:23,16771,16771,16771,2,2
2021-10-15 15:00:23,16771,16771,16771,2,2
2021-10-15 15:00:23,16771,16771,16771,2,2
2021-10-15 15:00:23,16771,16771,16771,6,6
2021-10-15 15:00:23,16771,16771,16771,2,2
2021-10-15 15:00:23,16773,16773,16773,2,2
2021-10-15 15:00:25,16772,16772,16772,2,-2
2021-10-15 15:00:25,16771,16771,16771,2,-2
2021-10-15 15:00:26,16771,16771,16771,2,2
2021-10-15 15:00:27,16771,16771,16771,2,2
2021-10-15 15:00:28,16773,16773,16773,2,2
2021-10-15 15:00:28,16773,16773,16773,2,2
2021-10-15 15:00:28,16771,16771,16771,4,-4
2021-10-15 15:00:29,16773,16773,16773,2,2
2021-10-15 15:00:31,16773,16773,16773,2,2
2021-10-15 15:00:33,16774,16774,16774,2,2
2021-10-15 15:00:33,16773,16773,16773,2,-2
2021-10-15 15:00:34,16773,16773,16773,2,2
2021-10-15 15:00:35,16772,16772,16772,2,-2
2021-10-15 15:00:36,16772,16772,16772,2,2
2021-10-15 15:00:36,16774,16774,16774,2,2
2021-10-15 15:00:37,16774,16774,16774,10,10
2021-10-15 15:00:37,16773,16773,16773,2,-2
2021-10-15 15:00:38,16773,16773,16773,2,2
2021-10-15 15:00:41,16775,16775,16775,4,4
2021-10-15 15:00:41,16775,16775,16775,2,2
2021-10-15 15:00:41,16775,16775,16775,8,8
2021-10-15 15:00:45,16775,16775,16775,8,8
2021-10-15 15:00:45,16775,16775,16775,2,2
2021-10-15 15:00:46,16774,16774,16774,2,-2
2021-10-15 15:00:47,16775,16775,16775,2,2
2021-10-15 15:00:49,16776,16776,16776,2,2
2021-10-15 15:00:49,16776,16776,16776,4,4
2021-10-15 15:00:49,16777,16777,16777,8,8
2021-10-15 15:00:49,16777,16777,16777,4,4
2021-10-15 15:00:50,16777,16777,16777,2,2
2021-10-15 15:00:50,16778,16778,16778,8,8
2021-10-15 15:00:50,16779,16779,16779,14,14
2021-10-15 15:00:50,16780,16780,16780,2,2
2021-10-15 15:00:50,16780,16780,16780,4,4
2021-10-15 15:00:50,16780,16780,16780,6,6
2021-10-15 15:00:50,16780,16780,16780,4,4
2021-10-15 15:00:50,16780,16780,16780,6,6
2021-10-15 15:00:50,16780,16780,16780,8,8
2021-10-15 15:00:50,16780,16780,16780,6,6
2021-10-15 15:00:50,16780,16780,16780,2,2
2021-10-15 15:00:50,16780,16780,16780,2,2
2021-10-15 15:00:50,16780,16780,16780,6,6
2021-10-15 15:00:50,16781,16781,16781,2,2
2021-10-15 15:00:50,16781,16781,16781,2,2
2021-10-15 15:00:50,16780,16780,16780,6,-6
2021-10-15 15:00:50,16780,16780,16780,2,2
2021-10-15 15:00:50,16780,16780,16780,2,2
2021-10-15 15:00:50,16780,16780,16780,2,2
2021-10-15 15:00:50,16780,16780,16780,2,2
2021-10-15 15:00:50,16780,16780,16780,2,2
2021-10-15 15:00:50,16780,16780,16780,2,2
2021-10-15 15:00:51,16776,16776,16776,2,-2
2021-10-15 15:00:51,16776,16776,16776,2,2
2021-10-15 15:00:52,16778,16778,16778,2,2
2021-10-15 15:00:52,16779,16779,16779,4,4
2021-10-15 15:00:53,16777,16777,16777,2,-2
2021-10-15 15:00:53,16777,16777,16777,2,2
2021-10-15 15:00:53,16776,16776,16776,2,-2
2021-10-15 15:00:53,16776,16776,16776,2,2
2021-10-15 15:00:53,16775,16775,16775,2,-2
2021-10-15 15:00:53,16775,16775,16775,2,2
2021-10-15 15:00:54,16775,16775,16775,2,2
2021-10-15 15:00:54,16775,16775,16775,2,2
2021-10-15 15:00:54,16775,16775,16775,4,4
2021-10-15 15:00:54,16775,16775,16775,2,2
2021-10-15 15:00:54,16775,16775,16775,2,2
2021-10-15 15:00:56,16778,16778,16778,2,2
2021-10-15 15:00:59,16777,16777,16777,2,-2
2021-10-15 15:00:59,16775,16775,16775,2,-2
2021-10-15 15:00:59,16778,16778,16778,2,2
2021-10-15 15:01:00,16778,16778,16778,2,2
2021-10-15 15:01:00,16775,16775,16775,2,-2
2021-10-15 15:01:00,16778,16778,16778,2,2
2021-10-15 15:01:00,16775,16775,16775,10,-10
2021-10-15 15:01:00,16775,16775,16775,2,2
2021-10-15 15:01:00,16775,16775,16775,2,2
2021-10-15 15:01:00,16775,16775,16775,2,2
2021-10-15 15:01:01,16775,16775,16775,10,10
2021-10-15 15:01:03,16775,16775,16775,2,2
2021-10-15 15:01:05,16774,16774,16774,2,-2
2021-10-15 15:01:06,16774,16774,16774,2,2
2021-10-15 15:01:08,16775,16775,16775,2,2
2021-10-15 15:01:09,16775,16775,16775,2,2
2021-10-15 15:01:09,16775,16775,16775,2,2
2021-10-15 15:01:09,16775,16775,16775,4,4
2021-10-15 15:01:09,16775,16775,16775,2,2
2021-10-15 15:01:09,16776,16776,16776,10,10
2021-10-15 15:01:10,16778,16778,16778,2,2
2021-10-15 15:01:10,16778,16778,16778,2,2
2021-10-15 15:01:12,16778,16778,16778,4,4
2021-10-15 15:01:13,16776,16776,16776,2,-2
2021-10-15 15:01:16,16778,16778,16778,2,2
2021-10-15 15:01:18,16778,16778,16778,2,2
2021-10-15 15:01:18,16779,16779,16779,4,4
2021-10-15 15:01:19,16780,16780,16780,12,12
2021-10-15 15:01:19,16781,16781,16781,28,28
2021-10-15 15:01:19,16782,16782,16782,12,12
2021-10-15 15:01:19,16782,16782,16782,2,2
2021-10-15 15:01:20,16782,16782,16782,2,2
2021-10-15 15:01:22,16782,16782,16782,2,2
2021-10-15 15:01:23,16782,16782,16782,2,2
2021-10-15 15:01:23,16782,16782,16782,2,2
2021-10-15 15:01:23,16783,16783,16783,2,2
2021-10-15 15:01:23,16783,16783,16783,10,10
2021-10-15 15:01:25,16781,16781,16781,2,-2
2021-10-15 15:01:27,16781,16781,16781,2,2
2021-10-15 15:01:27,16781,16781,16781,4,4
2021-10-15 15:01:27,16781,16781,16781,2,2
2021-10-15 15:01:27,16781,16781,16781,2,2
2021-10-15 15:01:27,16781,16781,16781,2,2
2021-10-15 15:01:27,16781,16781,16781,2,2
2021-10-15 15:01:27,16781,16781,16781,2,2
2021-10-15 15:01:27,16781,16781,16781,12,12
2021-10-15 15:01:27,16781,16781,16781,2,2
2021-10-15 15:01:27,16781,16781,16781,2,2
2021-10-15 15:01:27,16781,16781,16781,56,56
2021-10-15 15:01:30,16779,16779,16779,6,-6
2021-10-15 15:01:32,16779,16779,16779,2,2
2021-10-15 15:01:33,16778,16778,16778,2,-2
2021-10-15 15:01:34,16778,16778,16778,2,2
2021-10-15 15:01:37,16777,16777,16777,2,-2
2021-10-15 15:01:37,16777,16777,16777,2,2
2021-10-15 15:01:37,16778,16778,16778,2,2
2021-10-15 15:01:40,16779,16779,16779,4,4
2021-10-15 15:01:40,16778,16778,16778,2,-2
2021-10-15 15:01:42,16778,16778,16778,2,2
2021-10-15 15:01:47,16778,16778,16778,2,2
2021-10-15 15:01:49,16778,16778,16778,2,2
2021-10-15 15:01:49,16778,16778,16778,2,2
2021-10-15 15:01:49,16778,16778,16778,2,2
2021-10-15 15:01:50,16777,16777,16777,2,-2
2021-10-15 15:01:50,16777,16777,16777,2,2
2021-10-15 15:01:52,16778,16778,16778,4,4
2021-10-15 15:01:55,16777,16777,16777,2,-2
2021-10-15 15:01:55,16777,16777,16777,2,2
2021-10-15 15:01:55,16777,16777,16777,2,2
2021-10-15 15:01:55,16777,16777,16777,2,2
2021-10-15 15:01:55,16777,16777,16777,2,2
2021-10-15 15:01:57,16777,16777,16777,2,2
2021-10-15 15:01:57,16776,16776,16776,2,-2
2021-10-15 15:01:57,16776,16776,16776,2,2
2021-10-15 15:02:00,16775,16775,16775,4,-4
2021-10-15 15:02:00,16775,16775,16775,2,2
2021-10-15 15:02:00,16775,16775,16775,2,2
2021-10-15 15:02:00,16775,16775,16775,2,2
2021-10-15 15:02:00,16774,16774,16774,2,-2
2021-10-15 15:02:00,16774,16774,16774,2,2
2021-10-15 15:02:00,16774,16774,16774,2,2
2021-10-15 15:02:00,16774,16774,16774,2,2
2021-10-15 15:02:00,16774,16774,16774,4,4
2021-10-15 15:02:00,16774,16774,16774,10,10
2021-10-15 15:02:01,16774,16774,16774,4,4
2021-10-15 15:02:01,16774,16774,16774,2,2
2021-10-15 15:02:01,16774,16774,16774,4,4
2021-10-15 15:02:03,16775,16775,16775,2,2
2021-10-15 15:02:04,16775,16775,16775,2,2
2021-10-15 15:02:05,16774,16774,16774,4,-4
2021-10-15 15:02:07,16774,16774,16774,2,2
2021-10-15 15:02:09,16774,16774,16774,2,2
2021-10-15 15:02:09,16775,16775,16775,2,2
2021-10-15 15:02:18,16776,16776,16776,2,2
2021-10-15 15:02:23,16778,16778,16778,2,2
2021-10-15 15:02:24,16777,16777,16777,2,-2
2021-10-15 15:02:24,16778,16778,16778,2,2
2021-10-15 15:02:24,16778,16778,16778,2,2
2021-10-15 15:02:24,16778,16778,16778,2,2
2021-10-15 15:02:28,16779,16779,16779,2,2
2021-10-15 15:02:29,16778,16778,16778,2,-2
2021-10-15 15:02:32,16776,16776,16776,2,-2
2021-10-15 15:02:35,16777,16777,16777,2,2
2021-10-15 15:02:38,16777,16777,16777,2,2
2021-10-15 15:02:44,16777,16777,16777,2,2
2021-10-15 15:02:44,16778,16778,16778,2,2
2021-10-15 15:02:44,16778,16778,16778,2,2
2021-10-15 15:02:44,16778,16778,16778,2,2
2021-10-15 15:02:45,16779,16779,16779,2,2
2021-10-15 15:02:46,16778,16778,16778,2,-2
2021-10-15 15:02:46,16779,16779,16779,2,2
2021-10-15 15:02:46,16780,16780,16780,6,6
2021-10-15 15:02:50,16778,16778,16778,2,-2
2021-10-15 15:02:52,16779,16779,16779,2,2
2021-10-15 15:02:53,16778,16778,16778,2,-2
2021-10-15 15:03:00,16779,16779,16779,4,4
2021-10-15 15:03:01,16779,16779,16779,2,2
2021-10-15 15:03:01,16779,16779,16779,2,2
2021-10-15 15:03:03,16780,16780,16780,14,14
2021-10-15 15:03:03,16780,16780,16780,2,2
2021-10-15 15:03:03,16780,16780,16780,2,2
2021-10-15 15:03:05,16780,16780,16780,2,2
2021-10-15 15:03:06,16780,16780,16780,2,2
2021-10-15 15:03:09,16780,16780,16780,2,2
2021-10-15 15:03:09,16780,16780,16780,2,2
2021-10-15 15:03:10,16780,16780,16780,2,2
2021-10-15 15:03:17,16781,16781,16781,2,2
2021-10-15 15:03:18,16782,16782,16782,2,2
2021-10-15 15:03:19,16781,16781,16781,2,-2
2021-10-15 15:03:20,16781,16781,16781,2,2
2021-10-15 15:03:21,16781,16781,16781,2,2
2021-10-15 15:03:21,16781,16781,16781,2,2
2021-10-15 15:03:21,16781,16781,16781,4,4
2021-10-15 15:03:21,16780,16780,16780,2,-2
2021-10-15 15:03:24,16781,16781,16781,4,4
2021-10-15 15:03:27,16781,16781,16781,4,4
2021-10-15 15:03:27,16781,16781,16781,2,2
2021-10-15 15:03:29,16782,16782,16782,2,2
2021-10-15 15:03:29,16782,16782,16782,2,2
2021-10-15 15:03:29,16782,16782,16782,18,18
2021-10-15 15:03:29,16782,16782,16782,8,8
2021-10-15 15:03:29,16782,16782,16782,10,10
2021-10-15 15:03:29,16782,16782,16782,2,2
2021-10-15 15:03:30,16783,16783,16783,2,2
2021-10-15 15:03:33,16783,16783,16783,2,2
2021-10-15 15:03:33,16783,16783,16783,2,2
2021-10-15 15:03:33,16783,16783,16783,2,2
2021-10-15 15:03:34,16783,16783,16783,2,2
2021-10-15 15:03:36,16783,16783,16783,2,2
2021-10-15 15:03:36,16783,16783,16783,4,4
2021-10-15 15:03:37,16783,16783,16783,2,2
2021-10-15 15:03:38,16783,16783,16783,4,4
2021-10-15 15:03:39,16784,16784,16784,2,2
2021-10-15 15:03:40,16784,16784,16784,2,2
2021-10-15 15:03:41,16783,16783,16783,2,-2
2021-10-15 15:03:41,16781,16781,16781,2,-2
2021-10-15 15:03:41,16781,16781,16781,2,2
2021-10-15 15:03:42,16780,16780,16780,2,-2
2021-10-15 15:03:48,16782,16782,16782,2,2
2021-10-15 15:03:49,16782,16782,16782,2,2
2021-10-15 15:03:52,16782,16782,16782,2,2
2021-10-15 15:03:56,16782,16782,16782,2,2
2021-10-15 15:03:58,16780,16780,16780,2,-2
2021-10-15 15:03:58,16780,16780,16780,4,4
2021-10-15 15:03:59,16781,16781,16781,2,2
2021-10-15 15:04:00,16782,16782,16782,36,36
2021-10-15 15:04:00,16783,16783,16783,4,4
2021-10-15 15:04:01,16783,16783,16783,4,4
2021-10-15 15:04:02,16781,16781,16781,2,-2
2021-10-15 15:04:03,16781,16781,16781,2,2
2021-10-15 15:04:03,16781,16781,16781,2,2
2021-10-15 15:04:03,16781,16781,16781,2,2
2021-10-15 15:04:13,16781,16781,16781,4,4
2021-10-15 15:04:24,16780,16780,16780,2,-2
2021-10-15 15:04:31,16781,16781,16781,2,2
2021-10-15 15:04:32,16781,16781,16781,2,2
2021-10-15 15:04:32,16780,16780,16780,6,-6
2021-10-15 15:04:32,16780,16780,16780,2,2
2021-10-15 15:04:32,16780,16780,16780,6,6
2021-10-15 15:04:32,16780,16780,16780,2,2
2021-10-15 15:04:32,16780,16780,16780,2,2
2021-10-15 15:04:32,16780,16780,16780,6,6
2021-10-15 15:04:32,16780,16780,16780,2,2
2021-10-15 15:04:32,16780,16780,16780,2,2
2021-10-15 15:04:32,16780,16780,16780,2,2
2021-10-15 15:04:34,16779,16779,16779,2,-2
2021-10-15 15:04:38,16779,16779,16779,2,2
2021-10-15 15:04:40,16779,16779,16779,2,2
2021-10-15 15:04:40,16779,16779,16779,2,2
2021-10-15 15:04:40,16780,16780,16780,4,4
2021-10-15 15:04:40,16780,16780,16780,4,4
2021-10-15 15:04:40,16781,16781,16781,10,10
2021-10-15 15:04:40,16781,16781,16781,6,6
2021-10-15 15:04:40,16781,16781,16781,4,4
2021-10-15 15:04:40,16782,16782,16782,10,10
2021-10-15 15:04:40,16782,16782,16782,12,12
2021-10-15 15:04:40,16782,16782,16782,4,4
2021-10-15 15:04:40,16783,16783,16783,10,10
2021-10-15 15:04:40,16783,16783,16783,6,6
2021-10-15 15:04:40,16783,16783,16783,4,4
2021-10-15 15:04:40,16783,16783,16783,8,8
2021-10-15 15:04:40,16783,16783,16783,4,4
2021-10-15 15:04:40,16783,16783,16783,4,4
2021-10-15 15:04:40,16784,16784,16784,2,2
2021-10-15 15:04:40,16784,16784,16784,14,14
2021-10-15 15:04:40,16781,16781,16781,2,-2
2021-10-15 15:04:40,16784,16784,16784,2,2
2021-10-15 15:04:40,16784,16784,16784,6,6
2021-10-15 15:04:40,16784,16784,16784,10,10
2021-10-15 15:04:40,16784,16784,16784,2,2
2021-10-15 15:04:40,16784,16784,16784,8,8
2021-10-15 15:04:40,16785,16785,16785,6,6
2021-10-15 15:04:40,16785,16785,16785,10,10
2021-10-15 15:04:40,16785,16785,16785,6,6
2021-10-15 15:04:40,16785,16785,16785,4,4
2021-10-15 15:04:40,16785,16785,16785,4,4
2021-10-15 15:04:40,16785,16785,16785,2,2
2021-10-15 15:04:40,16786,16786,16786,12,12
2021-10-15 15:04:40,16786,16786,16786,6,6
2021-10-15 15:04:40,16786,16786,16786,6,6
2021-10-15 15:04:40,16786,16786,16786,4,4
2021-10-15 15:04:40,16787,16787,16787,10,10
2021-10-15 15:04:40,16787,16787,16787,4,4
2021-10-15 15:04:40,16787,16787,16787,2,2
2021-10-15 15:04:40,16787,16787,16787,4,4
2021-10-15 15:04:40,16787,16787,16787,2,2
2021-10-15 15:04:40,16788,16788,16788,2,2
2021-10-15 15:04:40,16787,16787,16787,2,-2
2021-10-15 15:04:40,16788,16788,16788,2,2
2021-10-15 15:04:40,16788,16788,16788,4,4
2021-10-15 15:04:40,16788,16788,16788,2,2
2021-10-15 15:04:40,16788,16788,16788,6,6
2021-10-15 15:04:40,16788,16788,16788,6,6
2021-10-15 15:04:40,16785,16785,16785,2,-2
2021-10-15 15:04:40,16785,16785,16785,2,2
2021-10-15 15:04:40,16788,16788,16788,4,4
2021-10-15 15:04:40,16786,16786,16786,2,-2
2021-10-15 15:04:40,16787,16787,16787,4,4
2021-10-15 15:04:40,16787,16787,16787,2,2
2021-10-15 15:04:40,16787,16787,16787,2,2
2021-10-15 15:04:40,16787,16787,16787,2,2
2021-10-15 15:04:40,16788,16788,16788,2,2
2021-10-15 15:04:40,16788,16788,16788,2,2
2021-10-15 15:04:40,16789,16789,16789,14,14
2021-10-15 15:04:40,16788,16788,16788,2,-2
2021-10-15 15:04:40,16788,16788,16788,4,4
2021-10-15 15:04:40,16788,16788,16788,8,8
2021-10-15 15:04:40,16788,16788,16788,4,4
2021-10-15 15:04:40,16788,16788,16788,2,2
2021-10-15 15:04:40,16788,16788,16788,2,2
2021-10-15 15:04:40,16788,16788,16788,8,8
2021-10-15 15:04:40,16788,16788,16788,2,2
2021-10-15 15:04:40,16789,16789,16789,2,2
2021-10-15 15:04:40,16789,16789,16789,2,2
2021-10-15 15:04:40,16787,16787,16787,2,-2
2021-10-15 15:04:40,16789,16789,16789,8,8
2021-10-15 15:04:40,16790,16790,16790,2,2
2021-10-15 15:04:40,16789,16789,16789,2,-2
2021-10-15 15:04:40,16790,16790,16790,26,26
2021-10-15 15:04:41,16788,16788,16788,2,-2
2021-10-15 15:04:41,16790,16790,16790,2,2
2021-10-15 15:04:41,16790,16790,16790,6,6
2021-10-15 15:04:41,16790,16790,16790,22,22
2021-10-15 15:04:41,16790,16790,16790,2,2
2021-10-15 15:04:41,16790,16790,16790,2,2
2021-10-15 15:04:41,16791,16791,16791,2,2
2021-10-15 15:04:41,16791,16791,16791,2,2
2021-10-15 15:04:41,16791,16791,16791,2,2
2021-10-15 15:04:41,16791,16791,16791,2,2
2021-10-15 15:04:41,16791,16791,16791,2,2
2021-10-15 15:04:41,16791,16791,16791,2,2
2021-10-15 15:04:41,16791,16791,16791,4,4
2021-10-15 15:04:41,16792,16792,16792,8,8
2021-10-15 15:04:41,16792,16792,16792,2,2
2021-10-15 15:04:41,16792,16792,16792,2,2
2021-10-15 15:04:41,16792,16792,16792,2,2
2021-10-15 15:04:41,16792,16792,16792,6,6
2021-10-15 15:04:41,16792,16792,16792,2,2
2021-10-15 15:04:41,16792,16792,16792,12,12
2021-10-15 15:04:41,16792,16792,16792,2,2
2021-10-15 15:04:41,16792,16792,16792,2,2
2021-10-15 15:04:41,16792,16792,16792,2,2
2021-10-15 15:04:41,16792,16792,16792,2,2
2021-10-15 15:04:41,16792,16792,16792,2,2
2021-10-15 15:04:41,16793,16793,16793,4,4
2021-10-15 15:04:41,16793,16793,16793,4,4
2021-10-15 15:04:41,16793,16793,16793,4,4
2021-10-15 15:04:41,16793,16793,16793,2,2
2021-10-15 15:04:41,16792,16792,16792,2,-2
2021-10-15 15:04:41,16793,16793,16793,2,2
2021-10-15 15:04:41,16793,16793,16793,2,2
2021-10-15 15:04:41,16793,16793,16793,2,2
2021-10-15 15:04:41,16793,16793,16793,2,2
2021-10-15 15:04:41,16793,16793,16793,2,2
2021-10-15 15:04:41,16793,16793,16793,2,2
2021-10-15 15:04:41,16793,16793,16793,2,2
2021-10-15 15:04:41,16792,16792,16792,2,-2
2021-10-15 15:04:41,16792,16792,16792,2,2
2021-10-15 15:04:41,16792,16792,16792,4,4
2021-10-15 15:04:41,16793,16793,16793,2,2
2021-10-15 15:04:41,16793,16793,16793,2,2
2021-10-15 15:04:42,16793,16793,16793,2,2
2021-10-15 15:04:42,16791,16791,16791,2,-2
2021-10-15 15:04:42,16793,16793,16793,2,2
2021-10-15 15:04:42,16793,16793,16793,2,2
2021-10-15 15:04:42,16793,16793,16793,4,4
2021-10-15 15:04:42,16793,16793,16793,2,2
2021-10-15 15:04:42,16793,16793,16793,2,2
2021-10-15 15:04:42,16791,16791,16791,2,-2
2021-10-15 15:04:42,16791,16791,16791,4,4
2021-10-15 15:04:42,16791,16791,16791,2,2
2021-10-15 15:04:42,16791,16791,16791,4,4
2021-10-15 15:04:42,16791,16791,16791,2,2
2021-10-15 15:04:42,16790,16790,16790,2,-2
2021-10-15 15:04:42,16790,16790,16790,2,2
2021-10-15 15:04:42,16791,16791,16791,2,2
2021-10-15 15:04:43,16791,16791,16791,2,2
2021-10-15 15:04:44,16790,16790,16790,2,-2
2021-10-15 15:04:44,16789,16789,16789,2,-2
2021-10-15 15:04:45,16791,16791,16791,2,2
2021-10-15 15:04:45,16791,16791,16791,2,2
2021-10-15 15:04:45,16792,16792,16792,2,2
2021-10-15 15:04:45,16789,16789,16789,2,-2
2021-10-15 15:04:45,16789,16789,16789,2,2
2021-10-15 15:04:46,16789,16789,16789,2,2
2021-10-15 15:04:46,16789,16789,16789,2,2
2021-10-15 15:04:47,16789,16789,16789,2,2
2021-10-15 15:04:47,16791,16791,16791,2,2
2021-10-15 15:04:47,16791,16791,16791,6,6
2021-10-15 15:04:47,16792,16792,16792,8,8
2021-10-15 15:04:47,16792,16792,16792,4,4
2021-10-15 15:04:47,16792,16792,16792,2,2
2021-10-15 15:04:47,16792,16792,16792,2,2
2021-10-15 15:04:47,16792,16792,16792,8,8
2021-10-15 15:04:47,16793,16793,16793,2,2
2021-10-15 15:04:47,16793,16793,16793,14,14
2021-10-15 15:04:47,16793,16793,16793,2,2
2021-10-15 15:04:47,16794,16794,16794,2,2
2021-10-15 15:04:47,16794,16794,16794,4,4
2021-10-15 15:04:47,16794,16794,16794,4,4
2021-10-15 15:04:47,16794,16794,16794,2,2
2021-10-15 15:04:47,16794,16794,16794,4,4
2021-10-15 15:04:47,16794,16794,16794,10,10
2021-10-15 15:04:47,16792,16792,16792,2,-2
2021-10-15 15:04:47,16793,16793,16793,2,2
2021-10-15 15:04:47,16793,16793,16793,2,2
2021-10-15 15:04:47,16793,16793,16793,2,2
2021-10-15 15:04:47,16795,16795,16795,2,2
2021-10-15 15:04:47,16795,16795,16795,2,2
2021-10-15 15:04:47,16793,16793,16793,2,-2
2021-10-15 15:04:47,16793,16793,16793,2,2
2021-10-15 15:04:47,16794,16794,16794,2,2
2021-10-15 15:04:47,16795,16795,16795,2,2
2021-10-15 15:04:47,16795,16795,16795,2,2
2021-10-15 15:04:47,16795,16795,16795,2,2
2021-10-15 15:04:47,16795,16795,16795,2,2
2021-10-15 15:04:47,16795,16795,16795,4,4
2021-10-15 15:04:47,16795,16795,16795,12,12
2021-10-15 15:04:47,16795,16795,16795,2,2
2021-10-15 15:04:47,16795,16795,16795,2,2
2021-10-15 15:04:47,16795,16795,16795,2,2
2021-10-15 15:04:47,16795,16795,16795,2,2
2021-10-15 15:04:47,16795,16795,16795,2,2
2021-10-15 15:04:47,16795,16795,16795,2,2
2021-10-15 15:04:47,16795,16795,16795,2,2
2021-10-15 15:04:47,16795,16795,16795,2,2
2021-10-15 15:04:47,16795,16795,16795,4,4
2021-10-15 15:04:47,16793,16793,16793,2,-2
2021-10-15 15:04:47,16793,16793,16793,2,2
2021-10-15 15:04:48,16795,16795,16795,6,6
2021-10-15 15:04:48,16795,16795,16795,2,2
2021-10-15 15:04:48,16795,16795,16795,2,2
2021-10-15 15:04:48,16795,16795,16795,2,2
2021-10-15 15:04:48,16795,16795,16795,2,2
2021-10-15 15:04:48,16796,16796,16796,2,2
2021-10-15 15:04:48,16796,16796,16796,2,2
2021-10-15 15:04:48,16796,16796,16796,4,4
2021-10-15 15:04:48,16796,16796,16796,2,2
2021-10-15 15:04:48,16796,16796,16796,4,4
2021-10-15 15:04:48,16796,16796,16796,2,2
2021-10-15 15:04:48,16796,16796,16796,2,2
2021-10-15 15:04:48,16794,16794,16794,2,-2
2021-10-15 15:04:48,16796,16796,16796,2,2
2021-10-15 15:04:49,16796,16796,16796,6,6
2021-10-15 15:04:49,16797,16797,16797,10,10
2021-10-15 15:04:49,16795,16795,16795,2,-2
2021-10-15 15:04:49,16797,16797,16797,8,8
2021-10-15 15:04:50,16796,16796,16796,2,-2
2021-10-15 15:04:50,16795,16795,16795,2,-2
2021-10-15 15:04:50,16796,16796,16796,2,2
2021-10-15 15:04:51,16797,16797,16797,2,2
2021-10-15 15:04:51,16797,16797,16797,4,4
2021-10-15 15:04:51,16798,16798,16798,10,10
2021-10-15 15:04:51,16798,16798,16798,2,2
2021-10-15 15:04:51,16796,16796,16796,2,-2
2021-10-15 15:04:51,16796,16796,16796,2,2
2021-10-15 15:04:51,16795,16795,16795,2,-2
2021-10-15 15:04:51,16795,16795,16795,2,2
2021-10-15 15:04:51,16795,16795,16795,2,2
2021-10-15 15:04:51,16797,16797,16797,6,6
2021-10-15 15:04:51,16798,16798,16798,10,10
2021-10-15 15:04:51,16798,16798,16798,4,4
2021-10-15 15:04:53,16798,16798,16798,4,4
2021-10-15 15:04:54,16797,16797,16797,4,-4
2021-10-15 15:04:55,16797,16797,16797,8,8
2021-10-15 15:04:55,16798,16798,16798,6,6
2021-10-15 15:04:55,16798,16798,16798,2,2
2021-10-15 15:04:56,16796,16796,16796,2,-2
2021-10-15 15:04:57,16797,16797,16797,2,2
2021-10-15 15:04:57,16796,16796,16796,2,-2
2021-10-15 15:04:57,16798,16798,16798,8,8
2021-10-15 15:04:57,16798,16798,16798,2,2
2021-10-15 15:04:57,16798,16798,16798,2,2
2021-10-15 15:04:57,16798,16798,16798,4,4
2021-10-15 15:04:57,16798,16798,16798,2,2
2021-10-15 15:04:57,16798,16798,16798,4,4
2021-10-15 15:04:57,16798,16798,16798,2,2
2021-10-15 15:04:57,16798,16798,16798,2,2
2021-10-15 15:04:57,16798,16798,16798,2,2
2021-10-15 15:04:57,16798,16798,16798,2,2
2021-10-15 15:04:57,16798,16798,16798,2,2
2021-10-15 15:04:57,16798,16798,16798,2,2
2021-10-15 15:04:57,16798,16798,16798,4,4
2021-10-15 15:04:57,16798,16798,16798,2,2
2021-10-15 15:04:57,16799,16799,16799,4,4
2021-10-15 15:04:57,16799,16799,16799,2,2
2021-10-15 15:04:57,16799,16799,16799,2,2
2021-10-15 15:04:57,16799,16799,16799,10,10
2021-10-15 15:04:57,16799,16799,16799,2,2
2021-10-15 15:04:57,16799,16799,16799,14,14
2021-10-15 15:04:57,16799,16799,16799,2,2
2021-10-15 15:04:57,16799,16799,16799,8,8
2021-10-15 15:04:57,16800,16800,16800,2,2
2021-10-15 15:04:57,16800,16800,16800,2,2
2021-10-15 15:04:57,16800,16800,16800,6,6
2021-10-15 15:04:57,16800,16800,16800,2,2
2021-10-15 15:04:57,16799,16799,16799,2,-2
2021-10-15 15:04:57,16799,16799,16799,2,2
2021-10-15 15:04:57,16798,16798,16798,2,-2
2021-10-15 15:04:57,16800,16800,16800,2,2
2021-10-15 15:04:58,16798,16798,16798,4,-4
2021-10-15 15:04:58,16797,16797,16797,2,-2
2021-10-15 15:04:58,16797,16797,16797,2,2
2021-10-15 15:04:58,16797,16797,16797,2,2
2021-10-15 15:04:59,16799,16799,16799,2,2
2021-10-15 15:04:59,16797,16797,16797,2,-2
2021-10-15 15:04:59,16797,16797,16797,2,2
2021-10-15 15:04:59,16799,16799,16799,2,2
2021-10-15 15:04:59,16800,16800,16800,2,2
2021-10-15 15:04:59,16800,16800,16800,2,2
2021-10-15 15:04:59,16798,16798,16798,2,-2
2021-10-15 15:05:00,16800,16800,16800,2,2
2021-10-15 15:05:00,16800,16800,16800,2,2
2021-10-15 15:05:00,16799,16799,16799,4,-4
2021-10-15 15:05:00,16800,16800,16800,2,2
2021-10-15 15:05:00,16798,16798,16798,10,-10
2021-10-15 15:05:00,16798,16798,16798,2,2
2021-10-15 15:05:00,16798,16798,16798,2,2
2021-10-15 15:05:01,16799,16799,16799,10,10
2021-10-15 15:05:01,16799,16799,16799,2,2
2021-10-15 15:05:01,16799,16799,16799,2,2
2021-10-15 15:05:01,16800,16800,16800,4,4
2021-10-15 15:05:02,16800,16800,16800,4,4
2021-10-15 15:05:02,16800,16800,16800,4,4
2021-10-15 15:05:02,16800,16800,16800,2,2
2021-10-15 15:05:03,16800,16800,16800,2,2
2021-10-15 15:05:03,16799,16799,16799,2,-2
2021-10-15 15:05:03,16799,16799,16799,2,2
2021-10-15 15:05:03,16800,16800,16800,2,2
2021-10-15 15:05:04,16800,16800,16800,2,2
2021-10-15 15:05:05,16800,16800,16800,2,2
2021-10-15 15:05:05,16800,16800,16800,4,4
2021-10-15 15:05:07,16801,16801,16801,2,2
2021-10-15 15:05:07,16801,16801,16801,2,2
2021-10-15 15:05:07,16801,16801,16801,2,2
2021-10-15 15:05:07,16801,16801,16801,10,10
2021-10-15 15:05:07,16802,16802,16802,2,2
2021-10-15 15:05:07,16802,16802,16802,2,2
2021-10-15 15:05:07,16802,16802,16802,4,4
2021-10-15 15:05:07,16801,16801,16801,2,-2
2021-10-15 15:05:07,16802,16802,16802,2,2
2021-10-15 15:05:07,16802,16802,16802,14,14
2021-10-15 15:05:07,16803,16803,16803,2,2
2021-10-15 15:05:07,16803,16803,16803,2,2
2021-10-15 15:05:07,16803,16803,16803,4,4
2021-10-15 15:05:08,16801,16801,16801,2,-2
2021-10-15 15:05:08,16803,16803,16803,6,6
2021-10-15 15:05:08,16801,16801,16801,2,-2
2021-10-15 15:05:08,16802,16802,16802,2,2
2021-10-15 15:05:09,16801,16801,16801,2,-2
2021-10-15 15:05:09,16801,16801,16801,2,2
2021-10-15 15:05:10,16803,16803,16803,2,2
2021-10-15 15:05:10,16803,16803,16803,2,2
2021-10-15 15:05:10,16801,16801,16801,2,-2
2021-10-15 15:05:10,16801,16801,16801,2,2
2021-10-15 15:05:10,16801,16801,16801,2,2
2021-10-15 15:05:11,16801,16801,16801,2,2
2021-10-15 15:05:11,16803,16803,16803,2,2
2021-10-15 15:05:12,16801,16801,16801,2,-2
2021-10-15 15:05:12,16803,16803,16803,2,2
2021-10-15 15:05:14,16801,16801,16801,2,-2
2021-10-15 15:05:14,16801,16801,16801,2,2
2021-10-15 15:05:14,16802,16802,16802,2,2
2021-10-15 15:05:14,16802,16802,16802,2,2
2021-10-15 15:05:14,16802,16802,16802,2,2
2021-10-15 15:05:14,16802,16802,16802,2,2
2021-10-15 15:05:14,16802,16802,16802,2,2
2021-10-15 15:05:15,16802,16802,16802,2,2
2021-10-15 15:05:15,16802,16802,16802,4,4
2021-10-15 15:05:17,16801,16801,16801,2,-2
2021-10-15 15:05:18,16802,16802,16802,2,2
2021-10-15 15:05:18,16802,16802,16802,2,2
2021-10-15 15:05:18,16802,16802,16802,2,2
2021-10-15 15:05:19,16803,16803,16803,2,2
2021-10-15 15:05:19,16802,16802,16802,2,-2
2021-10-15 15:05:19,16803,16803,16803,2,2
2021-10-15 15:05:20,16803,16803,16803,22,22
2021-10-15 15:05:20,16804,16804,16804,4,4
2021-10-15 15:05:20,16804,16804,16804,4,4
2021-10-15 15:05:20,16804,16804,16804,4,4
2021-10-15 15:05:20,16803,16803,16803,4,-4
2021-10-15 15:05:21,16803,16803,16803,2,2
2021-10-15 15:05:21,16804,16804,16804,2,2
2021-10-15 15:05:21,16803,16803,16803,2,-2
2021-10-15 15:05:21,16803,16803,16803,2,2
2021-10-15 15:05:21,16804,16804,16804,2,2
2021-10-15 15:05:22,16804,16804,16804,8,8
2021-10-15 15:05:22,16803,16803,16803,2,-2
2021-10-15 15:05:22,16803,16803,16803,2,2
2021-10-15 15:05:22,16803,16803,16803,2,2
2021-10-15 15:05:22,16803,16803,16803,2,2
2021-10-15 15:05:22,16803,16803,16803,2,2
2021-10-15 15:05:22,16803,16803,16803,4,4
2021-10-15 15:05:22,16803,16803,16803,2,2
2021-10-15 15:05:24,16803,16803,16803,2,2
2021-10-15 15:05:24,16805,16805,16805,8,8
2021-10-15 15:05:24,16805,16805,16805,2,2
2021-10-15 15:05:25,16805,16805,16805,2,2
2021-10-15 15:05:25,16804,16804,16804,2,-2
2021-10-15 15:05:25,16805,16805,16805,2,2
2021-10-15 15:05:27,16803,16803,16803,2,-2
2021-10-15 15:05:27,16804,16804,16804,2,2
2021-10-15 15:05:27,16805,16805,16805,4,4
2021-10-15 15:05:27,16805,16805,16805,2,2
2021-10-15 15:05:27,16805,16805,16805,2,2
2021-10-15 15:05:30,16805,16805,16805,2,2
2021-10-15 15:05:30,16806,16806,16806,4,4
2021-10-15 15:05:30,16804,16804,16804,2,-2
2021-10-15 15:05:30,16804,16804,16804,2,2
2021-10-15 15:05:30,16803,16803,16803,2,-2
2021-10-15 15:05:31,16805,16805,16805,2,2
2021-10-15 15:05:32,16804,16804,16804,2,-2
2021-10-15 15:05:32,16805,16805,16805,8,8
2021-10-15 15:05:32,16806,16806,16806,2,2
2021-10-15 15:05:33,16806,16806,16806,2,2
2021-10-15 15:05:33,16806,16806,16806,2,2
2021-10-15 15:05:33,16805,16805,16805,2,-2
2021-10-15 15:05:34,16804,16804,16804,2,-2
2021-10-15 15:05:35,16806,16806,16806,2,2
2021-10-15 15:05:35,16806,16806,16806,6,6
2021-10-15 15:05:36,16806,16806,16806,2,2
2021-10-15 15:05:37,16805,16805,16805,2,-2
2021-10-15 15:05:39,16804,16804,16804,2,-2
2021-10-15 15:05:40,16806,16806,16806,2,2
2021-10-15 15:05:40,16806,16806,16806,2,2
2021-10-15 15:05:41,16804,16804,16804,2,-2
2021-10-15 15:05:41,16805,16805,16805,4,4
2021-10-15 15:05:43,16803,16803,16803,2,-2
2021-10-15 15:05:43,16803,16803,16803,2,2
2021-10-15 15:05:43,16803,16803,16803,2,2
2021-10-15 15:05:43,16803,16803,16803,2,2
2021-10-15 15:05:43,16804,16804,16804,12,12
2021-10-15 15:05:43,16805,16805,16805,4,4
2021-10-15 15:05:43,16803,16803,16803,2,-2
2021-10-15 15:05:43,16803,16803,16803,2,2
2021-10-15 15:05:43,16803,16803,16803,2,2
2021-10-15 15:05:43,16803,16803,16803,2,2
2021-10-15 15:05:43,16804,16804,16804,2,2
2021-10-15 15:05:45,16803,16803,16803,2,-2
2021-10-15 15:05:45,16803,16803,16803,2,2
2021-10-15 15:05:45,16803,16803,16803,2,2
2021-10-15 15:05:45,16804,16804,16804,2,2
2021-10-15 15:05:46,16802,16802,16802,2,-2
2021-10-15 15:05:46,16804,16804,16804,6,6
2021-10-15 15:05:46,16805,16805,16805,4,4
2021-10-15 15:05:46,16802,16802,16802,2,-2
2021-10-15 15:05:46,16804,16804,16804,2,2
2021-10-15 15:05:46,16804,16804,16804,4,4
2021-10-15 15:05:46,16804,16804,16804,4,4
2021-10-15 15:05:46,16804,16804,16804,2,2
2021-10-15 15:05:48,16804,16804,16804,2,2
2021-10-15 15:05:49,16804,16804,16804,2,2
2021-10-15 15:05:49,16805,16805,16805,4,4
2021-10-15 15:05:49,16802,16802,16802,2,-2
2021-10-15 15:05:49,16802,16802,16802,4,4
2021-10-15 15:05:49,16802,16802,16802,2,2
2021-10-15 15:05:49,16802,16802,16802,2,2
2021-10-15 15:05:49,16804,16804,16804,4,4
2021-10-15 15:05:50,16804,16804,16804,2,2
2021-10-15 15:05:51,16805,16805,16805,2,2
2021-10-15 15:05:52,16803,16803,16803,2,-2
2021-10-15 15:05:53,16804,16804,16804,2,2
2021-10-15 15:05:53,16803,16803,16803,2,-2
2021-10-15 15:05:53,16804,16804,16804,2,2
2021-10-15 15:05:54,16802,16802,16802,4,-4
2021-10-15 15:05:54,16802,16802,16802,6,6
2021-10-15 15:05:54,16802,16802,16802,2,2
2021-10-15 15:05:54,16802,16802,16802,2,2
2021-10-15 15:05:54,16802,16802,16802,2,2
2021-10-15 15:05:54,16802,16802,16802,4,4
2021-10-15 15:05:54,16802,16802,16802,2,2
2021-10-15 15:05:54,16802,16802,16802,4,4
2021-10-15 15:05:54,16802,16802,16802,2,2
2021-10-15 15:05:54,16802,16802,16802,2,2
2021-10-15 15:05:54,16803,16803,16803,4,4
2021-10-15 15:05:54,16802,16802,16802,2,-2
2021-10-15 15:05:55,16803,16803,16803,22,22
2021-10-15 15:05:55,16804,16804,16804,28,28
2021-10-15 15:05:55,16803,16803,16803,6,-6
2021-10-15 15:05:55,16804,16804,16804,2,2
2021-10-15 15:06:00,16803,16803,16803,2,-2
2021-10-15 15:06:00,16803,16803,16803,2,2
2021-10-15 15:06:00,16804,16804,16804,2,2
2021-10-15 15:06:00,16804,16804,16804,2,2
2021-10-15 15:06:03,16803,16803,16803,2,-2
2021-10-15 15:06:03,16803,16803,16803,2,2
2021-10-15 15:06:03,16803,16803,16803,2,2
2021-10-15 15:06:03,16803,16803,16803,2,2
2021-10-15 15:06:03,16803,16803,16803,2,2
2021-10-15 15:06:03,16802,16802,16802,2,-2
2021-10-15 15:06:03,16802,16802,16802,2,2
2021-10-15 15:06:03,16802,16802,16802,2,2
2021-10-15 15:06:03,16802,16802,16802,4,4
2021-10-15 15:06:03,16802,16802,16802,2,2
2021-10-15 15:06:03,16802,16802,16802,2,2
2021-10-15 15:06:03,16804,16804,16804,2,2
2021-10-15 15:06:04,16803,16803,16803,2,-2
2021-10-15 15:06:05,16803,16803,16803,2,2
2021-10-15 15:06:07,16803,16803,16803,2,2
2021-10-15 15:06:07,16803,16803,16803,2,2
2021-10-15 15:06:07,16803,16803,16803,2,2
2021-10-15 15:06:07,16803,16803,16803,16,16
2021-10-15 15:06:07,16803,16803,16803,2,2
2021-10-15 15:06:07,16803,16803,16803,2,2
2021-10-15 15:06:07,16803,16803,16803,2,2
2021-10-15 15:06:07,16802,16802,16802,2,-2
2021-10-15 15:06:07,16802,16802,16802,2,2
2021-10-15 15:06:07,16802,16802,16802,2,2
2021-10-15 15:06:07,16802,16802,16802,2,2
2021-10-15 15:06:07,16802,16802,16802,2,2
2021-10-15 15:06:07,16802,16802,16802,2,2
2021-10-15 15:06:07,16802,16802,16802,6,6
2021-10-15 15:06:07,16802,16802,16802,2,2
2021-10-15 15:06:08,16802,16802,16802,2,2
2021-10-15 15:06:09,16802,16802,16802,6,6
2021-10-15 15:06:10,16802,16802,16802,2,2
2021-10-15 15:06:10,16802,16802,16802,2,2
2021-10-15 15:06:10,16802,16802,16802,2,2
2021-10-15 15:06:11,16802,16802,16802,2,2
2021-10-15 15:06:12,16802,16802,16802,6,6
2021-10-15 15:06:12,16803,16803,16803,4,4
2021-10-15 15:06:15,16802,16802,16802,2,-2
2021-10-15 15:06:16,16803,16803,16803,2,2
2021-10-15 15:06:20,16803,16803,16803,2,2
2021-10-15 15:06:21,16802,16802,16802,2,-2
2021-10-15 15:06:21,16803,16803,16803,2,2
2021-10-15 15:06:22,16802,16802,16802,2,-2
2021-10-15 15:06:22,16803,16803,16803,4,4
2021-10-15 15:06:23,16803,16803,16803,2,2
2021-10-15 15:06:24,16802,16802,16802,2,-2
2021-10-15 15:06:25,16803,16803,16803,2,2
2021-10-15 15:06:30,16802,16802,16802,4,-4
2021-10-15 15:06:33,16802,16802,16802,2,2
2021-10-15 15:06:34,16802,16802,16802,4,4
2021-10-15 15:06:36,16802,16802,16802,2,2
2021-10-15 15:06:37,16802,16802,16802,2,2
2021-10-15 15:06:37,16802,16802,16802,6,6
2021-10-15 15:06:37,16802,16802,16802,2,2
2021-10-15 15:06:38,16801,16801,16801,2,-2
2021-10-15 15:06:42,16802,16802,16802,2,2
2021-10-15 15:06:42,16802,16802,16802,2,2
2021-10-15 15:06:43,16801,16801,16801,2,-2
2021-10-15 15:06:48,16802,16802,16802,2,2
2021-10-15 15:06:48,16802,16802,16802,2,2
2021-10-15 15:06:48,16801,16801,16801,2,-2
2021-10-15 15:06:48,16801,16801,16801,2,2
2021-10-15 15:06:50,16801,16801,16801,2,2
2021-10-15 15:06:50,16802,16802,16802,2,2
2021-10-15 15:06:50,16802,16802,16802,2,2
2021-10-15 15:06:50,16801,16801,16801,2,-2
2021-10-15 15:06:52,16801,16801,16801,2,2
2021-10-15 15:06:53,16801,16801,16801,14,14
2021-10-15 15:06:53,16801,16801,16801,2,2
2021-10-15 15:06:53,16801,16801,16801,4,4
2021-10-15 15:06:53,16801,16801,16801,2,2
2021-10-15 15:06:53,16801,16801,16801,2,2
2021-10-15 15:06:53,16801,16801,16801,2,2
2021-10-15 15:06:53,16801,16801,16801,2,2
2021-10-15 15:06:53,16801,16801,16801,2,2
2021-10-15 15:06:53,16801,16801,16801,2,2
2021-10-15 15:06:53,16801,16801,16801,2,2
2021-10-15 15:06:53,16801,16801,16801,2,2
2021-10-15 15:06:53,16801,16801,16801,2,2
2021-10-15 15:06:53,16801,16801,16801,2,2
2021-10-15 15:06:55,16802,16802,16802,2,2
2021-10-15 15:06:56,16803,16803,16803,6,6
2021-10-15 15:06:56,16804,16804,16804,2,2
2021-10-15 15:06:56,16801,16801,16801,2,-2
2021-10-15 15:06:57,16803,16803,16803,8,8
2021-10-15 15:06:57,16804,16804,16804,2,2
2021-10-15 15:06:57,16804,16804,16804,2,2
2021-10-15 15:06:58,16801,16801,16801,2,-2
2021-10-15 15:06:58,16802,16802,16802,2,2
2021-10-15 15:06:58,16801,16801,16801,2,-2
2021-10-15 15:07:02,16803,16803,16803,2,2
2021-10-15 15:07:02,16801,16801,16801,2,-2
2021-10-15 15:07:03,16803,16803,16803,2,2
2021-10-15 15:07:03,16802,16802,16802,4,-4
2021-10-15 15:07:03,16801,16801,16801,2,-2
2021-10-15 15:07:03,16801,16801,16801,2,2
2021-10-15 15:07:04,16802,16802,16802,2,2
2021-10-15 15:07:05,16801,16801,16801,2,-2
2021-10-15 15:07:09,16803,16803,16803,2,2
2021-10-15 15:07:11,16801,16801,16801,2,-2
2021-10-15 15:07:11,16802,16802,16802,2,2
2021-10-15 15:07:12,16801,16801,16801,2,-2
2021-10-15 15:07:12,16801,16801,16801,2,2
2021-10-15 15:07:13,16803,16803,16803,2,2
2021-10-15 15:07:14,16803,16803,16803,2,2
2021-10-15 15:07:19,16803,16803,16803,2,2
2021-10-15 15:07:21,16802,16802,16802,2,-2
2021-10-15 15:07:21,16802,16802,16802,2,2
2021-10-15 15:07:22,16802,16802,16802,2,2
2021-10-15 15:07:24,16803,16803,16803,4,4
2021-10-15 15:07:24,16803,16803,16803,8,8
2021-10-15 15:07:24,16803,16803,16803,22,22
2021-10-15 15:07:26,16804,16804,16804,2,2
2021-10-15 15:07:26,16804,16804,16804,6,6
2021-10-15 15:07:26,16804,16804,16804,8,8
2021-10-15 15:07:29,16803,16803,16803,2,-2
2021-10-15 15:07:29,16804,16804,16804,10,10
2021-10-15 15:07:31,16804,16804,16804,4,4
2021-10-15 15:07:33,16805,16805,16805,8,8
2021-10-15 15:07:34,16803,16803,16803,2,-2
2021-10-15 15:07:35,16804,16804,16804,2,2
2021-10-15 15:07:37,16804,16804,16804,2,2
2021-10-15 15:07:37,16805,16805,16805,2,2
2021-10-15 15:07:39,16805,16805,16805,2,2
2021-10-15 15:07:39,16805,16805,16805,4,4
2021-10-15 15:07:39,16805,16805,16805,10,10
2021-10-15 15:07:41,16804,16804,16804,2,-2
2021-10-15 15:07:41,16805,16805,16805,2,2
2021-10-15 15:07:42,16805,16805,16805,2,2
2021-10-15 15:07:43,16805,16805,16805,8,8
2021-10-15 15:07:43,16805,16805,16805,24,24
2021-10-15 15:07:43,16805,16805,16805,10,10
2021-10-15 15:07:43,16805,16805,16805,4,4
2021-10-15 15:07:43,16806,16806,16806,2,2
2021-10-15 15:07:43,16806,16806,16806,2,2
2021-10-15 15:07:43,16806,16806,16806,2,2
2021-10-15 15:07:43,16806,16806,16806,2,2
2021-10-15 15:07:43,16806,16806,16806,2,2
2021-10-15 15:07:43,16805,16805,16805,2,-2
2021-10-15 15:07:43,16806,16806,16806,2,2
2021-10-15 15:07:43,16807,16807,16807,2,2
2021-10-15 15:07:44,16804,16804,16804,2,-2
2021-10-15 15:07:44,16804,16804,16804,2,2
2021-10-15 15:07:45,16805,16805,16805,2,2
2021-10-15 15:07:45,16805,16805,16805,2,2
2021-10-15 15:07:45,16806,16806,16806,18,18
2021-10-15 15:07:45,16807,16807,16807,2,2
2021-10-15 15:07:45,16807,16807,16807,2,2
2021-10-15 15:07:48,16807,16807,16807,2,2
2021-10-15 15:07:49,16806,16806,16806,4,-4
2021-10-15 15:07:49,16806,16806,16806,2,2
2021-10-15 15:07:49,16806,16806,16806,2,2
2021-10-15 15:07:49,16806,16806,16806,2,2
2021-10-15 15:07:51,16806,16806,16806,2,2
2021-10-15 15:07:52,16807,16807,16807,4,4
2021-10-15 15:07:55,16807,16807,16807,4,4
2021-10-15 15:07:55,16807,16807,16807,4,4
2021-10-15 15:07:55,16807,16807,16807,2,2
2021-10-15 15:07:56,16807,16807,16807,2,2
2021-10-15 15:07:56,16807,16807,16807,2,2
2021-10-15 15:07:57,16807,16807,16807,2,2
2021-10-15 15:07:57,16807,16807,16807,2,2
2021-10-15 15:08:00,16807,16807,16807,4,4
2021-10-15 15:08:00,16807,16807,16807,2,2
2021-10-15 15:08:00,16807,16807,16807,2,2
2021-10-15 15:08:00,16807,16807,16807,2,2
2021-10-15 15:08:00,16808,16808,16808,2,2
2021-10-15 15:08:00,16808,16808,16808,2,2
2021-10-15 15:08:00,16808,16808,16808,2,2
2021-10-15 15:08:01,16808,16808,16808,2,2
2021-10-15 15:08:01,16806,16806,16806,2,-2
2021-10-15 15:08:02,16807,16807,16807,2,2
2021-10-15 15:08:02,16806,16806,16806,2,-2
2021-10-15 15:08:03,16807,16807,16807,2,2
2021-10-15 15:08:03,16807,16807,16807,2,2
2021-10-15 15:08:05,16806,16806,16806,2,-2
2021-10-15 15:08:06,16807,16807,16807,2,2
2021-10-15 15:08:08,16808,16808,16808,2,2
2021-10-15 15:08:09,16807,16807,16807,2,-2
2021-10-15 15:08:11,16808,16808,16808,2,2
2021-10-15 15:08:12,16807,16807,16807,6,-6
2021-10-15 15:08:19,16807,16807,16807,2,2
2021-10-15 15:08:19,16806,16806,16806,2,-2
2021-10-15 15:08:20,16808,16808,16808,18,18
2021-10-15 15:08:21,16808,16808,16808,4,4
2021-10-15 15:08:21,16807,16807,16807,2,-2
2021-10-15 15:08:23,16808,16808,16808,2,2
2021-10-15 15:08:24,16808,16808,16808,2,2
2021-10-15 15:08:25,16808,16808,16808,2,2
2021-10-15 15:08:25,16808,16808,16808,2,2
2021-10-15 15:08:25,16808,16808,16808,2,2
2021-10-15 15:08:26,16809,16809,16809,2,2
2021-10-15 15:08:26,16808,16808,16808,2,-2
2021-10-15 15:08:27,16809,16809,16809,4,4
2021-10-15 15:08:27,16808,16808,16808,2,-2
2021-10-15 15:08:28,16808,16808,16808,4,4
2021-10-15 15:08:28,16808,16808,16808,2,2
2021-10-15 15:08:28,16809,16809,16809,2,2
2021-10-15 15:08:28,16809,16809,16809,4,4
2021-10-15 15:08:29,16808,16808,16808,2,-2
2021-10-15 15:08:30,16809,16809,16809,4,4
2021-10-15 15:08:31,16809,16809,16809,4,4
2021-10-15 15:08:32,16808,16808,16808,2,-2
2021-10-15 15:08:32,16809,16809,16809,4,4
2021-10-15 15:08:35,16809,16809,16809,4,4
2021-10-15 15:08:36,16809,16809,16809,2,2
2021-10-15 15:08:37,16809,16809,16809,4,4
2021-10-15 15:08:37,16809,16809,16809,2,2
2021-10-15 15:08:37,16809,16809,16809,2,2
2021-10-15 15:08:38,16809,16809,16809,2,2
2021-10-15 15:08:38,16809,16809,16809,4,4
2021-10-15 15:08:39,16809,16809,16809,6,6
2021-10-15 15:08:40,16809,16809,16809,8,8
2021-10-15 15:08:42,16809,16809,16809,2,2
2021-10-15 15:08:42,16809,16809,16809,2,2
2021-10-15 15:08:42,16810,16810,16810,2,2
2021-10-15 15:08:42,16810,16810,16810,2,2
2021-10-15 15:08:42,16810,16810,16810,4,4
2021-10-15 15:08:42,16810,16810,16810,2,2
2021-10-15 15:08:45,16809,16809,16809,2,-2
2021-10-15 15:08:49,16810,16810,16810,2,2
2021-10-15 15:08:50,16810,16810,16810,4,4
2021-10-15 15:08:51,16810,16810,16810,2,2
2021-10-15 15:08:54,16810,16810,16810,2,2
2021-10-15 15:08:54,16811,16811,16811,2,2
2021-10-15 15:08:54,16811,16811,16811,2,2
2021-10-15 15:08:54,16810,16810,16810,2,-2
2021-10-15 15:08:54,16811,16811,16811,2,2
2021-10-15 15:08:55,16810,16810,16810,2,-2
2021-10-15 15:08:56,16811,16811,16811,2,2
2021-10-15 15:08:57,16810,16810,16810,2,-2
2021-10-15 15:09:00,16811,16811,16811,2,2
2021-10-15 15:09:00,16811,16811,16811,2,2
2021-10-15 15:09:00,16810,16810,16810,2,-2
2021-10-15 15:09:00,16810,16810,16810,2,2
2021-10-15 15:09:00,16810,16810,16810,2,2
2021-10-15 15:09:00,16810,16810,16810,2,2
2021-10-15 15:09:00,16811,16811,16811,2,2
2021-10-15 15:09:02,16812,16812,16812,4,4
2021-10-15 15:09:02,16812,16812,16812,2,2
2021-10-15 15:09:02,16812,16812,16812,16,16
2021-10-15 15:09:02,16812,16812,16812,2,2
2021-10-15 15:09:02,16812,16812,16812,6,6
2021-10-15 15:09:02,16812,16812,16812,2,2
2021-10-15 15:09:02,16811,16811,16811,2,-2
2021-10-15 15:09:02,16813,16813,16813,4,4
2021-10-15 15:09:03,16813,16813,16813,10,10
2021-10-15 15:09:03,16813,16813,16813,2,2
2021-10-15 15:09:03,16812,16812,16812,2,-2
2021-10-15 15:09:03,16812,16812,16812,2,2
2021-10-15 15:09:03,16812,16812,16812,2,2
2021-10-15 15:09:03,16812,16812,16812,2,2
2021-10-15 15:09:03,16811,16811,16811,2,-2
2021-10-15 15:09:03,16811,16811,16811,2,2
2021-10-15 15:09:03,16811,16811,16811,2,2
2021-10-15 15:09:03,16811,16811,16811,2,2
2021-10-15 15:09:03,16812,16812,16812,2,2
2021-10-15 15:09:03,16812,16812,16812,2,2
2021-10-15 15:09:03,16813,16813,16813,2,2
2021-10-15 15:09:04,16812,16812,16812,2,-2
2021-10-15 15:09:06,16811,16811,16811,2,-2
2021-10-15 15:09:07,16812,16812,16812,2,2
2021-10-15 15:09:10,16812,16812,16812,2,2
2021-10-15 15:09:10,16811,16811,16811,2,-2
2021-10-15 15:09:11,16812,16812,16812,2,2
2021-10-15 15:09:11,16812,16812,16812,6,6
2021-10-15 15:09:11,16811,16811,16811,2,-2
2021-10-15 15:09:11,16811,16811,16811,2,2
2021-10-15 15:09:11,16811,16811,16811,2,2
2021-10-15 15:09:12,16813,16813,16813,6,6
2021-10-15 15:09:12,16814,16814,16814,2,2
2021-10-15 15:09:12,16812,16812,16812,2,-2
2021-10-15 15:09:12,16812,16812,16812,2,2
2021-10-15 15:09:12,16812,16812,16812,2,2
2021-10-15 15:09:12,16812,16812,16812,4,4
2021-10-15 15:09:12,16811,16811,16811,2,-2
2021-10-15 15:09:12,16811,16811,16811,2,2
2021-10-15 15:09:13,16811,16811,16811,2,2
2021-10-15 15:09:13,16813,16813,16813,4,4
2021-10-15 15:09:14,16811,16811,16811,2,-2
2021-10-15 15:09:14,16811,16811,16811,2,2
2021-10-15 15:09:14,16812,16812,16812,2,2
2021-10-15 15:09:15,16813,16813,16813,4,4
2021-10-15 15:09:15,16814,16814,16814,4,4
2021-10-15 15:09:16,16814,16814,16814,4,4
2021-10-15 15:09:16,16813,16813,16813,2,-2
2021-10-15 15:09:16,16813,16813,16813,4,4
2021-10-15 15:09:16,16812,16812,16812,2,-2
2021-10-15 15:09:19,16813,16813,16813,4,4
2021-10-15 15:09:19,16814,16814,16814,4,4
2021-10-15 15:09:19,16812,16812,16812,2,-2
2021-10-15 15:09:20,16814,16814,16814,2,2
2021-10-15 15:09:22,16814,16814,16814,2,2
2021-10-15 15:09:22,16814,16814,16814,2,2
2021-10-15 15:09:23,16814,16814,16814,6,6
2021-10-15 15:09:23,16814,16814,16814,4,4
2021-10-15 15:09:23,16814,16814,16814,2,2
2021-10-15 15:09:23,16813,16813,16813,2,-2
2021-10-15 15:09:23,16815,16815,16815,4,4
2021-10-15 15:09:23,16815,16815,16815,2,2
2021-10-15 15:09:25,16814,16814,16814,4,-4
2021-10-15 15:09:26,16816,16816,16816,8,8
2021-10-15 15:09:27,16815,16815,16815,2,-2
2021-10-15 15:09:28,16816,16816,16816,10,10
2021-10-15 15:09:28,16816,16816,16816,2,2
2021-10-15 15:09:28,16816,16816,16816,4,4
2021-10-15 15:09:29,16816,16816,16816,4,4
2021-10-15 15:09:30,16816,16816,16816,2,2
2021-10-15 15:09:32,16816,16816,16816,2,2
2021-10-15 15:09:33,16816,16816,16816,2,2
2021-10-15 15:09:33,16816,16816,16816,2,2
2021-10-15 15:09:34,16817,16817,16817,2,2
2021-10-15 15:09:34,16817,16817,16817,8,8
2021-10-15 15:09:35,16817,16817,16817,4,4
2021-10-15 15:09:36,16817,16817,16817,2,2
2021-10-15 15:09:36,16816,16816,16816,2,-2
2021-10-15 15:09:36,16816,16816,16816,2,2
2021-10-15 15:09:37,16817,16817,16817,2,2
2021-10-15 15:09:37,16817,16817,16817,2,2
2021-10-15 15:09:37,16817,16817,16817,6,6
2021-10-15 15:09:37,16816,16816,16816,2,-2
2021-10-15 15:09:38,16816,16816,16816,2,2
2021-10-15 15:09:38,16817,16817,16817,6,6
2021-10-15 15:09:38,16817,16817,16817,2,2
2021-10-15 15:09:38,16817,16817,16817,2,2
2021-10-15 15:09:39,16817,16817,16817,2,2
2021-10-15 15:09:39,16817,16817,16817,2,2
2021-10-15 15:09:39,16816,16816,16816,2,-2
2021-10-15 15:09:39,16816,16816,16816,2,2
2021-10-15 15:09:39,16817,16817,16817,2,2
2021-10-15 15:09:40,16817,16817,16817,2,2
2021-10-15 15:09:41,16817,16817,16817,2,2
2021-10-15 15:09:42,16816,16816,16816,2,-2
2021-10-15 15:09:42,16816,16816,16816,2,2
2021-10-15 15:09:42,16816,16816,16816,2,2
2021-10-15 15:09:42,16816,16816,16816,4,4
2021-10-15 15:09:42,16816,16816,16816,2,2
2021-10-15 15:09:42,16816,16816,16816,10,10
2021-10-15 15:09:42,16816,16816,16816,2,2
2021-10-15 15:09:42,16816,16816,16816,2,2
2021-10-15 15:09:42,16816,16816,16816,2,2
2021-10-15 15:09:42,16815,16815,16815,2,-2
2021-10-15 15:09:42,16815,16815,16815,2,2
2021-10-15 15:09:42,16815,16815,16815,2,2
2021-10-15 15:09:42,16816,16816,16816,2,2
2021-10-15 15:09:43,16816,16816,16816,2,2
2021-10-15 15:09:43,16816,16816,16816,2,2
2021-10-15 15:09:43,16816,16816,16816,2,2
2021-10-15 15:09:45,16816,16816,16816,2,2
2021-10-15 15:09:46,16816,16816,16816,4,4
2021-10-15 15:09:47,16816,16816,16816,2,2
2021-10-15 15:09:49,16816,16816,16816,8,8
2021-10-15 15:09:50,16817,16817,16817,10,10
2021-10-15 15:09:51,16817,16817,16817,2,2
2021-10-15 15:09:51,16817,16817,16817,2,2
2021-10-15 15:09:51,16817,16817,16817,2,2
2021-10-15 15:09:51,16817,16817,16817,4,4
2021-10-15 15:09:52,16817,16817,16817,2,2
2021-10-15 15:09:52,16816,16816,16816,2,-2
2021-10-15 15:09:52,16816,16816,16816,2,2
2021-10-15 15:09:54,16815,16815,16815,2,-2
2021-10-15 15:09:54,16816,16816,16816,2,2
2021-10-15 15:09:55,16816,16816,16816,8,8
2021-10-15 15:09:55,16816,16816,16816,4,4
2021-10-15 15:09:55,16816,16816,16816,2,2
2021-10-15 15:09:55,16816,16816,16816,2,2
2021-10-15 15:09:56,16816,16816,16816,4,4
2021-10-15 15:09:56,16816,16816,16816,2,2
2021-10-15 15:09:57,16815,16815,16815,2,-2
2021-10-15 15:09:58,16816,16816,16816,4,4
2021-10-15 15:09:58,16816,16816,16816,2,2
2021-10-15 15:09:58,16815,16815,16815,2,-2
2021-10-15 15:09:58,16815,16815,16815,2,2
2021-10-15 15:09:58,16817,16817,16817,2,2
2021-10-15 15:09:59,16816,16816,16816,2,-2
2021-10-15 15:09:59,16815,16815,16815,2,-2
2021-10-15 15:10:00,16817,16817,16817,2,2
2021-10-15 15:10:00,16817,16817,16817,4,4
2021-10-15 15:10:00,16817,16817,16817,2,2
2021-10-15 15:10:00,16817,16817,16817,2,2
2021-10-15 15:10:00,16817,16817,16817,2,2
2021-10-15 15:10:00,16818,16818,16818,2,2
2021-10-15 15:10:00,16818,16818,16818,6,6
2021-10-15 15:10:00,16818,16818,16818,2,2
2021-10-15 15:10:00,16818,16818,16818,2,2
2021-10-15 15:10:00,16818,16818,16818,2,2
2021-10-15 15:10:00,16818,16818,16818,2,2
2021-10-15 15:10:00,16818,16818,16818,2,2
2021-10-15 15:10:00,16818,16818,16818,2,2
2021-10-15 15:10:00,16816,16816,16816,2,-2
2021-10-15 15:10:00,16817,16817,16817,2,2
2021-10-15 15:10:00,16815,16815,16815,2,-2
2021-10-15 15:10:01,16817,16817,16817,2,2
2021-10-15 15:10:01,16815,16815,16815,2,-2
2021-10-15 15:10:01,16817,16817,16817,2,2
2021-10-15 15:10:01,16817,16817,16817,2,2
2021-10-15 15:10:01,16817,16817,16817,2,2
2021-10-15 15:10:04,16817,16817,16817,2,2
2021-10-15 15:10:05,16816,16816,16816,4,-4
2021-10-15 15:10:06,16817,16817,16817,2,2
2021-10-15 15:10:06,16817,16817,16817,6,6
2021-10-15 15:10:07,16817,16817,16817,2,2
2021-10-15 15:10:07,16815,16815,16815,2,-2
2021-10-15 15:10:08,16815,16815,16815,2,2
2021-10-15 15:10:08,16815,16815,16815,2,2
2021-10-15 15:10:10,16817,16817,16817,2,2
2021-10-15 15:10:10,16817,16817,16817,2,2
2021-10-15 15:10:12,16816,16816,16816,2,-2
2021-10-15 15:10:13,16816,16816,16816,2,2
2021-10-15 15:10:13,16815,16815,16815,2,-2
2021-10-15 15:10:15,16815,16815,16815,2,2
2021-10-15 15:10:15,16815,16815,16815,2,2
2021-10-15 15:10:15,16815,16815,16815,2,2
2021-10-15 15:10:15,16815,16815,16815,4,4
2021-10-15 15:10:15,16815,16815,16815,2,2
2021-10-15 15:10:15,16815,16815,16815,2,2
2021-10-15 15:10:15,16815,16815,16815,2,2
2021-10-15 15:10:15,16815,16815,16815,2,2
2021-10-15 15:10:15,16815,16815,16815,2,2
2021-10-15 15:10:15,16815,16815,16815,2,2
2021-10-15 15:10:15,16815,16815,16815,2,2
2021-10-15 15:10:15,16816,16816,16816,12,12
2021-10-15 15:10:15,16815,16815,16815,2,-2
2021-10-15 15:10:15,16814,16814,16814,2,-2
2021-10-15 15:10:15,16814,16814,16814,2,2
2021-10-15 15:10:16,16816,16816,16816,2,2
2021-10-15 15:10:16,16815,16815,16815,2,-2
2021-10-15 15:10:17,16814,16814,16814,2,-2
2021-10-15 15:10:17,16814,16814,16814,2,2
2021-10-15 15:10:18,16816,16816,16816,10,10
2021-10-15 15:10:20,16814,16814,16814,2,-2
2021-10-15 15:10:20,16815,16815,16815,6,6
2021-10-15 15:10:20,16814,16814,16814,2,-2
2021-10-15 15:10:20,16814,16814,16814,2,2
2021-10-15 15:10:20,16814,16814,16814,2,2
2021-10-15 15:10:20,16814,16814,16814,2,2
2021-10-15 15:10:20,16814,16814,16814,4,4
2021-10-15 15:10:20,16814,16814,16814,2,2
2021-10-15 15:10:21,16815,16815,16815,2,2
2021-10-15 15:10:23,16814,16814,16814,2,-2
2021-10-15 15:10:24,16814,16814,16814,2,2
2021-10-15 15:10:26,16813,16813,16813,2,-2
2021-10-15 15:10:27,16814,16814,16814,2,2
2021-10-15 15:10:30,16813,16813,16813,2,-2
2021-10-15 15:10:30,16813,16813,16813,2,2
2021-10-15 15:10:30,16813,16813,16813,2,2
2021-10-15 15:10:30,16813,16813,16813,2,2
2021-10-15 15:10:30,16813,16813,16813,2,2
2021-10-15 15:10:30,16813,16813,16813,2,2
2021-10-15 15:10:30,16813,16813,16813,2,2
2021-10-15 15:10:34,16812,16812,16812,2,-2
2021-10-15 15:10:34,16812,16812,16812,2,2
2021-10-15 15:10:35,16812,16812,16812,2,2
2021-10-15 15:10:36,16813,16813,16813,4,4
2021-10-15 15:10:37,16812,16812,16812,2,-2
2021-10-15 15:10:38,16812,16812,16812,2,2
2021-10-15 15:10:38,16812,16812,16812,2,2
2021-10-15 15:10:38,16813,16813,16813,2,2
2021-10-15 15:10:40,16812,16812,16812,2,-2
2021-10-15 15:10:40,16811,16811,16811,2,-2
2021-10-15 15:10:40,16811,16811,16811,2,2
2021-10-15 15:10:40,16811,16811,16811,2,2
2021-10-15 15:10:40,16811,16811,16811,2,2
2021-10-15 15:10:41,16812,16812,16812,2,2
2021-10-15 15:10:43,16813,16813,16813,2,2
2021-10-15 15:10:43,16812,16812,16812,2,-2
2021-10-15 15:10:45,16813,16813,16813,2,2
2021-10-15 15:10:50,16812,16812,16812,2,-2
2021-10-15 15:10:53,16812,16812,16812,8,8
2021-10-15 15:10:53,16813,16813,16813,16,16
2021-10-15 15:10:55,16813,16813,16813,4,4
2021-10-15 15:10:55,16813,16813,16813,2,2
2021-10-15 15:10:58,16812,16812,16812,2,-2
2021-10-15 15:10:58,16812,16812,16812,2,2
2021-10-15 15:10:58,16812,16812,16812,2,2
2021-10-15 15:10:58,16814,16814,16814,6,6
2021-10-15 15:11:01,16814,16814,16814,10,10
2021-10-15 15:11:10,16812,16812,16812,4,-4
2021-10-15 15:11:10,16812,16812,16812,6,6
2021-10-15 15:11:10,16812,16812,16812,4,4
2021-10-15 15:11:10,16812,16812,16812,2,2
2021-10-15 15:11:15,16813,16813,16813,4,4
2021-10-15 15:11:15,16814,16814,16814,2,2
2021-10-15 15:11:15,16813,16813,16813,2,-2
2021-10-15 15:11:15,16813,16813,16813,2,2
2021-10-15 15:11:17,16813,16813,16813,2,2
2021-10-15 15:11:19,16814,16814,16814,10,10
2021-10-15 15:11:19,16814,16814,16814,2,2
2021-10-15 15:11:20,16813,16813,16813,2,-2
2021-10-15 15:11:20,16814,16814,16814,2,2
2021-10-15 15:11:27,16814,16814,16814,2,2
2021-10-15 15:11:28,16813,16813,16813,2,-2
2021-10-15 15:11:32,16813,16813,16813,4,4
2021-10-15 15:11:33,16813,16813,16813,2,2
2021-10-15 15:11:35,16813,16813,16813,2,2
2021-10-15 15:11:35,16814,16814,16814,4,4
2021-10-15 15:11:38,16813,16813,16813,2,-2
2021-10-15 15:11:43,16813,16813,16813,2,2
2021-10-15 15:11:43,16813,16813,16813,8,8
2021-10-15 15:11:43,16813,16813,16813,4,4
2021-10-15 15:11:43,16813,16813,16813,2,2
2021-10-15 15:11:43,16813,16813,16813,2,2
2021-10-15 15:11:49,16812,16812,16812,2,-2
2021-10-15 15:11:49,16812,16812,16812,2,2
2021-10-15 15:11:51,16813,16813,16813,2,2
2021-10-15 15:11:51,16812,16812,16812,2,-2
2021-10-15 15:11:51,16812,16812,16812,2,2
2021-10-15 15:11:56,16811,16811,16811,2,-2
2021-10-15 15:11:56,16811,16811,16811,2,2
2021-10-15 15:11:57,16812,16812,16812,2,2
2021-10-15 15:11:57,16812,16812,16812,2,2
2021-10-15 15:12:01,16811,16811,16811,2,-2
2021-10-15 15:12:01,16811,16811,16811,2,2
2021-10-15 15:12:01,16813,16813,16813,2,2
2021-10-15 15:12:01,16813,16813,16813,2,2
2021-10-15 15:12:02,16813,16813,16813,2,2
2021-10-15 15:12:02,16813,16813,16813,2,2
2021-10-15 15:12:02,16813,16813,16813,4,4
2021-10-15 15:12:02,16812,16812,16812,2,-2
2021-10-15 15:12:02,16814,16814,16814,2,2
2021-10-15 15:12:02,16813,16813,16813,2,-2
2021-10-15 15:12:02,16814,16814,16814,2,2
2021-10-15 15:12:03,16812,16812,16812,2,-2
2021-10-15 15:12:03,16812,16812,16812,2,2
2021-10-15 15:12:03,16812,16812,16812,2,2
2021-10-15 15:12:03,16812,16812,16812,4,4
2021-10-15 15:12:05,16812,16812,16812,2,2
2021-10-15 15:12:05,16812,16812,16812,2,2
2021-10-15 15:12:07,16812,16812,16812,2,2
2021-10-15 15:12:08,16813,16813,16813,2,2
2021-10-15 15:12:17,16812,16812,16812,2,-2
2021-10-15 15:12:22,16811,16811,16811,2,-2
2021-10-15 15:12:22,16811,16811,16811,2,2
2021-10-15 15:12:22,16811,16811,16811,2,2
2021-10-15 15:12:22,16811,16811,16811,2,2
2021-10-15 15:12:22,16811,16811,16811,2,2
2021-10-15 15:12:22,16811,16811,16811,2,2
2021-10-15 15:12:22,16811,16811,16811,2,2
2021-10-15 15:12:22,16811,16811,16811,2,2
2021-10-15 15:12:22,16811,16811,16811,4,4
2021-10-15 15:12:22,16811,16811,16811,2,2
2021-10-15 15:12:25,16810,16810,16810,2,-2
2021-10-15 15:12:25,16810,16810,16810,2,2
2021-10-15 15:12:25,16810,16810,16810,2,2
2021-10-15 15:12:25,16810,16810,16810,2,2
2021-10-15 15:12:26,16810,16810,16810,2,2
2021-10-15 15:12:28,16810,16810,16810,2,2
2021-10-15 15:12:31,16810,16810,16810,2,2
2021-10-15 15:12:31,16810,16810,16810,2,2
2021-10-15 15:12:31,16810,16810,16810,2,2
2021-10-15 15:12:31,16810,16810,16810,2,2
2021-10-15 15:12:34,16810,16810,16810,2,2
2021-10-15 15:12:34,16810,16810,16810,2,2
2021-10-15 15:12:36,16810,16810,16810,6,6
2021-10-15 15:12:36,16809,16809,16809,6,-6
2021-10-15 15:12:36,16809,16809,16809,4,4
2021-10-15 15:12:36,16809,16809,16809,2,2
2021-10-15 15:12:38,16809,16809,16809,2,2
2021-10-15 15:12:39,16808,16808,16808,6,-6
2021-10-15 15:12:39,16808,16808,16808,4,4
2021-10-15 15:12:39,16808,16808,16808,4,4
2021-10-15 15:12:39,16808,16808,16808,2,2
2021-10-15 15:12:39,16808,16808,16808,2,2
2021-10-15 15:12:39,16808,16808,16808,2,2
2021-10-15 15:12:39,16808,16808,16808,2,2
2021-10-15 15:12:39,16808,16808,16808,2,2
2021-10-15 15:12:39,16808,16808,16808,2,2
2021-10-15 15:12:39,16808,16808,16808,2,2
2021-10-15 15:12:39,16808,16808,16808,2,2
2021-10-15 15:12:39,16808,16808,16808,2,2
2021-10-15 15:12:39,16808,16808,16808,4,4
2021-10-15 15:12:39,16807,16807,16807,2,-2
2021-10-15 15:12:39,16807,16807,16807,2,2
2021-10-15 15:12:39,16807,16807,16807,10,10
2021-10-15 15:12:39,16807,16807,16807,4,4
2021-10-15 15:12:39,16807,16807,16807,2,2
2021-10-15 15:12:39,16807,16807,16807,2,2
2021-10-15 15:12:39,16807,16807,16807,2,2
2021-10-15 15:12:39,16807,16807,16807,2,2
2021-10-15 15:12:39,16807,16807,16807,2,2
2021-10-15 15:12:41,16807,16807,16807,2,2
2021-10-15 15:12:41,16807,16807,16807,2,2
2021-10-15 15:12:41,16807,16807,16807,2,2
2021-10-15 15:12:41,16807,16807,16807,2,2
2021-10-15 15:12:41,16807,16807,16807,2,2
2021-10-15 15:12:44,16806,16806,16806,2,-2
2021-10-15 15:12:44,16807,16807,16807,2,2
2021-10-15 15:12:45,16806,16806,16806,2,-2
2021-10-15 15:12:47,16807,16807,16807,2,2
2021-10-15 15:12:48,16807,16807,16807,2,2
2021-10-15 15:12:48,16807,16807,16807,2,2
2021-10-15 15:12:50,16808,16808,16808,2,2
2021-10-15 15:12:52,16807,16807,16807,2,-2
2021-10-15 15:12:54,16807,16807,16807,2,2
2021-10-15 15:12:55,16808,16808,16808,2,2
2021-10-15 15:12:56,16807,16807,16807,2,-2
2021-10-15 15:12:57,16807,16807,16807,2,2
2021-10-15 15:13:01,16807,16807,16807,2,2
2021-10-15 15:13:01,16807,16807,16807,2,2
2021-10-15 15:13:02,16807,16807,16807,2,2
2021-10-15 15:13:03,16807,16807,16807,2,2
2021-10-15 15:13:03,16807,16807,16807,2,2
2021-10-15 15:13:06,16808,16808,16808,16,16
2021-10-15 15:13:08,16808,16808,16808,2,2
2021-10-15 15:13:09,16809,16809,16809,6,6
2021-10-15 15:13:11,16810,16810,16810,2,2
2021-10-15 15:13:12,16810,16810,16810,6,6
2021-10-15 15:13:12,16810,16810,16810,2,2
2021-10-15 15:13:12,16811,16811,16811,2,2
2021-10-15 15:13:12,16811,16811,16811,2,2
2021-10-15 15:13:15,16811,16811,16811,2,2
2021-10-15 15:13:15,16810,16810,16810,2,-2
2021-10-15 15:13:16,16810,16810,16810,2,2
2021-10-15 15:13:17,16811,16811,16811,2,2
2021-10-15 15:13:18,16810,16810,16810,2,-2
2021-10-15 15:13:35,16810,16810,16810,4,4
2021-10-15 15:13:35,16809,16809,16809,2,-2
2021-10-15 15:13:35,16809,16809,16809,4,4
2021-10-15 15:13:35,16808,16808,16808,2,-2
2021-10-15 15:13:35,16808,16808,16808,2,2
2021-10-15 15:13:35,16808,16808,16808,2,2
2021-10-15 15:13:36,16809,16809,16809,2,2
2021-10-15 15:13:40,16809,16809,16809,2,2
2021-10-15 15:13:40,16809,16809,16809,4,4
2021-10-15 15:13:43,16808,16808,16808,2,-2
2021-10-15 15:13:45,16808,16808,16808,2,2
2021-10-15 15:13:45,16808,16808,16808,2,2
2021-10-15 15:13:47,16808,16808,16808,2,2
2021-10-15 15:13:47,16808,16808,16808,2,2
2021-10-15 15:13:52,16808,16808,16808,2,2
2021-10-15 15:13:52,16808,16808,16808,2,2
2021-10-15 15:13:52,16808,16808,16808,2,2
2021-10-15 15:13:55,16808,16808,16808,2,2
2021-10-15 15:13:57,16808,16808,16808,2,2
2021-10-15 15:13:57,16808,16808,16808,2,2
2021-10-15 15:13:59,16808,16808,16808,4,4
2021-10-15 15:14:02,16807,16807,16807,2,-2
2021-10-15 15:14:02,16808,16808,16808,2,2
2021-10-15 15:14:02,16808,16808,16808,2,2
2021-10-15 15:14:02,16809,16809,16809,2,2
2021-10-15 15:14:02,16809,16809,16809,2,2
2021-10-15 15:14:02,16809,16809,16809,2,2
2021-10-15 15:14:03,16809,16809,16809,4,4
2021-10-15 15:14:03,16809,16809,16809,2,2
2021-10-15 15:14:03,16809,16809,16809,2,2
2021-10-15 15:14:03,16810,16810,16810,2,2
2021-10-15 15:14:03,16810,16810,16810,2,2
2021-10-15 15:14:03,16810,16810,16810,2,2
2021-10-15 15:14:03,16810,16810,16810,4,4
2021-10-15 15:14:04,16808,16808,16808,2,-2
2021-10-15 15:14:09,16808,16808,16808,2,2
2021-10-15 15:14:14,16808,16808,16808,2,2
2021-10-15 15:14:14,16808,16808,16808,4,4
2021-10-15 15:14:14,16808,16808,16808,2,2
2021-10-15 15:14:14,16808,16808,16808,2,2
2021-10-15 15:14:14,16808,16808,16808,2,2
2021-10-15 15:14:14,16808,16808,16808,2,2
2021-10-15 15:14:14,16808,16808,16808,2,2
2021-10-15 15:14:14,16808,16808,16808,2,2
2021-10-15 15:14:14,16809,16809,16809,2,2
2021-10-15 15:14:14,16809,16809,16809,2,2
2021-10-15 15:14:14,16809,16809,16809,2,2
2021-10-15 15:14:14,16809,16809,16809,2,2
2021-10-15 15:14:14,16809,16809,16809,2,2
2021-10-15 15:14:14,16809,16809,16809,2,2
2021-10-15 15:14:15,16809,16809,16809,2,2
2021-10-15 15:14:15,16808,16808,16808,2,-2
2021-10-15 15:14:15,16808,16808,16808,2,2
2021-10-15 15:14:17,16807,16807,16807,2,-2
2021-10-15 15:14:17,16807,16807,16807,2,2
2021-10-15 15:14:17,16807,16807,16807,2,2
2021-10-15 15:14:17,16808,16808,16808,2,2
2021-10-15 15:14:23,16807,16807,16807,2,-2
2021-10-15 15:14:23,16807,16807,16807,2,2
2021-10-15 15:14:24,16808,16808,16808,2,2
2021-10-15 15:14:24,16808,16808,16808,2,2
2021-10-15 15:14:24,16808,16808,16808,2,2
2021-10-15 15:14:24,16808,16808,16808,2,2
2021-10-15 15:14:24,16808,16808,16808,2,2
2021-10-15 15:14:24,16809,16809,16809,2,2
2021-10-15 15:14:24,16809,16809,16809,2,2
2021-10-15 15:14:24,16809,16809,16809,2,2
2021-10-15 15:14:24,16809,16809,16809,2,2
2021-10-15 15:14:24,16810,16810,16810,2,2
2021-10-15 15:14:24,16810,16810,16810,2,2
2021-10-15 15:14:24,16810,16810,16810,2,2
2021-10-15 15:14:24,16810,16810,16810,2,2
2021-10-15 15:14:24,16810,16810,16810,2,2
2021-10-15 15:14:24,16810,16810,16810,2,2
2021-10-15 15:14:24,16811,16811,16811,2,2
2021-10-15 15:14:24,16811,16811,16811,2,2
2021-10-15 15:14:24,16811,16811,16811,2,2
2021-10-15 15:14:24,16811,16811,16811,2,2
2021-10-15 15:14:24,16811,16811,16811,2,2
2021-10-15 15:14:24,16811,16811,16811,2,2
2021-10-15 15:14:24,16811,16811,16811,2,2
2021-10-15 15:14:24,16811,16811,16811,2,2
2021-10-15 15:14:24,16811,16811,16811,2,2
2021-10-15 15:14:24,16811,16811,16811,2,2
2021-10-15 15:14:24,16811,16811,16811,2,2
2021-10-15 15:14:26,16811,16811,16811,2,2
2021-10-15 15:14:27,16812,16812,16812,6,6
2021-10-15 15:14:27,16812,16812,16812,2,2
2021-10-15 15:14:27,16812,16812,16812,2,2
2021-10-15 15:14:27,16812,16812,16812,2,2
2021-10-15 15:14:27,16813,16813,16813,2,2
2021-10-15 15:14:27,16813,16813,16813,2,2
2021-10-15 15:14:34,16811,16811,16811,2,-2
2021-10-15 15:14:37,16812,16812,16812,2,2
2021-10-15 15:14:40,16813,16813,16813,2,2
2021-10-15 15:14:40,16813,16813,16813,2,2
2021-10-15 15:14:40,16813,16813,16813,2,2
2021-10-15 15:14:40,16813,16813,16813,2,2
2021-10-15 15:14:45,16813,16813,16813,2,2
2021-10-15 15:14:49,16814,16814,16814,2,2
2021-10-15 15:14:49,16814,16814,16814,8,8
2021-10-15 15:14:51,16814,16814,16814,2,2
2021-10-15 15:14:51,16815,16815,16815,2,2
2021-10-15 15:14:51,16815,16815,16815,2,2
2021-10-15 15:14:51,16815,16815,16815,2,2
2021-10-15 15:14:52,16815,16815,16815,2,2
2021-10-15 15:14:53,16815,16815,16815,4,4
2021-10-15 15:14:53,16814,16814,16814,10,-10
2021-10-15 15:14:53,16813,16813,16813,2,-2
2021-10-15 15:14:55,16814,16814,16814,2,2
2021-10-15 15:14:59,16814,16814,16814,4,4
2021-10-15 15:15:00,16814,16814,16814,4,4
2021-10-15 15:15:00,16813,16813,16813,2,-2
2021-10-15 15:15:00,16813,16813,16813,2,2
2021-10-15 15:15:00,16814,16814,16814,4,4
2021-10-15 15:15:01,16814,16814,16814,4,4
2021-10-15 15:15:01,16814,16814,16814,4,4
2021-10-15 15:15:03,16814,16814,16814,2,2
2021-10-15 15:15:03,16814,16814,16814,4,4
2021-10-15 15:15:03,16815,16815,16815,2,2
2021-10-15 15:15:04,16815,16815,16815,2,2
2021-10-15 15:15:12,16814,16814,16814,4,-4
2021-10-15 15:15:13,16814,16814,16814,2,2
2021-10-15 15:15:25,16813,16813,16813,2,-2
2021-10-15 15:15:27,16814,16814,16814,2,2
2021-10-15 15:15:27,16814,16814,16814,4,4
2021-10-15 15:15:27,16814,16814,16814,4,4
2021-10-15 15:15:27,16814,16814,16814,2,2
2021-10-15 15:15:27,16814,16814,16814,2,2
2021-10-15 15:15:27,16814,16814,16814,4,4
2021-10-15 15:15:28,16815,16815,16815,4,4
2021-10-15 15:15:29,16814,16814,16814,2,-2
2021-10-15 15:15:31,16813,16813,16813,2,-2
2021-10-15 15:15:33,16813,16813,16813,2,2
2021-10-15 15:15:34,16813,16813,16813,2,2
2021-10-15 15:15:35,16814,16814,16814,2,2
2021-10-15 15:15:35,16814,16814,16814,2,2
2021-10-15 15:15:35,16814,16814,16814,2,2
2021-10-15 15:15:37,16814,16814,16814,2,2
2021-10-15 15:15:38,16815,16815,16815,2,2
2021-10-15 15:15:39,16814,16814,16814,2,-2
2021-10-15 15:15:43,16814,16814,16814,2,2
2021-10-15 15:15:48,16814,16814,16814,4,4
2021-10-15 15:15:48,16814,16814,16814,2,2
2021-10-15 15:15:50,16814,16814,16814,8,8
2021-10-15 15:15:51,16815,16815,16815,6,6
2021-10-15 15:15:55,16813,16813,16813,2,-2
2021-10-15 15:15:56,16813,16813,16813,2,2
2021-10-15 15:15:56,16813,16813,16813,4,4
2021-10-15 15:15:56,16813,16813,16813,2,2
2021-10-15 15:15:59,16812,16812,16812,2,-2
2021-10-15 15:16:02,16812,16812,16812,2,2
2021-10-15 15:16:02,16812,16812,16812,2,2
2021-10-15 15:16:02,16812,16812,16812,10,10
2021-10-15 15:16:02,16812,16812,16812,14,14
2021-10-15 15:16:02,16812,16812,16812,2,2
2021-10-15 15:16:02,16812,16812,16812,2,2
2021-10-15 15:16:03,16812,16812,16812,2,2
2021-10-15 15:16:03,16811,16811,16811,2,-2
2021-10-15 15:16:03,16811,16811,16811,2,2
2021-10-15 15:16:03,16811,16811,16811,2,2
2021-10-15 15:16:04,16811,16811,16811,2,2
2021-10-15 15:16:05,16811,16811,16811,2,2
2021-10-15 15:16:07,16811,16811,16811,2,2
2021-10-15 15:16:08,16811,16811,16811,2,2
2021-10-15 15:16:08,16811,16811,16811,2,2
2021-10-15 15:16:08,16811,16811,16811,2,2
2021-10-15 15:16:08,16812,16812,16812,8,8
2021-10-15 15:16:08,16813,16813,16813,10,10
2021-10-15 15:16:08,16814,16814,16814,32,32
2021-10-15 15:16:08,16815,16815,16815,50,50
2021-10-15 15:16:09,16814,16814,16814,2,-2
2021-10-15 15:16:09,16815,16815,16815,2,2
2021-10-15 15:16:09,16814,16814,16814,2,-2
2021-10-15 15:16:10,16812,16812,16812,2,-2
2021-10-15 15:16:10,16812,16812,16812,2,2
2021-10-15 15:16:11,16813,16813,16813,2,2
2021-10-15 15:16:13,16812,16812,16812,2,-2
2021-10-15 15:16:14,16812,16812,16812,2,2
2021-10-15 15:16:16,16812,16812,16812,2,2
2021-10-15 15:16:18,16812,16812,16812,4,4
2021-10-15 15:16:18,16811,16811,16811,2,-2
2021-10-15 15:16:20,16811,16811,16811,2,2
2021-10-15 15:16:20,16811,16811,16811,2,2
2021-10-15 15:16:21,16811,16811,16811,2,2
2021-10-15 15:16:24,16812,16812,16812,2,2
2021-10-15 15:16:24,16813,16813,16813,2,2
2021-10-15 15:16:24,16814,16814,16814,2,2
2021-10-15 15:16:29,16812,16812,16812,2,-2
2021-10-15 15:16:31,16812,16812,16812,2,2
2021-10-15 15:16:32,16812,16812,16812,2,2
2021-10-15 15:16:32,16811,16811,16811,2,-2
2021-10-15 15:16:32,16811,16811,16811,2,2
2021-10-15 15:16:33,16811,16811,16811,2,2
2021-10-15 15:16:34,16811,16811,16811,2,2
2021-10-15 15:16:34,16811,16811,16811,4,4
2021-10-15 15:16:40,16811,16811,16811,2,2
2021-10-15 15:16:41,16811,16811,16811,2,2
2021-10-15 15:16:41,16810,16810,16810,2,-2
2021-10-15 15:16:43,16811,16811,16811,2,2
2021-10-15 15:16:43,16810,16810,16810,2,-2
2021-10-15 15:16:45,16810,16810,16810,2,2
2021-10-15 15:16:46,16810,16810,16810,2,2
2021-10-15 15:16:47,16810,16810,16810,2,2
2021-10-15 15:16:47,16810,16810,16810,2,2
2021-10-15 15:16:47,16810,16810,16810,2,2
2021-10-15 15:16:47,16810,16810,16810,2,2
2021-10-15 15:16:48,16809,16809,16809,2,-2
2021-10-15 15:16:50,16809,16809,16809,2,2
2021-10-15 15:16:50,16809,16809,16809,2,2
2021-10-15 15:16:50,16809,16809,16809,2,2
2021-10-15 15:16:50,16809,16809,16809,2,2
2021-10-15 15:16:51,16810,16810,16810,2,2
2021-10-15 15:16:52,16810,16810,16810,2,2
2021-10-15 15:16:53,16809,16809,16809,2,-2
2021-10-15 15:16:53,16809,16809,16809,2,2
2021-10-15 15:16:53,16808,16808,16808,2,-2
2021-10-15 15:16:55,16808,16808,16808,2,2
2021-10-15 15:16:55,16808,16808,16808,4,4
2021-10-15 15:16:56,16808,16808,16808,2,2
2021-10-15 15:16:57,16809,16809,16809,4,4
2021-10-15 15:16:58,16810,16810,16810,2,2
2021-10-15 15:16:59,16808,16808,16808,2,-2
2021-10-15 15:16:59,16808,16808,16808,2,2
2021-10-15 15:16:59,16808,16808,16808,2,2
2021-10-15 15:17:02,16809,16809,16809,2,2
2021-10-15 15:17:02,16808,16808,16808,2,-2
2021-10-15 15:17:03,16810,16810,16810,2,2
2021-10-15 15:17:04,16809,16809,16809,2,-2
2021-10-15 15:17:06,16808,16808,16808,2,-2
2021-10-15 15:17:08,16808,16808,16808,2,2
2021-10-15 15:17:08,16808,16808,16808,4,4
2021-10-15 15:17:08,16808,16808,16808,2,2
2021-10-15 15:17:08,16808,16808,16808,2,2
2021-10-15 15:17:08,16807,16807,16807,2,-2
2021-10-15 15:17:08,16807,16807,16807,2,2
2021-10-15 15:17:08,16807,16807,16807,2,2
2021-10-15 15:17:13,16807,16807,16807,2,2
2021-10-15 15:17:17,16807,16807,16807,2,2
2021-10-15 15:17:17,16807,16807,16807,2,2
2021-10-15 15:17:18,16807,16807,16807,2,2
2021-10-15 15:17:18,16807,16807,16807,4,4
2021-10-15 15:17:18,16807,16807,16807,2,2
2021-10-15 15:17:21,16806,16806,16806,2,-2
2021-10-15 15:17:23,16806,16806,16806,2,2
2021-10-15 15:17:24,16806,16806,16806,2,2
2021-10-15 15:17:24,16806,16806,16806,2,2
2021-10-15 15:17:26,16806,16806,16806,2,2
2021-10-15 15:17:27,16806,16806,16806,2,2
2021-10-15 15:17:28,16806,16806,16806,2,2
2021-10-15 15:17:29,16806,16806,16806,2,2
2021-10-15 15:17:30,16806,16806,16806,2,2
2021-10-15 15:17:30,16806,16806,16806,4,4
2021-10-15 15:17:31,16806,16806,16806,2,2
2021-10-15 15:17:32,16806,16806,16806,4,4
2021-10-15 15:17:34,16805,16805,16805,2,-2
2021-10-15 15:17:34,16805,16805,16805,2,2
2021-10-15 15:17:34,16805,16805,16805,2,2
2021-10-15 15:17:37,16805,16805,16805,4,4
2021-10-15 15:17:37,16805,16805,16805,2,2
2021-10-15 15:17:37,16805,16805,16805,2,2
2021-10-15 15:17:37,16805,16805,16805,2,2
2021-10-15 15:17:37,16805,16805,16805,2,2
2021-10-15 15:17:39,16805,16805,16805,2,2
2021-10-15 15:17:42,16804,16804,16804,2,-2
2021-10-15 15:17:42,16804,16804,16804,2,2
2021-10-15 15:17:42,16804,16804,16804,2,2
2021-10-15 15:17:43,16804,16804,16804,2,2
2021-10-15 15:17:43,16804,16804,16804,2,2
2021-10-15 15:17:43,16804,16804,16804,4,4
2021-10-15 15:17:43,16805,16805,16805,4,4
2021-10-15 15:17:44,16803,16803,16803,2,-2
2021-10-15 15:17:46,16804,16804,16804,2,2
2021-10-15 15:17:46,16804,16804,16804,2,2
2021-10-15 15:17:46,16804,16804,16804,2,2
2021-10-15 15:17:47,16804,16804,16804,2,2
2021-10-15 15:17:51,16805,16805,16805,2,2
2021-10-15 15:17:51,16804,16804,16804,2,-2
2021-10-15 15:17:51,16804,16804,16804,2,2
2021-10-15 15:17:52,16805,16805,16805,2,2
2021-10-15 15:17:52,16805,16805,16805,2,2
2021-10-15 15:17:53,16805,16805,16805,2,2
2021-10-15 15:17:53,16805,16805,16805,4,4
2021-10-15 15:17:54,16806,16806,16806,4,4
2021-10-15 15:17:54,16806,16806,16806,2,2
2021-10-15 15:17:54,16806,16806,16806,2,2
2021-10-15 15:17:57,16806,16806,16806,2,2
2021-10-15 15:17:57,16805,16805,16805,2,-2
2021-10-15 15:17:57,16805,16805,16805,2,2
2021-10-15 15:17:57,16805,16805,16805,2,2
2021-10-15 15:17:57,16805,16805,16805,4,4
2021-10-15 15:18:00,16804,16804,16804,2,-2
2021-10-15 15:18:02,16804,16804,16804,2,2
2021-10-15 15:18:02,16804,16804,16804,2,2
2021-10-15 15:18:02,16804,16804,16804,2,2
2021-10-15 15:18:03,16804,16804,16804,2,2
2021-10-15 15:18:03,16803,16803,16803,4,-4
2021-10-15 15:18:03,16803,16803,16803,2,2
2021-10-15 15:18:03,16803,16803,16803,2,2
2021-10-15 15:18:03,16803,16803,16803,4,4
2021-10-15 15:18:03,16803,16803,16803,6,6
2021-10-15 15:18:03,16803,16803,16803,4,4
2021-10-15 15:18:03,16802,16802,16802,2,-2
2021-10-15 15:18:03,16802,16802,16802,2,2
2021-10-15 15:18:03,16802,16802,16802,2,2
2021-10-15 15:18:03,16802,16802,16802,2,2
2021-10-15 15:18:03,16802,16802,16802,2,2
2021-10-15 15:18:03,16802,16802,16802,2,2
2021-10-15 15:18:03,16802,16802,16802,4,4
2021-10-15 15:18:03,16802,16802,16802,2,2
2021-10-15 15:18:03,16802,16802,16802,2,2
2021-10-15 15:18:03,16802,16802,16802,2,2
2021-10-15 15:18:03,16802,16802,16802,2,2
2021-10-15 15:18:03,16802,16802,16802,2,2
2021-10-15 15:18:03,16802,16802,16802,2,2
2021-10-15 15:18:03,16802,16802,16802,2,2
2021-10-15 15:18:03,16802,16802,16802,4,4
2021-10-15 15:18:03,16802,16802,16802,2,2
2021-10-15 15:18:03,16801,16801,16801,2,-2
2021-10-15 15:18:03,16801,16801,16801,2,2
2021-10-15 15:18:03,16801,16801,16801,2,2
2021-10-15 15:18:03,16801,16801,16801,4,4
2021-10-15 15:18:03,16801,16801,16801,2,2
2021-10-15 15:18:03,16801,16801,16801,4,4
2021-10-15 15:18:03,16801,16801,16801,2,2
2021-10-15 15:18:03,16801,16801,16801,2,2
2021-10-15 15:18:03,16801,16801,16801,4,4
2021-10-15 15:18:03,16801,16801,16801,2,2
2021-10-15 15:18:03,16801,16801,16801,2,2
2021-10-15 15:18:03,16801,16801,16801,2,2
2021-10-15 15:18:03,16801,16801,16801,6,6
2021-10-15 15:18:03,16801,16801,16801,2,2
2021-10-15 15:18:03,16801,16801,16801,2,2
2021-10-15 15:18:03,16801,16801,16801,4,4
2021-10-15 15:18:03,16801,16801,16801,10,10
2021-10-15 15:18:03,16801,16801,16801,18,18
2021-10-15 15:18:03,16801,16801,16801,2,2
2021-10-15 15:18:03,16801,16801,16801,10,10
2021-10-15 15:18:03,16801,16801,16801,2,2
2021-10-15 15:18:03,16800,16800,16800,2,-2
2021-10-15 15:18:03,16800,16800,16800,2,2
2021-10-15 15:18:03,16800,16800,16800,2,2
2021-10-15 15:18:03,16800,16800,16800,2,2
2021-10-15 15:18:03,16800,16800,16800,2,2
2021-10-15 15:18:03,16800,16800,16800,2,2
2021-10-15 15:18:03,16800,16800,16800,2,2
2021-10-15 15:18:03,16799,16799,16799,2,-2
2021-10-15 15:18:03,16799,16799,16799,2,2
2021-10-15 15:18:03,16799,16799,16799,2,2
2021-10-15 15:18:03,16799,16799,16799,2,2
2021-10-15 15:18:03,16799,16799,16799,2,2
2021-10-15 15:18:03,16798,16798,16798,2,-2
2021-10-15 15:18:03,16798,16798,16798,2,2
2021-10-15 15:18:03,16798,16798,16798,2,2
2021-10-15 15:18:03,16798,16798,16798,2,2
2021-10-15 15:18:03,16798,16798,16798,2,2
2021-10-15 15:18:03,16798,16798,16798,2,2
2021-10-15 15:18:03,16798,16798,16798,2,2
2021-10-15 15:18:03,16798,16798,16798,4,4
2021-10-15 15:18:03,16797,16797,16797,2,-2
2021-10-15 15:18:03,16797,16797,16797,2,2
2021-10-15 15:18:03,16797,16797,16797,2,2
2021-10-15 15:18:03,16797,16797,16797,2,2
2021-10-15 15:18:03,16797,16797,16797,2,2
2021-10-15 15:18:03,16797,16797,16797,2,2
2021-10-15 15:18:03,16797,16797,16797,2,2
2021-10-15 15:18:03,16797,16797,16797,2,2
2021-10-15 15:18:03,16797,16797,16797,2,2
2021-10-15 15:18:03,16797,16797,16797,2,2
2021-10-15 15:18:03,16797,16797,16797,2,2
2021-10-15 15:18:03,16797,16797,16797,2,2
2021-10-15 15:18:03,16797,16797,16797,2,2
2021-10-15 15:18:03,16797,16797,16797,2,2
2021-10-15 15:18:03,16797,16797,16797,2,2
2021-10-15 15:18:03,16796,16796,16796,2,-2
2021-10-15 15:18:03,16796,16796,16796,4,4
2021-10-15 15:18:03,16796,16796,16796,2,2
2021-10-15 15:18:03,16796,16796,16796,2,2
2021-10-15 15:18:04,16796,16796,16796,4,4
2021-10-15 15:18:04,16798,16798,16798,2,2
2021-10-15 15:18:04,16797,16797,16797,2,-2
2021-10-15 15:18:04,16799,16799,16799,4,4
2021-10-15 15:18:06,16798,16798,16798,2,-2
2021-10-15 15:18:08,16798,16798,16798,2,2
2021-10-15 15:18:09,16799,16799,16799,2,2
2021-10-15 15:18:11,16799,16799,16799,2,2
2021-10-15 15:18:11,16798,16798,16798,2,-2
2021-10-15 15:18:11,16798,16798,16798,2,2
2021-10-15 15:18:12,16799,16799,16799,2,2
2021-10-15 15:18:12,16799,16799,16799,2,2
2021-10-15 15:18:12,16800,16800,16800,10,10
2021-10-15 15:18:13,16798,16798,16798,2,-2
2021-10-15 15:18:14,16799,16799,16799,2,2
2021-10-15 15:18:15,16798,16798,16798,2,-2
2021-10-15 15:18:16,16798,16798,16798,4,4
2021-10-15 15:18:16,16798,16798,16798,4,4
2021-10-15 15:18:16,16798,16798,16798,2,2
2021-10-15 15:18:17,16797,16797,16797,2,-2
2021-10-15 15:18:18,16797,16797,16797,2,2
2021-10-15 15:18:22,16796,16796,16796,2,-2
2021-10-15 15:18:22,16796,16796,16796,2,2
2021-10-15 15:18:23,16797,16797,16797,2,2
2021-10-15 15:18:23,16796,16796,16796,2,-2
2021-10-15 15:18:24,16796,16796,16796,2,2
2021-10-15 15:18:27,16795,16795,16795,2,-2
2021-10-15 15:18:27,16795,16795,16795,2,2
2021-10-15 15:18:27,16795,16795,16795,2,2
2021-10-15 15:18:29,16795,16795,16795,2,2
2021-10-15 15:18:29,16795,16795,16795,2,2
2021-10-15 15:18:29,16795,16795,16795,2,2
2021-10-15 15:18:29,16795,16795,16795,2,2
2021-10-15 15:18:29,16795,16795,16795,2,2
2021-10-15 15:18:30,16794,16794,16794,2,-2
2021-10-15 15:18:30,16793,16793,16793,2,-2
2021-10-15 15:18:30,16793,16793,16793,2,2
2021-10-15 15:18:30,16793,16793,16793,2,2
2021-10-15 15:18:30,16793,16793,16793,2,2
2021-10-15 15:18:30,16793,16793,16793,2,2
2021-10-15 15:18:30,16792,16792,16792,2,-2
2021-10-15 15:18:30,16792,16792,16792,2,2
2021-10-15 15:18:30,16792,16792,16792,2,2
2021-10-15 15:18:30,16792,16792,16792,2,2
2021-10-15 15:18:30,16792,16792,16792,2,2
2021-10-15 15:18:30,16792,16792,16792,2,2
2021-10-15 15:18:30,16792,16792,16792,2,2
2021-10-15 15:18:30,16792,16792,16792,2,2
2021-10-15 15:18:30,16792,16792,16792,2,2
2021-10-15 15:18:30,16792,16792,16792,2,2
2021-10-15 15:18:30,16792,16792,16792,2,2
2021-10-15 15:18:30,16791,16791,16791,2,-2
2021-10-15 15:18:30,16791,16791,16791,2,2
2021-10-15 15:18:30,16791,16791,16791,2,2
2021-10-15 15:18:30,16791,16791,16791,2,2
2021-10-15 15:18:30,16791,16791,16791,2,2
2021-10-15 15:18:30,16791,16791,16791,2,2
2021-10-15 15:18:30,16791,16791,16791,2,2
2021-10-15 15:18:30,16791,16791,16791,2,2
2021-10-15 15:18:30,16792,16792,16792,2,2
2021-10-15 15:18:30,16791,16791,16791,2,-2
2021-10-15 15:18:30,16791,16791,16791,2,2
2021-10-15 15:18:30,16791,16791,16791,2,2
2021-10-15 15:18:30,16791,16791,16791,2,2
2021-10-15 15:18:30,16791,16791,16791,2,2
2021-10-15 15:18:33,16794,16794,16794,2,2
2021-10-15 15:18:33,16794,16794,16794,2,2
2021-10-15 15:18:34,16794,16794,16794,2,2
2021-10-15 15:18:35,16794,16794,16794,2,2
2021-10-15 15:18:35,16794,16794,16794,4,4
2021-10-15 15:18:35,16794,16794,16794,4,4
2021-10-15 15:18:35,16794,16794,16794,2,2
2021-10-15 15:18:36,16795,16795,16795,2,2
2021-10-15 15:18:37,16794,16794,16794,2,-2
2021-10-15 15:18:39,16794,16794,16794,2,2
2021-10-15 15:18:42,16793,16793,16793,2,-2
2021-10-15 15:18:42,16793,16793,16793,2,2
2021-10-15 15:18:42,16793,16793,16793,2,2
2021-10-15 15:18:43,16794,16794,16794,2,2
2021-10-15 15:18:44,16793,16793,16793,2,-2
2021-10-15 15:18:45,16793,16793,16793,2,2
2021-10-15 15:18:47,16793,16793,16793,2,2
2021-10-15 15:18:47,16793,16793,16793,2,2
2021-10-15 15:18:47,16794,16794,16794,2,2
2021-10-15 15:18:47,16793,16793,16793,2,-2
2021-10-15 15:18:49,16793,16793,16793,2,2
2021-10-15 15:18:50,16793,16793,16793,2,2
2021-10-15 15:18:50,16793,16793,16793,2,2
2021-10-15 15:18:52,16792,16792,16792,2,-2
2021-10-15 15:18:52,16793,16793,16793,2,2
2021-10-15 15:18:53,16792,16792,16792,2,-2
2021-10-15 15:18:53,16792,16792,16792,2,2
2021-10-15 15:18:53,16792,16792,16792,2,2
2021-10-15 15:18:54,16791,16791,16791,2,-2
2021-10-15 15:18:54,16791,16791,16791,2,2
2021-10-15 15:18:55,16791,16791,16791,2,2
2021-10-15 15:18:56,16790,16790,16790,2,-2
2021-10-15 15:18:56,16790,16790,16790,2,2
2021-10-15 15:18:56,16791,16791,16791,2,2
2021-10-15 15:18:57,16791,16791,16791,4,4
2021-10-15 15:18:58,16790,16790,16790,2,-2
2021-10-15 15:18:59,16790,16790,16790,2,2
2021-10-15 15:19:00,16790,16790,16790,2,2
2021-10-15 15:19:00,16790,16790,16790,2,2
2021-10-15 15:19:01,16790,16790,16790,2,2
2021-10-15 15:19:01,16790,16790,16790,4,4
2021-10-15 15:19:02,16791,16791,16791,8,8
2021-10-15 15:19:02,16791,16791,16791,4,4
2021-10-15 15:19:02,16791,16791,16791,2,2
2021-10-15 15:19:02,16791,16791,16791,10,10
2021-10-15 15:19:03,16791,16791,16791,2,2
2021-10-15 15:19:03,16791,16791,16791,2,2
2021-10-15 15:19:05,16790,16790,16790,2,-2
2021-10-15 15:19:08,16791,16791,16791,2,2
2021-10-15 15:19:10,16790,16790,16790,2,-2
2021-10-15 15:19:11,16791,16791,16791,4,4
2021-10-15 15:19:11,16791,16791,16791,2,2
2021-10-15 15:19:11,16791,16791,16791,2,2
2021-10-15 15:19:11,16791,16791,16791,4,4
2021-10-15 15:19:12,16791,16791,16791,2,2
2021-10-15 15:19:12,16791,16791,16791,2,2
2021-10-15 15:19:12,16791,16791,16791,2,2
2021-10-15 15:19:13,16791,16791,16791,2,2
2021-10-15 15:19:14,16792,16792,16792,2,2
2021-10-15 15:19:17,16792,16792,16792,2,2
2021-10-15 15:19:20,16792,16792,16792,2,2
2021-10-15 15:19:20,16792,16792,16792,2,2
2021-10-15 15:19:21,16793,16793,16793,4,4
2021-10-15 15:19:21,16793,16793,16793,2,2
2021-10-15 15:19:22,16793,16793,16793,2,2
2021-10-15 15:19:22,16792,16792,16792,2,-2
2021-10-15 15:19:26,16793,16793,16793,4,4
2021-10-15 15:19:27,16793,16793,16793,2,2
2021-10-15 15:19:28,16793,16793,16793,2,2
2021-10-15 15:19:30,16793,16793,16793,2,2
2021-10-15 15:19:31,16792,16792,16792,2,-2
2021-10-15 15:19:31,16792,16792,16792,2,2
2021-10-15 15:19:31,16792,16792,16792,2,2
2021-10-15 15:19:31,16792,16792,16792,4,4
2021-10-15 15:19:31,16792,16792,16792,2,2
2021-10-15 15:19:31,16792,16792,16792,2,2
2021-10-15 15:19:31,16792,16792,16792,4,4
2021-10-15 15:19:31,16792,16792,16792,2,2
2021-10-15 15:19:31,16792,16792,16792,2,2
2021-10-15 15:19:31,16792,16792,16792,6,6
2021-10-15 15:19:34,16792,16792,16792,2,2
2021-10-15 15:19:34,16792,16792,16792,2,2
2021-10-15 15:19:36,16792,16792,16792,2,2
2021-10-15 15:19:37,16792,16792,16792,2,2
2021-10-15 15:19:37,16792,16792,16792,2,2
2021-10-15 15:19:38,16792,16792,16792,2,2
2021-10-15 15:19:39,16792,16792,16792,2,2
2021-10-15 15:19:39,16792,16792,16792,2,2
2021-10-15 15:19:40,16792,16792,16792,2,2
2021-10-15 15:19:42,16792,16792,16792,14,14
2021-10-15 15:19:42,16792,16792,16792,2,2
2021-10-15 15:19:42,16791,16791,16791,2,-2
2021-10-15 15:19:42,16791,16791,16791,2,2
2021-10-15 15:19:42,16791,16791,16791,2,2
2021-10-15 15:19:43,16792,16792,16792,2,2
2021-10-15 15:19:43,16791,16791,16791,2,-2
2021-10-15 15:19:46,16790,16790,16790,2,-2
2021-10-15 15:19:46,16790,16790,16790,2,2
2021-10-15 15:19:46,16790,16790,16790,4,4
2021-10-15 15:19:47,16791,16791,16791,2,2
2021-10-15 15:19:49,16790,16790,16790,2,-2
2021-10-15 15:19:50,16790,16790,16790,2,2
2021-10-15 15:19:51,16790,16790,16790,2,2
2021-10-15 15:19:51,16791,16791,16791,2,2
2021-10-15 15:19:52,16790,16790,16790,2,-2
2021-10-15 15:19:54,16790,16790,16790,2,2
2021-10-15 15:19:55,16790,16790,16790,2,2
2021-10-15 15:19:56,16790,16790,16790,2,2
2021-10-15 15:19:57,16790,16790,16790,2,2
2021-10-15 15:19:57,16790,16790,16790,2,2
2021-10-15 15:19:57,16790,16790,16790,2,2
2021-10-15 15:19:57,16790,16790,16790,2,2
2021-10-15 15:19:57,16790,16790,16790,2,2
2021-10-15 15:19:57,16790,16790,16790,2,2
2021-10-15 15:19:58,16790,16790,16790,2,2
2021-10-15 15:19:59,16790,16790,16790,2,2
2021-10-15 15:20:01,16790,16790,16790,2,2
2021-10-15 15:20:01,16789,16789,16789,2,-2
2021-10-15 15:20:01,16789,16789,16789,2,2
2021-10-15 15:20:01,16789,16789,16789,2,2
2021-10-15 15:20:01,16789,16789,16789,4,4
2021-10-15 15:20:01,16789,16789,16789,6,6
2021-10-15 15:20:01,16789,16789,16789,10,10
2021-10-15 15:20:02,16789,16789,16789,2,2
2021-10-15 15:20:02,16788,16788,16788,2,-2
2021-10-15 15:20:02,16788,16788,16788,2,2
2021-10-15 15:20:02,16788,16788,16788,2,2
2021-10-15 15:20:02,16788,16788,16788,2,2
2021-10-15 15:20:02,16788,16788,16788,2,2
2021-10-15 15:20:02,16788,16788,16788,2,2
2021-10-15 15:20:02,16789,16789,16789,2,2
2021-10-15 15:20:02,16788,16788,16788,2,-2
2021-10-15 15:20:02,16788,16788,16788,2,2
2021-10-15 15:20:02,16788,16788,16788,2,2
2021-10-15 15:20:02,16788,16788,16788,2,2
2021-10-15 15:20:02,16788,16788,16788,10,10
2021-10-15 15:20:02,16788,16788,16788,2,2
2021-10-15 15:20:02,16787,16787,16787,2,-2
2021-10-15 15:20:02,16786,16786,16786,2,-2
2021-10-15 15:20:02,16786,16786,16786,2,2
2021-10-15 15:20:02,16786,16786,16786,2,2
2021-10-15 15:20:02,16786,16786,16786,8,8
2021-10-15 15:20:02,16786,16786,16786,2,2
2021-10-15 15:20:02,16785,16785,16785,2,-2
2021-10-15 15:20:02,16785,16785,16785,2,2
2021-10-15 15:20:02,16785,16785,16785,2,2
2021-10-15 15:20:02,16785,16785,16785,2,2
2021-10-15 15:20:02,16785,16785,16785,4,4
2021-10-15 15:20:02,16785,16785,16785,2,2
2021-10-15 15:20:02,16784,16784,16784,2,-2
2021-10-15 15:20:03,16784,16784,16784,2,2
2021-10-15 15:20:03,16784,16784,16784,2,2
2021-10-15 15:20:03,16784,16784,16784,2,2
2021-10-15 15:20:03,16784,16784,16784,4,4
2021-10-15 15:20:03,16784,16784,16784,2,2
2021-10-15 15:20:03,16784,16784,16784,2,2
2021-10-15 15:20:03,16784,16784,16784,2,2
2021-10-15 15:20:03,16783,16783,16783,2,-2
2021-10-15 15:20:03,16783,16783,16783,2,2
2021-10-15 15:20:03,16783,16783,16783,2,2
2021-10-15 15:20:03,16783,16783,16783,2,2
2021-10-15 15:20:03,16783,16783,16783,2,2
2021-10-15 15:20:03,16783,16783,16783,2,2
2021-10-15 15:20:03,16783,16783,16783,2,2
2021-10-15 15:20:03,16783,16783,16783,2,2
2021-10-15 15:20:03,16782,16782,16782,2,-2
2021-10-15 15:20:03,16782,16782,16782,2,2
2021-10-15 15:20:03,16782,16782,16782,2,2
2021-10-15 15:20:03,16782,16782,16782,2,2
2021-10-15 15:20:03,16782,16782,16782,2,2
2021-10-15 15:20:03,16782,16782,16782,2,2
2021-10-15 15:20:03,16782,16782,16782,2,2
2021-10-15 15:20:03,16782,16782,16782,2,2
2021-10-15 15:20:03,16782,16782,16782,4,4
2021-10-15 15:20:03,16782,16782,16782,2,2
2021-10-15 15:20:03,16782,16782,16782,2,2
2021-10-15 15:20:03,16782,16782,16782,2,2
2021-10-15 15:20:04,16784,16784,16784,2,2
2021-10-15 15:20:04,16782,16782,16782,2,-2
2021-10-15 15:20:04,16782,16782,16782,2,2
2021-10-15 15:20:04,16782,16782,16782,2,2
2021-10-15 15:20:04,16782,16782,16782,4,4
2021-10-15 15:20:04,16782,16782,16782,2,2
2021-10-15 15:20:04,16781,16781,16781,2,-2
2021-10-15 15:20:04,16781,16781,16781,2,2
2021-10-15 15:20:04,16781,16781,16781,2,2
2021-10-15 15:20:04,16781,16781,16781,6,6
2021-10-15 15:20:05,16783,16783,16783,2,2
2021-10-15 15:20:05,16781,16781,16781,4,-4
2021-10-15 15:20:06,16783,16783,16783,2,2
2021-10-15 15:20:06,16781,16781,16781,2,-2
2021-10-15 15:20:06,16782,16782,16782,2,2
2021-10-15 15:20:06,16781,16781,16781,2,-2
2021-10-15 15:20:07,16783,16783,16783,2,2
2021-10-15 15:20:07,16781,16781,16781,2,-2
2021-10-15 15:20:07,16781,16781,16781,2,2
2021-10-15 15:20:08,16781,16781,16781,2,2
2021-10-15 15:20:10,16782,16782,16782,2,2
2021-10-15 15:20:10,16782,16782,16782,2,2
2021-10-15 15:20:10,16782,16782,16782,2,2
2021-10-15 15:20:11,16782,16782,16782,2,2
2021-10-15 15:20:11,16782,16782,16782,2,2
2021-10-15 15:20:11,16782,16782,16782,2,2
2021-10-15 15:20:11,16781,16781,16781,4,-4
2021-10-15 15:20:11,16781,16781,16781,4,4
2021-10-15 15:20:11,16781,16781,16781,2,2
2021-10-15 15:20:11,16781,16781,16781,2,2
2021-10-15 15:20:11,16781,16781,16781,2,2
2021-10-15 15:20:11,16781,16781,16781,4,4
2021-10-15 15:20:11,16782,16782,16782,4,4
2021-10-15 15:20:11,16783,16783,16783,2,2
2021-10-15 15:20:12,16781,16781,16781,2,-2
2021-10-15 15:20:13,16781,16781,16781,2,2
2021-10-15 15:20:13,16781,16781,16781,2,2
2021-10-15 15:20:13,16781,16781,16781,4,4
2021-10-15 15:20:13,16781,16781,16781,2,2
2021-10-15 15:20:13,16781,16781,16781,4,4
2021-10-15 15:20:13,16780,16780,16780,2,-2
2021-10-15 15:20:13,16780,16780,16780,2,2
2021-10-15 15:20:13,16780,16780,16780,2,2
2021-10-15 15:20:14,16780,16780,16780,4,4
2021-10-15 15:20:14,16780,16780,16780,2,2
2021-10-15 15:20:14,16780,16780,16780,2,2
2021-10-15 15:20:14,16780,16780,16780,2,2
2021-10-15 15:20:14,16780,16780,16780,6,6
2021-10-15 15:20:14,16780,16780,16780,8,8
2021-10-15 15:20:14,16780,16780,16780,4,4
2021-10-15 15:20:14,16780,16780,16780,2,2
2021-10-15 15:20:14,16780,16780,16780,10,10
2021-10-15 15:20:14,16780,16780,16780,2,2
2021-10-15 15:20:15,16781,16781,16781,2,2
2021-10-15 15:20:15,16780,16780,16780,2,-2
2021-10-15 15:20:15,16780,16780,16780,4,4
2021-10-15 15:20:16,16780,16780,16780,2,2
2021-10-15 15:20:16,16780,16780,16780,2,2
2021-10-15 15:20:16,16780,16780,16780,2,2
2021-10-15 15:20:16,16780,16780,16780,2,2
2021-10-15 15:20:16,16780,16780,16780,2,2
2021-10-15 15:20:16,16780,16780,16780,4,4
2021-10-15 15:20:16,16780,16780,16780,2,2
2021-10-15 15:20:16,16780,16780,16780,2,2
2021-10-15 15:20:16,16780,16780,16780,2,2
2021-10-15 15:20:16,16780,16780,16780,2,2
2021-10-15 15:20:16,16780,16780,16780,2,2
2021-10-15 15:20:16,16780,16780,16780,2,2
2021-10-15 15:20:16,16780,16780,16780,2,2
2021-10-15 15:20:16,16780,16780,16780,4,4
2021-10-15 15:20:16,16780,16780,16780,2,2
2021-10-15 15:20:16,16780,16780,16780,2,2
2021-10-15 15:20:16,16780,16780,16780,2,2
2021-10-15 15:20:16,16780,16780,16780,2,2
2021-10-15 15:20:16,16780,16780,16780,2,2
2021-10-15 15:20:16,16780,16780,16780,2,2
2021-10-15 15:20:16,16779,16779,16779,2,-2
2021-10-15 15:20:16,16779,16779,16779,2,2
2021-10-15 15:20:16,16779,16779,16779,2,2
2021-10-15 15:20:17,16778,16778,16778,2,-2
2021-10-15 15:20:17,16778,16778,16778,2,2
2021-10-15 15:20:17,16777,16777,16777,2,-2
2021-10-15 15:20:17,16777,16777,16777,2,2
2021-10-15 15:20:17,16777,16777,16777,2,2
2021-10-15 15:20:18,16778,16778,16778,2,2
2021-10-15 15:20:18,16778,16778,16778,2,2
2021-10-15 15:20:18,16778,16778,16778,2,2
2021-10-15 15:20:18,16778,16778,16778,2,2
2021-10-15 15:20:18,16777,16777,16777,2,-2
2021-10-15 15:20:19,16777,16777,16777,2,2
2021-10-15 15:20:19,16778,16778,16778,4,4
2021-10-15 15:20:19,16779,16779,16779,8,8
2021-10-15 15:20:19,16780,16780,16780,8,8
2021-10-15 15:20:19,16779,16779,16779,2,-2
2021-10-15 15:20:19,16780,16780,16780,2,2
2021-10-15 15:20:20,16778,16778,16778,2,-2
2021-10-15 15:20:22,16778,16778,16778,2,2
2021-10-15 15:20:22,16778,16778,16778,2,2
2021-10-15 15:20:22,16778,16778,16778,2,2
2021-10-15 15:20:22,16777,16777,16777,2,-2
2021-10-15 15:20:23,16778,16778,16778,2,2
2021-10-15 15:20:23,16777,16777,16777,2,-2
2021-10-15 15:20:24,16776,16776,16776,2,-2
2021-10-15 15:20:24,16776,16776,16776,2,2
2021-10-15 15:20:24,16776,16776,16776,4,4
2021-10-15 15:20:24,16776,16776,16776,6,6
2021-10-15 15:20:25,16776,16776,16776,2,2
2021-10-15 15:20:25,16775,16775,16775,4,-4
2021-10-15 15:20:25,16775,16775,16775,2,2
2021-10-15 15:20:26,16775,16775,16775,2,2
2021-10-15 15:20:26,16775,16775,16775,2,2
2021-10-15 15:20:26,16775,16775,16775,2,2
2021-10-15 15:20:26,16775,16775,16775,2,2
2021-10-15 15:20:26,16774,16774,16774,2,-2
2021-10-15 15:20:26,16774,16774,16774,2,2
2021-10-15 15:20:27,16775,16775,16775,2,2
2021-10-15 15:20:27,16775,16775,16775,2,2
2021-10-15 15:20:27,16775,16775,16775,2,2
2021-10-15 15:20:27,16775,16775,16775,2,2
2021-10-15 15:20:27,16774,16774,16774,2,-2
2021-10-15 15:20:27,16776,16776,16776,2,2
2021-10-15 15:20:27,16775,16775,16775,2,-2
2021-10-15 15:20:30,16775,16775,16775,2,2
2021-10-15 15:20:30,16775,16775,16775,2,2
2021-10-15 15:20:30,16775,16775,16775,2,2
2021-10-15 15:20:30,16775,16775,16775,2,2
2021-10-15 15:20:30,16776,16776,16776,2,2
2021-10-15 15:20:30,16775,16775,16775,2,-2
2021-10-15 15:20:31,16775,16775,16775,2,2
2021-10-15 15:20:31,16774,16774,16774,4,-4
2021-10-15 15:20:31,16775,16775,16775,2,2
2021-10-15 15:20:32,16774,16774,16774,2,-2
2021-10-15 15:20:32,16773,16773,16773,2,-2
2021-10-15 15:20:32,16773,16773,16773,2,2
2021-10-15 15:20:32,16773,16773,16773,2,2
2021-10-15 15:20:33,16775,16775,16775,6,6
2021-10-15 15:20:33,16775,16775,16775,2,2
2021-10-15 15:20:33,16775,16775,16775,2,2
2021-10-15 15:20:34,16774,16774,16774,2,-2
2021-10-15 15:20:35,16774,16774,16774,2,2
2021-10-15 15:20:36,16774,16774,16774,2,2
2021-10-15 15:20:39,16774,16774,16774,2,2
2021-10-15 15:20:39,16775,16775,16775,10,10
2021-10-15 15:20:40,16775,16775,16775,2,2
2021-10-15 15:20:40,16774,16774,16774,2,-2
2021-10-15 15:20:40,16774,16774,16774,2,2
2021-10-15 15:20:40,16774,16774,16774,2,2
2021-10-15 15:20:40,16773,16773,16773,2,-2
2021-10-15 15:20:40,16773,16773,16773,2,2
2021-10-15 15:20:41,16774,16774,16774,2,2
2021-10-15 15:20:41,16774,16774,16774,2,2
2021-10-15 15:20:43,16774,16774,16774,2,2
2021-10-15 15:20:44,16774,16774,16774,2,2
2021-10-15 15:20:44,16773,16773,16773,2,-2
2021-10-15 15:20:44,16773,16773,16773,2,2
2021-10-15 15:20:45,16773,16773,16773,2,2
2021-10-15 15:20:45,16773,16773,16773,2,2
2021-10-15 15:20:45,16773,16773,16773,2,2
2021-10-15 15:20:46,16773,16773,16773,2,2
2021-10-15 15:20:46,16773,16773,16773,2,2
2021-10-15 15:20:46,16773,16773,16773,2,2
2021-10-15 15:20:46,16774,16774,16774,10,10
2021-10-15 15:20:46,16773,16773,16773,2,-2
2021-10-15 15:20:46,16773,16773,16773,2,2
2021-10-15 15:20:47,16773,16773,16773,2,2
2021-10-15 15:20:48,16773,16773,16773,2,2
2021-10-15 15:20:48,16773,16773,16773,2,2
2021-10-15 15:20:48,16773,16773,16773,2,2
2021-10-15 15:20:49,16773,16773,16773,2,2
2021-10-15 15:20:49,16772,16772,16772,2,-2
2021-10-15 15:20:49,16772,16772,16772,2,2
2021-10-15 15:20:50,16772,16772,16772,2,2
2021-10-15 15:20:50,16772,16772,16772,2,2
2021-10-15 15:20:50,16772,16772,16772,2,2
2021-10-15 15:20:50,16772,16772,16772,2,2
2021-10-15 15:20:50,16773,16773,16773,2,2
2021-10-15 15:20:52,16773,16773,16773,4,4
2021-10-15 15:20:54,16773,16773,16773,2,2
2021-10-15 15:20:55,16774,16774,16774,6,6
2021-10-15 15:20:56,16775,16775,16775,2,2
2021-10-15 15:20:56,16775,16775,16775,10,10
2021-10-15 15:20:56,16775,16775,16775,2,2
2021-10-15 15:20:56,16774,16774,16774,2,-2
2021-10-15 15:20:57,16774,16774,16774,2,2
2021-10-15 15:20:57,16774,16774,16774,2,2
2021-10-15 15:20:57,16776,16776,16776,4,4
2021-10-15 15:20:57,16776,16776,16776,4,4
2021-10-15 15:20:58,16777,16777,16777,2,2
2021-10-15 15:20:59,16775,16775,16775,2,-2
2021-10-15 15:20:59,16775,16775,16775,4,4
2021-10-15 15:20:59,16775,16775,16775,2,2
2021-10-15 15:21:01,16775,16775,16775,2,2
2021-10-15 15:21:02,16774,16774,16774,2,-2
2021-10-15 15:21:02,16774,16774,16774,2,2
2021-10-15 15:21:03,16774,16774,16774,2,2
2021-10-15 15:21:04,16774,16774,16774,2,2
2021-10-15 15:21:04,16774,16774,16774,2,2
2021-10-15 15:21:04,16774,16774,16774,2,2
2021-10-15 15:21:04,16775,16775,16775,2,2
2021-10-15 15:21:04,16774,16774,16774,2,-2
2021-10-15 15:21:04,16775,16775,16775,2,2
2021-10-15 15:21:07,16775,16775,16775,2,2
2021-10-15 15:21:08,16775,16775,16775,2,2
2021-10-15 15:21:10,16774,16774,16774,2,-2
2021-10-15 15:21:11,16774,16774,16774,2,2
2021-10-15 15:21:11,16775,16775,16775,10,10
2021-10-15 15:21:13,16774,16774,16774,2,-2
2021-10-15 15:21:14,16775,16775,16775,4,4
2021-10-15 15:21:14,16775,16775,16775,2,2
2021-10-15 15:21:14,16774,16774,16774,2,-2
2021-10-15 15:21:15,16774,16774,16774,2,2
2021-10-15 15:21:16,16774,16774,16774,2,2
2021-10-15 15:21:17,16775,16775,16775,2,2
2021-10-15 15:21:17,16775,16775,16775,2,2
2021-10-15 15:21:18,16775,16775,16775,2,2
2021-10-15 15:21:20,16774,16774,16774,2,-2
2021-10-15 15:21:20,16774,16774,16774,2,2
2021-10-15 15:21:21,16775,16775,16775,2,2
2021-10-15 15:21:21,16775,16775,16775,2,2
2021-10-15 15:21:22,16775,16775,16775,2,2
2021-10-15 15:21:23,16775,16775,16775,2,2
2021-10-15 15:21:24,16776,16776,16776,8,8
2021-10-15 15:21:27,16777,16777,16777,4,4
2021-10-15 15:21:27,16776,16776,16776,2,-2
2021-10-15 15:21:29,16776,16776,16776,2,2
2021-10-15 15:21:29,16776,16776,16776,2,2
2021-10-15 15:21:31,16776,16776,16776,2,2
2021-10-15 15:21:33,16776,16776,16776,2,2
2021-10-15 15:21:33,16776,16776,16776,2,2
2021-10-15 15:21:34,16777,16777,16777,2,2
2021-10-15 15:21:35,16777,16777,16777,2,2
2021-10-15 15:21:37,16776,16776,16776,2,-2
2021-10-15 15:21:38,16776,16776,16776,2,2
2021-10-15 15:21:42,16775,16775,16775,2,-2
2021-10-15 15:21:42,16776,16776,16776,2,2
2021-10-15 15:21:42,16776,16776,16776,2,2
2021-10-15 15:21:42,16776,16776,16776,2,2
2021-10-15 15:21:42,16776,16776,16776,14,14
2021-10-15 15:21:44,16777,16777,16777,2,2
2021-10-15 15:21:44,16777,16777,16777,2,2
2021-10-15 15:21:44,16776,16776,16776,2,-2
2021-10-15 15:21:44,16778,16778,16778,4,4
2021-10-15 15:21:46,16777,16777,16777,4,-4
2021-10-15 15:21:48,16777,16777,16777,2,2
2021-10-15 15:21:49,16776,16776,16776,2,-2
2021-10-15 15:21:49,16777,16777,16777,2,2
2021-10-15 15:21:50,16777,16777,16777,2,2
2021-10-15 15:21:51,16778,16778,16778,10,10
2021-10-15 15:21:53,16776,16776,16776,2,-2
2021-10-15 15:21:55,16777,16777,16777,2,2
2021-10-15 15:21:55,16777,16777,16777,2,2
2021-10-15 15:21:56,16777,16777,16777,2,2
2021-10-15 15:21:56,16777,16777,16777,4,4
2021-10-15 15:21:58,16776,16776,16776,2,-2
2021-10-15 15:21:58,16776,16776,16776,2,2
2021-10-15 15:21:58,16776,16776,16776,2,2
2021-10-15 15:21:58,16776,16776,16776,2,2
2021-10-15 15:21:59,16776,16776,16776,4,4
2021-10-15 15:21:59,16777,16777,16777,6,6
2021-10-15 15:22:00,16776,16776,16776,2,-2
2021-10-15 15:22:01,16776,16776,16776,2,2
2021-10-15 15:22:02,16776,16776,16776,2,2
2021-10-15 15:22:03,16776,16776,16776,2,2
2021-10-15 15:22:03,16776,16776,16776,2,2
2021-10-15 15:22:03,16777,16777,16777,2,2
2021-10-15 15:22:05,16776,16776,16776,2,-2
2021-10-15 15:22:07,16776,16776,16776,2,2
2021-10-15 15:22:07,16777,16777,16777,12,12
2021-10-15 15:22:07,16778,16778,16778,8,8
2021-10-15 15:22:08,16779,16779,16779,2,2
2021-10-15 15:22:08,16780,16780,16780,20,20
2021-10-15 15:22:08,16780,16780,16780,2,2
2021-10-15 15:22:08,16781,16781,16781,6,6
2021-10-15 15:22:08,16782,16782,16782,2,2
2021-10-15 15:22:08,16782,16782,16782,2,2
2021-10-15 15:22:08,16783,16783,16783,2,2
2021-10-15 15:22:09,16783,16783,16783,2,2
2021-10-15 15:22:09,16783,16783,16783,2,2
2021-10-15 15:22:11,16781,16781,16781,2,-2
2021-10-15 15:22:11,16781,16781,16781,2,2
2021-10-15 15:22:12,16781,16781,16781,2,2
2021-10-15 15:22:12,16781,16781,16781,4,4
