2024-11-27 15:00:00.014,22395,22400,22395,83,-83
2024-11-27 15:00:00.016,22389,22396,22389,1,-1
2024-11-27 15:00:00.016,22389,22396,22387,1,-1
2024-11-27 15:00:00.026,22389,22396,22395,1,1
2024-11-27 15:00:00.070,22386,22396,22396,2,2
2024-11-27 15:00:00.077,22386,22396,22395,2,2
2024-11-27 15:00:00.077,22386,22396,22396,1,1
2024-11-27 15:00:00.103,22386,22397,22393,1,1
2024-11-27 15:00:00.112,22386,22397,22394,1,1
2024-11-27 15:00:00.119,22386,22397,22390,1,-1
2024-11-27 15:00:00.127,22386,22397,22396,2,2
2024-11-27 15:00:00.207,22391,22395,22391,1,-1
2024-11-27 15:00:00.214,22391,22395,22394,1,1
2024-11-27 15:00:00.223,22391,22395,22395,1,1
2024-11-27 15:00:00.253,22391,22395,22392,1,-1
2024-11-27 15:00:00.256,22391,22395,22395,1,1
2024-11-27 15:00:00.302,22390,22394,22390,1,-1
2024-11-27 15:00:00.342,22390,22394,22389,1,-1
2024-11-27 15:00:00.346,22390,22394,22388,1,-1
2024-11-27 15:00:00.352,22390,22394,22386,1,-1
2024-11-27 15:00:00.400,22390,22394,22392,1,-1
2024-11-27 15:00:00.402,22390,22394,22393,1,1
2024-11-27 15:00:00.409,22390,22394,22386,2,-2
2024-11-27 15:00:00.423,22386,22394,22394,1,1
2024-11-27 15:00:00.491,22386,22394,22395,1,1
2024-11-27 15:00:00.491,22386,22394,22396,1,1
2024-11-27 15:00:00.504,22386,22394,22396,2,2
2024-11-27 15:00:00.509,22386,22394,22386,2,-2
2024-11-27 15:00:00.585,22383,22396,22396,2,2
2024-11-27 15:00:00.590,22383,22396,22396,2,2
2024-11-27 15:00:00.622,22383,22396,22384,2,-2
2024-11-27 15:00:00.622,22383,22396,22383,2,-2
2024-11-27 15:00:00.628,22383,22396,22396,1,1
2024-11-27 15:00:00.640,22383,22396,22396,1,1
2024-11-27 15:00:00.660,22383,22396,22397,1,1
2024-11-27 15:00:00.660,22383,22396,22397,1,1
2024-11-27 15:00:00.677,22383,22397,22383,1,-1
2024-11-27 15:00:00.692,22383,22397,22397,1,1
2024-11-27 15:00:00.699,22383,22397,22397,1,1
2024-11-27 15:00:00.714,22383,22397,22397,1,1
2024-11-27 15:00:00.814,22381,22396,22381,4,-4
2024-11-27 15:00:00.852,22381,22396,22396,1,1
2024-11-27 15:00:00.902,22381,22396,22396,1,1
2024-11-27 15:00:00.910,22381,22396,22395,1,1
2024-11-27 15:00:00.910,22381,22396,22396,1,1
2024-11-27 15:00:00.918,22381,22396,22387,1,-1
2024-11-27 15:00:00.999,22381,22396,22396,1,1
2024-11-27 15:00:01.027,22381,22396,22396,1,1
2024-11-27 15:00:01.128,22381,22397,22396,1,1
2024-11-27 15:00:01.242,22381,22396,22397,1,1
2024-11-27 15:00:01.242,22381,22396,22398,3,3
2024-11-27 15:00:01.258,22381,22396,22398,1,1
2024-11-27 15:00:01.351,22395,22399,22399,7,7
2024-11-27 15:00:01.352,22395,22399,22400,32,32
2024-11-27 15:00:01.353,22395,22399,22400,2,2
2024-11-27 15:00:01.353,22395,22399,22400,1,1
2024-11-27 15:00:01.353,22395,22399,22400,2,2
2024-11-27 15:00:01.395,22395,22399,22401,1,1
2024-11-27 15:00:01.428,22398,22401,22398,1,-1
2024-11-27 15:00:01.550,22398,22400,22400,1,1
2024-11-27 15:00:01.559,22398,22400,22398,1,-1
2024-11-27 15:00:01.653,22398,22400,22397,1,-1
2024-11-27 15:00:01.668,22397,22400,22400,1,1
2024-11-27 15:00:01.668,22397,22400,22397,2,-2
2024-11-27 15:00:01.668,22397,22400,22400,1,1
2024-11-27 15:00:01.682,22397,22400,22401,5,5
2024-11-27 15:00:01.682,22397,22400,22402,5,5
2024-11-27 15:00:01.682,22397,22400,22400,2,2
2024-11-27 15:00:01.774,22397,22400,22396,2,-2
2024-11-27 15:00:01.774,22397,22400,22395,2,-2
2024-11-27 15:00:01.774,22397,22400,22394,4,-4
2024-11-27 15:00:01.819,22394,22402,22394,6,-6
2024-11-27 15:00:02.190,22395,22402,22395,2,-2
2024-11-27 15:00:02.401,22394,22398,22394,1,-1
2024-11-27 15:00:02.402,22394,22398,22393,2,-2
2024-11-27 15:00:02.420,22392,22395,22392,1,-1
2024-11-27 15:00:02.421,22392,22395,22390,5,-5
2024-11-27 15:00:02.459,22392,22395,22394,1,1
2024-11-27 15:00:02.460,22392,22395,22395,1,1
2024-11-27 15:00:02.461,22392,22395,22396,1,1
2024-11-27 15:00:02.469,22392,22395,22389,1,-1
2024-11-27 15:00:02.488,22392,22395,22395,1,1
2024-11-27 15:00:02.611,22394,22398,22394,1,-1
2024-11-27 15:00:02.709,22393,22397,22393,1,-1
2024-11-27 15:00:03.473,22389,22394,22394,1,1
2024-11-27 15:00:03.473,22389,22394,22395,1,1
2024-11-27 15:00:03.628,22389,22394,22395,1,1
2024-11-27 15:00:03.876,22394,22395,22395,1,1
2024-11-27 15:00:04.063,22394,22398,22394,1,-1
2024-11-27 15:00:04.146,22394,22398,22395,1,-1
2024-11-27 15:00:04.918,22394,22395,22395,1,1
2024-11-27 15:00:05.209,22394,22395,22395,3,3
2024-11-27 15:00:05.900,22394,22397,22397,2,2
2024-11-27 15:00:05.913,22394,22397,22398,1,1
2024-11-27 15:00:06.171,22396,22398,22398,1,1
2024-11-27 15:00:06.177,22396,22398,22399,1,1
2024-11-27 15:00:06.178,22396,22398,22399,1,1
2024-11-27 15:00:06.179,22396,22398,22401,1,1
2024-11-27 15:00:06.394,22397,22401,22401,1,1
2024-11-27 15:00:06.394,22397,22401,22402,1,1
2024-11-27 15:00:06.405,22397,22401,22401,1,1
2024-11-27 15:00:06.580,22397,22401,22398,1,-1
2024-11-27 15:00:06.895,22397,22401,22401,1,1
2024-11-27 15:00:07.144,22398,22401,22402,1,1
2024-11-27 15:00:07.144,22398,22401,22402,2,2
2024-11-27 15:00:07.254,22400,22402,22402,1,1
2024-11-27 15:00:07.360,22400,22402,22400,1,-1
2024-11-27 15:00:07.475,22400,22402,22401,1,-1
2024-11-27 15:00:07.653,22401,22402,22402,1,1
2024-11-27 15:00:07.653,22401,22402,22402,1,1
2024-11-27 15:00:07.653,22401,22402,22402,4,4
2024-11-27 15:00:07.737,22401,22403,22401,1,-1
2024-11-27 15:00:07.829,22399,22403,22403,2,2
2024-11-27 15:00:07.889,22399,22403,22400,1,-1
2024-11-27 15:00:08.708,22399,22402,22402,1,1
2024-11-27 15:00:08.867,22399,22403,22398,1,-1
2024-11-27 15:00:09.636,22398,22400,22398,1,-1
2024-11-27 15:00:09.806,22397,22400,22397,1,-1
2024-11-27 15:00:10.069,22397,22399,22399,1,1
2024-11-27 15:00:10.193,22397,22400,22400,1,1
2024-11-27 15:00:10.463,22396,22399,22397,1,-1
2024-11-27 15:00:11.249,22397,22399,22397,1,-1
2024-11-27 15:00:11.364,22397,22399,22398,1,-1
2024-11-27 15:00:11.403,22397,22399,22397,1,-1
2024-11-27 15:00:11.607,22396,22399,22392,1,-1
2024-11-27 15:00:11.607,22396,22399,22393,2,-2
2024-11-27 15:00:11.607,22396,22399,22395,2,-2
2024-11-27 15:00:11.607,22396,22399,22396,2,-2
2024-11-27 15:00:11.607,22396,22399,22394,2,-2
2024-11-27 15:00:11.641,22396,22399,22395,1,-1
2024-11-27 15:00:11.667,22392,22396,22396,1,1
2024-11-27 15:00:11.672,22392,22396,22396,1,1
2024-11-27 15:00:11.895,22393,22397,22397,2,2
2024-11-27 15:00:11.905,22393,22397,22398,1,1
2024-11-27 15:00:12.035,22395,22399,22394,1,-1
2024-11-27 15:00:12.137,22394,22398,22398,1,1
2024-11-27 15:00:12.143,22394,22398,22399,1,1
2024-11-27 15:00:12.171,22395,22399,22399,1,1
2024-11-27 15:00:12.171,22395,22399,22400,1,1
2024-11-27 15:00:12.395,22395,22399,22399,1,1
2024-11-27 15:00:12.892,22397,22400,22400,2,2
2024-11-27 15:00:12.895,22397,22400,22397,1,-1
2024-11-27 15:00:12.895,22397,22400,22396,1,-1
2024-11-27 15:00:12.903,22397,22400,22400,1,1
2024-11-27 15:00:13.390,22396,22398,22398,1,1
2024-11-27 15:00:13.553,22396,22398,22398,1,1
2024-11-27 15:00:14.049,22396,22399,22396,1,-1
2024-11-27 15:00:14.049,22396,22399,22395,1,-1
2024-11-27 15:00:14.049,22396,22399,22394,1,-1
2024-11-27 15:00:14.366,22394,22398,22394,1,-1
2024-11-27 15:00:14.366,22394,22398,22393,2,-2
2024-11-27 15:00:14.366,22394,22398,22392,2,-2
2024-11-27 15:00:15.383,22393,22397,22393,1,-1
2024-11-27 15:00:15.494,22393,22397,22397,1,1
2024-11-27 15:00:15.601,22393,22397,22397,1,1
2024-11-27 15:00:15.606,22393,22397,22397,1,1
2024-11-27 15:00:15.775,22394,22398,22398,1,1
2024-11-27 15:00:15.930,22394,22398,22398,1,1
2024-11-27 15:00:15.973,22394,22398,22398,1,1
2024-11-27 15:00:15.984,22394,22398,22399,1,1
2024-11-27 15:00:16.196,22393,22395,22395,1,1
2024-11-27 15:00:16.502,22393,22398,22393,1,-1
2024-11-27 15:00:16.788,22392,22394,22392,1,-1
2024-11-27 15:00:16.814,22392,22394,22394,1,1
2024-11-27 15:00:17.380,22392,22394,22398,4,4
2024-11-27 15:00:17.380,22392,22394,22397,5,5
2024-11-27 15:00:17.380,22392,22394,22394,7,7
2024-11-27 15:00:17.380,22392,22394,22396,1,1
2024-11-27 15:00:17.383,22392,22394,22398,1,1
2024-11-27 15:00:17.383,22392,22394,22399,36,36
2024-11-27 15:00:17.644,22395,22399,22394,1,-1
2024-11-27 15:00:17.906,22393,22398,22393,2,-2
2024-11-27 15:00:18.411,22393,22397,22393,2,-2
2024-11-27 15:00:18.411,22393,22397,22392,3,-3
2024-11-27 15:00:19.241,22393,22395,22393,1,-1
2024-11-27 15:00:19.290,22391,22395,22395,1,1
2024-11-27 15:00:20.133,22391,22395,22392,1,-1
2024-11-27 15:00:21.101,22391,22394,22391,1,-1
2024-11-27 15:00:21.547,22391,22393,22393,1,1
2024-11-27 15:00:22.665,22391,22394,22391,1,-1
2024-11-27 15:00:22.733,22391,22394,22394,1,1
2024-11-27 15:00:24.796,22392,22396,22392,1,-1
2024-11-27 15:00:25.119,22392,22396,22392,3,-3
2024-11-27 15:00:26.198,22391,22393,22391,2,-2
2024-11-27 15:00:28.004,22391,22394,22394,1,1
2024-11-27 15:00:30.427,22392,22394,22392,1,-1
2024-11-27 15:00:30.615,22393,22394,22393,1,-1
2024-11-27 15:00:30.615,22393,22394,22392,1,-1
2024-11-27 15:00:31.320,22391,22394,22392,2,-2
2024-11-27 15:00:31.695,22391,22394,22394,1,1
2024-11-27 15:00:31.738,22391,22394,22394,1,1
2024-11-27 15:00:32.102,22391,22394,22394,1,1
2024-11-27 15:00:33.725,22391,22394,22391,3,-3
2024-11-27 15:00:33.726,22391,22394,22391,5,-5
2024-11-27 15:00:33.726,22391,22394,22391,4,-4
2024-11-27 15:00:35.793,22392,22395,22395,1,1
2024-11-27 15:00:35.794,22392,22395,22395,1,1
2024-11-27 15:00:35.794,22392,22395,22396,1,1
2024-11-27 15:00:35.795,22392,22395,22397,1,1
2024-11-27 15:00:36.028,22396,22398,22398,1,1
2024-11-27 15:00:36.762,22396,22399,22396,1,-1
2024-11-27 15:00:36.799,22395,22399,22399,2,2
2024-11-27 15:00:37.014,22397,22399,22401,5,5
2024-11-27 15:00:37.014,22397,22399,22400,7,7
2024-11-27 15:00:37.014,22397,22399,22399,10,10
2024-11-27 15:00:38.327,22400,22402,22402,8,8
2024-11-27 15:00:38.327,22400,22402,22403,21,21
2024-11-27 15:00:38.327,22400,22402,22404,7,7
2024-11-27 15:00:38.328,22400,22402,22405,6,6
2024-11-27 15:00:38.328,22400,22402,22404,1,1
2024-11-27 15:00:38.331,22400,22402,22407,10,10
2024-11-27 15:00:38.332,22400,22402,22408,3,3
2024-11-27 15:00:38.332,22400,22402,22408,2,2
2024-11-27 15:00:38.334,22400,22402,22409,2,2
2024-11-27 15:00:38.362,22400,22402,22409,3,3
2024-11-27 15:00:38.375,22400,22402,22408,1,1
2024-11-27 15:00:38.378,22400,22402,22407,1,1
2024-11-27 15:00:38.490,22406,22408,22406,1,-1
2024-11-27 15:00:38.490,22406,22408,22405,1,-1
2024-11-27 15:00:38.490,22406,22408,22404,5,-5
2024-11-27 15:00:38.494,22406,22408,22406,1,-1
2024-11-27 15:00:38.517,22406,22408,22404,8,-8
2024-11-27 15:00:38.831,22403,22405,22406,8,8
2024-11-27 15:00:38.831,22403,22405,22405,9,9
2024-11-27 15:00:38.883,22403,22405,22407,10,10
2024-11-27 15:00:38.883,22403,22405,22408,12,12
2024-11-27 15:00:38.883,22403,22405,22408,1,1
2024-11-27 15:00:39.159,22406,22408,22409,1,1
2024-11-27 15:00:39.160,22406,22408,22409,1,1
2024-11-27 15:00:39.370,22406,22409,22409,1,1
2024-11-27 15:00:39.371,22406,22409,22409,9,9
2024-11-27 15:00:39.401,22406,22409,22409,2,2
2024-11-27 15:00:39.697,22408,22410,22410,2,2
2024-11-27 15:00:39.697,22408,22410,22410,4,4
2024-11-27 15:00:39.697,22408,22410,22410,1,1
2024-11-27 15:00:39.697,22408,22410,22410,17,17
2024-11-27 15:00:39.699,22408,22410,22412,1,1
2024-11-27 15:00:39.699,22408,22410,22412,3,3
2024-11-27 15:00:39.699,22408,22410,22412,1,1
2024-11-27 15:00:39.772,22408,22410,22412,1,1
2024-11-27 15:00:40.015,22412,22413,22412,1,-1
2024-11-27 15:00:40.103,22411,22413,22413,1,1
2024-11-27 15:00:40.231,22411,22413,22413,3,3
2024-11-27 15:00:40.256,22411,22413,22412,2,2
2024-11-27 15:00:40.433,22411,22414,22414,1,1
2024-11-27 15:00:40.610,22411,22414,22414,2,2
2024-11-27 15:00:40.610,22411,22414,22415,6,6
2024-11-27 15:00:40.741,22412,22415,22412,2,-2
2024-11-27 15:00:40.956,22411,22414,22411,1,-1
2024-11-27 15:00:42.971,22406,22409,22409,1,1
2024-11-27 15:00:43.075,22407,22410,22407,1,-1
2024-11-27 15:00:43.131,22407,22410,22410,1,1
2024-11-27 15:00:43.277,22407,22410,22407,1,-1
2024-11-27 15:00:43.302,22406,22410,22410,1,1
2024-11-27 15:00:43.539,22406,22410,22410,2,2
2024-11-27 15:00:43.620,22407,22410,22410,1,1
2024-11-27 15:00:43.624,22407,22410,22411,1,1
2024-11-27 15:00:43.884,22408,22411,22411,1,1
2024-11-27 15:00:44.050,22408,22411,22411,1,1
2024-11-27 15:00:44.431,22408,22410,22410,1,1
2024-11-27 15:00:44.567,22411,22412,22411,2,-2
2024-11-27 15:00:44.586,22411,22412,22409,1,-1
2024-11-27 15:00:44.586,22411,22412,22410,2,-2
2024-11-27 15:00:45.075,22409,22412,22412,1,1
2024-11-27 15:00:45.999,22411,22412,22411,1,-1
2024-11-27 15:00:46.040,22409,22412,22409,1,-1
2024-11-27 15:00:46.548,22409,22412,22412,1,1
2024-11-27 15:00:46.807,22411,22412,22412,1,1
2024-11-27 15:00:46.905,22411,22412,22412,1,1
2024-11-27 15:00:47.203,22411,22413,22411,1,-1
2024-11-27 15:00:47.842,22409,22413,22409,1,-1
2024-11-27 15:00:47.934,22409,22413,22413,1,1
2024-11-27 15:00:48.596,22407,22411,22411,1,1
2024-11-27 15:00:49.311,22407,22411,22407,1,-1
2024-11-27 15:00:49.520,22407,22410,22410,2,2
2024-11-27 15:00:50.432,22410,22411,22410,1,-1
2024-11-27 15:00:51.105,22410,22411,22410,6,-6
2024-11-27 15:00:51.105,22410,22411,22410,1,-1
2024-11-27 15:00:51.222,22407,22411,22411,3,3
2024-11-27 15:00:51.222,22407,22411,22412,1,1
2024-11-27 15:00:51.337,22408,22412,22408,2,-2
2024-11-27 15:00:51.616,22407,22411,22411,1,1
2024-11-27 15:00:52.574,22410,22411,22410,1,-1
2024-11-27 15:00:52.580,22410,22411,22411,2,2
2024-11-27 15:00:52.580,22410,22411,22412,2,2
2024-11-27 15:00:53.605,22411,22412,22412,1,1
2024-11-27 15:00:53.614,22411,22412,22413,1,1
2024-11-27 15:00:53.614,22411,22412,22414,5,5
2024-11-27 15:00:53.780,22413,22415,22413,1,-1
2024-11-27 15:00:53.934,22411,22415,22411,1,-1
2024-11-27 15:00:54.250,22409,22413,22409,1,-1
2024-11-27 15:00:54.398,22409,22412,22412,1,1
2024-11-27 15:00:56.105,22409,22413,22413,1,1
2024-11-27 15:00:57.115,22412,22415,22412,1,-1
2024-11-27 15:00:57.191,22412,22415,22415,2,2
2024-11-27 15:00:57.404,22412,22415,22412,2,-2
2024-11-27 15:00:57.486,22411,22415,22413,1,-1
2024-11-27 15:00:57.514,22411,22415,22415,1,1
2024-11-27 15:00:57.598,22412,22415,22415,1,1
2024-11-27 15:00:57.754,22412,22415,22412,1,-1
2024-11-27 15:00:57.754,22412,22415,22412,1,-1
2024-11-27 15:00:58.074,22411,22412,22412,1,1
2024-11-27 15:00:58.128,22411,22412,22415,1,1
2024-11-27 15:00:59.071,22413,22415,22413,1,-1
2024-11-27 15:00:59.073,22413,22415,22415,2,2
2024-11-27 15:00:59.254,22413,22416,22413,1,-1
2024-11-27 15:01:00.063,22412,22415,22412,3,-3
2024-11-27 15:01:00.113,22412,22415,22411,2,-2
2024-11-27 15:01:00.157,22412,22415,22412,4,-4
2024-11-27 15:01:00.157,22412,22415,22413,2,-2
2024-11-27 15:01:00.166,22411,22413,22415,1,1
2024-11-27 15:01:00.166,22411,22413,22414,4,4
2024-11-27 15:01:00.166,22411,22413,22413,1,1
2024-11-27 15:01:00.167,22411,22413,22415,2,2
2024-11-27 15:01:00.167,22411,22413,22416,4,4
2024-11-27 15:01:00.170,22411,22413,22416,1,1
2024-11-27 15:01:00.170,22411,22413,22417,1,1
2024-11-27 15:01:00.189,22411,22413,22415,1,1
2024-11-27 15:01:00.224,22411,22413,22418,2,2
2024-11-27 15:01:00.247,22411,22413,22418,1,1
2024-11-27 15:01:00.284,22411,22413,22419,1,1
2024-11-27 15:01:00.307,22415,22419,22419,1,1
2024-11-27 15:01:00.309,22415,22419,22419,1,1
2024-11-27 15:01:00.309,22415,22419,22419,1,1
2024-11-27 15:01:00.315,22415,22419,22419,2,2
2024-11-27 15:01:00.315,22415,22419,22419,5,5
2024-11-27 15:01:00.315,22415,22419,22420,6,6
2024-11-27 15:01:00.315,22415,22419,22420,4,4
2024-11-27 15:01:00.315,22415,22419,22420,1,1
2024-11-27 15:01:00.316,22415,22419,22421,2,2
2024-11-27 15:01:00.316,22415,22419,22420,1,1
2024-11-27 15:01:00.328,22415,22419,22422,5,5
2024-11-27 15:01:00.369,22415,22419,22423,1,1
2024-11-27 15:01:00.369,22415,22419,22423,1,1
2024-11-27 15:01:00.384,22415,22419,22423,1,1
2024-11-27 15:01:00.387,22415,22419,22423,1,1
2024-11-27 15:01:00.455,22420,22423,22420,1,-1
2024-11-27 15:01:00.459,22420,22423,22422,1,1
2024-11-27 15:01:00.484,22420,22423,22422,1,1
2024-11-27 15:01:00.498,22420,22423,22422,1,1
2024-11-27 15:01:00.511,22420,22423,22422,1,1
2024-11-27 15:01:00.511,22420,22423,22422,1,1
2024-11-27 15:01:00.515,22420,22423,22422,1,1
2024-11-27 15:01:00.524,22420,22423,22422,1,1
2024-11-27 15:01:00.531,22420,22423,22422,1,1
2024-11-27 15:01:00.531,22420,22423,22423,2,2
2024-11-27 15:01:00.531,22420,22423,22424,1,1
2024-11-27 15:01:00.590,22420,22422,22420,1,-1
2024-11-27 15:01:00.635,22420,22422,22421,2,-2
2024-11-27 15:01:00.654,22420,22422,22422,1,1
2024-11-27 15:01:00.660,22420,22422,22422,1,1
2024-11-27 15:01:00.662,22420,22422,22422,1,1
2024-11-27 15:01:00.662,22420,22422,22425,6,6
2024-11-27 15:01:00.662,22420,22422,22426,6,6
2024-11-27 15:01:00.667,22419,22426,22426,2,2
2024-11-27 15:01:00.679,22419,22426,22426,1,1
2024-11-27 15:01:00.680,22419,22426,22429,1,1
2024-11-27 15:01:00.685,22419,22426,22429,1,1
2024-11-27 15:01:00.700,22419,22426,22429,2,2
2024-11-27 15:01:00.758,22419,22426,22430,1,1
2024-11-27 15:01:00.762,22419,22426,22430,1,1
2024-11-27 15:01:00.766,22419,22426,22430,1,1
2024-11-27 15:01:00.819,22421,22430,22430,5,5
2024-11-27 15:01:00.850,22421,22430,22426,1,1
2024-11-27 15:01:00.861,22421,22430,22429,1,1
2024-11-27 15:01:00.878,22421,22430,22429,1,1
2024-11-27 15:01:00.878,22421,22430,22430,1,1
2024-11-27 15:01:00.897,22421,22430,22430,1,1
2024-11-27 15:01:00.940,22422,22430,22429,2,2
2024-11-27 15:01:00.941,22422,22430,22422,1,-1
2024-11-27 15:01:00.941,22422,22430,22430,1,1
2024-11-27 15:01:00.945,22422,22430,22428,1,1
2024-11-27 15:01:00.977,22422,22430,22428,1,1
2024-11-27 15:01:00.986,22422,22430,22428,1,1
2024-11-27 15:01:00.997,22422,22430,22421,2,-2
2024-11-27 15:01:00.999,22422,22430,22428,1,1
2024-11-27 15:01:01.003,22422,22430,22429,1,1
2024-11-27 15:01:01.005,22422,22430,22429,1,1
2024-11-27 15:01:01.020,22422,22430,22430,1,1
2024-11-27 15:01:01.037,22422,22430,22430,1,1
2024-11-27 15:01:01.045,22422,22430,22430,1,1
2024-11-27 15:01:01.046,22422,22430,22430,3,3
2024-11-27 15:01:01.047,22422,22430,22430,1,1
2024-11-27 15:01:01.113,22422,22430,22423,3,-3
2024-11-27 15:01:01.113,22422,22430,22422,3,-3
2024-11-27 15:01:01.120,22422,22430,22429,1,1
2024-11-27 15:01:01.149,22422,22430,22422,1,-1
2024-11-27 15:01:01.149,22422,22430,22422,1,-1
2024-11-27 15:01:01.149,22422,22430,22422,1,-1
2024-11-27 15:01:01.153,22422,22430,22428,1,1
2024-11-27 15:01:01.194,22421,22428,22428,1,1
2024-11-27 15:01:01.230,22421,22428,22421,1,-1
2024-11-27 15:01:01.230,22421,22428,22421,2,-2
2024-11-27 15:01:01.283,22421,22428,22426,1,1
2024-11-27 15:01:01.528,22422,22425,22425,1,1
2024-11-27 15:01:01.548,22421,22425,22425,1,1
2024-11-27 15:01:01.623,22421,22425,22426,1,1
2024-11-27 15:01:01.710,22422,22426,22426,1,1
2024-11-27 15:01:01.828,22424,22426,22426,1,1
2024-11-27 15:01:01.834,22424,22426,22424,1,-1
2024-11-27 15:01:01.851,22424,22426,22425,1,-1
2024-11-27 15:01:01.861,22424,22426,22425,1,-1
2024-11-27 15:01:01.861,22424,22426,22425,1,-1
2024-11-27 15:01:01.965,22424,22426,22424,1,-1
2024-11-27 15:01:01.965,22424,22426,22423,1,-1
2024-11-27 15:01:01.988,22424,22426,22422,1,-1
2024-11-27 15:01:02.070,22422,22426,22426,4,4
2024-11-27 15:01:02.133,22422,22426,22427,5,5
2024-11-27 15:01:02.167,22425,22427,22427,1,1
2024-11-27 15:01:02.174,22425,22427,22428,1,1
2024-11-27 15:01:02.192,22425,22427,22428,2,2
2024-11-27 15:01:02.193,22425,22427,22429,2,2
2024-11-27 15:01:02.193,22425,22427,22430,2,2
2024-11-27 15:01:02.408,22426,22430,22429,1,1
2024-11-27 15:01:02.578,22426,22429,22425,2,-2
2024-11-27 15:01:02.578,22426,22429,22424,2,-2
2024-11-27 15:01:03.194,22426,22428,22426,1,-1
2024-11-27 15:01:03.394,22424,22427,22427,4,4
2024-11-27 15:01:03.520,22425,22428,22425,1,-1
2024-11-27 15:01:03.709,22424,22427,22424,1,-1
2024-11-27 15:01:03.861,22424,22427,22427,1,1
2024-11-27 15:01:05.349,22423,22425,22423,1,-1
2024-11-27 15:01:05.351,22423,22425,22421,1,-1
2024-11-27 15:01:05.455,22419,22421,22419,1,-1
2024-11-27 15:01:05.691,22417,22420,22420,1,1
2024-11-27 15:01:05.700,22417,22420,22421,1,1
2024-11-27 15:01:05.705,22417,22420,22421,1,1
2024-11-27 15:01:06.360,22417,22420,22417,1,-1
2024-11-27 15:01:06.403,22417,22420,22420,2,2
2024-11-27 15:01:06.412,22417,22420,22421,1,1
2024-11-27 15:01:06.574,22418,22420,22420,1,1
2024-11-27 15:01:06.679,22420,22422,22422,1,1
2024-11-27 15:01:06.681,22420,22422,22421,1,1
2024-11-27 15:01:06.852,22420,22423,22420,1,-1
2024-11-27 15:01:07.175,22420,22423,22420,1,-1
2024-11-27 15:01:07.294,22419,22423,22425,1,1
2024-11-27 15:01:07.294,22419,22423,22425,1,1
2024-11-27 15:01:07.294,22419,22423,22425,1,1
2024-11-27 15:01:07.294,22419,22423,22425,1,1
2024-11-27 15:01:07.294,22419,22423,22425,1,1
2024-11-27 15:01:07.294,22419,22423,22424,1,1
2024-11-27 15:01:07.294,22419,22423,22424,1,1
2024-11-27 15:01:07.294,22419,22423,22424,1,1
2024-11-27 15:01:07.294,22419,22423,22423,1,1
2024-11-27 15:01:07.294,22419,22423,22423,1,1
2024-11-27 15:01:07.294,22419,22423,22424,1,1
2024-11-27 15:01:07.295,22419,22423,22425,1,1
2024-11-27 15:01:07.295,22419,22423,22425,1,1
2024-11-27 15:01:07.295,22419,22423,22425,1,1
2024-11-27 15:01:07.295,22419,22423,22425,1,1
2024-11-27 15:01:07.295,22419,22423,22425,1,1
2024-11-27 15:01:07.298,22419,22423,22424,1,1
2024-11-27 15:01:07.299,22419,22423,22427,1,1
2024-11-27 15:01:07.300,22419,22423,22425,1,1
2024-11-27 15:01:07.300,22419,22423,22424,1,1
2024-11-27 15:01:07.300,22419,22423,22423,3,3
2024-11-27 15:01:07.302,22419,22423,22426,1,1
2024-11-27 15:01:07.318,22419,22423,22423,1,1
2024-11-27 15:01:07.319,22419,22423,22424,1,1
2024-11-27 15:01:08.411,22423,22425,22424,2,2
2024-11-27 15:01:08.412,22423,22425,22424,1,1
2024-11-27 15:01:08.413,22423,22425,22424,1,1
2024-11-27 15:01:08.459,22422,22424,22424,1,1
2024-11-27 15:01:08.470,22422,22424,22425,1,1
2024-11-27 15:01:08.536,22422,22424,22426,1,1
2024-11-27 15:01:08.551,22423,22426,22423,1,-1
2024-11-27 15:01:08.821,22423,22426,22426,1,1
2024-11-27 15:01:09.149,22423,22426,22426,1,1
2024-11-27 15:01:09.408,22423,22426,22426,1,1
2024-11-27 15:01:09.951,22423,22426,22423,1,-1
2024-11-27 15:01:11.046,22423,22426,22426,1,1
2024-11-27 15:01:11.046,22423,22426,22427,1,1
2024-11-27 15:01:11.530,22424,22427,22427,5,5
2024-11-27 15:01:11.652,22426,22429,22427,1,-1
2024-11-27 15:01:11.664,22426,22429,22427,1,-1
2024-11-27 15:01:12.855,22426,22428,22426,3,-3
2024-11-27 15:01:13.700,22425,22428,22425,1,-1
2024-11-27 15:01:14.347,22425,22428,22425,1,-1
2024-11-27 15:01:14.926,22425,22428,22428,1,1
2024-11-27 15:01:14.926,22425,22428,22429,3,3
2024-11-27 15:01:15.035,22425,22428,22430,2,2
2024-11-27 15:01:15.191,22429,22431,22431,3,3
2024-11-27 15:01:16.403,22428,22431,22428,1,-1
2024-11-27 15:01:16.404,22428,22431,22428,4,-4
2024-11-27 15:01:16.404,22428,22431,22428,1,-1
2024-11-27 15:01:17.004,22426,22428,22426,1,-1
2024-11-27 15:01:17.054,22425,22427,22425,1,-1
2024-11-27 15:01:17.694,22425,22426,22425,1,-1
2024-11-27 15:01:18.426,22425,22426,22425,1,-1
2024-11-27 15:01:18.543,22425,22426,22426,1,1
2024-11-27 15:01:18.543,22425,22426,22426,1,1
2024-11-27 15:01:18.544,22425,22426,22428,1,1
2024-11-27 15:01:18.544,22425,22426,22427,1,1
2024-11-27 15:01:18.544,22425,22426,22429,1,1
2024-11-27 15:01:18.544,22425,22426,22426,1,1
2024-11-27 15:01:18.544,22425,22426,22426,1,1
2024-11-27 15:01:18.953,22426,22429,22426,1,-1
2024-11-27 15:01:20.309,22425,22426,22425,1,-1
2024-11-27 15:01:20.740,22425,22426,22426,1,1
2024-11-27 15:01:20.967,22425,22428,22428,1,1
2024-11-27 15:01:21.277,22425,22428,22428,1,1
2024-11-27 15:01:21.579,22425,22428,22428,4,4
2024-11-27 15:01:21.579,22425,22428,22429,1,1
2024-11-27 15:01:21.841,22425,22429,22425,1,-1
2024-11-27 15:01:21.926,22425,22429,22429,1,1
2024-11-27 15:01:21.937,22425,22429,22429,1,1
2024-11-27 15:01:22.141,22425,22429,22429,1,1
2024-11-27 15:01:23.242,22426,22429,22426,3,-3
2024-11-27 15:01:23.669,22423,22426,22426,1,1
2024-11-27 15:01:24.179,22423,22426,22426,1,1
2024-11-27 15:01:24.553,22424,22427,22427,1,1
2024-11-27 15:01:24.553,22424,22427,22427,3,3
2024-11-27 15:01:24.553,22424,22427,22427,1,1
2024-11-27 15:01:25.694,22425,22428,22428,1,1
2024-11-27 15:01:25.959,22425,22429,22425,4,-4
2024-11-27 15:01:25.960,22425,22429,22424,1,-1
2024-11-27 15:01:25.961,22425,22429,22423,11,-11
2024-11-27 15:01:26.912,22420,22423,22423,1,1
2024-11-27 15:01:26.912,22420,22423,22424,3,3
2024-11-27 15:01:28.159,22422,22425,22422,1,-1
2024-11-27 15:01:28.168,22422,22425,22425,1,1
2024-11-27 15:01:28.169,22422,22425,22425,1,1
2024-11-27 15:01:28.169,22422,22425,22425,1,1
2024-11-27 15:01:28.170,22422,22425,22425,1,1
2024-11-27 15:01:30.258,22423,22425,22422,4,-4
2024-11-27 15:01:30.258,22423,22425,22423,1,-1
2024-11-27 15:01:31.192,22418,22422,22422,1,1
2024-11-27 15:01:31.489,22419,22422,22419,1,-1
2024-11-27 15:01:32.963,22419,22421,22419,1,-1
2024-11-27 15:01:33.430,22418,22420,22418,1,-1
2024-11-27 15:01:34.433,22417,22420,22417,2,-2
2024-11-27 15:01:36.182,22415,22418,22418,1,1
2024-11-27 15:01:38.657,22418,22421,22418,1,-1
2024-11-27 15:01:38.669,22417,22421,22421,1,1
2024-11-27 15:01:39.124,22416,22419,22419,4,4
2024-11-27 15:01:39.172,22418,22421,22419,1,-1
2024-11-27 15:01:40.066,22416,22419,22416,1,-1
2024-11-27 15:01:40.072,22416,22419,22418,1,1
2024-11-27 15:01:40.072,22416,22419,22419,3,3
2024-11-27 15:01:40.072,22416,22419,22420,1,1
2024-11-27 15:01:41.216,22417,22419,22419,1,1
2024-11-27 15:01:42.279,22417,22418,22418,1,1
2024-11-27 15:01:43.765,22416,22420,22416,1,-1
2024-11-27 15:01:43.861,22415,22419,22419,2,2
2024-11-27 15:01:45.754,22417,22420,22416,3,-3
2024-11-27 15:01:45.754,22417,22420,22417,3,-3
2024-11-27 15:01:45.755,22417,22420,22416,1,-1
2024-11-27 15:01:45.913,22415,22416,22416,2,2
2024-11-27 15:01:46.035,22415,22416,22416,1,1
2024-11-27 15:01:46.753,22415,22418,22415,5,-5
2024-11-27 15:01:47.320,22412,22415,22415,1,1
2024-11-27 15:01:50.570,22411,22412,22412,1,1
2024-11-27 15:01:50.691,22412,22415,22412,1,-1
2024-11-27 15:01:51.413,22412,22415,22412,1,-1
2024-11-27 15:01:51.462,22412,22415,22412,1,-1
2024-11-27 15:01:51.791,22411,22414,22414,1,1
2024-11-27 15:01:54.729,22411,22414,22414,1,1
2024-11-27 15:01:54.880,22411,22414,22411,1,-1
2024-11-27 15:01:55.278,22411,22414,22414,1,1
2024-11-27 15:01:55.740,22412,22414,22412,1,-1
2024-11-27 15:01:56.155,22411,22414,22411,4,-4
2024-11-27 15:01:56.196,22410,22412,22410,1,-1
2024-11-27 15:01:56.776,22409,22411,22410,1,-1
2024-11-27 15:01:56.777,22409,22411,22411,1,1
2024-11-27 15:01:57.452,22409,22410,22409,1,-1
2024-11-27 15:01:58.668,22409,22410,22409,1,-1
2024-11-27 15:01:59.998,22407,22410,22407,1,-1
2024-11-27 15:02:00.067,22407,22409,22409,1,1
2024-11-27 15:02:00.068,22407,22409,22408,1,1
2024-11-27 15:02:00.069,22407,22409,22408,1,1
2024-11-27 15:02:00.174,22407,22408,22408,1,1
2024-11-27 15:02:00.387,22407,22409,22409,1,1
2024-11-27 15:02:00.450,22408,22410,22408,1,-1
2024-11-27 15:02:00.609,22407,22410,22410,3,3
2024-11-27 15:02:00.655,22407,22410,22412,2,2
2024-11-27 15:02:00.801,22409,22412,22413,3,3
2024-11-27 15:02:00.998,22410,22413,22410,1,-1
2024-11-27 15:02:01.001,22410,22413,22409,1,-1
2024-11-27 15:02:01.743,22408,22412,22408,1,-1
2024-11-27 15:02:02.396,22408,22411,22408,1,-1
2024-11-27 15:02:02.415,22408,22411,22408,1,-1
2024-11-27 15:02:02.578,22407,22409,22407,1,-1
2024-11-27 15:02:02.578,22407,22409,22406,2,-2
2024-11-27 15:02:02.805,22405,22407,22405,1,-1
2024-11-27 15:02:03.365,22404,22407,22404,1,-1
2024-11-27 15:02:03.613,22404,22405,22405,1,1
2024-11-27 15:02:04.776,22404,22407,22404,1,-1
2024-11-27 15:02:04.777,22404,22407,22404,1,-1
2024-11-27 15:02:04.835,22402,22405,22405,1,1
2024-11-27 15:02:05.759,22403,22405,22405,1,1
2024-11-27 15:02:06.548,22403,22405,22403,3,-3
2024-11-27 15:02:06.548,22403,22405,22402,2,-2
2024-11-27 15:02:06.669,22402,22405,22402,1,-1
2024-11-27 15:02:06.753,22402,22405,22402,1,-1
2024-11-27 15:02:08.699,22403,22405,22403,1,-1
2024-11-27 15:02:08.794,22403,22405,22405,1,1
2024-11-27 15:02:08.794,22403,22405,22405,1,1
2024-11-27 15:02:08.794,22403,22405,22406,1,1
2024-11-27 15:02:09.604,22405,22407,22407,10,10
2024-11-27 15:02:10.062,22407,22409,22407,1,-1
2024-11-27 15:02:10.062,22407,22409,22406,1,-1
2024-11-27 15:02:10.104,22407,22409,22407,1,-1
2024-11-27 15:02:10.162,22407,22409,22406,1,-1
2024-11-27 15:02:10.541,22405,22409,22405,1,-1
2024-11-27 15:02:10.666,22405,22409,22409,2,2
2024-11-27 15:02:12.177,22406,22410,22406,1,-1
2024-11-27 15:02:13.127,22407,22410,22410,1,1
2024-11-27 15:02:14.907,22407,22409,22407,1,-1
2024-11-27 15:02:14.969,22406,22408,22408,1,1
2024-11-27 15:02:15.521,22406,22408,22406,1,-1
2024-11-27 15:02:16.377,22405,22407,22407,1,1
2024-11-27 15:02:16.748,22404,22407,22404,1,-1
2024-11-27 15:02:17.105,22404,22407,22408,1,1
2024-11-27 15:02:17.105,22404,22407,22407,4,4
2024-11-27 15:02:18.225,22405,22408,22405,1,-1
2024-11-27 15:02:18.293,22404,22408,22408,1,1
2024-11-27 15:02:18.293,22404,22408,22408,1,1
2024-11-27 15:02:18.294,22404,22408,22408,1,1
2024-11-27 15:02:18.903,22405,22409,22405,1,-1
2024-11-27 15:02:19.462,22405,22408,22405,1,-1
2024-11-27 15:02:21.848,22405,22408,22405,4,-4
2024-11-27 15:02:21.944,22404,22405,22404,1,-1
2024-11-27 15:02:23.873,22404,22405,22405,3,3
2024-11-27 15:02:23.874,22404,22405,22405,3,3
2024-11-27 15:02:26.181,22405,22408,22405,1,-1
2024-11-27 15:02:33.033,22405,22406,22405,4,-4
2024-11-27 15:02:33.034,22405,22406,22405,2,-2
2024-11-27 15:02:33.034,22405,22406,22405,2,-2
2024-11-27 15:02:33.045,22404,22406,22406,1,1
2024-11-27 15:02:33.045,22404,22406,22406,1,1
2024-11-27 15:02:33.045,22404,22406,22406,1,1
2024-11-27 15:02:33.046,22404,22406,22407,1,1
2024-11-27 15:02:33.068,22404,22406,22407,1,1
2024-11-27 15:02:33.655,22404,22405,22404,4,-4
2024-11-27 15:02:34.683,22403,22405,22403,1,-1
2024-11-27 15:02:34.683,22403,22405,22402,1,-1
2024-11-27 15:02:35.687,22403,22404,22403,1,-1
2024-11-27 15:02:36.450,22402,22404,22404,1,1
2024-11-27 15:02:36.544,22402,22404,22404,1,1
2024-11-27 15:02:38.845,22402,22404,22404,1,1
2024-11-27 15:02:39.612,22403,22405,22403,1,-1
2024-11-27 15:02:39.730,22402,22405,22402,1,-1
2024-11-27 15:02:40.612,22402,22405,22405,1,1
2024-11-27 15:02:41.897,22402,22404,22402,1,-1
2024-11-27 15:02:42.091,22401,22403,22403,1,1
2024-11-27 15:02:43.357,22402,22404,22402,2,-2
2024-11-27 15:02:43.566,22401,22404,22404,1,1
2024-11-27 15:02:44.961,22401,22403,22401,1,-1
2024-11-27 15:02:46.019,22401,22404,22401,2,-2
2024-11-27 15:02:46.191,22400,22402,22402,1,1
2024-11-27 15:02:46.362,22401,22403,22401,1,-1
2024-11-27 15:02:46.975,22401,22403,22401,1,-1
2024-11-27 15:02:47.669,22401,22403,22401,2,-2
2024-11-27 15:02:48.283,22400,22403,22403,1,1
2024-11-27 15:02:48.943,22400,22403,22400,4,-4
2024-11-27 15:02:49.059,22400,22402,22400,3,-3
2024-11-27 15:02:49.766,22400,22402,22400,2,-2
2024-11-27 15:02:50.597,22400,22402,22402,1,1
2024-11-27 15:02:51.326,22400,22402,22400,1,-1
2024-11-27 15:02:52.928,22400,22402,22400,1,-1
2024-11-27 15:02:53.392,22400,22403,22400,1,-1
2024-11-27 15:02:53.550,22400,22403,22403,1,1
2024-11-27 15:02:53.647,22400,22403,22403,2,2
2024-11-27 15:02:53.647,22400,22403,22403,2,2
2024-11-27 15:02:53.648,22400,22403,22404,2,2
2024-11-27 15:02:53.648,22400,22403,22404,1,1
2024-11-27 15:02:53.815,22403,22405,22405,2,2
2024-11-27 15:02:53.815,22403,22405,22405,1,1
2024-11-27 15:02:53.873,22403,22405,22406,1,1
2024-11-27 15:02:53.874,22403,22405,22407,3,3
2024-11-27 15:02:53.874,22403,22405,22408,3,3
2024-11-27 15:02:54.010,22406,22409,22406,2,-2
2024-11-27 15:02:54.018,22406,22409,22410,8,8
2024-11-27 15:02:54.018,22406,22409,22408,2,2
2024-11-27 15:02:54.018,22406,22409,22409,4,4
2024-11-27 15:02:54.019,22406,22409,22410,1,1
2024-11-27 15:02:54.059,22408,22410,22408,1,-1
2024-11-27 15:02:54.076,22408,22410,22409,1,-1
2024-11-27 15:02:54.077,22408,22410,22409,1,-1
2024-11-27 15:02:54.085,22408,22410,22410,2,2
2024-11-27 15:02:54.149,22408,22410,22410,2,2
2024-11-27 15:02:56.068,22408,22411,22411,1,1
2024-11-27 15:02:57.090,22408,22411,22411,6,6
2024-11-27 15:02:57.091,22408,22411,22411,3,3
2024-11-27 15:02:57.091,22408,22411,22411,1,1
2024-11-27 15:02:57.092,22408,22411,22411,1,1
2024-11-27 15:02:57.470,22411,22412,22411,1,-1
2024-11-27 15:02:57.700,22410,22412,22410,1,-1
2024-11-27 15:02:59.561,22410,22412,22410,1,-1
2024-11-27 15:02:59.960,22409,22412,22411,1,1
2024-11-27 15:02:59.961,22409,22412,22413,2,2
2024-11-27 15:02:59.961,22409,22412,22412,1,1
2024-11-27 15:02:59.961,22409,22412,22412,1,1
2024-11-27 15:02:59.961,22409,22412,22412,4,4
2024-11-27 15:02:59.962,22409,22412,22414,19,19
2024-11-27 15:02:59.962,22409,22412,22414,1,1
2024-11-27 15:02:59.963,22409,22412,22414,3,3
2024-11-27 15:02:59.963,22409,22412,22415,4,4
2024-11-27 15:03:00.427,22412,22415,22412,1,-1
2024-11-27 15:03:00.545,22412,22414,22414,1,1
2024-11-27 15:03:00.545,22412,22414,22414,1,1
2024-11-27 15:03:01.160,22412,22414,22413,1,1
2024-11-27 15:03:01.168,22410,22413,22414,1,1
2024-11-27 15:03:01.168,22410,22413,22413,1,1
2024-11-27 15:03:01.168,22410,22413,22414,1,1
2024-11-27 15:03:01.385,22412,22415,22415,1,1
2024-11-27 15:03:02.266,22415,22418,22415,1,-1
2024-11-27 15:03:03.608,22413,22415,22415,1,1
2024-11-27 15:03:04.034,22416,22418,22416,1,-1
2024-11-27 15:03:04.034,22416,22418,22415,1,-1
2024-11-27 15:03:05.408,22416,22417,22417,1,1
2024-11-27 15:03:05.834,22415,22418,22418,4,4
2024-11-27 15:03:06.878,22417,22420,22420,1,1
2024-11-27 15:03:07.357,22417,22420,22417,1,-1
2024-11-27 15:03:07.419,22417,22420,22420,1,1
2024-11-27 15:03:07.419,22417,22420,22420,1,1
2024-11-27 15:03:07.419,22417,22420,22420,1,1
2024-11-27 15:03:07.419,22417,22420,22420,1,1
2024-11-27 15:03:07.419,22417,22420,22420,1,1
2024-11-27 15:03:07.419,22417,22420,22421,1,1
2024-11-27 15:03:07.746,22419,22421,22419,1,-1
2024-11-27 15:03:08.400,22418,22421,22418,1,-1
2024-11-27 15:03:10.037,22418,22420,22417,1,-1
2024-11-27 15:03:10.037,22418,22420,22418,2,-2
2024-11-27 15:03:10.110,22417,22420,22420,1,1
2024-11-27 15:03:11.582,22418,22420,22420,1,1
2024-11-27 15:03:13.620,22418,22420,22420,1,1
2024-11-27 15:03:13.620,22418,22420,22421,4,4
2024-11-27 15:03:13.620,22418,22420,22422,3,3
2024-11-27 15:03:13.621,22418,22420,22423,3,3
2024-11-27 15:03:13.622,22418,22420,22424,1,1
2024-11-27 15:03:13.622,22418,22420,22423,1,1
2024-11-27 15:03:13.622,22418,22420,22424,3,3
2024-11-27 15:03:14.356,22423,22425,22425,1,1
2024-11-27 15:03:16.032,22422,22425,22422,1,-1
2024-11-27 15:03:16.195,22422,22425,22425,1,1
2024-11-27 15:03:17.683,22422,22425,22425,1,1
2024-11-27 15:03:18.039,22422,22425,22425,1,1
2024-11-27 15:03:18.044,22422,22425,22425,1,1
2024-11-27 15:03:18.044,22422,22425,22425,1,1
2024-11-27 15:03:18.045,22422,22425,22425,1,1
2024-11-27 15:03:19.297,22423,22426,22425,1,1
2024-11-27 15:03:21.565,22423,22425,22425,2,2
2024-11-27 15:03:21.565,22423,22425,22426,3,3
2024-11-27 15:03:22.768,22423,22426,22426,3,3
2024-11-27 15:03:25.089,22423,22424,22423,1,-1
2024-11-27 15:03:25.090,22423,22424,22423,1,-1
2024-11-27 15:03:25.767,22421,22424,22424,3,3
2024-11-27 15:03:26.303,22421,22424,22421,1,-1
2024-11-27 15:03:26.312,22421,22424,22423,1,1
2024-11-27 15:03:29.929,22423,22424,22424,2,2
2024-11-27 15:03:30.043,22424,22425,22425,1,1
2024-11-27 15:03:30.043,22424,22425,22425,1,1
2024-11-27 15:03:30.043,22424,22425,22425,1,1
2024-11-27 15:03:30.044,22424,22425,22426,1,1
2024-11-27 15:03:30.044,22424,22425,22426,1,1
2024-11-27 15:03:30.044,22424,22425,22426,1,1
2024-11-27 15:03:30.044,22424,22425,22427,1,1
2024-11-27 15:03:30.172,22425,22428,22425,1,-1
2024-11-27 15:03:30.696,22423,22425,22423,1,-1
2024-11-27 15:03:30.764,22423,22425,22425,1,1
2024-11-27 15:03:31.404,22423,22426,22425,1,1
2024-11-27 15:03:33.672,22424,22426,22424,1,-1
2024-11-27 15:03:36.198,22424,22426,22426,3,3
2024-11-27 15:03:36.199,22424,22426,22426,2,2
2024-11-27 15:03:36.514,22424,22427,22427,2,2
2024-11-27 15:03:37.250,22424,22427,22427,2,2
2024-11-27 15:03:37.295,22425,22427,22427,1,1
2024-11-27 15:03:38.688,22424,22427,22424,1,-1
2024-11-27 15:03:40.017,22424,22426,22425,2,-2
2024-11-27 15:03:40.144,22424,22426,22424,1,-1
2024-11-27 15:03:41.730,22424,22426,22425,1,-1
2024-11-27 15:03:42.820,22424,22426,22424,1,-1
2024-11-27 15:03:43.332,22423,22425,22423,2,-2
2024-11-27 15:03:44.432,22421,22424,22423,1,1
2024-11-27 15:03:44.444,22421,22424,22423,1,1
2024-11-27 15:03:44.990,22422,22424,22424,1,1
2024-11-27 15:03:46.329,22422,22424,22425,8,8
2024-11-27 15:03:46.329,22422,22424,22424,1,1
2024-11-27 15:03:46.330,22422,22424,22425,11,11
2024-11-27 15:03:47.086,22422,22425,22425,2,2
2024-11-27 15:03:47.261,22422,22426,22422,1,-1
2024-11-27 15:03:48.376,22422,22425,22422,2,-2
2024-11-27 15:03:51.401,22421,22423,22423,2,2
2024-11-27 15:03:53.076,22421,22423,22423,3,3
2024-11-27 15:03:54.502,22423,22424,22423,1,-1
2024-11-27 15:03:55.587,22422,22425,22422,2,-2
2024-11-27 15:03:56.101,22422,22425,22422,5,-5
2024-11-27 15:03:56.101,22422,22425,22421,5,-5
2024-11-27 15:03:56.323,22421,22424,22421,1,-1
2024-11-27 15:03:58.535,22422,22425,22424,1,1
2024-11-27 15:04:01.566,22421,22424,22421,1,-1
2024-11-27 15:04:01.990,22422,22425,22425,2,2
2024-11-27 15:04:01.994,22422,22425,22422,1,-1
2024-11-27 15:04:02.294,22422,22425,22425,2,2
2024-11-27 15:04:02.411,22422,22425,22422,1,-1
2024-11-27 15:04:02.417,22422,22425,22425,1,1
2024-11-27 15:04:02.418,22422,22425,22425,1,1
2024-11-27 15:04:02.418,22422,22425,22426,1,1
2024-11-27 15:04:02.418,22422,22425,22425,1,1
2024-11-27 15:04:03.002,22423,22426,22423,1,-1
2024-11-27 15:04:04.896,22422,22424,22424,1,1
2024-11-27 15:04:07.015,22422,22425,22422,1,-1
2024-11-27 15:04:09.325,22422,22424,22422,1,-1
2024-11-27 15:04:09.419,22421,22423,22424,1,1
2024-11-27 15:04:09.419,22421,22423,22423,1,1
2024-11-27 15:04:09.419,22421,22423,22424,1,1
2024-11-27 15:04:09.419,22421,22423,22424,1,1
2024-11-27 15:04:09.429,22421,22423,22425,1,1
2024-11-27 15:04:10.397,22422,22425,22422,2,-2
2024-11-27 15:04:12.846,22422,22424,22422,1,-1
2024-11-27 15:04:13.773,22422,22424,22424,1,1
2024-11-27 15:04:14.571,22423,22425,22425,1,1
2024-11-27 15:04:20.670,22421,22423,22421,4,-4
2024-11-27 15:04:20.671,22421,22423,22421,1,-1
2024-11-27 15:04:20.672,22421,22423,22420,2,-2
2024-11-27 15:04:20.673,22421,22423,22420,11,-11
2024-11-27 15:04:20.673,22421,22423,22420,2,-2
2024-11-27 15:04:20.673,22421,22423,22420,4,-4
2024-11-27 15:04:20.673,22421,22423,22420,4,-4
2024-11-27 15:04:20.673,22421,22423,22420,1,-1
2024-11-27 15:04:20.674,22421,22423,22419,2,-2
2024-11-27 15:04:29.272,22418,22421,22418,3,-3
2024-11-27 15:04:29.294,22418,22421,22421,1,1
2024-11-27 15:04:29.294,22418,22421,22421,1,1
2024-11-27 15:04:29.294,22418,22421,22422,1,1
2024-11-27 15:04:29.294,22418,22421,22421,1,1
2024-11-27 15:04:29.294,22418,22421,22421,1,1
2024-11-27 15:04:29.295,22418,22421,22422,1,1
2024-11-27 15:04:29.295,22418,22421,22422,1,1
2024-11-27 15:04:29.299,22418,22421,22423,1,1
2024-11-27 15:04:29.507,22420,22423,22420,1,-1
2024-11-27 15:04:29.702,22419,22423,22419,1,-1
2024-11-27 15:04:31.708,22418,22420,22420,1,1
2024-11-27 15:04:31.793,22419,22422,22422,1,1
2024-11-27 15:04:31.794,22419,22422,22423,1,1
2024-11-27 15:04:31.794,22419,22422,22423,1,1
2024-11-27 15:04:31.794,22419,22422,22422,1,1
2024-11-27 15:04:31.794,22419,22422,22423,1,1
2024-11-27 15:04:31.795,22419,22422,22423,1,1
2024-11-27 15:04:31.799,22419,22422,22424,1,1
2024-11-27 15:04:31.911,22419,22422,22424,1,1
2024-11-27 15:04:32.542,22422,22425,22422,2,-2
2024-11-27 15:04:34.438,22422,22425,22422,1,-1
2024-11-27 15:04:34.446,22422,22425,22425,1,1
2024-11-27 15:04:35.423,22422,22425,22425,11,11
2024-11-27 15:04:35.424,22422,22425,22426,4,4
2024-11-27 15:04:35.424,22422,22425,22426,1,1
2024-11-27 15:04:35.424,22422,22425,22426,1,1
2024-11-27 15:04:35.424,22422,22425,22426,2,2
2024-11-27 15:04:35.425,22422,22425,22426,1,1
2024-11-27 15:04:35.426,22422,22425,22426,3,3
2024-11-27 15:04:36.505,22425,22427,22427,1,1
2024-11-27 15:04:36.543,22424,22426,22426,1,1
2024-11-27 15:04:36.601,22424,22426,22424,2,-2
2024-11-27 15:04:41.340,22424,22426,22424,1,-1
2024-11-27 15:04:43.952,22422,22424,22424,1,1
2024-11-27 15:04:45.259,22423,22424,22425,1,1
2024-11-27 15:04:45.259,22423,22424,22424,1,1
2024-11-27 15:04:46.155,22423,22426,22423,1,-1
2024-11-27 15:04:48.730,22423,22425,22423,1,-1
2024-11-27 15:04:50.425,22420,22423,22423,4,4
2024-11-27 15:04:57.868,22422,22424,22424,1,1
2024-11-27 15:04:58.362,22424,22425,22424,1,-1
2024-11-27 15:05:00.399,22424,22425,22425,1,1
2024-11-27 15:05:00.421,22424,22425,22425,1,1
2024-11-27 15:05:00.421,22424,22425,22425,3,3
2024-11-27 15:05:00.422,22424,22425,22426,1,1
2024-11-27 15:05:00.426,22424,22425,22426,1,1
2024-11-27 15:05:00.427,22424,22425,22426,1,1
2024-11-27 15:05:00.503,22424,22425,22427,4,4
2024-11-27 15:05:00.503,22424,22425,22428,1,1
2024-11-27 15:05:00.506,22424,22425,22428,2,2
2024-11-27 15:05:00.508,22424,22425,22428,3,3
2024-11-27 15:05:00.511,22424,22425,22428,2,2
2024-11-27 15:05:00.512,22424,22425,22429,6,6
2024-11-27 15:05:00.512,22424,22425,22429,1,1
2024-11-27 15:05:00.512,22424,22425,22429,2,2
2024-11-27 15:05:00.512,22424,22425,22428,2,2
2024-11-27 15:05:00.563,22429,22430,22429,1,-1
2024-11-27 15:05:00.564,22429,22430,22429,1,-1
2024-11-27 15:05:00.631,22429,22430,22428,1,-1
2024-11-27 15:05:00.716,22427,22429,22429,1,1
2024-11-27 15:05:00.815,22426,22429,22429,1,1
2024-11-27 15:05:00.891,22426,22429,22429,3,3
2024-11-27 15:05:00.891,22426,22429,22430,13,13
2024-11-27 15:05:00.928,22427,22430,22432,8,8
2024-11-27 15:05:00.928,22427,22430,22430,15,15
2024-11-27 15:05:00.928,22427,22430,22431,8,8
2024-11-27 15:05:00.929,22427,22430,22432,2,2
2024-11-27 15:05:01.053,22432,22433,22433,1,1
2024-11-27 15:05:01.093,22432,22433,22433,1,1
2024-11-27 15:05:01.093,22432,22433,22434,1,1
2024-11-27 15:05:01.237,22432,22433,22433,1,1
2024-11-27 15:05:01.241,22432,22433,22434,1,1
2024-11-27 15:05:01.252,22432,22433,22434,1,1
2024-11-27 15:05:01.258,22432,22433,22435,1,1
2024-11-27 15:05:01.260,22432,22433,22435,1,1
2024-11-27 15:05:01.260,22432,22433,22435,1,1
2024-11-27 15:05:01.270,22432,22433,22435,1,1
2024-11-27 15:05:01.297,22433,22435,22433,1,-1
2024-11-27 15:05:01.374,22433,22435,22435,1,1
2024-11-27 15:05:01.479,22433,22436,22435,2,2
2024-11-27 15:05:01.479,22433,22436,22436,3,3
2024-11-27 15:05:01.526,22433,22436,22435,1,1
2024-11-27 15:05:02.282,22433,22435,22433,1,-1
2024-11-27 15:05:02.409,22432,22435,22435,2,2
2024-11-27 15:05:02.493,22432,22435,22435,1,1
2024-11-27 15:05:02.493,22432,22435,22435,1,1
2024-11-27 15:05:02.493,22432,22435,22436,1,1
2024-11-27 15:05:02.493,22432,22435,22436,1,1
2024-11-27 15:05:02.494,22432,22435,22436,1,1
2024-11-27 15:05:02.495,22432,22435,22437,1,1
2024-11-27 15:05:02.496,22432,22435,22437,1,1
2024-11-27 15:05:02.626,22435,22437,22435,1,-1
2024-11-27 15:05:02.678,22435,22437,22437,1,1
2024-11-27 15:05:03.100,22434,22436,22436,1,1
2024-11-27 15:05:03.483,22434,22436,22436,1,1
2024-11-27 15:05:03.627,22435,22437,22437,1,1
2024-11-27 15:05:03.628,22435,22437,22437,3,3
2024-11-27 15:05:03.691,22436,22438,22437,1,1
2024-11-27 15:05:03.921,22436,22438,22446,5,5
2024-11-27 15:05:03.921,22436,22438,22445,8,8
2024-11-27 15:05:03.921,22436,22438,22444,12,12
2024-11-27 15:05:03.921,22436,22438,22443,4,4
2024-11-27 15:05:03.921,22436,22438,22441,5,5
2024-11-27 15:05:03.921,22436,22438,22440,12,12
2024-11-27 15:05:03.921,22436,22438,22439,5,5
2024-11-27 15:05:03.921,22436,22438,22438,5,5
2024-11-27 15:05:03.921,22436,22438,22442,4,4
2024-11-27 15:05:04.085,22439,22442,22442,1,1
2024-11-27 15:05:04.085,22439,22442,22443,1,1
2024-11-27 15:05:04.107,22439,22442,22443,2,2
2024-11-27 15:05:04.113,22439,22442,22444,2,2
2024-11-27 15:05:04.116,22439,22442,22444,1,1
2024-11-27 15:05:04.137,22439,22442,22444,1,1
2024-11-27 15:05:04.139,22439,22442,22444,2,2
2024-11-27 15:05:04.148,22439,22442,22445,2,2
2024-11-27 15:05:04.167,22443,22445,22443,1,-1
2024-11-27 15:05:04.285,22443,22445,22440,1,-1
2024-11-27 15:05:04.376,22439,22443,22439,1,-1
2024-11-27 15:05:04.395,22439,22443,22438,1,-1
2024-11-27 15:05:04.567,22438,22441,22441,1,1
2024-11-27 15:05:04.628,22438,22441,22441,1,1
2024-11-27 15:05:04.918,22437,22441,22442,1,1
2024-11-27 15:05:04.918,22437,22441,22441,4,4
2024-11-27 15:05:05.467,22438,22442,22438,1,-1
2024-11-27 15:05:05.510,22438,22442,22441,1,1
2024-11-27 15:05:05.807,22438,22441,22438,1,-1
2024-11-27 15:05:05.807,22438,22441,22437,2,-2
2024-11-27 15:05:06.111,22437,22440,22440,2,2
2024-11-27 15:05:06.267,22437,22440,22440,1,1
2024-11-27 15:05:06.285,22437,22440,22437,1,-1
2024-11-27 15:05:06.456,22436,22439,22439,1,1
2024-11-27 15:05:06.531,22436,22439,22439,1,1
2024-11-27 15:05:06.792,22436,22439,22439,1,1
2024-11-27 15:05:07.637,22436,22438,22438,1,1
2024-11-27 15:05:07.668,22436,22438,22438,1,1
2024-11-27 15:05:07.668,22436,22438,22438,1,1
2024-11-27 15:05:07.668,22436,22438,22439,1,1
2024-11-27 15:05:07.669,22436,22438,22440,1,1
2024-11-27 15:05:07.669,22436,22438,22440,1,1
2024-11-27 15:05:07.669,22436,22438,22440,1,1
2024-11-27 15:05:07.669,22436,22438,22439,1,1
2024-11-27 15:05:07.669,22436,22438,22439,1,1
2024-11-27 15:05:07.809,22437,22440,22440,1,1
2024-11-27 15:05:08.005,22439,22441,22441,2,2
2024-11-27 15:05:08.426,22441,22442,22441,1,-1
2024-11-27 15:05:08.448,22441,22442,22442,1,1
2024-11-27 15:05:08.787,22440,22443,22442,2,2
2024-11-27 15:05:08.787,22440,22443,22443,2,2
2024-11-27 15:05:08.936,22440,22443,22443,2,2
2024-11-27 15:05:09.079,22440,22443,22443,1,1
2024-11-27 15:05:09.186,22442,22444,22444,1,1
2024-11-27 15:05:09.709,22441,22443,22443,3,3
2024-11-27 15:05:10.951,22442,22444,22444,1,1
2024-11-27 15:05:11.073,22442,22445,22445,5,5
2024-11-27 15:05:11.313,22443,22445,22443,1,-1
2024-11-27 15:05:11.991,22442,22445,22442,1,-1
2024-11-27 15:05:12.303,22442,22445,22445,1,1
2024-11-27 15:05:13.669,22442,22445,22442,1,-1
2024-11-27 15:05:15.349,22442,22443,22443,1,1
2024-11-27 15:05:18.118,22442,22443,22443,1,1
2024-11-27 15:05:18.118,22442,22443,22443,1,1
2024-11-27 15:05:18.430,22442,22444,22444,2,2
2024-11-27 15:05:18.545,22442,22444,22442,1,-1
2024-11-27 15:05:18.855,22442,22443,22442,1,-1
2024-11-27 15:05:18.946,22442,22443,22442,3,-3
2024-11-27 15:05:18.988,22442,22443,22441,1,-1
2024-11-27 15:05:19.262,22440,22442,22440,1,-1
2024-11-27 15:05:19.293,22440,22442,22442,1,1
2024-11-27 15:05:19.294,22440,22442,22443,1,1
2024-11-27 15:05:19.294,22440,22442,22443,1,1
2024-11-27 15:05:19.294,22440,22442,22443,1,1
2024-11-27 15:05:19.294,22440,22442,22442,1,1
2024-11-27 15:05:19.294,22440,22442,22442,1,1
2024-11-27 15:05:19.428,22441,22443,22443,1,1
2024-11-27 15:05:20.843,22440,22443,22443,2,2
2024-11-27 15:05:20.843,22440,22443,22443,5,5
2024-11-27 15:05:20.843,22440,22443,22443,3,3
2024-11-27 15:05:22.516,22440,22444,22442,1,1
2024-11-27 15:05:22.618,22440,22443,22443,2,2
2024-11-27 15:05:22.618,22440,22443,22444,2,2
2024-11-27 15:05:22.619,22440,22443,22444,2,2
2024-11-27 15:05:22.715,22442,22445,22445,2,2
2024-11-27 15:05:23.106,22442,22445,22445,1,1
2024-11-27 15:05:23.664,22444,22446,22446,1,1
2024-11-27 15:05:23.987,22444,22446,22444,1,-1
2024-11-27 15:05:24.731,22443,22446,22443,6,-6
2024-11-27 15:05:24.731,22443,22446,22442,7,-7
2024-11-27 15:05:24.731,22443,22446,22441,1,-1
2024-11-27 15:05:24.766,22443,22446,22442,1,-1
2024-11-27 15:05:25.308,22441,22444,22444,2,2
2024-11-27 15:05:25.308,22441,22444,22444,1,1
2024-11-27 15:05:25.308,22441,22444,22444,3,3
2024-11-27 15:05:25.357,22441,22444,22442,1,-1
2024-11-27 15:05:25.473,22441,22445,22441,2,-2
2024-11-27 15:05:28.083,22440,22441,22441,1,1
2024-11-27 15:05:28.581,22440,22442,22440,2,-2
2024-11-27 15:05:28.806,22440,22442,22442,1,1
2024-11-27 15:05:29.044,22440,22442,22442,1,1
2024-11-27 15:05:29.169,22440,22443,22443,1,1
2024-11-27 15:05:29.324,22441,22444,22441,1,-1
2024-11-27 15:05:30.720,22442,22444,22442,1,-1
2024-11-27 15:05:31.902,22441,22443,22443,2,2
2024-11-27 15:05:32.136,22441,22444,22444,1,1
2024-11-27 15:05:32.883,22441,22442,22442,2,2
2024-11-27 15:05:35.661,22441,22444,22441,1,-1
2024-11-27 15:05:35.910,22441,22444,22441,1,-1
2024-11-27 15:05:36.539,22441,22444,22441,1,-1
2024-11-27 15:05:36.543,22441,22444,22444,1,1
2024-11-27 15:05:36.543,22441,22444,22444,1,1
2024-11-27 15:05:36.544,22441,22444,22445,1,1
2024-11-27 15:05:36.765,22442,22445,22442,1,-1
2024-11-27 15:05:41.898,22442,22444,22442,1,-1
2024-11-27 15:05:42.774,22442,22444,22444,1,1
2024-11-27 15:05:42.971,22442,22444,22444,2,2
2024-11-27 15:05:43.993,22442,22445,22445,1,1
2024-11-27 15:05:46.238,22441,22444,22441,1,-1
2024-11-27 15:05:46.590,22441,22444,22441,1,-1
2024-11-27 15:05:47.594,22441,22443,22441,1,-1
2024-11-27 15:05:47.601,22441,22443,22441,1,-1
2024-11-27 15:05:47.669,22440,22442,22443,1,1
2024-11-27 15:05:47.669,22440,22442,22442,1,1
2024-11-27 15:05:48.967,22440,22443,22443,2,2
2024-11-27 15:05:48.967,22440,22443,22444,9,9
2024-11-27 15:05:50.694,22442,22445,22442,1,-1
2024-11-27 15:05:51.038,22441,22445,22441,1,-1
2024-11-27 15:05:52.065,22442,22445,22442,2,-2
2024-11-27 15:05:53.738,22442,22444,22443,1,-1
2024-11-27 15:05:54.903,22442,22444,22442,1,-1
2024-11-27 15:05:59.086,22441,22443,22440,21,-21
2024-11-27 15:05:59.086,22441,22443,22441,1,-1
2024-11-27 15:05:59.087,22441,22443,22440,4,-4
2024-11-27 15:05:59.087,22441,22443,22439,1,-1
2024-11-27 15:05:59.087,22441,22443,22439,1,-1
2024-11-27 15:05:59.088,22441,22443,22438,4,-4
2024-11-27 15:05:59.205,22437,22439,22437,1,-1
2024-11-27 15:05:59.205,22437,22439,22437,2,-2
2024-11-27 15:05:59.275,22437,22439,22438,1,-1
2024-11-27 15:05:59.993,22437,22440,22440,1,1
2024-11-27 15:06:00.644,22437,22440,22440,2,2
2024-11-27 15:06:00.673,22438,22440,22440,1,1
2024-11-27 15:06:00.710,22438,22440,22442,1,1
2024-11-27 15:06:00.787,22438,22440,22442,1,1
2024-11-27 15:06:00.852,22439,22442,22442,1,1
2024-11-27 15:06:00.857,22439,22442,22442,1,1
2024-11-27 15:06:00.873,22439,22442,22443,1,1
2024-11-27 15:06:00.875,22439,22442,22440,2,-2
2024-11-27 15:06:00.876,22439,22442,22439,4,-4
2024-11-27 15:06:00.877,22439,22442,22441,1,1
2024-11-27 15:06:01.306,22438,22441,22438,2,-2
2024-11-27 15:06:01.418,22437,22440,22440,1,1
2024-11-27 15:06:01.418,22437,22440,22441,1,1
2024-11-27 15:06:01.418,22437,22440,22441,1,1
2024-11-27 15:06:01.422,22437,22440,22441,1,1
2024-11-27 15:06:01.687,22438,22442,22442,1,1
2024-11-27 15:06:01.688,22438,22442,22439,1,-1
2024-11-27 15:06:01.688,22438,22442,22439,1,-1
2024-11-27 15:06:03.349,22437,22439,22439,1,1
2024-11-27 15:06:03.350,22437,22439,22437,5,-5
2024-11-27 15:06:06.224,22437,22440,22437,1,-1
2024-11-27 15:06:06.383,22436,22438,22436,3,-3
2024-11-27 15:06:06.383,22436,22438,22435,1,-1
2024-11-27 15:06:06.384,22436,22438,22435,3,-3
2024-11-27 15:06:09.320,22435,22436,22436,1,1
2024-11-27 15:06:09.419,22435,22438,22438,1,1
2024-11-27 15:06:09.419,22435,22438,22438,1,1
2024-11-27 15:06:09.419,22435,22438,22439,1,1
2024-11-27 15:06:10.021,22436,22439,22436,1,-1
2024-11-27 15:06:12.160,22436,22439,22439,1,1
2024-11-27 15:06:14.065,22436,22439,22439,1,1
2024-11-27 15:06:14.086,22436,22439,22438,1,1
2024-11-27 15:06:15.060,22437,22439,22439,1,1
2024-11-27 15:06:15.060,22437,22439,22440,2,2
2024-11-27 15:06:15.971,22438,22441,22438,1,-1
2024-11-27 15:06:16.920,22437,22440,22440,1,1
2024-11-27 15:06:18.162,22438,22441,22440,3,3
2024-11-27 15:06:18.811,22440,22442,22440,1,-1
2024-11-27 15:06:18.964,22440,22442,22440,1,-1
2024-11-27 15:06:19.224,22438,22441,22441,1,1
2024-11-27 15:06:19.293,22438,22441,22441,1,1
2024-11-27 15:06:19.294,22438,22441,22442,1,1
2024-11-27 15:06:19.294,22438,22441,22441,1,1
2024-11-27 15:06:19.295,22438,22441,22442,1,1
2024-11-27 15:06:19.295,22438,22441,22442,1,1
2024-11-27 15:06:20.260,22440,22442,22440,1,-1
2024-11-27 15:06:21.181,22439,22442,22439,3,-3
2024-11-27 15:06:23.978,22437,22440,22437,2,-2
2024-11-27 15:06:24.214,22437,22440,22437,1,-1
2024-11-27 15:06:27.446,22437,22440,22438,1,-1
2024-11-27 15:06:28.421,22437,22440,22437,1,-1
2024-11-27 15:06:28.543,22437,22440,22440,1,1
2024-11-27 15:06:28.544,22437,22440,22440,1,1
2024-11-27 15:06:28.912,22438,22441,22438,2,-2
2024-11-27 15:06:30.491,22437,22440,22439,1,1
2024-11-27 15:06:33.134,22438,22440,22440,1,1
2024-11-27 15:06:33.135,22438,22440,22440,1,1
2024-11-27 15:06:33.135,22438,22440,22440,1,1
2024-11-27 15:06:34.495,22440,22441,22441,1,1
2024-11-27 15:06:34.570,22440,22442,22440,1,-1
2024-11-27 15:06:35.481,22440,22442,22442,1,1
2024-11-27 15:06:36.423,22440,22442,22440,1,-1
2024-11-27 15:06:38.091,22440,22441,22440,1,-1
2024-11-27 15:06:38.184,22440,22441,22440,1,-1
2024-11-27 15:06:38.399,22439,22441,22441,1,1
2024-11-27 15:06:39.541,22440,22442,22442,2,2
2024-11-27 15:06:39.541,22440,22442,22442,8,8
2024-11-27 15:06:39.542,22440,22442,22441,1,1
2024-11-27 15:06:39.542,22440,22442,22441,4,4
2024-11-27 15:06:39.803,22441,22442,22442,1,1
2024-11-27 15:06:40.728,22441,22443,22443,3,3
2024-11-27 15:06:40.728,22441,22443,22443,4,4
2024-11-27 15:06:40.729,22441,22443,22444,1,1
2024-11-27 15:06:40.729,22441,22443,22444,2,2
2024-11-27 15:06:40.729,22441,22443,22444,11,11
2024-11-27 15:06:41.123,22444,22445,22445,3,3
2024-11-27 15:06:41.123,22444,22445,22446,5,5
2024-11-27 15:06:41.292,22445,22447,22447,1,1
2024-11-27 15:06:41.448,22446,22447,22446,1,-1
2024-11-27 15:06:42.059,22444,22447,22447,1,1
2024-11-27 15:06:43.263,22445,22447,22447,1,1
2024-11-27 15:06:44.331,22447,22448,22447,2,-2
2024-11-27 15:06:44.544,22445,22447,22445,1,-1
2024-11-27 15:06:49.224,22445,22447,22447,1,1
2024-11-27 15:06:49.294,22445,22447,22447,1,1
2024-11-27 15:06:54.328,22446,22447,22446,1,-1
2024-11-27 15:06:54.705,22445,22447,22447,1,1
2024-11-27 15:07:01.098,22446,22447,22446,1,-1
2024-11-27 15:07:01.098,22446,22447,22446,1,-1
2024-11-27 15:07:01.100,22446,22447,22445,8,-8
2024-11-27 15:07:01.169,22441,22444,22444,1,1
2024-11-27 15:07:01.170,22441,22444,22444,1,1
2024-11-27 15:07:01.571,22443,22445,22445,1,1
2024-11-27 15:07:01.571,22443,22445,22446,1,1
2024-11-27 15:07:04.299,22446,22447,22446,1,-1
2024-11-27 15:07:04.419,22446,22447,22447,6,6
2024-11-27 15:07:04.419,22446,22447,22447,1,1
2024-11-27 15:07:04.419,22446,22447,22447,3,3
2024-11-27 15:07:04.419,22446,22447,22447,1,1
2024-11-27 15:07:04.419,22446,22447,22447,1,1
2024-11-27 15:07:04.419,22446,22447,22447,1,1
2024-11-27 15:07:04.847,22446,22448,22448,2,2
2024-11-27 15:07:04.874,22446,22448,22448,1,1
2024-11-27 15:07:04.938,22446,22448,22448,1,1
2024-11-27 15:07:05.127,22447,22449,22449,1,1
2024-11-27 15:07:05.226,22447,22449,22449,4,4
2024-11-27 15:07:05.226,22447,22449,22450,1,1
2024-11-27 15:07:05.264,22447,22449,22450,1,1
2024-11-27 15:07:05.331,22448,22450,22450,3,3
2024-11-27 15:07:05.332,22448,22450,22450,1,1
2024-11-27 15:07:05.332,22448,22450,22450,3,3
2024-11-27 15:07:05.333,22448,22450,22450,2,2
2024-11-27 15:07:05.333,22448,22450,22450,1,1
2024-11-27 15:07:05.333,22448,22450,22450,9,9
2024-11-27 15:07:05.440,22449,22451,22451,1,1
2024-11-27 15:07:05.440,22449,22451,22451,1,1
2024-11-27 15:07:05.603,22450,22452,22452,1,1
2024-11-27 15:07:05.755,22450,22452,22452,1,1
2024-11-27 15:07:05.844,22450,22452,22452,3,3
2024-11-27 15:07:05.855,22450,22452,22452,1,1
2024-11-27 15:07:05.869,22450,22452,22452,1,1
2024-11-27 15:07:05.871,22450,22452,22452,1,1
2024-11-27 15:07:05.938,22451,22452,22452,3,3
2024-11-27 15:07:05.938,22451,22452,22453,1,1
2024-11-27 15:07:05.946,22451,22452,22453,1,1
2024-11-27 15:07:06.032,22451,22452,22453,1,1
2024-11-27 15:07:06.071,22451,22453,22453,2,2
2024-11-27 15:07:06.362,22450,22452,22450,2,-2
2024-11-27 15:07:06.755,22449,22452,22449,1,-1
2024-11-27 15:07:07.092,22448,22451,22448,2,-2
2024-11-27 15:07:07.168,22447,22449,22449,1,1
2024-11-27 15:07:07.168,22447,22449,22449,1,1
2024-11-27 15:07:07.169,22447,22449,22450,1,1
2024-11-27 15:07:07.169,22447,22449,22450,1,1
2024-11-27 15:07:07.323,22448,22451,22448,1,-1
2024-11-27 15:07:08.001,22446,22448,22448,1,1
2024-11-27 15:07:08.879,22446,22448,22446,5,-5
2024-11-27 15:07:08.881,22446,22448,22445,1,-1
2024-11-27 15:07:09.694,22444,22446,22446,2,2
2024-11-27 15:07:10.071,22444,22445,22444,1,-1
2024-11-27 15:07:10.411,22443,22445,22443,1,-1
2024-11-27 15:07:10.411,22443,22445,22443,1,-1
2024-11-27 15:07:12.042,22442,22445,22442,3,-3
2024-11-27 15:07:12.699,22441,22443,22443,1,1
2024-11-27 15:07:15.676,22441,22443,22441,1,-1
2024-11-27 15:07:16.626,22441,22442,22441,1,-1
2024-11-27 15:07:17.605,22440,22441,22440,3,-3
2024-11-27 15:07:17.605,22440,22441,22440,3,-3
2024-11-27 15:07:17.798,22438,22440,22442,1,1
2024-11-27 15:07:17.798,22438,22440,22441,5,5
2024-11-27 15:07:17.798,22438,22440,22440,1,1
2024-11-27 15:07:20.800,22440,22441,22441,1,1
2024-11-27 15:07:20.918,22440,22441,22441,1,1
2024-11-27 15:07:20.918,22440,22441,22442,1,1
2024-11-27 15:07:20.919,22440,22441,22442,1,1
2024-11-27 15:07:21.023,22440,22441,22440,1,-1
2024-11-27 15:07:22.355,22440,22442,22442,1,1
2024-11-27 15:07:24.495,22440,22441,22440,1,-1
2024-11-27 15:07:26.130,22439,22440,22439,1,-1
2024-11-27 15:07:26.658,22438,22440,22440,1,1
2024-11-27 15:07:28.463,22438,22440,22440,1,1
2024-11-27 15:07:28.569,22438,22440,22440,1,1
2024-11-27 15:07:30.319,22438,22440,22438,2,-2
2024-11-27 15:07:30.319,22438,22440,22438,7,-7
2024-11-27 15:07:30.319,22438,22440,22438,2,-2
2024-11-27 15:07:31.057,22437,22439,22437,1,-1
2024-11-27 15:07:31.561,22437,22439,22437,1,-1
2024-11-27 15:07:33.340,22437,22439,22437,1,-1
2024-11-27 15:07:33.453,22437,22439,22437,8,-8
2024-11-27 15:07:33.501,22437,22439,22438,2,-2
2024-11-27 15:07:35.767,22436,22438,22436,4,-4
2024-11-27 15:07:35.768,22436,22438,22435,1,-1
2024-11-27 15:07:35.769,22436,22438,22435,3,-3
2024-11-27 15:07:35.806,22434,22436,22436,2,2
2024-11-27 15:07:36.002,22434,22437,22437,1,1
2024-11-27 15:07:37.749,22434,22436,22434,1,-1
2024-11-27 15:07:38.149,22434,22436,22434,1,-1
2024-11-27 15:07:38.149,22434,22436,22433,1,-1
2024-11-27 15:07:40.924,22433,22436,22433,2,-2
2024-11-27 15:07:42.275,22433,22436,22433,1,-1
2024-11-27 15:07:43.142,22433,22435,22433,2,-2
2024-11-27 15:07:43.168,22432,22433,22433,1,1
2024-11-27 15:07:43.691,22432,22433,22433,1,1
2024-11-27 15:07:47.563,22434,22435,22435,1,1
2024-11-27 15:07:47.664,22434,22435,22435,2,2
2024-11-27 15:07:47.963,22435,22436,22436,1,1
2024-11-27 15:07:50.712,22435,22437,22437,1,1
2024-11-27 15:07:50.794,22436,22438,22438,1,1
2024-11-27 15:07:52.415,22436,22439,22436,1,-1
2024-11-27 15:07:55.733,22437,22439,22437,1,-1
2024-11-27 15:07:57.948,22436,22439,22436,1,-1
2024-11-27 15:08:00.220,22436,22437,22436,1,-1
2024-11-27 15:08:02.755,22436,22437,22437,1,1
2024-11-27 15:08:04.159,22436,22439,22437,1,-1
2024-11-27 15:08:04.368,22437,22439,22439,2,2
2024-11-27 15:08:04.368,22437,22439,22440,1,1
2024-11-27 15:08:04.439,22438,22440,22440,2,2
2024-11-27 15:08:04.719,22438,22440,22440,1,1
2024-11-27 15:08:05.433,22438,22439,22439,1,1
2024-11-27 15:08:05.435,22438,22439,22440,3,3
2024-11-27 15:08:07.700,22440,22441,22441,2,2
2024-11-27 15:08:09.056,22441,22442,22441,1,-1
2024-11-27 15:08:09.725,22440,22442,22440,1,-1
2024-11-27 15:08:13.513,22439,22440,22440,1,1
2024-11-27 15:08:14.579,22440,22442,22442,1,1
2024-11-27 15:08:15.812,22440,22442,22442,1,1
2024-11-27 15:08:15.813,22440,22442,22443,1,1
2024-11-27 15:08:15.813,22440,22442,22443,4,4
2024-11-27 15:08:16.847,22442,22445,22442,4,-4
2024-11-27 15:08:17.062,22442,22444,22442,1,-1
2024-11-27 15:08:20.028,22442,22444,22444,2,2
2024-11-27 15:08:20.030,22442,22444,22445,12,12
2024-11-27 15:08:20.030,22442,22444,22445,1,1
2024-11-27 15:08:20.032,22442,22444,22446,7,7
2024-11-27 15:08:20.619,22446,22448,22446,1,-1
2024-11-27 15:08:28.230,22446,22448,22448,1,1
2024-11-27 15:08:28.234,22446,22448,22446,1,-1
2024-11-27 15:08:30.725,22446,22449,22446,1,-1
2024-11-27 15:08:32.111,22445,22447,22450,1,1
2024-11-27 15:08:32.111,22445,22447,22450,13,13
2024-11-27 15:08:32.111,22445,22447,22447,5,5
2024-11-27 15:08:32.111,22445,22447,22448,3,3
2024-11-27 15:08:32.111,22445,22447,22449,8,8
2024-11-27 15:08:32.112,22445,22447,22450,10,10
2024-11-27 15:08:32.113,22445,22447,22450,1,1
2024-11-27 15:08:32.148,22445,22447,22451,2,2
2024-11-27 15:08:32.258,22450,22452,22452,2,2
2024-11-27 15:08:32.259,22450,22452,22453,2,2
2024-11-27 15:08:32.259,22450,22452,22453,1,1
2024-11-27 15:08:32.259,22450,22452,22453,1,1
2024-11-27 15:08:32.267,22450,22452,22453,1,1
2024-11-27 15:08:32.349,22452,22454,22454,1,1
2024-11-27 15:08:32.493,22452,22454,22454,1,1
2024-11-27 15:08:32.699,22452,22454,22452,1,-1
2024-11-27 15:08:34.774,22450,22453,22450,2,-2
2024-11-27 15:08:35.180,22450,22453,22453,1,1
2024-11-27 15:08:35.671,22452,22453,22452,1,-1
2024-11-27 15:08:35.840,22450,22453,22450,2,-2
2024-11-27 15:08:38.992,22450,22453,22450,2,-2
2024-11-27 15:08:38.992,22450,22453,22449,2,-2
2024-11-27 15:08:40.996,22449,22450,22449,1,-1
2024-11-27 15:08:40.996,22449,22450,22449,1,-1
2024-11-27 15:08:40.996,22449,22450,22449,1,-1
2024-11-27 15:08:41.363,22447,22450,22450,1,1
2024-11-27 15:08:43.931,22446,22449,22449,1,1
2024-11-27 15:08:45.972,22445,22448,22448,1,1
2024-11-27 15:08:46.767,22445,22448,22446,1,-1
2024-11-27 15:08:49.631,22445,22448,22445,1,-1
2024-11-27 15:08:49.690,22445,22448,22445,2,-2
2024-11-27 15:08:50.229,22445,22447,22445,1,-1
2024-11-27 15:08:50.811,22442,22445,22445,1,1
2024-11-27 15:08:51.557,22442,22445,22445,1,1
2024-11-27 15:08:55.015,22442,22444,22444,1,1
2024-11-27 15:08:57.089,22442,22445,22444,1,1
2024-11-27 15:08:57.176,22443,22445,22443,1,-1
2024-11-27 15:09:01.057,22440,22441,22440,1,-1
2024-11-27 15:09:02.090,22440,22441,22440,1,-1
2024-11-27 15:09:03.812,22439,22441,22441,1,1
2024-11-27 15:09:04.816,22442,22444,22444,1,1
2024-11-27 15:09:05.781,22443,22445,22445,1,1
2024-11-27 15:09:06.580,22443,22446,22444,1,-1
2024-11-27 15:09:09.063,22444,22446,22446,1,1
2024-11-27 15:09:10.935,22444,22447,22447,1,1
2024-11-27 15:09:13.614,22444,22447,22444,1,-1
2024-11-27 15:09:13.848,22443,22445,22443,2,-2
2024-11-27 15:09:17.827,22440,22444,22443,1,1
2024-11-27 15:09:22.876,22440,22443,22444,1,1
2024-11-27 15:09:22.876,22440,22443,22443,3,3
2024-11-27 15:09:23.650,22440,22444,22443,1,1
2024-11-27 15:09:30.163,22441,22443,22443,2,2
2024-11-27 15:09:30.680,22443,22445,22443,2,-2
2024-11-27 15:09:32.329,22442,22445,22445,1,1
2024-11-27 15:09:36.395,22443,22445,22443,4,-4
2024-11-27 15:09:40.916,22443,22445,22443,1,-1
2024-11-27 15:09:48.832,22441,22444,22444,1,1
2024-11-27 15:09:49.770,22441,22444,22443,1,1
2024-11-27 15:09:53.254,22441,22442,22442,2,2
2024-11-27 15:09:58.331,22442,22444,22442,1,-1
2024-11-27 15:10:01.090,22442,22444,22442,1,-1
2024-11-27 15:10:01.172,22441,22444,22444,1,1
2024-11-27 15:10:01.530,22441,22444,22444,1,1
2024-11-27 15:10:01.585,22441,22445,22445,1,1
2024-11-27 15:10:06.569,22442,22445,22442,1,-1
2024-11-27 15:10:06.668,22441,22443,22443,1,1
2024-11-27 15:10:06.669,22441,22443,22443,1,1
2024-11-27 15:10:07.109,22441,22443,22440,2,-2
2024-11-27 15:10:07.109,22441,22443,22440,1,-1
2024-11-27 15:10:07.109,22441,22443,22440,2,-2
2024-11-27 15:10:07.109,22441,22443,22441,15,-15
2024-11-27 15:10:09.703,22438,22440,22438,2,-2
2024-11-27 15:10:09.703,22438,22440,22437,4,-4
2024-11-27 15:10:09.703,22438,22440,22436,2,-2
2024-11-27 15:10:09.909,22436,22439,22439,1,1
2024-11-27 15:10:12.812,22435,22438,22437,1,1
2024-11-27 15:10:16.825,22435,22437,22435,1,-1
2024-11-27 15:10:18.162,22434,22436,22436,4,4
2024-11-27 15:10:18.705,22434,22436,22434,1,-1
2024-11-27 15:10:19.853,22434,22436,22434,1,-1
2024-11-27 15:10:19.919,22432,22436,22436,1,1
2024-11-27 15:10:19.920,22432,22436,22436,1,1
2024-11-27 15:10:20.188,22434,22436,22434,1,-1
2024-11-27 15:10:23.388,22434,22435,22434,2,-2
2024-11-27 15:10:25.051,22432,22434,22434,3,3
2024-11-27 15:10:25.051,22432,22434,22435,2,2
2024-11-27 15:10:25.369,22432,22435,22435,1,1
2024-11-27 15:10:26.553,22432,22435,22435,1,1
2024-11-27 15:10:27.275,22432,22435,22435,1,1
2024-11-27 15:10:27.294,22432,22435,22435,1,1
2024-11-27 15:10:27.294,22432,22435,22435,1,1
2024-11-27 15:10:30.296,22433,22436,22436,1,1
2024-11-27 15:10:30.296,22433,22436,22437,2,2
2024-11-27 15:10:34.240,22435,22437,22437,2,2
2024-11-27 15:10:35.052,22437,22439,22438,1,1
2024-11-27 15:10:35.052,22437,22439,22439,1,1
2024-11-27 15:10:35.073,22437,22439,22440,1,1
2024-11-27 15:10:35.148,22437,22439,22441,1,1
2024-11-27 15:10:35.252,22441,22444,22444,1,1
2024-11-27 15:10:35.267,22441,22444,22444,1,1
2024-11-27 15:10:35.462,22442,22444,22444,1,1
2024-11-27 15:10:36.169,22442,22444,22444,1,1
2024-11-27 15:10:36.986,22442,22445,22444,3,3
2024-11-27 15:10:37.386,22444,22445,22444,2,-2
2024-11-27 15:10:45.571,22441,22444,22441,1,-1
2024-11-27 15:10:45.789,22441,22444,22444,1,1
2024-11-27 15:10:48.607,22441,22444,22442,1,-1
2024-11-27 15:10:48.669,22441,22444,22444,1,1
2024-11-27 15:10:54.108,22442,22444,22442,1,-1
2024-11-27 15:10:56.990,22442,22444,22442,1,-1
2024-11-27 15:10:57.301,22442,22444,22444,5,5
2024-11-27 15:11:00.619,22443,22445,22445,1,1
2024-11-27 15:11:00.640,22443,22445,22445,1,1
2024-11-27 15:11:00.640,22443,22445,22445,6,6
2024-11-27 15:11:00.640,22443,22445,22445,2,2
2024-11-27 15:11:00.640,22443,22445,22445,5,5
2024-11-27 15:11:00.726,22445,22447,22447,1,1
2024-11-27 15:11:01.179,22445,22447,22447,1,1
2024-11-27 15:11:01.180,22445,22447,22447,1,1
2024-11-27 15:11:01.629,22447,22449,22449,1,1
2024-11-27 15:11:02.464,22447,22449,22447,1,-1
2024-11-27 15:11:02.679,22446,22448,22448,2,2
2024-11-27 15:11:02.679,22446,22448,22449,1,1
2024-11-27 15:11:03.323,22447,22449,22447,1,-1
2024-11-27 15:11:03.342,22447,22449,22447,1,-1
2024-11-27 15:11:03.342,22447,22449,22446,1,-1
2024-11-27 15:11:04.060,22447,22449,22449,1,1
2024-11-27 15:11:10.391,22442,22445,22445,1,1
2024-11-27 15:11:14.579,22442,22445,22444,1,1
2024-11-27 15:11:16.422,22440,22444,22444,1,1
2024-11-27 15:11:16.706,22441,22444,22444,1,1
2024-11-27 15:11:18.802,22443,22444,22444,1,1
2024-11-27 15:11:20.006,22443,22446,22443,1,-1
2024-11-27 15:11:34.759,22443,22444,22444,1,1
2024-11-27 15:11:34.759,22443,22444,22444,1,1
2024-11-27 15:11:36.470,22445,22446,22446,2,2
2024-11-27 15:11:36.518,22445,22446,22447,1,1
2024-11-27 15:11:36.798,22446,22449,22446,1,-1
2024-11-27 15:11:40.950,22445,22448,22448,1,1
2024-11-27 15:11:44.310,22445,22447,22445,1,-1
2024-11-27 15:11:46.167,22445,22446,22446,1,1
2024-11-27 15:11:46.167,22445,22446,22446,1,1
2024-11-27 15:11:47.167,22445,22448,22448,1,1
2024-11-27 15:11:54.722,22445,22447,22447,1,1
2024-11-27 15:11:55.157,22445,22447,22445,1,-1
2024-11-27 15:12:01.125,22445,22446,22446,1,1
2024-11-27 15:12:01.125,22445,22446,22446,1,1
2024-11-27 15:12:01.125,22445,22446,22446,1,1
2024-11-27 15:12:05.716,22445,22447,22447,2,2
2024-11-27 15:12:06.833,22445,22447,22445,1,-1
2024-11-27 15:12:06.834,22445,22447,22444,1,-1
2024-11-27 15:12:06.834,22445,22447,22444,1,-1
2024-11-27 15:12:06.859,22445,22447,22445,1,-1
2024-11-27 15:12:07.583,22443,22445,22445,1,1
2024-11-27 15:12:12.610,22444,22446,22446,1,1
2024-11-27 15:12:14.381,22444,22446,22444,1,-1
2024-11-27 15:12:18.644,22444,22446,22444,1,-1
2024-11-27 15:12:18.645,22444,22446,22444,2,-2
2024-11-27 15:12:19.099,22443,22445,22445,1,1
2024-11-27 15:12:22.809,22445,22446,22445,1,-1
2024-11-27 15:12:23.366,22444,22446,22446,1,1
2024-11-27 15:12:23.692,22444,22446,22446,2,2
2024-11-27 15:12:23.863,22446,22447,22446,1,-1
2024-11-27 15:12:25.872,22446,22447,22446,1,-1
2024-11-27 15:12:28.318,22445,22446,22446,1,1
2024-11-27 15:12:33.914,22446,22447,22447,1,1
2024-11-27 15:12:35.130,22446,22447,22447,2,2
2024-11-27 15:12:35.130,22446,22447,22448,2,2
2024-11-27 15:12:35.592,22447,22448,22448,1,1
2024-11-27 15:12:36.709,22447,22448,22448,1,1
2024-11-27 15:12:36.710,22447,22448,22448,6,6
2024-11-27 15:12:36.711,22447,22448,22449,4,4
2024-11-27 15:12:36.712,22447,22448,22449,3,3
2024-11-27 15:12:36.712,22447,22448,22449,5,5
2024-11-27 15:12:36.712,22447,22448,22449,1,1
2024-11-27 15:12:36.713,22447,22448,22449,1,1
2024-11-27 15:12:40.615,22448,22450,22450,1,1
2024-11-27 15:12:40.790,22448,22450,22448,1,-1
2024-11-27 15:12:40.934,22448,22450,22450,1,1
2024-11-27 15:12:41.153,22448,22450,22450,1,1
2024-11-27 15:12:41.398,22448,22450,22450,1,1
2024-11-27 15:12:41.701,22448,22450,22450,1,1
2024-11-27 15:12:42.244,22448,22450,22449,1,1
2024-11-27 15:12:47.668,22449,22450,22449,1,-1
2024-11-27 15:12:48.291,22449,22450,22450,1,1
2024-11-27 15:12:48.468,22449,22450,22450,1,1
2024-11-27 15:12:49.636,22449,22450,22449,5,-5
2024-11-27 15:12:49.661,22449,22450,22450,1,1
2024-11-27 15:12:49.837,22449,22450,22450,1,1
2024-11-27 15:12:52.356,22449,22450,22449,1,-1
2024-11-27 15:12:53.140,22448,22450,22448,1,-1
2024-11-27 15:12:53.146,22448,22450,22447,1,-1
2024-11-27 15:12:54.241,22446,22448,22446,1,-1
2024-11-27 15:13:01.106,22445,22447,22445,1,-1
2024-11-27 15:13:08.130,22443,22445,22443,2,-2
2024-11-27 15:13:08.131,22443,22445,22442,6,-6
2024-11-27 15:13:08.132,22443,22445,22442,2,-2
2024-11-27 15:13:08.132,22443,22445,22442,2,-2
2024-11-27 15:13:08.132,22443,22445,22442,1,-1
2024-11-27 15:13:08.170,22440,22442,22442,2,2
2024-11-27 15:13:08.170,22440,22442,22443,2,2
2024-11-27 15:13:08.326,22441,22444,22444,2,2
2024-11-27 15:13:10.117,22441,22444,22441,1,-1
2024-11-27 15:13:14.557,22442,22445,22443,1,-1
2024-11-27 15:13:17.065,22441,22444,22441,1,-1
2024-11-27 15:13:20.280,22441,22443,22441,1,-1
2024-11-27 15:13:21.555,22440,22443,22443,1,1
2024-11-27 15:13:23.848,22440,22444,22440,1,-1
2024-11-27 15:13:29.602,22441,22444,22441,1,-1
2024-11-27 15:13:36.322,22441,22442,22441,2,-2
2024-11-27 15:13:36.323,22441,22442,22440,1,-1
2024-11-27 15:13:40.998,22438,22440,22438,1,-1
2024-11-27 15:13:45.381,22436,22439,22436,1,-1
2024-11-27 15:13:47.250,22435,22437,22435,1,-1
2024-11-27 15:13:48.359,22433,22436,22433,3,-3
2024-11-27 15:13:48.359,22433,22436,22432,2,-2
2024-11-27 15:13:48.509,22433,22436,22433,2,-2
2024-11-27 15:13:51.224,22433,22436,22433,2,-2
2024-11-27 15:13:51.484,22433,22436,22433,2,-2
2024-11-27 15:13:51.484,22433,22436,22432,3,-3
2024-11-27 15:13:53.956,22432,22435,22432,1,-1
2024-11-27 15:13:54.073,22431,22434,22433,1,1
2024-11-27 15:13:54.546,22432,22435,22431,1,-1
2024-11-27 15:13:54.546,22432,22435,22432,4,-4
2024-11-27 15:13:54.693,22432,22433,22432,1,-1
2024-11-27 15:13:57.748,22432,22435,22432,2,-2
2024-11-27 15:13:57.748,22432,22435,22431,3,-3
2024-11-27 15:13:57.809,22431,22434,22433,1,1
2024-11-27 15:13:59.137,22432,22435,22432,1,-1
2024-11-27 15:13:59.276,22432,22435,22435,1,1
2024-11-27 15:14:00.496,22434,22437,22434,1,-1
2024-11-27 15:14:01.607,22434,22437,22434,1,-1
2024-11-27 15:14:02.435,22433,22435,22433,1,-1
2024-11-27 15:14:04.332,22434,22435,22434,1,-1
2024-11-27 15:14:06.187,22434,22435,22435,1,1
2024-11-27 15:14:06.823,22434,22436,22436,1,1
2024-11-27 15:14:07.031,22434,22437,22437,1,1
2024-11-27 15:14:07.177,22435,22437,22437,1,1
2024-11-27 15:14:08.453,22435,22438,22435,1,-1
2024-11-27 15:14:08.557,22435,22438,22435,1,-1
2024-11-27 15:14:08.684,22434,22437,22435,1,-1
2024-11-27 15:14:09.332,22435,22437,22435,1,-1
2024-11-27 15:14:11.355,22435,22437,22435,1,-1
2024-11-27 15:14:13.365,22438,22440,22438,1,-1
2024-11-27 15:14:15.126,22435,22437,22435,1,-1
2024-11-27 15:14:16.269,22435,22437,22435,1,-1
2024-11-27 15:14:17.365,22435,22437,22437,1,1
2024-11-27 15:14:19.638,22435,22438,22435,1,-1
2024-11-27 15:14:20.726,22434,22436,22434,1,-1
2024-11-27 15:14:21.717,22434,22436,22434,1,-1
2024-11-27 15:14:24.654,22434,22436,22434,1,-1
2024-11-27 15:14:25.348,22432,22435,22434,1,1
2024-11-27 15:14:31.842,22432,22435,22432,1,-1
2024-11-27 15:14:34.566,22431,22432,22432,1,1
2024-11-27 15:14:34.697,22431,22432,22431,1,-1
2024-11-27 15:14:36.512,22431,22433,22431,1,-1
2024-11-27 15:14:36.932,22431,22433,22431,2,-2
2024-11-27 15:14:43.824,22430,22432,22430,4,-4
2024-11-27 15:14:43.848,22430,22432,22428,1,-1
2024-11-27 15:14:44.376,22428,22430,22428,1,-1
2024-11-27 15:14:44.376,22428,22430,22428,4,-4
2024-11-27 15:14:44.377,22428,22430,22428,1,-1
2024-11-27 15:14:48.583,22427,22429,22429,4,4
2024-11-27 15:14:48.585,22427,22429,22429,1,1
2024-11-27 15:14:48.586,22427,22429,22429,1,1
2024-11-27 15:14:48.586,22427,22429,22429,4,4
2024-11-27 15:14:48.629,22427,22429,22430,1,1
2024-11-27 15:14:48.629,22427,22429,22430,1,1
2024-11-27 15:14:48.637,22427,22429,22431,1,1
2024-11-27 15:14:48.851,22429,22431,22429,3,-3
2024-11-27 15:14:48.851,22429,22431,22428,2,-2
2024-11-27 15:14:48.896,22429,22431,22431,1,1
2024-11-27 15:14:48.927,22428,22431,22431,1,1
2024-11-27 15:14:51.312,22429,22430,22429,1,-1
2024-11-27 15:14:54.765,22427,22429,22427,1,-1
2024-11-27 15:14:57.301,22428,22429,22428,1,-1
2024-11-27 15:14:58.486,22427,22429,22427,1,-1
2024-11-27 15:14:59.129,22428,22429,22428,1,-1
2024-11-27 15:15:00.267,22427,22428,22428,1,1
2024-11-27 15:15:00.410,22427,22429,22427,1,-1
2024-11-27 15:15:00.410,22427,22429,22426,1,-1
2024-11-27 15:15:00.576,22426,22429,22426,2,-2
2024-11-27 15:15:00.634,22426,22429,22428,1,1
2024-11-27 15:15:00.677,22426,22428,22428,1,1
2024-11-27 15:15:00.723,22426,22428,22428,1,1
2024-11-27 15:15:00.794,22426,22428,22426,1,-1
2024-11-27 15:15:00.899,22426,22428,22427,2,-2
2024-11-27 15:15:02.348,22427,22429,22429,1,1
2024-11-27 15:15:02.350,22427,22429,22430,3,3
2024-11-27 15:15:02.350,22427,22429,22430,5,5
2024-11-27 15:15:02.350,22427,22429,22430,1,1
2024-11-27 15:15:02.350,22427,22429,22430,2,2
2024-11-27 15:15:02.401,22427,22429,22433,1,1
2024-11-27 15:15:03.138,22431,22434,22431,9,-9
2024-11-27 15:15:03.138,22431,22434,22430,6,-6
2024-11-27 15:15:03.138,22431,22434,22429,7,-7
2024-11-27 15:15:03.138,22431,22434,22428,9,-9
2024-11-27 15:15:03.138,22431,22434,22427,4,-4
2024-11-27 15:15:03.138,22431,22434,22426,1,-1
2024-11-27 15:15:03.179,22427,22428,22427,1,-1
2024-11-27 15:15:03.203,22427,22428,22423,1,-1
2024-11-27 15:15:03.203,22427,22428,22424,6,-6
2024-11-27 15:15:03.203,22427,22428,22425,7,-7
2024-11-27 15:15:03.228,22427,22428,22423,4,-4
2024-11-27 15:15:03.228,22427,22428,22422,2,-2
2024-11-27 15:15:03.228,22427,22428,22421,6,-6
2024-11-27 15:15:03.228,22427,22428,22420,4,-4
2024-11-27 15:15:03.304,22422,22425,22422,1,-1
2024-11-27 15:15:03.304,22422,22425,22421,2,-2
2024-11-27 15:15:03.305,22422,22425,22424,1,1
2024-11-27 15:15:03.413,22422,22425,22422,1,-1
2024-11-27 15:15:03.611,22421,22424,22424,1,1
2024-11-27 15:15:03.734,22421,22424,22424,1,1
2024-11-27 15:15:06.276,22420,22422,22420,1,-1
2024-11-27 15:15:07.058,22420,22422,22421,1,-1
2024-11-27 15:15:07.333,22420,22422,22422,1,1
2024-11-27 15:15:07.959,22420,22422,22422,1,1
2024-11-27 15:15:07.959,22420,22422,22422,1,1
2024-11-27 15:15:07.960,22420,22422,22422,1,1
2024-11-27 15:15:08.060,22420,22423,22420,2,-2
2024-11-27 15:15:08.090,22420,22423,22421,1,-1
2024-11-27 15:15:08.090,22420,22423,22421,2,-2
2024-11-27 15:15:09.033,22420,22422,22420,2,-2
2024-11-27 15:15:09.938,22420,22421,22420,1,-1
2024-11-27 15:15:10.286,22420,22421,22422,3,3
2024-11-27 15:15:10.493,22421,22423,22423,1,1
2024-11-27 15:15:12.919,22421,22423,22421,2,-2
2024-11-27 15:15:15.652,22420,22422,22420,1,-1
2024-11-27 15:15:15.754,22420,22422,22421,1,-1
2024-11-27 15:15:16.776,22420,22422,22422,2,2
2024-11-27 15:15:16.794,22422,22423,22423,2,2
2024-11-27 15:15:16.832,22422,22423,22424,1,1
2024-11-27 15:15:17.824,22422,22425,22425,1,1
2024-11-27 15:15:18.218,22422,22425,22422,1,-1
2024-11-27 15:15:18.218,22422,22425,22421,1,-1
2024-11-27 15:15:18.227,22422,22425,22422,2,-2
2024-11-27 15:15:18.561,22421,22423,22423,1,1
2024-11-27 15:15:19.248,22421,22423,22421,4,-4
2024-11-27 15:15:19.249,22421,22423,22420,1,-1
2024-11-27 15:15:19.249,22421,22423,22421,16,-16
2024-11-27 15:15:19.249,22421,22423,22420,4,-4
2024-11-27 15:15:19.646,22419,22420,22420,1,1
2024-11-27 15:15:19.646,22419,22420,22420,1,1
2024-11-27 15:15:21.672,22419,22421,22419,1,-1
2024-11-27 15:15:24.514,22419,22421,22419,2,-2
2024-11-27 15:15:24.668,22419,22420,22419,2,-2
2024-11-27 15:15:24.669,22419,22420,22419,2,-2
2024-11-27 15:15:24.833,22418,22420,22419,2,-2
2024-11-27 15:15:26.361,22419,22421,22419,1,-1
2024-11-27 15:15:26.396,22419,22421,22419,1,-1
2024-11-27 15:15:28.627,22418,22419,22419,1,1
2024-11-27 15:15:29.744,22418,22420,22418,1,-1
2024-11-27 15:15:30.133,22418,22420,22420,1,1
2024-11-27 15:15:30.528,22418,22420,22419,1,1
2024-11-27 15:15:30.549,22418,22420,22420,1,1
2024-11-27 15:15:31.851,22418,22420,22418,1,-1
2024-11-27 15:15:31.887,22418,22420,22418,1,-1
2024-11-27 15:15:34.051,22418,22420,22420,2,2
2024-11-27 15:15:34.183,22418,22420,22420,6,6
2024-11-27 15:15:34.183,22418,22420,22420,2,2
2024-11-27 15:15:34.183,22418,22420,22420,5,5
2024-11-27 15:15:34.184,22418,22420,22421,1,1
2024-11-27 15:15:34.226,22418,22420,22422,1,1
2024-11-27 15:15:34.234,22418,22420,22423,1,1
2024-11-27 15:15:34.420,22421,22424,22421,2,-2
2024-11-27 15:15:42.370,22419,22421,22421,1,1
2024-11-27 15:15:43.858,22421,22424,22421,1,-1
2024-11-27 15:15:46.067,22419,22421,22421,1,1
2024-11-27 15:15:47.805,22419,22422,22420,1,-1
2024-11-27 15:16:00.598,22422,22424,22424,1,1
2024-11-27 15:16:00.695,22422,22425,22422,1,-1
2024-11-27 15:16:01.871,22421,22424,22422,1,-1
2024-11-27 15:16:02.880,22422,22425,22425,2,2
2024-11-27 15:16:05.934,22424,22426,22426,2,2
2024-11-27 15:16:12.088,22424,22426,22426,2,2
2024-11-27 15:16:12.112,22424,22426,22426,1,1
2024-11-27 15:16:18.678,22427,22429,22427,1,-1
2024-11-27 15:16:22.039,22427,22429,22427,1,-1
2024-11-27 15:16:22.344,22428,22429,22428,1,-1
2024-11-27 15:16:23.364,22426,22429,22429,1,1
2024-11-27 15:16:23.364,22426,22429,22429,1,1
2024-11-27 15:16:23.365,22426,22429,22429,1,1
2024-11-27 15:16:23.429,22428,22430,22430,1,1
2024-11-27 15:16:23.573,22428,22430,22430,1,1
2024-11-27 15:16:23.588,22428,22430,22428,4,-4
2024-11-27 15:16:23.588,22428,22430,22427,1,-1
2024-11-27 15:16:29.245,22427,22430,22428,1,-1
2024-11-27 15:16:39.534,22428,22430,22428,1,-1
2024-11-27 15:16:39.534,22428,22430,22428,1,-1
2024-11-27 15:16:39.575,22427,22428,22427,1,-1
2024-11-27 15:16:39.576,22427,22428,22426,1,-1
2024-11-27 15:16:39.596,22427,22428,22426,1,-1
2024-11-27 15:16:39.656,22427,22428,22425,3,-3
2024-11-27 15:16:41.429,22422,22424,22424,1,1
2024-11-27 15:16:44.828,22421,22423,22423,2,2
2024-11-27 15:16:51.108,22421,22422,22422,1,1
2024-11-27 15:16:59.206,22421,22422,22421,2,-2
2024-11-27 15:16:59.413,22420,22422,22422,2,2
2024-11-27 15:16:59.415,22421,22423,22423,1,1
2024-11-27 15:16:59.967,22422,22424,22424,1,1
2024-11-27 15:16:59.967,22422,22424,22424,1,1
2024-11-27 15:16:59.991,22422,22424,22423,1,1
2024-11-27 15:17:00.331,22423,22425,22423,1,-1
2024-11-27 15:17:04.014,22421,22423,22423,1,1
2024-11-27 15:17:04.014,22421,22423,22424,4,4
2024-11-27 15:17:04.015,22421,22423,22424,1,1
2024-11-27 15:17:04.880,22422,22425,22423,1,-1
2024-11-27 15:17:06.625,22421,22424,22422,1,-1
2024-11-27 15:17:08.880,22421,22423,22423,1,1
2024-11-27 15:17:10.752,22422,22424,22422,1,-1
2024-11-27 15:17:16.749,22422,22424,22422,3,-3
2024-11-27 15:17:17.412,22421,22423,22423,1,1
2024-11-27 15:17:19.859,22421,22424,22424,1,1
2024-11-27 15:17:20.522,22422,22425,22422,1,-1
2024-11-27 15:17:24.757,22423,22425,22425,2,2
2024-11-27 15:17:24.829,22424,22427,22424,1,-1
2024-11-27 15:17:25.953,22424,22426,22424,1,-1
2024-11-27 15:17:28.449,22424,22426,22425,1,-1
2024-11-27 15:17:34.197,22425,22427,22425,1,-1
2024-11-27 15:17:42.801,22424,22426,22424,1,-1
2024-11-27 15:17:42.899,22424,22426,22424,1,-1
2024-11-27 15:17:48.063,22425,22426,22426,3,3
2024-11-27 15:17:48.240,22426,22429,22426,1,-1
2024-11-27 15:17:53.701,22427,22429,22427,1,-1
2024-11-27 15:17:57.822,22427,22429,22427,1,-1
2024-11-27 15:17:57.889,22427,22429,22426,1,-1
2024-11-27 15:17:57.895,22427,22429,22426,1,-1
2024-11-27 15:17:57.985,22425,22428,22426,1,-1
2024-11-27 15:18:03.607,22427,22429,22429,1,1
2024-11-27 15:18:04.442,22428,22430,22429,1,1
2024-11-27 15:18:07.334,22426,22430,22430,5,5
2024-11-27 15:18:11.969,22425,22427,22427,1,1
2024-11-27 15:18:11.969,22425,22427,22428,4,4
2024-11-27 15:18:16.790,22427,22430,22430,1,1
2024-11-27 15:18:17.574,22428,22429,22429,1,1
2024-11-27 15:18:21.323,22429,22430,22430,1,1
2024-11-27 15:18:21.381,22429,22430,22430,2,2
2024-11-27 15:18:21.381,22429,22430,22430,1,1
2024-11-27 15:18:21.382,22429,22430,22430,1,1
2024-11-27 15:18:21.382,22429,22430,22430,1,1
2024-11-27 15:18:23.113,22429,22430,22429,1,-1
2024-11-27 15:18:24.517,22427,22429,22427,1,-1
2024-11-27 15:18:24.740,22426,22427,22427,1,1
2024-11-27 15:18:26.613,22426,22428,22426,1,-1
2024-11-27 15:18:26.669,22425,22427,22427,1,1
2024-11-27 15:18:33.409,22426,22429,22427,1,-1
2024-11-27 15:18:34.896,22425,22428,22425,1,-1
2024-11-27 15:18:37.963,22424,22425,22424,1,-1
2024-11-27 15:18:37.963,22424,22425,22424,1,-1
2024-11-27 15:18:38.611,22422,22424,22424,1,1
2024-11-27 15:18:39.285,22422,22424,22424,1,1
2024-11-27 15:18:39.285,22422,22424,22425,1,1
2024-11-27 15:18:40.199,22423,22424,22424,1,1
2024-11-27 15:18:49.338,22423,22426,22427,1,1
2024-11-27 15:19:01.944,22425,22427,22425,1,-1
2024-11-27 15:19:05.880,22425,22427,22427,1,1
2024-11-27 15:19:07.803,22425,22428,22425,2,-2
2024-11-27 15:19:11.105,22426,22428,22427,1,-1
2024-11-27 15:19:12.619,22426,22428,22424,2,-2
2024-11-27 15:19:12.619,22426,22428,22426,2,-2
2024-11-27 15:19:12.619,22426,22428,22425,1,-1
2024-11-27 15:19:13.764,22424,22427,22427,1,1
2024-11-27 15:19:29.696,22425,22428,22428,2,2
2024-11-27 15:19:30.792,22426,22428,22428,2,2
2024-11-27 15:19:30.897,22426,22428,22428,1,1
2024-11-27 15:19:30.897,22426,22428,22428,2,2
2024-11-27 15:19:30.907,22426,22428,22430,1,1
2024-11-27 15:19:30.919,22428,22430,22428,1,-1
2024-11-27 15:19:35.096,22428,22430,22430,1,1
2024-11-27 15:19:36.005,22428,22430,22430,1,1
2024-11-27 15:19:36.095,22428,22430,22430,7,7
2024-11-27 15:19:36.146,22428,22430,22432,1,1
2024-11-27 15:19:39.059,22432,22435,22433,1,-1
2024-11-27 15:19:40.199,22433,22434,22433,1,-1
2024-11-27 15:19:40.296,22433,22434,22433,1,-1
2024-11-27 15:19:40.316,22433,22434,22433,1,-1
2024-11-27 15:19:40.895,22432,22434,22433,1,-1
2024-11-27 15:19:42.929,22432,22433,22433,2,2
2024-11-27 15:19:44.722,22432,22433,22432,4,-4
2024-11-27 15:19:46.213,22431,22432,22432,1,1
2024-11-27 15:19:50.163,22431,22432,22432,1,1
2024-11-27 15:19:54.741,22433,22435,22435,2,2
2024-11-27 15:19:54.819,22434,22436,22436,1,1
2024-11-27 15:19:54.871,22434,22436,22438,1,1
2024-11-27 15:19:55.026,22436,22438,22438,1,1
2024-11-27 15:19:55.046,22436,22438,22436,1,-1
2024-11-27 15:19:55.933,22435,22438,22435,2,-2
2024-11-27 15:19:55.982,22435,22438,22437,1,1
2024-11-27 15:19:56.088,22435,22437,22435,1,-1
2024-11-27 15:19:56.250,22434,22437,22434,3,-3
2024-11-27 15:20:00.801,22435,22437,22437,2,2
2024-11-27 15:20:00.924,22436,22437,22437,1,1
2024-11-27 15:20:00.925,22436,22437,22438,1,1
2024-11-27 15:20:00.927,22436,22437,22439,1,1
2024-11-27 15:20:00.928,22436,22437,22440,1,1
2024-11-27 15:20:01.017,22436,22437,22440,1,1
2024-11-27 15:20:01.025,22436,22437,22440,1,1
2024-11-27 15:20:01.044,22437,22440,22440,1,1
2024-11-27 15:20:01.236,22438,22440,22440,1,1
2024-11-27 15:20:01.382,22438,22440,22440,1,1
2024-11-27 15:20:01.578,22438,22440,22438,2,-2
2024-11-27 15:20:01.903,22436,22439,22439,3,3
2024-11-27 15:20:01.903,22436,22439,22440,2,2
2024-11-27 15:20:02.005,22437,22440,22437,1,-1
2024-11-27 15:20:02.348,22436,22440,22440,2,2
2024-11-27 15:20:05.130,22436,22439,22439,1,1
2024-11-27 15:20:05.879,22437,22440,22440,1,1
2024-11-27 15:20:06.200,22437,22440,22440,2,2
2024-11-27 15:20:07.849,22437,22439,22439,2,2
2024-11-27 15:20:07.849,22437,22439,22440,7,7
2024-11-27 15:20:07.851,22437,22439,22441,1,1
2024-11-27 15:20:07.852,22437,22439,22441,1,1
2024-11-27 15:20:07.852,22437,22439,22441,1,1
2024-11-27 15:20:07.930,22441,22442,22442,1,1
2024-11-27 15:20:08.060,22441,22442,22442,1,1
2024-11-27 15:20:08.164,22441,22442,22442,1,1
2024-11-27 15:20:08.508,22441,22443,22443,1,1
2024-11-27 15:20:08.581,22441,22443,22443,1,1
2024-11-27 15:20:08.898,22441,22443,22443,1,1
2024-11-27 15:20:09.349,22441,22443,22443,1,1
2024-11-27 15:20:10.717,22441,22442,22441,1,-1
2024-11-27 15:20:10.717,22441,22442,22440,1,-1
2024-11-27 15:20:10.759,22441,22442,22443,2,2
2024-11-27 15:20:11.861,22440,22443,22441,1,-1
2024-11-27 15:20:13.077,22441,22444,22441,1,-1
2024-11-27 15:20:13.548,22440,22443,22443,1,1
2024-11-27 15:20:14.741,22440,22442,22441,1,1
2024-11-27 15:20:15.502,22440,22443,22443,1,1
2024-11-27 15:20:16.050,22440,22443,22443,1,1
2024-11-27 15:20:18.956,22441,22444,22444,3,3
2024-11-27 15:20:22.903,22443,22444,22443,2,-2
2024-11-27 15:20:22.904,22443,22444,22442,1,-1
2024-11-27 15:20:22.904,22443,22444,22442,1,-1
2024-11-27 15:20:22.904,22443,22444,22442,1,-1
2024-11-27 15:20:22.904,22443,22444,22442,2,-2
2024-11-27 15:20:22.904,22443,22444,22442,1,-1
2024-11-27 15:20:23.283,22441,22442,22442,1,1
2024-11-27 15:20:23.607,22441,22443,22443,1,1
2024-11-27 15:20:23.607,22441,22443,22444,4,4
2024-11-27 15:20:25.358,22443,22444,22443,5,-5
2024-11-27 15:20:25.472,22442,22444,22442,1,-1
2024-11-27 15:20:27.524,22443,22444,22443,1,-1
2024-11-27 15:20:27.565,22442,22444,22442,1,-1
2024-11-27 15:20:27.618,22442,22444,22444,4,4
2024-11-27 15:20:27.618,22442,22444,22443,1,-1
2024-11-27 15:20:34.310,22441,22442,22442,1,1
2024-11-27 15:20:37.646,22441,22442,22441,1,-1
2024-11-27 15:20:37.646,22441,22442,22441,1,-1
2024-11-27 15:20:37.646,22441,22442,22441,1,-1
2024-11-27 15:20:37.683,22440,22441,22440,1,-1
2024-11-27 15:20:37.683,22440,22441,22440,5,-5
2024-11-27 15:20:37.683,22440,22441,22440,1,-1
2024-11-27 15:20:37.684,22440,22441,22440,1,-1
2024-11-27 15:20:37.684,22440,22441,22440,1,-1
2024-11-27 15:20:37.684,22440,22441,22440,2,-2
2024-11-27 15:20:37.684,22440,22441,22440,15,-15
2024-11-27 15:20:37.684,22440,22441,22440,1,-1
2024-11-27 15:20:37.685,22440,22441,22440,2,-2
2024-11-27 15:20:43.259,22438,22441,22438,1,-1
2024-11-27 15:20:49.363,22436,22438,22438,1,1
2024-11-27 15:20:49.386,22436,22438,22437,2,2
2024-11-27 15:20:51.085,22436,22439,22436,2,-2
2024-11-27 15:20:53.977,22436,22438,22436,1,-1
2024-11-27 15:20:55.376,22434,22437,22437,1,1
2024-11-27 15:21:00.270,22433,22434,22434,1,1
2024-11-27 15:21:00.506,22433,22436,22436,1,1
2024-11-27 15:21:00.506,22433,22436,22436,1,1
2024-11-27 15:21:01.139,22435,22437,22435,1,-1
2024-11-27 15:21:01.610,22433,22436,22436,1,1
2024-11-27 15:21:04.630,22432,22434,22432,1,-1
2024-11-27 15:21:04.632,22432,22434,22432,2,-2
2024-11-27 15:21:04.632,22432,22434,22432,2,-2
2024-11-27 15:21:11.050,22428,22430,22428,1,-1
2024-11-27 15:21:14.792,22427,22428,22428,1,1
2024-11-27 15:21:15.050,22427,22429,22429,1,1
2024-11-27 15:21:16.256,22427,22429,22428,1,1
2024-11-27 15:21:16.299,22427,22429,22429,2,2
2024-11-27 15:21:19.872,22427,22429,22427,1,-1
2024-11-27 15:21:20.444,22425,22428,22425,1,-1
2024-11-27 15:21:21.930,22426,22428,22426,1,-1
2024-11-27 15:21:23.106,22425,22427,22425,1,-1
2024-11-27 15:21:25.361,22422,22425,22424,1,1
2024-11-27 15:21:25.551,22422,22425,22422,2,-2
2024-11-27 15:21:25.551,22422,22425,22421,1,-1
2024-11-27 15:21:25.703,22421,22424,22420,1,-1
2024-11-27 15:21:25.703,22421,22424,22421,2,-2
2024-11-27 15:21:25.858,22420,22422,22422,1,1
2024-11-27 15:21:30.028,22420,22422,22422,1,1
2024-11-27 15:21:31.515,22421,22423,22422,1,1
2024-11-27 15:21:32.236,22420,22422,22422,1,1
2024-11-27 15:21:35.740,22421,22423,22421,1,-1
2024-11-27 15:21:35.740,22421,22423,22420,1,-1
2024-11-27 15:21:36.569,22421,22423,22421,1,-1
2024-11-27 15:21:39.004,22421,22422,22421,1,-1
2024-11-27 15:21:43.044,22421,22422,22421,1,-1
2024-11-27 15:21:45.535,22420,22422,22420,1,-1
2024-11-27 15:21:45.884,22420,22422,22420,1,-1
2024-11-27 15:21:46.157,22421,22422,22421,1,-1
2024-11-27 15:21:48.469,22420,22422,22420,1,-1
2024-11-27 15:21:51.450,22420,22422,22422,1,1
2024-11-27 15:21:51.451,22420,22422,22423,1,1
2024-11-27 15:21:51.452,22420,22422,22424,2,2
2024-11-27 15:21:51.504,22420,22422,22427,1,1
2024-11-27 15:21:52.332,22426,22428,22428,1,1
2024-11-27 15:21:52.332,22426,22428,22428,2,2
2024-11-27 15:21:52.332,22426,22428,22428,1,1
2024-11-27 15:21:52.390,22426,22428,22426,1,-1
2024-11-27 15:21:52.626,22426,22428,22426,1,-1
2024-11-27 15:21:55.169,22425,22428,22425,1,-1
2024-11-27 15:21:55.169,22425,22428,22424,2,-2
2024-11-27 15:21:56.000,22423,22426,22426,1,1
2024-11-27 15:21:56.698,22423,22426,22426,1,1
2024-11-27 15:22:00.653,22423,22425,22425,1,1
2024-11-27 15:22:00.655,22423,22425,22426,1,1
2024-11-27 15:22:00.708,22425,22428,22428,1,1
2024-11-27 15:22:01.051,22426,22428,22426,1,-1
2024-11-27 15:22:05.511,22426,22428,22428,1,1
2024-11-27 15:22:15.935,22428,22431,22428,3,-3
2024-11-27 15:22:20.143,22427,22428,22428,1,1
2024-11-27 15:22:20.174,22427,22428,22428,1,1
2024-11-27 15:22:30.680,22427,22428,22427,1,-1
2024-11-27 15:22:30.741,22427,22428,22427,1,-1
2024-11-27 15:22:39.396,22426,22428,22428,1,1
2024-11-27 15:22:39.438,22428,22429,22429,4,4
2024-11-27 15:22:39.447,22428,22429,22432,1,1
2024-11-27 15:22:39.452,22428,22429,22430,1,1
2024-11-27 15:22:39.551,22429,22432,22429,1,-1
2024-11-27 15:22:40.297,22429,22432,22432,1,1
2024-11-27 15:22:41.540,22429,22432,22429,3,-3
2024-11-27 15:22:42.397,22426,22429,22426,3,-3
2024-11-27 15:22:47.449,22425,22426,22426,1,1
2024-11-27 15:22:53.106,22426,22429,22428,1,1
2024-11-27 15:22:57.308,22427,22429,22427,2,-2
2024-11-27 15:23:02.856,22427,22429,22429,1,1
2024-11-27 15:23:20.321,22427,22429,22429,7,7
2024-11-27 15:23:20.321,22427,22429,22429,2,2
2024-11-27 15:23:20.325,22427,22429,22430,1,1
2024-11-27 15:23:20.325,22427,22429,22430,2,2
2024-11-27 15:23:20.468,22430,22432,22432,1,1
2024-11-27 15:23:20.502,22430,22432,22430,1,-1
2024-11-27 15:23:20.502,22430,22432,22429,4,-4
2024-11-27 15:23:22.648,22427,22430,22430,2,2
2024-11-27 15:23:23.648,22428,22431,22431,2,2
2024-11-27 15:23:29.266,22427,22429,22427,1,-1
2024-11-27 15:23:29.389,22426,22428,22428,1,1
2024-11-27 15:23:30.315,22426,22428,22426,1,-1
2024-11-27 15:23:30.319,22426,22428,22425,2,-2
2024-11-27 15:23:30.344,22426,22428,22426,2,-2
2024-11-27 15:23:30.371,22426,22428,22426,1,-1
2024-11-27 15:23:30.377,22426,22428,22427,1,-1
2024-11-27 15:23:38.233,22425,22427,22427,1,1
2024-11-27 15:23:40.778,22426,22427,22427,1,1
2024-11-27 15:23:49.929,22428,22429,22429,1,1
2024-11-27 15:23:49.931,22428,22429,22430,1,1
2024-11-27 15:24:00.439,22430,22432,22431,1,1
2024-11-27 15:24:01.226,22430,22432,22430,1,-1
2024-11-27 15:24:02.467,22428,22431,22431,10,10
2024-11-27 15:24:02.815,22430,22432,22430,1,-1
2024-11-27 15:24:09.566,22429,22431,22431,1,1
2024-11-27 15:24:09.575,22429,22431,22432,1,1
2024-11-27 15:24:09.795,22431,22433,22433,1,1
2024-11-27 15:24:09.807,22431,22433,22433,1,1
2024-11-27 15:24:09.817,22431,22433,22433,1,1
2024-11-27 15:24:09.841,22431,22433,22433,1,1
2024-11-27 15:24:09.855,22431,22433,22433,1,1
2024-11-27 15:24:09.873,22431,22433,22432,1,1
2024-11-27 15:24:09.873,22431,22433,22431,1,-1
2024-11-27 15:24:11.424,22431,22434,22431,2,-2
2024-11-27 15:24:16.838,22430,22433,22433,3,3
2024-11-27 15:24:25.108,22431,22433,22433,1,1
2024-11-27 15:24:26.065,22431,22433,22433,1,1
2024-11-27 15:24:29.267,22431,22433,22432,1,1
2024-11-27 15:24:29.599,22432,22433,22433,1,1
2024-11-27 15:24:29.638,22432,22433,22433,2,2
2024-11-27 15:24:29.691,22432,22434,22434,1,1
2024-11-27 15:24:29.866,22432,22434,22434,3,3
2024-11-27 15:24:30.518,22433,22434,22434,1,1
2024-11-27 15:24:36.407,22433,22434,22434,1,1
2024-11-27 15:24:36.943,22433,22434,22434,1,1
2024-11-27 15:24:43.306,22433,22434,22433,4,-4
2024-11-27 15:24:43.904,22432,22434,22432,1,-1
2024-11-27 15:24:43.908,22432,22434,22431,2,-2
2024-11-27 15:24:44.035,22429,22431,22430,2,-2
2024-11-27 15:24:45.081,22430,22432,22432,1,1
2024-11-27 15:24:54.831,22431,22432,22432,1,1
2024-11-27 15:24:54.884,22431,22432,22433,1,1
2024-11-27 15:24:56.699,22433,22434,22433,2,-2
2024-11-27 15:24:57.962,22432,22434,22434,1,1
2024-11-27 15:24:57.962,22432,22434,22434,9,9
2024-11-27 15:24:57.964,22432,22434,22435,1,1
2024-11-27 15:24:57.964,22432,22434,22435,2,2
2024-11-27 15:24:57.965,22432,22434,22435,1,1
2024-11-27 15:24:57.986,22432,22434,22436,1,1
2024-11-27 15:25:00.108,22433,22436,22436,1,1
2024-11-27 15:25:00.311,22434,22436,22436,1,1
2024-11-27 15:25:00.313,22434,22436,22437,1,1
2024-11-27 15:25:00.313,22434,22436,22437,1,1
2024-11-27 15:25:00.314,22434,22436,22438,1,1
2024-11-27 15:25:00.337,22434,22436,22436,4,4
2024-11-27 15:25:00.471,22435,22438,22435,1,-1
2024-11-27 15:25:00.508,22435,22438,22437,1,1
2024-11-27 15:25:00.723,22436,22438,22435,1,-1
2024-11-27 15:25:00.732,22436,22438,22438,10,10
2024-11-27 15:25:01.264,22436,22438,22438,1,1
2024-11-27 15:25:01.303,22436,22439,22439,1,1
2024-11-27 15:25:01.322,22436,22439,22439,1,1
2024-11-27 15:25:01.341,22436,22439,22439,1,1
2024-11-27 15:25:01.344,22436,22439,22439,1,1
2024-11-27 15:25:02.380,22435,22438,22438,1,1
2024-11-27 15:25:05.307,22433,22436,22435,1,1
2024-11-27 15:25:12.065,22431,22434,22434,1,1
2024-11-27 15:25:18.863,22429,22431,22431,2,2
2024-11-27 15:25:23.426,22430,22433,22433,2,2
2024-11-27 15:25:25.261,22431,22433,22431,1,-1
2024-11-27 15:25:30.548,22430,22432,22431,1,-1
2024-11-27 15:25:30.603,22430,22432,22430,1,-1
2024-11-27 15:25:30.603,22430,22432,22430,1,-1
2024-11-27 15:25:30.609,22430,22432,22431,1,-1
2024-11-27 15:25:35.141,22430,22433,22431,1,-1
2024-11-27 15:25:37.949,22429,22431,22429,7,-7
2024-11-27 15:25:37.950,22429,22431,22428,1,-1
2024-11-27 15:25:37.951,22429,22431,22428,1,-1
2024-11-27 15:25:39.056,22427,22428,22428,1,1
2024-11-27 15:25:40.804,22427,22428,22428,1,1
2024-11-27 15:25:41.105,22427,22430,22430,1,1
2024-11-27 15:25:45.089,22427,22429,22427,1,-1
2024-11-27 15:25:47.434,22426,22427,22426,1,-1
2024-11-27 15:25:47.434,22426,22427,22426,1,-1
2024-11-27 15:25:49.548,22425,22427,22425,1,-1
2024-11-27 15:25:49.548,22425,22427,22425,1,-1
2024-11-27 15:25:50.542,22424,22425,22424,1,-1
2024-11-27 15:25:50.542,22424,22425,22424,1,-1
2024-11-27 15:25:50.759,22423,22425,22423,2,-2
2024-11-27 15:25:50.759,22423,22425,22422,1,-1
2024-11-27 15:25:51.400,22423,22425,22425,1,1
2024-11-27 15:26:03.549,22424,22426,22426,1,1
2024-11-27 15:26:10.102,22427,22428,22428,1,1
2024-11-27 15:26:12.159,22429,22430,22429,1,-1
2024-11-27 15:26:13.548,22428,22430,22429,1,-1
2024-11-27 15:26:19.458,22428,22429,22428,1,-1
2024-11-27 15:26:23.884,22428,22430,22430,3,3
2024-11-27 15:26:23.935,22430,22433,22433,1,1
2024-11-27 15:26:24.791,22431,22434,22431,1,-1
2024-11-27 15:26:33.321,22429,22432,22432,1,1
2024-11-27 15:26:41.480,22432,22434,22434,1,1
2024-11-27 15:26:41.505,22432,22434,22434,1,1
2024-11-27 15:26:41.619,22433,22435,22435,3,3
2024-11-27 15:26:41.619,22433,22435,22435,2,2
2024-11-27 15:26:44.972,22434,22436,22436,1,1
2024-11-27 15:26:45.024,22434,22436,22438,1,1
2024-11-27 15:26:49.004,22436,22438,22438,1,1
2024-11-27 15:26:50.589,22436,22439,22439,1,1
2024-11-27 15:26:51.859,22437,22439,22439,2,2
2024-11-27 15:26:55.115,22438,22440,22440,1,1
2024-11-27 15:26:55.405,22438,22440,22440,1,1
2024-11-27 15:26:55.405,22438,22440,22440,3,3
2024-11-27 15:26:55.448,22440,22442,22440,1,-1
2024-11-27 15:26:55.737,22438,22441,22441,1,1
2024-11-27 15:26:56.719,22438,22441,22440,1,1
2024-11-27 15:27:01.475,22438,22440,22437,2,-2
2024-11-27 15:27:01.475,22438,22440,22438,3,-3
2024-11-27 15:27:01.545,22437,22439,22439,1,1
2024-11-27 15:27:05.906,22435,22437,22435,1,-1
2024-11-27 15:27:16.548,22435,22437,22435,1,-1
2024-11-27 15:27:17.497,22433,22435,22435,2,2
2024-11-27 15:27:17.691,22434,22437,22434,2,-2
2024-11-27 15:27:17.970,22433,22435,22435,1,1
2024-11-27 15:27:18.152,22433,22435,22433,1,-1
2024-11-27 15:27:19.251,22431,22432,22431,1,-1
2024-11-27 15:27:20.732,22430,22431,22430,1,-1
2024-11-27 15:27:21.404,22428,22430,22430,5,5
2024-11-27 15:27:24.941,22430,22431,22431,1,1
2024-11-27 15:27:46.698,22432,22434,22432,1,-1
2024-11-27 15:27:49.582,22431,22433,22432,1,-1
2024-11-27 15:27:53.034,22431,22434,22432,1,-1
2024-11-27 15:28:07.374,22435,22437,22437,2,2
2024-11-27 15:28:07.374,22435,22437,22437,1,1
2024-11-27 15:28:13.646,22435,22438,22435,1,-1
2024-11-27 15:28:21.587,22433,22436,22433,1,-1
2024-11-27 15:28:37.240,22433,22435,22432,4,-4
2024-11-27 15:28:37.240,22433,22435,22433,1,-1
2024-11-27 15:28:38.097,22431,22434,22433,2,2
2024-11-27 15:28:38.169,22431,22434,22434,1,1
2024-11-27 15:28:50.623,22431,22433,22431,5,-5
2024-11-27 15:28:50.624,22431,22433,22430,1,-1
2024-11-27 15:28:50.625,22431,22433,22430,1,-1
2024-11-27 15:28:50.625,22431,22433,22430,1,-1
2024-11-27 15:28:50.625,22431,22433,22430,2,-2
2024-11-27 15:28:50.679,22429,22431,22431,4,4
2024-11-27 15:28:50.682,22429,22431,22432,1,1
2024-11-27 15:28:54.910,22429,22431,22429,1,-1
2024-11-27 15:28:55.684,22428,22430,22428,1,-1
2024-11-27 15:28:55.684,22428,22430,22427,3,-3
2024-11-27 15:28:55.684,22428,22430,22426,1,-1
2024-11-27 15:28:56.079,22426,22429,22426,1,-1
2024-11-27 15:29:07.307,22429,22431,22429,1,-1
2024-11-27 15:29:07.307,22429,22431,22428,4,-4
2024-11-27 15:29:13.915,22427,22428,22427,2,-2
2024-11-27 15:29:27.937,22425,22427,22427,1,1
2024-11-27 15:29:33.483,22426,22427,22427,1,1
2024-11-27 15:29:38.053,22427,22430,22427,3,-3
2024-11-27 15:29:45.008,22427,22428,22427,2,-2
2024-11-27 15:29:45.008,22427,22428,22426,1,-1
2024-11-27 15:29:45.112,22426,22428,22426,3,-3
2024-11-27 15:29:46.273,22426,22428,22428,1,1
2024-11-27 15:29:48.647,22427,22429,22429,1,1
2024-11-27 15:29:51.677,22429,22431,22429,1,-1
2024-11-27 15:29:56.654,22429,22431,22431,3,3
2024-11-27 15:29:56.677,22431,22432,22431,1,-1
2024-11-27 15:29:59.675,22430,22432,22430,2,-2
2024-11-27 15:29:59.675,22430,22432,22429,2,-2
2024-11-27 15:30:01.930,22428,22430,22428,1,-1
2024-11-27 15:30:02.508,22427,22428,22429,1,1
2024-11-27 15:30:05.182,22430,22432,22432,1,1
2024-11-27 15:30:07.527,22431,22433,22432,2,2
2024-11-27 15:30:07.984,22431,22433,22431,1,-1
2024-11-27 15:30:14.084,22429,22431,22429,3,-3
2024-11-27 15:30:14.084,22429,22431,22428,1,-1
2024-11-27 15:30:14.168,22428,22430,22430,1,1
2024-11-27 15:30:16.502,22429,22431,22431,1,1
2024-11-27 15:30:21.866,22429,22431,22429,1,-1
2024-11-27 15:30:21.866,22429,22431,22428,1,-1
2024-11-27 15:30:25.048,22428,22431,22431,1,1
2024-11-27 15:30:37.603,22429,22431,22429,1,-1
2024-11-27 15:30:41.009,22428,22430,22428,1,-1
2024-11-27 15:30:41.009,22428,22430,22427,1,-1
2024-11-27 15:30:41.009,22428,22430,22426,3,-3
2024-11-27 15:30:42.676,22425,22427,22425,1,-1
2024-11-27 15:30:42.677,22425,22427,22425,2,-2
2024-11-27 15:30:42.677,22425,22427,22425,4,-4
2024-11-27 15:30:42.718,22425,22427,22425,2,-2
2024-11-27 15:30:43.219,22423,22425,22425,1,1
2024-11-27 15:30:44.603,22423,22426,22423,1,-1
2024-11-27 15:30:48.016,22427,22430,22427,3,-3
2024-11-27 15:30:48.579,22427,22429,22427,1,-1
2024-11-27 15:30:55.680,22427,22430,22427,2,-2
2024-11-27 15:30:59.720,22427,22430,22427,1,-1
2024-11-27 15:31:04.548,22427,22429,22427,4,-4
2024-11-27 15:31:18.063,22423,22426,22423,1,-1
2024-11-27 15:31:18.161,22423,22426,22423,1,-1
2024-11-27 15:31:21.905,22423,22425,22425,1,1
2024-11-27 15:31:25.204,22425,22427,22425,1,-1
2024-11-27 15:31:32.073,22424,22427,22424,1,-1
2024-11-27 15:31:32.597,22425,22426,22425,1,-1
2024-11-27 15:31:38.000,22423,22426,22423,2,-2
2024-11-27 15:31:38.703,22423,22425,22425,1,1
2024-11-27 15:31:53.743,22423,22425,22425,1,1
2024-11-27 15:31:55.431,22423,22424,22424,2,2
2024-11-27 15:31:56.383,22423,22425,22423,2,-2
2024-11-27 15:31:56.478,22422,22424,22422,1,-1
2024-11-27 15:31:57.715,22422,22423,22422,1,-1
2024-11-27 15:32:00.222,22421,22422,22421,1,-1
2024-11-27 15:32:00.224,22421,22422,22422,1,1
2024-11-27 15:32:02.215,22422,22423,22422,2,-2
2024-11-27 15:32:03.974,22422,22423,22422,1,-1
2024-11-27 15:32:06.616,22422,22424,22422,1,-1
2024-11-27 15:32:06.992,22423,22425,22423,1,-1
2024-11-27 15:32:08.923,22423,22425,22425,1,1
2024-11-27 15:32:10.711,22425,22427,22425,1,-1
2024-11-27 15:32:13.257,22425,22427,22427,2,2
2024-11-27 15:32:13.258,22425,22427,22427,2,2
2024-11-27 15:32:18.022,22427,22429,22427,1,-1
2024-11-27 15:32:18.140,22425,22427,22427,1,1
2024-11-27 15:32:18.654,22425,22427,22427,1,1
2024-11-27 15:32:20.560,22425,22427,22427,1,1
2024-11-27 15:32:20.599,22425,22427,22427,1,1
2024-11-27 15:32:22.620,22425,22428,22428,1,1
2024-11-27 15:32:22.875,22426,22429,22428,1,1
2024-11-27 15:32:26.129,22425,22427,22427,1,1
2024-11-27 15:32:26.180,22427,22428,22427,1,-1
2024-11-27 15:32:26.284,22427,22428,22426,1,-1
2024-11-27 15:32:29.530,22423,22426,22426,4,4
2024-11-27 15:32:31.087,22425,22426,22426,1,1
2024-11-27 15:32:39.730,22424,22426,22425,1,1
