2020-06-30,15:00:00.055000,11453,11454,11454,92
2020-06-30,15:00:00.109000,11454,11455,11454,10
2020-06-30,15:00:00.117000,11454,11455,11454,8
2020-06-30,15:00:00.139000,11453,11455,11453,2
2020-06-30,15:00:00.207000,11453,11455,11453,17
2020-06-30,15:00:00.207000,11453,11455,11452,6
2020-06-30,15:00:00.263000,11452,11453,11452,1
2020-06-30,15:00:00.316000,11452,11453,11452,2
2020-06-30,15:00:00.317000,11452,11453,11454,2
2020-06-30,15:00:00.326000,11452,11453,11452,1
2020-06-30,15:00:00.369000,11452,11453,11452,1
2020-06-30,15:00:00.371000,11452,11453,11452,1
2020-06-30,15:00:00.408000,11452,11453,11452,1
2020-06-30,15:00:00.492000,11452,11453,11452,1
2020-06-30,15:00:00.512000,11452,11453,11452,1
2020-06-30,15:00:00.530000,11452,11453,11453,3
2020-06-30,15:00:00.595000,11452,11453,11452,7
2020-06-30,15:00:00.595000,11452,11453,11452,1
2020-06-30,15:00:00.595000,11452,11453,11452,2
2020-06-30,15:00:00.692000,11452,11453,11452,1
2020-06-30,15:00:00.731000,11452,11453,11452,1
2020-06-30,15:00:00.741000,11452,11453,11454,1
2020-06-30,15:00:00.746000,11452,11453,11452,1
2020-06-30,15:00:00.747000,11452,11454,11452,1
2020-06-30,15:00:00.768000,11452,11454,11452,1
2020-06-30,15:00:00.778000,11452,11454,11452,2
2020-06-30,15:00:00.779000,11452,11454,11453,2
2020-06-30,15:00:00.781000,11452,11454,11454,1
2020-06-30,15:00:00.810000,11452,11454,11454,1
2020-06-30,15:00:00.819000,11452,11454,11454,1
2020-06-30,15:00:00.828000,11452,11454,11452,2
2020-06-30,15:00:00.834000,11452,11454,11452,1
2020-06-30,15:00:00.838000,11452,11454,11452,1
2020-06-30,15:00:00.854000,11452,11454,11452,3
2020-06-30,15:00:00.863000,11452,11454,11452,1
2020-06-30,15:00:00.917000,11452,11453,11452,1
2020-06-30,15:00:00.935000,11452,11453,11452,1
2020-06-30,15:00:00.935000,11452,11453,11453,1
2020-06-30,15:00:00.940000,11452,11453,11452,3
2020-06-30,15:00:00.991000,11452,11453,11452,3
2020-06-30,15:00:00.991000,11452,11453,11453,1
2020-06-30,15:00:01.093000,11451,11453,11451,3
2020-06-30,15:00:01.114000,11451,11453,11451,1
2020-06-30,15:00:01.138000,11451,11452,11451,1
2020-06-30,15:00:01.152000,11451,11452,11451,1
2020-06-30,15:00:01.199000,11451,11452,11451,1
2020-06-30,15:00:01.206000,11451,11452,11451,1
2020-06-30,15:00:01.216000,11451,11452,11452,1
2020-06-30,15:00:01.267000,11451,11452,11451,2
2020-06-30,15:00:01.346000,11451,11452,11452,5
2020-06-30,15:00:01.348000,11451,11452,11452,2
2020-06-30,15:00:01.350000,11451,11452,11453,7
2020-06-30,15:00:01.356000,11451,11452,11452,1
2020-06-30,15:00:01.370000,11451,11452,11452,1
2020-06-30,15:00:01.469000,11452,11453,11452,5
2020-06-30,15:00:01.469000,11452,11453,11451,29
2020-06-30,15:00:01.498000,11451,11453,11451,3
2020-06-30,15:00:01.501000,11451,11453,11451,1
2020-06-30,15:00:01.501000,11451,11453,11451,1
2020-06-30,15:00:01.501000,11451,11453,11451,1
2020-06-30,15:00:01.501000,11451,11453,11450,1
2020-06-30,15:00:01.569000,11451,11453,11451,2
2020-06-30,15:00:01.644000,11451,11452,11451,2
2020-06-30,15:00:01.656000,11451,11452,11450,2
2020-06-30,15:00:01.703000,11451,11452,11450,2
2020-06-30,15:00:01.722000,11451,11452,11450,1
2020-06-30,15:00:01.778000,11450,11452,11452,3
2020-06-30,15:00:01.790000,11450,11452,11452,1
2020-06-30,15:00:01.790000,11450,11452,11452,2
2020-06-30,15:00:01.798000,11450,11452,11452,2
2020-06-30,15:00:01.798000,11450,11452,11452,1
2020-06-30,15:00:01.803000,11450,11452,11452,3
2020-06-30,15:00:01.921000,11451,11453,11451,3
2020-06-30,15:00:01.929000,11451,11453,11451,1
2020-06-30,15:00:01.938000,11451,11453,11451,1
2020-06-30,15:00:01.941000,11451,11453,11451,2
2020-06-30,15:00:02.027000,11451,11452,11451,1
2020-06-30,15:00:02.104000,11451,11452,11451,3
2020-06-30,15:00:02.109000,11451,11452,11450,1
2020-06-30,15:00:02.130000,11450,11451,11450,1
2020-06-30,15:00:02.154000,11450,11451,11450,2
2020-06-30,15:00:02.234000,11450,11451,11450,2
2020-06-30,15:00:02.236000,11450,11451,11450,6
2020-06-30,15:00:02.293000,11450,11451,11450,1
2020-06-30,15:00:02.301000,11450,11451,11450,1
2020-06-30,15:00:02.444000,11450,11451,11450,1
2020-06-30,15:00:02.528000,11450,11452,11450,1
2020-06-30,15:00:02.528000,11450,11452,11450,1
2020-06-30,15:00:02.663000,11450,11452,11450,2
2020-06-30,15:00:02.769000,11450,11452,11450,2
2020-06-30,15:00:02.933000,11450,11452,11450,4
2020-06-30,15:00:02.959000,11450,11452,11450,2
2020-06-30,15:00:02.978000,11450,11452,11450,27
2020-06-30,15:00:03.076000,11449,11452,11449,1
2020-06-30,15:00:03.082000,11449,11452,11449,1
2020-06-30,15:00:03.225000,11449,11452,11449,1
2020-06-30,15:00:03.281000,11449,11452,11449,1
2020-06-30,15:00:03.360000,11449,11452,11452,1
2020-06-30,15:00:03.458000,11449,11452,11449,1
2020-06-30,15:00:03.491000,11449,11452,11449,2
2020-06-30,15:00:03.505000,11449,11452,11452,1
2020-06-30,15:00:03.594000,11449,11452,11449,2
2020-06-30,15:00:03.623000,11449,11450,11450,2
2020-06-30,15:00:03.700000,11449,11450,11450,1
2020-06-30,15:00:03.864000,11450,11452,11452,1
2020-06-30,15:00:04.641000,11450,11452,11450,6
2020-06-30,15:00:05.048000,11450,11452,11450,2
2020-06-30,15:00:05.800000,11450,11452,11451,4
2020-06-30,15:00:06.089000,11450,11452,11450,7
2020-06-30,15:00:06.562000,11451,11452,11451,5
2020-06-30,15:00:07.010000,11450,11452,11452,1
2020-06-30,15:00:07.410000,11450,11452,11451,1
2020-06-30,15:00:07.606000,11450,11451,11451,1
2020-06-30,15:00:07.928000,11450,11451,11451,1
2020-06-30,15:00:07.969000,11450,11451,11452,1
2020-06-30,15:00:08.687000,11451,11452,11452,1
2020-06-30,15:00:08.998000,11451,11452,11452,1
2020-06-30,15:00:08.998000,11451,11452,11452,2
2020-06-30,15:00:08.998000,11451,11452,11452,9
2020-06-30,15:00:09.144000,11452,11453,11452,1
2020-06-30,15:00:09.217000,11452,11453,11452,5
2020-06-30,15:00:09.217000,11452,11453,11451,2
2020-06-30,15:00:09.227000,11452,11453,11452,1
2020-06-30,15:00:09.669000,11452,11453,11452,7
2020-06-30,15:00:10.131000,11452,11453,11452,7
2020-06-30,15:00:10.532000,11452,11453,11453,2
2020-06-30,15:00:10.532000,11452,11453,11453,1
2020-06-30,15:00:10.533000,11452,11453,11453,9
2020-06-30,15:00:11.881000,11453,11454,11453,7
2020-06-30,15:00:12.112000,11452,11454,11454,1
2020-06-30,15:00:12.222000,11453,11454,11454,1
2020-06-30,15:00:12.446000,11453,11455,11453,1
2020-06-30,15:00:12.593000,11453,11455,11453,2
2020-06-30,15:00:12.701000,11453,11455,11455,1
2020-06-30,15:00:13.552000,11453,11455,11453,1
2020-06-30,15:00:13.985000,11454,11455,11454,1
2020-06-30,15:00:14.051000,11454,11455,11454,1
2020-06-30,15:00:15.407000,11454,11455,11454,1
2020-06-30,15:00:15.865000,11454,11455,11454,1
2020-06-30,15:00:15.917000,11454,11455,11454,1
2020-06-30,15:00:16.014000,11454,11455,11455,5
2020-06-30,15:00:16.217000,11454,11455,11454,2
2020-06-30,15:00:16.605000,11454,11455,11454,6
2020-06-30,15:00:17.421000,11453,11454,11454,1
2020-06-30,15:00:17.710000,11454,11455,11454,1
2020-06-30,15:00:18.163000,11454,11455,11455,1
2020-06-30,15:00:18.765000,11455,11456,11455,1
2020-06-30,15:00:18.985000,11454,11456,11456,1
2020-06-30,15:00:19.071000,11455,11456,11456,3
2020-06-30,15:00:19.071000,11455,11456,11456,3
2020-06-30,15:00:19.072000,11455,11456,11456,13
2020-06-30,15:00:19.527000,11456,11457,11457,1
2020-06-30,15:00:19.571000,11456,11457,11457,8
2020-06-30,15:00:19.662000,11457,11458,11458,1
2020-06-30,15:00:19.842000,11457,11458,11458,13
2020-06-30,15:00:20.101000,11457,11459,11459,7
2020-06-30,15:00:20.157000,11458,11459,11459,2
2020-06-30,15:00:20.157000,11458,11459,11459,6
2020-06-30,15:00:20.157000,11458,11459,11459,2
2020-06-30,15:00:20.157000,11458,11459,11459,1
2020-06-30,15:00:20.785000,11459,11460,11460,5
2020-06-30,15:00:20.820000,11459,11460,11460,9
2020-06-30,15:00:21.113000,11460,11461,11461,1
2020-06-30,15:00:21.372000,11460,11461,11460,10
2020-06-30,15:00:21.480000,11460,11461,11460,1
2020-06-30,15:00:21.497000,11459,11461,11459,8
2020-06-30,15:00:21.785000,11457,11459,11459,1
2020-06-30,15:00:21.951000,11456,11458,11458,1
2020-06-30,15:00:22.568000,11457,11458,11457,1
2020-06-30,15:00:22.706000,11456,11458,11456,1
2020-06-30,15:00:22.747000,11455,11456,11455,2
2020-06-30,15:00:22.891000,11454,11455,11455,2
2020-06-30,15:00:23.086000,11454,11455,11455,1
2020-06-30,15:00:24.808000,11454,11455,11455,2
2020-06-30,15:00:25.122000,11454,11455,11455,1
2020-06-30,15:00:25.406000,11455,11456,11456,1
2020-06-30,15:00:25.810000,11455,11456,11455,1
2020-06-30,15:00:26.947000,11454,11456,11456,1
2020-06-30,15:00:28.004000,11456,11457,11457,1
2020-06-30,15:00:28.785000,11456,11457,11457,2
2020-06-30,15:00:28.902000,11456,11457,11457,1
2020-06-30,15:00:29.372000,11456,11457,11456,1
2020-06-30,15:00:30.111000,11456,11457,11456,1
2020-06-30,15:00:32.177000,11456,11457,11457,1
2020-06-30,15:00:32.207000,11456,11457,11457,1
2020-06-30,15:00:32.614000,11456,11457,11456,1
2020-06-30,15:00:33.076000,11456,11457,11456,1
2020-06-30,15:00:34.473000,11456,11457,11457,1
2020-06-30,15:00:35.599000,11457,11458,11458,1
2020-06-30,15:00:36.968000,11457,11458,11457,3
2020-06-30,15:00:36.968000,11457,11458,11456,2
2020-06-30,15:00:43.034000,11457,11458,11458,1
2020-06-30,15:00:43.828000,11457,11458,11458,1
2020-06-30,15:00:44.776000,11457,11458,11458,2
2020-06-30,15:00:45.855000,11457,11458,11458,1
2020-06-30,15:00:46.037000,11457,11458,11458,1
2020-06-30,15:00:46.521000,11457,11458,11458,4
2020-06-30,15:00:46.980000,11458,11459,11459,1
2020-06-30,15:00:47.420000,11458,11459,11459,1
2020-06-30,15:00:47.420000,11458,11459,11459,1
2020-06-30,15:00:48.048000,11459,11460,11460,3
2020-06-30,15:00:48.781000,11458,11460,11460,4
2020-06-30,15:00:49.208000,11459,11460,11459,1
2020-06-30,15:00:50.794000,11459,11460,11460,1
2020-06-30,15:00:51.129000,11459,11460,11459,1
2020-06-30,15:00:51.133000,11459,11460,11460,1
2020-06-30,15:00:51.761000,11459,11460,11460,1
2020-06-30,15:00:53.096000,11459,11460,11460,1
2020-06-30,15:00:54.375000,11458,11460,11460,1
2020-06-30,15:00:54.976000,11459,11460,11460,1
2020-06-30,15:00:55.082000,11459,11460,11460,1
2020-06-30,15:00:55.141000,11459,11460,11460,1
2020-06-30,15:00:56.514000,11459,11460,11460,5
2020-06-30,15:00:57.313000,11459,11460,11460,3
2020-06-30,15:00:57.918000,11459,11461,11459,1
2020-06-30,15:00:57.971000,11459,11461,11459,1
2020-06-30,15:00:57.982000,11459,11461,11459,1
2020-06-30,15:00:57.982000,11459,11461,11459,1
2020-06-30,15:00:58.088000,11459,11461,11461,5
2020-06-30,15:00:58.270000,11459,11461,11459,3
2020-06-30,15:00:58.330000,11459,11461,11459,2
2020-06-30,15:00:58.345000,11459,11461,11458,2
2020-06-30,15:00:58.345000,11459,11461,11458,1
2020-06-30,15:00:58.352000,11459,11461,11458,2
2020-06-30,15:00:58.354000,11459,11461,11458,1
2020-06-30,15:00:58.520000,11458,11460,11458,1
2020-06-30,15:00:59.169000,11459,11460,11459,1
2020-06-30,15:00:59.516000,11459,11460,11460,1
2020-06-30,15:00:59.520000,11459,11460,11459,1
2020-06-30,15:00:59.982000,11458,11460,11457,2
2020-06-30,15:01:00.031000,11457,11459,11457,1
2020-06-30,15:01:00.051000,11457,11459,11459,1
2020-06-30,15:01:00.051000,11457,11459,11459,1
2020-06-30,15:01:00.239000,11458,11459,11458,1
2020-06-30,15:01:00.239000,11458,11459,11457,1
2020-06-30,15:01:00.244000,11458,11459,11457,2
2020-06-30,15:01:00.245000,11458,11459,11457,1
2020-06-30,15:01:00.247000,11457,11458,11458,1
2020-06-30,15:01:00.281000,11457,11458,11457,1
2020-06-30,15:01:00.282000,11457,11458,11457,1
2020-06-30,15:01:00.285000,11457,11458,11457,2
2020-06-30,15:01:00.287000,11457,11458,11457,1
2020-06-30,15:01:00.287000,11457,11458,11457,1
2020-06-30,15:01:00.291000,11457,11458,11457,1
2020-06-30,15:01:00.364000,11457,11458,11456,1
2020-06-30,15:01:00.661000,11457,11459,11457,5
2020-06-30,15:01:01.742000,11457,11459,11459,1
2020-06-30,15:01:02.333000,11458,11459,11459,6
2020-06-30,15:01:02.381000,11458,11459,11458,1
2020-06-30,15:01:02.921000,11458,11459,11459,1
2020-06-30,15:01:03.320000,11458,11459,11459,1
2020-06-30,15:01:03.810000,11458,11460,11460,1
2020-06-30,15:01:05.332000,11458,11460,11459,1
2020-06-30,15:01:05.500000,11458,11460,11460,2
2020-06-30,15:01:05.502000,11458,11460,11460,1
2020-06-30,15:01:05.708000,11458,11460,11460,1
2020-06-30,15:01:07.747000,11459,11460,11460,3
2020-06-30,15:01:09.145000,11460,11461,11460,1
2020-06-30,15:01:09.995000,11460,11461,11461,1
2020-06-30,15:01:09.997000,11460,11461,11461,5
2020-06-30,15:01:09.997000,11460,11461,11461,1
2020-06-30,15:01:10.122000,11460,11462,11462,12
2020-06-30,15:01:10.953000,11460,11462,11460,10
2020-06-30,15:01:15.168000,11460,11461,11461,2
2020-06-30,15:01:16.314000,11461,11463,11461,1
2020-06-30,15:01:16.791000,11461,11462,11461,1
2020-06-30,15:01:16.892000,11461,11462,11462,1
2020-06-30,15:01:18.521000,11461,11462,11462,1
2020-06-30,15:01:18.928000,11461,11462,11462,1
2020-06-30,15:01:19.060000,11461,11462,11462,4
2020-06-30,15:01:19.704000,11461,11462,11462,1
2020-06-30,15:01:20.437000,11461,11462,11462,1
2020-06-30,15:01:20.999000,11461,11462,11461,3
2020-06-30,15:01:21.582000,11461,11462,11462,1
2020-06-30,15:01:22.520000,11461,11462,11462,1
2020-06-30,15:01:22.945000,11462,11463,11463,1
2020-06-30,15:01:26.764000,11462,11463,11463,1
2020-06-30,15:01:27.702000,11462,11463,11463,7
2020-06-30,15:01:27.721000,11462,11463,11462,6
2020-06-30,15:01:28.627000,11462,11463,11463,1
2020-06-30,15:01:29.596000,11462,11463,11463,1
2020-06-30,15:01:31.568000,11462,11463,11463,2
2020-06-30,15:01:31.574000,11462,11463,11463,2
2020-06-30,15:01:31.574000,11462,11463,11463,2
2020-06-30,15:01:31.604000,11462,11463,11464,1
2020-06-30,15:01:31.809000,11463,11464,11464,2
2020-06-30,15:01:32.494000,11463,11464,11464,3
2020-06-30,15:01:32.500000,11463,11464,11463,2
2020-06-30,15:01:32.581000,11463,11464,11463,1
2020-06-30,15:01:33.515000,11463,11464,11464,1
2020-06-30,15:01:36.104000,11463,11464,11463,1
2020-06-30,15:01:36.495000,11463,11464,11463,1
2020-06-30,15:01:36.796000,11463,11464,11464,3
2020-06-30,15:01:37.090000,11463,11464,11463,1
2020-06-30,15:01:38.929000,11463,11464,11463,1
2020-06-30,15:01:40.204000,11462,11463,11463,1
2020-06-30,15:01:40.325000,11462,11463,11463,1
2020-06-30,15:01:40.797000,11462,11464,11464,3
2020-06-30,15:01:41.398000,11463,11464,11463,1
2020-06-30,15:01:41.709000,11463,11464,11463,1
2020-06-30,15:01:41.807000,11462,11463,11463,1
2020-06-30,15:01:42.349000,11462,11463,11463,1
2020-06-30,15:01:43.369000,11462,11463,11463,1
2020-06-30,15:01:43.544000,11462,11463,11463,1
2020-06-30,15:01:44.118000,11462,11464,11463,1
2020-06-30,15:01:44.460000,11462,11463,11463,4
2020-06-30,15:01:46.374000,11463,11464,11463,1
2020-06-30,15:01:46.640000,11463,11464,11463,1
2020-06-30,15:01:46.872000,11463,11464,11463,1
2020-06-30,15:01:47.793000,11463,11464,11464,1
2020-06-30,15:01:48.152000,11463,11464,11464,1
2020-06-30,15:01:50.133000,11463,11464,11463,5
2020-06-30,15:01:50.133000,11463,11464,11463,2
2020-06-30,15:01:51.303000,11462,11463,11463,1
2020-06-30,15:01:51.307000,11462,11463,11463,1
2020-06-30,15:01:51.576000,11462,11464,11464,1
2020-06-30,15:01:54.781000,11462,11463,11463,1
2020-06-30,15:01:57.775000,11462,11463,11463,1
2020-06-30,15:01:58.752000,11462,11463,11463,1
2020-06-30,15:01:59.251000,11462,11463,11462,22
2020-06-30,15:01:59.605000,11461,11462,11462,7
2020-06-30,15:02:00.046000,11461,11462,11461,1
2020-06-30,15:02:00.054000,11461,11462,11461,1
2020-06-30,15:02:01.042000,11461,11462,11461,17
2020-06-30,15:02:01.044000,11461,11462,11460,2
2020-06-30,15:02:01.713000,11460,11461,11460,2
2020-06-30,15:02:01.866000,11460,11461,11461,1
2020-06-30,15:02:03.350000,11461,11462,11461,1
2020-06-30,15:02:04.597000,11460,11461,11461,3
2020-06-30,15:02:04.598000,11460,11461,11461,1
2020-06-30,15:02:04.949000,11461,11462,11461,1
2020-06-30,15:02:05.698000,11460,11462,11460,2
2020-06-30,15:02:06.572000,11460,11461,11461,3
2020-06-30,15:02:06.572000,11460,11461,11461,1
2020-06-30,15:02:07.682000,11461,11462,11461,2
2020-06-30,15:02:09.658000,11460,11461,11460,7
2020-06-30,15:02:09.658000,11460,11461,11460,32
2020-06-30,15:02:09.659000,11460,11461,11460,5
2020-06-30,15:02:09.659000,11460,11461,11460,7
2020-06-30,15:02:09.659000,11460,11461,11460,1
2020-06-30,15:02:09.659000,11460,11461,11460,1
2020-06-30,15:02:09.659000,11460,11461,11460,3
2020-06-30,15:02:09.659000,11460,11461,11460,1
2020-06-30,15:02:09.824000,11459,11460,11459,2
2020-06-30,15:02:09.889000,11459,11460,11459,2
2020-06-30,15:02:10.402000,11459,11460,11459,2
2020-06-30,15:02:10.587000,11459,11460,11460,3
2020-06-30,15:02:10.692000,11459,11460,11460,1
2020-06-30,15:02:13.307000,11459,11460,11460,1
2020-06-30,15:02:13.896000,11460,11461,11460,3
2020-06-30,15:02:13.896000,11460,11461,11460,1
2020-06-30,15:02:16.297000,11459,11461,11460,3
2020-06-30,15:02:17.539000,11459,11460,11460,1
2020-06-30,15:02:18.052000,11459,11460,11460,1
2020-06-30,15:02:18.558000,11460,11461,11460,1
2020-06-30,15:02:19.442000,11459,11460,11460,3
2020-06-30,15:02:21.625000,11459,11460,11460,1
2020-06-30,15:02:22.951000,11459,11460,11460,1
2020-06-30,15:02:22.952000,11459,11460,11460,4
2020-06-30,15:02:24.037000,11460,11461,11460,1
2020-06-30,15:02:24.362000,11460,11461,11460,1
2020-06-30,15:02:30.443000,11460,11461,11460,2
2020-06-30,15:02:31.591000,11460,11461,11460,1
2020-06-30,15:02:32.197000,11460,11461,11461,11
2020-06-30,15:02:33.290000,11461,11462,11461,1
2020-06-30,15:02:33.350000,11461,11462,11461,2
2020-06-30,15:02:40.022000,11460,11461,11461,3
2020-06-30,15:02:41.199000,11460,11461,11460,1
2020-06-30,15:02:42.278000,11460,11461,11461,1
2020-06-30,15:02:43.297000,11460,11461,11461,1
2020-06-30,15:02:44.544000,11460,11461,11460,1
2020-06-30,15:02:44.544000,11460,11461,11460,2
2020-06-30,15:02:44.545000,11460,11461,11460,4
2020-06-30,15:02:46.778000,11459,11460,11460,1
2020-06-30,15:02:50.271000,11459,11460,11459,3
2020-06-30,15:02:51.382000,11459,11460,11460,1
2020-06-30,15:02:51.531000,11459,11460,11459,1
2020-06-30,15:02:55.066000,11459,11460,11459,3
2020-06-30,15:02:56.863000,11459,11460,11460,2
2020-06-30,15:02:56.863000,11459,11460,11460,1
2020-06-30,15:02:56.863000,11459,11460,11460,1
2020-06-30,15:02:56.953000,11460,11461,11460,1
2020-06-30,15:02:57.113000,11460,11461,11460,2
2020-06-30,15:02:57.113000,11460,11461,11459,1
2020-06-30,15:02:59.322000,11460,11461,11460,1
2020-06-30,15:03:00.113000,11460,11461,11460,1
2020-06-30,15:03:00.113000,11460,11461,11459,1
2020-06-30,15:03:01.686000,11459,11460,11459,1
2020-06-30,15:03:02.513000,11459,11460,11460,1
2020-06-30,15:03:03.040000,11459,11460,11460,1
2020-06-30,15:03:03.391000,11459,11460,11459,3
2020-06-30,15:03:05.070000,11459,11460,11459,3
2020-06-30,15:03:06.329000,11459,11460,11460,1
2020-06-30,15:03:09.247000,11459,11461,11459,1
2020-06-30,15:03:11.122000,11459,11460,11459,2
2020-06-30,15:03:11.122000,11459,11460,11459,4
2020-06-30,15:03:11.122000,11459,11460,11459,2
2020-06-30,15:03:11.122000,11459,11460,11459,1
2020-06-30,15:03:11.122000,11459,11460,11459,9
2020-06-30,15:03:11.123000,11459,11460,11459,1
2020-06-30,15:03:11.123000,11459,11460,11459,5
2020-06-30,15:03:11.123000,11459,11460,11459,1
2020-06-30,15:03:11.123000,11459,11460,11459,1
2020-06-30,15:03:11.247000,11459,11460,11459,4
2020-06-30,15:03:12.696000,11458,11459,11458,2
2020-06-30,15:03:17.853000,11458,11459,11458,4
2020-06-30,15:03:18.932000,11458,11459,11458,4
2020-06-30,15:03:22.678000,11458,11459,11459,1
2020-06-30,15:03:23.399000,11459,11460,11459,1
2020-06-30,15:03:23.399000,11459,11460,11458,2
2020-06-30,15:03:32.008000,11459,11460,11459,2
2020-06-30,15:03:36.475000,11459,11460,11460,1
2020-06-30,15:03:40.374000,11459,11460,11459,4
2020-06-30,15:03:40.374000,11459,11460,11459,2
2020-06-30,15:03:40.753000,11458,11459,11459,1
2020-06-30,15:03:41.090000,11458,11459,11458,3
2020-06-30,15:03:46.570000,11458,11459,11458,5
2020-06-30,15:03:47.607000,11458,11459,11459,1
2020-06-30,15:03:47.774000,11458,11459,11459,1
2020-06-30,15:03:48.551000,11458,11459,11459,1
2020-06-30,15:03:48.551000,11458,11459,11459,3
2020-06-30,15:03:48.551000,11458,11459,11459,4
2020-06-30,15:03:49.017000,11459,11460,11459,10
2020-06-30,15:03:49.036000,11459,11460,11459,1
2020-06-30,15:03:49.055000,11459,11460,11459,9
2020-06-30,15:03:51.881000,11459,11460,11459,1
2020-06-30,15:03:54.666000,11458,11459,11459,2
2020-06-30,15:03:56.823000,11458,11459,11459,3
2020-06-30,15:03:58.466000,11458,11459,11458,1
2020-06-30,15:04:02.460000,11458,11459,11458,1
2020-06-30,15:04:05.977000,11458,11459,11459,2
2020-06-30,15:04:05.983000,11458,11459,11459,4
2020-06-30,15:04:05.984000,11458,11459,11459,1
2020-06-30,15:04:07.773000,11458,11460,11458,1
2020-06-30,15:04:12.665000,11458,11460,11460,3
2020-06-30,15:04:15.537000,11459,11460,11459,6
2020-06-30,15:04:18.955000,11459,11460,11459,1
2020-06-30,15:04:23.377000,11459,11460,11460,7
2020-06-30,15:04:23.490000,11459,11460,11460,4
2020-06-30,15:04:23.992000,11460,11461,11460,1
2020-06-30,15:04:24.479000,11460,11461,11461,18
2020-06-30,15:04:24.753000,11461,11462,11461,1
2020-06-30,15:04:25.938000,11461,11462,11461,1
2020-06-30,15:04:26.052000,11461,11462,11461,1
2020-06-30,15:04:30.790000,11460,11461,11461,1
2020-06-30,15:04:33.275000,11460,11461,11460,1
2020-06-30,15:04:34.724000,11460,11461,11461,5
2020-06-30,15:04:37.318000,11461,11462,11462,1
2020-06-30,15:04:47.277000,11461,11462,11461,1
2020-06-30,15:04:47.641000,11461,11462,11462,1
2020-06-30,15:04:48.716000,11461,11462,11462,1
2020-06-30,15:04:51.021000,11461,11462,11462,3
2020-06-30,15:04:53.513000,11461,11462,11462,1
2020-06-30,15:04:54.307000,11461,11462,11461,9
2020-06-30,15:04:57.990000,11461,11462,11461,1
2020-06-30,15:04:58.774000,11460,11461,11460,2
2020-06-30,15:04:59.291000,11460,11461,11460,1
2020-06-30,15:04:59.317000,11460,11461,11460,1
2020-06-30,15:04:59.317000,11460,11461,11460,2
2020-06-30,15:04:59.317000,11460,11461,11460,3
2020-06-30,15:04:59.317000,11460,11461,11460,1
2020-06-30,15:04:59.390000,11459,11460,11459,2
2020-06-30,15:05:00.280000,11459,11460,11459,1
2020-06-30,15:05:00.578000,11459,11460,11459,5
2020-06-30,15:05:00.632000,11458,11459,11459,1
2020-06-30,15:05:00.632000,11458,11459,11459,1
2020-06-30,15:05:01.142000,11458,11459,11458,1
2020-06-30,15:05:01.142000,11458,11459,11458,14
2020-06-30,15:05:01.142000,11458,11459,11458,4
2020-06-30,15:05:01.142000,11458,11459,11458,2
2020-06-30,15:05:01.143000,11458,11459,11458,13
2020-06-30,15:05:01.429000,11457,11458,11457,2
2020-06-30,15:05:01.456000,11457,11458,11457,2
2020-06-30,15:05:01.460000,11457,11458,11457,1
2020-06-30,15:05:01.462000,11457,11458,11457,2
2020-06-30,15:05:01.462000,11457,11458,11457,1
2020-06-30,15:05:01.462000,11457,11458,11457,1
2020-06-30,15:05:01.722000,11457,11458,11457,3
2020-06-30,15:05:01.976000,11456,11457,11456,3
2020-06-30,15:05:02.084000,11456,11457,11457,1
2020-06-30,15:05:02.099000,11456,11457,11456,3
2020-06-30,15:05:03.631000,11457,11458,11457,1
2020-06-30,15:05:05.258000,11457,11458,11457,1
2020-06-30,15:05:05.259000,11457,11458,11457,9
2020-06-30,15:05:05.488000,11456,11458,11457,3
2020-06-30,15:05:05.490000,11456,11458,11457,5
2020-06-30,15:05:05.493000,11456,11458,11457,3
2020-06-30,15:05:06.790000,11457,11458,11457,4
2020-06-30,15:05:06.790000,11457,11458,11457,6
2020-06-30,15:05:07.309000,11457,11458,11457,1
2020-06-30,15:05:08.163000,11456,11457,11456,12
2020-06-30,15:05:08.163000,11456,11457,11455,7
2020-06-30,15:05:08.407000,11455,11456,11455,2
2020-06-30,15:05:09.434000,11455,11456,11455,5
2020-06-30,15:05:09.825000,11455,11456,11455,1
2020-06-30,15:05:09.927000,11455,11456,11455,1
2020-06-30,15:05:10.397000,11455,11456,11456,1
2020-06-30,15:05:10.412000,11455,11456,11455,1
2020-06-30,15:05:10.784000,11455,11456,11456,1
2020-06-30,15:05:11.353000,11455,11456,11455,1
2020-06-30,15:05:12.374000,11455,11456,11456,1
2020-06-30,15:05:12.656000,11456,11457,11456,4
2020-06-30,15:05:12.656000,11456,11457,11455,1
2020-06-30,15:05:14.464000,11456,11457,11456,1
2020-06-30,15:05:15.180000,11456,11457,11457,1
2020-06-30,15:05:16.776000,11456,11457,11456,1
2020-06-30,15:05:17.203000,11456,11457,11457,6
2020-06-30,15:05:17.593000,11457,11458,11458,1
2020-06-30,15:05:21.316000,11455,11456,11455,6
2020-06-30,15:05:21.316000,11455,11456,11455,4
2020-06-30,15:05:21.317000,11455,11456,11455,4
2020-06-30,15:05:23.401000,11455,11456,11455,3
2020-06-30,15:05:25.557000,11455,11457,11455,10
2020-06-30,15:05:27.809000,11455,11457,11455,1
2020-06-30,15:05:27.972000,11455,11457,11455,1
2020-06-30,15:05:28.885000,11455,11457,11455,1
2020-06-30,15:05:28.998000,11455,11456,11456,2
2020-06-30,15:05:32.425000,11456,11457,11456,1
2020-06-30,15:05:32.759000,11456,11457,11456,1
2020-06-30,15:05:36.286000,11456,11457,11456,1
2020-06-30,15:05:36.342000,11456,11457,11456,2
2020-06-30,15:05:38.275000,11456,11457,11456,1
2020-06-30,15:05:38.398000,11455,11456,11456,1
2020-06-30,15:05:39.142000,11456,11457,11456,1
2020-06-30,15:05:39.882000,11456,11457,11457,1
2020-06-30,15:05:41.998000,11456,11457,11456,1
2020-06-30,15:05:42.577000,11456,11457,11456,1
2020-06-30,15:05:43.430000,11456,11457,11456,1
2020-06-30,15:05:44.502000,11456,11457,11456,1
2020-06-30,15:05:46.638000,11456,11457,11456,1
2020-06-30,15:05:48.312000,11456,11457,11457,1
2020-06-30,15:05:48.312000,11456,11457,11457,2
2020-06-30,15:05:48.312000,11456,11457,11457,4
2020-06-30,15:05:48.312000,11456,11457,11457,1
2020-06-30,15:05:48.495000,11457,11458,11457,1
2020-06-30,15:05:48.767000,11457,11458,11457,1
2020-06-30,15:05:48.829000,11457,11458,11457,1
2020-06-30,15:05:50.003000,11456,11458,11456,3
2020-06-30,15:05:50.107000,11456,11458,11456,10
2020-06-30,15:05:50.325000,11456,11457,11456,7
2020-06-30,15:05:50.587000,11455,11456,11455,10
2020-06-30,15:05:54.105000,11455,11456,11455,10
2020-06-30,15:05:54.106000,11455,11456,11455,3
2020-06-30,15:05:54.190000,11454,11456,11456,1
2020-06-30,15:05:56.107000,11455,11456,11455,3
2020-06-30,15:05:56.393000,11454,11455,11455,3
2020-06-30,15:05:58.110000,11454,11455,11454,10
2020-06-30,15:05:58.110000,11454,11455,11454,4
2020-06-30,15:05:58.110000,11454,11455,11454,5
2020-06-30,15:05:58.930000,11453,11455,11453,18
2020-06-30,15:06:00.069000,11454,11455,11454,2
2020-06-30,15:06:00.072000,11454,11455,11454,4
2020-06-30,15:06:00.094000,11454,11455,11453,2
2020-06-30,15:06:00.112000,11454,11455,11453,1
2020-06-30,15:06:00.112000,11454,11455,11453,1
2020-06-30,15:06:00.133000,11453,11455,11453,2
2020-06-30,15:06:00.133000,11453,11455,11453,2
2020-06-30,15:06:00.154000,11453,11455,11453,4
2020-06-30,15:06:00.172000,11453,11455,11453,2
2020-06-30,15:06:00.201000,11453,11455,11453,2
2020-06-30,15:06:00.220000,11453,11455,11453,1
2020-06-30,15:06:00.271000,11453,11454,11453,2
2020-06-30,15:06:01.815000,11453,11454,11454,1
2020-06-30,15:06:02.923000,11453,11454,11453,1
2020-06-30,15:06:03.006000,11453,11454,11453,4
2020-06-30,15:06:03.165000,11453,11454,11454,1
2020-06-30,15:06:04.997000,11453,11454,11454,3
2020-06-30,15:06:07.331000,11453,11454,11453,10
2020-06-30,15:06:07.331000,11453,11454,11453,1
2020-06-30,15:06:07.331000,11453,11454,11453,8
2020-06-30,15:06:07.331000,11453,11454,11453,4
2020-06-30,15:06:07.331000,11453,11454,11453,1
2020-06-30,15:06:07.332000,11453,11454,11453,1
2020-06-30,15:06:07.332000,11453,11454,11453,2
2020-06-30,15:06:07.332000,11453,11454,11453,1
2020-06-30,15:06:07.332000,11453,11454,11453,1
2020-06-30,15:06:07.438000,11453,11454,11453,1
2020-06-30,15:06:08.501000,11452,11453,11453,1
2020-06-30,15:06:11.886000,11452,11453,11452,2
2020-06-30,15:06:11.965000,11452,11453,11452,1
2020-06-30,15:06:13.300000,11452,11453,11452,2
2020-06-30,15:06:13.388000,11452,11453,11452,3
2020-06-30,15:06:13.954000,11452,11453,11452,1
2020-06-30,15:06:14.578000,11452,11453,11452,2
2020-06-30,15:06:14.869000,11452,11453,11452,1
2020-06-30,15:06:15.205000,11452,11453,11452,2
2020-06-30,15:06:15.205000,11452,11453,11452,4
2020-06-30,15:06:15.206000,11452,11453,11452,2
2020-06-30,15:06:15.207000,11452,11453,11452,1
2020-06-30,15:06:15.225000,11452,11453,11452,1
2020-06-30,15:06:15.231000,11452,11453,11452,9
2020-06-30,15:06:15.977000,11451,11452,11452,1
2020-06-30,15:06:16.946000,11451,11452,11451,1
2020-06-30,15:06:17.628000,11451,11452,11451,2
2020-06-30,15:06:18.579000,11451,11452,11451,4
2020-06-30,15:06:20.854000,11451,11452,11451,1
2020-06-30,15:06:21.064000,11451,11452,11451,3
2020-06-30,15:06:21.496000,11451,11452,11451,1
2020-06-30,15:06:21.526000,11451,11452,11451,2
2020-06-30,15:06:22.172000,11451,11452,11451,4
2020-06-30,15:06:22.694000,11451,11452,11451,3
2020-06-30,15:06:22.694000,11451,11452,11451,2
2020-06-30,15:06:22.813000,11450,11451,11450,2
2020-06-30,15:06:22.903000,11450,11451,11450,1
2020-06-30,15:06:22.904000,11450,11451,11450,1
2020-06-30,15:06:22.909000,11450,11451,11450,1
2020-06-30,15:06:22.934000,11450,11451,11450,1
2020-06-30,15:06:22.962000,11450,11451,11451,2
2020-06-30,15:06:22.998000,11450,11451,11451,2
2020-06-30,15:06:23.048000,11450,11451,11451,2
2020-06-30,15:06:23.099000,11450,11451,11451,2
2020-06-30,15:06:23.401000,11451,11452,11451,3
2020-06-30,15:06:23.835000,11451,11452,11451,1
2020-06-30,15:06:23.883000,11451,11452,11451,2
2020-06-30,15:06:24.329000,11451,11452,11451,1
2020-06-30,15:06:26.566000,11451,11452,11451,1
2020-06-30,15:06:26.946000,11451,11452,11451,1
2020-06-30,15:06:27.352000,11451,11452,11451,5
2020-06-30,15:06:27.430000,11451,11452,11451,1
2020-06-30,15:06:29.510000,11451,11452,11452,1
2020-06-30,15:06:29.820000,11451,11452,11451,10
2020-06-30,15:06:29.953000,11451,11452,11451,1
2020-06-30,15:06:30.047000,11451,11452,11451,4
2020-06-30,15:06:32.699000,11451,11452,11451,2
2020-06-30,15:06:33.599000,11451,11452,11451,5
2020-06-30,15:06:34.308000,11451,11452,11451,1
2020-06-30,15:06:35.982000,11451,11452,11452,3
2020-06-30,15:06:35.983000,11451,11452,11452,10
2020-06-30,15:06:40.142000,11452,11453,11452,1
2020-06-30,15:06:41.024000,11452,11453,11453,15
2020-06-30,15:06:43.388000,11453,11454,11453,3
2020-06-30,15:06:45.891000,11453,11454,11453,2
2020-06-30,15:06:48.751000,11452,11454,11454,1
2020-06-30,15:06:51.540000,11453,11454,11453,1
2020-06-30,15:06:56.044000,11452,11453,11453,5
2020-06-30,15:06:58.323000,11452,11454,11453,1
2020-06-30,15:07:00.853000,11452,11454,11452,2
2020-06-30,15:07:04.420000,11452,11453,11452,1
2020-06-30,15:07:04.502000,11452,11453,11453,2
2020-06-30,15:07:04.505000,11452,11453,11453,2
2020-06-30,15:07:04.510000,11452,11453,11452,1
2020-06-30,15:07:04.512000,11452,11453,11452,1
2020-06-30,15:07:04.514000,11452,11453,11452,1
2020-06-30,15:07:04.516000,11452,11453,11452,1
2020-06-30,15:07:05.976000,11452,11453,11452,2
2020-06-30,15:07:06.029000,11451,11453,11451,2
2020-06-30,15:07:06.047000,11451,11453,11451,1
2020-06-30,15:07:06.447000,11451,11452,11452,1
2020-06-30,15:07:08.667000,11452,11453,11452,1
2020-06-30,15:07:12.203000,11452,11453,11452,5
2020-06-30,15:07:12.513000,11451,11452,11452,1
2020-06-30,15:07:14.434000,11452,11453,11453,1
2020-06-30,15:07:14.738000,11452,11453,11452,6
2020-06-30,15:07:17.545000,11452,11453,11452,1
2020-06-30,15:07:18.044000,11452,11453,11452,1
2020-06-30,15:07:21.941000,11452,11453,11452,1
2020-06-30,15:07:23.731000,11452,11453,11452,5
2020-06-30,15:07:24.194000,11452,11453,11452,1
2020-06-30,15:07:26.447000,11452,11453,11452,1
2020-06-30,15:07:28.715000,11452,11453,11453,7
2020-06-30,15:07:29.329000,11453,11454,11453,5
2020-06-30,15:07:29.703000,11453,11454,11454,1
2020-06-30,15:07:29.704000,11453,11454,11454,1
2020-06-30,15:07:30.690000,11453,11454,11454,1
2020-06-30,15:07:30.690000,11453,11454,11455,3
2020-06-30,15:07:32.802000,11454,11455,11454,2
2020-06-30,15:07:33.905000,11454,11455,11454,1
2020-06-30,15:07:33.985000,11454,11455,11455,4
2020-06-30,15:07:37.058000,11454,11455,11454,1
2020-06-30,15:07:39.266000,11453,11455,11455,4
2020-06-30,15:07:40.154000,11453,11454,11454,1
2020-06-30,15:07:45.838000,11453,11454,11453,7
2020-06-30,15:07:46.354000,11452,11454,11454,1
2020-06-30,15:07:50.888000,11453,11454,11454,1
2020-06-30,15:07:54.350000,11453,11454,11454,7
2020-06-30,15:07:54.350000,11453,11454,11454,2
2020-06-30,15:07:54.350000,11453,11454,11454,1
2020-06-30,15:07:57.995000,11453,11454,11453,1
2020-06-30,15:07:59.214000,11453,11454,11453,1
2020-06-30,15:08:00.791000,11453,11454,11454,1
2020-06-30,15:08:02.770000,11453,11454,11453,1
2020-06-30,15:08:02.790000,11453,11454,11453,1
2020-06-30,15:08:04.719000,11453,11454,11453,1
2020-06-30,15:08:04.772000,11453,11454,11453,1
2020-06-30,15:08:05.268000,11453,11454,11453,3
2020-06-30,15:08:06.202000,11453,11454,11454,1
2020-06-30,15:08:13.737000,11453,11454,11453,1
2020-06-30,15:08:17.116000,11453,11454,11453,5
2020-06-30,15:08:24.912000,11453,11454,11454,2
2020-06-30,15:08:24.913000,11453,11454,11454,5
2020-06-30,15:08:29.174000,11454,11455,11454,1
2020-06-30,15:08:33.537000,11454,11455,11454,1
2020-06-30,15:08:34.603000,11454,11455,11454,4
2020-06-30,15:08:36.850000,11453,11454,11453,1
2020-06-30,15:08:39.463000,11453,11454,11454,1
2020-06-30,15:08:40.151000,11453,11454,11453,1
2020-06-30,15:08:41.195000,11453,11454,11453,2
2020-06-30,15:08:43.492000,11453,11454,11453,1
2020-06-30,15:08:46.749000,11452,11453,11453,2
2020-06-30,15:08:47.452000,11453,11454,11453,2
2020-06-30,15:08:47.452000,11453,11454,11452,3
2020-06-30,15:08:52.321000,11453,11454,11453,1
2020-06-30,15:08:56.537000,11453,11454,11453,1
2020-06-30,15:08:58.224000,11453,11454,11453,1
2020-06-30,15:09:00.336000,11453,11454,11453,1
2020-06-30,15:09:01.196000,11453,11454,11454,1
2020-06-30,15:09:01.196000,11453,11454,11454,2
2020-06-30,15:09:01.196000,11453,11454,11454,1
2020-06-30,15:09:01.196000,11453,11454,11454,1
2020-06-30,15:09:01.196000,11453,11454,11454,5
2020-06-30,15:09:05.329000,11454,11455,11454,1
2020-06-30,15:09:17.103000,11454,11455,11455,1
2020-06-30,15:09:17.795000,11454,11455,11455,1
2020-06-30,15:09:19.895000,11454,11455,11454,4
2020-06-30,15:09:22.204000,11454,11455,11454,1
2020-06-30,15:09:22.205000,11454,11455,11454,3
2020-06-30,15:09:22.205000,11454,11455,11454,4
2020-06-30,15:09:22.299000,11453,11454,11453,1
2020-06-30,15:09:22.997000,11453,11454,11454,1
2020-06-30,15:09:23.500000,11453,11454,11454,3
2020-06-30,15:09:27.893000,11453,11454,11454,1
2020-06-30,15:09:32.004000,11453,11454,11454,1
2020-06-30,15:09:32.792000,11454,11455,11454,3
2020-06-30,15:09:38.166000,11454,11455,11454,1
2020-06-30,15:09:38.999000,11454,11455,11454,1
2020-06-30,15:09:42.196000,11454,11455,11454,2
2020-06-30,15:09:43.749000,11454,11455,11454,4
2020-06-30,15:09:45.912000,11453,11455,11453,1
2020-06-30,15:09:48.764000,11453,11454,11454,1
2020-06-30,15:09:51.914000,11453,11454,11454,1
2020-06-30,15:09:53.547000,11453,11454,11453,12
2020-06-30,15:09:53.548000,11453,11454,11453,2
2020-06-30,15:09:53.548000,11453,11454,11453,1
2020-06-30,15:09:53.737000,11452,11453,11453,1
2020-06-30,15:09:54.486000,11452,11453,11453,1
2020-06-30,15:09:54.511000,11452,11454,11452,1
2020-06-30,15:09:57.482000,11452,11453,11453,1
2020-06-30,15:10:00.310000,11452,11453,11452,10
2020-06-30,15:10:00.310000,11452,11453,11452,5
2020-06-30,15:10:00.310000,11452,11453,11452,1
2020-06-30,15:10:01.781000,11451,11452,11452,1
2020-06-30,15:10:02.502000,11451,11452,11452,1
2020-06-30,15:10:02.867000,11452,11453,11452,1
2020-06-30,15:10:06.989000,11451,11453,11453,1
2020-06-30,15:10:07.730000,11452,11453,11452,1
2020-06-30,15:10:08.310000,11452,11453,11453,1
2020-06-30,15:10:08.327000,11452,11453,11452,1
2020-06-30,15:10:09.167000,11452,11453,11452,1
2020-06-30,15:10:10.070000,11452,11453,11453,2
2020-06-30,15:10:10.106000,11452,11453,11453,1
2020-06-30,15:10:10.773000,11453,11454,11453,1
2020-06-30,15:10:12.945000,11453,11454,11453,2
2020-06-30,15:10:13.158000,11452,11453,11452,1
2020-06-30,15:10:15.413000,11452,11453,11452,1
2020-06-30,15:10:15.643000,11452,11453,11453,1
2020-06-30,15:10:19.895000,11452,11453,11453,1
2020-06-30,15:10:20.547000,11452,11454,11454,15
2020-06-30,15:10:21.649000,11453,11454,11454,1
2020-06-30,15:10:21.649000,11453,11454,11454,2
2020-06-30,15:10:21.975000,11452,11454,11452,1
2020-06-30,15:10:22.388000,11452,11454,11453,1
2020-06-30,15:10:25.176000,11452,11453,11453,1
2020-06-30,15:10:26.511000,11453,11454,11453,6
2020-06-30,15:10:28.030000,11452,11453,11453,1
2020-06-30,15:10:29.857000,11452,11453,11453,1
2020-06-30,15:10:30.103000,11453,11454,11453,1
2020-06-30,15:10:30.580000,11452,11454,11452,1
2020-06-30,15:10:37.261000,11453,11454,11454,2
2020-06-30,15:10:38.504000,11454,11455,11454,1
2020-06-30,15:10:39.706000,11454,11455,11454,1
2020-06-30,15:10:46.963000,11454,11455,11455,1
2020-06-30,15:10:46.964000,11454,11455,11455,15
2020-06-30,15:10:47.994000,11455,11456,11456,1
2020-06-30,15:10:49.497000,11454,11455,11455,1
2020-06-30,15:10:50.341000,11454,11455,11454,6
2020-06-30,15:10:50.697000,11454,11455,11455,1
2020-06-30,15:10:50.698000,11454,11455,11455,1
2020-06-30,15:10:53.100000,11455,11456,11456,8
2020-06-30,15:10:53.810000,11455,11456,11455,2
2020-06-30,15:10:53.971000,11454,11455,11453,1
2020-06-30,15:10:57.989000,11453,11454,11454,1
2020-06-30,15:11:01.299000,11454,11455,11454,1
2020-06-30,15:11:05.700000,11454,11455,11455,2
2020-06-30,15:11:05.701000,11454,11455,11455,1
2020-06-30,15:11:05.701000,11454,11455,11455,3
2020-06-30,15:11:07.816000,11455,11456,11455,5
2020-06-30,15:11:07.816000,11455,11456,11455,3
2020-06-30,15:11:07.816000,11455,11456,11455,6
2020-06-30,15:11:07.825000,11455,11456,11454,1
2020-06-30,15:11:15.311000,11454,11455,11454,4
2020-06-30,15:11:16.363000,11453,11454,11453,1
2020-06-30,15:11:16.779000,11453,11454,11454,1
2020-06-30,15:11:16.870000,11453,11454,11453,14
2020-06-30,15:11:16.871000,11453,11454,11453,3
2020-06-30,15:11:19.655000,11452,11453,11452,1
2020-06-30,15:11:19.655000,11452,11453,11452,1
2020-06-30,15:11:19.656000,11452,11453,11452,1
2020-06-30,15:11:19.656000,11452,11453,11452,1
2020-06-30,15:11:19.657000,11452,11453,11452,2
2020-06-30,15:11:19.658000,11452,11453,11452,2
2020-06-30,15:11:19.658000,11452,11453,11452,18
2020-06-30,15:11:19.658000,11452,11453,11452,4
2020-06-30,15:11:19.658000,11452,11453,11452,1
2020-06-30,15:11:19.658000,11452,11453,11452,4
2020-06-30,15:11:19.658000,11452,11453,11452,2
2020-06-30,15:11:19.659000,11452,11453,11452,18
2020-06-30,15:11:22.135000,11452,11453,11453,1
2020-06-30,15:11:22.135000,11452,11453,11453,2
2020-06-30,15:11:22.135000,11452,11453,11453,6
2020-06-30,15:11:22.136000,11452,11453,11453,1
2020-06-30,15:11:28.104000,11452,11453,11453,2
2020-06-30,15:11:28.499000,11452,11453,11453,2
2020-06-30,15:11:29.478000,11453,11454,11454,1
2020-06-30,15:11:30.980000,11453,11454,11454,1
2020-06-30,15:11:35.477000,11453,11454,11453,1
2020-06-30,15:11:36.400000,11453,11454,11453,3
2020-06-30,15:11:37.431000,11452,11453,11453,1
2020-06-30,15:11:42.590000,11453,11454,11454,2
2020-06-30,15:11:42.590000,11453,11454,11454,1
2020-06-30,15:11:42.590000,11453,11454,11454,2
2020-06-30,15:11:42.590000,11453,11454,11454,1
2020-06-30,15:11:42.590000,11453,11454,11454,1
2020-06-30,15:11:43.556000,11454,11455,11454,1
2020-06-30,15:11:43.556000,11454,11455,11453,1
2020-06-30,15:11:46.182000,11453,11454,11454,2
2020-06-30,15:11:57.179000,11453,11454,11454,3
2020-06-30,15:12:00.922000,11453,11454,11454,6
2020-06-30,15:12:01.219000,11453,11454,11453,1
2020-06-30,15:12:03.328000,11453,11454,11453,1
2020-06-30,15:12:07.354000,11453,11454,11454,2
2020-06-30,15:12:08.368000,11453,11454,11453,2
2020-06-30,15:12:08.430000,11453,11454,11453,7
2020-06-30,15:12:12.138000,11452,11453,11452,1
2020-06-30,15:12:13.868000,11452,11453,11452,1
2020-06-30,15:12:15.614000,11452,11454,11454,2
2020-06-30,15:12:16.050000,11452,11454,11452,3
2020-06-30,15:12:19.692000,11452,11453,11452,1
2020-06-30,15:12:23.342000,11451,11452,11451,2
2020-06-30,15:12:23.343000,11451,11452,11451,5
2020-06-30,15:12:23.343000,11451,11452,11451,14
2020-06-30,15:12:23.343000,11451,11452,11451,4
2020-06-30,15:12:23.625000,11450,11451,11450,1
2020-06-30,15:12:23.913000,11450,11451,11450,2
2020-06-30,15:12:24.099000,11450,11451,11450,5
2020-06-30,15:12:24.316000,11450,11451,11451,1
2020-06-30,15:12:24.950000,11450,11451,11451,2
2020-06-30,15:12:26.497000,11451,11452,11451,1
2020-06-30,15:12:27.316000,11450,11451,11450,5
2020-06-30,15:12:28.611000,11450,11452,11450,1
2020-06-30,15:12:29.579000,11450,11451,11451,2
2020-06-30,15:12:29.867000,11451,11452,11451,1
2020-06-30,15:12:31.466000,11451,11452,11451,8
2020-06-30,15:12:32.395000,11450,11451,11451,2
2020-06-30,15:12:33.426000,11450,11451,11451,1
2020-06-30,15:12:33.437000,11450,11451,11451,1
2020-06-30,15:12:33.931000,11450,11451,11451,1
2020-06-30,15:12:35.394000,11451,11452,11451,1
2020-06-30,15:12:37.018000,11450,11452,11450,1
2020-06-30,15:12:38.491000,11450,11451,11451,1
2020-06-30,15:12:41.887000,11450,11451,11451,1
2020-06-30,15:12:42.843000,11450,11451,11450,5
2020-06-30,15:12:43.391000,11450,11451,11450,2
2020-06-30,15:12:47.129000,11450,11451,11450,1
2020-06-30,15:12:48.024000,11450,11451,11451,5
2020-06-30,15:12:48.148000,11451,11452,11451,5
2020-06-30,15:12:48.516000,11451,11452,11451,1
2020-06-30,15:12:52.389000,11450,11451,11450,1
2020-06-30,15:12:55.269000,11450,11451,11451,1
2020-06-30,15:13:00.614000,11450,11451,11450,1
2020-06-30,15:13:00.615000,11450,11451,11450,4
2020-06-30,15:13:00.615000,11450,11451,11450,2
2020-06-30,15:13:00.615000,11450,11451,11450,17
2020-06-30,15:13:00.615000,11450,11451,11450,1
2020-06-30,15:13:00.615000,11450,11451,11450,1
2020-06-30,15:13:00.616000,11450,11451,11450,1
2020-06-30,15:13:00.616000,11450,11451,11450,1
2020-06-30,15:13:00.622000,11450,11451,11450,32
2020-06-30,15:13:00.622000,11450,11451,11450,1
2020-06-30,15:13:00.622000,11450,11451,11450,2
2020-06-30,15:13:00.747000,11450,11451,11450,1
2020-06-30,15:13:00.747000,11450,11451,11450,4
2020-06-30,15:13:00.747000,11450,11451,11450,4
2020-06-30,15:13:00.748000,11450,11451,11450,3
2020-06-30,15:13:00.748000,11450,11451,11450,3
2020-06-30,15:13:01.254000,11450,11451,11450,1
2020-06-30,15:13:02.464000,11449,11450,11449,1
2020-06-30,15:13:02.524000,11449,11450,11449,1
2020-06-30,15:13:02.698000,11449,11450,11449,1
2020-06-30,15:13:02.724000,11449,11450,11449,3
2020-06-30,15:13:02.756000,11449,11450,11449,1
2020-06-30,15:13:02.765000,11449,11450,11450,1
2020-06-30,15:13:02.793000,11449,11450,11449,1
2020-06-30,15:13:02.874000,11449,11450,11449,2
2020-06-30,15:13:04.684000,11449,11450,11449,1
2020-06-30,15:13:04.752000,11449,11450,11450,1
2020-06-30,15:13:04.960000,11449,11450,11449,2
2020-06-30,15:13:05.461000,11449,11450,11449,19
2020-06-30,15:13:05.461000,11449,11450,11448,39
2020-06-30,15:13:05.552000,11448,11450,11450,1
2020-06-30,15:13:06.040000,11449,11450,11449,1
2020-06-30,15:13:06.043000,11449,11450,11449,1
2020-06-30,15:13:06.120000,11449,11450,11449,3
2020-06-30,15:13:06.278000,11448,11450,11448,2
2020-06-30,15:13:06.306000,11448,11450,11448,1
2020-06-30,15:13:06.345000,11448,11450,11448,2
2020-06-30,15:13:06.352000,11448,11450,11448,1
2020-06-30,15:13:06.649000,11448,11449,11448,1
2020-06-30,15:13:06.655000,11448,11449,11448,1
2020-06-30,15:13:06.750000,11448,11449,11448,1
2020-06-30,15:13:06.772000,11448,11449,11448,4
2020-06-30,15:13:06.778000,11448,11449,11448,2
2020-06-30,15:13:06.824000,11448,11449,11448,1
2020-06-30,15:13:06.849000,11448,11449,11449,2
2020-06-30,15:13:06.966000,11448,11449,11448,1
2020-06-30,15:13:07.358000,11448,11450,11448,2
2020-06-30,15:13:07.358000,11448,11450,11448,6
2020-06-30,15:13:07.950000,11448,11450,11448,8
2020-06-30,15:13:08.536000,11448,11450,11448,1
2020-06-30,15:13:10.607000,11448,11450,11448,3
2020-06-30,15:13:11.904000,11448,11449,11448,1
2020-06-30,15:13:14.035000,11448,11449,11449,2
2020-06-30,15:13:14.156000,11449,11450,11449,1
2020-06-30,15:13:16.791000,11449,11450,11449,2
2020-06-30,15:13:18.826000,11449,11450,11449,2
2020-06-30,15:13:19.098000,11449,11450,11449,1
2020-06-30,15:13:21.988000,11448,11449,11449,1
2020-06-30,15:13:23.097000,11448,11449,11448,1
2020-06-30,15:13:25.811000,11448,11449,11449,3
2020-06-30,15:13:27.403000,11449,11450,11449,1
2020-06-30,15:13:27.664000,11449,11450,11449,1
2020-06-30,15:13:31.753000,11449,11450,11449,4
2020-06-30,15:13:33.655000,11449,11450,11449,1
2020-06-30,15:13:34.237000,11449,11450,11449,1
2020-06-30,15:13:34.399000,11449,11450,11450,1
2020-06-30,15:13:34.424000,11449,11450,11449,4
2020-06-30,15:13:35.574000,11449,11450,11450,4
2020-06-30,15:13:36.391000,11449,11450,11449,2
2020-06-30,15:13:37.973000,11449,11450,11449,1
2020-06-30,15:13:38.503000,11449,11450,11450,9
2020-06-30,15:13:38.648000,11450,11451,11451,1
2020-06-30,15:13:38.934000,11450,11451,11450,1
2020-06-30,15:13:42.669000,11449,11451,11451,1
2020-06-30,15:13:43.533000,11449,11451,11451,1
2020-06-30,15:13:44.277000,11450,11451,11451,1
2020-06-30,15:13:49.091000,11450,11451,11451,1
2020-06-30,15:13:49.199000,11450,11451,11451,1
2020-06-30,15:13:49.199000,11450,11451,11451,19
2020-06-30,15:13:55.513000,11451,11452,11452,1
2020-06-30,15:13:55.847000,11451,11452,11452,1
2020-06-30,15:13:55.847000,11451,11452,11452,3
2020-06-30,15:13:55.847000,11451,11452,11452,1
2020-06-30,15:13:56.398000,11451,11453,11451,1
2020-06-30,15:13:56.648000,11451,11452,11452,1
2020-06-30,15:13:56.981000,11452,11453,11453,1
2020-06-30,15:13:57.851000,11452,11453,11452,5
2020-06-30,15:14:00.242000,11452,11453,11453,1
2020-06-30,15:14:02.225000,11453,11454,11453,4
2020-06-30,15:14:02.459000,11453,11454,11453,1
2020-06-30,15:14:03.526000,11453,11454,11453,1
2020-06-30,15:14:10.036000,11452,11453,11453,1
2020-06-30,15:14:10.522000,11452,11453,11453,1
2020-06-30,15:14:10.871000,11452,11453,11453,1
2020-06-30,15:14:15.496000,11452,11453,11453,1
2020-06-30,15:14:33.598000,11453,11454,11453,11
2020-06-30,15:14:35.719000,11452,11453,11453,1
2020-06-30,15:14:35.719000,11452,11453,11453,8
2020-06-30,15:14:37.895000,11453,11454,11454,1
2020-06-30,15:14:39.186000,11453,11454,11453,1
2020-06-30,15:14:39.434000,11453,11454,11453,2
2020-06-30,15:14:41.199000,11452,11453,11453,1
2020-06-30,15:14:43.824000,11452,11453,11453,1
2020-06-30,15:14:44.540000,11452,11453,11452,1
2020-06-30,15:14:44.541000,11452,11453,11452,1
2020-06-30,15:14:44.541000,11452,11453,11452,3
2020-06-30,15:14:44.541000,11452,11453,11452,3
2020-06-30,15:14:45.354000,11451,11452,11452,1
2020-06-30,15:14:46.029000,11451,11453,11451,5
2020-06-30,15:14:51.979000,11452,11453,11453,1
2020-06-30,15:14:53.117000,11452,11453,11453,15
2020-06-30,15:14:53.118000,11452,11453,11453,1
2020-06-30,15:14:54.958000,11452,11454,11452,5
2020-06-30,15:14:59.451000,11452,11454,11452,5
2020-06-30,15:15:00.087000,11452,11453,11453,1
2020-06-30,15:15:00.296000,11453,11454,11453,2
2020-06-30,15:15:00.694000,11453,11454,11453,1
2020-06-30,15:15:00.709000,11453,11454,11452,8
2020-06-30,15:15:01.172000,11453,11454,11453,1
2020-06-30,15:15:01.946000,11452,11454,11452,3
2020-06-30,15:15:02.002000,11452,11454,11452,2
2020-06-30,15:15:02.019000,11452,11454,11452,1
2020-06-30,15:15:02.025000,11452,11454,11452,1
2020-06-30,15:15:02.027000,11452,11454,11452,2
2020-06-30,15:15:02.030000,11452,11454,11452,1
2020-06-30,15:15:02.033000,11452,11454,11452,2
2020-06-30,15:15:04.242000,11452,11453,11453,1
2020-06-30,15:15:04.587000,11452,11453,11452,1
2020-06-30,15:15:07.645000,11452,11453,11452,1
2020-06-30,15:15:08.710000,11452,11453,11453,4
2020-06-30,15:15:18.943000,11452,11453,11452,1
2020-06-30,15:15:19.575000,11452,11453,11453,3
2020-06-30,15:15:23.604000,11453,11454,11454,6
2020-06-30,15:15:23.604000,11453,11454,11454,5
2020-06-30,15:15:24.996000,11454,11455,11455,1
2020-06-30,15:15:24.996000,11454,11455,11455,1
2020-06-30,15:15:24.996000,11454,11455,11455,1
2020-06-30,15:15:24.996000,11454,11455,11455,1
2020-06-30,15:15:24.996000,11454,11455,11455,1
2020-06-30,15:15:24.996000,11454,11455,11455,1
2020-06-30,15:15:24.996000,11454,11455,11455,1
2020-06-30,15:15:24.996000,11454,11455,11455,1
2020-06-30,15:15:24.996000,11454,11455,11455,1
2020-06-30,15:15:24.997000,11454,11455,11455,1
2020-06-30,15:15:24.997000,11454,11455,11455,3
2020-06-30,15:15:24.997000,11454,11455,11455,4
2020-06-30,15:15:24.997000,11454,11455,11455,1
2020-06-30,15:15:24.997000,11454,11455,11455,1
2020-06-30,15:15:24.997000,11454,11455,11455,5
2020-06-30,15:15:28.153000,11455,11456,11455,1
2020-06-30,15:15:28.794000,11454,11455,11455,1
2020-06-30,15:15:28.820000,11454,11455,11454,2
2020-06-30,15:15:29.456000,11454,11455,11455,1
2020-06-30,15:15:30.246000,11454,11455,11455,3
2020-06-30,15:15:32.199000,11454,11455,11454,1
2020-06-30,15:15:34.449000,11453,11454,11453,1
2020-06-30,15:15:34.449000,11453,11454,11453,4
2020-06-30,15:15:34.785000,11452,11453,11453,1
2020-06-30,15:15:35.860000,11452,11454,11454,2
2020-06-30,15:15:38.512000,11453,11454,11454,4
2020-06-30,15:15:42.915000,11453,11454,11454,1
2020-06-30,15:15:47.339000,11453,11454,11454,1
2020-06-30,15:15:47.372000,11453,11454,11454,1
2020-06-30,15:15:52.826000,11453,11454,11454,1
2020-06-30,15:16:20.162000,11454,11455,11455,1
2020-06-30,15:16:20.162000,11454,11455,11455,1
2020-06-30,15:16:20.505000,11454,11455,11455,11
2020-06-30,15:16:23.590000,11455,11456,11456,1
2020-06-30,15:16:26.025000,11455,11456,11456,1
2020-06-30,15:16:26.030000,11455,11456,11456,1
2020-06-30,15:16:27.207000,11455,11456,11456,1
2020-06-30,15:16:28.175000,11455,11456,11456,1
2020-06-30,15:16:28.175000,11455,11456,11456,2
2020-06-30,15:16:28.176000,11455,11456,11456,4
2020-06-30,15:16:30.969000,11455,11456,11456,2
2020-06-30,15:16:31.104000,11455,11457,11456,2
2020-06-30,15:16:31.213000,11456,11457,11456,2
2020-06-30,15:16:31.315000,11456,11457,11456,2
2020-06-30,15:16:31.640000,11456,11457,11456,2
2020-06-30,15:16:32.018000,11456,11457,11456,2
2020-06-30,15:16:32.295000,11456,11457,11457,10
2020-06-30,15:16:32.296000,11456,11457,11456,2
2020-06-30,15:16:32.297000,11456,11457,11457,2
2020-06-30,15:16:32.507000,11456,11458,11458,2
2020-06-30,15:16:33.870000,11457,11458,11457,2
2020-06-30,15:16:35.272000,11457,11458,11457,1
2020-06-30,15:16:35.804000,11457,11458,11457,1
2020-06-30,15:16:35.804000,11457,11458,11457,1
2020-06-30,15:16:37.279000,11455,11457,11457,5
2020-06-30,15:16:37.712000,11456,11457,11457,4
2020-06-30,15:16:41.001000,11456,11457,11457,1
2020-06-30,15:16:43.508000,11456,11457,11457,5
2020-06-30,15:16:43.987000,11456,11457,11456,1
2020-06-30,15:16:46.356000,11455,11456,11456,1
2020-06-30,15:16:47.152000,11455,11456,11456,1
2020-06-30,15:16:52.796000,11456,11457,11457,2
2020-06-30,15:16:52.797000,11456,11457,11457,2
2020-06-30,15:16:53.867000,11456,11458,11458,3
2020-06-30,15:16:57.233000,11457,11458,11457,12
2020-06-30,15:16:57.233000,11457,11458,11456,39
2020-06-30,15:16:57.234000,11457,11458,11457,1
2020-06-30,15:17:01.870000,11456,11457,11456,5
2020-06-30,15:17:03.521000,11455,11456,11456,2
2020-06-30,15:17:03.798000,11455,11456,11456,1
2020-06-30,15:17:06.598000,11455,11456,11455,10
2020-06-30,15:17:10.379000,11454,11455,11454,18
2020-06-30,15:17:13.042000,11453,11454,11454,1
2020-06-30,15:17:13.122000,11453,11454,11454,2
2020-06-30,15:17:23.128000,11454,11455,11455,1
2020-06-30,15:17:23.317000,11454,11455,11454,4
2020-06-30,15:17:24.547000,11453,11454,11453,14
2020-06-30,15:17:25.336000,11452,11453,11453,1
2020-06-30,15:17:25.780000,11452,11453,11453,1
2020-06-30,15:17:25.935000,11452,11453,11453,1
2020-06-30,15:17:29.083000,11452,11453,11453,1
2020-06-30,15:17:29.613000,11452,11453,11453,2
2020-06-30,15:17:40.724000,11453,11454,11454,6
2020-06-30,15:17:44.743000,11453,11454,11454,1
2020-06-30,15:17:46.155000,11453,11454,11454,1
2020-06-30,15:17:46.155000,11453,11454,11454,1
2020-06-30,15:17:46.156000,11453,11454,11454,1
2020-06-30,15:17:53.873000,11454,11455,11454,4
2020-06-30,15:17:55.396000,11453,11455,11453,1
2020-06-30,15:18:01.097000,11454,11455,11455,1
2020-06-30,15:18:01.097000,11454,11455,11455,5
2020-06-30,15:18:01.472000,11455,11456,11456,1
2020-06-30,15:18:02.259000,11455,11456,11456,1
2020-06-30,15:18:12.782000,11455,11456,11455,2
2020-06-30,15:18:13.744000,11455,11456,11456,1
2020-06-30,15:18:15.212000,11455,11456,11455,2
2020-06-30,15:18:15.979000,11455,11456,11456,1
2020-06-30,15:18:17.475000,11456,11457,11456,2
2020-06-30,15:18:22.362000,11456,11457,11456,3
2020-06-30,15:18:25.105000,11455,11456,11455,1
2020-06-30,15:18:25.169000,11455,11456,11456,1
2020-06-30,15:18:26.818000,11455,11456,11456,1
2020-06-30,15:18:26.970000,11455,11457,11456,1
2020-06-30,15:18:29.170000,11455,11456,11456,1
2020-06-30,15:18:30.674000,11455,11456,11456,1
2020-06-30,15:18:32.358000,11455,11456,11455,1
2020-06-30,15:18:32.358000,11455,11456,11455,1
2020-06-30,15:18:32.358000,11455,11456,11455,2
2020-06-30,15:18:32.502000,11454,11455,11455,1
2020-06-30,15:18:32.622000,11454,11455,11455,1
2020-06-30,15:18:38.122000,11454,11455,11455,1
2020-06-30,15:18:47.133000,11455,11456,11456,1
2020-06-30,15:18:48.949000,11455,11456,11455,5
2020-06-30,15:18:54.239000,11454,11455,11455,1
2020-06-30,15:18:55.057000,11454,11455,11454,1
2020-06-30,15:18:55.067000,11454,11455,11455,1
2020-06-30,15:18:59.243000,11455,11456,11455,1
2020-06-30,15:18:59.743000,11454,11455,11455,1
2020-06-30,15:19:00.664000,11454,11456,11454,1
2020-06-30,15:19:02.905000,11454,11455,11454,1
2020-06-30,15:19:04.821000,11454,11455,11455,1
2020-06-30,15:19:11.903000,11454,11455,11455,2
2020-06-30,15:19:13.559000,11454,11455,11454,3
2020-06-30,15:19:13.729000,11454,11455,11455,1
2020-06-30,15:19:16.979000,11454,11455,11455,1
2020-06-30,15:19:19.712000,11454,11455,11454,3
2020-06-30,15:19:21.321000,11454,11455,11455,1
2020-06-30,15:19:27.479000,11455,11456,11456,2
2020-06-30,15:19:27.587000,11455,11456,11456,1
2020-06-30,15:19:27.587000,11455,11456,11456,1
2020-06-30,15:19:27.587000,11455,11456,11456,1
2020-06-30,15:19:28.980000,11455,11456,11455,3
2020-06-30,15:19:32.546000,11455,11456,11455,2
2020-06-30,15:19:33.799000,11454,11455,11455,1
2020-06-30,15:19:34.843000,11454,11455,11455,1
2020-06-30,15:19:46.995000,11455,11456,11456,1
2020-06-30,15:19:46.996000,11455,11456,11456,1
2020-06-30,15:19:49.537000,11456,11457,11456,1
2020-06-30,15:19:50.265000,11455,11456,11455,1
2020-06-30,15:19:51.280000,11455,11456,11455,1
2020-06-30,15:19:51.997000,11455,11456,11455,1
2020-06-30,15:19:56.998000,11456,11457,11456,3
2020-06-30,15:20:03.985000,11455,11457,11457,1
2020-06-30,15:20:09.687000,11455,11457,11457,2
2020-06-30,15:20:18.607000,11455,11456,11456,1
2020-06-30,15:20:22.757000,11455,11456,11456,1
2020-06-30,15:20:23.412000,11455,11456,11456,1
2020-06-30,15:20:29.461000,11455,11456,11455,12
2020-06-30,15:20:29.461000,11455,11456,11454,3
2020-06-30,15:20:48.103000,11455,11456,11455,1
2020-06-30,15:20:51.330000,11454,11455,11454,1
2020-06-30,15:20:55.003000,11454,11455,11454,1
2020-06-30,15:20:57.872000,11454,11455,11455,1
2020-06-30,15:20:58.522000,11455,11456,11455,2
2020-06-30,15:21:05.834000,11455,11456,11455,1
2020-06-30,15:21:06.531000,11455,11456,11455,2
2020-06-30,15:21:06.898000,11454,11455,11454,9
2020-06-30,15:21:09.665000,11454,11455,11454,2
2020-06-30,15:21:12.856000,11453,11455,11455,1
2020-06-30,15:21:14.015000,11453,11455,11455,1
2020-06-30,15:21:16.576000,11453,11454,11453,18
2020-06-30,15:21:16.883000,11452,11453,11452,1
2020-06-30,15:21:17.214000,11452,11453,11452,4
2020-06-30,15:21:19.953000,11452,11453,11452,1
2020-06-30,15:21:25.436000,11452,11453,11453,1
2020-06-30,15:21:25.436000,11452,11453,11453,6
2020-06-30,15:21:30.860000,11453,11454,11453,1
2020-06-30,15:21:32.326000,11453,11455,11453,1
2020-06-30,15:21:35.740000,11452,11454,11453,1
2020-06-30,15:21:45.014000,11453,11454,11453,1
2020-06-30,15:21:50.425000,11452,11454,11454,4
2020-06-30,15:21:56.311000,11452,11453,11453,1
2020-06-30,15:21:56.312000,11452,11453,11453,1
2020-06-30,15:21:56.312000,11452,11453,11453,1
2020-06-30,15:22:04.985000,11453,11454,11453,1
2020-06-30,15:22:15.707000,11453,11455,11453,2
2020-06-30,15:22:18.674000,11454,11455,11454,2
2020-06-30,15:22:19.864000,11454,11455,11454,1
2020-06-30,15:22:20.718000,11453,11455,11453,1
2020-06-30,15:22:21.472000,11453,11455,11453,1
2020-06-30,15:22:22.206000,11453,11455,11453,1
2020-06-30,15:22:29.113000,11454,11455,11455,2
2020-06-30,15:22:29.116000,11454,11455,11455,1
2020-06-30,15:22:35.022000,11454,11455,11455,2
2020-06-30,15:22:44.937000,11454,11455,11454,1
2020-06-30,15:22:44.937000,11454,11455,11454,3
2020-06-30,15:22:44.937000,11454,11455,11454,1
2020-06-30,15:22:44.937000,11454,11455,11454,2
2020-06-30,15:22:48.309000,11454,11455,11454,1
2020-06-30,15:22:53.323000,11454,11455,11454,1
2020-06-30,15:22:54.404000,11454,11456,11454,1
2020-06-30,15:22:56.323000,11454,11455,11454,1
2020-06-30,15:23:22.338000,11454,11456,11455,1
2020-06-30,15:23:22.338000,11454,11456,11454,4
2020-06-30,15:23:25.105000,11454,11455,11455,1
2020-06-30,15:23:29.083000,11455,11456,11455,1
2020-06-30,15:23:38.779000,11455,11456,11456,7
2020-06-30,15:23:38.779000,11455,11456,11456,5
2020-06-30,15:23:41.444000,11455,11456,11455,1
2020-06-30,15:23:59.616000,11455,11456,11455,1
2020-06-30,15:24:01.125000,11455,11456,11456,1
2020-06-30,15:24:01.125000,11455,11456,11456,1
2020-06-30,15:24:05.943000,11455,11456,11456,1
2020-06-30,15:24:06.658000,11455,11456,11456,1
2020-06-30,15:24:13.636000,11456,11457,11456,1
2020-06-30,15:24:24.030000,11456,11457,11457,21
2020-06-30,15:24:25.244000,11456,11458,11458,2
2020-06-30,15:24:26.997000,11456,11458,11458,1
2020-06-30,15:24:28.149000,11456,11458,11457,1
2020-06-30,15:24:29.666000,11456,11458,11458,1
2020-06-30,15:24:31.403000,11456,11458,11458,1
2020-06-30,15:24:34.955000,11456,11457,11457,1
2020-06-30,15:24:40.754000,11456,11457,11457,1
2020-06-30,15:24:40.754000,11456,11457,11457,6
2020-06-30,15:24:40.754000,11456,11457,11457,7
2020-06-30,15:24:43.112000,11457,11458,11457,1
2020-06-30,15:24:44.866000,11456,11458,11457,1
2020-06-30,15:24:51.964000,11456,11458,11456,1
2020-06-30,15:25:01.731000,11456,11457,11457,1
2020-06-30,15:25:03.412000,11456,11458,11457,1
2020-06-30,15:25:06.915000,11456,11457,11457,1
2020-06-30,15:25:11.408000,11457,11458,11457,1
2020-06-30,15:25:37.139000,11456,11457,11457,1
2020-06-30,15:25:37.507000,11456,11457,11457,1
2020-06-30,15:25:37.853000,11456,11457,11457,1
2020-06-30,15:25:38.165000,11456,11457,11457,1
2020-06-30,15:25:43.832000,11456,11457,11456,10
2020-06-30,15:25:45.038000,11455,11456,11456,1
2020-06-30,15:25:47.055000,11455,11456,11456,1
2020-06-30,15:25:47.670000,11455,11456,11456,1
2020-06-30,15:25:48.337000,11455,11456,11456,1
2020-06-30,15:25:49.126000,11455,11456,11456,1
2020-06-30,15:25:49.804000,11455,11456,11456,1
2020-06-30,15:25:49.924000,11455,11456,11455,1
2020-06-30,15:25:50.870000,11455,11456,11455,1
2020-06-30,15:25:50.870000,11455,11456,11455,1
2020-06-30,15:25:50.870000,11455,11456,11455,1
2020-06-30,15:25:50.870000,11455,11456,11455,2
2020-06-30,15:25:51.288000,11454,11456,11456,1
2020-06-30,15:26:01.622000,11454,11455,11455,1
2020-06-30,15:26:10.270000,11455,11456,11455,1
2020-06-30,15:26:14.299000,11454,11456,11454,7
2020-06-30,15:26:14.300000,11454,11456,11454,2
2020-06-30,15:26:14.300000,11454,11456,11454,1
2020-06-30,15:26:14.376000,11453,11454,11453,4
2020-06-30,15:26:14.391000,11453,11454,11453,1
2020-06-30,15:26:14.392000,11453,11454,11453,4
2020-06-30,15:26:14.395000,11453,11454,11453,2
2020-06-30,15:26:14.395000,11453,11454,11452,1
2020-06-30,15:26:14.397000,11453,11454,11452,2
2020-06-30,15:26:14.397000,11453,11454,11452,3
2020-06-30,15:26:14.398000,11453,11454,11452,2
2020-06-30,15:26:14.399000,11453,11454,11452,6
2020-06-30,15:26:14.401000,11453,11454,11452,4
2020-06-30,15:26:14.405000,11453,11454,11452,1
2020-06-30,15:26:14.426000,11453,11454,11452,1
2020-06-30,15:26:14.691000,11452,11453,11452,3
2020-06-30,15:26:14.747000,11452,11453,11453,1
2020-06-30,15:26:14.872000,11452,11453,11453,1
2020-06-30,15:26:14.902000,11452,11453,11454,1
2020-06-30,15:26:17.517000,11452,11453,11453,1
2020-06-30,15:26:18.681000,11452,11453,11452,1
2020-06-30,15:26:25.366000,11453,11454,11454,1
2020-06-30,15:26:25.366000,11453,11454,11454,1
2020-06-30,15:26:30.789000,11454,11455,11455,1
2020-06-30,15:26:42.440000,11455,11456,11456,1
2020-06-30,15:26:42.440000,11455,11456,11456,1
2020-06-30,15:26:45.857000,11456,11457,11456,1
2020-06-30,15:26:49.745000,11455,11456,11456,1
2020-06-30,15:27:01.246000,11455,11456,11456,2
2020-06-30,15:27:09.043000,11454,11456,11455,1
2020-06-30,15:27:11.976000,11454,11455,11455,1
2020-06-30,15:27:22.948000,11454,11456,11455,1
2020-06-30,15:27:24.997000,11454,11455,11455,1
2020-06-30,15:27:29.473000,11454,11456,11454,1
2020-06-30,15:27:31.046000,11454,11456,11454,2
2020-06-30,15:27:38.419000,11454,11455,11455,2
2020-06-30,15:27:38.419000,11454,11455,11455,1
2020-06-30,15:27:40.272000,11455,11456,11456,2
2020-06-30,15:27:40.602000,11455,11457,11455,1
2020-06-30,15:27:44.350000,11455,11456,11455,1
2020-06-30,15:27:53.150000,11455,11456,11455,2
2020-06-30,15:27:53.562000,11454,11455,11455,1
2020-06-30,15:28:02.101000,11455,11456,11455,1
2020-06-30,15:28:10.151000,11455,11456,11455,1
2020-06-30,15:28:25.712000,11454,11455,11455,1
2020-06-30,15:28:25.712000,11454,11455,11455,1
2020-06-30,15:28:40.181000,11455,11456,11455,1
2020-06-30,15:28:50.548000,11455,11456,11456,3
2020-06-30,15:28:53.779000,11455,11456,11456,1
2020-06-30,15:29:02.274000,11455,11456,11456,2
2020-06-30,15:29:04.801000,11455,11456,11456,2
2020-06-30,15:29:13.552000,11455,11456,11455,1
2020-06-30,15:29:14.889000,11455,11456,11455,1
2020-06-30,15:29:14.921000,11455,11456,11455,1
2020-06-30,15:29:16.293000,11454,11455,11455,1
2020-06-30,15:29:21.532000,11455,11456,11455,1
2020-06-30,15:29:30.455000,11454,11455,11454,3
2020-06-30,15:29:34.542000,11454,11455,11454,1
2020-06-30,15:29:35.872000,11454,11455,11455,1
2020-06-30,15:29:40.759000,11454,11455,11454,1
2020-06-30,15:29:41.375000,11454,11455,11454,1
2020-06-30,15:29:41.475000,11454,11455,11455,1
2020-06-30,15:29:57.697000,11454,11455,11456,1
2020-06-30,15:30:01.052000,11454,11456,11454,1
2020-06-30,15:30:01.085000,11454,11456,11454,1
2020-06-30,15:30:01.431000,11454,11455,11454,1
2020-06-30,15:30:01.531000,11454,11455,11454,1
2020-06-30,15:30:01.707000,11454,11455,11454,1
2020-06-30,15:30:01.728000,11454,11455,11455,1
2020-06-30,15:30:01.973000,11454,11456,11456,1
2020-06-30,15:30:05.711000,11455,11456,11456,2
2020-06-30,15:30:05.711000,11455,11456,11456,1
2020-06-30,15:30:10.039000,11456,11457,11456,2
2020-06-30,15:30:10.122000,11455,11456,11455,1
2020-06-30,15:30:10.139000,11455,11456,11456,1
2020-06-30,15:30:14.375000,11454,11456,11454,1
2020-06-30,15:30:19.453000,11455,11456,11455,1
2020-06-30,15:30:20.273000,11454,11455,11454,2
2020-06-30,15:30:20.727000,11453,11455,11455,1
2020-06-30,15:30:23.214000,11453,11455,11453,1
2020-06-30,15:30:26.238000,11453,11454,11453,1
2020-06-30,15:30:26.244000,11453,11454,11453,1
2020-06-30,15:30:26.244000,11453,11454,11453,6
2020-06-30,15:30:26.244000,11453,11454,11453,2
2020-06-30,15:30:26.244000,11453,11454,11453,2
2020-06-30,15:30:26.244000,11453,11454,11453,2
2020-06-30,15:30:26.265000,11452,11453,11452,2
2020-06-30,15:30:26.315000,11452,11453,11452,2
2020-06-30,15:30:26.366000,11452,11453,11452,2
2020-06-30,15:30:26.372000,11452,11453,11452,2
2020-06-30,15:30:26.373000,11452,11453,11452,1
2020-06-30,15:30:37.550000,11452,11454,11452,2
2020-06-30,15:30:47.589000,11452,11453,11452,1
2020-06-30,15:30:50.499000,11452,11453,11453,1
2020-06-30,15:30:52.360000,11452,11453,11452,2
2020-06-30,15:30:52.361000,11452,11453,11452,1
2020-06-30,15:30:55.321000,11451,11452,11452,2
2020-06-30,15:30:55.819000,11451,11452,11451,6
2020-06-30,15:30:55.819000,11451,11452,11451,18
2020-06-30,15:30:55.914000,11450,11451,11450,15
2020-06-30,15:30:55.914000,11450,11451,11450,5
2020-06-30,15:30:56.016000,11450,11451,11450,1
2020-06-30,15:30:56.145000,11450,11451,11450,4
2020-06-30,15:30:56.147000,11450,11451,11450,11
2020-06-30,15:30:58.843000,11449,11450,11449,2
2020-06-30,15:30:58.877000,11449,11450,11449,4
2020-06-30,15:30:59.875000,11449,11450,11450,2
2020-06-30,15:30:59.876000,11449,11450,11450,1
2020-06-30,15:31:01.123000,11450,11451,11450,2
2020-06-30,15:31:01.920000,11450,11451,11450,2
2020-06-30,15:31:02.065000,11450,11451,11451,1
2020-06-30,15:31:02.845000,11450,11451,11451,1
2020-06-30,15:31:02.875000,11451,11452,11451,1
2020-06-30,15:31:02.879000,11451,11452,11450,1
2020-06-30,15:31:02.881000,11451,11452,11450,1
2020-06-30,15:31:02.899000,11451,11452,11450,2
2020-06-30,15:31:05.201000,11451,11453,11451,1
2020-06-30,15:31:05.341000,11451,11453,11451,5
2020-06-30,15:31:11.873000,11449,11451,11449,1
2020-06-30,15:31:12.110000,11449,11451,11449,1
2020-06-30,15:31:12.401000,11449,11450,11449,1
2020-06-30,15:31:12.687000,11449,11450,11449,1
2020-06-30,15:31:12.975000,11449,11450,11449,1
2020-06-30,15:31:13.337000,11449,11450,11449,1
2020-06-30,15:31:13.678000,11449,11450,11450,1
2020-06-30,15:31:15.723000,11449,11451,11450,1
2020-06-30,15:31:15.778000,11450,11451,11451,1
2020-06-30,15:31:16.457000,11449,11451,11449,1
2020-06-30,15:31:17.411000,11449,11451,11449,1
2020-06-30,15:31:25.015000,11449,11450,11450,1
2020-06-30,15:31:25.477000,11449,11450,11449,1
2020-06-30,15:31:32.656000,11449,11450,11449,1
2020-06-30,15:31:36.491000,11449,11450,11450,1
2020-06-30,15:31:41.040000,11449,11450,11450,2
2020-06-30,15:31:45.687000,11449,11450,11449,4
2020-06-30,15:31:46.216000,11449,11450,11449,1
2020-06-30,15:31:49.282000,11449,11450,11449,1
2020-06-30,15:31:54.317000,11449,11450,11450,1
2020-06-30,15:31:54.974000,11449,11450,11450,2
2020-06-30,15:31:56.062000,11450,11451,11450,1
2020-06-30,15:31:56.242000,11450,11451,11450,1
2020-06-30,15:31:57.767000,11450,11451,11451,1
2020-06-30,15:31:57.853000,11450,11451,11450,1
2020-06-30,15:32:02.212000,11450,11451,11450,1
2020-06-30,15:32:06.410000,11450,11451,11450,2
2020-06-30,15:32:07.531000,11449,11450,11449,2
2020-06-30,15:32:08.304000,11449,11450,11450,1
2020-06-30,15:32:10.010000,11449,11450,11450,1
2020-06-30,15:32:10.095000,11449,11450,11450,1
2020-06-30,15:32:10.722000,11450,11451,11450,1
2020-06-30,15:32:10.722000,11450,11451,11449,2
2020-06-30,15:32:11.477000,11450,11451,11450,2
2020-06-30,15:32:11.477000,11450,11451,11450,2
2020-06-30,15:32:11.497000,11449,11450,11450,2
2020-06-30,15:32:11.755000,11449,11450,11449,1
2020-06-30,15:32:14.189000,11449,11450,11450,1
2020-06-30,15:32:17.254000,11449,11450,11449,6
2020-06-30,15:32:17.254000,11449,11450,11449,2
2020-06-30,15:32:17.254000,11449,11450,11449,4
2020-06-30,15:32:19.116000,11448,11449,11448,5
2020-06-30,15:32:19.146000,11448,11449,11448,1
2020-06-30,15:32:19.173000,11448,11449,11449,1
2020-06-30,15:32:19.401000,11448,11449,11448,1
2020-06-30,15:32:19.656000,11448,11449,11448,1
2020-06-30,15:32:21.496000,11448,11450,11448,3
2020-06-30,15:32:22.250000,11448,11450,11450,1
2020-06-30,15:32:33.395000,11448,11449,11448,2
2020-06-30,15:32:35.363000,11448,11449,11449,2
2020-06-30,15:32:39.970000,11449,11450,11450,1
2020-06-30,15:32:39.970000,11449,11450,11450,1
2020-06-30,15:32:39.971000,11449,11450,11450,6
2020-06-30,15:32:39.971000,11449,11450,11450,1
2020-06-30,15:32:39.971000,11449,11450,11450,5
2020-06-30,15:32:42.295000,11449,11451,11449,2
2020-06-30,15:32:47.930000,11449,11450,11450,1
2020-06-30,15:32:52.760000,11450,11451,11450,1
2020-06-30,15:32:59.490000,11449,11450,11450,1
2020-06-30,15:33:06.662000,11450,11451,11450,1
2020-06-30,15:33:14.366000,11449,11450,11450,1
2020-06-30,15:33:26.877000,11450,11451,11450,1
2020-06-30,15:33:27.934000,11450,11451,11451,1
2020-06-30,15:33:27.934000,11450,11451,11451,1
2020-06-30,15:33:27.934000,11450,11451,11451,2
2020-06-30,15:33:27.934000,11450,11451,11451,5
2020-06-30,15:33:27.934000,11450,11451,11451,2
2020-06-30,15:33:30.141000,11451,11452,11452,1
2020-06-30,15:33:31.280000,11451,11452,11452,2
2020-06-30,15:33:32.416000,11451,11452,11452,1
2020-06-30,15:33:45.020000,11451,11452,11452,1
2020-06-30,15:33:45.143000,11451,11452,11452,1
2020-06-30,15:33:48.686000,11451,11452,11452,1
2020-06-30,15:33:50.327000,11451,11452,11452,1
2020-06-30,15:34:02.747000,11451,11452,11451,6
2020-06-30,15:34:03.709000,11450,11451,11450,1
2020-06-30,15:34:04.634000,11450,11451,11450,1
2020-06-30,15:34:05.416000,11450,11451,11450,1
2020-06-30,15:34:05.771000,11450,11451,11451,1
2020-06-30,15:34:09.417000,11450,11451,11451,1
2020-06-30,15:34:11.943000,11450,11451,11451,1
2020-06-30,15:34:13.168000,11450,11452,11452,1
2020-06-30,15:34:29.623000,11450,11451,11451,2
2020-06-30,15:34:53.624000,11450,11451,11451,3
2020-06-30,15:35:01.565000,11451,11452,11451,1
2020-06-30,15:35:04.813000,11451,11452,11451,4
2020-06-30,15:35:05.005000,11450,11451,11451,1
2020-06-30,15:35:06.655000,11450,11451,11450,15
2020-06-30,15:35:11.190000,11449,11450,11450,1
2020-06-30,15:35:14.568000,11450,11451,11450,1
2020-06-30,15:35:15.461000,11450,11451,11451,2
2020-06-30,15:35:15.478000,11450,11451,11451,3
2020-06-30,15:35:20.415000,11451,11452,11451,2
2020-06-30,15:35:20.465000,11451,11452,11451,2
2020-06-30,15:35:25.512000,11450,11451,11450,1
2020-06-30,15:35:26.594000,11450,11451,11451,1
2020-06-30,15:35:31.400000,11450,11451,11450,1
2020-06-30,15:35:41.436000,11450,11451,11450,1
2020-06-30,15:35:41.674000,11450,11451,11450,1
2020-06-30,15:35:41.779000,11450,11451,11450,1
2020-06-30,15:35:42.131000,11450,11451,11450,1
2020-06-30,15:35:53.286000,11450,11451,11450,1
2020-06-30,15:35:53.449000,11450,11451,11451,1
2020-06-30,15:35:53.565000,11450,11451,11450,1
2020-06-30,15:35:56.504000,11450,11451,11451,2
2020-06-30,15:35:56.505000,11450,11451,11451,3
2020-06-30,15:35:59.413000,11451,11452,11452,1
2020-06-30,15:35:59.414000,11451,11452,11452,1
2020-06-30,15:35:59.414000,11451,11452,11452,5
2020-06-30,15:35:59.414000,11451,11452,11452,1
2020-06-30,15:36:00.897000,11452,11453,11453,2
2020-06-30,15:36:00.898000,11452,11453,11453,4
2020-06-30,15:36:03.253000,11452,11454,11454,1
2020-06-30,15:36:06.983000,11452,11453,11453,1
2020-06-30,15:36:06.983000,11452,11453,11453,2
2020-06-30,15:36:06.984000,11452,11453,11453,2
2020-06-30,15:36:07.022000,11453,11454,11453,2
2020-06-30,15:36:07.053000,11453,11454,11453,1
2020-06-30,15:36:09.760000,11452,11453,11453,3
2020-06-30,15:36:10.904000,11452,11454,11452,1
2020-06-30,15:36:30.487000,11452,11453,11453,1
2020-06-30,15:36:30.539000,11452,11453,11453,1
2020-06-30,15:36:33.778000,11453,11454,11454,6
2020-06-30,15:36:38.357000,11453,11454,11454,1
2020-06-30,15:36:39.422000,11453,11455,11453,5
2020-06-30,15:36:40.524000,11453,11454,11453,1
2020-06-30,15:36:42.780000,11453,11454,11453,2
2020-06-30,15:36:52.009000,11452,11453,11453,1
2020-06-30,15:36:57.101000,11453,11454,11453,4
2020-06-30,15:36:57.302000,11452,11453,11453,1
2020-06-30,15:36:58.473000,11452,11454,11454,1
2020-06-30,15:37:02.106000,11452,11454,11452,5
2020-06-30,15:37:16.978000,11452,11453,11453,1
2020-06-30,15:37:20.391000,11452,11453,11453,1
2020-06-30,15:37:25.759000,11452,11453,11453,4
2020-06-30,15:37:29.830000,11452,11453,11453,1
2020-06-30,15:37:37.438000,11453,11454,11453,1
2020-06-30,15:37:37.597000,11453,11454,11454,1
2020-06-30,15:37:37.597000,11453,11454,11454,1
2020-06-30,15:37:37.597000,11453,11454,11454,1
2020-06-30,15:37:37.597000,11453,11454,11454,1
2020-06-30,15:37:39.701000,11453,11454,11453,1
2020-06-30,15:37:40.702000,11453,11454,11453,1
2020-06-30,15:37:45.437000,11453,11454,11453,5
2020-06-30,15:37:50.438000,11453,11454,11454,1
2020-06-30,15:38:02.895000,11453,11454,11454,4
2020-06-30,15:38:06.595000,11454,11455,11454,1
2020-06-30,15:38:08.140000,11454,11455,11455,1
2020-06-30,15:38:08.140000,11454,11455,11455,3
2020-06-30,15:38:08.140000,11454,11455,11455,1
2020-06-30,15:38:08.140000,11454,11455,11455,1
2020-06-30,15:38:08.140000,11454,11455,11455,6
2020-06-30,15:38:08.140000,11454,11455,11455,1
2020-06-30,15:38:11.887000,11454,11456,11456,1
2020-06-30,15:38:20.777000,11455,11456,11456,1
2020-06-30,15:38:26.276000,11455,11456,11455,1
2020-06-30,15:38:26.276000,11455,11456,11455,2
2020-06-30,15:38:27.377000,11454,11455,11454,2
2020-06-30,15:38:37.354000,11454,11455,11454,1
2020-06-30,15:38:39.493000,11453,11455,11455,1
2020-06-30,15:38:45.741000,11453,11455,11455,1
2020-06-30,15:38:54.076000,11453,11455,11453,1
2020-06-30,15:39:36.415000,11454,11455,11454,4
2020-06-30,15:39:41.967000,11453,11454,11454,1
2020-06-30,15:39:41.968000,11453,11454,11454,2
2020-06-30,15:39:41.968000,11453,11454,11454,1
2020-06-30,15:39:58.561000,11454,11455,11454,2
2020-06-30,15:40:02.712000,11453,11454,11454,2
2020-06-30,15:40:06.200000,11453,11454,11454,1
2020-06-30,15:40:17.019000,11453,11454,11453,1
2020-06-30,15:40:17.019000,11453,11454,11453,15
2020-06-30,15:40:31.337000,11452,11454,11452,1
2020-06-30,15:40:50.447000,11453,11454,11454,5
2020-06-30,15:40:59.502000,11454,11455,11455,1
2020-06-30,15:41:00.898000,11454,11455,11454,2
2020-06-30,15:41:02.357000,11453,11454,11454,1
2020-06-30,15:41:08.131000,11453,11454,11453,1
2020-06-30,15:41:08.131000,11453,11454,11453,1
2020-06-30,15:41:08.131000,11453,11454,11453,3
2020-06-30,15:41:13.831000,11452,11453,11453,1
2020-06-30,15:41:19.892000,11453,11454,11454,2
2020-06-30,15:41:23.963000,11454,11455,11454,1
2020-06-30,15:41:41.059000,11454,11455,11454,1
2020-06-30,15:41:48.652000,11453,11454,11454,1
2020-06-30,15:41:49.674000,11454,11455,11454,1
2020-06-30,15:41:51.104000,11454,11455,11454,1
2020-06-30,15:42:03.416000,11454,11455,11454,2
2020-06-30,15:42:03.416000,11454,11455,11454,1
2020-06-30,15:42:03.606000,11453,11454,11454,1
2020-06-30,15:42:28.598000,11453,11454,11454,1
2020-06-30,15:42:32.284000,11453,11454,11453,2
2020-06-30,15:42:35.323000,11453,11454,11454,1
2020-06-30,15:42:42.768000,11453,11454,11453,5
2020-06-30,15:42:52.071000,11452,11453,11453,1
2020-06-30,15:43:02.225000,11453,11454,11454,1
2020-06-30,15:43:02.225000,11453,11454,11454,1
2020-06-30,15:43:20.610000,11453,11454,11453,1
2020-06-30,15:43:25.156000,11452,11454,11454,1
2020-06-30,15:43:35.238000,11453,11454,11454,2
2020-06-30,15:43:49.131000,11454,11455,11454,3
2020-06-30,15:43:59.413000,11453,11454,11453,1
2020-06-30,15:43:59.413000,11453,11454,11453,1
2020-06-30,15:44:05.250000,11452,11453,11453,1
2020-06-30,15:44:06.381000,11454,11455,11455,1
2020-06-30,15:44:07.094000,11454,11455,11454,1
2020-06-30,15:44:24.550000,11453,11454,11453,1
2020-06-30,15:44:29.434000,11453,11454,11454,1
2020-06-30,15:44:47.447000,11454,11455,11454,2
2020-06-30,15:45:08.919000,11453,11454,11453,1
2020-06-30,15:45:09.189000,11453,11454,11454,2
2020-06-30,15:45:11.134000,11453,11454,11453,1
2020-06-30,15:45:12.553000,11452,11453,11452,4
2020-06-30,15:45:38.420000,11451,11452,11452,2
2020-06-30,15:45:38.420000,11451,11452,11452,2
2020-06-30,15:46:02.404000,11451,11452,11452,1
2020-06-30,15:46:09.791000,11452,11453,11452,1
2020-06-30,15:46:27.172000,11452,11453,11453,1
2020-06-30,15:46:27.173000,11452,11453,11453,1
2020-06-30,15:46:27.173000,11452,11453,11453,1
2020-06-30,15:46:32.862000,11452,11454,11452,1
2020-06-30,15:46:40.067000,11453,11454,11453,8
2020-06-30,15:46:40.705000,11453,11454,11454,2
2020-06-30,15:46:40.705000,11453,11454,11454,1
2020-06-30,15:46:44.174000,11453,11455,11453,1
2020-06-30,15:46:49.204000,11454,11455,11454,1
2020-06-30,15:46:50.171000,11454,11455,11455,5
2020-06-30,15:46:50.649000,11454,11455,11454,1
2020-06-30,15:46:51.748000,11454,11455,11455,1
2020-06-30,15:46:52.716000,11454,11455,11455,2
2020-06-30,15:46:52.717000,11454,11455,11455,5
2020-06-30,15:46:57.390000,11455,11456,11455,1
2020-06-30,15:47:00.255000,11455,11456,11455,1
2020-06-30,15:47:10.931000,11455,11456,11456,10
2020-06-30,15:47:10.931000,11455,11456,11456,4
2020-06-30,15:47:10.932000,11455,11456,11456,1
2020-06-30,15:47:10.932000,11455,11456,11456,1
2020-06-30,15:47:10.932000,11455,11456,11456,1
2020-06-30,15:47:10.932000,11455,11456,11456,1
2020-06-30,15:47:10.932000,11455,11456,11456,4
2020-06-30,15:47:10.932000,11455,11456,11456,1
2020-06-30,15:47:19.321000,11456,11457,11456,1
2020-06-30,15:47:22.256000,11455,11456,11456,1
2020-06-30,15:47:28.031000,11455,11457,11455,5
2020-06-30,15:47:29.693000,11455,11456,11456,1
2020-06-30,15:47:33.388000,11456,11457,11456,2
2020-06-30,15:47:33.388000,11456,11457,11456,1
2020-06-30,15:47:37.716000,11455,11456,11456,1
2020-06-30,15:47:44.284000,11455,11456,11455,1
2020-06-30,15:47:48.210000,11455,11456,11455,1
2020-06-30,15:47:49.008000,11455,11456,11455,5
2020-06-30,15:47:49.194000,11455,11456,11456,1
2020-06-30,15:47:54.376000,11455,11456,11456,2
2020-06-30,15:48:02.141000,11455,11456,11456,5
2020-06-30,15:48:09.450000,11455,11456,11456,1
2020-06-30,15:48:16.668000,11455,11456,11455,5
2020-06-30,15:48:19.179000,11455,11456,11455,1
2020-06-30,15:48:22.652000,11454,11455,11455,1
2020-06-30,15:48:29.667000,11455,11456,11455,3
2020-06-30,15:48:29.800000,11454,11455,11455,1
2020-06-30,15:48:38.336000,11455,11456,11456,1
2020-06-30,15:48:53.330000,11455,11456,11455,1
2020-06-30,15:49:17.252000,11455,11456,11456,9
2020-06-30,15:49:31.050000,11456,11457,11456,1
2020-06-30,15:49:31.103000,11456,11457,11456,1
2020-06-30,15:49:39.334000,11455,11457,11456,1
2020-06-30,15:49:43.087000,11455,11457,11457,1
2020-06-30,15:49:44.686000,11455,11457,11457,1
2020-06-30,15:50:02.198000,11456,11457,11457,10
2020-06-30,15:50:02.389000,11456,11457,11457,1
2020-06-30,15:50:02.765000,11456,11457,11457,1
2020-06-30,15:50:02.765000,11456,11457,11457,1
2020-06-30,15:50:02.765000,11456,11457,11457,1
2020-06-30,15:50:09.844000,11457,11458,11457,1
2020-06-30,15:50:17.250000,11457,11458,11458,2
2020-06-30,15:50:17.702000,11457,11458,11458,1
2020-06-30,15:50:21.321000,11457,11458,11458,8
2020-06-30,15:50:21.373000,11457,11458,11458,2
2020-06-30,15:50:21.374000,11457,11458,11458,2
2020-06-30,15:50:23.149000,11457,11458,11458,1
2020-06-30,15:50:24.113000,11457,11458,11457,5
2020-06-30,15:50:25.056000,11457,11458,11458,2
2020-06-30,15:50:30.729000,11457,11458,11458,1
2020-06-30,15:50:33.365000,11457,11458,11458,1
2020-06-30,15:50:40.239000,11458,11459,11458,1
2020-06-30,15:50:41.232000,11458,11459,11459,1
2020-06-30,15:50:42.243000,11458,11459,11459,1
2020-06-30,15:50:42.661000,11458,11459,11459,3
2020-06-30,15:50:47.565000,11458,11459,11459,8
2020-06-30,15:50:48.120000,11458,11459,11459,1
2020-06-30,15:50:53.671000,11458,11459,11459,2
2020-06-30,15:51:02.406000,11458,11459,11458,1
2020-06-30,15:51:08.345000,11458,11459,11458,1
2020-06-30,15:51:12.425000,11458,11459,11459,1
2020-06-30,15:51:16.749000,11458,11459,11459,1
2020-06-30,15:51:17.183000,11458,11459,11459,1
2020-06-30,15:51:17.184000,11458,11459,11459,3
2020-06-30,15:51:17.911000,11459,11460,11459,1
2020-06-30,15:51:19.783000,11458,11459,11459,1
2020-06-30,15:51:20.289000,11458,11459,11459,1
2020-06-30,15:51:26.247000,11458,11459,11459,1
2020-06-30,15:51:26.908000,11458,11459,11459,3
2020-06-30,15:51:30.788000,11458,11459,11458,1
2020-06-30,15:51:30.788000,11458,11459,11458,2
2020-06-30,15:51:30.788000,11458,11459,11458,5
2020-06-30,15:51:30.788000,11458,11459,11458,5
2020-06-30,15:51:30.788000,11458,11459,11458,1
2020-06-30,15:51:30.788000,11458,11459,11458,1
2020-06-30,15:51:30.788000,11458,11459,11458,1
2020-06-30,15:51:30.788000,11458,11459,11458,2
2020-06-30,15:51:30.788000,11458,11459,11458,4
2020-06-30,15:51:30.788000,11458,11459,11458,3
2020-06-30,15:51:30.788000,11458,11459,11458,1
2020-06-30,15:51:30.788000,11458,11459,11458,6
2020-06-30,15:51:30.789000,11458,11459,11458,1
2020-06-30,15:51:31.169000,11457,11458,11457,4
2020-06-30,15:51:34.395000,11457,11459,11459,1
2020-06-30,15:51:40.012000,11457,11459,11459,5
2020-06-30,15:51:53.398000,11458,11459,11459,2
2020-06-30,15:51:53.398000,11458,11459,11459,1
2020-06-30,15:51:54.513000,11459,11460,11459,1
2020-06-30,15:52:00.506000,11459,11460,11459,1
2020-06-30,15:52:01.991000,11459,11460,11459,1
2020-06-30,15:52:03.929000,11459,11460,11460,1
2020-06-30,15:52:04.025000,11459,11460,11460,1
2020-06-30,15:52:04.034000,11459,11460,11460,1
2020-06-30,15:52:04.034000,11459,11460,11460,1
2020-06-30,15:52:04.062000,11459,11460,11460,1
2020-06-30,15:52:04.074000,11459,11460,11460,1
2020-06-30,15:52:04.272000,11459,11460,11459,4
2020-06-30,15:52:04.377000,11459,11460,11459,1
2020-06-30,15:52:06.580000,11459,11460,11460,1
2020-06-30,15:52:12.369000,11459,11460,11459,1
2020-06-30,15:52:15.319000,11458,11459,11459,1
2020-06-30,15:52:21.632000,11458,11459,11459,1
2020-06-30,15:52:21.910000,11458,11459,11459,1
2020-06-30,15:52:22.731000,11458,11459,11459,1
2020-06-30,15:52:23.982000,11458,11459,11459,3
2020-06-30,15:52:31.823000,11458,11459,11459,1
2020-06-30,15:52:32.778000,11458,11459,11459,1
2020-06-30,15:52:38.838000,11458,11459,11459,1
2020-06-30,15:52:38.839000,11458,11459,11459,2
2020-06-30,15:52:40.093000,11459,11460,11459,2
2020-06-30,15:52:42.666000,11458,11459,11459,1
2020-06-30,15:52:42.666000,11458,11459,11460,2
2020-06-30,15:52:49.480000,11458,11459,11459,1
2020-06-30,15:52:56.263000,11458,11459,11459,1
2020-06-30,15:52:56.436000,11458,11459,11459,2
2020-06-30,15:53:00.085000,11459,11460,11459,2
2020-06-30,15:53:00.222000,11458,11460,11459,1
2020-06-30,15:53:06.769000,11458,11459,11458,1
2020-06-30,15:53:07.382000,11458,11459,11458,1
2020-06-30,15:53:12.641000,11458,11459,11458,1
2020-06-30,15:53:20.283000,11458,11459,11458,1
2020-06-30,15:53:20.284000,11458,11459,11458,1
2020-06-30,15:53:20.284000,11458,11459,11458,6
2020-06-30,15:53:20.284000,11458,11459,11458,14
2020-06-30,15:53:20.284000,11458,11459,11458,1
2020-06-30,15:53:20.284000,11458,11459,11458,4
2020-06-30,15:53:20.284000,11458,11459,11458,4
2020-06-30,15:53:22.387000,11457,11458,11458,2
2020-06-30,15:53:22.387000,11457,11458,11458,2
2020-06-30,15:53:26.587000,11458,11459,11459,1
2020-06-30,15:53:26.761000,11458,11459,11459,1
2020-06-30,15:53:28.644000,11458,11459,11458,1
2020-06-30,15:53:32.191000,11457,11459,11457,1
2020-06-30,15:53:41.291000,11458,11459,11458,1
2020-06-30,15:53:47.189000,11458,11459,11459,1
2020-06-30,15:53:52.071000,11458,11459,11458,2
2020-06-30,15:53:52.071000,11458,11459,11458,2
2020-06-30,15:53:53.627000,11457,11458,11457,2
2020-06-30,15:54:07.520000,11457,11458,11457,1
2020-06-30,15:54:07.888000,11457,11458,11457,1
2020-06-30,15:54:08.019000,11457,11458,11457,1
2020-06-30,15:54:08.023000,11457,11458,11457,1
2020-06-30,15:54:08.028000,11457,11458,11457,1
2020-06-30,15:54:08.236000,11457,11458,11457,1
2020-06-30,15:54:08.273000,11457,11458,11457,1
2020-06-30,15:54:08.991000,11457,11458,11457,1
2020-06-30,15:54:08.994000,11457,11458,11457,1
2020-06-30,15:54:09.640000,11457,11458,11458,1
2020-06-30,15:54:15.670000,11458,11459,11459,1
2020-06-30,15:54:15.694000,11458,11459,11459,3
2020-06-30,15:54:15.694000,11458,11459,11459,2
2020-06-30,15:54:15.694000,11458,11459,11459,3
2020-06-30,15:54:15.695000,11458,11459,11459,1
2020-06-30,15:54:15.760000,11459,11460,11460,2
2020-06-30,15:54:15.786000,11459,11460,11460,2
2020-06-30,15:54:16.820000,11458,11460,11458,1
2020-06-30,15:54:23.305000,11459,11460,11459,1
2020-06-30,15:54:28.985000,11459,11460,11459,1
2020-06-30,15:54:32.719000,11459,11460,11460,22
2020-06-30,15:54:32.719000,11459,11460,11460,2
2020-06-30,15:54:32.719000,11459,11460,11460,2
2020-06-30,15:54:32.998000,11460,11461,11460,2
2020-06-30,15:54:33.058000,11460,11461,11460,2
2020-06-30,15:54:33.059000,11460,11461,11460,2
2020-06-30,15:54:33.059000,11460,11461,11460,1
2020-06-30,15:54:33.871000,11459,11461,11459,1
2020-06-30,15:54:35.455000,11459,11461,11459,1
2020-06-30,15:54:53.356000,11459,11460,11460,3
2020-06-30,15:54:58.398000,11460,11461,11461,1
2020-06-30,15:54:58.398000,11460,11461,11461,3
2020-06-30,15:54:58.399000,11460,11461,11461,1
2020-06-30,15:54:58.399000,11460,11461,11461,5
2020-06-30,15:54:58.399000,11460,11461,11461,5
2020-06-30,15:54:58.399000,11460,11461,11461,1
2020-06-30,15:54:58.399000,11460,11461,11461,2
2020-06-30,15:54:58.558000,11461,11462,11462,1
2020-06-30,15:54:58.559000,11461,11462,11462,4
2020-06-30,15:54:58.610000,11461,11462,11462,1
2020-06-30,15:54:58.951000,11461,11462,11462,1
2020-06-30,15:54:59.156000,11461,11462,11462,1
2020-06-30,15:55:01.274000,11461,11462,11461,1
2020-06-30,15:55:01.919000,11461,11462,11461,1
2020-06-30,15:55:03.966000,11461,11462,11462,1
2020-06-30,15:55:04.546000,11461,11462,11462,1
2020-06-30,15:55:05.503000,11461,11462,11462,1
2020-06-30,15:55:06.104000,11461,11462,11462,1
2020-06-30,15:55:07.465000,11461,11462,11462,8
2020-06-30,15:55:07.671000,11462,11463,11462,4
2020-06-30,15:55:09.483000,11462,11463,11463,1
2020-06-30,15:55:11.430000,11462,11463,11463,1
2020-06-30,15:55:11.557000,11462,11463,11463,1
2020-06-30,15:55:12.577000,11462,11463,11463,2
2020-06-30,15:55:12.609000,11462,11463,11463,3
2020-06-30,15:55:12.738000,11462,11463,11462,2
2020-06-30,15:55:13.496000,11462,11463,11463,1
2020-06-30,15:55:14.753000,11462,11463,11463,7
2020-06-30,15:55:14.938000,11463,11464,11463,4
2020-06-30,15:55:16.956000,11462,11463,11463,1
2020-06-30,15:55:17.655000,11462,11463,11462,1
2020-06-30,15:55:17.656000,11462,11463,11462,1
2020-06-30,15:55:17.656000,11462,11463,11462,5
2020-06-30,15:55:17.656000,11462,11463,11462,2
2020-06-30,15:55:19.047000,11461,11462,11461,2
2020-06-30,15:55:19.047000,11461,11462,11461,3
2020-06-30,15:55:20.209000,11460,11462,11462,4
2020-06-30,15:55:20.718000,11460,11462,11462,2
2020-06-30,15:55:22.683000,11461,11462,11462,1
2020-06-30,15:55:24.057000,11462,11463,11462,1
2020-06-30,15:55:24.947000,11461,11462,11462,1
2020-06-30,15:55:27.386000,11462,11463,11462,1
2020-06-30,15:55:27.819000,11462,11463,11462,1
2020-06-30,15:55:27.986000,11461,11462,11462,1
2020-06-30,15:55:30.158000,11462,11463,11462,2
2020-06-30,15:55:32.100000,11461,11462,11462,1
2020-06-30,15:55:33.137000,11461,11462,11462,1
2020-06-30,15:55:35.263000,11461,11462,11462,1
2020-06-30,15:55:35.778000,11461,11462,11461,1
2020-06-30,15:55:38.557000,11461,11462,11461,1
2020-06-30,15:55:49.896000,11461,11462,11462,5
2020-06-30,15:55:50.937000,11461,11462,11461,1
2020-06-30,15:55:55.113000,11461,11462,11461,1
2020-06-30,15:56:02.960000,11461,11462,11462,26
2020-06-30,15:56:02.960000,11461,11462,11463,9
2020-06-30,15:56:06.350000,11461,11462,11462,4
2020-06-30,15:56:06.350000,11461,11462,11463,1
2020-06-30,15:56:07.080000,11461,11463,11463,1
2020-06-30,15:56:08.903000,11461,11463,11463,1
2020-06-30,15:56:11.965000,11462,11463,11463,1
2020-06-30,15:56:12.558000,11462,11463,11462,2
2020-06-30,15:56:19.054000,11462,11463,11462,8
2020-06-30,15:56:19.831000,11461,11462,11462,1
2020-06-30,15:56:27.520000,11462,11463,11462,1
2020-06-30,15:56:28.636000,11462,11463,11463,5
2020-06-30,15:56:35.549000,11462,11463,11462,8
2020-06-30,15:56:35.726000,11461,11462,11461,1
2020-06-30,15:56:38.545000,11461,11462,11462,1
2020-06-30,15:56:40.408000,11461,11462,11461,2
2020-06-30,15:56:40.408000,11461,11462,11461,2
2020-06-30,15:56:40.408000,11461,11462,11461,2
2020-06-30,15:56:41.735000,11460,11461,11460,1
2020-06-30,15:56:56.093000,11460,11461,11461,1
2020-06-30,15:57:00.012000,11460,11461,11460,1
2020-06-30,15:57:02.392000,11460,11461,11461,10
2020-06-30,15:57:05.214000,11460,11461,11461,1
2020-06-30,15:57:14.691000,11461,11462,11461,2
2020-06-30,15:57:25.679000,11461,11462,11461,1
2020-06-30,15:57:38.238000,11461,11462,11461,1
2020-06-30,15:57:52.737000,11460,11461,11461,1
2020-06-30,15:57:52.752000,11460,11461,11461,4
2020-06-30,15:57:56.028000,11460,11461,11461,1
2020-06-30,15:57:56.131000,11460,11461,11461,1
2020-06-30,15:57:59.043000,11460,11461,11461,1
2020-06-30,15:58:00.745000,11461,11462,11461,1
2020-06-30,15:58:02.113000,11461,11462,11462,1
2020-06-30,15:58:23.354000,11461,11462,11462,1
2020-06-30,15:58:23.376000,11461,11462,11462,1
2020-06-30,15:58:23.380000,11461,11462,11462,1
2020-06-30,15:58:23.382000,11461,11462,11462,1
2020-06-30,15:58:24.634000,11461,11462,11462,1
2020-06-30,15:58:33.145000,11461,11462,11461,2
2020-06-30,15:58:37.988000,11460,11461,11461,1
2020-06-30,15:58:53.800000,11460,11461,11461,2
2020-06-30,15:59:01.730000,11460,11461,11461,1
2020-06-30,15:59:03.820000,11460,11461,11461,1
2020-06-30,15:59:11.208000,11460,11461,11461,2
2020-06-30,15:59:33.781000,11460,11461,11460,7
2020-06-30,15:59:38.353000,11460,11461,11460,1
2020-06-30,15:59:45.720000,11460,11461,11460,10
2020-06-30,15:59:49.810000,11460,11461,11460,10
2020-06-30,15:59:54.831000,11459,11460,11460,1
2020-06-30,15:59:54.832000,11459,11460,11460,1
2020-06-30,16:00:20.494000,11459,11460,11459,1
2020-06-30,16:00:20.819000,11459,11460,11459,3
2020-06-30,16:00:20.819000,11459,11460,11458,3
2020-06-30,16:00:20.978000,11458,11460,11460,1
2020-06-30,16:00:21.600000,11458,11460,11458,1
2020-06-30,16:00:26.863000,11458,11459,11458,2
2020-06-30,16:00:33.554000,11458,11459,11459,1
2020-06-30,16:00:38.495000,11458,11459,11459,1
2020-06-30,16:00:42.975000,11459,11460,11460,1
2020-06-30,16:00:42.975000,11459,11460,11460,1
2020-06-30,16:00:42.976000,11459,11460,11460,1
2020-06-30,16:00:42.976000,11459,11460,11460,1
2020-06-30,16:00:48.701000,11459,11460,11460,1
2020-06-30,16:01:00.524000,11460,11461,11460,1
2020-06-30,16:01:00.524000,11460,11461,11460,1
2020-06-30,16:01:02.601000,11460,11461,11461,2
2020-06-30,16:01:07.694000,11460,11461,11460,1
2020-06-30,16:01:09.884000,11460,11461,11460,1
2020-06-30,16:01:09.884000,11460,11461,11460,4
2020-06-30,16:01:09.884000,11460,11461,11460,1
2020-06-30,16:01:09.884000,11460,11461,11460,2
2020-06-30,16:01:21.130000,11460,11461,11460,1
2020-06-30,16:01:21.277000,11460,11461,11461,1
2020-06-30,16:01:22.729000,11460,11461,11460,1
2020-06-30,16:01:29.986000,11460,11461,11460,1
2020-06-30,16:01:31.320000,11459,11460,11460,1
2020-06-30,16:01:46.435000,11460,11461,11460,2
2020-06-30,16:01:54.615000,11460,11461,11460,1
2020-06-30,16:01:58.233000,11460,11461,11460,1
2020-06-30,16:02:02.407000,11459,11460,11459,4
2020-06-30,16:02:10.025000,11459,11460,11460,1
2020-06-30,16:02:10.564000,11460,11461,11460,1
2020-06-30,16:02:19.406000,11459,11460,11460,2
2020-06-30,16:02:20.245000,11460,11461,11460,5
2020-06-30,16:02:34.982000,11460,11461,11460,1
2020-06-30,16:02:41.247000,11459,11460,11460,1
2020-06-30,16:02:42.684000,11460,11461,11460,1
2020-06-30,16:02:51.573000,11460,11461,11460,4
2020-06-30,16:02:56.589000,11459,11460,11460,7
2020-06-30,16:03:02.445000,11460,11461,11461,7
2020-06-30,16:03:02.594000,11460,11462,11462,3
2020-06-30,16:03:04.221000,11460,11462,11462,1
2020-06-30,16:03:04.261000,11460,11462,11462,1
2020-06-30,16:03:04.432000,11460,11462,11462,1
2020-06-30,16:03:04.433000,11460,11462,11462,18
2020-06-30,16:03:04.448000,11460,11462,11462,2
2020-06-30,16:03:04.459000,11460,11462,11463,1
2020-06-30,16:03:04.632000,11462,11463,11463,1
2020-06-30,16:03:04.722000,11462,11463,11463,2
2020-06-30,16:03:04.822000,11462,11463,11462,2
2020-06-30,16:03:11.059000,11462,11463,11462,1
2020-06-30,16:03:25.013000,11462,11463,11463,1
2020-06-30,16:03:26.417000,11462,11463,11462,1
2020-06-30,16:03:28.149000,11462,11463,11462,1
2020-06-30,16:03:29.392000,11462,11463,11463,2
2020-06-30,16:03:39.960000,11462,11463,11462,1
2020-06-30,16:03:39.960000,11462,11463,11462,1
2020-06-30,16:03:41.823000,11462,11463,11462,2
2020-06-30,16:03:49.427000,11462,11463,11462,2
2020-06-30,16:03:54.458000,11460,11461,11461,1
2020-06-30,16:03:56.352000,11461,11462,11461,4
2020-06-30,16:04:07.658000,11460,11461,11460,1
2020-06-30,16:04:08.710000,11460,11461,11460,1
2020-06-30,16:04:11.464000,11460,11461,11460,2
2020-06-30,16:04:11.882000,11459,11460,11459,1
2020-06-30,16:04:15.897000,11459,11460,11459,1
2020-06-30,16:04:16.434000,11459,11460,11459,1
2020-06-30,16:04:22.432000,11459,11460,11460,1
2020-06-30,16:04:39.970000,11459,11460,11460,1
2020-06-30,16:04:39.970000,11459,11460,11460,1
2020-06-30,16:04:43.675000,11459,11461,11461,1
2020-06-30,16:04:50.267000,11460,11461,11460,1
2020-06-30,16:04:52.269000,11459,11460,11459,1
2020-06-30,16:04:52.288000,11459,11460,11459,1
2020-06-30,16:04:55.289000,11459,11460,11459,2
2020-06-30,16:05:02.255000,11459,11460,11459,5
2020-06-30,16:05:04.195000,11459,11460,11459,1
2020-06-30,16:05:11.884000,11459,11460,11459,1
2020-06-30,16:05:11.999000,11459,11460,11459,1
2020-06-30,16:05:31.387000,11459,11460,11459,2
2020-06-30,16:05:31.387000,11459,11460,11459,2
2020-06-30,16:05:37.797000,11458,11459,11458,2
2020-06-30,16:05:37.797000,11458,11459,11458,4
2020-06-30,16:05:43.786000,11457,11458,11457,2
2020-06-30,16:05:43.786000,11457,11458,11457,2
2020-06-30,16:05:44.972000,11456,11457,11457,1
2020-06-30,16:05:47.403000,11456,11457,11456,15
2020-06-30,16:05:49.630000,11455,11456,11455,2
2020-06-30,16:05:49.631000,11455,11456,11455,1
2020-06-30,16:05:49.631000,11455,11456,11455,1
2020-06-30,16:05:49.631000,11455,11456,11455,8
2020-06-30,16:05:49.631000,11455,11456,11455,2
2020-06-30,16:05:49.631000,11455,11456,11455,5
2020-06-30,16:05:51.125000,11454,11455,11454,2
2020-06-30,16:05:51.572000,11454,11455,11455,1
2020-06-30,16:05:51.991000,11454,11455,11454,1
2020-06-30,16:05:53.398000,11454,11455,11454,1
2020-06-30,16:05:55.547000,11453,11454,11453,1
2020-06-30,16:05:56.162000,11453,11454,11453,19
2020-06-30,16:05:56.322000,11452,11453,11453,1
2020-06-30,16:05:57.865000,11452,11453,11452,1
2020-06-30,16:05:58.327000,11452,11453,11452,3
2020-06-30,16:05:58.327000,11452,11453,11452,4
2020-06-30,16:05:58.555000,11452,11453,11452,1
2020-06-30,16:05:58.555000,11452,11453,11452,1
2020-06-30,16:05:58.575000,11452,11453,11452,5
2020-06-30,16:05:58.576000,11452,11453,11452,9
2020-06-30,16:05:58.576000,11452,11453,11452,9
2020-06-30,16:05:59.728000,11451,11452,11451,1
2020-06-30,16:05:59.770000,11451,11452,11451,1
2020-06-30,16:06:00.149000,11451,11452,11451,1
2020-06-30,16:06:02.026000,11451,11452,11451,3
2020-06-30,16:06:06.452000,11451,11452,11452,1
2020-06-30,16:06:06.452000,11451,11452,11451,1
2020-06-30,16:06:12.538000,11451,11452,11452,5
2020-06-30,16:06:12.538000,11451,11452,11452,8
2020-06-30,16:06:14.612000,11451,11452,11452,2
2020-06-30,16:06:16.152000,11452,11453,11452,2
2020-06-30,16:06:17.638000,11452,11453,11453,1
2020-06-30,16:06:17.804000,11452,11454,11454,1
2020-06-30,16:06:17.989000,11452,11454,11452,2
2020-06-30,16:06:23.427000,11453,11454,11454,3
2020-06-30,16:06:23.433000,11453,11454,11454,1
2020-06-30,16:06:24.611000,11452,11454,11452,1
2020-06-30,16:06:26.314000,11453,11454,11453,1
2020-06-30,16:06:26.996000,11453,11454,11453,1
2020-06-30,16:06:30.969000,11453,11454,11453,2
2020-06-30,16:06:35.613000,11452,11453,11453,1
2020-06-30,16:06:35.731000,11452,11453,11453,1
2020-06-30,16:06:35.781000,11452,11454,11452,1
2020-06-30,16:06:36.422000,11452,11454,11454,1
2020-06-30,16:06:36.668000,11452,11454,11452,6
2020-06-30,16:06:43.106000,11453,11454,11454,1
2020-06-30,16:06:44.074000,11453,11454,11453,1
2020-06-30,16:06:47.681000,11453,11454,11453,2
2020-06-30,16:06:52.623000,11452,11453,11452,2
2020-06-30,16:06:52.624000,11452,11453,11452,1
2020-06-30,16:06:54.716000,11452,11453,11453,1
2020-06-30,16:06:54.941000,11452,11453,11452,1
2020-06-30,16:06:54.975000,11452,11453,11453,1
2020-06-30,16:06:54.975000,11452,11453,11454,1
2020-06-30,16:06:56.218000,11452,11454,11452,1
2020-06-30,16:06:57.920000,11452,11453,11452,2
2020-06-30,16:07:02.301000,11452,11453,11452,1
2020-06-30,16:07:02.316000,11452,11453,11453,1
2020-06-30,16:07:06.858000,11452,11453,11452,1
2020-06-30,16:07:07.093000,11452,11453,11452,1
2020-06-30,16:07:14.247000,11452,11453,11453,2
2020-06-30,16:07:14.473000,11453,11454,11453,2
2020-06-30,16:07:15.925000,11452,11453,11453,5
2020-06-30,16:07:16.603000,11453,11454,11453,1
2020-06-30,16:07:32.256000,11453,11454,11454,2
2020-06-30,16:07:32.256000,11453,11454,11454,5
2020-06-30,16:07:32.256000,11453,11454,11454,1
2020-06-30,16:07:37.632000,11453,11454,11454,1
2020-06-30,16:07:38.933000,11453,11455,11455,1
2020-06-30,16:07:49.032000,11454,11455,11454,1
2020-06-30,16:07:53.989000,11453,11454,11454,1
2020-06-30,16:07:58.264000,11453,11454,11454,1
2020-06-30,16:08:09.637000,11454,11455,11454,1
2020-06-30,16:08:17.419000,11453,11454,11454,1
2020-06-30,16:08:18.924000,11454,11455,11454,1
2020-06-30,16:08:21.778000,11453,11454,11454,1
2020-06-30,16:08:26.870000,11454,11455,11454,1
2020-06-30,16:08:30.186000,11454,11455,11455,2
2020-06-30,16:08:30.187000,11454,11455,11455,1
2020-06-30,16:08:30.187000,11454,11455,11455,9
2020-06-30,16:08:30.187000,11454,11455,11455,1
2020-06-30,16:08:30.187000,11454,11455,11455,4
2020-06-30,16:08:30.187000,11454,11455,11455,4
2020-06-30,16:08:30.187000,11454,11455,11455,2
2020-06-30,16:08:30.187000,11454,11455,11455,4
2020-06-30,16:08:30.187000,11454,11455,11455,22
2020-06-30,16:08:30.187000,11454,11455,11455,6
2020-06-30,16:08:30.187000,11454,11455,11455,1
2020-06-30,16:08:30.187000,11454,11455,11455,1
2020-06-30,16:08:30.187000,11454,11455,11455,1
2020-06-30,16:08:30.236000,11454,11455,11456,1
2020-06-30,16:08:30.278000,11455,11456,11456,1
2020-06-30,16:08:30.345000,11455,11456,11456,2
2020-06-30,16:08:56.803000,11454,11455,11455,1
2020-06-30,16:08:56.942000,11455,11456,11455,1
2020-06-30,16:09:05.564000,11455,11456,11456,3
2020-06-30,16:09:05.564000,11455,11456,11456,2
2020-06-30,16:09:05.564000,11455,11456,11456,2
2020-06-30,16:09:06.441000,11455,11457,11456,1
2020-06-30,16:09:17.158000,11455,11456,11455,3
2020-06-30,16:09:24.231000,11455,11456,11456,1
2020-06-30,16:09:25.399000,11455,11456,11455,2
2020-06-30,16:09:26.425000,11454,11455,11454,2
2020-06-30,16:09:29.180000,11454,11455,11455,1
2020-06-30,16:09:30.721000,11454,11455,11454,1
2020-06-30,16:09:30.722000,11454,11455,11454,6
2020-06-30,16:09:30.722000,11454,11455,11454,2
2020-06-30,16:09:30.747000,11453,11454,11454,2
2020-06-30,16:09:30.798000,11453,11454,11454,1
2020-06-30,16:09:43.130000,11454,11455,11455,1
2020-06-30,16:09:55.057000,11455,11456,11455,1
2020-06-30,16:09:55.057000,11455,11456,11455,2
2020-06-30,16:09:55.057000,11455,11456,11455,1
2020-06-30,16:09:58.176000,11454,11455,11455,1
2020-06-30,16:10:02.239000,11454,11455,11454,2
2020-06-30,16:10:02.795000,11454,11455,11454,2
2020-06-30,16:10:02.795000,11454,11455,11454,1
2020-06-30,16:10:03.341000,11454,11455,11454,1
2020-06-30,16:10:03.341000,11454,11455,11453,1
2020-06-30,16:10:03.342000,11454,11455,11454,1
2020-06-30,16:10:03.368000,11454,11455,11454,1
2020-06-30,16:10:03.472000,11453,11455,11454,1
2020-06-30,16:10:16.233000,11453,11454,11454,1
2020-06-30,16:10:16.554000,11453,11454,11453,1
2020-06-30,16:10:17.861000,11453,11454,11453,3
2020-06-30,16:10:21.429000,11453,11454,11453,1
2020-06-30,16:10:25.328000,11452,11453,11452,1
2020-06-30,16:10:25.544000,11452,11453,11452,2
2020-06-30,16:10:25.545000,11452,11453,11452,2
2020-06-30,16:10:28.188000,11451,11453,11453,1
2020-06-30,16:10:29.043000,11451,11453,11451,1
2020-06-30,16:10:31.836000,11451,11452,11452,1
2020-06-30,16:10:33.463000,11451,11452,11452,2
2020-06-30,16:10:33.463000,11451,11452,11452,1
2020-06-30,16:10:33.463000,11451,11452,11452,1
2020-06-30,16:10:41.534000,11452,11453,11453,1
2020-06-30,16:10:44.143000,11452,11453,11453,1
2020-06-30,16:10:47.283000,11453,11454,11454,3
2020-06-30,16:10:49.160000,11453,11454,11453,1
2020-06-30,16:10:49.160000,11453,11454,11452,1
2020-06-30,16:10:59.419000,11452,11453,11453,3
2020-06-30,16:11:04.605000,11452,11453,11453,3
2020-06-30,16:11:19.275000,11452,11453,11453,1
2020-06-30,16:11:23.644000,11452,11453,11452,13
2020-06-30,16:11:40.394000,11451,11452,11452,1
2020-06-30,16:11:49.060000,11451,11452,11452,1
2020-06-30,16:11:52.810000,11451,11452,11451,1
2020-06-30,16:11:54.193000,11451,11452,11452,2
2020-06-30,16:11:54.750000,11451,11453,11451,1
2020-06-30,16:12:01.645000,11452,11453,11452,1
2020-06-30,16:12:02.288000,11452,11453,11453,1
2020-06-30,16:12:02.537000,11452,11453,11452,1
2020-06-30,16:12:03.705000,11452,11453,11452,1
2020-06-30,16:12:10.520000,11452,11453,11452,1
2020-06-30,16:12:12.337000,11452,11453,11452,1
2020-06-30,16:12:15.222000,11452,11453,11452,1
2020-06-30,16:12:21.733000,11452,11453,11452,1
2020-06-30,16:12:26.525000,11452,11453,11453,2
2020-06-30,16:12:26.525000,11452,11453,11453,2
2020-06-30,16:12:31.659000,11452,11453,11453,1
2020-06-30,16:12:39.768000,11453,11454,11453,1
2020-06-30,16:12:54.965000,11453,11454,11453,1
2020-06-30,16:13:02.186000,11452,11453,11452,6
2020-06-30,16:13:07.075000,11452,11453,11452,1
2020-06-30,16:13:21.807000,11452,11453,11452,1
2020-06-30,16:13:36.920000,11452,11453,11452,1
2020-06-30,16:13:38.892000,11452,11453,11453,2
2020-06-30,16:13:54.170000,11453,11454,11453,1
2020-06-30,16:14:02.334000,11453,11454,11453,1
2020-06-30,16:14:03.941000,11453,11454,11454,2
2020-06-30,16:14:03.941000,11453,11454,11454,4
2020-06-30,16:14:03.941000,11453,11454,11454,4
2020-06-30,16:14:27.559000,11453,11454,11454,1
2020-06-30,16:14:27.746000,11454,11455,11455,3
2020-06-30,16:14:42.762000,11454,11455,11455,5
