2021-12-17 15:00:00.093,17787,17788,17786,64,-64
2021-12-17 15:00:00.210,17786,17787,17787,1,1
2021-12-17 15:00:00.352,17786,17787,17787,2,2
2021-12-17 15:00:00.406,17786,17787,17787,1,1
2021-12-17 15:00:00.408,17786,17787,17787,2,2
2021-12-17 15:00:00.431,17786,17787,17787,1,1
2021-12-17 15:00:00.431,17786,17787,17788,1,1
2021-12-17 15:00:00.436,17786,17787,17788,1,1
2021-12-17 15:00:00.436,17786,17787,17788,1,1
2021-12-17 15:00:00.445,17786,17787,17788,1,1
2021-12-17 15:00:00.450,17786,17787,17787,1,1
2021-12-17 15:00:00.454,17786,17787,17787,1,1
2021-12-17 15:00:00.529,17786,17787,17787,2,2
2021-12-17 15:00:00.546,17786,17787,17787,1,1
2021-12-17 15:00:00.594,17786,17787,17787,2,2
2021-12-17 15:00:00.636,17786,17787,17787,1,1
2021-12-17 15:00:00.673,17786,17787,17787,1,1
2021-12-17 15:00:00.683,17786,17787,17787,1,1
2021-12-17 15:00:00.683,17786,17787,17788,2,2
2021-12-17 15:00:00.698,17786,17787,17788,1,1
2021-12-17 15:00:00.727,17786,17787,17788,1,1
2021-12-17 15:00:00.800,17786,17788,17788,1,1
2021-12-17 15:00:00.854,17786,17788,17786,4,-4
2021-12-17 15:00:01.002,17786,17788,17788,1,1
2021-12-17 15:00:01.039,17785,17788,17788,4,4
2021-12-17 15:00:01.052,17785,17788,17788,8,8
2021-12-17 15:00:01.055,17785,17788,17788,3,3
2021-12-17 15:00:01.055,17785,17788,17788,5,5
2021-12-17 15:00:01.059,17785,17788,17788,2,2
2021-12-17 15:00:01.163,17787,17788,17788,1,1
2021-12-17 15:00:01.163,17787,17788,17789,1,1
2021-12-17 15:00:01.201,17787,17788,17787,1,-1
2021-12-17 15:00:01.201,17787,17788,17789,1,1
2021-12-17 15:00:01.205,17787,17788,17788,1,1
2021-12-17 15:00:01.205,17787,17788,17787,1,-1
2021-12-17 15:00:01.205,17787,17788,17786,1,-1
2021-12-17 15:00:01.208,17787,17788,17786,1,-1
2021-12-17 15:00:01.209,17787,17788,17786,1,-1
2021-12-17 15:00:01.209,17787,17788,17787,1,-1
2021-12-17 15:00:01.209,17787,17788,17786,1,-1
2021-12-17 15:00:01.389,17787,17788,17789,3,3
2021-12-17 15:00:01.610,17787,17789,17788,3,3
2021-12-17 15:00:01.610,17787,17789,17787,1,-1
2021-12-17 15:00:01.702,17787,17789,17789,4,4
2021-12-17 15:00:01.795,17788,17789,17789,12,12
2021-12-17 15:00:01.796,17788,17789,17789,5,5
2021-12-17 15:00:01.796,17788,17789,17789,1,1
2021-12-17 15:00:01.796,17788,17789,17789,1,1
2021-12-17 15:00:01.796,17788,17789,17789,3,3
2021-12-17 15:00:01.846,17788,17789,17788,2,-2
2021-12-17 15:00:01.950,17788,17790,17788,1,-1
2021-12-17 15:00:01.999,17788,17790,17789,1,1
2021-12-17 15:00:02.527,17788,17789,17788,1,-1
2021-12-17 15:00:03.655,17788,17789,17788,1,-1
2021-12-17 15:00:04.340,17788,17789,17789,1,1
2021-12-17 15:00:04.566,17788,17789,17789,1,1
2021-12-17 15:00:05.120,17788,17790,17790,2,2
2021-12-17 15:00:05.122,17788,17790,17790,1,1
2021-12-17 15:00:05.125,17788,17790,17788,2,-2
2021-12-17 15:00:05.127,17788,17790,17790,1,1
2021-12-17 15:00:05.910,17788,17790,17788,1,-1
2021-12-17 15:00:06.733,17788,17790,17790,3,3
2021-12-17 15:00:07.750,17789,17790,17790,1,1
2021-12-17 15:00:09.694,17789,17790,17789,1,-1
2021-12-17 15:00:11.442,17788,17790,17788,2,-2
2021-12-17 15:00:12.251,17787,17788,17787,1,-1
2021-12-17 15:00:12.251,17787,17788,17787,3,-3
2021-12-17 15:00:12.251,17787,17788,17787,1,-1
2021-12-17 15:00:12.459,17786,17788,17786,1,-1
2021-12-17 15:00:12.732,17786,17787,17786,1,-1
2021-12-17 15:00:13.760,17785,17787,17786,1,1
2021-12-17 15:00:14.454,17786,17787,17786,1,-1
2021-12-17 15:00:14.658,17785,17787,17787,1,1
2021-12-17 15:00:15.135,17785,17786,17786,1,1
2021-12-17 15:00:15.136,17785,17786,17786,1,1
2021-12-17 15:00:15.249,17785,17787,17786,1,1
2021-12-17 15:00:16.213,17785,17786,17786,1,1
2021-12-17 15:00:16.213,17785,17786,17787,2,2
2021-12-17 15:00:16.519,17785,17787,17786,1,1
2021-12-17 15:00:16.520,17785,17787,17786,1,1
2021-12-17 15:00:17.313,17785,17786,17785,12,-12
2021-12-17 15:00:18.231,17784,17785,17784,1,-1
2021-12-17 15:00:18.293,17784,17785,17785,2,2
2021-12-17 15:00:18.293,17784,17785,17786,1,1
2021-12-17 15:00:18.456,17784,17785,17784,1,-1
2021-12-17 15:00:20.324,17784,17785,17784,3,-3
2021-12-17 15:00:20.390,17784,17785,17784,1,-1
2021-12-17 15:00:20.390,17784,17785,17783,1,-1
2021-12-17 15:00:20.528,17783,17785,17785,1,1
2021-12-17 15:00:21.746,17784,17786,17784,1,-1
2021-12-17 15:00:22.015,17784,17785,17785,1,1
2021-12-17 15:00:23.193,17785,17786,17785,1,-1
2021-12-17 15:00:23.758,17784,17785,17784,1,-1
2021-12-17 15:00:23.759,17784,17785,17784,11,-11
2021-12-17 15:00:23.760,17784,17785,17783,1,-1
2021-12-17 15:00:23.760,17784,17785,17783,1,-1
2021-12-17 15:00:23.924,17783,17785,17783,8,-8
2021-12-17 15:00:23.988,17783,17785,17783,1,-1
2021-12-17 15:00:23.989,17783,17785,17783,1,-1
2021-12-17 15:00:24.231,17783,17784,17783,2,-2
2021-12-17 15:00:24.269,17783,17784,17782,1,-1
2021-12-17 15:00:24.526,17782,17784,17782,1,-1
2021-12-17 15:00:25.220,17782,17783,17783,1,1
2021-12-17 15:00:25.856,17783,17785,17783,1,-1
2021-12-17 15:00:26.793,17783,17785,17784,1,1
2021-12-17 15:00:27.093,17783,17785,17785,3,3
2021-12-17 15:00:27.093,17783,17785,17786,1,1
2021-12-17 15:00:27.173,17783,17786,17785,1,1
2021-12-17 15:00:28.925,17783,17786,17786,1,1
2021-12-17 15:00:30.245,17784,17786,17785,1,1
2021-12-17 15:00:30.421,17783,17785,17785,1,1
2021-12-17 15:00:30.421,17783,17785,17785,1,1
2021-12-17 15:00:31.776,17784,17786,17784,1,-1
2021-12-17 15:00:31.834,17784,17786,17785,1,1
2021-12-17 15:00:31.834,17784,17786,17786,1,1
2021-12-17 15:00:32.092,17784,17786,17786,1,1
2021-12-17 15:00:33.799,17784,17786,17786,1,1
2021-12-17 15:00:33.837,17784,17786,17786,1,1
2021-12-17 15:00:33.936,17784,17787,17786,1,1
2021-12-17 15:00:36.731,17784,17786,17784,1,-1
2021-12-17 15:00:36.733,17784,17786,17783,1,-1
2021-12-17 15:00:36.979,17783,17785,17783,2,-2
2021-12-17 15:00:37.618,17783,17785,17785,1,1
2021-12-17 15:00:38.411,17783,17785,17785,1,1
2021-12-17 15:00:38.420,17783,17785,17784,1,1
2021-12-17 15:00:39.643,17784,17785,17784,1,-1
2021-12-17 15:00:39.889,17784,17785,17784,2,-2
2021-12-17 15:00:40.485,17784,17785,17785,1,1
2021-12-17 15:00:41.127,17785,17786,17785,1,-1
2021-12-17 15:00:46.366,17784,17786,17786,3,3
2021-12-17 15:00:47.210,17784,17786,17784,5,-5
2021-12-17 15:00:50.120,17784,17786,17785,1,1
2021-12-17 15:00:51.332,17784,17785,17784,1,-1
2021-12-17 15:00:52.416,17783,17785,17785,1,1
2021-12-17 15:00:52.423,17783,17785,17785,1,1
2021-12-17 15:00:52.442,17783,17785,17785,1,1
2021-12-17 15:00:54.069,17783,17785,17785,1,1
2021-12-17 15:00:56.629,17783,17784,17783,1,-1
2021-12-17 15:00:56.630,17783,17784,17783,8,-8
2021-12-17 15:00:59.731,17782,17783,17783,8,8
2021-12-17 15:00:59.731,17782,17783,17784,6,6
2021-12-17 15:00:59.806,17783,17785,17784,1,1
2021-12-17 15:00:59.967,17782,17785,17785,1,1
2021-12-17 15:01:00.023,17783,17784,17783,1,-1
2021-12-17 15:01:00.688,17784,17785,17785,1,1
2021-12-17 15:01:01.730,17784,17785,17784,2,-2
2021-12-17 15:01:11.483,17785,17786,17786,2,2
2021-12-17 15:01:11.887,17785,17786,17785,1,-1
2021-12-17 15:01:12.004,17785,17786,17786,3,3
2021-12-17 15:01:12.004,17785,17786,17786,1,1
2021-12-17 15:01:12.004,17785,17786,17786,1,1
2021-12-17 15:01:12.004,17785,17786,17786,3,3
2021-12-17 15:01:12.004,17785,17786,17786,1,1
2021-12-17 15:01:12.642,17786,17787,17787,3,3
2021-12-17 15:01:13.351,17786,17787,17787,1,1
2021-12-17 15:01:15.857,17786,17787,17787,1,1
2021-12-17 15:01:18.106,17787,17788,17787,2,-2
2021-12-17 15:01:18.106,17787,17788,17788,3,3
2021-12-17 15:01:19.874,17788,17789,17789,2,2
2021-12-17 15:01:19.899,17788,17789,17789,1,1
2021-12-17 15:01:19.900,17788,17789,17789,3,3
2021-12-17 15:01:20.251,17788,17790,17790,1,1
2021-12-17 15:01:21.718,17789,17790,17789,2,-2
2021-12-17 15:01:21.718,17789,17790,17790,1,1
2021-12-17 15:01:21.892,17789,17790,17790,2,2
2021-12-17 15:01:23.545,17789,17790,17790,2,2
2021-12-17 15:01:23.545,17789,17790,17790,6,6
2021-12-17 15:01:27.764,17790,17791,17790,1,-1
2021-12-17 15:01:31.736,17790,17791,17790,1,-1
2021-12-17 15:01:35.305,17789,17790,17790,4,4
2021-12-17 15:01:37.407,17789,17790,17789,1,-1
2021-12-17 15:01:38.940,17789,17790,17790,1,1
2021-12-17 15:01:39.024,17789,17790,17790,1,1
2021-12-17 15:01:39.428,17789,17791,17791,1,1
2021-12-17 15:01:40.186,17789,17791,17791,1,1
2021-12-17 15:01:40.192,17789,17791,17791,1,1
2021-12-17 15:01:44.763,17790,17791,17790,2,-2
2021-12-17 15:01:45.294,17790,17791,17791,2,2
2021-12-17 15:01:46.748,17790,17791,17791,1,1
2021-12-17 15:01:47.952,17790,17791,17790,1,-1
2021-12-17 15:01:49.409,17790,17791,17791,1,1
2021-12-17 15:01:49.857,17790,17791,17791,3,3
2021-12-17 15:01:49.857,17790,17791,17791,1,1
2021-12-17 15:01:50.851,17791,17792,17791,1,-1
2021-12-17 15:01:51.969,17791,17792,17792,1,1
2021-12-17 15:01:53.286,17791,17792,17791,1,-1
2021-12-17 15:01:54.869,17791,17792,17791,1,-1
2021-12-17 15:01:55.038,17790,17791,17791,1,1
2021-12-17 15:01:55.288,17790,17791,17791,1,1
2021-12-17 15:02:00.094,17790,17791,17791,1,1
2021-12-17 15:02:00.518,17790,17791,17791,2,2
2021-12-17 15:02:00.827,17790,17791,17791,2,2
2021-12-17 15:02:01.278,17790,17791,17791,1,1
2021-12-17 15:02:02.270,17790,17791,17790,1,-1
2021-12-17 15:02:02.271,17790,17791,17790,3,-3
2021-12-17 15:02:02.401,17789,17790,17789,2,-2
2021-12-17 15:02:02.401,17789,17790,17789,4,-4
2021-12-17 15:02:02.401,17789,17790,17789,2,-2
2021-12-17 15:02:02.696,17788,17789,17788,3,-3
2021-12-17 15:02:02.867,17787,17788,17787,2,-2
2021-12-17 15:02:03.230,17787,17789,17787,3,-3
2021-12-17 15:02:03.230,17787,17789,17788,1,1
2021-12-17 15:02:05.055,17787,17789,17789,5,5
2021-12-17 15:02:05.253,17787,17790,17787,1,-1
2021-12-17 15:02:08.019,17788,17790,17788,1,-1
2021-12-17 15:02:15.304,17787,17788,17787,1,-1
2021-12-17 15:02:15.986,17787,17788,17787,2,-2
2021-12-17 15:02:16.517,17786,17787,17787,1,1
2021-12-17 15:02:18.929,17786,17787,17786,1,-1
2021-12-17 15:02:18.930,17786,17787,17786,1,-1
2021-12-17 15:02:19.024,17785,17786,17786,1,1
2021-12-17 15:02:20.525,17785,17786,17785,2,-2
2021-12-17 15:02:21.926,17784,17785,17785,2,2
2021-12-17 15:02:22.085,17784,17785,17785,1,1
2021-12-17 15:02:26.532,17784,17785,17785,2,2
2021-12-17 15:02:27.809,17784,17785,17785,3,3
2021-12-17 15:02:27.865,17784,17785,17785,2,2
2021-12-17 15:02:28.910,17784,17785,17785,1,1
2021-12-17 15:02:32.233,17785,17786,17785,1,-1
2021-12-17 15:02:32.233,17785,17786,17785,1,-1
2021-12-17 15:02:33.237,17784,17785,17784,1,-1
2021-12-17 15:02:33.237,17784,17785,17784,6,-6
2021-12-17 15:02:33.239,17784,17785,17784,2,-2
2021-12-17 15:02:33.689,17783,17784,17784,1,1
2021-12-17 15:02:34.708,17783,17784,17784,2,2
2021-12-17 15:02:39.038,17784,17785,17785,1,1
2021-12-17 15:02:39.167,17784,17786,17786,1,1
2021-12-17 15:02:39.172,17784,17786,17786,1,1
2021-12-17 15:02:41.082,17785,17786,17786,1,1
2021-12-17 15:02:41.391,17785,17787,17785,1,-1
2021-12-17 15:02:43.547,17785,17786,17786,1,1
2021-12-17 15:02:45.423,17785,17787,17787,1,1
2021-12-17 15:02:45.502,17785,17787,17787,1,1
2021-12-17 15:02:45.515,17785,17787,17787,1,1
2021-12-17 15:02:50.932,17786,17787,17786,10,-10
2021-12-17 15:02:53.783,17785,17786,17785,1,-1
2021-12-17 15:02:54.016,17785,17786,17786,1,1
2021-12-17 15:02:57.671,17785,17786,17785,1,-1
2021-12-17 15:02:57.671,17785,17786,17785,1,-1
2021-12-17 15:03:00.073,17784,17785,17785,1,1
2021-12-17 15:03:00.077,17784,17785,17784,1,-1
2021-12-17 15:03:00.081,17784,17785,17785,1,1
2021-12-17 15:03:00.094,17784,17785,17785,1,1
2021-12-17 15:03:00.203,17784,17785,17785,1,1
2021-12-17 15:03:00.527,17784,17785,17785,2,2
2021-12-17 15:03:00.528,17784,17785,17785,1,1
2021-12-17 15:03:00.528,17784,17785,17785,3,3
2021-12-17 15:03:02.129,17785,17786,17786,1,1
2021-12-17 15:03:02.130,17785,17786,17786,2,2
2021-12-17 15:03:02.130,17785,17786,17786,5,5
2021-12-17 15:03:02.130,17785,17786,17786,3,3
2021-12-17 15:03:02.597,17786,17787,17786,1,-1
2021-12-17 15:03:04.267,17785,17787,17786,1,1
2021-12-17 15:03:05.447,17784,17785,17784,1,-1
2021-12-17 15:03:05.624,17783,17784,17783,5,-5
2021-12-17 15:03:05.690,17782,17784,17784,2,2
2021-12-17 15:03:17.234,17783,17784,17783,1,-1
2021-12-17 15:03:21.281,17783,17784,17784,3,3
2021-12-17 15:03:21.281,17783,17784,17785,2,2
2021-12-17 15:03:33.463,17783,17785,17785,1,1
2021-12-17 15:03:34.200,17784,17785,17785,1,1
2021-12-17 15:03:36.150,17784,17785,17785,1,1
2021-12-17 15:03:38.622,17784,17785,17785,1,1
2021-12-17 15:03:40.241,17784,17785,17785,1,1
2021-12-17 15:03:42.694,17784,17785,17784,1,-1
2021-12-17 15:03:43.985,17783,17785,17785,2,2
2021-12-17 15:03:44.036,17783,17785,17783,1,-1
2021-12-17 15:03:44.810,17783,17784,17783,2,-2
2021-12-17 15:03:45.789,17782,17784,17782,9,-9
2021-12-17 15:03:53.583,17782,17785,17782,2,-2
2021-12-17 15:03:59.309,17784,17785,17784,1,-1
2021-12-17 15:04:03.238,17783,17784,17783,3,-3
2021-12-17 15:04:06.525,17783,17784,17783,1,-1
2021-12-17 15:04:07.206,17783,17784,17784,1,1
2021-12-17 15:04:09.942,17783,17784,17783,1,-1
2021-12-17 15:04:11.250,17783,17784,17784,1,1
2021-12-17 15:04:17.468,17783,17784,17784,1,1
2021-12-17 15:04:36.274,17784,17785,17784,1,-1
2021-12-17 15:04:37.428,17784,17785,17785,1,1
2021-12-17 15:04:41.704,17784,17785,17785,2,2
2021-12-17 15:04:41.704,17784,17785,17785,1,1
2021-12-17 15:04:45.268,17785,17786,17785,5,-5
2021-12-17 15:04:45.268,17785,17786,17784,6,-6
2021-12-17 15:04:47.250,17784,17785,17785,1,1
2021-12-17 15:04:51.308,17784,17786,17784,1,-1
2021-12-17 15:04:55.634,17785,17786,17785,3,-3
2021-12-17 15:04:58.422,17784,17786,17786,4,4
2021-12-17 15:05:00.320,17786,17787,17787,2,2
2021-12-17 15:05:01.276,17786,17787,17787,1,1
2021-12-17 15:05:01.468,17786,17787,17786,1,-1
2021-12-17 15:05:02.130,17785,17787,17787,2,2
2021-12-17 15:05:08.937,17786,17788,17786,1,-1
2021-12-17 15:05:09.610,17786,17787,17786,1,-1
2021-12-17 15:05:11.477,17786,17788,17787,1,1
2021-12-17 15:05:17.262,17786,17787,17787,1,1
2021-12-17 15:05:17.264,17786,17787,17787,1,1
2021-12-17 15:05:20.026,17787,17788,17787,1,-1
2021-12-17 15:05:21.314,17787,17788,17787,1,-1
2021-12-17 15:05:22.811,17787,17788,17787,1,-1
2021-12-17 15:05:25.314,17787,17788,17787,1,-1
2021-12-17 15:05:26.835,17787,17788,17787,1,-1
2021-12-17 15:05:26.835,17787,17788,17787,3,-3
2021-12-17 15:05:26.836,17787,17788,17787,1,-1
2021-12-17 15:05:34.130,17785,17787,17787,1,1
2021-12-17 15:05:37.191,17786,17787,17787,1,1
2021-12-17 15:05:41.856,17786,17787,17787,1,1
2021-12-17 15:05:41.856,17786,17787,17788,16,16
2021-12-17 15:05:41.858,17786,17787,17789,9,9
2021-12-17 15:05:41.927,17789,17790,17789,1,-1
2021-12-17 15:05:42.800,17788,17790,17788,1,-1
2021-12-17 15:05:44.081,17788,17790,17790,1,1
2021-12-17 15:05:45.154,17789,17790,17790,1,1
2021-12-17 15:05:45.154,17789,17790,17790,2,2
2021-12-17 15:05:45.154,17789,17790,17790,1,1
2021-12-17 15:05:45.155,17789,17790,17790,3,3
2021-12-17 15:05:45.155,17789,17790,17790,3,3
2021-12-17 15:05:45.155,17789,17790,17790,4,4
2021-12-17 15:05:45.155,17789,17790,17790,3,3
2021-12-17 15:05:45.155,17789,17790,17790,1,1
2021-12-17 15:05:45.155,17789,17790,17790,1,1
2021-12-17 15:05:51.411,17790,17791,17791,1,1
2021-12-17 15:05:56.038,17790,17791,17791,1,1
2021-12-17 15:05:56.054,17790,17791,17790,2,-2
2021-12-17 15:05:56.140,17790,17791,17791,1,1
2021-12-17 15:05:56.158,17790,17791,17790,1,-1
2021-12-17 15:06:00.380,17789,17790,17789,2,-2
2021-12-17 15:06:04.032,17788,17789,17788,1,-1
2021-12-17 15:06:04.032,17788,17789,17788,2,-2
2021-12-17 15:06:04.032,17788,17789,17788,2,-2
2021-12-17 15:06:04.032,17788,17789,17788,1,-1
2021-12-17 15:06:04.033,17788,17789,17788,1,-1
2021-12-17 15:06:12.347,17787,17788,17788,1,1
2021-12-17 15:06:20.505,17788,17789,17789,1,1
2021-12-17 15:06:21.309,17788,17789,17789,1,1
2021-12-17 15:06:21.309,17788,17789,17789,1,1
2021-12-17 15:06:21.310,17788,17789,17789,1,1
2021-12-17 15:06:24.635,17789,17790,17789,1,-1
2021-12-17 15:06:26.381,17789,17790,17790,1,1
2021-12-17 15:06:26.382,17789,17790,17790,1,1
2021-12-17 15:06:26.382,17789,17790,17790,1,1
2021-12-17 15:06:28.110,17790,17791,17791,2,2
2021-12-17 15:06:29.652,17790,17791,17791,1,1
2021-12-17 15:06:29.841,17790,17791,17791,3,3
2021-12-17 15:06:29.841,17790,17791,17792,7,7
2021-12-17 15:06:29.979,17791,17792,17792,5,5
2021-12-17 15:06:29.979,17791,17792,17793,5,5
2021-12-17 15:06:30.123,17791,17793,17793,10,10
2021-12-17 15:06:30.124,17791,17793,17793,2,2
2021-12-17 15:06:30.125,17791,17793,17794,6,6
2021-12-17 15:06:30.227,17793,17794,17794,1,1
2021-12-17 15:06:30.254,17793,17794,17794,2,2
2021-12-17 15:06:30.263,17793,17794,17795,10,10
2021-12-17 15:06:30.272,17794,17795,17795,1,1
2021-12-17 15:06:30.541,17793,17795,17795,6,6
2021-12-17 15:06:30.645,17793,17795,17795,4,4
2021-12-17 15:06:30.645,17793,17795,17796,2,2
2021-12-17 15:06:30.857,17794,17796,17796,14,14
2021-12-17 15:06:30.922,17795,17796,17796,1,1
2021-12-17 15:06:30.943,17795,17796,17796,1,1
2021-12-17 15:06:31.748,17792,17794,17794,2,2
2021-12-17 15:06:35.073,17793,17794,17794,1,1
2021-12-17 15:06:39.818,17793,17794,17794,1,1
2021-12-17 15:06:40.502,17793,17795,17794,1,1
2021-12-17 15:06:45.748,17793,17794,17794,1,1
2021-12-17 15:06:48.748,17793,17794,17794,1,1
2021-12-17 15:06:49.331,17793,17794,17794,1,1
2021-12-17 15:06:51.122,17793,17794,17794,1,1
2021-12-17 15:06:52.099,17793,17794,17794,1,1
2021-12-17 15:06:52.889,17794,17795,17794,3,-3
2021-12-17 15:06:52.889,17794,17795,17793,1,-1
2021-12-17 15:06:57.580,17793,17794,17794,1,1
2021-12-17 15:06:59.971,17793,17795,17795,1,1
2021-12-17 15:07:00.877,17793,17794,17794,1,1
2021-12-17 15:07:08.265,17793,17794,17794,6,6
2021-12-17 15:07:09.642,17794,17795,17794,3,-3
2021-12-17 15:07:09.643,17794,17795,17794,1,-1
2021-12-17 15:07:11.912,17793,17794,17793,1,-1
2021-12-17 15:07:11.913,17793,17794,17793,2,-2
2021-12-17 15:07:12.662,17792,17793,17793,1,1
2021-12-17 15:07:20.538,17792,17793,17793,2,2
2021-12-17 15:07:21.604,17793,17795,17793,1,-1
2021-12-17 15:07:23.960,17792,17793,17793,1,1
2021-12-17 15:07:25.764,17792,17794,17793,1,1
2021-12-17 15:07:31.233,17792,17793,17793,1,1
2021-12-17 15:07:39.415,17792,17793,17793,1,1
2021-12-17 15:07:40.462,17792,17793,17792,6,-6
2021-12-17 15:07:40.506,17792,17793,17792,1,-1
2021-12-17 15:07:40.530,17791,17792,17792,1,1
2021-12-17 15:07:40.974,17791,17792,17792,1,1
2021-12-17 15:07:46.264,17791,17792,17791,1,-1
2021-12-17 15:07:46.268,17791,17792,17791,1,-1
2021-12-17 15:07:48.191,17790,17792,17791,1,1
2021-12-17 15:07:55.558,17790,17792,17790,4,-4
2021-12-17 15:08:00.058,17789,17790,17790,2,2
2021-12-17 15:08:00.077,17789,17790,17790,1,1
2021-12-17 15:08:00.091,17789,17790,17790,1,1
2021-12-17 15:08:00.095,17789,17790,17790,1,1
2021-12-17 15:08:03.535,17789,17791,17790,1,1
2021-12-17 15:08:03.904,17789,17791,17791,1,1
2021-12-17 15:08:06.345,17789,17791,17790,1,1
2021-12-17 15:08:14.020,17790,17791,17790,1,-1
2021-12-17 15:08:14.722,17790,17791,17790,2,-2
2021-12-17 15:08:14.866,17790,17791,17790,1,-1
2021-12-17 15:08:16.835,17790,17791,17790,1,-1
2021-12-17 15:08:29.759,17789,17791,17791,1,1
2021-12-17 15:08:31.769,17790,17791,17791,1,1
2021-12-17 15:08:37.972,17790,17791,17790,1,-1
2021-12-17 15:08:45.255,17789,17790,17789,1,-1
2021-12-17 15:08:48.584,17789,17790,17790,1,1
2021-12-17 15:08:51.110,17789,17790,17790,1,1
2021-12-17 15:08:52.109,17789,17791,17789,1,-1
2021-12-17 15:08:56.526,17790,17791,17790,1,-1
2021-12-17 15:09:00.058,17789,17790,17790,1,1
2021-12-17 15:09:00.058,17789,17790,17791,1,1
2021-12-17 15:09:02.568,17789,17791,17789,2,-2
2021-12-17 15:09:06.517,17789,17790,17789,6,-6
2021-12-17 15:09:07.796,17788,17789,17789,1,1
2021-12-17 15:09:08.356,17788,17789,17789,1,1
2021-12-17 15:09:08.356,17788,17789,17790,1,1
2021-12-17 15:09:22.958,17789,17790,17790,1,1
2021-12-17 15:09:23.001,17789,17790,17789,1,-1
2021-12-17 15:09:31.431,17789,17790,17789,3,-3
2021-12-17 15:09:33.591,17788,17789,17789,2,2
2021-12-17 15:09:34.938,17788,17789,17789,2,2
2021-12-17 15:09:34.938,17788,17789,17790,2,2
2021-12-17 15:09:44.335,17788,17789,17789,1,1
2021-12-17 15:09:45.786,17789,17790,17789,1,-1
2021-12-17 15:09:54.869,17789,17791,17789,5,-5
2021-12-17 15:09:59.657,17788,17789,17789,1,1
2021-12-17 15:10:00.067,17788,17789,17789,1,1
2021-12-17 15:10:00.073,17788,17789,17789,1,1
2021-12-17 15:10:00.097,17788,17789,17789,1,1
2021-12-17 15:10:00.105,17788,17789,17790,1,1
2021-12-17 15:10:02.758,17788,17790,17788,8,-8
2021-12-17 15:10:06.101,17787,17788,17787,2,-2
2021-12-17 15:10:06.317,17786,17788,17786,2,-2
2021-12-17 15:10:10.191,17786,17787,17787,1,1
2021-12-17 15:10:11.101,17786,17787,17786,2,-2
2021-12-17 15:10:23.679,17787,17788,17788,1,1
2021-12-17 15:10:24.979,17788,17789,17788,1,-1
2021-12-17 15:10:25.784,17788,17789,17788,3,-3
2021-12-17 15:10:25.785,17788,17789,17788,2,-2
2021-12-17 15:10:25.785,17788,17789,17788,1,-1
2021-12-17 15:10:25.785,17788,17789,17788,1,-1
2021-12-17 15:10:25.887,17788,17789,17788,1,-1
2021-12-17 15:10:25.887,17788,17789,17788,1,-1
2021-12-17 15:10:25.887,17788,17789,17788,1,-1
2021-12-17 15:10:25.887,17788,17789,17788,3,-3
2021-12-17 15:10:27.999,17788,17789,17788,1,-1
2021-12-17 15:10:32.064,17788,17789,17788,1,-1
2021-12-17 15:10:33.999,17788,17789,17788,4,-4
2021-12-17 15:10:42.049,17786,17787,17787,1,1
2021-12-17 15:10:45.990,17787,17788,17787,1,-1
2021-12-17 15:10:59.678,17786,17787,17787,2,2
2021-12-17 15:11:00.083,17786,17788,17788,2,2
2021-12-17 15:11:00.086,17786,17788,17788,1,1
2021-12-17 15:11:00.092,17786,17788,17788,1,1
2021-12-17 15:11:08.828,17786,17787,17787,1,1
2021-12-17 15:11:09.339,17786,17787,17787,1,1
2021-12-17 15:11:21.137,17786,17788,17786,2,-2
2021-12-17 15:11:24.001,17786,17788,17786,7,-7
2021-12-17 15:11:24.820,17785,17787,17786,1,1
2021-12-17 15:11:33.986,17785,17787,17785,1,-1
2021-12-17 15:11:39.206,17785,17787,17785,19,-19
2021-12-17 15:11:44.138,17784,17785,17785,1,1
2021-12-17 15:11:44.138,17784,17785,17785,1,1
2021-12-17 15:11:44.138,17784,17785,17785,1,1
2021-12-17 15:11:48.007,17784,17786,17786,1,1
2021-12-17 15:11:56.431,17785,17786,17785,4,-4
2021-12-17 15:11:57.806,17784,17785,17784,9,-9
2021-12-17 15:11:57.806,17784,17785,17784,2,-2
2021-12-17 15:11:57.933,17783,17785,17783,2,-2
2021-12-17 15:11:57.986,17783,17785,17785,10,10
2021-12-17 15:11:57.986,17783,17785,17786,10,10
2021-12-17 15:12:07.802,17785,17786,17785,4,-4
2021-12-17 15:12:09.702,17785,17786,17785,4,-4
2021-12-17 15:12:15.999,17784,17785,17784,1,-1
2021-12-17 15:12:16.035,17783,17785,17783,8,-8
2021-12-17 15:12:16.036,17783,17785,17783,1,-1
2021-12-17 15:12:26.554,17784,17785,17784,1,-1
2021-12-17 15:12:28.077,17784,17785,17785,1,1
2021-12-17 15:12:41.953,17785,17786,17785,1,-1
2021-12-17 15:12:56.857,17785,17786,17785,1,-1
2021-12-17 15:13:10.807,17785,17786,17786,1,1
2021-12-17 15:13:16.620,17785,17786,17786,1,1
2021-12-17 15:13:19.676,17785,17786,17786,1,1
2021-12-17 15:13:26.248,17785,17786,17786,1,1
2021-12-17 15:13:29.003,17785,17786,17786,1,1
2021-12-17 15:13:34.253,17786,17787,17786,1,-1
2021-12-17 15:13:54.149,17785,17786,17786,1,1
2021-12-17 15:14:00.027,17785,17786,17785,10,-10
2021-12-17 15:14:10.665,17783,17785,17785,1,1
2021-12-17 15:14:11.916,17783,17784,17783,4,-4
2021-12-17 15:14:14.484,17782,17784,17782,1,-1
2021-12-17 15:14:22.920,17782,17783,17783,2,2
2021-12-17 15:14:22.920,17782,17783,17783,1,1
2021-12-17 15:14:22.920,17782,17783,17783,3,3
2021-12-17 15:14:22.920,17782,17783,17783,1,1
2021-12-17 15:14:33.681,17783,17784,17783,2,-2
2021-12-17 15:14:37.315,17782,17783,17783,1,1
2021-12-17 15:14:39.240,17782,17783,17783,1,1
2021-12-17 15:14:45.145,17782,17783,17783,1,1
2021-12-17 15:14:53.722,17783,17784,17783,1,-1
2021-12-17 15:15:01.804,17783,17784,17783,3,-3
2021-12-17 15:15:01.805,17783,17784,17782,6,-6
2021-12-17 15:15:01.902,17782,17783,17782,1,-1
2021-12-17 15:15:01.906,17782,17783,17782,8,-8
2021-12-17 15:15:03.530,17781,17782,17781,1,-1
2021-12-17 15:15:03.530,17781,17782,17781,1,-1
2021-12-17 15:15:03.530,17781,17782,17781,1,-1
2021-12-17 15:15:03.530,17781,17782,17781,5,-5
2021-12-17 15:15:03.531,17781,17782,17781,2,-2
2021-12-17 15:15:03.531,17781,17782,17781,3,-3
2021-12-17 15:15:03.649,17780,17781,17780,1,-1
2021-12-17 15:15:03.649,17780,17781,17780,1,-1
2021-12-17 15:15:03.678,17780,17781,17780,2,-2
2021-12-17 15:15:03.711,17780,17781,17780,2,-2
2021-12-17 15:15:03.711,17780,17781,17780,3,-3
2021-12-17 15:15:05.492,17779,17780,17779,3,-3
2021-12-17 15:15:05.559,17778,17780,17778,1,-1
2021-12-17 15:15:05.583,17778,17780,17778,1,-1
2021-12-17 15:15:05.655,17778,17779,17778,2,-2
2021-12-17 15:15:07.553,17778,17780,17779,1,1
2021-12-17 15:15:07.553,17778,17780,17778,3,-3
2021-12-17 15:15:14.360,17779,17780,17779,1,-1
2021-12-17 15:15:14.360,17779,17780,17778,21,-21
2021-12-17 15:15:14.400,17777,17779,17777,1,-1
2021-12-17 15:15:14.545,17777,17779,17777,1,-1
2021-12-17 15:15:16.548,17777,17779,17777,1,-1
2021-12-17 15:15:21.917,17777,17778,17777,1,-1
2021-12-17 15:15:22.024,17777,17778,17777,1,-1
2021-12-17 15:15:22.832,17777,17778,17777,4,-4
2021-12-17 15:15:22.833,17777,17778,17777,2,-2
2021-12-17 15:15:22.833,17777,17778,17777,1,-1
2021-12-17 15:15:25.902,17777,17778,17778,1,1
2021-12-17 15:15:26.145,17777,17778,17777,1,-1
2021-12-17 15:15:30.641,17777,17778,17777,1,-1
2021-12-17 15:15:31.748,17777,17778,17778,1,1
2021-12-17 15:15:32.090,17778,17779,17778,5,-5
2021-12-17 15:15:32.091,17778,17779,17778,5,-5
2021-12-17 15:15:32.900,17778,17779,17778,1,-1
2021-12-17 15:15:33.217,17777,17779,17778,1,1
2021-12-17 15:15:33.805,17777,17779,17779,1,1
2021-12-17 15:15:34.908,17778,17779,17778,1,-1
2021-12-17 15:15:38.193,17777,17779,17779,1,1
2021-12-17 15:15:39.766,17777,17779,17779,1,1
2021-12-17 15:15:42.335,17779,17781,17779,2,-2
2021-12-17 15:15:42.335,17779,17781,17778,12,-12
2021-12-17 15:15:42.337,17779,17781,17778,1,-1
2021-12-17 15:15:42.337,17779,17781,17778,2,-2
2021-12-17 15:15:42.337,17779,17781,17778,2,-2
2021-12-17 15:15:51.027,17778,17779,17778,10,-10
2021-12-17 15:15:55.720,17777,17778,17778,10,10
2021-12-17 15:15:56.376,17777,17778,17777,2,-2
2021-12-17 15:16:00.457,17777,17778,17777,1,-1
2021-12-17 15:16:01.143,17776,17777,17776,1,-1
2021-12-17 15:16:01.584,17776,17777,17776,2,-2
2021-12-17 15:16:01.614,17776,17777,17776,12,-12
2021-12-17 15:16:01.615,17776,17777,17775,2,-2
2021-12-17 15:16:03.423,17775,17776,17775,4,-4
2021-12-17 15:16:03.424,17775,17776,17775,1,-1
2021-12-17 15:16:03.424,17775,17776,17775,1,-1
2021-12-17 15:16:03.424,17775,17776,17775,1,-1
2021-12-17 15:16:06.473,17775,17776,17775,1,-1
2021-12-17 15:16:06.952,17775,17776,17775,2,-2
2021-12-17 15:16:07.616,17775,17776,17775,1,-1
2021-12-17 15:16:07.733,17775,17776,17775,1,-1
2021-12-17 15:16:07.734,17775,17776,17775,1,-1
2021-12-17 15:16:07.734,17775,17776,17775,1,-1
2021-12-17 15:16:08.012,17775,17776,17775,4,-4
2021-12-17 15:16:08.013,17775,17776,17775,1,-1
2021-12-17 15:16:08.208,17774,17776,17775,2,2
2021-12-17 15:16:08.571,17774,17775,17775,1,1
2021-12-17 15:16:08.597,17774,17775,17775,1,1
2021-12-17 15:16:09.603,17775,17776,17775,1,-1
2021-12-17 15:16:09.604,17775,17776,17775,2,-2
2021-12-17 15:16:13.574,17774,17775,17774,1,-1
2021-12-17 15:16:14.269,17774,17775,17774,2,-2
2021-12-17 15:16:14.781,17774,17775,17775,6,6
2021-12-17 15:16:15.762,17775,17776,17775,1,-1
2021-12-17 15:16:16.196,17775,17776,17776,5,5
2021-12-17 15:16:16.196,17775,17776,17776,1,1
2021-12-17 15:16:16.196,17775,17776,17776,2,2
2021-12-17 15:16:16.196,17775,17776,17776,1,1
2021-12-17 15:16:16.196,17775,17776,17776,3,3
2021-12-17 15:16:16.299,17776,17777,17776,1,-1
2021-12-17 15:16:19.057,17776,17777,17777,1,1
2021-12-17 15:16:19.057,17776,17777,17777,1,1
2021-12-17 15:16:19.067,17776,17777,17777,1,1
2021-12-17 15:16:19.095,17776,17777,17777,1,1
2021-12-17 15:16:23.973,17776,17777,17776,1,-1
2021-12-17 15:16:25.173,17776,17777,17777,1,1
2021-12-17 15:16:26.141,17776,17777,17776,1,-1
2021-12-17 15:16:26.473,17776,17777,17776,1,-1
2021-12-17 15:16:26.473,17776,17777,17775,4,-4
2021-12-17 15:16:26.612,17775,17777,17776,1,1
2021-12-17 15:16:26.904,17776,17777,17776,1,-1
2021-12-17 15:16:28.650,17775,17776,17776,1,1
2021-12-17 15:16:34.283,17776,17777,17776,1,-1
2021-12-17 15:16:35.629,17776,17777,17776,1,-1
2021-12-17 15:16:38.141,17776,17777,17777,2,2
2021-12-17 15:16:38.601,17776,17777,17777,2,2
2021-12-17 15:16:43.958,17776,17777,17776,1,-1
2021-12-17 15:16:48.831,17776,17777,17777,2,2
2021-12-17 15:16:51.571,17777,17778,17777,1,-1
2021-12-17 15:16:51.721,17777,17778,17778,1,1
2021-12-17 15:16:54.617,17777,17778,17778,2,2
2021-12-17 15:16:54.997,17777,17778,17778,2,2
2021-12-17 15:16:55.753,17777,17778,17778,2,2
2021-12-17 15:16:57.925,17777,17778,17778,1,1
2021-12-17 15:16:59.058,17778,17779,17778,1,-1
2021-12-17 15:16:59.561,17777,17778,17778,1,1
2021-12-17 15:17:00.016,17777,17778,17778,1,1
2021-12-17 15:17:00.450,17777,17778,17778,1,1
2021-12-17 15:17:00.636,17777,17778,17777,1,-1
2021-12-17 15:17:00.924,17777,17779,17779,1,1
2021-12-17 15:17:02.785,17778,17779,17779,2,2
2021-12-17 15:17:03.637,17779,17780,17780,2,2
2021-12-17 15:17:03.963,17779,17780,17779,1,-1
2021-12-17 15:17:04.266,17779,17780,17779,1,-1
2021-12-17 15:17:04.266,17779,17780,17778,2,-2
2021-12-17 15:17:05.211,17778,17780,17778,1,-1
2021-12-17 15:17:06.657,17778,17779,17779,1,1
2021-12-17 15:17:06.812,17778,17780,17778,4,-4
2021-12-17 15:17:07.105,17777,17778,17778,1,1
2021-12-17 15:17:07.595,17777,17778,17778,1,1
2021-12-17 15:17:08.069,17777,17778,17778,1,1
2021-12-17 15:17:08.718,17777,17778,17778,1,1
2021-12-17 15:17:09.556,17777,17778,17778,1,1
2021-12-17 15:17:09.897,17777,17778,17778,1,1
2021-12-17 15:17:10.214,17777,17778,17778,1,1
2021-12-17 15:17:10.538,17777,17778,17778,1,1
2021-12-17 15:17:10.693,17777,17778,17778,1,1
2021-12-17 15:17:10.693,17777,17778,17778,3,3
2021-12-17 15:17:10.697,17777,17778,17778,1,1
2021-12-17 15:17:10.697,17777,17778,17778,1,1
2021-12-17 15:17:10.900,17777,17778,17778,1,1
2021-12-17 15:17:12.137,17778,17779,17779,1,1
2021-12-17 15:17:12.669,17778,17779,17779,1,1
2021-12-17 15:17:13.365,17778,17779,17779,1,1
2021-12-17 15:17:13.366,17778,17779,17779,2,2
2021-12-17 15:17:18.792,17778,17779,17779,1,1
2021-12-17 15:17:19.232,17778,17780,17779,1,1
2021-12-17 15:17:19.585,17778,17779,17779,1,1
2021-12-17 15:17:20.964,17779,17780,17779,1,-1
2021-12-17 15:17:27.480,17779,17780,17780,2,2
2021-12-17 15:17:27.893,17779,17780,17780,2,2
2021-12-17 15:17:28.320,17779,17780,17780,2,2
2021-12-17 15:17:28.713,17779,17780,17780,2,2
2021-12-17 15:17:29.120,17779,17780,17780,2,2
2021-12-17 15:17:30.945,17779,17780,17780,1,1
2021-12-17 15:17:34.881,17779,17780,17780,1,1
2021-12-17 15:17:35.292,17779,17780,17780,1,1
2021-12-17 15:17:35.653,17779,17780,17780,1,1
2021-12-17 15:17:36.005,17779,17780,17780,1,1
2021-12-17 15:17:36.401,17779,17780,17780,1,1
2021-12-17 15:17:36.772,17779,17780,17780,1,1
2021-12-17 15:17:37.125,17779,17780,17780,1,1
2021-12-17 15:17:37.520,17779,17780,17780,1,1
2021-12-17 15:17:39.056,17779,17780,17780,4,4
2021-12-17 15:17:45.139,17780,17781,17781,1,1
2021-12-17 15:17:51.869,17780,17781,17781,1,1
2021-12-17 15:17:53.036,17780,17781,17781,1,1
2021-12-17 15:17:56.840,17781,17782,17781,1,-1
2021-12-17 15:17:56.840,17781,17782,17780,3,-3
2021-12-17 15:17:59.822,17779,17780,17779,1,-1
2021-12-17 15:18:02.952,17779,17780,17780,2,2
2021-12-17 15:18:03.191,17779,17780,17780,1,1
2021-12-17 15:18:03.191,17779,17780,17780,3,3
2021-12-17 15:18:03.191,17779,17780,17780,12,12
2021-12-17 15:18:06.447,17781,17782,17782,2,2
2021-12-17 15:18:08.031,17782,17783,17782,1,-1
2021-12-17 15:18:08.149,17782,17783,17782,1,-1
2021-12-17 15:18:10.958,17780,17782,17781,1,1
2021-12-17 15:18:18.174,17780,17782,17780,11,-11
2021-12-17 15:18:23.806,17779,17780,17780,9,9
2021-12-17 15:18:24.038,17780,17781,17780,1,-1
2021-12-17 15:18:30.569,17780,17781,17781,1,1
2021-12-17 15:18:38.053,17781,17782,17781,6,-6
2021-12-17 15:18:46.821,17780,17781,17781,3,3
2021-12-17 15:18:48.413,17780,17781,17781,2,2
2021-12-17 15:18:59.447,17780,17781,17781,1,1
2021-12-17 15:19:04.393,17781,17782,17782,9,9
2021-12-17 15:19:04.394,17781,17782,17782,1,1
2021-12-17 15:19:04.394,17781,17782,17782,1,1
2021-12-17 15:19:05.437,17781,17782,17781,1,-1
2021-12-17 15:19:06.690,17781,17782,17782,1,1
2021-12-17 15:19:06.690,17781,17782,17782,3,3
2021-12-17 15:19:06.690,17781,17782,17782,2,2
2021-12-17 15:19:06.690,17781,17782,17782,1,1
2021-12-17 15:19:06.691,17781,17782,17782,1,1
2021-12-17 15:19:06.691,17781,17782,17782,4,4
2021-12-17 15:19:07.764,17782,17783,17782,1,-1
2021-12-17 15:19:08.300,17782,17783,17783,1,1
2021-12-17 15:19:08.301,17782,17783,17783,1,1
2021-12-17 15:19:08.301,17782,17783,17783,1,1
2021-12-17 15:19:08.302,17782,17783,17783,1,1
2021-12-17 15:19:08.302,17782,17783,17783,1,1
2021-12-17 15:19:08.437,17783,17784,17784,3,3
2021-12-17 15:19:13.611,17783,17785,17785,5,5
2021-12-17 15:19:23.378,17783,17785,17785,1,1
2021-12-17 15:19:23.904,17783,17784,17784,1,1
2021-12-17 15:19:24.969,17783,17784,17784,1,1
2021-12-17 15:19:40.559,17784,17785,17785,2,2
2021-12-17 15:19:49.890,17784,17785,17785,1,1
2021-12-17 15:19:50.010,17785,17786,17786,1,1
2021-12-17 15:19:50.143,17785,17786,17786,11,11
2021-12-17 15:19:51.700,17786,17787,17786,1,-1
2021-12-17 15:19:55.074,17785,17787,17785,2,-2
2021-12-17 15:19:57.043,17785,17787,17787,1,1
2021-12-17 15:19:57.469,17785,17787,17787,1,1
2021-12-17 15:19:57.564,17785,17787,17787,1,1
2021-12-17 15:19:57.842,17785,17787,17786,1,1
2021-12-17 15:20:00.365,17786,17787,17787,1,1
2021-12-17 15:20:00.366,17786,17787,17788,1,1
2021-12-17 15:20:01.440,17785,17787,17787,3,3
2021-12-17 15:20:01.640,17785,17788,17788,3,3
2021-12-17 15:20:04.585,17786,17788,17786,1,-1
2021-12-17 15:20:05.794,17786,17788,17788,8,8
2021-12-17 15:20:05.905,17787,17789,17789,8,8
2021-12-17 15:20:06.240,17788,17789,17789,2,2
2021-12-17 15:20:08.939,17787,17789,17787,1,-1
2021-12-17 15:20:09.471,17788,17789,17789,1,1
2021-12-17 15:20:09.667,17788,17789,17788,1,-1
2021-12-17 15:20:10.407,17787,17788,17788,1,1
2021-12-17 15:20:12.279,17787,17788,17787,2,-2
2021-12-17 15:20:12.377,17787,17788,17787,1,-1
2021-12-17 15:20:12.820,17786,17787,17787,1,1
2021-12-17 15:20:14.753,17787,17788,17787,1,-1
2021-12-17 15:20:14.753,17787,17788,17786,4,-4
2021-12-17 15:20:20.464,17787,17788,17787,1,-1
2021-12-17 15:20:20.555,17786,17788,17788,4,4
2021-12-17 15:20:21.680,17786,17788,17786,1,-1
2021-12-17 15:20:27.523,17787,17788,17787,1,-1
2021-12-17 15:20:27.540,17787,17788,17787,1,-1
2021-12-17 15:20:28.540,17787,17788,17787,1,-1
2021-12-17 15:20:35.924,17786,17787,17787,2,2
2021-12-17 15:20:40.141,17786,17787,17786,1,-1
2021-12-17 15:20:40.257,17786,17787,17787,2,2
2021-12-17 15:20:40.731,17786,17787,17787,1,1
2021-12-17 15:20:48.523,17786,17787,17787,1,1
2021-12-17 15:20:54.578,17787,17788,17787,3,-3
2021-12-17 15:20:57.261,17786,17788,17788,1,1
2021-12-17 15:20:58.912,17787,17788,17787,1,-1
2021-12-17 15:21:02.785,17786,17787,17786,7,-7
2021-12-17 15:21:12.250,17785,17786,17785,1,-1
2021-12-17 15:21:12.250,17785,17786,17785,5,-5
2021-12-17 15:21:12.250,17785,17786,17785,1,-1
2021-12-17 15:21:12.250,17785,17786,17785,1,-1
2021-12-17 15:21:16.480,17785,17786,17785,1,-1
2021-12-17 15:21:20.818,17784,17785,17784,2,-2
2021-12-17 15:21:26.801,17783,17784,17784,1,1
2021-12-17 15:21:29.607,17783,17784,17784,1,1
2021-12-17 15:21:30.689,17783,17784,17783,3,-3
2021-12-17 15:21:30.689,17783,17784,17782,2,-2
2021-12-17 15:21:31.040,17781,17783,17783,1,1
2021-12-17 15:21:31.994,17781,17783,17783,1,1
2021-12-17 15:21:34.126,17782,17784,17782,1,-1
2021-12-17 15:21:34.367,17782,17784,17784,1,1
2021-12-17 15:21:35.767,17782,17784,17782,1,-1
2021-12-17 15:21:38.536,17781,17782,17782,1,1
2021-12-17 15:21:39.179,17781,17783,17781,1,-1
2021-12-17 15:21:43.487,17781,17783,17783,1,1
2021-12-17 15:21:45.001,17782,17783,17782,2,-2
2021-12-17 15:21:51.612,17782,17783,17782,1,-1
2021-12-17 15:21:56.902,17781,17782,17781,1,-1
2021-12-17 15:21:56.902,17781,17782,17781,1,-1
2021-12-17 15:21:56.902,17781,17782,17781,6,-6
2021-12-17 15:22:03.053,17780,17781,17780,2,-2
2021-12-17 15:22:03.053,17780,17781,17779,8,-8
2021-12-17 15:22:04.579,17779,17780,17779,1,-1
2021-12-17 15:22:05.329,17778,17780,17780,1,1
2021-12-17 15:22:16.077,17778,17779,17779,1,1
2021-12-17 15:22:16.172,17778,17779,17778,1,-1
2021-12-17 15:22:16.594,17778,17779,17779,1,1
2021-12-17 15:22:19.119,17778,17779,17779,1,1
2021-12-17 15:22:19.538,17778,17779,17779,1,1
2021-12-17 15:22:20.275,17778,17779,17779,1,1
2021-12-17 15:22:22.689,17778,17779,17778,1,-1
2021-12-17 15:22:28.109,17778,17779,17779,2,2
2021-12-17 15:22:29.652,17779,17780,17779,1,-1
2021-12-17 15:22:30.584,17778,17780,17778,3,-3
2021-12-17 15:22:32.267,17778,17779,17779,1,1
2021-12-17 15:22:45.441,17778,17779,17779,1,1
2021-12-17 15:22:54.103,17779,17780,17780,4,4
2021-12-17 15:22:56.167,17780,17781,17781,1,1
2021-12-17 15:22:56.168,17780,17781,17781,1,1
2021-12-17 15:23:00.074,17781,17782,17782,1,1
2021-12-17 15:23:01.850,17782,17783,17783,1,1
2021-12-17 15:23:01.851,17782,17783,17783,4,4
2021-12-17 15:23:03.232,17783,17784,17783,1,-1
2021-12-17 15:23:07.400,17783,17784,17783,1,-1
2021-12-17 15:23:11.008,17783,17784,17784,2,2
2021-12-17 15:23:12.971,17783,17784,17783,5,-5
2021-12-17 15:23:15.708,17781,17783,17783,1,1
2021-12-17 15:23:20.178,17781,17782,17781,1,-1
2021-12-17 15:23:22.815,17781,17782,17781,1,-1
2021-12-17 15:23:22.816,17781,17782,17781,3,-3
2021-12-17 15:23:37.787,17781,17783,17781,1,-1
2021-12-17 15:23:37.951,17781,17783,17781,1,-1
2021-12-17 15:23:38.101,17781,17783,17781,1,-1
2021-12-17 15:23:38.379,17781,17783,17781,1,-1
2021-12-17 15:23:38.587,17781,17783,17781,1,-1
2021-12-17 15:23:38.769,17781,17783,17781,1,-1
2021-12-17 15:23:49.585,17782,17783,17782,1,-1
2021-12-17 15:23:56.445,17781,17782,17781,1,-1
2021-12-17 15:24:15.242,17781,17783,17783,1,1
2021-12-17 15:24:16.548,17782,17784,17782,1,-1
2021-12-17 15:25:00.210,17783,17784,17783,1,-1
2021-12-17 15:25:02.061,17782,17784,17784,1,1
2021-12-17 15:25:17.506,17783,17784,17783,1,-1
2021-12-17 15:25:17.506,17783,17784,17783,1,-1
2021-12-17 15:25:23.824,17782,17783,17783,1,1
2021-12-17 15:25:29.569,17783,17784,17783,1,-1
2021-12-17 15:25:29.569,17783,17784,17783,2,-2
2021-12-17 15:25:29.576,17783,17784,17783,1,-1
2021-12-17 15:26:03.050,17782,17783,17783,2,2
2021-12-17 15:26:03.050,17782,17783,17783,1,1
2021-12-17 15:26:07.865,17782,17783,17783,1,1
2021-12-17 15:26:19.746,17782,17783,17782,4,-4
2021-12-17 15:26:20.705,17781,17782,17781,1,-1
2021-12-17 15:26:28.200,17780,17781,17780,1,-1
2021-12-17 15:26:28.200,17780,17781,17780,2,-2
2021-12-17 15:26:28.200,17780,17781,17780,1,-1
2021-12-17 15:26:28.200,17780,17781,17780,1,-1
2021-12-17 15:26:38.355,17779,17780,17779,4,-4
2021-12-17 15:26:42.250,17778,17779,17778,2,-2
2021-12-17 15:26:44.806,17778,17779,17779,1,1
2021-12-17 15:27:00.139,17778,17779,17779,1,1
2021-12-17 15:27:11.772,17779,17781,17781,1,1
2021-12-17 15:27:19.334,17779,17781,17781,3,3
2021-12-17 15:27:28.736,17780,17782,17781,1,1
2021-12-17 15:27:56.774,17780,17781,17781,1,1
2021-12-17 15:27:58.035,17780,17781,17780,2,-2
2021-12-17 15:28:07.015,17779,17780,17779,1,-1
2021-12-17 15:28:07.443,17778,17780,17780,2,2
2021-12-17 15:28:07.542,17779,17781,17781,2,2
2021-12-17 15:28:07.551,17779,17781,17781,1,1
2021-12-17 15:28:07.551,17779,17781,17782,1,1
2021-12-17 15:28:07.564,17779,17781,17782,2,2
2021-12-17 15:28:07.617,17779,17781,17782,2,2
2021-12-17 15:28:07.650,17780,17782,17782,2,2
2021-12-17 15:28:07.682,17780,17782,17782,1,1
2021-12-17 15:28:07.700,17780,17782,17782,4,4
2021-12-17 15:28:07.701,17780,17782,17782,5,5
2021-12-17 15:28:07.718,17780,17782,17783,1,1
2021-12-17 15:28:07.737,17780,17782,17783,2,2
2021-12-17 15:28:07.752,17780,17782,17784,1,1
2021-12-17 15:28:07.759,17780,17782,17784,2,2
2021-12-17 15:28:07.759,17780,17782,17784,3,3
2021-12-17 15:28:07.759,17780,17782,17785,1,1
2021-12-17 15:28:07.767,17780,17782,17784,2,2
2021-12-17 15:28:07.767,17780,17782,17785,2,2
2021-12-17 15:28:07.805,17783,17785,17785,2,2
2021-12-17 15:28:07.815,17783,17785,17785,2,2
2021-12-17 15:28:07.835,17783,17785,17785,2,2
2021-12-17 15:28:07.841,17783,17785,17785,2,2
2021-12-17 15:28:07.849,17783,17785,17785,3,3
2021-12-17 15:28:07.849,17783,17785,17786,1,1
2021-12-17 15:28:07.850,17783,17785,17786,2,2
2021-12-17 15:28:07.856,17783,17785,17785,1,1
2021-12-17 15:28:07.856,17783,17785,17786,1,1
2021-12-17 15:28:07.888,17783,17785,17786,1,1
2021-12-17 15:28:07.917,17784,17786,17786,2,2
2021-12-17 15:28:07.980,17784,17786,17786,4,4
2021-12-17 15:28:08.126,17785,17787,17785,3,-3
2021-12-17 15:28:08.458,17785,17787,17787,4,4
2021-12-17 15:28:08.936,17785,17786,17786,2,2
2021-12-17 15:28:10.938,17785,17787,17787,2,2
2021-12-17 15:28:10.968,17785,17787,17787,2,2
2021-12-17 15:28:11.850,17785,17787,17787,2,2
2021-12-17 15:28:11.877,17785,17787,17787,1,1
2021-12-17 15:28:11.877,17785,17787,17788,1,1
2021-12-17 15:28:12.036,17785,17787,17787,2,2
2021-12-17 15:28:15.861,17786,17788,17786,1,-1
2021-12-17 15:28:28.767,17785,17786,17785,2,-2
2021-12-17 15:28:38.988,17783,17785,17785,1,1
2021-12-17 15:28:42.681,17783,17785,17785,2,2
2021-12-17 15:29:07.223,17784,17785,17785,3,3
2021-12-17 15:29:07.224,17784,17785,17785,1,1
2021-12-17 15:29:07.224,17784,17785,17785,1,1
2021-12-17 15:29:07.224,17784,17785,17785,1,1
2021-12-17 15:29:07.224,17784,17785,17785,1,1
2021-12-17 15:29:07.682,17784,17786,17786,1,1
2021-12-17 15:29:07.682,17784,17786,17787,1,1
2021-12-17 15:29:07.709,17784,17786,17787,1,1
2021-12-17 15:29:28.390,17784,17786,17786,4,4
2021-12-17 15:29:35.785,17784,17786,17786,1,1
2021-12-17 15:29:46.041,17785,17786,17785,1,-1
2021-12-17 15:29:50.249,17784,17785,17785,2,2
2021-12-17 15:29:57.920,17785,17786,17785,1,-1
2021-12-17 15:30:00.703,17785,17786,17786,1,1
2021-12-17 15:30:00.703,17785,17786,17786,2,2
2021-12-17 15:30:01.281,17786,17787,17786,4,-4
2021-12-17 15:30:01.286,17786,17787,17786,1,-1
2021-12-17 15:30:01.477,17786,17787,17787,3,3
2021-12-17 15:30:01.477,17786,17787,17787,1,1
2021-12-17 15:30:01.741,17786,17788,17788,8,8
2021-12-17 15:30:06.072,17785,17787,17785,2,-2
2021-12-17 15:30:08.518,17785,17787,17785,11,-11
2021-12-17 15:30:08.779,17785,17786,17785,1,-1
2021-12-17 15:30:10.020,17785,17786,17785,1,-1
2021-12-17 15:30:10.808,17784,17786,17784,2,-2
2021-12-17 15:30:11.548,17784,17785,17784,1,-1
2021-12-17 15:30:17.212,17784,17786,17786,1,1
2021-12-17 15:30:25.383,17787,17788,17787,1,-1
2021-12-17 15:30:25.383,17787,17788,17787,1,-1
2021-12-17 15:30:35.952,17787,17788,17787,1,-1
2021-12-17 15:30:39.622,17786,17787,17786,1,-1
2021-12-17 15:31:13.289,17786,17787,17786,1,-1
2021-12-17 15:31:25.653,17786,17787,17787,2,2
2021-12-17 15:31:25.653,17786,17787,17787,2,2
2021-12-17 15:31:26.993,17787,17788,17787,1,-1
2021-12-17 15:31:31.391,17786,17787,17787,1,1
2021-12-17 15:32:01.061,17787,17788,17787,1,-1
2021-12-17 15:32:03.533,17786,17787,17787,1,1
2021-12-17 15:32:15.761,17786,17787,17787,1,1
2021-12-17 15:32:16.006,17787,17788,17788,2,2
2021-12-17 15:32:16.006,17787,17788,17788,6,6
2021-12-17 15:32:16.774,17788,17789,17789,5,5
2021-12-17 15:32:28.280,17789,17790,17790,1,1
2021-12-17 15:32:28.443,17789,17790,17790,1,1
2021-12-17 15:32:28.728,17789,17790,17790,1,1
2021-12-17 15:32:32.166,17789,17790,17790,15,15
2021-12-17 15:32:33.063,17790,17791,17790,3,-3
2021-12-17 15:32:34.501,17790,17791,17791,1,1
2021-12-17 15:32:40.664,17790,17791,17790,1,-1
2021-12-17 15:32:45.610,17789,17790,17790,1,1
2021-12-17 15:32:47.041,17789,17790,17790,1,1
2021-12-17 15:32:52.923,17789,17790,17790,1,1
2021-12-17 15:32:53.614,17789,17790,17790,1,1
2021-12-17 15:33:00.940,17789,17790,17790,1,1
2021-12-17 15:33:04.102,17790,17791,17790,1,-1
2021-12-17 15:33:04.739,17790,17791,17791,1,1
2021-12-17 15:33:04.749,17790,17791,17791,1,1
2021-12-17 15:33:04.749,17790,17791,17791,1,1
2021-12-17 15:33:04.749,17790,17791,17791,2,2
2021-12-17 15:33:20.222,17791,17792,17791,1,-1
2021-12-17 15:33:20.479,17791,17792,17792,1,1
2021-12-17 15:33:21.123,17791,17792,17791,1,-1
2021-12-17 15:33:21.215,17791,17792,17791,1,-1
2021-12-17 15:33:28.695,17791,17792,17792,1,1
2021-12-17 15:33:29.135,17791,17792,17791,2,-2
2021-12-17 15:33:29.149,17791,17792,17792,1,1
2021-12-17 15:33:31.611,17791,17792,17791,2,-2
2021-12-17 15:33:33.831,17791,17792,17792,1,1
2021-12-17 15:33:33.831,17791,17792,17792,1,1
2021-12-17 15:33:33.831,17791,17792,17792,1,1
2021-12-17 15:33:33.831,17791,17792,17792,1,1
2021-12-17 15:33:33.831,17791,17792,17792,1,1
2021-12-17 15:33:33.831,17791,17792,17792,1,1
2021-12-17 15:33:38.821,17791,17793,17792,1,1
2021-12-17 15:33:41.923,17792,17793,17792,1,-1
2021-12-17 15:33:50.203,17791,17793,17791,15,-15
2021-12-17 15:33:50.490,17790,17791,17791,3,3
2021-12-17 15:33:52.610,17790,17791,17790,1,-1
2021-12-17 15:33:54.645,17790,17791,17791,3,3
2021-12-17 15:33:55.701,17790,17791,17791,1,1
2021-12-17 15:33:56.099,17790,17791,17790,2,-2
2021-12-17 15:33:56.107,17790,17791,17790,1,-1
2021-12-17 15:34:03.910,17789,17790,17789,1,-1
2021-12-17 15:34:03.910,17789,17790,17789,2,-2
2021-12-17 15:34:04.031,17788,17789,17789,1,1
2021-12-17 15:34:04.137,17788,17789,17788,1,-1
2021-12-17 15:34:04.138,17788,17789,17788,1,-1
2021-12-17 15:34:04.157,17788,17789,17789,1,1
2021-12-17 15:34:09.789,17788,17789,17789,1,1
2021-12-17 15:34:18.236,17788,17790,17790,1,1
2021-12-17 15:34:32.489,17788,17789,17788,1,-1
2021-12-17 15:34:46.335,17788,17789,17789,1,1
2021-12-17 15:34:46.335,17788,17789,17789,1,1
2021-12-17 15:34:53.024,17789,17790,17789,2,-2
2021-12-17 15:34:53.167,17789,17790,17790,1,1
2021-12-17 15:35:03.806,17790,17792,17790,1,-1
2021-12-17 15:35:10.499,17789,17790,17789,5,-5
2021-12-17 15:35:10.499,17789,17790,17789,5,-5
2021-12-17 15:35:17.719,17789,17790,17790,1,1
2021-12-17 15:35:20.883,17790,17791,17790,1,-1
2021-12-17 15:35:22.279,17790,17791,17791,1,1
2021-12-17 15:35:22.337,17790,17791,17790,1,-1
2021-12-17 15:35:22.619,17790,17791,17791,1,1
2021-12-17 15:35:30.812,17791,17792,17792,1,1
2021-12-17 15:35:41.153,17791,17792,17792,1,1
2021-12-17 15:35:47.174,17791,17792,17792,2,2
2021-12-17 15:35:52.678,17791,17792,17792,1,1
2021-12-17 15:35:54.545,17792,17793,17792,1,-1
2021-12-17 15:35:58.224,17792,17793,17792,1,-1
2021-12-17 15:36:03.264,17792,17793,17792,11,-11
2021-12-17 15:36:04.645,17791,17792,17792,2,2
2021-12-17 15:36:04.645,17791,17792,17793,2,2
2021-12-17 15:36:09.693,17792,17793,17793,13,13
2021-12-17 15:36:09.694,17792,17793,17793,2,2
2021-12-17 15:36:11.646,17793,17794,17792,1,-1
2021-12-17 15:36:18.686,17792,17793,17792,4,-4
2021-12-17 15:36:20.531,17791,17792,17792,1,1
2021-12-17 15:36:20.531,17791,17792,17792,1,1
2021-12-17 15:36:20.650,17792,17793,17793,1,1
2021-12-17 15:36:26.360,17791,17792,17791,5,-5
2021-12-17 15:36:26.361,17791,17792,17791,2,-2
2021-12-17 15:36:26.361,17791,17792,17791,1,-1
2021-12-17 15:36:41.316,17791,17792,17791,2,-2
2021-12-17 15:36:41.400,17790,17791,17791,1,1
2021-12-17 15:36:47.352,17790,17791,17791,1,1
2021-12-17 15:36:47.399,17790,17791,17791,1,1
2021-12-17 15:36:47.399,17790,17791,17792,1,1
2021-12-17 15:36:56.807,17791,17792,17791,1,-1
2021-12-17 15:37:05.304,17790,17791,17791,1,1
2021-12-17 15:37:09.752,17790,17791,17791,1,1
2021-12-17 15:37:09.752,17790,17791,17791,3,3
2021-12-17 15:37:10.115,17791,17792,17792,1,1
2021-12-17 15:37:12.797,17790,17792,17790,1,-1
2021-12-17 15:37:17.322,17790,17791,17791,1,1
2021-12-17 15:37:31.331,17791,17792,17791,2,-2
2021-12-17 15:37:33.188,17791,17792,17791,1,-1
2021-12-17 15:37:33.189,17791,17792,17791,1,-1
2021-12-17 15:37:33.190,17791,17792,17791,4,-4
2021-12-17 15:37:33.190,17791,17792,17791,1,-1
2021-12-17 15:37:33.190,17791,17792,17791,1,-1
2021-12-17 15:37:34.200,17790,17791,17790,3,-3
2021-12-17 15:37:34.445,17790,17791,17790,1,-1
2021-12-17 15:37:34.448,17790,17791,17790,1,-1
2021-12-17 15:37:37.611,17790,17791,17791,5,5
2021-12-17 15:37:50.826,17790,17791,17790,1,-1
2021-12-17 15:37:50.877,17790,17791,17790,14,-14
2021-12-17 15:38:01.914,17789,17790,17789,2,-2
2021-12-17 15:38:21.450,17788,17789,17789,1,1
2021-12-17 15:38:31.030,17788,17789,17788,1,-1
2021-12-17 15:38:31.030,17788,17789,17788,5,-5
2021-12-17 15:38:32.165,17787,17788,17787,2,-2
2021-12-17 15:38:33.858,17787,17788,17787,1,-1
2021-12-17 15:38:37.723,17786,17787,17786,1,-1
2021-12-17 15:38:45.565,17786,17787,17787,3,3
2021-12-17 15:38:46.411,17787,17788,17787,1,-1
2021-12-17 15:38:50.371,17787,17788,17787,1,-1
2021-12-17 15:38:54.304,17787,17788,17787,2,-2
2021-12-17 15:39:01.136,17786,17787,17787,1,1
2021-12-17 15:39:02.330,17786,17787,17787,3,3
2021-12-17 15:39:12.329,17787,17788,17787,3,-3
2021-12-17 15:39:20.691,17787,17789,17787,1,-1
2021-12-17 15:39:31.733,17787,17789,17787,1,-1
2021-12-17 15:39:35.534,17787,17788,17787,1,-1
2021-12-17 15:39:36.189,17787,17788,17788,1,1
2021-12-17 15:39:40.042,17787,17789,17789,1,1
2021-12-17 15:39:53.344,17787,17788,17788,1,1
2021-12-17 15:39:58.273,17789,17790,17790,4,4
2021-12-17 15:40:02.965,17789,17791,17791,6,6
2021-12-17 15:40:02.965,17789,17791,17792,4,4
2021-12-17 15:40:03.212,17790,17792,17792,1,1
2021-12-17 15:40:03.224,17790,17792,17792,1,1
2021-12-17 15:40:03.249,17790,17792,17791,1,1
2021-12-17 15:40:03.426,17790,17792,17792,1,1
2021-12-17 15:40:09.242,17790,17791,17791,1,1
2021-12-17 15:40:09.690,17790,17791,17790,1,-1
2021-12-17 15:40:09.690,17790,17791,17789,1,-1
2021-12-17 15:40:10.881,17790,17792,17790,1,-1
2021-12-17 15:40:16.275,17790,17791,17790,1,-1
2021-12-17 15:40:24.509,17790,17791,17790,1,-1
2021-12-17 15:40:24.709,17790,17791,17791,1,1
2021-12-17 15:40:29.993,17790,17791,17791,1,1
2021-12-17 15:40:30.434,17791,17792,17791,1,-1
2021-12-17 15:41:37.051,17790,17791,17791,1,1
2021-12-17 15:41:46.856,17791,17792,17792,1,1
2021-12-17 15:41:46.856,17791,17792,17792,5,5
2021-12-17 15:41:48.932,17792,17793,17793,3,3
2021-12-17 15:41:49.276,17792,17794,17794,1,1
2021-12-17 15:41:49.308,17792,17794,17794,1,1
2021-12-17 15:41:49.314,17792,17794,17794,4,4
2021-12-17 15:41:59.263,17792,17793,17793,1,1
2021-12-17 15:42:10.113,17793,17794,17794,5,5
2021-12-17 15:42:15.429,17793,17794,17793,1,-1
2021-12-17 15:42:18.176,17792,17794,17794,1,1
2021-12-17 15:42:24.817,17792,17794,17794,7,7
2021-12-17 15:42:24.817,17792,17794,17795,3,3
2021-12-17 15:42:25.262,17793,17795,17795,1,1
2021-12-17 15:42:30.347,17793,17795,17795,1,1
2021-12-17 15:42:35.657,17794,17795,17795,5,5
2021-12-17 15:42:36.755,17794,17795,17795,19,19
2021-12-17 15:42:36.756,17794,17795,17795,1,1
2021-12-17 15:42:36.757,17794,17795,17795,1,1
2021-12-17 15:42:37.231,17794,17796,17794,1,-1
2021-12-17 15:42:40.065,17794,17796,17796,2,2
2021-12-17 15:42:40.164,17794,17796,17796,1,1
2021-12-17 15:42:40.170,17794,17796,17796,1,1
2021-12-17 15:42:40.178,17794,17796,17796,1,1
2021-12-17 15:42:40.236,17794,17796,17796,3,3
2021-12-17 15:42:40.256,17794,17796,17796,1,1
2021-12-17 15:42:40.265,17794,17796,17796,4,4
2021-12-17 15:42:40.273,17794,17796,17796,1,1
2021-12-17 15:42:40.430,17794,17796,17796,1,1
2021-12-17 15:42:40.478,17794,17796,17796,7,7
2021-12-17 15:42:40.478,17794,17796,17797,1,1
2021-12-17 15:42:40.492,17794,17796,17797,1,1
2021-12-17 15:42:40.550,17795,17797,17797,1,1
2021-12-17 15:42:40.554,17795,17797,17797,1,1
2021-12-17 15:42:40.570,17795,17797,17797,1,1
2021-12-17 15:42:40.575,17795,17797,17797,1,1
2021-12-17 15:42:40.581,17795,17797,17797,1,1
2021-12-17 15:42:40.600,17795,17797,17797,1,1
2021-12-17 15:42:40.628,17795,17797,17797,1,1
2021-12-17 15:42:40.631,17795,17797,17797,1,1
2021-12-17 15:42:40.654,17795,17797,17797,1,1
2021-12-17 15:42:41.595,17795,17797,17795,1,-1
2021-12-17 15:42:47.146,17794,17795,17794,1,-1
2021-12-17 15:42:47.576,17794,17795,17794,1,-1
2021-12-17 15:42:57.426,17793,17794,17794,2,2
2021-12-17 15:43:02.519,17793,17794,17793,1,-1
2021-12-17 15:43:12.703,17792,17793,17792,4,-4
2021-12-17 15:43:12.801,17791,17792,17791,1,-1
2021-12-17 15:43:12.805,17791,17792,17791,1,-1
2021-12-17 15:43:13.197,17791,17792,17792,1,1
2021-12-17 15:43:16.179,17791,17792,17792,1,1
2021-12-17 15:43:39.662,17792,17793,17792,1,-1
2021-12-17 15:43:44.857,17791,17792,17792,1,1
2021-12-17 15:43:55.148,17791,17792,17791,2,-2
2021-12-17 15:43:55.148,17791,17792,17791,1,-1
2021-12-17 15:43:55.885,17790,17791,17790,2,-2
2021-12-17 15:43:58.901,17790,17791,17790,1,-1
2021-12-17 15:43:58.901,17790,17791,17790,1,-1
2021-12-17 15:43:58.901,17790,17791,17790,1,-1
2021-12-17 15:43:58.902,17790,17791,17790,2,-2
2021-12-17 15:43:59.067,17789,17790,17789,2,-2
2021-12-17 15:44:01.693,17790,17791,17790,1,-1
2021-12-17 15:44:02.779,17789,17790,17790,1,1
2021-12-17 15:44:12.594,17789,17790,17790,1,1
2021-12-17 15:44:12.673,17789,17790,17789,1,-1
2021-12-17 15:44:20.218,17788,17789,17788,7,-7
2021-12-17 15:44:20.219,17788,17789,17787,3,-3
2021-12-17 15:44:20.251,17788,17789,17788,1,-1
2021-12-17 15:44:23.645,17787,17788,17787,5,-5
2021-12-17 15:44:26.264,17787,17788,17788,2,2
2021-12-17 15:44:27.951,17787,17788,17787,1,-1
2021-12-17 15:44:27.951,17787,17788,17787,1,-1
2021-12-17 15:44:28.619,17786,17788,17788,1,1
2021-12-17 15:44:32.444,17787,17788,17787,2,-2
2021-12-17 15:44:33.116,17787,17788,17788,1,1
2021-12-17 15:44:33.116,17787,17788,17789,1,1
2021-12-17 15:44:33.483,17787,17789,17787,1,-1
2021-12-17 15:44:50.087,17786,17787,17786,2,-2
2021-12-17 15:44:50.639,17786,17787,17786,1,-1
2021-12-17 15:44:58.103,17786,17787,17786,1,-1
2021-12-17 15:44:58.228,17786,17787,17786,1,-1
2021-12-17 15:44:59.270,17786,17787,17786,1,-1
2021-12-17 15:44:59.658,17786,17787,17786,1,-1
2021-12-17 15:44:59.984,17786,17787,17786,2,-2
2021-12-17 15:44:59.984,17786,17787,17786,2,-2
2021-12-17 15:45:02.043,17786,17787,17787,1,1
2021-12-17 15:45:02.113,17786,17787,17786,1,-1
2021-12-17 15:45:02.568,17786,17787,17786,1,-1
2021-12-17 15:45:04.633,17786,17787,17787,1,1
2021-12-17 15:45:04.633,17786,17787,17787,1,1
2021-12-17 15:45:07.442,17787,17788,17788,1,1
2021-12-17 15:45:07.442,17787,17788,17788,2,2
2021-12-17 15:45:19.457,17787,17788,17787,1,-1
2021-12-17 15:45:19.821,17786,17788,17786,2,-2
2021-12-17 15:45:20.154,17785,17787,17787,1,1
2021-12-17 15:45:22.286,17785,17787,17785,7,-7
2021-12-17 15:45:22.286,17785,17787,17785,4,-4
2021-12-17 15:45:37.146,17785,17787,17785,1,-1
2021-12-17 15:45:52.986,17786,17787,17786,1,-1
2021-12-17 15:45:56.078,17785,17787,17785,1,-1
2021-12-17 15:46:03.612,17785,17787,17787,1,1
2021-12-17 15:46:16.331,17786,17787,17786,1,-1
2021-12-17 15:46:16.331,17786,17787,17786,1,-1
2021-12-17 15:46:16.331,17786,17787,17786,2,-2
2021-12-17 15:46:17.937,17785,17786,17785,2,-2
2021-12-17 15:46:17.937,17785,17786,17785,8,-8
2021-12-17 15:46:17.937,17785,17786,17785,3,-3
2021-12-17 15:46:17.937,17785,17786,17785,1,-1
2021-12-17 15:46:17.937,17785,17786,17785,1,-1
2021-12-17 15:46:17.937,17785,17786,17785,1,-1
2021-12-17 15:46:17.937,17785,17786,17785,1,-1
2021-12-17 15:46:25.156,17785,17786,17785,1,-1
2021-12-17 15:46:25.156,17785,17786,17784,2,-2
2021-12-17 15:46:31.143,17784,17786,17784,1,-1
2021-12-17 15:46:33.781,17785,17786,17785,1,-1
2021-12-17 15:46:40.838,17784,17785,17785,1,1
2021-12-17 15:46:46.905,17784,17786,17784,1,-1
2021-12-17 15:46:54.290,17785,17787,17785,1,-1
2021-12-17 15:47:18.536,17786,17787,17787,7,7
2021-12-17 15:48:06.232,17785,17787,17786,1,1
2021-12-17 15:48:28.842,17786,17787,17787,1,1
2021-12-17 15:48:36.422,17786,17787,17787,2,2
2021-12-17 15:48:38.852,17787,17788,17787,3,-3
2021-12-17 15:48:39.908,17786,17788,17786,1,-1
2021-12-17 15:49:26.116,17786,17787,17787,1,1
2021-12-17 15:49:27.152,17786,17787,17787,1,1
2021-12-17 15:49:38.617,17787,17788,17788,9,9
2021-12-17 15:49:44.321,17788,17789,17789,1,1
2021-12-17 15:50:06.353,17789,17790,17790,1,1
2021-12-17 15:50:15.371,17789,17790,17789,2,-2
2021-12-17 15:50:28.111,17787,17789,17789,1,1
2021-12-17 15:50:49.357,17786,17788,17788,1,1
2021-12-17 15:51:16.193,17786,17788,17788,4,4
2021-12-17 15:51:24.097,17786,17787,17786,6,-6
2021-12-17 15:51:24.148,17785,17786,17786,1,1
2021-12-17 15:51:44.979,17785,17787,17785,1,-1
2021-12-17 15:52:05.569,17786,17787,17787,2,2
2021-12-17 15:52:46.385,17788,17789,17788,3,-3
2021-12-17 15:52:55.034,17788,17789,17789,1,1
2021-12-17 15:52:55.039,17788,17789,17789,1,1
2021-12-17 15:52:55.665,17788,17789,17789,4,4
2021-12-17 15:53:07.897,17789,17790,17790,1,1
2021-12-17 15:53:07.898,17789,17790,17790,1,1
2021-12-17 15:53:07.898,17789,17790,17790,5,5
2021-12-17 15:53:07.898,17789,17790,17790,4,4
2021-12-17 15:53:19.145,17790,17792,17790,1,-1
2021-12-17 15:53:19.244,17790,17792,17792,1,1
2021-12-17 15:53:19.295,17790,17792,17792,1,1
2021-12-17 15:53:28.236,17790,17791,17790,2,-2
2021-12-17 15:53:28.944,17789,17790,17790,2,2
2021-12-17 15:53:32.091,17789,17790,17790,1,1
2021-12-17 15:53:50.513,17789,17790,17790,1,1
2021-12-17 15:53:56.654,17789,17790,17789,2,-2
2021-12-17 15:54:19.259,17788,17789,17788,2,-2
2021-12-17 15:54:20.462,17788,17789,17788,1,-1
2021-12-17 15:54:20.462,17788,17789,17788,1,-1
2021-12-17 15:54:27.346,17787,17788,17788,2,2
2021-12-17 15:54:28.461,17787,17788,17788,2,2
2021-12-17 15:54:28.462,17787,17788,17788,3,3
2021-12-17 15:54:39.937,17787,17788,17788,1,1
2021-12-17 15:54:40.545,17787,17788,17787,2,-2
2021-12-17 15:54:41.550,17787,17788,17788,1,1
2021-12-17 15:54:58.668,17788,17789,17788,1,-1
2021-12-17 15:55:02.760,17788,17789,17789,3,3
2021-12-17 15:55:02.760,17788,17789,17789,1,1
2021-12-17 15:55:11.912,17789,17790,17789,1,-1
2021-12-17 15:55:24.276,17789,17790,17789,1,-1
2021-12-17 15:55:30.249,17789,17790,17789,1,-1
2021-12-17 15:55:34.841,17788,17790,17790,1,1
2021-12-17 15:55:35.668,17788,17790,17790,4,4
2021-12-17 15:55:48.347,17789,17790,17790,6,6
2021-12-17 15:55:48.348,17789,17790,17790,3,3
2021-12-17 15:55:48.939,17789,17791,17789,1,-1
2021-12-17 15:55:55.358,17789,17791,17789,1,-1
2021-12-17 15:56:00.531,17790,17791,17790,1,-1
2021-12-17 15:56:04.241,17789,17791,17789,2,-2
2021-12-17 15:56:05.186,17789,17791,17789,1,-1
2021-12-17 15:56:05.187,17789,17791,17789,2,-2
2021-12-17 15:56:10.383,17788,17790,17790,1,1
2021-12-17 15:56:15.602,17789,17790,17789,1,-1
2021-12-17 15:56:15.602,17789,17790,17788,1,-1
2021-12-17 15:56:20.531,17788,17789,17788,1,-1
2021-12-17 15:56:35.642,17788,17789,17789,1,1
2021-12-17 15:56:39.824,17788,17789,17788,2,-2
2021-12-17 15:56:45.921,17788,17789,17789,1,1
2021-12-17 15:56:47.410,17788,17789,17789,1,1
2021-12-17 15:56:47.410,17788,17789,17789,2,2
2021-12-17 15:56:50.258,17789,17790,17789,1,-1
2021-12-17 15:56:54.782,17789,17790,17789,1,-1
2021-12-17 15:56:59.991,17789,17790,17790,1,1
2021-12-17 15:57:00.497,17789,17790,17789,1,-1
2021-12-17 15:57:01.752,17789,17790,17790,3,3
2021-12-17 15:57:04.308,17789,17791,17789,1,-1
2021-12-17 15:57:09.116,17790,17791,17790,1,-1
2021-12-17 15:57:40.546,17788,17789,17788,1,-1
2021-12-17 15:57:44.949,17788,17789,17788,1,-1
2021-12-17 15:57:44.949,17788,17789,17788,4,-4
2021-12-17 15:58:16.097,17787,17788,17787,2,-2
2021-12-17 15:58:16.097,17787,17788,17787,1,-1
2021-12-17 15:58:16.097,17787,17788,17787,1,-1
2021-12-17 15:58:16.097,17787,17788,17787,1,-1
2021-12-17 15:58:16.097,17787,17788,17787,1,-1
2021-12-17 15:58:16.097,17787,17788,17787,1,-1
2021-12-17 15:58:16.099,17787,17788,17787,2,-2
2021-12-17 15:58:16.390,17786,17787,17787,2,2
2021-12-17 15:58:16.409,17786,17787,17787,1,1
2021-12-17 15:58:16.423,17786,17787,17788,1,1
2021-12-17 15:58:40.526,17787,17788,17787,2,-2
2021-12-17 15:58:40.527,17787,17788,17787,1,-1
2021-12-17 15:58:40.528,17787,17788,17787,2,-2
2021-12-17 15:58:49.928,17786,17787,17787,1,1
2021-12-17 15:58:50.080,17786,17787,17787,1,1
2021-12-17 15:58:59.893,17787,17788,17788,3,3
2021-12-17 15:59:03.637,17787,17788,17788,1,1
2021-12-17 15:59:07.316,17788,17789,17789,1,1
2021-12-17 15:59:07.316,17788,17789,17789,2,2
2021-12-17 15:59:07.316,17788,17789,17789,1,1
2021-12-17 15:59:08.476,17789,17790,17790,4,4
2021-12-17 15:59:08.518,17789,17790,17790,1,1
2021-12-17 15:59:15.371,17788,17789,17789,1,1
2021-12-17 15:59:18.419,17790,17791,17791,1,1
2021-12-17 15:59:18.713,17790,17791,17790,1,-1
2021-12-17 15:59:18.815,17789,17791,17791,1,1
2021-12-17 15:59:30.837,17789,17790,17790,1,1
2021-12-17 15:59:59.109,17790,17791,17790,1,-1
2021-12-17 16:00:00.221,17789,17791,17789,1,-1
2021-12-17 16:00:00.282,17788,17789,17789,1,1
2021-12-17 16:00:00.436,17788,17790,17790,1,1
2021-12-17 16:00:00.439,17788,17790,17790,2,2
2021-12-17 16:00:00.439,17788,17790,17791,1,1
2021-12-17 16:00:00.442,17788,17790,17791,1,1
2021-12-17 16:00:00.449,17788,17790,17791,1,1
2021-12-17 16:00:00.449,17788,17790,17791,1,1
2021-12-17 16:00:00.545,17789,17791,17791,2,2
2021-12-17 16:00:00.567,17789,17791,17791,3,3
2021-12-17 16:00:00.567,17789,17791,17792,1,1
2021-12-17 16:00:00.688,17790,17792,17792,2,2
2021-12-17 16:00:00.691,17790,17792,17792,1,1
2021-12-17 16:00:00.693,17790,17792,17792,1,1
2021-12-17 16:00:00.926,17790,17792,17792,1,1
2021-12-17 16:00:00.955,17790,17792,17792,1,1
2021-12-17 16:00:01.002,17790,17792,17792,1,1
2021-12-17 16:00:01.013,17790,17792,17792,1,1
2021-12-17 16:00:01.024,17790,17792,17792,1,1
2021-12-17 16:00:01.024,17790,17792,17792,1,1
2021-12-17 16:00:01.024,17790,17792,17793,1,1
2021-12-17 16:00:01.025,17790,17792,17793,1,1
2021-12-17 16:00:01.119,17790,17792,17793,1,1
2021-12-17 16:00:01.167,17791,17793,17793,2,2
2021-12-17 16:00:01.180,17791,17793,17793,1,1
2021-12-17 16:00:04.211,17791,17793,17791,1,-1
2021-12-17 16:00:12.366,17791,17792,17792,1,1
2021-12-17 16:00:13.118,17791,17793,17793,3,3
2021-12-17 16:00:13.149,17792,17794,17794,1,1
2021-12-17 16:00:13.149,17792,17794,17794,1,1
2021-12-17 16:00:13.149,17792,17794,17794,1,1
2021-12-17 16:00:13.149,17792,17794,17794,1,1
2021-12-17 16:00:13.149,17792,17794,17794,5,5
2021-12-17 16:00:13.150,17792,17794,17795,1,1
2021-12-17 16:00:13.150,17792,17794,17795,1,1
2021-12-17 16:00:13.150,17792,17794,17795,1,1
2021-12-17 16:00:13.151,17792,17794,17795,2,2
2021-12-17 16:00:13.312,17793,17795,17795,1,1
2021-12-17 16:00:13.329,17793,17795,17795,1,1
2021-12-17 16:00:27.548,17792,17793,17792,3,-3
2021-12-17 16:00:27.584,17792,17793,17792,1,-1
2021-12-17 16:00:32.870,17791,17792,17791,5,-5
2021-12-17 16:00:32.899,17790,17791,17791,1,1
2021-12-17 16:00:32.899,17790,17791,17791,1,1
2021-12-17 16:00:32.899,17790,17791,17792,1,1
2021-12-17 16:00:35.091,17790,17791,17791,2,2
2021-12-17 16:00:40.091,17790,17791,17790,2,-2
2021-12-17 16:00:40.456,17790,17791,17790,5,-5
2021-12-17 16:00:42.629,17788,17790,17790,1,1
2021-12-17 16:00:42.648,17788,17790,17790,1,1
2021-12-17 16:00:42.650,17788,17790,17790,1,1
2021-12-17 16:00:42.650,17788,17790,17790,1,1
2021-12-17 16:00:46.393,17788,17789,17789,1,1
2021-12-17 16:00:46.462,17788,17790,17789,1,1
2021-12-17 16:00:47.275,17788,17789,17788,1,-1
2021-12-17 16:00:47.400,17788,17789,17789,1,1
2021-12-17 16:00:49.143,17788,17789,17788,1,-1
2021-12-17 16:00:49.150,17787,17789,17787,1,-1
2021-12-17 16:00:49.222,17787,17789,17789,1,1
2021-12-17 16:00:52.874,17787,17788,17788,1,1
2021-12-17 16:01:04.032,17787,17788,17787,3,-3
2021-12-17 16:01:04.032,17787,17788,17787,3,-3
2021-12-17 16:01:05.682,17786,17787,17787,1,1
2021-12-17 16:01:17.526,17788,17789,17789,2,2
2021-12-17 16:01:17.526,17788,17789,17789,1,1
2021-12-17 16:01:17.527,17788,17789,17789,3,3
2021-12-17 16:01:17.527,17788,17789,17789,4,4
2021-12-17 16:01:21.916,17788,17790,17788,1,-1
2021-12-17 16:01:22.262,17788,17790,17790,1,1
2021-12-17 16:01:30.272,17790,17791,17791,1,1
2021-12-17 16:01:32.167,17790,17791,17791,2,2
2021-12-17 16:01:34.395,17791,17792,17792,1,1
2021-12-17 16:01:34.396,17791,17792,17792,1,1
2021-12-17 16:01:36.072,17793,17794,17794,6,6
2021-12-17 16:01:36.173,17794,17795,17795,13,13
2021-12-17 16:01:37.681,17794,17796,17796,4,4
2021-12-17 16:01:37.938,17794,17796,17796,2,2
2021-12-17 16:01:37.949,17794,17796,17796,1,1
2021-12-17 16:01:37.959,17794,17796,17796,2,2
2021-12-17 16:01:38.611,17794,17796,17796,1,1
2021-12-17 16:01:38.699,17794,17796,17796,2,2
2021-12-17 16:01:41.876,17796,17797,17797,9,9
2021-12-17 16:01:41.897,17797,17798,17798,5,5
2021-12-17 16:01:42.014,17797,17798,17798,3,3
2021-12-17 16:01:42.039,17797,17798,17798,2,2
2021-12-17 16:01:42.051,17797,17798,17798,4,4
2021-12-17 16:01:42.067,17797,17798,17798,1,1
2021-12-17 16:01:42.101,17797,17798,17798,2,2
2021-12-17 16:01:42.103,17797,17798,17798,2,2
2021-12-17 16:01:42.103,17797,17798,17798,1,1
2021-12-17 16:01:42.103,17797,17798,17798,1,1
2021-12-17 16:01:42.103,17797,17798,17798,13,13
2021-12-17 16:01:42.104,17797,17798,17799,2,2
2021-12-17 16:01:42.116,17797,17798,17799,4,4
2021-12-17 16:01:42.123,17797,17798,17799,2,2
2021-12-17 16:01:42.126,17797,17798,17799,2,2
2021-12-17 16:01:42.137,17797,17798,17799,1,1
2021-12-17 16:01:42.141,17797,17798,17799,1,1
2021-12-17 16:01:42.157,17798,17799,17799,2,2
2021-12-17 16:01:42.167,17798,17799,17799,2,2
2021-12-17 16:01:42.180,17798,17799,17799,1,1
2021-12-17 16:01:42.188,17798,17799,17799,2,2
2021-12-17 16:01:42.189,17798,17799,17799,2,2
2021-12-17 16:01:42.191,17798,17799,17799,2,2
2021-12-17 16:01:42.195,17798,17799,17799,1,1
2021-12-17 16:01:42.198,17798,17799,17799,4,4
2021-12-17 16:01:42.199,17798,17799,17799,1,1
2021-12-17 16:01:42.199,17798,17799,17799,2,2
2021-12-17 16:01:42.199,17798,17799,17799,1,1
2021-12-17 16:01:42.204,17798,17799,17800,2,2
2021-12-17 16:01:42.209,17798,17799,17800,8,8
2021-12-17 16:01:42.210,17798,17799,17800,1,1
2021-12-17 16:01:42.211,17798,17799,17800,1,1
2021-12-17 16:01:42.211,17798,17799,17800,1,1
2021-12-17 16:01:42.212,17798,17799,17800,2,2
2021-12-17 16:01:42.224,17798,17799,17800,1,1
2021-12-17 16:01:42.228,17798,17799,17800,1,1
2021-12-17 16:01:42.232,17798,17799,17800,1,1
2021-12-17 16:01:42.232,17798,17799,17800,1,1
2021-12-17 16:01:42.234,17798,17799,17800,1,1
2021-12-17 16:01:42.235,17798,17799,17800,2,2
2021-12-17 16:01:42.236,17798,17799,17800,1,1
2021-12-17 16:01:42.240,17798,17799,17800,1,1
2021-12-17 16:01:42.242,17798,17799,17800,1,1
2021-12-17 16:01:42.249,17798,17799,17800,1,1
2021-12-17 16:01:42.253,17798,17799,17800,1,1
2021-12-17 16:01:42.254,17798,17799,17800,1,1
2021-12-17 16:01:42.260,17798,17799,17800,1,1
2021-12-17 16:01:42.263,17798,17799,17800,2,2
2021-12-17 16:01:42.264,17798,17799,17800,1,1
2021-12-17 16:01:42.266,17798,17799,17800,2,2
2021-12-17 16:01:42.266,17798,17799,17800,10,10
2021-12-17 16:01:42.266,17798,17799,17800,8,8
2021-12-17 16:01:42.267,17798,17799,17800,3,3
2021-12-17 16:01:42.267,17798,17799,17801,1,1
2021-12-17 16:01:42.267,17798,17799,17801,1,1
2021-12-17 16:01:42.267,17798,17799,17801,1,1
2021-12-17 16:01:42.267,17798,17799,17801,2,2
2021-12-17 16:01:42.267,17798,17799,17801,1,1
2021-12-17 16:01:42.268,17798,17799,17801,1,1
2021-12-17 16:01:42.268,17798,17799,17801,1,1
2021-12-17 16:01:42.268,17798,17799,17801,1,1
2021-12-17 16:01:42.268,17798,17799,17801,2,2
2021-12-17 16:01:42.268,17798,17799,17801,1,1
2021-12-17 16:01:42.268,17798,17799,17801,1,1
2021-12-17 16:01:42.289,17800,17802,17802,1,1
2021-12-17 16:01:42.291,17800,17802,17802,1,1
2021-12-17 16:01:42.294,17800,17802,17802,1,1
2021-12-17 16:01:42.294,17800,17802,17802,1,1
2021-12-17 16:01:42.297,17800,17802,17802,2,2
2021-12-17 16:01:42.297,17800,17802,17802,6,6
2021-12-17 16:01:42.302,17800,17802,17803,1,1
2021-12-17 16:01:42.302,17800,17802,17803,1,1
2021-12-17 16:01:42.306,17800,17802,17803,3,3
2021-12-17 16:01:42.308,17800,17802,17803,1,1
2021-12-17 16:01:42.315,17800,17802,17803,2,2
2021-12-17 16:01:42.316,17800,17802,17804,1,1
2021-12-17 16:01:42.319,17800,17802,17804,1,1
2021-12-17 16:01:42.321,17800,17802,17804,3,3
2021-12-17 16:01:42.322,17800,17802,17804,12,12
2021-12-17 16:01:42.322,17800,17802,17804,1,1
2021-12-17 16:01:42.322,17800,17802,17804,1,1
2021-12-17 16:01:42.323,17800,17802,17804,1,1
2021-12-17 16:01:42.331,17800,17802,17804,1,1
2021-12-17 16:01:42.331,17800,17802,17805,5,5
2021-12-17 16:01:42.346,17800,17802,17805,9,9
2021-12-17 16:01:42.347,17800,17802,17805,1,1
2021-12-17 16:01:42.347,17800,17802,17805,1,1
2021-12-17 16:01:42.347,17800,17802,17805,1,1
2021-12-17 16:01:42.352,17800,17802,17805,2,2
2021-12-17 16:01:42.372,17800,17802,17805,1,1
2021-12-17 16:01:42.374,17800,17802,17805,1,1
2021-12-17 16:01:42.375,17800,17802,17805,2,2
2021-12-17 16:01:42.376,17800,17802,17805,1,1
2021-12-17 16:01:42.376,17800,17802,17805,1,1
2021-12-17 16:01:42.381,17800,17802,17805,1,1
2021-12-17 16:01:42.384,17800,17802,17805,1,1
2021-12-17 16:01:42.388,17800,17802,17805,4,4
2021-12-17 16:01:42.389,17800,17802,17805,1,1
2021-12-17 16:01:42.391,17800,17802,17806,1,1
2021-12-17 16:01:42.391,17800,17802,17806,1,1
2021-12-17 16:01:42.392,17800,17802,17806,2,2
2021-12-17 16:01:42.392,17800,17802,17806,2,2
2021-12-17 16:01:42.393,17800,17802,17806,1,1
2021-12-17 16:01:42.397,17804,17806,17806,1,1
2021-12-17 16:01:42.406,17804,17806,17806,1,1
2021-12-17 16:01:42.410,17804,17806,17806,1,1
2021-12-17 16:01:42.425,17804,17806,17806,1,1
2021-12-17 16:01:42.427,17804,17806,17806,2,2
2021-12-17 16:01:42.431,17804,17806,17806,1,1
2021-12-17 16:01:42.440,17804,17806,17806,1,1
2021-12-17 16:01:42.453,17804,17806,17806,1,1
2021-12-17 16:01:42.457,17804,17806,17806,1,1
2021-12-17 16:01:42.462,17804,17806,17805,2,2
2021-12-17 16:01:42.464,17804,17806,17806,4,4
2021-12-17 16:01:42.480,17804,17806,17806,1,1
2021-12-17 16:01:42.482,17804,17806,17806,1,1
2021-12-17 16:01:42.484,17804,17806,17806,3,3
2021-12-17 16:01:42.491,17804,17806,17805,1,1
2021-12-17 16:01:42.498,17804,17806,17805,4,4
2021-12-17 16:01:42.498,17804,17806,17806,1,1
2021-12-17 16:01:42.499,17804,17806,17806,1,1
2021-12-17 16:01:42.502,17804,17806,17806,1,1
2021-12-17 16:01:42.516,17804,17806,17806,1,1
2021-12-17 16:01:42.527,17804,17806,17806,1,1
2021-12-17 16:01:42.548,17804,17806,17804,1,-1
2021-12-17 16:01:42.556,17804,17806,17804,1,-1
2021-12-17 16:01:42.561,17804,17806,17805,1,1
2021-12-17 16:01:42.566,17804,17806,17805,1,1
2021-12-17 16:01:42.584,17804,17806,17805,1,1
2021-12-17 16:01:42.586,17804,17806,17803,1,-1
2021-12-17 16:01:42.587,17804,17806,17805,1,1
2021-12-17 16:01:42.588,17804,17806,17805,1,1
2021-12-17 16:01:42.593,17804,17806,17805,2,2
2021-12-17 16:01:42.593,17804,17806,17805,1,1
2021-12-17 16:01:42.593,17804,17806,17806,1,1
2021-12-17 16:01:42.598,17804,17806,17804,1,-1
2021-12-17 16:01:42.598,17804,17806,17803,1,-1
2021-12-17 16:01:42.599,17804,17806,17805,1,1
2021-12-17 16:01:42.619,17804,17806,17805,1,1
2021-12-17 16:01:42.620,17804,17806,17805,1,1
2021-12-17 16:01:42.620,17804,17806,17806,1,1
2021-12-17 16:01:42.620,17804,17806,17806,1,1
2021-12-17 16:01:42.621,17804,17806,17806,2,2
2021-12-17 16:01:42.624,17804,17806,17806,1,1
2021-12-17 16:01:42.658,17804,17806,17805,2,2
2021-12-17 16:01:42.659,17804,17806,17805,1,1
2021-12-17 16:01:42.659,17804,17806,17806,3,3
2021-12-17 16:01:42.660,17804,17806,17806,1,1
2021-12-17 16:01:42.666,17804,17806,17806,1,1
2021-12-17 16:01:42.668,17804,17806,17806,1,1
2021-12-17 16:01:42.675,17804,17806,17806,1,1
2021-12-17 16:01:42.698,17804,17806,17806,2,2
2021-12-17 16:01:42.707,17804,17806,17806,1,1
2021-12-17 16:01:42.715,17804,17806,17806,1,1
2021-12-17 16:01:42.715,17804,17806,17807,1,1
2021-12-17 16:01:42.722,17804,17806,17806,1,1
2021-12-17 16:01:42.729,17804,17806,17806,1,1
2021-12-17 16:01:42.729,17804,17806,17807,3,3
2021-12-17 16:01:42.734,17804,17806,17807,1,1
2021-12-17 16:01:42.734,17804,17806,17807,1,1
2021-12-17 16:01:42.735,17804,17806,17807,1,1
2021-12-17 16:01:42.736,17804,17806,17807,1,1
2021-12-17 16:01:42.759,17804,17806,17807,2,2
2021-12-17 16:01:42.759,17804,17806,17807,1,1
2021-12-17 16:01:42.766,17804,17806,17807,1,1
2021-12-17 16:01:42.767,17804,17806,17807,1,1
2021-12-17 16:01:42.770,17804,17806,17807,1,1
2021-12-17 16:01:42.776,17806,17807,17807,4,4
2021-12-17 16:01:42.797,17806,17807,17806,1,-1
2021-12-17 16:01:42.799,17806,17807,17807,1,1
2021-12-17 16:01:42.819,17806,17807,17807,1,1
2021-12-17 16:01:42.836,17806,17807,17807,1,1
2021-12-17 16:01:42.842,17806,17807,17807,1,1
2021-12-17 16:01:42.880,17806,17807,17807,2,2
2021-12-17 16:01:42.888,17806,17807,17807,1,1
2021-12-17 16:01:42.916,17806,17807,17807,1,1
2021-12-17 16:01:42.918,17806,17807,17806,2,-2
2021-12-17 16:01:42.918,17806,17807,17805,3,-3
2021-12-17 16:01:42.920,17806,17807,17805,1,-1
2021-12-17 16:01:42.950,17806,17807,17804,1,-1
2021-12-17 16:01:42.950,17806,17807,17805,2,-2
2021-12-17 16:01:42.971,17806,17807,17805,1,-1
2021-12-17 16:01:43.002,17806,17807,17806,4,-4
2021-12-17 16:01:43.008,17806,17807,17806,2,-2
2021-12-17 16:01:43.037,17804,17806,17806,1,1
2021-12-17 16:01:43.068,17804,17806,17806,1,1
2021-12-17 16:01:43.068,17804,17806,17806,1,1
2021-12-17 16:01:43.068,17804,17806,17806,1,1
2021-12-17 16:01:43.068,17804,17806,17807,2,2
2021-12-17 16:01:43.068,17804,17806,17807,1,1
2021-12-17 16:01:43.068,17804,17806,17807,1,1
2021-12-17 16:01:43.068,17804,17806,17807,1,1
2021-12-17 16:01:43.068,17804,17806,17807,1,1
2021-12-17 16:01:43.068,17804,17806,17807,1,1
2021-12-17 16:01:43.068,17804,17806,17807,1,1
2021-12-17 16:01:43.068,17804,17806,17807,1,1
2021-12-17 16:01:43.068,17804,17806,17807,1,1
2021-12-17 16:01:43.077,17804,17806,17804,1,-1
2021-12-17 16:01:43.095,17804,17806,17806,1,1
2021-12-17 16:01:43.098,17804,17806,17806,2,2
2021-12-17 16:01:43.129,17804,17806,17806,1,1
2021-12-17 16:01:43.132,17804,17806,17806,2,2
2021-12-17 16:01:43.139,17804,17806,17806,1,1
2021-12-17 16:01:43.159,17804,17806,17806,1,1
2021-12-17 16:01:43.197,17804,17806,17806,1,1
2021-12-17 16:01:43.197,17804,17806,17806,1,1
2021-12-17 16:01:43.197,17804,17806,17806,1,1
2021-12-17 16:01:43.197,17804,17806,17807,1,1
2021-12-17 16:01:43.218,17804,17806,17804,1,-1
2021-12-17 16:01:43.298,17804,17806,17806,1,1
2021-12-17 16:01:43.308,17804,17806,17806,1,1
2021-12-17 16:01:43.327,17804,17806,17806,1,1
2021-12-17 16:01:43.329,17804,17806,17806,1,1
2021-12-17 16:01:43.552,17804,17806,17806,1,1
2021-12-17 16:01:43.552,17804,17806,17804,3,-3
2021-12-17 16:01:43.552,17804,17806,17804,1,-1
2021-12-17 16:01:43.553,17804,17806,17804,1,-1
2021-12-17 16:01:43.712,17803,17805,17805,1,1
2021-12-17 16:01:43.789,17803,17805,17805,1,1
2021-12-17 16:01:43.791,17803,17805,17805,1,1
2021-12-17 16:01:43.833,17803,17805,17806,1,1
2021-12-17 16:01:43.904,17804,17806,17805,3,3
2021-12-17 16:01:43.926,17804,17806,17806,1,1
2021-12-17 16:01:43.973,17804,17806,17804,1,-1
2021-12-17 16:01:44.068,17804,17805,17805,1,1
2021-12-17 16:01:44.068,17804,17805,17805,1,1
2021-12-17 16:01:44.068,17804,17805,17806,1,1
2021-12-17 16:01:44.212,17804,17806,17806,1,1
2021-12-17 16:01:44.245,17804,17806,17806,2,2
2021-12-17 16:01:44.399,17804,17806,17806,1,1
2021-12-17 16:01:44.402,17804,17806,17806,1,1
2021-12-17 16:01:44.407,17804,17806,17807,1,1
2021-12-17 16:01:44.711,17805,17807,17807,1,1
2021-12-17 16:01:44.711,17805,17807,17807,1,1
2021-12-17 16:01:44.795,17805,17807,17807,1,1
2021-12-17 16:01:44.800,17805,17807,17807,1,1
2021-12-17 16:01:44.820,17805,17807,17806,1,1
2021-12-17 16:01:44.835,17805,17807,17807,1,1
2021-12-17 16:01:44.838,17805,17807,17807,1,1
2021-12-17 16:01:44.869,17805,17807,17807,1,1
2021-12-17 16:01:44.869,17805,17807,17807,1,1
2021-12-17 16:01:44.986,17805,17807,17807,1,1
2021-12-17 16:01:44.986,17805,17807,17807,1,1
2021-12-17 16:01:45.075,17805,17807,17807,1,1
2021-12-17 16:01:45.274,17805,17807,17807,1,1
2021-12-17 16:01:45.608,17805,17807,17806,1,1
2021-12-17 16:01:45.978,17805,17807,17807,1,1
2021-12-17 16:01:46.020,17805,17807,17807,1,1
2021-12-17 16:01:47.033,17805,17807,17806,1,1
2021-12-17 16:01:47.303,17805,17807,17805,1,-1
2021-12-17 16:01:47.660,17805,17807,17805,1,-1
2021-12-17 16:01:48.908,17805,17806,17806,1,1
2021-12-17 16:01:49.314,17805,17807,17807,1,1
2021-12-17 16:01:49.361,17805,17807,17807,1,1
2021-12-17 16:01:49.781,17805,17807,17805,1,-1
2021-12-17 16:01:50.880,17805,17806,17805,1,-1
2021-12-17 16:01:51.813,17805,17807,17805,1,-1
2021-12-17 16:01:52.307,17806,17808,17806,1,-1
2021-12-17 16:01:52.308,17806,17808,17805,1,-1
2021-12-17 16:01:53.000,17806,17807,17807,1,1
2021-12-17 16:01:53.470,17806,17808,17808,2,2
2021-12-17 16:01:54.963,17806,17807,17806,1,-1
2021-12-17 16:01:55.153,17806,17807,17806,1,-1
2021-12-17 16:02:00.293,17805,17806,17806,1,1
2021-12-17 16:02:01.340,17806,17807,17806,1,-1
2021-12-17 16:02:01.398,17806,17807,17807,1,1
2021-12-17 16:02:01.735,17806,17807,17806,1,-1
2021-12-17 16:02:01.921,17806,17807,17807,1,1
2021-12-17 16:02:02.077,17806,17807,17806,1,-1
2021-12-17 16:02:02.224,17806,17807,17806,2,-2
2021-12-17 16:02:04.506,17805,17806,17806,1,1
2021-12-17 16:02:04.717,17805,17806,17806,2,2
2021-12-17 16:02:07.248,17806,17807,17806,1,-1
2021-12-17 16:02:09.243,17806,17807,17807,1,1
2021-12-17 16:02:09.274,17806,17807,17807,1,1
2021-12-17 16:02:09.274,17806,17807,17807,1,1
2021-12-17 16:02:09.275,17806,17807,17807,1,1
2021-12-17 16:02:09.275,17806,17807,17807,1,1
2021-12-17 16:02:09.275,17806,17807,17807,1,1
2021-12-17 16:02:09.276,17806,17807,17807,1,1
2021-12-17 16:02:09.276,17806,17807,17808,1,1
2021-12-17 16:02:09.473,17807,17808,17807,1,-1
2021-12-17 16:02:09.473,17807,17808,17806,3,-3
2021-12-17 16:02:11.167,17806,17807,17806,1,-1
2021-12-17 16:02:11.336,17806,17807,17806,1,-1
2021-12-17 16:02:12.759,17806,17807,17806,1,-1
2021-12-17 16:02:12.908,17805,17807,17805,1,-1
2021-12-17 16:02:13.170,17805,17807,17807,2,2
2021-12-17 16:02:13.170,17805,17807,17808,3,3
2021-12-17 16:02:13.324,17806,17808,17808,1,1
2021-12-17 16:02:14.323,17807,17808,17807,1,-1
2021-12-17 16:02:16.450,17807,17808,17807,1,-1
2021-12-17 16:02:18.878,17807,17808,17807,3,-3
2021-12-17 16:02:18.899,17806,17807,17807,1,1
2021-12-17 16:02:18.900,17806,17807,17807,1,1
2021-12-17 16:02:18.901,17806,17807,17808,1,1
2021-12-17 16:02:18.901,17806,17807,17808,1,1
2021-12-17 16:02:20.824,17807,17808,17807,1,-1
2021-12-17 16:02:22.099,17806,17807,17807,1,1
2021-12-17 16:02:22.100,17806,17807,17807,1,1
2021-12-17 16:02:24.327,17806,17807,17807,1,1
2021-12-17 16:02:28.019,17806,17807,17806,1,-1
2021-12-17 16:02:28.441,17805,17807,17807,1,1
2021-12-17 16:02:29.009,17805,17806,17805,2,-2
2021-12-17 16:02:29.025,17805,17806,17806,1,1
2021-12-17 16:02:29.025,17805,17806,17806,1,1
2021-12-17 16:02:30.983,17805,17806,17806,5,5
2021-12-17 16:02:32.070,17805,17806,17805,1,-1
2021-12-17 16:02:32.493,17805,17806,17805,3,-3
2021-12-17 16:02:32.781,17805,17806,17805,2,-2
2021-12-17 16:02:33.112,17805,17806,17805,1,-1
2021-12-17 16:02:34.328,17804,17806,17806,3,3
2021-12-17 16:02:35.895,17805,17806,17805,1,-1
2021-12-17 16:02:38.228,17805,17806,17805,1,-1
2021-12-17 16:02:39.421,17804,17805,17805,1,1
2021-12-17 16:02:39.421,17804,17805,17805,1,1
2021-12-17 16:02:39.524,17804,17806,17806,1,1
2021-12-17 16:02:39.524,17804,17806,17806,1,1
2021-12-17 16:02:39.525,17804,17806,17806,1,1
2021-12-17 16:02:39.684,17804,17806,17806,1,1
2021-12-17 16:02:41.314,17804,17806,17806,3,3
2021-12-17 16:02:41.314,17804,17806,17807,2,2
2021-12-17 16:02:42.361,17804,17806,17806,1,1
2021-12-17 16:02:42.362,17804,17806,17806,1,1
2021-12-17 16:02:47.856,17805,17806,17806,1,1
2021-12-17 16:02:48.139,17805,17806,17805,2,-2
2021-12-17 16:02:48.149,17805,17806,17806,1,1
2021-12-17 16:02:48.151,17805,17806,17807,1,1
2021-12-17 16:02:48.178,17805,17806,17805,1,-1
2021-12-17 16:02:50.525,17805,17806,17806,1,1
2021-12-17 16:02:51.015,17804,17806,17804,3,-3
2021-12-17 16:02:58.310,17805,17806,17805,1,-1
2021-12-17 16:02:58.644,17805,17806,17806,1,1
2021-12-17 16:02:59.175,17805,17806,17805,1,-1
2021-12-17 16:02:59.192,17805,17806,17806,2,2
2021-12-17 16:02:59.900,17806,17807,17807,4,4
2021-12-17 16:03:00.858,17806,17807,17806,1,-1
2021-12-17 16:03:00.960,17806,17807,17807,4,4
2021-12-17 16:03:01.452,17806,17807,17806,1,-1
2021-12-17 16:03:01.626,17805,17807,17806,1,1
2021-12-17 16:03:02.046,17805,17807,17807,1,1
2021-12-17 16:03:03.229,17805,17807,17805,2,-2
2021-12-17 16:03:04.206,17805,17806,17805,1,-1
2021-12-17 16:03:04.374,17804,17806,17805,1,1
2021-12-17 16:03:04.429,17804,17806,17805,2,2
2021-12-17 16:03:04.581,17804,17806,17806,1,1
2021-12-17 16:03:05.611,17805,17807,17805,3,-3
2021-12-17 16:03:05.778,17805,17806,17805,1,-1
2021-12-17 16:03:06.289,17804,17805,17804,1,-1
2021-12-17 16:03:06.887,17804,17805,17804,1,-1
2021-12-17 16:03:06.966,17804,17805,17804,1,-1
2021-12-17 16:03:07.353,17803,17805,17805,1,1
2021-12-17 16:03:08.504,17803,17806,17806,1,1
2021-12-17 16:03:18.090,17804,17806,17805,1,1
2021-12-17 16:03:20.757,17804,17805,17805,1,1
2021-12-17 16:03:22.864,17805,17806,17806,3,3
2021-12-17 16:03:23.562,17805,17806,17805,1,-1
2021-12-17 16:03:27.406,17805,17806,17805,1,-1
2021-12-17 16:03:27.406,17805,17806,17805,1,-1
2021-12-17 16:03:36.388,17805,17806,17805,1,-1
2021-12-17 16:03:36.388,17805,17806,17805,2,-2
2021-12-17 16:03:36.394,17805,17806,17805,3,-3
2021-12-17 16:03:38.936,17804,17805,17804,5,-5
2021-12-17 16:03:40.102,17803,17804,17803,4,-4
2021-12-17 16:03:40.120,17803,17804,17802,1,-1
2021-12-17 16:03:40.354,17802,17803,17802,1,-1
2021-12-17 16:03:40.826,17802,17803,17802,1,-1
2021-12-17 16:03:43.198,17801,17802,17802,1,1
2021-12-17 16:03:44.217,17801,17802,17802,2,2
2021-12-17 16:03:45.536,17802,17803,17803,3,3
2021-12-17 16:03:47.332,17802,17803,17802,1,-1
2021-12-17 16:03:47.580,17801,17803,17801,1,-1
2021-12-17 16:03:47.584,17801,17803,17801,1,-1
2021-12-17 16:03:49.231,17801,17803,17803,1,1
2021-12-17 16:03:50.053,17801,17804,17802,1,-1
2021-12-17 16:04:01.762,17801,17802,17802,1,1
2021-12-17 16:04:02.788,17801,17802,17801,1,-1
2021-12-17 16:04:07.873,17801,17802,17801,2,-2
2021-12-17 16:04:08.377,17801,17802,17801,3,-3
2021-12-17 16:04:08.480,17801,17802,17801,1,-1
2021-12-17 16:04:08.481,17801,17802,17800,1,-1
2021-12-17 16:04:09.018,17800,17801,17800,4,-4
2021-12-17 16:04:09.077,17800,17801,17800,2,-2
2021-12-17 16:04:09.217,17800,17801,17800,1,-1
2021-12-17 16:04:09.234,17800,17801,17801,1,1
2021-12-17 16:04:09.905,17800,17801,17801,3,3
2021-12-17 16:04:11.196,17800,17801,17801,2,2
2021-12-17 16:04:11.637,17800,17802,17800,2,-2
2021-12-17 16:04:11.693,17800,17802,17800,1,-1
2021-12-17 16:04:11.947,17800,17802,17802,2,2
2021-12-17 16:04:12.919,17800,17802,17801,1,1
2021-12-17 16:04:15.973,17801,17802,17802,1,1
2021-12-17 16:04:15.973,17801,17802,17802,1,1
2021-12-17 16:04:19.981,17801,17803,17802,2,2
2021-12-17 16:04:20.232,17802,17803,17802,1,-1
2021-12-17 16:04:23.125,17801,17802,17800,1,-1
2021-12-17 16:04:23.373,17800,17802,17800,8,-8
2021-12-17 16:04:23.407,17799,17801,17800,2,2
2021-12-17 16:04:23.733,17800,17802,17800,4,-4
2021-12-17 16:04:23.990,17800,17802,17800,1,-1
2021-12-17 16:04:27.257,17801,17802,17802,1,1
2021-12-17 16:04:28.745,17802,17803,17802,2,-2
2021-12-17 16:04:28.745,17802,17803,17801,8,-8
2021-12-17 16:04:31.582,17801,17802,17801,1,-1
2021-12-17 16:04:32.759,17801,17802,17802,1,1
2021-12-17 16:04:37.314,17801,17802,17802,2,2
2021-12-17 16:04:37.314,17801,17802,17802,1,1
2021-12-17 16:04:37.314,17801,17802,17802,1,1
2021-12-17 16:04:37.683,17802,17803,17802,1,-1
2021-12-17 16:04:42.512,17801,17802,17801,2,-2
2021-12-17 16:04:46.155,17801,17802,17801,5,-5
2021-12-17 16:04:46.708,17800,17801,17801,1,1
2021-12-17 16:04:49.373,17800,17801,17800,1,-1
2021-12-17 16:04:49.373,17800,17801,17800,1,-1
2021-12-17 16:04:51.290,17799,17801,17801,1,1
2021-12-17 16:04:51.340,17799,17801,17801,1,1
2021-12-17 16:04:51.341,17799,17801,17800,1,1
2021-12-17 16:04:51.796,17800,17801,17801,1,1
2021-12-17 16:04:53.085,17801,17802,17802,1,1
2021-12-17 16:04:53.086,17801,17802,17802,5,5
2021-12-17 16:04:53.086,17801,17802,17802,1,1
2021-12-17 16:04:58.230,17801,17803,17801,2,-2
2021-12-17 16:05:01.159,17800,17802,17801,1,1
2021-12-17 16:05:01.276,17801,17802,17802,1,1
2021-12-17 16:05:02.195,17801,17802,17801,1,-1
2021-12-17 16:05:05.279,17801,17802,17801,1,-1
2021-12-17 16:05:05.280,17801,17802,17800,1,-1
2021-12-17 16:05:08.485,17801,17802,17802,1,1
2021-12-17 16:05:09.618,17800,17802,17802,1,1
2021-12-17 16:05:09.649,17800,17802,17802,1,1
2021-12-17 16:05:12.498,17802,17803,17802,1,-1
2021-12-17 16:05:12.841,17802,17803,17803,5,5
2021-12-17 16:05:12.842,17802,17803,17803,5,5
2021-12-17 16:05:17.224,17802,17804,17804,1,1
2021-12-17 16:05:18.123,17802,17804,17804,3,3
2021-12-17 16:05:18.149,17802,17804,17804,1,1
2021-12-17 16:05:18.149,17802,17804,17804,1,1
2021-12-17 16:05:18.325,17803,17804,17803,2,-2
2021-12-17 16:05:18.325,17803,17804,17802,1,-1
2021-12-17 16:05:18.369,17803,17804,17804,1,1
2021-12-17 16:05:18.374,17803,17804,17804,1,1
2021-12-17 16:05:19.247,17802,17803,17803,1,1
2021-12-17 16:05:19.247,17802,17803,17805,1,1
2021-12-17 16:05:44.554,17803,17804,17804,2,2
2021-12-17 16:05:49.445,17803,17804,17803,1,-1
2021-12-17 16:05:49.524,17803,17804,17804,1,1
2021-12-17 16:05:49.524,17803,17804,17804,1,1
2021-12-17 16:05:49.525,17803,17804,17804,1,1
2021-12-17 16:05:49.525,17803,17804,17804,1,1
2021-12-17 16:05:50.178,17803,17804,17804,1,1
2021-12-17 16:05:50.178,17803,17804,17805,1,1
2021-12-17 16:05:55.210,17803,17804,17804,3,3
2021-12-17 16:05:55.467,17803,17804,17803,3,-3
2021-12-17 16:05:55.936,17802,17804,17804,4,4
2021-12-17 16:05:59.998,17802,17803,17802,1,-1
2021-12-17 16:06:01.795,17802,17803,17802,1,-1
2021-12-17 16:06:02.369,17802,17804,17804,1,1
2021-12-17 16:06:02.686,17802,17804,17804,1,1
2021-12-17 16:06:02.691,17802,17804,17804,1,1
2021-12-17 16:06:03.110,17802,17804,17804,1,1
2021-12-17 16:06:04.218,17802,17803,17803,1,1
2021-12-17 16:06:04.359,17803,17804,17803,1,-1
2021-12-17 16:06:08.710,17803,17804,17803,1,-1
2021-12-17 16:06:10.536,17803,17804,17803,1,-1
2021-12-17 16:06:12.857,17802,17803,17802,1,-1
2021-12-17 16:06:14.141,17802,17803,17802,1,-1
2021-12-17 16:06:17.572,17802,17803,17803,3,3
2021-12-17 16:06:17.868,17802,17804,17802,1,-1
2021-12-17 16:06:23.574,17802,17803,17802,1,-1
2021-12-17 16:06:27.486,17802,17803,17802,1,-1
2021-12-17 16:06:28.286,17802,17803,17803,2,2
2021-12-17 16:06:28.286,17802,17803,17804,1,1
2021-12-17 16:06:29.434,17802,17804,17803,1,1
2021-12-17 16:06:31.555,17802,17803,17803,1,1
2021-12-17 16:06:31.555,17802,17803,17803,1,1
2021-12-17 16:06:34.627,17803,17804,17803,1,-1
2021-12-17 16:06:34.638,17803,17804,17803,1,-1
2021-12-17 16:06:36.468,17802,17803,17803,1,1
2021-12-17 16:06:39.798,17802,17803,17803,1,1
2021-12-17 16:06:41.269,17802,17803,17803,1,1
2021-12-17 16:06:45.920,17802,17803,17802,1,-1
2021-12-17 16:06:49.792,17802,17803,17803,1,1
2021-12-17 16:07:00.001,17803,17804,17804,1,1
2021-12-17 16:07:00.304,17803,17804,17803,1,-1
2021-12-17 16:07:00.739,17803,17804,17803,1,-1
2021-12-17 16:07:02.903,17803,17804,17803,1,-1
2021-12-17 16:07:04.271,17803,17804,17803,1,-1
2021-12-17 16:07:04.282,17803,17804,17803,1,-1
2021-12-17 16:07:04.283,17803,17804,17803,1,-1
2021-12-17 16:07:04.569,17803,17804,17803,1,-1
2021-12-17 16:07:05.178,17803,17804,17803,1,-1
2021-12-17 16:07:05.956,17802,17803,17803,1,1
2021-12-17 16:07:08.983,17802,17803,17803,1,1
2021-12-17 16:07:08.984,17802,17803,17803,1,1
2021-12-17 16:07:09.123,17802,17803,17803,1,1
2021-12-17 16:07:12.469,17802,17803,17803,1,1
2021-12-17 16:07:12.524,17803,17804,17803,1,-1
2021-12-17 16:07:14.678,17802,17803,17802,1,-1
2021-12-17 16:07:20.154,17802,17803,17802,1,-1
2021-12-17 16:07:20.154,17802,17803,17802,2,-2
2021-12-17 16:07:20.154,17802,17803,17802,1,-1
2021-12-17 16:07:20.154,17802,17803,17802,15,-15
2021-12-17 16:07:22.456,17801,17802,17802,1,1
2021-12-17 16:07:25.598,17801,17802,17801,1,-1
2021-12-17 16:07:26.858,17801,17802,17802,2,2
2021-12-17 16:07:32.325,17801,17802,17802,1,1
2021-12-17 16:07:35.494,17801,17802,17802,1,1
2021-12-17 16:07:35.494,17801,17802,17802,1,1
2021-12-17 16:07:41.895,17802,17803,17803,1,1
2021-12-17 16:07:41.895,17802,17803,17803,1,1
2021-12-17 16:07:41.896,17802,17803,17803,2,2
2021-12-17 16:07:43.821,17803,17804,17804,2,2
2021-12-17 16:07:45.970,17803,17804,17803,1,-1
2021-12-17 16:07:55.451,17802,17803,17803,1,1
2021-12-17 16:08:05.118,17802,17803,17803,1,1
2021-12-17 16:08:08.836,17802,17803,17802,1,-1
2021-12-17 16:08:09.056,17802,17803,17802,1,-1
2021-12-17 16:08:09.157,17802,17803,17802,2,-2
2021-12-17 16:08:10.490,17802,17803,17802,3,-3
2021-12-17 16:08:14.397,17802,17803,17802,1,-1
2021-12-17 16:08:14.397,17802,17803,17802,1,-1
2021-12-17 16:08:16.562,17801,17803,17803,1,1
2021-12-17 16:08:25.815,17801,17802,17802,1,1
2021-12-17 16:08:31.219,17802,17803,17803,4,4
2021-12-17 16:08:31.818,17802,17803,17803,1,1
2021-12-17 16:08:32.702,17802,17803,17803,1,1
2021-12-17 16:08:36.380,17802,17804,17803,1,1
2021-12-17 16:08:37.210,17803,17804,17803,1,-1
2021-12-17 16:08:37.210,17803,17804,17802,1,-1
2021-12-17 16:08:37.997,17802,17803,17802,1,-1
2021-12-17 16:08:37.997,17802,17803,17801,1,-1
2021-12-17 16:08:40.780,17801,17802,17802,1,1
2021-12-17 16:08:47.971,17801,17802,17802,1,1
2021-12-17 16:08:50.916,17802,17803,17802,1,-1
2021-12-17 16:08:52.533,17801,17802,17802,1,1
2021-12-17 16:08:55.828,17801,17802,17801,12,-12
2021-12-17 16:08:55.828,17801,17802,17801,3,-3
2021-12-17 16:08:55.828,17801,17802,17801,2,-2
2021-12-17 16:08:55.828,17801,17802,17801,1,-1
2021-12-17 16:08:55.828,17801,17802,17801,1,-1
2021-12-17 16:08:55.828,17801,17802,17801,1,-1
2021-12-17 16:08:55.828,17801,17802,17801,2,-2
2021-12-17 16:08:57.991,17800,17801,17801,4,4
2021-12-17 16:08:57.991,17800,17801,17800,6,-6
2021-12-17 16:09:08.482,17800,17801,17800,1,-1
2021-12-17 16:09:14.922,17800,17801,17800,4,-4
2021-12-17 16:09:14.922,17800,17801,17799,1,-1
2021-12-17 16:09:15.024,17800,17801,17801,1,1
2021-12-17 16:09:15.025,17800,17801,17801,1,1
2021-12-17 16:09:15.025,17800,17801,17801,1,1
2021-12-17 16:09:18.231,17800,17801,17801,1,1
2021-12-17 16:09:18.231,17800,17801,17801,1,1
2021-12-17 16:09:23.480,17801,17802,17801,1,-1
2021-12-17 16:09:23.525,17801,17802,17802,1,1
2021-12-17 16:09:23.579,17801,17802,17802,3,3
2021-12-17 16:09:23.579,17801,17802,17802,1,1
2021-12-17 16:09:23.580,17801,17802,17802,1,1
2021-12-17 16:09:32.311,17800,17802,17802,4,4
2021-12-17 16:09:35.852,17801,17802,17801,1,-1
2021-12-17 16:09:35.853,17801,17802,17800,1,-1
2021-12-17 16:09:35.900,17800,17801,17801,1,1
2021-12-17 16:09:35.900,17800,17801,17803,1,1
2021-12-17 16:09:39.832,17800,17802,17800,1,-1
2021-12-17 16:09:42.698,17800,17801,17801,1,1
2021-12-17 16:09:42.774,17800,17801,17801,1,1
2021-12-17 16:09:42.774,17800,17801,17801,1,1
2021-12-17 16:09:44.380,17800,17802,17800,2,-2
2021-12-17 16:10:02.082,17800,17801,17800,1,-1
2021-12-17 16:10:03.231,17800,17801,17801,3,3
2021-12-17 16:10:03.231,17800,17801,17802,1,1
2021-12-17 16:10:03.683,17800,17802,17800,1,-1
2021-12-17 16:10:04.639,17801,17802,17802,1,1
2021-12-17 16:10:04.854,17802,17803,17802,1,-1
2021-12-17 16:10:07.760,17801,17802,17802,1,1
2021-12-17 16:10:08.710,17802,17803,17802,1,-1
2021-12-17 16:10:08.977,17802,17803,17802,1,-1
2021-12-17 16:10:09.489,17802,17803,17803,1,1
2021-12-17 16:10:09.682,17802,17803,17803,5,5
2021-12-17 16:10:10.239,17802,17804,17804,2,2
2021-12-17 16:10:10.279,17802,17804,17804,1,1
2021-12-17 16:10:14.064,17802,17803,17802,1,-1
2021-12-17 16:10:14.625,17801,17803,17803,1,1
2021-12-17 16:10:24.732,17802,17803,17802,1,-1
2021-12-17 16:10:26.945,17801,17802,17801,1,-1
2021-12-17 16:10:28.490,17800,17802,17802,1,1
2021-12-17 16:10:30.104,17801,17802,17801,1,-1
2021-12-17 16:10:35.309,17801,17802,17802,1,1
2021-12-17 16:10:40.147,17801,17802,17802,1,1
2021-12-17 16:10:40.613,17801,17803,17801,6,-6
2021-12-17 16:10:40.613,17801,17803,17801,4,-4
2021-12-17 16:10:41.723,17801,17803,17801,10,-10
2021-12-17 16:10:44.832,17801,17803,17801,8,-8
2021-12-17 16:10:44.833,17801,17803,17801,2,-2
2021-12-17 16:10:53.193,17800,17801,17800,4,-4
2021-12-17 16:10:53.738,17800,17801,17801,1,1
2021-12-17 16:11:00.728,17800,17801,17800,2,-2
2021-12-17 16:11:00.729,17800,17801,17799,1,-1
2021-12-17 16:11:01.139,17799,17800,17800,1,1
2021-12-17 16:11:01.139,17799,17800,17801,1,1
2021-12-17 16:11:01.266,17799,17801,17799,4,-4
2021-12-17 16:11:01.305,17799,17801,17799,2,-2
2021-12-17 16:11:01.437,17799,17800,17799,4,-4
2021-12-17 16:11:01.592,17799,17800,17799,2,-2
2021-12-17 16:11:08.457,17799,17800,17799,1,-1
2021-12-17 16:11:09.973,17799,17800,17800,2,2
2021-12-17 16:11:10.031,17800,17802,17800,1,-1
2021-12-17 16:11:12.355,17800,17801,17800,1,-1
2021-12-17 16:11:12.799,17800,17801,17800,3,-3
2021-12-17 16:11:13.609,17800,17801,17800,1,-1
2021-12-17 16:11:18.447,17801,17802,17802,1,1
2021-12-17 16:11:24.087,17801,17802,17801,6,-6
2021-12-17 16:11:24.632,17800,17802,17800,2,-2
2021-12-17 16:11:26.821,17800,17802,17802,1,1
2021-12-17 16:11:29.501,17799,17801,17801,1,1
2021-12-17 16:11:32.008,17799,17801,17801,2,2
2021-12-17 16:11:33.146,17799,17801,17801,1,1
2021-12-17 16:11:36.242,17799,17800,17799,2,-2
2021-12-17 16:11:36.242,17799,17800,17799,5,-5
2021-12-17 16:11:36.243,17799,17800,17799,5,-5
2021-12-17 16:11:36.700,17798,17799,17799,1,1
2021-12-17 16:11:37.487,17798,17800,17800,4,4
2021-12-17 16:11:37.868,17798,17800,17800,2,2
2021-12-17 16:11:38.078,17798,17800,17800,1,1
2021-12-17 16:11:38.363,17799,17801,17799,2,-2
2021-12-17 16:11:39.359,17799,17800,17799,1,-1
2021-12-17 16:11:40.764,17798,17800,17800,1,1
2021-12-17 16:11:50.701,17798,17799,17799,1,1
2021-12-17 16:11:54.403,17799,17800,17799,1,-1
2021-12-17 16:11:54.403,17799,17800,17799,3,-3
2021-12-17 16:11:54.403,17799,17800,17798,1,-1
2021-12-17 16:11:56.100,17798,17799,17798,1,-1
2021-12-17 16:12:04.237,17798,17799,17798,2,-2
2021-12-17 16:12:07.366,17798,17799,17798,1,-1
2021-12-17 16:12:10.202,17798,17799,17798,1,-1
2021-12-17 16:12:11.648,17798,17799,17798,1,-1
2021-12-17 16:12:13.941,17798,17799,17798,1,-1
2021-12-17 16:12:14.030,17798,17799,17798,16,-16
2021-12-17 16:12:14.031,17798,17799,17797,1,-1
2021-12-17 16:12:14.369,17797,17798,17797,6,-6
2021-12-17 16:12:14.370,17797,17798,17796,1,-1
2021-12-17 16:12:14.425,17796,17798,17796,2,-2
2021-12-17 16:12:16.372,17796,17798,17796,1,-1
2021-12-17 16:12:18.280,17797,17798,17797,1,-1
2021-12-17 16:12:18.281,17797,17798,17797,1,-1
2021-12-17 16:12:19.477,17797,17798,17797,1,-1
2021-12-17 16:12:19.478,17797,17798,17796,1,-1
2021-12-17 16:12:24.110,17796,17797,17796,1,-1
2021-12-17 16:12:27.058,17796,17797,17796,1,-1
2021-12-17 16:12:28.197,17796,17797,17796,1,-1
2021-12-17 16:12:30.084,17796,17797,17796,1,-1
2021-12-17 16:12:30.352,17796,17797,17796,1,-1
2021-12-17 16:12:30.353,17796,17797,17796,2,-2
2021-12-17 16:12:30.353,17796,17797,17796,1,-1
2021-12-17 16:12:32.061,17795,17797,17795,3,-3
2021-12-17 16:12:37.594,17795,17796,17795,1,-1
2021-12-17 16:12:37.619,17795,17796,17795,1,-1
2021-12-17 16:12:37.662,17795,17796,17795,3,-3
2021-12-17 16:12:37.962,17795,17796,17795,3,-3
2021-12-17 16:12:38.077,17795,17796,17795,1,-1
2021-12-17 16:12:39.326,17795,17796,17795,2,-2
2021-12-17 16:12:41.497,17794,17795,17794,1,-1
2021-12-17 16:12:41.551,17794,17795,17794,1,-1
2021-12-17 16:12:41.553,17794,17795,17794,1,-1
2021-12-17 16:12:44.993,17794,17795,17795,1,1
2021-12-17 16:12:45.352,17794,17795,17795,1,1
2021-12-17 16:12:49.824,17794,17795,17795,2,2
2021-12-17 16:12:50.111,17794,17796,17794,4,-4
2021-12-17 16:12:52.085,17794,17795,17795,1,1
2021-12-17 16:12:54.766,17794,17795,17795,1,1
2021-12-17 16:12:56.367,17794,17795,17794,1,-1
2021-12-17 16:12:58.413,17794,17795,17794,4,-4
2021-12-17 16:12:58.414,17794,17795,17793,1,-1
2021-12-17 16:12:59.051,17793,17794,17794,1,1
2021-12-17 16:13:05.249,17793,17794,17793,1,-1
2021-12-17 16:13:05.933,17793,17794,17793,2,-2
2021-12-17 16:13:06.085,17793,17794,17793,3,-3
2021-12-17 16:13:06.486,17792,17793,17792,3,-3
2021-12-17 16:13:06.621,17792,17793,17792,1,-1
2021-12-17 16:13:06.823,17792,17793,17793,1,1
2021-12-17 16:13:06.860,17792,17793,17792,3,-3
2021-12-17 16:13:06.870,17792,17793,17792,2,-2
2021-12-17 16:13:07.977,17792,17793,17792,1,-1
2021-12-17 16:13:10.318,17792,17793,17792,1,-1
2021-12-17 16:13:10.318,17792,17793,17792,1,-1
2021-12-17 16:13:11.399,17792,17793,17792,1,-1
2021-12-17 16:13:12.431,17792,17793,17792,1,-1
2021-12-17 16:13:12.431,17792,17793,17792,1,-1
2021-12-17 16:13:14.410,17792,17793,17792,1,-1
2021-12-17 16:13:15.426,17792,17793,17792,1,-1
2021-12-17 16:13:15.426,17792,17793,17791,2,-2
2021-12-17 16:13:18.034,17792,17793,17792,1,-1
2021-12-17 16:13:18.736,17792,17793,17792,1,-1
2021-12-17 16:13:19.963,17792,17793,17792,2,-2
2021-12-17 16:13:19.963,17792,17793,17791,1,-1
2021-12-17 16:13:20.263,17792,17793,17792,3,-3
2021-12-17 16:13:20.596,17791,17792,17791,1,-1
2021-12-17 16:13:21.478,17791,17792,17792,2,2
2021-12-17 16:13:21.478,17791,17792,17793,3,3
2021-12-17 16:13:31.541,17793,17795,17795,2,2
2021-12-17 16:13:31.704,17794,17795,17795,2,2
2021-12-17 16:13:33.431,17794,17795,17795,1,1
2021-12-17 16:13:34.028,17794,17795,17795,1,1
2021-12-17 16:13:35.909,17794,17796,17794,3,-3
2021-12-17 16:13:36.122,17794,17795,17795,1,1
2021-12-17 16:13:37.170,17794,17795,17795,2,2
2021-12-17 16:13:38.150,17794,17796,17795,1,1
2021-12-17 16:13:41.405,17795,17796,17795,1,-1
2021-12-17 16:13:45.633,17794,17795,17795,1,1
2021-12-17 16:13:46.811,17794,17795,17794,1,-1
2021-12-17 16:13:46.968,17793,17795,17795,2,2
2021-12-17 16:13:50.056,17794,17795,17794,1,-1
2021-12-17 16:13:50.121,17794,17795,17793,1,-1
2021-12-17 16:13:50.426,17793,17795,17794,1,1
2021-12-17 16:13:50.948,17794,17795,17794,1,-1
2021-12-17 16:13:51.046,17794,17795,17794,1,-1
2021-12-17 16:13:51.046,17794,17795,17793,2,-2
2021-12-17 16:13:51.367,17794,17795,17795,1,1
2021-12-17 16:13:51.367,17794,17795,17795,2,2
2021-12-17 16:13:51.716,17795,17796,17795,1,-1
2021-12-17 16:13:52.168,17794,17796,17794,3,-3
2021-12-17 16:13:55.892,17794,17795,17795,1,1
2021-12-17 16:14:00.261,17794,17795,17794,2,-2
2021-12-17 16:14:00.387,17794,17795,17795,1,1
2021-12-17 16:14:01.403,17794,17795,17794,1,-1
2021-12-17 16:14:01.403,17794,17795,17793,1,-1
2021-12-17 16:14:01.743,17793,17795,17793,4,-4
2021-12-17 16:14:01.743,17793,17795,17793,4,-4
2021-12-17 16:14:01.868,17792,17794,17792,4,-4
2021-12-17 16:14:01.989,17792,17794,17792,2,-2
2021-12-17 16:14:01.993,17792,17794,17792,3,-3
2021-12-17 16:14:02.909,17792,17793,17792,3,-3
2021-12-17 16:14:03.072,17791,17793,17791,3,-3
2021-12-17 16:14:03.192,17791,17792,17791,1,-1
2021-12-17 16:14:03.305,17791,17792,17791,5,-5
2021-12-17 16:14:03.372,17791,17792,17791,3,-3
2021-12-17 16:14:06.432,17790,17791,17791,1,1
2021-12-17 16:14:07.842,17790,17791,17791,1,1
2021-12-17 16:14:11.678,17791,17792,17792,1,1
2021-12-17 16:14:14.301,17793,17794,17794,1,1
2021-12-17 16:14:32.965,17793,17794,17793,1,-1
2021-12-17 16:14:37.188,17792,17794,17792,5,-5
2021-12-17 16:14:44.523,17792,17794,17792,3,-3
2021-12-17 16:14:51.069,17793,17794,17794,2,2
2021-12-17 16:15:00.040,17793,17794,17794,1,1
2021-12-17 16:15:00.405,17793,17794,17793,1,-1
2021-12-17 16:15:00.405,17793,17794,17793,4,-4
2021-12-17 16:15:01.466,17792,17793,17792,2,-2
2021-12-17 16:15:01.650,17792,17793,17792,2,-2
2021-12-17 16:15:01.650,17792,17793,17791,1,-1
2021-12-17 16:15:01.828,17791,17793,17791,1,-1
2021-12-17 16:15:03.997,17792,17793,17793,2,2
2021-12-17 16:15:03.997,17792,17793,17794,3,3
2021-12-17 16:15:09.338,17791,17793,17791,1,-1
2021-12-17 16:15:13.589,17791,17792,17791,4,-4
2021-12-17 16:15:13.589,17791,17792,17791,1,-1
2021-12-17 16:15:20.246,17791,17792,17791,1,-1
2021-12-17 16:15:20.993,17791,17792,17791,3,-3
2021-12-17 16:15:30.063,17791,17792,17791,2,-2
2021-12-17 16:15:30.063,17791,17792,17790,1,-1
2021-12-17 16:15:30.063,17791,17792,17790,2,-2
2021-12-17 16:15:30.162,17790,17792,17790,6,-6
2021-12-17 16:15:30.163,17790,17792,17790,1,-1
2021-12-17 16:15:30.178,17790,17792,17790,1,-1
2021-12-17 16:15:32.533,17790,17791,17790,2,-2
2021-12-17 16:15:32.534,17790,17791,17789,1,-1
2021-12-17 16:15:32.919,17789,17791,17789,1,-1
2021-12-17 16:15:43.442,17789,17790,17789,1,-1
2021-12-17 16:15:43.442,17789,17790,17789,1,-1
2021-12-17 16:15:43.563,17788,17790,17790,1,1
2021-12-17 16:15:59.074,17788,17790,17788,2,-2
2021-12-17 16:15:59.149,17788,17790,17790,1,1
2021-12-17 16:15:59.199,17788,17790,17788,2,-2
2021-12-17 16:16:05.989,17789,17790,17789,1,-1
2021-12-17 16:16:08.694,17789,17790,17789,1,-1
2021-12-17 16:16:10.855,17789,17790,17789,1,-1
2021-12-17 16:16:12.625,17789,17790,17790,1,1
2021-12-17 16:16:12.625,17789,17790,17790,1,1
2021-12-17 16:16:12.625,17789,17790,17790,1,1
2021-12-17 16:16:13.602,17790,17791,17790,1,-1
2021-12-17 16:16:14.161,17790,17791,17791,1,1
2021-12-17 16:16:14.161,17790,17791,17791,1,1
2021-12-17 16:16:17.705,17790,17792,17791,1,1
2021-12-17 16:16:17.705,17790,17792,17790,2,-2
2021-12-17 16:16:18.178,17790,17791,17790,1,-1
2021-12-17 16:16:22.110,17790,17791,17791,1,1
2021-12-17 16:16:23.534,17790,17792,17790,1,-1
2021-12-17 16:16:31.756,17790,17791,17790,1,-1
