2019-06-12,15:00:00.046000,10584,10585,10585,63
2019-06-12,15:00:00.371000,10584,10585,10584,7
2019-06-12,15:00:00.426000,10584,10585,10584,5
2019-06-12,15:00:00.729000,10583,10584,10583,1
2019-06-12,15:00:00.780000,10583,10584,10584,2
2019-06-12,15:00:00.949000,10583,10584,10583,1
2019-06-12,15:00:01.189000,10583,10584,10583,1
2019-06-12,15:00:01.324000,10583,10584,10583,1
2019-06-12,15:00:01.449000,10583,10584,10583,1
2019-06-12,15:00:01.449000,10583,10584,10583,1
2019-06-12,15:00:01.632000,10583,10584,10583,1
2019-06-12,15:00:02.929000,10582,10584,10584,6
2019-06-12,15:00:02.933000,10582,10584,10583,1
2019-06-12,15:00:04.063000,10582,10583,10583,2
2019-06-12,15:00:04.065000,10582,10583,10583,2
2019-06-12,15:00:04.074000,10582,10583,10583,2
2019-06-12,15:00:04.662000,10583,10584,10583,2
2019-06-12,15:00:05.757000,10583,10584,10583,2
2019-06-12,15:00:05.941000,10583,10584,10584,5
2019-06-12,15:00:06.807000,10583,10585,10584,1
2019-06-12,15:00:06.807000,10583,10585,10583,1
2019-06-12,15:00:07.225000,10583,10584,10583,2
2019-06-12,15:00:07.265000,10583,10584,10583,5
2019-06-12,15:00:07.320000,10583,10584,10583,5
2019-06-12,15:00:07.328000,10583,10584,10583,5
2019-06-12,15:00:07.395000,10583,10584,10582,1
2019-06-12,15:00:07.461000,10582,10584,10582,2
2019-06-12,15:00:07.492000,10582,10584,10582,4
2019-06-12,15:00:07.938000,10582,10583,10582,2
2019-06-12,15:00:07.950000,10582,10583,10583,1
2019-06-12,15:00:08.099000,10582,10583,10582,1
2019-06-12,15:00:08.156000,10582,10583,10582,2
2019-06-12,15:00:08.268000,10582,10583,10582,1
2019-06-12,15:00:08.307000,10582,10583,10582,1
2019-06-12,15:00:08.598000,10582,10583,10583,2
2019-06-12,15:00:09.577000,10582,10583,10583,2
2019-06-12,15:00:10.402000,10582,10583,10583,3
2019-06-12,15:00:10.402000,10582,10583,10584,2
2019-06-12,15:00:10.542000,10582,10584,10582,2
2019-06-12,15:00:14.929000,10582,10583,10582,8
2019-06-12,15:00:16.878000,10582,10583,10583,1
2019-06-12,15:00:17.373000,10582,10583,10582,1
2019-06-12,15:00:17.639000,10582,10583,10583,1
2019-06-12,15:00:17.875000,10582,10583,10583,2
2019-06-12,15:00:18.044000,10583,10584,10584,1
2019-06-12,15:00:18.529000,10583,10584,10583,1
2019-06-12,15:00:18.551000,10583,10584,10583,1
2019-06-12,15:00:18.676000,10583,10584,10583,1
2019-06-12,15:00:22.383000,10583,10584,10584,1
2019-06-12,15:00:22.520000,10583,10584,10584,1
2019-06-12,15:00:26.957000,10583,10584,10584,1
2019-06-12,15:00:28.974000,10583,10584,10584,5
2019-06-12,15:00:31.114000,10583,10584,10584,5
2019-06-12,15:00:32.149000,10583,10584,10583,2
2019-06-12,15:00:43.400000,10583,10584,10583,2
2019-06-12,15:00:45.177000,10583,10584,10583,5
2019-06-12,15:00:49.474000,10583,10584,10583,1
2019-06-12,15:00:49.627000,10583,10584,10583,1
2019-06-12,15:00:49.783000,10583,10584,10583,5
2019-06-12,15:00:50.242000,10583,10584,10584,1
2019-06-12,15:00:54.220000,10583,10584,10584,1
2019-06-12,15:00:56.643000,10583,10584,10584,1
2019-06-12,15:00:57.258000,10583,10584,10584,1
2019-06-12,15:00:57.258000,10583,10584,10584,1
2019-06-12,15:00:57.259000,10583,10584,10584,1
2019-06-12,15:00:57.259000,10583,10584,10584,1
2019-06-12,15:00:57.259000,10583,10584,10584,1
2019-06-12,15:00:57.259000,10583,10584,10584,1
2019-06-12,15:00:57.259000,10583,10584,10584,2
2019-06-12,15:00:57.259000,10583,10584,10584,1
2019-06-12,15:00:57.259000,10583,10584,10584,1
2019-06-12,15:00:57.259000,10583,10584,10584,1
2019-06-12,15:00:57.259000,10583,10584,10584,1
2019-06-12,15:00:57.259000,10583,10584,10584,1
2019-06-12,15:00:57.324000,10583,10584,10584,1
2019-06-12,15:00:59.739000,10584,10585,10584,3
2019-06-12,15:00:59.740000,10584,10585,10584,3
2019-06-12,15:00:59.751000,10584,10585,10584,1
2019-06-12,15:00:59.751000,10584,10585,10583,2
2019-06-12,15:00:59.813000,10584,10585,10583,5
2019-06-12,15:01:00.029000,10584,10585,10584,1
2019-06-12,15:01:00.378000,10583,10584,10583,1
2019-06-12,15:01:00.461000,10583,10584,10584,1
2019-06-12,15:01:01.192000,10583,10584,10583,4
2019-06-12,15:01:01.288000,10583,10584,10583,1
2019-06-12,15:01:01.946000,10583,10584,10583,2
2019-06-12,15:01:14.264000,10583,10584,10584,2
2019-06-12,15:01:14.459000,10583,10584,10584,1
2019-06-12,15:01:16.069000,10583,10584,10583,1
2019-06-12,15:01:16.112000,10583,10584,10584,9
2019-06-12,15:01:18.470000,10583,10584,10584,5
2019-06-12,15:01:20.822000,10583,10584,10584,1
2019-06-12,15:01:21.331000,10583,10584,10584,1
2019-06-12,15:01:23.235000,10583,10584,10584,1
2019-06-12,15:01:24.767000,10583,10584,10583,1
2019-06-12,15:01:25.809000,10583,10584,10583,3
2019-06-12,15:01:29.711000,10583,10584,10584,1
2019-06-12,15:01:31.344000,10583,10584,10584,1
2019-06-12,15:01:35.095000,10583,10584,10584,1
2019-06-12,15:01:36.096000,10583,10584,10584,1
2019-06-12,15:01:36.418000,10583,10584,10584,2
2019-06-12,15:01:36.485000,10583,10584,10584,1
2019-06-12,15:01:39.859000,10583,10584,10584,1
2019-06-12,15:01:40.978000,10583,10584,10584,1
2019-06-12,15:01:46.339000,10583,10584,10584,1
2019-06-12,15:01:52.962000,10583,10584,10584,1
2019-06-12,15:01:57.772000,10583,10584,10584,1
2019-06-12,15:01:59.942000,10583,10584,10584,1
2019-06-12,15:02:00.282000,10583,10584,10584,1
2019-06-12,15:02:00.283000,10583,10584,10584,2
2019-06-12,15:02:05.655000,10584,10585,10584,2
2019-06-12,15:02:06.454000,10584,10585,10585,9
2019-06-12,15:02:14.175000,10584,10585,10584,2
2019-06-12,15:02:14.717000,10584,10585,10585,1
2019-06-12,15:02:16.737000,10584,10585,10584,1
2019-06-12,15:02:16.946000,10584,10585,10585,5
2019-06-12,15:02:17.987000,10584,10585,10585,1
2019-06-12,15:02:26.479000,10584,10585,10585,1
2019-06-12,15:02:27.415000,10584,10585,10585,2
2019-06-12,15:02:28.027000,10584,10585,10585,5
2019-06-12,15:02:30.880000,10585,10586,10585,1
2019-06-12,15:02:37.196000,10584,10585,10584,1
2019-06-12,15:02:40.088000,10584,10585,10585,5
2019-06-12,15:02:40.317000,10584,10585,10585,2
2019-06-12,15:02:42.124000,10585,10586,10585,1
2019-06-12,15:02:44.744000,10585,10586,10585,1
2019-06-12,15:02:44.827000,10585,10586,10586,1
2019-06-12,15:02:58.324000,10585,10586,10586,6
2019-06-12,15:02:58.325000,10585,10586,10586,2
2019-06-12,15:02:58.449000,10585,10586,10586,12
2019-06-12,15:02:59.068000,10585,10586,10586,1
2019-06-12,15:03:00.153000,10585,10586,10586,25
2019-06-12,15:03:02.704000,10586,10587,10587,3
2019-06-12,15:03:03.116000,10586,10587,10587,1
2019-06-12,15:03:06.942000,10586,10587,10587,1
2019-06-12,15:03:07.826000,10587,10588,10587,1
2019-06-12,15:03:13.540000,10586,10587,10587,1
2019-06-12,15:03:13.783000,10586,10587,10587,1
2019-06-12,15:03:14.199000,10586,10587,10587,1
2019-06-12,15:03:16.378000,10587,10588,10588,1
2019-06-12,15:03:19.031000,10587,10588,10588,1
2019-06-12,15:03:21.823000,10587,10588,10587,2
2019-06-12,15:03:23.508000,10587,10588,10588,1
2019-06-12,15:03:25.857000,10587,10588,10587,1
2019-06-12,15:03:26.331000,10587,10588,10588,1
2019-06-12,15:03:43.145000,10587,10588,10587,1
2019-06-12,15:03:51.787000,10587,10588,10587,3
2019-06-12,15:03:51.824000,10587,10588,10587,16
2019-06-12,15:03:53.144000,10586,10587,10587,1
2019-06-12,15:03:54.064000,10586,10587,10586,2
2019-06-12,15:03:54.503000,10586,10587,10586,5
2019-06-12,15:03:54.790000,10586,10587,10586,5
2019-06-12,15:03:56.403000,10586,10587,10586,1
2019-06-12,15:03:57.153000,10586,10587,10586,1
2019-06-12,15:03:57.649000,10586,10587,10587,1
2019-06-12,15:03:57.905000,10586,10587,10586,3
2019-06-12,15:03:58.900000,10586,10587,10586,1
2019-06-12,15:03:58.951000,10585,10586,10586,2
2019-06-12,15:03:59.074000,10585,10586,10586,1
2019-06-12,15:04:02.810000,10585,10586,10586,1
2019-06-12,15:04:07.912000,10585,10586,10586,1
2019-06-12,15:04:08.480000,10585,10586,10586,1
2019-06-12,15:04:09.299000,10585,10586,10586,1
2019-06-12,15:04:09.922000,10585,10586,10585,5
2019-06-12,15:04:10.747000,10585,10586,10586,10
2019-06-12,15:04:16.936000,10585,10586,10586,3
2019-06-12,15:04:19.608000,10585,10586,10585,1
2019-06-12,15:04:25.048000,10585,10586,10585,1
2019-06-12,15:04:27.887000,10585,10586,10585,5
2019-06-12,15:04:29.836000,10585,10586,10586,1
2019-06-12,15:04:30.368000,10585,10586,10585,5
2019-06-12,15:04:33.677000,10585,10586,10585,1
2019-06-12,15:04:35.075000,10585,10586,10585,1
2019-06-12,15:04:38.697000,10585,10586,10585,3
2019-06-12,15:04:42.468000,10584,10585,10585,1
2019-06-12,15:04:45.936000,10584,10585,10584,1
2019-06-12,15:04:54.677000,10584,10585,10584,1
2019-06-12,15:04:57.493000,10584,10585,10584,1
2019-06-12,15:04:58.960000,10584,10585,10585,2
2019-06-12,15:05:01.184000,10584,10585,10585,6
2019-06-12,15:05:01.199000,10584,10585,10585,1
2019-06-12,15:05:02.923000,10585,10586,10586,3
2019-06-12,15:05:03.317000,10585,10586,10585,2
2019-06-12,15:05:06.471000,10585,10586,10585,1
2019-06-12,15:05:07.435000,10585,10586,10585,2
2019-06-12,15:05:11.163000,10585,10586,10585,1
2019-06-12,15:05:13.830000,10584,10585,10585,1
2019-06-12,15:05:19.025000,10584,10585,10585,1
2019-06-12,15:05:20.592000,10585,10586,10585,1
2019-06-12,15:05:43.489000,10585,10586,10585,9
2019-06-12,15:05:44.056000,10585,10586,10586,1
2019-06-12,15:05:46.164000,10585,10586,10586,10
2019-06-12,15:05:48.714000,10585,10587,10585,1
2019-06-12,15:06:13.833000,10585,10586,10586,2
2019-06-12,15:06:13.976000,10585,10586,10586,4
2019-06-12,15:06:15.635000,10585,10586,10585,2
2019-06-12,15:06:20.772000,10585,10586,10586,2
2019-06-12,15:06:21.917000,10585,10586,10586,1
2019-06-12,15:06:29.208000,10585,10586,10586,2
2019-06-12,15:06:30.693000,10585,10586,10586,1
2019-06-12,15:06:36.447000,10585,10586,10586,1
2019-06-12,15:06:37.091000,10585,10586,10586,1
2019-06-12,15:06:39.527000,10585,10586,10586,1
2019-06-12,15:06:44.702000,10585,10586,10585,2
2019-06-12,15:06:45.109000,10585,10586,10586,1
2019-06-12,15:06:47.161000,10585,10586,10585,3
2019-06-12,15:06:51.939000,10585,10586,10586,1
2019-06-12,15:06:57.238000,10585,10586,10586,1
2019-06-12,15:07:07.866000,10585,10586,10585,1
2019-06-12,15:07:08.995000,10585,10586,10585,3
2019-06-12,15:07:09.026000,10585,10586,10585,2
2019-06-12,15:07:09.335000,10585,10586,10585,1
2019-06-12,15:07:09.337000,10585,10586,10585,2
2019-06-12,15:07:09.337000,10585,10586,10585,1
2019-06-12,15:07:09.337000,10585,10586,10585,2
2019-06-12,15:07:09.337000,10585,10586,10585,4
2019-06-12,15:07:09.520000,10584,10585,10585,3
2019-06-12,15:07:09.671000,10584,10585,10585,7
2019-06-12,15:07:09.803000,10584,10585,10585,1
2019-06-12,15:07:09.994000,10584,10585,10585,1
2019-06-12,15:07:13.358000,10584,10585,10585,5
2019-06-12,15:07:13.641000,10584,10585,10585,1
2019-06-12,15:07:14.015000,10584,10585,10585,1
2019-06-12,15:07:15.028000,10584,10585,10585,1
2019-06-12,15:07:18.209000,10584,10585,10585,1
2019-06-12,15:07:18.529000,10584,10585,10585,2
2019-06-12,15:07:18.564000,10584,10585,10584,5
2019-06-12,15:07:19.731000,10584,10585,10585,1
2019-06-12,15:07:21.432000,10584,10585,10584,5
2019-06-12,15:07:23.610000,10584,10585,10584,5
2019-06-12,15:07:24.477000,10584,10585,10584,3
2019-06-12,15:07:27.597000,10583,10584,10583,5
2019-06-12,15:07:27.925000,10583,10584,10583,5
2019-06-12,15:07:29.477000,10583,10584,10583,5
2019-06-12,15:07:30.307000,10583,10584,10583,5
2019-06-12,15:07:30.997000,10583,10584,10583,1
2019-06-12,15:07:32.567000,10583,10584,10583,3
2019-06-12,15:07:35.420000,10583,10584,10583,5
2019-06-12,15:07:38.954000,10583,10584,10583,1
2019-06-12,15:07:53.066000,10583,10584,10583,1
2019-06-12,15:07:58.514000,10583,10584,10584,1
2019-06-12,15:07:59.088000,10583,10584,10583,1
2019-06-12,15:08:18.166000,10584,10585,10585,1
2019-06-12,15:08:21.573000,10584,10585,10584,1
2019-06-12,15:08:22.331000,10584,10585,10584,1
2019-06-12,15:08:49.304000,10584,10585,10584,2
2019-06-12,15:08:53.195000,10584,10585,10584,1
2019-06-12,15:08:56.409000,10584,10585,10584,1
2019-06-12,15:09:12.306000,10583,10584,10584,1
2019-06-12,15:09:17.627000,10583,10584,10583,5
2019-06-12,15:09:24.114000,10583,10584,10584,1
2019-06-12,15:09:27.070000,10583,10584,10584,1
2019-06-12,15:09:36.588000,10583,10584,10583,1
2019-06-12,15:09:39.563000,10583,10584,10584,1
2019-06-12,15:09:43.862000,10583,10584,10584,1
2019-06-12,15:10:02.499000,10583,10584,10584,4
2019-06-12,15:10:02.877000,10583,10584,10583,2
2019-06-12,15:10:03.266000,10583,10584,10583,1
2019-06-12,15:10:06.716000,10583,10584,10584,1
2019-06-12,15:10:07.426000,10583,10584,10584,1
2019-06-12,15:10:09.526000,10583,10584,10583,1
2019-06-12,15:10:16.574000,10583,10584,10584,3
2019-06-12,15:10:16.699000,10583,10584,10584,1
2019-06-12,15:10:16.955000,10584,10585,10584,1
2019-06-12,15:10:22.263000,10583,10584,10584,5
2019-06-12,15:10:34.555000,10583,10584,10584,1
2019-06-12,15:10:45.200000,10584,10585,10585,19
2019-06-12,15:10:45.449000,10585,10586,10585,1
2019-06-12,15:10:55.513000,10585,10586,10585,1
2019-06-12,15:11:02.603000,10585,10586,10586,5
2019-06-12,15:12:10.689000,10585,10586,10586,1
2019-06-12,15:12:11.049000,10585,10586,10585,2
2019-06-12,15:12:13.742000,10585,10586,10585,1
2019-06-12,15:12:18.399000,10585,10586,10585,1
2019-06-12,15:12:18.548000,10585,10586,10586,1
2019-06-12,15:12:18.923000,10585,10586,10585,2
2019-06-12,15:12:27.339000,10585,10586,10585,1
2019-06-12,15:12:28.267000,10585,10586,10585,2
2019-06-12,15:13:31.276000,10585,10586,10586,1
2019-06-12,15:13:31.312000,10585,10586,10586,25
2019-06-12,15:13:31.324000,10585,10586,10586,8
2019-06-12,15:13:31.324000,10585,10586,10586,1
2019-06-12,15:13:41.658000,10586,10587,10587,1
2019-06-12,15:13:41.843000,10586,10587,10587,1
2019-06-12,15:13:44.556000,10586,10587,10586,1
2019-06-12,15:13:48.916000,10586,10587,10586,1
2019-06-12,15:13:51.810000,10586,10587,10587,1
2019-06-12,15:14:07.937000,10586,10587,10587,1
2019-06-12,15:14:17.715000,10586,10587,10587,15
2019-06-12,15:14:18.525000,10586,10587,10587,15
2019-06-12,15:14:18.574000,10586,10587,10587,2
2019-06-12,15:14:19.918000,10586,10587,10587,9
2019-06-12,15:14:19.949000,10587,10588,10587,1
2019-06-12,15:14:20.159000,10587,10588,10587,2
2019-06-12,15:14:22.937000,10587,10588,10587,1
2019-06-12,15:14:22.938000,10587,10588,10587,3
2019-06-12,15:14:32.618000,10587,10588,10588,1
2019-06-12,15:14:33.113000,10587,10588,10588,1
2019-06-12,15:14:40.537000,10586,10587,10587,1
2019-06-12,15:14:51.183000,10586,10587,10587,1
2019-06-12,15:14:59.529000,10586,10587,10587,9
2019-06-12,15:15:02.273000,10586,10587,10587,1
2019-06-12,15:15:02.599000,10586,10587,10586,2
2019-06-12,15:15:02.963000,10586,10587,10587,1
2019-06-12,15:15:09.705000,10586,10587,10587,1
2019-06-12,15:15:09.793000,10586,10587,10587,2
2019-06-12,15:15:09.793000,10586,10587,10588,7
2019-06-12,15:15:26.693000,10587,10588,10588,5
2019-06-12,15:15:42.275000,10587,10588,10588,1
2019-06-12,15:15:51.166000,10587,10588,10588,1
2019-06-12,15:16:03.316000,10587,10588,10588,1
2019-06-12,15:16:04.171000,10587,10588,10588,1
2019-06-12,15:16:08.936000,10587,10588,10588,3
2019-06-12,15:16:14.294000,10587,10588,10587,1
2019-06-12,15:16:18.990000,10587,10588,10587,1
2019-06-12,15:16:25.010000,10587,10588,10587,1
2019-06-12,15:16:26.911000,10587,10588,10587,1
2019-06-12,15:16:48.318000,10587,10588,10588,1
2019-06-12,15:16:55.084000,10587,10588,10587,2
2019-06-12,15:17:17.860000,10587,10588,10587,1
2019-06-12,15:17:18.325000,10587,10588,10587,2
2019-06-12,15:17:27.170000,10587,10588,10588,25
2019-06-12,15:17:28.808000,10587,10588,10588,4
2019-06-12,15:17:33.146000,10587,10588,10588,2
2019-06-12,15:17:33.955000,10587,10588,10588,5
2019-06-12,15:17:45.542000,10587,10588,10588,2
2019-06-12,15:17:46.355000,10587,10588,10588,1
2019-06-12,15:17:46.603000,10587,10588,10588,1
2019-06-12,15:17:54.875000,10587,10588,10587,5
2019-06-12,15:17:55.990000,10587,10588,10588,1
2019-06-12,15:18:05.453000,10587,10588,10587,6
2019-06-12,15:18:05.453000,10587,10588,10587,3
2019-06-12,15:18:05.453000,10587,10588,10587,2
2019-06-12,15:18:06.635000,10586,10587,10587,1
2019-06-12,15:18:08.622000,10586,10587,10587,1
2019-06-12,15:18:12.145000,10586,10587,10586,2
2019-06-12,15:18:12.695000,10586,10587,10587,1
2019-06-12,15:18:20.571000,10586,10587,10587,1
2019-06-12,15:18:34.146000,10586,10587,10587,1
2019-06-12,15:18:47.193000,10586,10587,10587,1
2019-06-12,15:18:53.661000,10586,10587,10587,1
2019-06-12,15:19:02.462000,10586,10587,10587,4
2019-06-12,15:19:03.270000,10586,10587,10587,1
2019-06-12,15:19:03.271000,10586,10587,10587,1
2019-06-12,15:19:03.271000,10586,10587,10587,7
2019-06-12,15:19:12.730000,10586,10587,10587,2
2019-06-12,15:19:21.303000,10587,10588,10587,1
2019-06-12,15:19:29.204000,10587,10588,10587,1
2019-06-12,15:19:44.945000,10587,10588,10587,1
2019-06-12,15:19:48.935000,10587,10588,10587,3
2019-06-12,15:20:02.571000,10587,10588,10588,2
2019-06-12,15:20:09.020000,10587,10588,10588,5
2019-06-12,15:20:10.524000,10587,10588,10588,5
2019-06-12,15:20:14.333000,10587,10588,10588,5
2019-06-12,15:20:15.512000,10587,10588,10587,1
2019-06-12,15:20:17.190000,10587,10588,10588,5
2019-06-12,15:20:26.327000,10587,10588,10588,1
2019-06-12,15:20:33.355000,10587,10588,10588,2
2019-06-12,15:20:33.748000,10587,10588,10588,3
2019-06-12,15:20:44.351000,10587,10588,10588,1
2019-06-12,15:20:57.478000,10588,10589,10589,9
2019-06-12,15:20:58.052000,10588,10589,10589,1
2019-06-12,15:21:26.920000,10588,10589,10588,1
2019-06-12,15:21:29.059000,10588,10589,10588,6
2019-06-12,15:22:12.911000,10587,10588,10588,1
2019-06-12,15:22:20.314000,10587,10588,10587,1
2019-06-12,15:22:20.324000,10587,10588,10587,11
2019-06-12,15:22:20.324000,10587,10588,10587,5
2019-06-12,15:22:38.617000,10586,10587,10586,1
2019-06-12,15:23:02.324000,10586,10587,10587,9
2019-06-12,15:23:47.655000,10587,10588,10587,1
2019-06-12,15:24:37.197000,10587,10588,10588,1
2019-06-12,15:24:53.616000,10587,10588,10588,1
2019-06-12,15:24:55.586000,10587,10588,10588,6
2019-06-12,15:24:58.913000,10587,10588,10588,1
2019-06-12,15:24:59.699000,10587,10588,10588,9
2019-06-12,15:24:59.779000,10587,10588,10588,13
2019-06-12,15:25:07.376000,10587,10589,10589,1
2019-06-12,15:26:25.706000,10588,10589,10589,1
2019-06-12,15:26:26.341000,10588,10589,10589,13
2019-06-12,15:26:26.346000,10588,10589,10589,18
2019-06-12,15:26:26.449000,10588,10589,10589,3
2019-06-12,15:26:26.932000,10589,10590,10589,1
2019-06-12,15:26:36.824000,10588,10589,10589,2
2019-06-12,15:26:40.111000,10589,10590,10589,1
2019-06-12,15:26:43.322000,10589,10590,10589,1
2019-06-12,15:26:49.742000,10589,10590,10589,1
2019-06-12,15:26:59.562000,10589,10590,10589,1
2019-06-12,15:27:00.329000,10589,10590,10589,1
2019-06-12,15:27:15.998000,10589,10590,10589,1
2019-06-12,15:27:22.619000,10589,10590,10590,8
2019-06-12,15:27:22.954000,10589,10590,10590,1
2019-06-12,15:27:33.696000,10589,10590,10590,10
2019-06-12,15:27:33.699000,10589,10590,10590,6
2019-06-12,15:27:33.699000,10589,10590,10590,2
2019-06-12,15:27:35.294000,10589,10590,10590,4
2019-06-12,15:27:36.320000,10589,10590,10590,1
2019-06-12,15:27:40.219000,10589,10590,10590,1
2019-06-12,15:27:40.294000,10589,10590,10590,1
2019-06-12,15:27:40.324000,10589,10590,10590,2
2019-06-12,15:27:40.324000,10589,10590,10590,1
2019-06-12,15:27:40.324000,10589,10590,10590,14
2019-06-12,15:27:40.324000,10589,10590,10590,2
2019-06-12,15:27:40.324000,10589,10590,10590,1
2019-06-12,15:27:40.324000,10589,10590,10590,1
2019-06-12,15:27:40.324000,10589,10590,10590,2
2019-06-12,15:27:40.324000,10589,10590,10590,1
2019-06-12,15:27:40.324000,10589,10590,10590,2
2019-06-12,15:27:40.325000,10589,10590,10590,1
2019-06-12,15:27:40.325000,10589,10590,10590,1
2019-06-12,15:27:40.325000,10589,10590,10590,2
2019-06-12,15:27:40.325000,10589,10590,10590,1
2019-06-12,15:27:40.325000,10589,10590,10590,1
2019-06-12,15:27:40.325000,10589,10590,10590,2
2019-06-12,15:27:40.325000,10589,10590,10590,1
2019-06-12,15:27:40.325000,10589,10590,10590,1
2019-06-12,15:27:40.326000,10589,10590,10590,4
2019-06-12,15:27:40.703000,10590,10591,10590,1
2019-06-12,15:27:41.449000,10590,10591,10590,1
2019-06-12,15:27:41.449000,10590,10591,10590,1
2019-06-12,15:27:46.289000,10590,10591,10590,3
2019-06-12,15:27:51.397000,10590,10591,10590,2
2019-06-12,15:28:02.461000,10590,10591,10591,3
2019-06-12,15:28:02.798000,10590,10591,10591,1
2019-06-12,15:28:02.977000,10590,10591,10591,1
2019-06-12,15:28:07.387000,10590,10591,10591,1
2019-06-12,15:28:07.889000,10590,10591,10591,1
2019-06-12,15:28:08.833000,10590,10591,10591,1
2019-06-12,15:28:11.224000,10590,10591,10591,1
2019-06-12,15:28:22.216000,10590,10591,10590,1
2019-06-12,15:28:25.358000,10590,10591,10591,1
2019-06-12,15:28:29.235000,10590,10591,10591,1
2019-06-12,15:28:37.317000,10590,10591,10591,1
2019-06-12,15:28:38.517000,10590,10591,10591,27
2019-06-12,15:28:42.754000,10590,10591,10591,1
2019-06-12,15:28:43.980000,10591,10592,10591,1
2019-06-12,15:28:46.620000,10591,10592,10591,3
2019-06-12,15:28:47.964000,10590,10591,10591,1
2019-06-12,15:28:48.374000,10590,10591,10591,1
2019-06-12,15:28:54.900000,10590,10591,10591,1
2019-06-12,15:28:55.384000,10590,10591,10591,1
2019-06-12,15:28:58.138000,10590,10591,10591,1
2019-06-12,15:28:58.987000,10590,10591,10590,1
2019-06-12,15:28:58.998000,10590,10591,10590,1
2019-06-12,15:29:03.028000,10590,10591,10591,1
2019-06-12,15:29:06.129000,10590,10591,10591,1
2019-06-12,15:29:12.492000,10590,10591,10591,1
2019-06-12,15:29:19.788000,10590,10591,10591,1
2019-06-12,15:29:21.691000,10590,10591,10591,1
2019-06-12,15:29:27.097000,10590,10591,10591,1
2019-06-12,15:29:28.249000,10590,10591,10591,2
2019-06-12,15:29:30.931000,10590,10591,10591,4
2019-06-12,15:29:33.605000,10590,10591,10590,1
2019-06-12,15:30:08.622000,10590,10591,10590,24
2019-06-12,15:30:08.622000,10590,10591,10590,3
2019-06-12,15:30:08.657000,10590,10591,10590,1
2019-06-12,15:30:08.657000,10590,10591,10590,3
2019-06-12,15:30:08.658000,10590,10591,10590,1
2019-06-12,15:30:31.961000,10589,10590,10590,1
2019-06-12,15:30:42.553000,10590,10591,10591,1
2019-06-12,15:30:46.560000,10590,10591,10590,1
2019-06-12,15:30:46.706000,10590,10591,10591,1
2019-06-12,15:30:51.072000,10590,10591,10591,9
2019-06-12,15:30:53.279000,10590,10591,10591,1
2019-06-12,15:30:53.342000,10590,10591,10591,1
2019-06-12,15:30:53.342000,10590,10591,10591,4
2019-06-12,15:30:53.342000,10590,10591,10591,2
2019-06-12,15:31:03.506000,10591,10592,10591,1
2019-06-12,15:31:06.782000,10591,10592,10591,1
2019-06-12,15:31:11.080000,10591,10592,10591,2
2019-06-12,15:31:15.415000,10591,10592,10592,2
2019-06-12,15:31:15.625000,10591,10592,10592,1
2019-06-12,15:31:17.200000,10591,10592,10591,2
2019-06-12,15:31:27.583000,10591,10592,10591,1
2019-06-12,15:31:28.334000,10591,10592,10591,1
2019-06-12,15:31:48.328000,10591,10592,10591,2
2019-06-12,15:32:02.903000,10591,10592,10592,9
2019-06-12,15:32:15.234000,10591,10592,10591,1
2019-06-12,15:32:19.370000,10591,10592,10591,1
2019-06-12,15:32:20.247000,10591,10592,10591,1
2019-06-12,15:32:22.587000,10591,10592,10591,1
2019-06-12,15:32:22.887000,10591,10592,10591,1
2019-06-12,15:32:23.843000,10591,10592,10591,1
2019-06-12,15:32:28.097000,10590,10591,10590,1
2019-06-12,15:32:34.839000,10590,10591,10590,1
2019-06-12,15:32:41.995000,10590,10591,10591,1
2019-06-12,15:32:45.006000,10590,10591,10591,1
2019-06-12,15:33:03.045000,10591,10592,10591,5
2019-06-12,15:33:14.361000,10591,10592,10592,1
2019-06-12,15:33:16.085000,10591,10592,10592,1
2019-06-12,15:33:16.315000,10591,10592,10592,1
2019-06-12,15:33:34.504000,10591,10592,10591,1
2019-06-12,15:33:42.799000,10591,10592,10591,5
2019-06-12,15:33:54.472000,10590,10591,10591,1
2019-06-12,15:34:09.674000,10590,10591,10590,1
2019-06-12,15:34:16.369000,10590,10591,10591,2
2019-06-12,15:34:17.761000,10590,10591,10590,4
2019-06-12,15:34:18.335000,10590,10591,10590,2
2019-06-12,15:34:47.848000,10589,10590,10590,1
2019-06-12,15:34:49.074000,10589,10590,10590,2
2019-06-12,15:35:15.953000,10590,10591,10590,1
2019-06-12,15:36:02.336000,10590,10591,10591,8
2019-06-12,15:36:17.211000,10590,10591,10590,1
2019-06-12,15:36:22.142000,10590,10591,10590,1
2019-06-12,15:36:22.241000,10590,10591,10590,1
2019-06-12,15:36:22.324000,10590,10591,10590,1
2019-06-12,15:36:33.370000,10590,10591,10590,2
2019-06-12,15:36:33.781000,10590,10591,10590,1
2019-06-12,15:36:33.923000,10590,10591,10590,1
2019-06-12,15:36:43.927000,10589,10590,10590,1
2019-06-12,15:37:02.734000,10589,10590,10590,2
2019-06-12,15:37:17.338000,10589,10590,10589,1
2019-06-12,15:37:22.425000,10589,10590,10589,8
2019-06-12,15:37:22.449000,10589,10590,10589,1
2019-06-12,15:37:22.449000,10589,10590,10589,3
2019-06-12,15:37:22.449000,10589,10590,10589,22
2019-06-12,15:37:22.449000,10589,10590,10589,3
2019-06-12,15:37:22.449000,10589,10590,10589,1
2019-06-12,15:37:22.449000,10589,10590,10589,5
2019-06-12,15:37:33.971000,10588,10589,10589,2
2019-06-12,15:37:34.073000,10588,10589,10588,2
2019-06-12,15:37:34.640000,10588,10589,10588,1
2019-06-12,15:37:43.324000,10588,10589,10589,1
2019-06-12,15:37:55.780000,10589,10590,10589,1
2019-06-12,15:38:09.360000,10589,10590,10589,1
2019-06-12,15:38:14.040000,10589,10590,10589,1
2019-06-12,15:38:14.043000,10589,10590,10589,1
2019-06-12,15:38:27.626000,10588,10589,10589,2
2019-06-12,15:38:32.387000,10588,10589,10589,1
2019-06-12,15:38:32.449000,10588,10589,10589,1
2019-06-12,15:39:17.074000,10588,10589,10589,1
2019-06-12,15:40:13.585000,10589,10590,10589,2
2019-06-12,15:40:29.158000,10588,10589,10589,3
2019-06-12,15:40:30.956000,10589,10590,10589,1
2019-06-12,15:40:48.290000,10588,10589,10589,2
2019-06-12,15:40:50.859000,10588,10589,10589,1
2019-06-12,15:41:00.468000,10588,10589,10589,1
2019-06-12,15:41:13.193000,10589,10590,10589,2
2019-06-12,15:41:17.287000,10588,10590,10590,1
2019-06-12,15:41:23.887000,10589,10590,10590,4
2019-06-12,15:41:24.050000,10589,10590,10590,2
2019-06-12,15:41:30.463000,10589,10590,10590,4
2019-06-12,15:41:32.774000,10589,10590,10590,2
2019-06-12,15:41:37.046000,10589,10590,10590,1
2019-06-12,15:41:59.948000,10589,10590,10590,2
2019-06-12,15:42:02.999000,10589,10590,10590,2
2019-06-12,15:42:32.824000,10589,10590,10590,7
2019-06-12,15:43:03.218000,10590,10591,10591,6
2019-06-12,15:43:13.205000,10590,10591,10590,1
2019-06-12,15:43:27.699000,10590,10591,10590,1
2019-06-12,15:43:44.367000,10590,10591,10590,1
2019-06-12,15:43:49.185000,10590,10591,10590,1
2019-06-12,15:43:49.185000,10590,10591,10590,1
2019-06-12,15:43:49.199000,10590,10591,10590,1
2019-06-12,15:43:49.366000,10590,10591,10590,3
2019-06-12,15:43:49.367000,10590,10591,10590,1
2019-06-12,15:43:49.381000,10590,10591,10590,7
2019-06-12,15:43:49.386000,10590,10591,10590,4
2019-06-12,15:43:49.386000,10590,10591,10590,1
2019-06-12,15:44:01.433000,10589,10590,10589,1
2019-06-12,15:44:01.506000,10589,10590,10589,1
2019-06-12,15:44:02.216000,10589,10590,10590,3
2019-06-12,15:44:22.075000,10589,10590,10590,1
2019-06-12,15:44:46.686000,10589,10590,10589,4
2019-06-12,15:45:02.427000,10589,10590,10590,1
2019-06-12,15:45:18.620000,10590,10591,10590,1
2019-06-12,15:45:31.582000,10589,10590,10590,1
2019-06-12,15:45:31.690000,10589,10590,10590,8
2019-06-12,15:47:21.410000,10589,10590,10589,4
2019-06-12,15:47:21.449000,10589,10590,10589,3
2019-06-12,15:47:22.489000,10588,10589,10588,1
2019-06-12,15:47:22.586000,10588,10589,10588,2
2019-06-12,15:47:22.588000,10588,10589,10588,1
2019-06-12,15:47:22.588000,10588,10589,10588,1
2019-06-12,15:47:22.588000,10588,10589,10588,1
2019-06-12,15:47:22.588000,10588,10589,10588,1
2019-06-12,15:47:22.589000,10588,10589,10588,1
2019-06-12,15:47:22.589000,10588,10589,10588,2
2019-06-12,15:47:22.589000,10588,10589,10588,1
2019-06-12,15:47:22.590000,10588,10589,10588,3
2019-06-12,15:47:22.826000,10587,10588,10587,25
2019-06-12,15:47:23.064000,10586,10587,10587,2
2019-06-12,15:47:23.066000,10586,10587,10587,2
2019-06-12,15:47:23.082000,10586,10587,10587,2
2019-06-12,15:47:23.426000,10587,10588,10587,1
2019-06-12,15:47:31.574000,10587,10588,10588,2
2019-06-12,15:47:52.429000,10588,10589,10588,1
2019-06-12,15:47:55.858000,10588,10589,10588,1
2019-06-12,15:48:03.829000,10587,10589,10588,1
2019-06-12,15:48:22.549000,10587,10588,10587,1
2019-06-12,15:48:24.779000,10587,10588,10587,1
2019-06-12,15:48:49.930000,10586,10587,10587,1
2019-06-12,15:48:55.818000,10586,10587,10586,1
2019-06-12,15:48:58.783000,10586,10587,10586,1
2019-06-12,15:48:59.929000,10586,10587,10586,1
2019-06-12,15:49:20.131000,10586,10587,10586,1
2019-06-12,15:49:33.115000,10586,10587,10586,1
2019-06-12,15:49:37.106000,10586,10587,10587,1
2019-06-12,15:49:39.955000,10586,10587,10587,1
2019-06-12,15:49:40.491000,10586,10587,10586,1
2019-06-12,15:49:43.118000,10586,10587,10587,1
2019-06-12,15:49:43.734000,10586,10587,10586,1
2019-06-12,15:49:44.964000,10586,10587,10587,1
2019-06-12,15:49:45.270000,10586,10587,10586,1
2019-06-12,15:49:46.514000,10586,10587,10587,1
2019-06-12,15:49:49.664000,10586,10587,10586,9
2019-06-12,15:50:13.993000,10586,10587,10586,1
2019-06-12,15:50:27.142000,10586,10587,10587,1
2019-06-12,15:50:33.666000,10586,10587,10586,1
2019-06-12,15:50:39.656000,10586,10587,10587,1
2019-06-12,15:50:42.002000,10586,10587,10587,1
2019-06-12,15:50:48.185000,10586,10587,10587,1
2019-06-12,15:50:53.825000,10586,10587,10587,1
2019-06-12,15:50:58.310000,10586,10587,10587,1
2019-06-12,15:51:02.115000,10586,10587,10587,1
2019-06-12,15:51:03.642000,10586,10587,10587,2
2019-06-12,15:51:03.714000,10586,10587,10587,1
2019-06-12,15:51:03.714000,10586,10587,10587,2
2019-06-12,15:51:03.949000,10587,10588,10587,1
2019-06-12,15:51:08.574000,10587,10588,10588,1
2019-06-12,15:51:08.601000,10587,10588,10588,1
2019-06-12,15:51:08.602000,10587,10588,10588,1
2019-06-12,15:51:16.574000,10587,10588,10588,11
2019-06-12,15:51:23.350000,10588,10589,10588,3
2019-06-12,15:51:28.413000,10588,10589,10588,1
2019-06-12,15:51:41.765000,10587,10588,10588,3
2019-06-12,15:52:31.161000,10587,10588,10587,1
2019-06-12,15:52:37.380000,10587,10588,10587,1
2019-06-12,15:52:41.734000,10587,10588,10588,2
2019-06-12,15:52:51.809000,10587,10588,10588,1
2019-06-12,15:53:18.181000,10587,10588,10587,3
2019-06-12,15:53:29.673000,10587,10588,10587,1
2019-06-12,15:53:38.985000,10587,10588,10587,1
2019-06-12,15:53:42.095000,10587,10588,10587,1
2019-06-12,15:53:43.923000,10587,10588,10587,1
2019-06-12,15:53:43.924000,10587,10588,10587,1
2019-06-12,15:53:43.949000,10587,10588,10587,1
2019-06-12,15:53:43.949000,10587,10588,10587,1
2019-06-12,15:54:16.315000,10586,10587,10587,1
2019-06-12,15:54:26.754000,10587,10588,10587,1
2019-06-12,15:54:34.588000,10587,10588,10587,1
2019-06-12,15:54:35.901000,10587,10588,10587,1
2019-06-12,15:54:45.166000,10587,10588,10587,1
2019-06-12,15:55:25.519000,10586,10587,10586,1
2019-06-12,15:55:29.262000,10586,10587,10587,1
2019-06-12,15:55:38.627000,10586,10587,10587,1
2019-06-12,15:55:59.351000,10586,10587,10586,1
2019-06-12,15:56:28.323000,10586,10587,10586,1
2019-06-12,15:56:28.334000,10586,10587,10587,1
2019-06-12,15:56:30.508000,10586,10587,10587,5
2019-06-12,15:57:06.408000,10587,10588,10587,5
2019-06-12,15:57:20.267000,10587,10588,10587,1
2019-06-12,15:57:22.263000,10587,10588,10587,1
2019-06-12,15:57:27.065000,10587,10588,10587,1
2019-06-12,15:57:29.037000,10587,10588,10587,2
2019-06-12,15:57:48.405000,10587,10588,10587,1
2019-06-12,15:57:48.427000,10587,10588,10587,1
2019-06-12,15:57:48.750000,10587,10588,10586,1
2019-06-12,15:58:09.239000,10586,10587,10586,1
2019-06-12,15:58:20.607000,10586,10587,10586,1
2019-06-12,15:59:12.511000,10587,10588,10587,1
2019-06-12,15:59:13.975000,10586,10587,10587,1
2019-06-12,15:59:33.531000,10586,10587,10587,1
2019-06-12,15:59:34.839000,10587,10588,10587,1
2019-06-12,15:59:58.449000,10586,10587,10586,2
2019-06-12,16:00:30.979000,10587,10588,10587,1
2019-06-12,16:00:31.253000,10587,10588,10587,4
2019-06-12,16:00:31.325000,10587,10588,10587,4
2019-06-12,16:00:56.868000,10587,10588,10588,3
2019-06-12,16:00:56.868000,10587,10588,10588,2
2019-06-12,16:00:56.869000,10587,10588,10588,1
2019-06-12,16:00:56.869000,10587,10588,10588,1
2019-06-12,16:00:56.869000,10587,10588,10588,5
2019-06-12,16:00:56.869000,10587,10588,10588,1
2019-06-12,16:00:56.869000,10587,10588,10588,1
2019-06-12,16:00:56.869000,10587,10588,10588,8
2019-06-12,16:01:07.077000,10588,10589,10588,1
2019-06-12,16:01:23.208000,10588,10589,10589,4
2019-06-12,16:01:27.445000,10588,10589,10589,1
2019-06-12,16:01:27.445000,10588,10589,10589,2
2019-06-12,16:01:27.445000,10588,10589,10589,3
2019-06-12,16:01:33.125000,10589,10590,10590,4
2019-06-12,16:01:33.199000,10589,10590,10590,9
2019-06-12,16:01:33.647000,10590,10591,10591,1
2019-06-12,16:01:33.668000,10590,10591,10591,1
2019-06-12,16:01:33.679000,10590,10591,10591,2
2019-06-12,16:01:33.695000,10590,10591,10591,1
2019-06-12,16:01:34.181000,10590,10591,10591,2
2019-06-12,16:01:34.187000,10590,10591,10591,10
2019-06-12,16:01:37.701000,10591,10592,10592,15
2019-06-12,16:01:37.951000,10591,10592,10592,11
2019-06-12,16:01:39,10592,10593,10593,4
2019-06-12,16:01:39.102000,10592,10593,10593,5
2019-06-12,16:01:39.133000,10592,10593,10593,1
2019-06-12,16:01:39.155000,10592,10593,10593,1
2019-06-12,16:01:39.216000,10592,10593,10593,1
2019-06-12,16:01:43.205000,10592,10593,10592,1
2019-06-12,16:01:45.183000,10592,10593,10592,1
2019-06-12,16:01:48.440000,10592,10593,10593,5
2019-06-12,16:01:48.592000,10592,10593,10592,1
2019-06-12,16:01:57.238000,10592,10593,10593,5
2019-06-12,16:02:02.274000,10592,10593,10593,10
2019-06-12,16:02:02.467000,10592,10593,10593,6
2019-06-12,16:02:03.949000,10592,10593,10592,10
2019-06-12,16:02:10.581000,10591,10592,10591,1
2019-06-12,16:02:11.214000,10591,10592,10591,1
2019-06-12,16:02:21.559000,10590,10591,10591,1
2019-06-12,16:02:24.642000,10590,10591,10591,1
2019-06-12,16:02:24.642000,10590,10591,10592,1
2019-06-12,16:02:24.950000,10590,10592,10592,2
2019-06-12,16:02:27.808000,10591,10592,10592,1
2019-06-12,16:02:35.478000,10591,10592,10591,1
2019-06-12,16:02:44.792000,10591,10592,10592,1
2019-06-12,16:02:48.349000,10591,10592,10592,1
2019-06-12,16:03:00.829000,10591,10592,10591,2
2019-06-12,16:03:08.196000,10591,10592,10592,1
2019-06-12,16:03:31.020000,10591,10592,10591,1
2019-06-12,16:03:31.288000,10591,10592,10592,1
2019-06-12,16:03:49.683000,10591,10592,10591,1
2019-06-12,16:03:49.699000,10591,10592,10591,1
2019-06-12,16:03:49.699000,10591,10592,10591,1
2019-06-12,16:03:49.699000,10591,10592,10591,6
2019-06-12,16:04:07.653000,10590,10591,10591,1
2019-06-12,16:04:39.309000,10590,10591,10591,1
2019-06-12,16:04:50.351000,10590,10591,10590,1
2019-06-12,16:04:50.847000,10590,10591,10590,1
2019-06-12,16:05:01.687000,10590,10591,10591,1
2019-06-12,16:05:01.823000,10590,10591,10591,4
2019-06-12,16:05:01.942000,10590,10591,10591,4
2019-06-12,16:05:02.296000,10590,10591,10591,3
2019-06-12,16:05:11.770000,10590,10591,10591,2
2019-06-12,16:05:12.665000,10591,10592,10591,1
2019-06-12,16:05:15.859000,10591,10592,10592,3
2019-06-12,16:05:27.864000,10591,10592,10592,8
2019-06-12,16:06:23.379000,10591,10592,10592,1
2019-06-12,16:06:35.501000,10591,10592,10592,1
2019-06-12,16:06:49.768000,10591,10592,10592,1
2019-06-12,16:07:06.872000,10591,10592,10592,2
2019-06-12,16:07:07.704000,10591,10592,10592,1
2019-06-12,16:07:18.173000,10591,10592,10592,3
2019-06-12,16:07:24.338000,10591,10592,10591,1
2019-06-12,16:07:25.057000,10591,10592,10592,4
2019-06-12,16:07:30.468000,10591,10592,10592,1
2019-06-12,16:07:30.574000,10591,10592,10592,1
2019-06-12,16:07:30.574000,10591,10592,10592,1
2019-06-12,16:07:30.699000,10591,10592,10592,1
2019-06-12,16:07:35.715000,10592,10593,10592,1
2019-06-12,16:07:48.199000,10592,10593,10592,2
2019-06-12,16:07:52.699000,10591,10592,10592,1
2019-06-12,16:07:54.477000,10591,10592,10592,1
2019-06-12,16:07:55.812000,10592,10593,10592,1
2019-06-12,16:08:00.765000,10592,10593,10592,1
2019-06-12,16:08:38.281000,10592,10593,10592,1
2019-06-12,16:08:43.515000,10592,10593,10592,1
2019-06-12,16:08:44.126000,10592,10593,10592,1
2019-06-12,16:09:09.673000,10591,10592,10591,2
2019-06-12,16:09:12.760000,10591,10592,10592,1
2019-06-12,16:09:36.197000,10591,10592,10592,1
2019-06-12,16:09:42.980000,10591,10592,10591,1
2019-06-12,16:09:48.459000,10591,10592,10591,1
2019-06-12,16:09:53.432000,10591,10592,10591,1
2019-06-12,16:09:54.815000,10591,10592,10591,1
2019-06-12,16:09:54.824000,10591,10592,10591,4
2019-06-12,16:09:54.824000,10591,10592,10591,1
2019-06-12,16:09:54.949000,10590,10591,10591,1
2019-06-12,16:10:08.074000,10590,10591,10591,3
2019-06-12,16:10:14.218000,10590,10591,10591,1
2019-06-12,16:10:22.005000,10590,10591,10591,1
2019-06-12,16:10:36.088000,10590,10591,10590,2
2019-06-12,16:10:45.381000,10590,10591,10590,2
2019-06-12,16:10:46.878000,10590,10591,10590,5
2019-06-12,16:10:50.250000,10590,10591,10590,1
2019-06-12,16:10:52.729000,10589,10591,10591,1
2019-06-12,16:10:58.574000,10589,10590,10590,2
2019-06-12,16:11:09.360000,10589,10590,10590,1
2019-06-12,16:11:20.758000,10590,10591,10590,1
2019-06-12,16:11:49.803000,10590,10591,10590,1
2019-06-12,16:12:21.967000,10590,10591,10590,1
2019-06-12,16:12:23.765000,10590,10591,10590,1
2019-06-12,16:12:36.158000,10590,10591,10590,1
2019-06-12,16:12:36.565000,10590,10591,10590,1
2019-06-12,16:12:43.858000,10590,10591,10590,3
2019-06-12,16:12:44.074000,10589,10590,10590,1
2019-06-12,16:12:44.324000,10589,10590,10590,1
2019-06-12,16:13:01.973000,10589,10590,10590,1
2019-06-12,16:13:08.642000,10589,10590,10590,1
2019-06-12,16:13:14.542000,10589,10590,10590,1
2019-06-12,16:13:14.542000,10589,10590,10590,1
2019-06-12,16:13:37.324000,10590,10591,10590,1
2019-06-12,16:13:37.449000,10590,10591,10590,3
2019-06-12,16:13:43.051000,10589,10590,10590,1
2019-06-12,16:14:01.108000,10589,10590,10589,2
2019-06-12,16:14:28.906000,10589,10590,10589,1
2019-06-12,16:14:28.949000,10589,10590,10589,1
2019-06-12,16:14:32.629000,10589,10590,10589,1
2019-06-12,16:14:34.706000,10589,10590,10589,10
2019-06-12,16:14:34.776000,10589,10590,10589,1
2019-06-12,16:14:34.776000,10589,10590,10589,2
2019-06-12,16:14:58.511000,10588,10589,10589,2
2019-06-12,16:15:14.834000,10588,10589,10589,2
2019-06-12,16:15:17.345000,10588,10589,10589,1
2019-06-12,16:15:23.414000,10588,10589,10589,2
2019-06-12,16:16:28.399000,10588,10589,10589,1
2019-06-12,16:16:28.989000,10588,10589,10588,1
2019-06-12,16:16:29.482000,10588,10589,10589,1
2019-06-12,16:16:59.170000,10588,10589,10588,4
2019-06-12,16:16:59.170000,10588,10589,10588,5
2019-06-12,16:16:59.170000,10588,10589,10588,3
2019-06-12,16:16:59.170000,10588,10589,10588,1
2019-06-12,16:16:59.170000,10588,10589,10588,1
2019-06-12,16:16:59.170000,10588,10589,10588,2
2019-06-12,16:16:59.171000,10588,10589,10588,1
2019-06-12,16:17:09.623000,10587,10588,10588,3
2019-06-12,16:17:37.802000,10587,10588,10588,2
2019-06-12,16:17:42.356000,10587,10588,10588,1
2019-06-12,16:18:03.337000,10587,10588,10587,3
2019-06-12,16:18:03.340000,10587,10588,10587,1
2019-06-12,16:18:03.559000,10587,10588,10588,1
2019-06-12,16:18:08.704000,10587,10588,10587,2
2019-06-12,16:18:08.704000,10587,10588,10587,2
2019-06-12,16:18:10.916000,10587,10588,10587,1
2019-06-12,16:18:10.951000,10587,10588,10587,16
2019-06-12,16:18:27.805000,10586,10587,10586,1
2019-06-12,16:18:27.977000,10586,10587,10587,1
2019-06-12,16:18:32.939000,10586,10587,10587,1
2019-06-12,16:18:39.521000,10586,10587,10586,4
2019-06-12,16:18:42.865000,10586,10587,10586,1
2019-06-12,16:18:42.931000,10586,10587,10586,1
2019-06-12,16:18:51.371000,10586,10587,10586,1
2019-06-12,16:18:53.539000,10586,10587,10586,4
2019-06-12,16:19:07.373000,10586,10587,10586,1
2019-06-12,16:19:08.464000,10586,10587,10586,6
2019-06-12,16:19:14.343000,10586,10587,10586,1
2019-06-12,16:19:15.123000,10586,10587,10586,1
2019-06-12,16:19:19.393000,10586,10587,10586,1
2019-06-12,16:19:40.397000,10586,10587,10586,1
2019-06-12,16:19:43.259000,10586,10587,10586,1
2019-06-12,16:19:47.991000,10586,10587,10586,1
2019-06-12,16:19:52.071000,10586,10587,10586,5
2019-06-12,16:19:52.617000,10586,10587,10586,3
2019-06-12,16:19:55.170000,10586,10587,10586,1
2019-06-12,16:19:55.202000,10586,10587,10586,2
2019-06-12,16:20:03.327000,10586,10587,10586,1
2019-06-12,16:20:03.328000,10586,10587,10586,1
2019-06-12,16:20:06.245000,10586,10587,10586,1
2019-06-12,16:20:06.817000,10586,10587,10586,1
2019-06-12,16:20:11.189000,10586,10587,10586,20
2019-06-12,16:20:11.483000,10586,10587,10586,2
2019-06-12,16:20:17.151000,10585,10586,10586,1
2019-06-12,16:20:26.129000,10585,10586,10586,2
2019-06-12,16:20:29.903000,10585,10586,10586,5
2019-06-12,16:20:30.074000,10586,10587,10586,2
2019-06-12,16:20:36.689000,10585,10586,10586,2
2019-06-12,16:20:40.571000,10585,10586,10586,1
2019-06-12,16:20:42.357000,10585,10586,10586,1
2019-06-12,16:20:44.050000,10585,10586,10586,1
2019-06-12,16:20:49.020000,10585,10586,10586,3
2019-06-12,16:20:56.917000,10586,10587,10586,1
2019-06-12,16:20:57.324000,10586,10587,10586,1
2019-06-12,16:21:00.372000,10585,10586,10586,1
2019-06-12,16:21:22.505000,10585,10586,10586,2
2019-06-12,16:21:22.574000,10585,10586,10586,3
2019-06-12,16:21:26.027000,10586,10587,10586,1
2019-06-12,16:21:34.540000,10586,10587,10586,1
2019-06-12,16:21:49.909000,10586,10587,10586,1
2019-06-12,16:21:50.335000,10586,10587,10587,1
2019-06-12,16:22:34.724000,10586,10587,10587,2
2019-06-12,16:22:35.644000,10586,10587,10587,1
2019-06-12,16:23:13.709000,10586,10587,10587,1
2019-06-12,16:23:22.593000,10586,10587,10586,9
2019-06-12,16:23:27.275000,10586,10587,10587,15
2019-06-12,16:23:27.307000,10586,10587,10587,1
2019-06-12,16:23:27.307000,10586,10587,10587,3
2019-06-12,16:23:38.717000,10587,10588,10587,1
2019-06-12,16:23:38.785000,10587,10588,10587,1
2019-06-12,16:24:10.379000,10586,10587,10586,9
2019-06-12,16:24:11.493000,10586,10587,10586,1
2019-06-12,16:24:24.113000,10586,10587,10586,1
2019-06-12,16:24:25.979000,10586,10587,10587,2
2019-06-12,16:24:26.548000,10587,10588,10587,1
2019-06-12,16:24:26.568000,10587,10588,10587,1
2019-06-12,16:24:26.582000,10587,10588,10587,1
2019-06-12,16:24:26.612000,10587,10588,10587,1
2019-06-12,16:24:26.627000,10587,10588,10586,1
2019-06-12,16:24:27.669000,10587,10588,10587,1
2019-06-12,16:24:56.316000,10587,10588,10587,1
2019-06-12,16:25:09.549000,10587,10588,10587,1
2019-06-12,16:25:09.703000,10587,10588,10587,4
2019-06-12,16:25:09.778000,10587,10588,10586,4
2019-06-12,16:25:20.833000,10586,10587,10587,1
2019-06-12,16:25:24.573000,10587,10588,10587,1
2019-06-12,16:25:53.975000,10586,10587,10586,1
2019-06-12,16:26:04.347000,10586,10587,10586,2
2019-06-12,16:26:07.965000,10586,10587,10587,5
2019-06-12,16:26:09.913000,10586,10587,10586,3
2019-06-12,16:26:10.264000,10586,10587,10587,6
2019-06-12,16:26:14.483000,10587,10588,10587,1
2019-06-12,16:26:20.617000,10587,10588,10587,1
2019-06-12,16:26:45.199000,10586,10587,10587,3
2019-06-12,16:26:54.968000,10587,10588,10587,5
2019-06-12,16:26:59.651000,10586,10587,10587,1
2019-06-12,16:27:14.222000,10587,10588,10587,2
2019-06-12,16:27:38.412000,10586,10587,10587,6
2019-06-12,16:27:38.483000,10587,10588,10587,1
2019-06-12,16:27:41.917000,10586,10587,10587,5
2019-06-12,16:27:49.481000,10586,10587,10587,1
2019-06-12,16:27:53.552000,10587,10588,10587,1
2019-06-12,16:28:02.564000,10587,10588,10587,1
2019-06-12,16:28:08.221000,10587,10588,10587,1
2019-06-12,16:28:09.617000,10587,10588,10587,1
2019-06-12,16:28:10.622000,10587,10588,10587,1
2019-06-12,16:28:46.463000,10587,10588,10587,7
2019-06-12,16:28:50.490000,10586,10587,10587,1
2019-06-12,16:29:02.115000,10586,10587,10587,1
2019-06-12,16:29:03.693000,10586,10587,10587,1
2019-06-12,16:29:04.175000,10586,10587,10587,1
2019-06-12,16:29:08.837000,10586,10587,10587,3
2019-06-12,16:29:17.091000,10586,10587,10586,3
2019-06-12,16:29:25.724000,10586,10587,10586,1
2019-06-12,16:29:42.769000,10586,10587,10587,1
2019-06-12,16:29:45.151000,10586,10587,10587,13
2019-06-12,16:29:45.154000,10586,10587,10587,6
2019-06-12,16:29:45.157000,10586,10587,10587,6
2019-06-12,16:30:00.035000,10587,10588,10588,5
2019-06-12,16:30:00.559000,10587,10588,10587,1
2019-06-12,16:30:00.889000,10587,10588,10588,1
2019-06-12,16:30:01.099000,10587,10588,10588,1
2019-06-12,16:30:06.315000,10587,10588,10587,1
2019-06-12,16:30:08.049000,10587,10588,10588,1
2019-06-12,16:30:09.525000,10587,10588,10588,1
2019-06-12,16:30:10.420000,10587,10588,10587,1
2019-06-12,16:30:10.867000,10587,10588,10587,1
2019-06-12,16:30:13.167000,10587,10588,10588,1
2019-06-12,16:30:16.737000,10587,10588,10588,1
2019-06-12,16:30:19.981000,10587,10588,10587,1
2019-06-12,16:30:20.664000,10587,10588,10587,1
2019-06-12,16:30:24.418000,10587,10588,10587,1
2019-06-12,16:30:53.639000,10587,10588,10587,1
2019-06-12,16:30:55.889000,10587,10588,10587,7
2019-06-12,16:30:55.892000,10587,10588,10587,3
2019-06-12,16:30:55.949000,10587,10588,10587,8
2019-06-12,16:30:55.949000,10587,10588,10587,1
2019-06-12,16:30:56.483000,10587,10588,10587,2
2019-06-12,16:30:57.330000,10586,10587,10586,1
2019-06-12,16:30:59.209000,10586,10587,10587,1
2019-06-12,16:31:07.175000,10586,10587,10587,1
2019-06-12,16:31:45.859000,10586,10587,10586,1
2019-06-12,16:31:47.178000,10586,10587,10587,2
2019-06-12,16:31:47.199000,10587,10588,10587,1
2019-06-12,16:32:17.927000,10587,10588,10588,8
2019-06-12,16:32:17.928000,10587,10588,10588,8
2019-06-12,16:32:17.928000,10587,10588,10588,2
2019-06-12,16:32:17.929000,10587,10588,10588,5
2019-06-12,16:32:17.931000,10587,10588,10588,2
2019-06-12,16:32:17.932000,10587,10588,10588,2
2019-06-12,16:32:17.949000,10587,10588,10588,5
2019-06-12,16:32:40.373000,10588,10589,10589,1
2019-06-12,16:32:40.746000,10588,10589,10589,1
2019-06-12,16:32:58.151000,10588,10589,10588,1
2019-06-12,16:32:58.373000,10588,10589,10588,1
2019-06-12,16:33:00.927000,10588,10589,10588,1
2019-06-12,16:33:27.735000,10588,10589,10589,2
2019-06-12,16:33:28.046000,10588,10589,10589,1
2019-06-12,16:34:31.759000,10588,10589,10589,3
2019-06-12,16:34:57.339000,10588,10589,10589,1
2019-06-12,16:35:08.486000,10588,10589,10588,8
2019-06-12,16:35:08.574000,10588,10589,10588,1
2019-06-12,16:35:24.185000,10587,10588,10587,1
2019-06-12,16:35:26.551000,10587,10588,10588,1
2019-06-12,16:35:26.551000,10587,10588,10588,3
2019-06-12,16:35:26.552000,10587,10588,10588,2
2019-06-12,16:35:56.398000,10588,10589,10588,1
2019-06-12,16:36:05.074000,10588,10589,10588,1
2019-06-12,16:36:09.212000,10588,10589,10588,1
2019-06-12,16:36:09.324000,10588,10589,10588,1
2019-06-12,16:36:17.483000,10588,10589,10588,1
2019-06-12,16:36:26.147000,10587,10588,10588,1
2019-06-12,16:36:43.680000,10587,10588,10588,1
2019-06-12,16:36:45.949000,10587,10588,10588,1
2019-06-12,16:37:01.929000,10588,10589,10588,1
2019-06-12,16:37:45.705000,10588,10589,10588,1
2019-06-12,16:37:51.416000,10588,10589,10588,8
2019-06-12,16:38:03.488000,10587,10588,10588,1
2019-06-12,16:39:34.263000,10587,10588,10588,1
2019-06-12,16:39:45.567000,10587,10588,10588,5
2019-06-12,16:39:45.574000,10587,10588,10588,1
2019-06-12,16:39:45.616000,10587,10588,10588,1
2019-06-12,16:40:15.744000,10587,10588,10588,1
2019-06-12,16:40:35.234000,10587,10588,10588,1
2019-06-12,16:40:35.324000,10587,10588,10588,1
2019-06-12,16:40:37.448000,10587,10588,10588,1
2019-06-12,16:40:37.449000,10587,10588,10588,1
2019-06-12,16:40:37.450000,10587,10588,10588,1
2019-06-12,16:40:49.065000,10587,10588,10588,4
2019-06-12,16:41:58.209000,10587,10588,10588,6
2019-06-12,16:42:06.690000,10587,10588,10588,1
2019-06-12,16:42:06.690000,10587,10588,10588,1
2019-06-12,16:42:06.699000,10588,10589,10588,2
2019-06-12,16:42:11.907000,10587,10588,10588,1
2019-06-12,16:42:22.276000,10588,10589,10588,1
2019-06-12,16:43:03.844000,10588,10589,10588,3
2019-06-12,16:43:59.583000,10588,10589,10589,1
2019-06-12,16:44:00.517000,10588,10589,10589,1
2019-06-12,16:44:25.195000,10588,10589,10589,1
2019-06-12,16:44:30.069000,10588,10589,10589,1
2019-06-12,16:44:58.883000,10588,10589,10589,3
2019-06-12,16:45:00.345000,10588,10589,10589,1
2019-06-12,16:45:00.638000,10588,10589,10588,1
2019-06-12,16:45:00.703000,10588,10589,10588,1
2019-06-12,16:45:51.401000,10588,10589,10588,1
2019-06-12,16:46:06.021000,10588,10589,10588,16
2019-06-12,16:46:06.022000,10588,10589,10588,5
2019-06-12,16:46:27.876000,10587,10588,10588,2
2019-06-12,16:46:44.556000,10587,10588,10588,1
2019-06-12,16:47:23.504000,10587,10588,10587,1
2019-06-12,16:49:25.614000,10587,10588,10587,1
2019-06-12,16:49:45.869000,10587,10588,10587,2
2019-06-12,16:50:00.584000,10587,10588,10587,1
2019-06-12,16:50:14.077000,10587,10588,10587,37
2019-06-12,16:50:14.847000,10586,10587,10586,1
2019-06-12,16:50:15.123000,10586,10587,10586,1
2019-06-12,16:50:15.216000,10586,10587,10586,1
2019-06-12,16:50:15.252000,10586,10587,10586,1
2019-06-12,16:50:17.643000,10586,10587,10586,5
2019-06-12,16:50:25.360000,10586,10587,10586,5
2019-06-12,16:50:35.625000,10586,10587,10586,3
2019-06-12,16:50:53.872000,10586,10587,10586,1
2019-06-12,16:51:16.859000,10586,10587,10586,1
2019-06-12,16:51:16.859000,10586,10587,10586,1
2019-06-12,16:51:16.949000,10586,10587,10586,1
2019-06-12,16:51:16.949000,10586,10587,10586,1
2019-06-12,16:51:17.155000,10586,10587,10586,1
2019-06-12,16:51:18.295000,10586,10587,10586,1
2019-06-12,16:51:26.432000,10586,10587,10586,2
2019-06-12,16:51:31.518000,10586,10587,10586,1
2019-06-12,16:51:34.599000,10586,10587,10586,9
2019-06-12,16:51:34.599000,10586,10587,10586,9
2019-06-12,16:51:34.599000,10586,10587,10586,1
2019-06-12,16:51:34.672000,10586,10587,10586,1
2019-06-12,16:51:34.699000,10586,10587,10586,2
2019-06-12,16:51:34.699000,10586,10587,10586,2
2019-06-12,16:51:34.699000,10586,10587,10586,3
2019-06-12,16:51:50.467000,10585,10586,10586,3
2019-06-12,16:51:50.699000,10586,10587,10586,2
2019-06-12,16:51:50.699000,10586,10587,10586,5
2019-06-12,16:52:11.096000,10585,10586,10586,1
2019-06-12,16:52:14.904000,10585,10586,10586,10
2019-06-12,16:52:19.821000,10585,10586,10586,1
2019-06-12,16:52:20.762000,10585,10586,10585,3
2019-06-12,16:52:21.076000,10585,10586,10585,3
2019-06-12,16:52:25.085000,10585,10586,10585,4
2019-06-12,16:52:38.098000,10585,10586,10586,3
2019-06-12,16:52:38.098000,10585,10586,10586,1
2019-06-12,16:53:10.488000,10586,10587,10586,5
2019-06-12,16:53:11.839000,10586,10587,10586,2
2019-06-12,16:53:11.839000,10586,10587,10586,3
2019-06-12,16:53:18.971000,10585,10586,10586,1
2019-06-12,16:53:47.832000,10585,10586,10586,1
2019-06-12,16:54:05.787000,10585,10586,10586,1
2019-06-12,16:54:22.429000,10585,10586,10586,1
2019-06-12,16:54:24.700000,10585,10586,10586,1
2019-06-12,16:54:28.641000,10585,10586,10585,1
2019-06-12,16:54:30.102000,10585,10586,10585,5
2019-06-12,16:54:51.680000,10585,10586,10585,1
2019-06-12,16:54:53.074000,10585,10586,10586,8
2019-06-12,16:54:53.199000,10585,10586,10586,1
2019-06-12,16:55:19.942000,10585,10586,10586,1
2019-06-12,16:55:20.530000,10585,10586,10586,1
2019-06-12,16:55:21.442000,10585,10586,10586,1
2019-06-12,16:55:22.252000,10585,10586,10586,1
2019-06-12,16:55:28.574000,10585,10586,10586,1
2019-06-12,16:55:29.475000,10585,10586,10586,1
2019-06-12,16:55:29.699000,10586,10587,10586,2
2019-06-12,16:56:25.623000,10586,10587,10586,1
2019-06-12,16:56:28.117000,10586,10587,10586,1
2019-06-12,16:57:06.523000,10586,10587,10586,1
2019-06-12,16:57:18.240000,10586,10587,10586,7
2019-06-12,16:57:48.186000,10586,10587,10586,1
2019-06-12,16:57:51.667000,10586,10587,10586,1
2019-06-12,16:57:59.468000,10586,10587,10586,1
2019-06-12,16:58:22.984000,10586,10587,10586,1
2019-06-12,16:58:39.113000,10586,10587,10586,1
2019-06-12,16:59:07.587000,10586,10587,10586,1
2019-06-12,16:59:24.365000,10586,10587,10586,5
2019-06-12,16:59:38.429000,10585,10586,10586,1
2019-06-12,16:59:56.158000,10585,10586,10585,1
2019-06-12,17:00:04.316000,10585,10586,10586,2
2019-06-12,17:00:04.767000,10585,10586,10585,3
2019-06-12,17:00:05.090000,10585,10586,10585,1
2019-06-12,17:00:05.138000,10585,10586,10585,2
2019-06-12,17:00:05.222000,10585,10586,10585,1
2019-06-12,17:00:05.313000,10585,10586,10585,1
2019-06-12,17:00:06.635000,10585,10586,10585,1
2019-06-12,17:00:09.132000,10585,10586,10585,1
2019-06-12,17:00:09.842000,10585,10586,10585,1
2019-06-12,17:00:23.533000,10585,10586,10585,1
2019-06-12,17:00:34.073000,10585,10586,10585,1
2019-06-12,17:00:54.150000,10585,10586,10585,3
2019-06-12,17:00:54.150000,10585,10586,10585,6
2019-06-12,17:00:54.150000,10585,10586,10585,1
2019-06-12,17:00:54.150000,10585,10586,10585,1
2019-06-12,17:00:54.150000,10585,10586,10585,3
2019-06-12,17:00:54.150000,10585,10586,10585,5
2019-06-12,17:00:54.150000,10585,10586,10585,3
2019-06-12,17:00:54.150000,10585,10586,10585,1
2019-06-12,17:00:54.150000,10585,10586,10585,1
2019-06-12,17:00:54.150000,10585,10586,10585,1
2019-06-12,17:00:54.151000,10585,10586,10585,3
2019-06-12,17:00:54.151000,10585,10586,10585,3
2019-06-12,17:00:54.151000,10585,10586,10585,1
2019-06-12,17:00:54.151000,10585,10586,10585,3
2019-06-12,17:00:54.151000,10585,10586,10585,3
2019-06-12,17:00:54.151000,10585,10586,10585,3
2019-06-12,17:00:54.154000,10585,10586,10585,2
2019-06-12,17:00:54.154000,10585,10586,10585,1
2019-06-12,17:00:54.162000,10585,10586,10585,2
2019-06-12,17:00:54.164000,10585,10586,10585,23
2019-06-12,17:00:54.333000,10584,10585,10584,3
2019-06-12,17:00:54.334000,10584,10585,10584,1
2019-06-12,17:00:54.616000,10584,10585,10585,1
2019-06-12,17:00:54.890000,10584,10585,10584,1
2019-06-12,17:01:08.955000,10584,10585,10584,1
2019-06-12,17:01:17.175000,10584,10585,10584,20
2019-06-12,17:01:18.111000,10583,10585,10583,1
2019-06-12,17:01:19.028000,10583,10585,10583,1
2019-06-12,17:01:20.481000,10583,10584,10583,9
2019-06-12,17:01:27.832000,10583,10584,10583,1
2019-06-12,17:01:27.859000,10583,10584,10583,3
2019-06-12,17:01:27.870000,10583,10584,10583,1
2019-06-12,17:01:27.877000,10583,10584,10583,3
2019-06-12,17:01:27.889000,10583,10584,10583,2
2019-06-12,17:01:33.389000,10583,10584,10583,1
2019-06-12,17:01:33.782000,10583,10584,10583,1
2019-06-12,17:01:36.090000,10583,10584,10583,1
2019-06-12,17:01:39.906000,10583,10584,10584,1
2019-06-12,17:01:43.090000,10583,10584,10583,1
2019-06-12,17:01:48.980000,10583,10584,10583,3
2019-06-12,17:02:09.888000,10583,10584,10583,2
2019-06-12,17:02:11.859000,10583,10584,10583,2
2019-06-12,17:02:15.686000,10583,10584,10583,1
2019-06-12,17:02:17.160000,10583,10584,10583,1
2019-06-12,17:02:17.430000,10583,10584,10583,1
2019-06-12,17:02:19.593000,10583,10584,10583,1
2019-06-12,17:02:20.440000,10583,10584,10583,2
2019-06-12,17:02:29.040000,10583,10584,10583,2
2019-06-12,17:02:53.376000,10583,10584,10583,2
2019-06-12,17:02:56.274000,10583,10584,10583,1
2019-06-12,17:03:08.546000,10583,10584,10584,3
2019-06-12,17:03:08.557000,10583,10584,10583,2
2019-06-12,17:03:09.555000,10583,10584,10584,1
2019-06-12,17:03:10.985000,10583,10584,10583,10
2019-06-12,17:03:21.184000,10582,10583,10583,1
2019-06-12,17:03:22.695000,10582,10583,10582,2
2019-06-12,17:03:22.730000,10582,10583,10583,1
2019-06-12,17:03:22.828000,10582,10583,10582,3
2019-06-12,17:03:22.834000,10582,10583,10582,1
2019-06-12,17:03:22.846000,10582,10583,10582,2
2019-06-12,17:03:39.334000,10582,10583,10582,3
2019-06-12,17:03:44.269000,10582,10583,10582,1
2019-06-12,17:03:51.231000,10582,10583,10583,4
2019-06-12,17:03:51.231000,10582,10583,10583,2
2019-06-12,17:04:13.658000,10583,10584,10584,5
2019-06-12,17:04:13.659000,10583,10584,10584,2
2019-06-12,17:04:13.663000,10583,10584,10584,1
2019-06-12,17:04:13.830000,10584,10585,10584,3
2019-06-12,17:04:13.830000,10584,10585,10584,3
2019-06-12,17:04:16.693000,10584,10585,10584,1
2019-06-12,17:04:17.814000,10584,10585,10584,1
2019-06-12,17:04:18.633000,10583,10585,10584,1
2019-06-12,17:05:00.438000,10584,10585,10584,1
2019-06-12,17:05:07.950000,10584,10585,10584,1
2019-06-12,17:05:07.954000,10584,10585,10584,1
2019-06-12,17:05:08.030000,10584,10585,10584,9
2019-06-12,17:05:08.031000,10584,10585,10584,5
2019-06-12,17:05:08.076000,10583,10584,10583,2
2019-06-12,17:05:18.025000,10583,10584,10584,1
2019-06-12,17:05:18.199000,10584,10585,10584,1
2019-06-12,17:05:33.877000,10584,10585,10584,1
2019-06-12,17:06:40.232000,10584,10585,10584,1
2019-06-12,17:06:40.449000,10584,10585,10584,1
2019-06-12,17:06:59.134000,10584,10585,10584,1
2019-06-12,17:07:01.827000,10584,10585,10584,1
2019-06-12,17:07:20.777000,10584,10585,10585,1
2019-06-12,17:07:24.561000,10584,10585,10585,1
2019-06-12,17:07:36.372000,10584,10585,10585,1
2019-06-12,17:07:39.262000,10584,10585,10585,1
2019-06-12,17:07:44.821000,10584,10585,10585,1
2019-06-12,17:07:46.532000,10584,10585,10585,1
2019-06-12,17:07:58.117000,10584,10585,10585,4
2019-06-12,17:08:03.641000,10584,10585,10585,1
2019-06-12,17:08:10.271000,10584,10585,10585,1
2019-06-12,17:08:21.517000,10584,10585,10585,1
2019-06-12,17:08:22.394000,10584,10585,10585,5
2019-06-12,17:08:22.482000,10585,10586,10585,1
2019-06-12,17:08:30.532000,10585,10586,10585,1
2019-06-12,17:08:35.655000,10585,10586,10586,1
2019-06-12,17:08:45.883000,10585,10586,10585,6
2019-06-12,17:08:45.982000,10585,10586,10585,1
2019-06-12,17:09:07.966000,10585,10586,10585,1
2019-06-12,17:09:08.040000,10585,10586,10585,1
2019-06-12,17:09:08.056000,10585,10586,10585,1
2019-06-12,17:09:08.656000,10584,10585,10585,1
2019-06-12,17:09:23.623000,10585,10586,10585,1
2019-06-12,17:09:24.122000,10585,10586,10585,1
2019-06-12,17:09:25.937000,10585,10586,10585,1
2019-06-12,17:09:53.738000,10585,10586,10585,1
2019-06-12,17:09:57.699000,10584,10585,10585,2
2019-06-12,17:09:57.983000,10585,10586,10585,1
2019-06-12,17:09:58.073000,10585,10586,10586,5
2019-06-12,17:10:09.310000,10585,10586,10585,1
2019-06-12,17:10:24.187000,10585,10586,10586,1
2019-06-12,17:10:34.167000,10585,10586,10586,1
2019-06-12,17:10:37.920000,10585,10586,10586,10
2019-06-12,17:10:37.920000,10585,10586,10586,1
2019-06-12,17:10:37.921000,10585,10586,10586,2
2019-06-12,17:10:37.921000,10585,10586,10586,4
2019-06-12,17:10:42.618000,10586,10587,10586,2
2019-06-12,17:10:59.784000,10585,10586,10586,1
2019-06-12,17:11:01.291000,10585,10586,10586,1
2019-06-12,17:11:20.927000,10585,10586,10585,1
2019-06-12,17:11:27.164000,10585,10586,10586,2
2019-06-12,17:11:38.101000,10585,10586,10585,1
2019-06-12,17:11:42.577000,10585,10586,10586,2
2019-06-12,17:12:13.093000,10586,10587,10587,5
2019-06-12,17:12:13.226000,10586,10587,10587,2
2019-06-12,17:12:13.395000,10586,10587,10586,4
2019-06-12,17:12:16.314000,10586,10587,10587,5
2019-06-12,17:12:25.493000,10586,10587,10587,5
2019-06-12,17:12:32.672000,10586,10587,10587,3
2019-06-12,17:12:54.794000,10586,10587,10587,5
2019-06-12,17:12:55.568000,10586,10587,10587,1
2019-06-12,17:12:57.161000,10586,10587,10587,1
2019-06-12,17:12:58.633000,10586,10587,10587,1
2019-06-12,17:13:03.978000,10586,10587,10587,1
2019-06-12,17:13:14.858000,10586,10587,10587,1
2019-06-12,17:13:16.446000,10586,10588,10588,5
2019-06-12,17:13:16.883000,10586,10588,10588,1
2019-06-12,17:13:17.198000,10586,10588,10588,5
2019-06-12,17:13:18.996000,10586,10588,10588,5
2019-06-12,17:13:19.236000,10586,10588,10588,5
2019-06-12,17:13:39.285000,10587,10588,10587,1
2019-06-12,17:13:41.073000,10586,10587,10587,1
2019-06-12,17:13:44.954000,10587,10588,10587,2
2019-06-12,17:14:04.786000,10587,10588,10587,1
2019-06-12,17:14:05.555000,10586,10587,10587,1
2019-06-12,17:15:11.393000,10587,10588,10587,5
2019-06-12,17:15:11.449000,10586,10587,10587,1
2019-06-12,17:15:35.204000,10586,10587,10587,1
2019-06-12,17:15:46.004000,10586,10587,10586,1
2019-06-12,17:16:43.225000,10586,10587,10586,1
2019-06-12,17:16:47.476000,10586,10587,10586,5
2019-06-12,17:16:52.537000,10585,10586,10585,1
2019-06-12,17:16:56.691000,10585,10586,10585,1
2019-06-12,17:17:03.881000,10585,10586,10585,1
2019-06-12,17:17:27.120000,10585,10586,10585,1
2019-06-12,17:17:48.759000,10585,10586,10585,1
2019-06-12,17:18:26.405000,10585,10586,10586,2
2019-06-12,17:19:04.245000,10585,10586,10586,1
2019-06-12,17:19:29.962000,10585,10586,10585,1
2019-06-12,17:20:26.664000,10585,10586,10586,3
2019-06-12,17:20:27.370000,10585,10586,10585,2
2019-06-12,17:21:06.211000,10585,10586,10585,1
2019-06-12,17:21:26.590000,10585,10586,10586,1
2019-06-12,17:21:34.642000,10585,10586,10585,1
2019-06-12,17:21:50.526000,10585,10586,10586,1
2019-06-12,17:21:51.141000,10585,10586,10586,1
2019-06-12,17:21:51.141000,10585,10586,10586,3
2019-06-12,17:21:51.141000,10585,10586,10586,1
2019-06-12,17:21:52.872000,10586,10587,10586,2
2019-06-12,17:22:03.413000,10585,10587,10586,1
2019-06-12,17:22:03.413000,10585,10587,10586,1
2019-06-12,17:22:11.640000,10585,10586,10586,1
2019-06-12,17:22:24.574000,10586,10587,10586,2
2019-06-12,17:22:31.030000,10585,10586,10586,4
2019-06-12,17:22:35.170000,10585,10586,10586,1
2019-06-12,17:22:37.762000,10585,10586,10586,1
2019-06-12,17:22:55.166000,10585,10586,10586,2
2019-06-12,17:23:20.743000,10585,10586,10586,1
2019-06-12,17:23:49.718000,10585,10586,10585,1
2019-06-12,17:23:49.718000,10585,10586,10585,1
2019-06-12,17:23:49.758000,10585,10586,10585,1
2019-06-12,17:23:49.824000,10585,10586,10585,5
2019-06-12,17:23:49.824000,10585,10586,10585,5
2019-06-12,17:23:54.309000,10584,10585,10585,1
2019-06-12,17:24:04.233000,10585,10586,10585,1
2019-06-12,17:24:05.102000,10584,10585,10585,1
2019-06-12,17:24:54.052000,10584,10585,10585,4
2019-06-12,17:25:01.984000,10584,10585,10585,1
2019-06-12,17:25:07.875000,10584,10585,10585,8
2019-06-12,17:25:07.909000,10584,10585,10585,1
2019-06-12,17:25:12.433000,10585,10586,10585,1
2019-06-12,17:25:26.949000,10584,10585,10585,1
2019-06-12,17:25:26.949000,10584,10585,10585,1
2019-06-12,17:25:36.678000,10585,10586,10586,1
2019-06-12,17:25:36.684000,10585,10586,10586,1
2019-06-12,17:25:36.699000,10585,10586,10586,1
2019-06-12,17:25:36.699000,10585,10586,10586,1
2019-06-12,17:25:42.332000,10586,10587,10586,1
2019-06-12,17:26:21.129000,10585,10586,10585,1
2019-06-12,17:27:37.086000,10585,10587,10585,1
2019-06-12,17:28:10.664000,10586,10587,10586,1
2019-06-12,17:28:27.707000,10586,10587,10587,1
2019-06-12,17:28:27.708000,10586,10587,10587,1
2019-06-12,17:28:27.828000,10586,10587,10587,1
2019-06-12,17:28:27.977000,10586,10587,10587,1
2019-06-12,17:28:28.067000,10586,10587,10587,1
2019-06-12,17:28:28.074000,10586,10587,10587,5
2019-06-12,17:28:28.199000,10587,10588,10587,2
2019-06-12,17:28:35.829000,10586,10588,10586,2
2019-06-12,17:29:01.182000,10586,10587,10586,2
2019-06-12,17:29:16.539000,10586,10587,10586,1
2019-06-12,17:29:23.735000,10586,10587,10587,1
2019-06-12,17:30:00.201000,10586,10587,10586,2
2019-06-12,17:30:01.196000,10586,10587,10587,2
2019-06-12,17:31:08.621000,10586,10587,10587,1
2019-06-12,17:31:14.587000,10586,10587,10586,1
2019-06-12,17:31:14.688000,10586,10587,10586,1
2019-06-12,17:31:21.881000,10586,10587,10586,1
2019-06-12,17:31:29.974000,10586,10587,10586,2
2019-06-12,17:32:22.738000,10586,10587,10586,2
2019-06-12,17:32:48.800000,10586,10587,10587,8
2019-06-12,17:32:48.824000,10586,10587,10587,3
2019-06-12,17:32:48.824000,10586,10587,10587,2
2019-06-12,17:32:48.824000,10586,10587,10587,3
2019-06-12,17:32:48.824000,10586,10587,10587,3
2019-06-12,17:33:05.797000,10587,10588,10588,1
2019-06-12,17:33:13.630000,10587,10588,10587,3
2019-06-12,17:33:29.430000,10587,10588,10587,1
2019-06-12,17:33:57.322000,10586,10587,10586,2
2019-06-12,17:34:09.403000,10586,10587,10586,1
2019-06-12,17:34:44.177000,10586,10587,10586,1
2019-06-12,17:34:51.692000,10586,10587,10586,2
2019-06-12,17:35:11.383000,10586,10587,10586,9
2019-06-12,17:35:11.383000,10586,10587,10585,21
2019-06-12,17:35:11.525000,10585,10586,10585,1
2019-06-12,17:35:11.544000,10585,10586,10585,1
2019-06-12,17:35:12.137000,10585,10586,10586,1
2019-06-12,17:35:13.880000,10585,10586,10585,8
2019-06-12,17:35:13.880000,10585,10586,10584,22
2019-06-12,17:35:14.087000,10584,10585,10584,1
2019-06-12,17:35:14.418000,10584,10585,10585,1
2019-06-12,17:35:14.794000,10584,10585,10585,1
2019-06-12,17:35:16.035000,10584,10585,10585,1
2019-06-12,17:35:27.858000,10585,10586,10585,1
2019-06-12,17:35:38.226000,10585,10586,10585,1
2019-06-12,17:35:44.613000,10584,10585,10584,1
2019-06-12,17:35:50.878000,10584,10585,10584,1
2019-06-12,17:35:56.906000,10584,10585,10585,1
2019-06-12,17:35:56.906000,10584,10585,10586,1
2019-06-12,17:35:58.568000,10585,10586,10585,1
2019-06-12,17:36:25.426000,10585,10586,10586,2
2019-06-12,17:36:25.449000,10586,10587,10586,1
2019-06-12,17:36:33.929000,10586,10587,10586,1
2019-06-12,17:36:34.481000,10586,10587,10586,1
2019-06-12,17:36:51.040000,10586,10587,10586,1
2019-06-12,17:37:29.415000,10585,10586,10586,1
2019-06-12,17:38:00.650000,10585,10586,10586,1
2019-06-12,17:38:05.090000,10585,10586,10586,1
2019-06-12,17:38:20.824000,10585,10586,10585,19
2019-06-12,17:38:20.949000,10585,10586,10585,11
2019-06-12,17:38:20.949000,10585,10586,10585,1
2019-06-12,17:38:20.949000,10585,10586,10585,3
2019-06-12,17:38:20.949000,10585,10586,10585,5
2019-06-12,17:38:46.133000,10584,10585,10585,1
2019-06-12,17:39:02.817000,10584,10585,10584,9
2019-06-12,17:39:02.824000,10583,10585,10584,1
2019-06-12,17:39:45.373000,10584,10585,10584,1
2019-06-12,17:40:05.949000,10583,10584,10583,1
2019-06-12,17:40:05.951000,10583,10584,10583,22
2019-06-12,17:40:06.874000,10582,10583,10582,4
2019-06-12,17:40:06.975000,10582,10583,10582,1
2019-06-12,17:40:07.083000,10582,10583,10582,2
2019-06-12,17:40:07.098000,10582,10583,10582,2
2019-06-12,17:40:07.165000,10582,10583,10582,2
2019-06-12,17:40:07.174000,10582,10583,10582,2
2019-06-12,17:40:07.214000,10582,10583,10582,2
2019-06-12,17:40:07.227000,10582,10583,10582,2
2019-06-12,17:40:07.232000,10582,10583,10582,2
2019-06-12,17:40:07.232000,10582,10583,10582,2
2019-06-12,17:40:07.236000,10582,10583,10582,2
2019-06-12,17:40:07.247000,10582,10583,10582,2
2019-06-12,17:40:07.252000,10582,10583,10582,4
2019-06-12,17:40:07.301000,10582,10583,10582,2
2019-06-12,17:40:07.309000,10582,10583,10582,2
2019-06-12,17:40:07.324000,10582,10583,10582,1
2019-06-12,17:40:07.331000,10582,10583,10582,4
2019-06-12,17:40:07.361000,10582,10583,10582,1
2019-06-12,17:40:07.365000,10582,10583,10582,2
2019-06-12,17:40:07.373000,10582,10583,10582,3
2019-06-12,17:40:07.373000,10582,10583,10581,1
2019-06-12,17:40:07.402000,10582,10583,10581,1
2019-06-12,17:40:07.423000,10582,10583,10581,2
2019-06-12,17:40:07.426000,10582,10583,10581,2
2019-06-12,17:40:07.432000,10582,10583,10581,2
2019-06-12,17:40:07.433000,10582,10583,10581,1
2019-06-12,17:40:07.501000,10581,10583,10581,2
2019-06-12,17:40:07.514000,10581,10583,10581,1
2019-06-12,17:40:07.528000,10581,10583,10581,2
2019-06-12,17:40:07.549000,10581,10583,10581,2
2019-06-12,17:40:07.551000,10581,10583,10581,1
2019-06-12,17:40:07.553000,10581,10583,10581,1
2019-06-12,17:40:07.553000,10581,10583,10581,2
2019-06-12,17:40:07.558000,10581,10583,10581,3
2019-06-12,17:40:07.583000,10581,10582,10581,1
2019-06-12,17:40:07.651000,10581,10582,10581,3
2019-06-12,17:40:07.670000,10581,10582,10581,2
2019-06-12,17:40:07.759000,10581,10582,10581,1
2019-06-12,17:40:07.807000,10581,10582,10581,1
2019-06-12,17:40:07.956000,10581,10582,10581,1
2019-06-12,17:40:07.984000,10581,10582,10581,1
2019-06-12,17:40:08.012000,10581,10582,10581,1
2019-06-12,17:40:08.021000,10581,10582,10581,1
2019-06-12,17:40:08.027000,10581,10582,10581,1
2019-06-12,17:40:08.047000,10581,10582,10581,3
2019-06-12,17:40:08.051000,10581,10582,10581,1
2019-06-12,17:40:08.264000,10581,10582,10581,1
2019-06-12,17:40:08.541000,10581,10582,10581,6
2019-06-12,17:40:08.560000,10581,10582,10581,2
2019-06-12,17:40:08.996000,10581,10582,10581,6
2019-06-12,17:40:09.074000,10581,10582,10581,1
2019-06-12,17:40:09.074000,10581,10582,10581,3
2019-06-12,17:40:09.074000,10581,10582,10581,4
2019-06-12,17:40:09.252000,10580,10582,10580,4
2019-06-12,17:40:09.263000,10580,10582,10580,1
2019-06-12,17:40:09.394000,10580,10582,10580,4
2019-06-12,17:40:09.450000,10580,10581,10581,3
2019-06-12,17:40:09.453000,10580,10581,10580,1
2019-06-12,17:40:12.718000,10581,10582,10581,1
2019-06-12,17:40:20.707000,10581,10582,10582,1
2019-06-12,17:40:20.708000,10581,10582,10582,3
2019-06-12,17:40:20.708000,10581,10582,10582,2
2019-06-12,17:40:20.826000,10582,10583,10582,1
2019-06-12,17:40:42.709000,10581,10582,10582,1
2019-06-12,17:40:48.890000,10581,10582,10582,1
2019-06-12,17:40:52.909000,10581,10582,10582,3
2019-06-12,17:40:59.547000,10582,10583,10582,7
2019-06-12,17:41:02.354000,10582,10583,10582,1
2019-06-12,17:41:05.316000,10581,10583,10582,4
2019-06-12,17:41:06.911000,10582,10583,10582,4
2019-06-12,17:41:37.111000,10582,10583,10582,1
2019-06-12,17:41:40.818000,10582,10583,10582,2
2019-06-12,17:42:14.259000,10582,10583,10582,1
2019-06-12,17:42:25.107000,10582,10583,10582,2
2019-06-12,17:42:38.217000,10582,10583,10583,1
2019-06-12,17:42:38.220000,10582,10583,10583,6
2019-06-12,17:42:38.266000,10582,10583,10583,1
2019-06-12,17:42:38.478000,10582,10583,10583,1
2019-06-12,17:42:40.481000,10583,10584,10583,1
2019-06-12,17:42:48.355000,10582,10583,10582,5
2019-06-12,17:42:55.763000,10582,10583,10582,1
2019-06-12,17:43:00.151000,10582,10583,10582,4
2019-06-12,17:43:00.151000,10582,10583,10582,2
2019-06-12,17:43:02.175000,10581,10582,10582,1
2019-06-12,17:43:03.323000,10581,10582,10582,2
2019-06-12,17:43:13.607000,10581,10582,10582,1
2019-06-12,17:43:24.563000,10581,10582,10582,2
2019-06-12,17:43:25.308000,10581,10582,10582,1
2019-06-12,17:43:28.322000,10581,10582,10582,1
2019-06-12,17:44:00.023000,10581,10582,10582,1
2019-06-12,17:44:16.568000,10581,10582,10582,1
2019-06-12,17:44:22.522000,10581,10583,10581,1
2019-06-12,17:44:35.433000,10581,10582,10581,1
2019-06-12,17:44:37.789000,10581,10582,10581,1
2019-06-12,17:44:45.603000,10581,10582,10581,1
2019-06-12,17:44:48.210000,10581,10582,10581,6
2019-06-12,17:44:48.324000,10581,10582,10581,1
2019-06-12,17:44:48.449000,10581,10582,10581,1
2019-06-12,17:44:52.386000,10581,10582,10581,5
2019-06-12,17:44:53.110000,10581,10582,10581,2
2019-06-12,17:44:53.837000,10580,10581,10581,1
2019-06-12,17:44:53.932000,10580,10581,10581,1
2019-06-12,17:44:56.693000,10581,10582,10581,1
2019-06-12,17:44:59.695000,10581,10582,10581,2
2019-06-12,17:45:03.649000,10581,10582,10582,1
2019-06-12,17:45:04.044000,10581,10582,10581,2
2019-06-12,17:45:05.004000,10581,10582,10581,1
2019-06-12,17:45:07.163000,10580,10582,10580,1
2019-06-12,17:45:07.319000,10580,10582,10580,8
2019-06-12,17:45:07.326000,10580,10582,10580,24
2019-06-12,17:45:12.668000,10580,10581,10581,4
2019-06-12,17:45:27.864000,10580,10581,10581,1
2019-06-12,17:45:28.081000,10580,10581,10581,1
2019-06-12,17:45:29.753000,10580,10581,10580,1
2019-06-12,17:45:32.528000,10580,10581,10580,1
2019-06-12,17:45:35.794000,10580,10581,10580,1
2019-06-12,17:45:43.229000,10580,10581,10580,1
2019-06-12,17:45:50.039000,10580,10581,10580,1
2019-06-12,17:45:51.660000,10580,10581,10581,1
2019-06-12,17:45:58.016000,10580,10581,10581,2
2019-06-12,17:45:58.051000,10580,10581,10581,6
2019-06-12,17:45:58.051000,10580,10581,10581,2
2019-06-12,17:45:58.051000,10580,10581,10581,5
2019-06-12,17:46:05.376000,10581,10582,10581,3
2019-06-12,17:46:08.488000,10581,10582,10582,10
2019-06-12,17:46:16.728000,10581,10582,10582,1
2019-06-12,17:46:18.547000,10581,10582,10581,3
2019-06-12,17:46:21.340000,10581,10582,10581,9
2019-06-12,17:46:26.050000,10580,10581,10581,1
2019-06-12,17:46:29.289000,10580,10581,10581,1
2019-06-12,17:46:29.740000,10580,10581,10581,1
2019-06-12,17:46:30.447000,10580,10581,10581,1
2019-06-12,17:46:31.322000,10580,10581,10581,1
2019-06-12,17:46:36.461000,10580,10581,10581,2
2019-06-12,17:46:39.408000,10581,10582,10581,1
2019-06-12,17:46:49.608000,10581,10582,10581,1
2019-06-12,17:47:39.500000,10581,10582,10581,1
2019-06-12,17:47:43.711000,10581,10582,10581,1
2019-06-12,17:48:11.110000,10581,10582,10582,2
2019-06-12,17:48:11.777000,10581,10582,10581,1
2019-06-12,17:48:12.231000,10581,10582,10581,6
2019-06-12,17:48:19.102000,10581,10582,10581,2
2019-06-12,17:48:28.344000,10581,10582,10582,1
2019-06-12,17:48:28.449000,10581,10582,10582,1
2019-06-12,17:48:30.468000,10581,10582,10582,1
2019-06-12,17:48:34.139000,10581,10582,10582,1
2019-06-12,17:48:34.324000,10582,10583,10582,1
2019-06-12,17:48:52.969000,10582,10583,10582,4
2019-06-12,17:48:56.158000,10581,10582,10582,1
2019-06-12,17:48:59.760000,10581,10582,10582,1
2019-06-12,17:49:00.509000,10582,10583,10582,1
2019-06-12,17:49:00.574000,10582,10583,10582,1
2019-06-12,17:49:00.824000,10582,10583,10582,1
2019-06-12,17:49:02.275000,10582,10583,10583,1
2019-06-12,17:49:02.887000,10582,10583,10583,1
2019-06-12,17:49:15.943000,10582,10583,10582,2
2019-06-12,17:49:18.879000,10581,10582,10582,1
2019-06-12,17:49:31.875000,10581,10582,10582,1
2019-06-12,17:49:35.905000,10582,10583,10583,1
2019-06-12,17:49:40.766000,10582,10583,10583,1
2019-06-12,17:49:59.391000,10582,10583,10582,1
2019-06-12,17:50:24.725000,10582,10583,10582,1
2019-06-12,17:50:25.386000,10582,10583,10583,1
2019-06-12,17:50:25.409000,10582,10583,10583,1
2019-06-12,17:50:47.367000,10582,10583,10582,5
2019-06-12,17:50:58.748000,10582,10583,10582,5
2019-06-12,17:51:29.074000,10582,10583,10582,2
2019-06-12,17:51:29.199000,10582,10583,10582,2
2019-06-12,17:51:34.320000,10581,10582,10582,1
2019-06-12,17:51:34.970000,10581,10583,10583,1
2019-06-12,17:51:40.199000,10581,10582,10581,1
2019-06-12,17:51:52.775000,10581,10582,10581,1
2019-06-12,17:52:08.351000,10581,10582,10582,1
2019-06-12,17:52:58.303000,10581,10582,10582,2
2019-06-12,17:53:09.848000,10581,10582,10581,1
2019-06-12,17:53:09.872000,10581,10582,10581,1
2019-06-12,17:53:09.949000,10581,10582,10581,2
2019-06-12,17:53:09.949000,10581,10582,10581,1
2019-06-12,17:53:09.949000,10581,10582,10581,1
2019-06-12,17:53:10.076000,10581,10582,10581,14
2019-06-12,17:53:10.458000,10580,10581,10581,1
2019-06-12,17:53:38.164000,10580,10581,10581,1
2019-06-12,17:53:42.520000,10580,10581,10581,1
2019-06-12,17:53:52.333000,10580,10581,10581,1
2019-06-12,17:53:57.915000,10580,10581,10581,1
2019-06-12,17:54:01.761000,10580,10581,10581,1
2019-06-12,17:54:56.668000,10580,10581,10581,1
2019-06-12,17:55:00.567000,10580,10581,10581,2
2019-06-12,17:55:06.358000,10580,10581,10581,1
2019-06-12,17:55:06.449000,10580,10581,10581,1
2019-06-12,17:55:06.695000,10580,10581,10581,1
2019-06-12,17:55:06.699000,10580,10581,10581,1
2019-06-12,17:55:07.549000,10580,10581,10581,1
2019-06-12,17:55:07.970000,10581,10582,10581,1
2019-06-12,17:55:25.599000,10581,10582,10582,1
2019-06-12,17:55:33.735000,10581,10582,10582,1
2019-06-12,17:55:33.976000,10581,10582,10582,2
2019-06-12,17:55:48.315000,10581,10582,10582,1
2019-06-12,17:55:53.999000,10581,10582,10581,1
2019-06-12,17:56:02.178000,10581,10582,10581,12
2019-06-12,17:56:02.179000,10581,10582,10581,3
2019-06-12,17:56:02.618000,10580,10581,10581,1
2019-06-12,17:56:14.981000,10581,10582,10581,1
2019-06-12,17:56:26.953000,10581,10582,10582,2
2019-06-12,17:56:40.012000,10581,10582,10581,2
2019-06-12,17:56:49.583000,10580,10581,10581,4
2019-06-12,17:56:49.755000,10580,10581,10581,4
2019-06-12,17:57:08.192000,10580,10581,10581,3
2019-06-12,17:57:49.443000,10581,10582,10581,1
2019-06-12,17:58:34.108000,10581,10582,10582,3
2019-06-12,17:58:38.728000,10581,10582,10582,1
2019-06-12,17:58:49.119000,10581,10582,10582,1
2019-06-12,17:59:02.731000,10581,10582,10582,1
2019-06-12,17:59:09.868000,10581,10582,10582,1
2019-06-12,17:59:34.604000,10581,10582,10581,3
2019-06-12,17:59:43.728000,10581,10582,10582,1
2019-06-12,18:00:07.017000,10581,10582,10581,2
2019-06-12,18:00:07.409000,10581,10582,10581,4
2019-06-12,18:00:07.586000,10581,10582,10582,2
2019-06-12,18:00:07.845000,10581,10582,10581,1
2019-06-12,18:00:07.850000,10581,10582,10581,1
2019-06-12,18:00:07.993000,10581,10582,10581,2
2019-06-12,18:00:08.029000,10581,10582,10582,1
2019-06-12,18:00:08.136000,10581,10582,10581,2
2019-06-12,18:00:08.199000,10581,10582,10582,4
2019-06-12,18:00:08.220000,10581,10582,10582,3
2019-06-12,18:00:11.656000,10581,10582,10581,1
2019-06-12,18:00:11.961000,10581,10582,10581,1
2019-06-12,18:00:12.007000,10581,10582,10581,1
2019-06-12,18:00:36.434000,10581,10582,10582,2
2019-06-12,18:00:44.023000,10582,10583,10582,1
2019-06-12,18:00:54.077000,10582,10583,10582,4
2019-06-12,18:00:59.790000,10582,10583,10583,1
2019-06-12,18:00:59.824000,10582,10583,10583,1
2019-06-12,18:01:00.816000,10582,10583,10583,1
2019-06-12,18:01:22.625000,10582,10583,10583,1
2019-06-12,18:01:23.341000,10582,10583,10583,1
2019-06-12,18:01:23.379000,10582,10583,10583,1
2019-06-12,18:01:31.410000,10582,10583,10583,1
2019-06-12,18:02:09.656000,10582,10583,10583,2
2019-06-12,18:02:11.975000,10582,10583,10583,1
2019-06-12,18:02:11.976000,10582,10583,10583,1
2019-06-12,18:02:11.976000,10582,10583,10583,1
2019-06-12,18:02:12.017000,10582,10583,10583,2
2019-06-12,18:02:12.017000,10582,10583,10583,3
2019-06-12,18:02:12.017000,10582,10583,10583,3
2019-06-12,18:02:24.450000,10582,10583,10582,2
2019-06-12,18:02:25.077000,10582,10583,10583,1
2019-06-12,18:02:25.487000,10582,10583,10583,2
2019-06-12,18:02:46.697000,10582,10583,10583,1
2019-06-12,18:02:54.165000,10582,10583,10582,3
2019-06-12,18:03:11.771000,10582,10583,10583,2
2019-06-12,18:03:19.302000,10582,10583,10582,2
2019-06-12,18:04:12.624000,10582,10583,10583,1
2019-06-12,18:04:42.362000,10582,10583,10583,1
2019-06-12,18:05:03.023000,10582,10583,10583,2
2019-06-12,18:05:17.926000,10582,10583,10583,1
2019-06-12,18:05:24.061000,10582,10583,10583,1
2019-06-12,18:06:03.135000,10582,10583,10583,6
2019-06-12,18:06:27.057000,10582,10583,10583,1
2019-06-12,18:06:27.057000,10582,10583,10584,2
2019-06-12,18:06:30.692000,10582,10583,10583,1
2019-06-12,18:06:38.096000,10583,10584,10584,1
2019-06-12,18:06:38.744000,10583,10584,10583,1
2019-06-12,18:06:45.042000,10583,10584,10583,1
2019-06-12,18:06:45.152000,10583,10584,10583,1
2019-06-12,18:06:52.330000,10583,10584,10583,1
2019-06-12,18:06:54.635000,10583,10584,10583,1
2019-06-12,18:07:32.852000,10582,10583,10583,5
2019-06-12,18:07:32.951000,10582,10583,10583,1
2019-06-12,18:07:54.396000,10582,10583,10583,2
2019-06-12,18:08:25.497000,10582,10583,10582,1
2019-06-12,18:08:25.770000,10582,10583,10582,1
2019-06-12,18:08:25.824000,10582,10583,10582,1
2019-06-12,18:08:38.073000,10582,10583,10582,1
2019-06-12,18:08:38.952000,10582,10583,10582,1
2019-06-12,18:08:38.952000,10582,10583,10582,1
2019-06-12,18:08:39.074000,10582,10583,10582,1
2019-06-12,18:08:39.074000,10582,10583,10582,1
2019-06-12,18:08:39.074000,10582,10583,10582,1
2019-06-12,18:08:39.074000,10582,10583,10582,1
2019-06-12,18:08:39.081000,10582,10583,10582,1
2019-06-12,18:08:41.418000,10581,10582,10581,1
2019-06-12,18:08:41.706000,10581,10582,10581,2
2019-06-12,18:08:41.706000,10581,10582,10581,6
2019-06-12,18:08:41.707000,10581,10582,10581,5
2019-06-12,18:08:41.707000,10581,10582,10581,1
2019-06-12,18:08:41.707000,10581,10582,10581,4
2019-06-12,18:08:41.803000,10581,10582,10580,1
2019-06-12,18:08:42.200000,10580,10581,10581,2
2019-06-12,18:08:42.211000,10580,10581,10581,2
2019-06-12,18:08:42.211000,10580,10581,10581,1
2019-06-12,18:08:42.211000,10580,10581,10581,2
2019-06-12,18:08:42.212000,10580,10581,10581,2
2019-06-12,18:08:42.216000,10580,10581,10581,1
2019-06-12,18:08:42.226000,10580,10581,10581,2
2019-06-12,18:08:42.264000,10580,10581,10581,1
2019-06-12,18:08:43.116000,10581,10582,10581,1
2019-06-12,18:08:47.716000,10580,10581,10581,5
2019-06-12,18:09:02.114000,10580,10581,10580,1
2019-06-12,18:09:02.364000,10580,10581,10580,1
2019-06-12,18:09:02.535000,10580,10581,10580,1
2019-06-12,18:09:08.981000,10580,10581,10580,1
2019-06-12,18:09:13.111000,10580,10581,10580,1
2019-06-12,18:09:17.733000,10580,10581,10580,14
2019-06-12,18:09:18.750000,10580,10581,10580,1
2019-06-12,18:09:23.806000,10580,10581,10580,4
2019-06-12,18:09:29.539000,10580,10581,10580,1
2019-06-12,18:09:30.173000,10580,10581,10580,1
2019-06-12,18:09:32.568000,10580,10581,10580,4
2019-06-12,18:09:38.793000,10580,10581,10580,2
2019-06-12,18:09:41.321000,10580,10581,10580,2
2019-06-12,18:09:43.635000,10580,10581,10580,8
2019-06-12,18:10:03.969000,10579,10580,10580,1
2019-06-12,18:10:17.419000,10579,10580,10580,2
2019-06-12,18:10:20.795000,10579,10580,10579,45
2019-06-12,18:10:20.870000,10578,10580,10578,2
2019-06-12,18:10:20.953000,10578,10579,10578,3
2019-06-12,18:10:20.958000,10578,10579,10578,1
2019-06-12,18:10:21.019000,10578,10579,10578,1
2019-06-12,18:10:21.132000,10578,10579,10578,1
2019-06-12,18:10:22.020000,10578,10579,10578,1
2019-06-12,18:10:22.293000,10578,10579,10578,1
2019-06-12,18:10:22.369000,10578,10579,10578,1
2019-06-12,18:10:22.726000,10578,10579,10579,1
2019-06-12,18:10:25.064000,10578,10579,10579,1
2019-06-12,18:10:35.213000,10578,10579,10579,1
2019-06-12,18:10:43.286000,10578,10579,10578,1
2019-06-12,18:10:44.454000,10578,10579,10578,29
2019-06-12,18:10:44.454000,10578,10579,10577,71
2019-06-12,18:10:44.493000,10578,10579,10577,1
2019-06-12,18:10:44.574000,10577,10578,10577,1
2019-06-12,18:10:44.574000,10577,10578,10577,3
2019-06-12,18:10:44.574000,10577,10578,10577,2
2019-06-12,18:10:44.642000,10577,10578,10576,1
2019-06-12,18:10:44.836000,10576,10577,10576,3
2019-06-12,18:10:44.852000,10576,10577,10576,1
2019-06-12,18:10:44.940000,10576,10577,10576,5
2019-06-12,18:10:45.004000,10576,10577,10576,12
2019-06-12,18:10:45.242000,10576,10577,10576,4
2019-06-12,18:10:46.318000,10576,10577,10576,1
2019-06-12,18:10:46.332000,10576,10577,10576,1
2019-06-12,18:10:51.256000,10576,10577,10577,2
2019-06-12,18:10:51.567000,10576,10577,10576,3
2019-06-12,18:10:52.674000,10576,10577,10576,1
2019-06-12,18:10:53.828000,10576,10577,10576,1
2019-06-12,18:10:53.836000,10576,10577,10577,1
2019-06-12,18:10:54.589000,10576,10577,10577,5
2019-06-12,18:10:58.749000,10576,10577,10577,1
2019-06-12,18:11:03.505000,10576,10577,10577,2
2019-06-12,18:11:04.405000,10576,10577,10576,1
2019-06-12,18:11:08.383000,10576,10577,10576,2
2019-06-12,18:11:10.571000,10576,10577,10577,1
2019-06-12,18:11:10.671000,10576,10577,10576,1
2019-06-12,18:11:14.317000,10576,10577,10576,2
2019-06-12,18:11:14.599000,10576,10577,10577,2
2019-06-12,18:11:15.981000,10576,10577,10576,8
2019-06-12,18:11:21.827000,10576,10577,10576,4
2019-06-12,18:11:22.447000,10576,10577,10576,2
2019-06-12,18:11:22.688000,10576,10577,10576,1
2019-06-12,18:11:24.084000,10575,10576,10576,1
2019-06-12,18:11:24.091000,10575,10576,10576,1
2019-06-12,18:11:29.072000,10575,10576,10575,1
2019-06-12,18:11:29.136000,10575,10576,10576,1
2019-06-12,18:11:29.191000,10575,10576,10575,3
2019-06-12,18:11:29.406000,10575,10576,10575,1
2019-06-12,18:11:29.436000,10575,10576,10575,1
2019-06-12,18:11:30.711000,10575,10576,10575,1
2019-06-12,18:11:31.785000,10575,10576,10575,1
2019-06-12,18:11:34.212000,10575,10576,10576,2
2019-06-12,18:11:34.479000,10575,10576,10575,1
2019-06-12,18:11:37.791000,10575,10576,10575,1
2019-06-12,18:11:45.192000,10575,10576,10575,1
2019-06-12,18:11:45.350000,10575,10576,10576,10
2019-06-12,18:11:45.447000,10575,10576,10576,1
2019-06-12,18:11:45.620000,10576,10577,10576,1
2019-06-12,18:11:46.511000,10576,10577,10576,3
2019-06-12,18:11:50.903000,10576,10577,10576,1
2019-06-12,18:11:55.201000,10576,10577,10576,3
2019-06-12,18:11:58.780000,10576,10577,10576,10
2019-06-12,18:11:59.679000,10576,10577,10576,1
2019-06-12,18:11:59.828000,10576,10577,10576,1
2019-06-12,18:12:01.228000,10576,10577,10576,1
2019-06-12,18:12:02.070000,10576,10577,10576,1
2019-06-12,18:12:03.828000,10576,10577,10576,1
2019-06-12,18:12:05.442000,10576,10577,10576,1
2019-06-12,18:12:07.844000,10576,10577,10576,2
2019-06-12,18:12:08.111000,10576,10577,10576,2
2019-06-12,18:12:08.119000,10576,10577,10576,1
2019-06-12,18:12:09.672000,10575,10576,10576,1
2019-06-12,18:12:18.230000,10575,10576,10576,1
2019-06-12,18:12:19.660000,10575,10576,10576,3
2019-06-12,18:12:19.861000,10575,10576,10575,1
2019-06-12,18:12:28.882000,10575,10576,10575,2
2019-06-12,18:12:29.803000,10575,10576,10575,1
2019-06-12,18:12:31.387000,10575,10576,10576,2
2019-06-12,18:12:31.482000,10575,10576,10575,1
2019-06-12,18:12:34.449000,10575,10576,10576,4
2019-06-12,18:12:42.927000,10576,10577,10577,24
2019-06-12,18:12:47.630000,10576,10577,10576,2
2019-06-12,18:12:47.665000,10576,10577,10577,1
2019-06-12,18:12:48.519000,10577,10578,10577,2
2019-06-12,18:13:10.299000,10576,10577,10577,2
2019-06-12,18:13:12.812000,10577,10578,10577,4
2019-06-12,18:13:14.036000,10577,10578,10577,1
2019-06-12,18:13:17.413000,10577,10578,10578,1
2019-06-12,18:13:19.536000,10577,10578,10578,1
2019-06-12,18:13:20.674000,10577,10578,10577,2
2019-06-12,18:13:22.360000,10577,10578,10577,1
2019-06-12,18:13:33.143000,10577,10578,10578,1
2019-06-12,18:13:33.199000,10577,10578,10578,1
2019-06-12,18:13:39.500000,10577,10578,10578,1
2019-06-12,18:13:45.291000,10577,10578,10578,1
2019-06-12,18:13:55.716000,10577,10578,10577,3
2019-06-12,18:13:58.194000,10577,10578,10578,1
2019-06-12,18:13:58.520000,10577,10578,10578,2
2019-06-12,18:14:05.534000,10577,10578,10578,1
2019-06-12,18:14:05.574000,10577,10578,10578,1
2019-06-12,18:14:05.824000,10577,10578,10578,21
2019-06-12,18:14:06.204000,10578,10579,10579,1
2019-06-12,18:14:11.355000,10578,10579,10578,2
2019-06-12,18:14:12.487000,10578,10579,10579,1
2019-06-12,18:14:14.550000,10578,10579,10579,1
2019-06-12,18:14:27.467000,10578,10579,10579,1
2019-06-12,18:14:28.147000,10578,10579,10579,2
2019-06-12,18:14:30.479000,10578,10579,10579,1
2019-06-12,18:14:31.221000,10578,10579,10579,2
2019-06-12,18:14:31.683000,10578,10579,10579,1
2019-06-12,18:14:39.228000,10578,10579,10579,1
2019-06-12,18:14:52.814000,10578,10579,10579,1
2019-06-12,18:15:00.754000,10578,10579,10578,5
2019-06-12,18:15:01.023000,10578,10579,10578,5
2019-06-12,18:15:05.206000,10578,10579,10578,1
2019-06-12,18:15:15.584000,10578,10579,10578,1
2019-06-12,18:15:16.057000,10578,10579,10578,1
2019-06-12,18:15:25.497000,10578,10579,10578,1
2019-06-12,18:15:36.430000,10578,10579,10578,2
2019-06-12,18:15:39.330000,10578,10579,10578,1
2019-06-12,18:15:44.907000,10578,10579,10578,3
2019-06-12,18:15:55.129000,10578,10579,10578,2
2019-06-12,18:16:08.108000,10578,10579,10578,1
2019-06-12,18:16:12.677000,10578,10579,10578,1
2019-06-12,18:16:19.196000,10578,10579,10578,1
2019-06-12,18:16:32.343000,10578,10579,10578,1
2019-06-12,18:16:41.517000,10578,10579,10579,2
2019-06-12,18:16:46.442000,10578,10579,10579,1
2019-06-12,18:16:46.837000,10578,10579,10579,1
2019-06-12,18:16:46.949000,10578,10579,10579,2
2019-06-12,18:16:46.949000,10578,10579,10579,4
2019-06-12,18:16:46.949000,10578,10579,10579,2
2019-06-12,18:16:48.201000,10579,10580,10579,1
2019-06-12,18:16:57.788000,10579,10580,10579,1
2019-06-12,18:16:58.470000,10579,10580,10579,2
2019-06-12,18:17:12.557000,10579,10580,10580,3
2019-06-12,18:17:15.208000,10579,10580,10579,2
2019-06-12,18:17:33.147000,10579,10580,10579,1
2019-06-12,18:17:41.574000,10579,10580,10579,2
2019-06-12,18:17:52.522000,10579,10580,10579,1
2019-06-12,18:17:54.493000,10579,10580,10579,1
2019-06-12,18:18:01.148000,10579,10580,10579,1
2019-06-12,18:18:01.206000,10579,10580,10579,1
2019-06-12,18:18:01.449000,10579,10580,10579,1
2019-06-12,18:18:12.626000,10579,10580,10579,5
2019-06-12,18:18:29.048000,10578,10579,10579,1
2019-06-12,18:18:30.226000,10578,10579,10579,2
2019-06-12,18:18:32.519000,10578,10579,10579,1
2019-06-12,18:19:02.934000,10578,10579,10579,1
2019-06-12,18:19:02.971000,10578,10579,10579,6
2019-06-12,18:19:04.326000,10579,10580,10579,1
2019-06-12,18:19:26.787000,10579,10580,10579,1
2019-06-12,18:19:30.570000,10578,10579,10579,2
2019-06-12,18:19:52.914000,10578,10579,10579,1
2019-06-12,18:20:22.894000,10579,10580,10580,3
2019-06-12,18:20:27.022000,10579,10580,10580,1
2019-06-12,18:20:27.339000,10579,10580,10580,1
2019-06-12,18:20:27.679000,10579,10580,10580,1
2019-06-12,18:20:47.561000,10579,10580,10580,1
2019-06-12,18:20:47.602000,10579,10580,10579,1
2019-06-12,18:21:01.309000,10579,10580,10579,2
2019-06-12,18:21:12.601000,10579,10580,10579,19
2019-06-12,18:21:12.601000,10579,10580,10578,7
2019-06-12,18:21:22.329000,10579,10580,10579,1
2019-06-12,18:21:27.683000,10579,10580,10579,3
2019-06-12,18:21:31.151000,10578,10579,10580,2
2019-06-12,18:21:34.472000,10578,10580,10578,1
2019-06-12,18:21:45.233000,10578,10579,10579,1
2019-06-12,18:21:55.846000,10579,10580,10579,2
2019-06-12,18:21:57.966000,10579,10580,10580,1
2019-06-12,18:21:58.057000,10579,10580,10580,1
2019-06-12,18:21:58.074000,10579,10580,10580,15
2019-06-12,18:22:02.910000,10580,10581,10581,4
2019-06-12,18:22:03.200000,10580,10581,10581,1
2019-06-12,18:22:19.855000,10580,10581,10581,2
2019-06-12,18:22:48.217000,10580,10581,10580,2
2019-06-12,18:23:06.916000,10580,10581,10580,1
2019-06-12,18:23:11.586000,10580,10581,10581,2
2019-06-12,18:23:12.227000,10580,10581,10581,1
2019-06-12,18:23:15.688000,10580,10581,10581,3
2019-06-12,18:23:38.838000,10580,10581,10581,1
2019-06-12,18:23:59.741000,10580,10581,10581,1
2019-06-12,18:24:03.130000,10580,10581,10581,1
2019-06-12,18:24:03.945000,10580,10581,10581,1
2019-06-12,18:24:16.481000,10580,10581,10580,1
2019-06-12,18:24:24.430000,10580,10581,10581,2
2019-06-12,18:24:46.987000,10580,10581,10580,2
2019-06-12,18:24:48.297000,10580,10581,10580,1
2019-06-12,18:24:58.322000,10580,10581,10580,1
2019-06-12,18:25:03.527000,10580,10581,10581,1
2019-06-12,18:25:37.116000,10580,10581,10580,5
2019-06-12,18:25:57.964000,10580,10581,10580,2
2019-06-12,18:26:05.963000,10580,10581,10580,1
2019-06-12,18:26:12.127000,10580,10581,10580,1
2019-06-12,18:26:14.065000,10580,10581,10580,8
2019-06-12,18:26:39.749000,10579,10580,10579,1
2019-06-12,18:26:39.998000,10579,10580,10579,2
2019-06-12,18:26:40.037000,10579,10580,10579,1
2019-06-12,18:26:40.497000,10579,10580,10579,1
2019-06-12,18:26:55.951000,10579,10580,10580,2
2019-06-12,18:27:15.754000,10579,10580,10580,1
2019-06-12,18:27:15.762000,10579,10580,10580,1
2019-06-12,18:28:01.308000,10579,10580,10579,6
2019-06-12,18:28:01.309000,10579,10580,10579,5
2019-06-12,18:28:33.080000,10578,10579,10579,1
2019-06-12,18:28:33.205000,10578,10579,10579,3
2019-06-12,18:28:39.247000,10579,10580,10579,1
2019-06-12,18:28:40.099000,10579,10580,10580,1
2019-06-12,18:28:54.850000,10579,10580,10580,1
2019-06-12,18:28:58.086000,10579,10580,10580,1
2019-06-12,18:29:11.151000,10579,10580,10580,1
2019-06-12,18:29:11.343000,10579,10580,10580,1
2019-06-12,18:29:36.553000,10580,10581,10580,1
2019-06-12,18:29:52.452000,10580,10581,10581,10
2019-06-12,18:30:04.680000,10580,10581,10581,1
2019-06-12,18:30:05.096000,10580,10581,10580,2
2019-06-12,18:30:05.152000,10580,10581,10580,2
2019-06-12,18:30:05.201000,10580,10581,10580,2
2019-06-12,18:30:05.238000,10580,10581,10581,1
2019-06-12,18:30:15.770000,10580,10581,10581,1
2019-06-12,18:30:17.983000,10580,10581,10581,1
2019-06-12,18:30:18.973000,10580,10581,10580,6
2019-06-12,18:30:19.077000,10579,10580,10580,4
2019-06-12,18:31:09.679000,10580,10581,10581,3
2019-06-12,18:31:12.507000,10580,10581,10581,21
2019-06-12,18:31:58.795000,10580,10581,10581,2
2019-06-12,18:32:27.077000,10580,10581,10581,1
2019-06-12,18:32:52.754000,10580,10581,10580,1
2019-06-12,18:33:00.812000,10580,10581,10580,1
2019-06-12,18:33:47.669000,10580,10581,10580,1
2019-06-12,18:33:50.645000,10580,10581,10580,2
2019-06-12,18:33:52.515000,10580,10581,10580,2
2019-06-12,18:33:53.187000,10580,10581,10580,2
2019-06-12,18:33:53.456000,10580,10581,10580,1
2019-06-12,18:33:55.863000,10580,10581,10580,1
2019-06-12,18:33:56.853000,10580,10581,10581,3
2019-06-12,18:34:08.879000,10580,10581,10581,1
2019-06-12,18:34:26.195000,10580,10581,10581,1
2019-06-12,18:34:34.801000,10580,10581,10581,1
2019-06-12,18:34:51.206000,10580,10581,10581,1
2019-06-12,18:34:52.051000,10580,10581,10580,1
2019-06-12,18:35:00.648000,10580,10581,10581,1
2019-06-12,18:35:02.214000,10580,10581,10581,2
2019-06-12,18:35:02.947000,10580,10581,10580,8
2019-06-12,18:35:02.947000,10580,10581,10579,1
2019-06-12,18:35:11.472000,10580,10581,10581,2
2019-06-12,18:35:25.398000,10580,10581,10581,1
2019-06-12,18:35:30.052000,10580,10581,10581,1
2019-06-12,18:35:33.059000,10580,10581,10580,1
2019-06-12,18:36:12.827000,10580,10581,10581,1
2019-06-12,18:36:12.828000,10580,10581,10581,2
2019-06-12,18:36:12.828000,10580,10581,10581,2
2019-06-12,18:36:16.491000,10580,10581,10580,1
2019-06-12,18:36:33.064000,10580,10581,10580,1
2019-06-12,18:36:33.074000,10580,10581,10580,1
2019-06-12,18:36:51.855000,10580,10581,10580,1
2019-06-12,18:36:51.856000,10580,10581,10580,3
2019-06-12,18:37:05.617000,10579,10580,10580,3
2019-06-12,18:37:06.595000,10579,10580,10580,2
2019-06-12,18:37:14.704000,10579,10580,10580,1
2019-06-12,18:37:14.704000,10579,10580,10580,2
2019-06-12,18:37:26.514000,10579,10580,10580,2
2019-06-12,18:37:30.250000,10579,10580,10580,1
2019-06-12,18:37:33.898000,10579,10580,10580,2
2019-06-12,18:37:33.899000,10579,10580,10580,3
2019-06-12,18:37:33.899000,10579,10580,10580,2
2019-06-12,18:37:33.899000,10579,10580,10580,1
2019-06-12,18:37:35.929000,10580,10581,10581,2
2019-06-12,18:37:37.205000,10580,10581,10581,1
2019-06-12,18:37:53.943000,10580,10581,10581,1
2019-06-12,18:37:55.292000,10580,10581,10581,1
2019-06-12,18:38:04.934000,10580,10581,10581,1
2019-06-12,18:38:34.963000,10580,10581,10581,1
2019-06-12,18:38:41.169000,10580,10581,10581,1
2019-06-12,18:39:00.892000,10580,10582,10580,1
2019-06-12,18:39:07.358000,10580,10581,10580,1
2019-06-12,18:39:28.508000,10580,10581,10581,1
2019-06-12,18:39:41.960000,10581,10582,10582,1
2019-06-12,18:39:42.186000,10581,10582,10581,1
2019-06-12,18:39:58.198000,10581,10582,10582,20
2019-06-12,18:40:03.620000,10581,10582,10582,1
2019-06-12,18:40:04.380000,10581,10582,10582,1
2019-06-12,18:40:04.531000,10581,10582,10581,9
2019-06-12,18:40:50.585000,10582,10583,10583,1
2019-06-12,18:40:50.909000,10582,10583,10582,3
2019-06-12,18:40:51.110000,10582,10583,10583,1
2019-06-12,18:40:51.140000,10582,10583,10582,1
2019-06-12,18:40:56.471000,10582,10583,10583,1
2019-06-12,18:41:02.509000,10582,10583,10583,4
2019-06-12,18:41:05.481000,10582,10583,10583,1
2019-06-12,18:41:17.177000,10582,10583,10583,1
2019-06-12,18:41:19.082000,10582,10583,10583,1
2019-06-12,18:41:21.558000,10582,10583,10582,3
2019-06-12,18:41:21.891000,10581,10582,10581,1
2019-06-12,18:41:23.272000,10581,10582,10581,2
2019-06-12,18:42:20.906000,10581,10582,10582,1
2019-06-12,18:42:20.906000,10581,10582,10582,2
2019-06-12,18:42:20.906000,10581,10582,10582,2
2019-06-12,18:42:20.906000,10581,10582,10582,3
2019-06-12,18:42:20.907000,10581,10582,10582,7
2019-06-12,18:42:21.080000,10582,10583,10583,1
2019-06-12,18:42:27.455000,10581,10582,10582,1
2019-06-12,18:42:33.477000,10581,10582,10582,1
2019-06-12,18:42:42.541000,10581,10582,10582,1
2019-06-12,18:43:23.576000,10582,10583,10583,2
2019-06-12,18:43:24.932000,10582,10583,10582,1
2019-06-12,18:43:30.002000,10582,10583,10583,1
2019-06-12,18:43:30.803000,10582,10583,10583,2
2019-06-12,18:43:30.803000,10582,10583,10583,3
2019-06-12,18:43:32.889000,10582,10583,10583,1
2019-06-12,18:43:34.620000,10582,10583,10583,1
2019-06-12,18:43:34.919000,10582,10583,10583,1
2019-06-12,18:43:35.833000,10582,10583,10583,1
2019-06-12,18:43:48.904000,10583,10584,10583,1
2019-06-12,18:43:52.377000,10583,10584,10583,2
2019-06-12,18:43:52.597000,10583,10584,10583,2
2019-06-12,18:43:55.129000,10583,10584,10583,2
2019-06-12,18:44:01.130000,10582,10583,10583,1
2019-06-12,18:44:06.885000,10582,10583,10583,1
2019-06-12,18:44:17.379000,10583,10584,10583,2
2019-06-12,18:44:17.600000,10583,10584,10583,2
2019-06-12,18:44:18.867000,10583,10584,10583,1
2019-06-12,18:44:20.675000,10583,10584,10583,2
2019-06-12,18:44:20.886000,10583,10584,10583,2
2019-06-12,18:44:29.007000,10583,10584,10584,1
2019-06-12,18:44:29.107000,10583,10584,10584,1
2019-06-12,18:44:29.183000,10583,10584,10584,1
2019-06-12,18:44:29.329000,10583,10584,10584,1
2019-06-12,18:44:29.693000,10583,10584,10584,1
2019-06-12,18:44:29.775000,10583,10584,10583,1
2019-06-12,18:44:32.901000,10583,10584,10584,1
2019-06-12,18:44:36.203000,10583,10584,10583,2
2019-06-12,18:44:36.393000,10582,10584,10583,1
2019-06-12,18:44:44.641000,10582,10583,10583,1
2019-06-12,18:44:46.185000,10583,10584,10583,2
2019-06-12,18:44:48.516000,10583,10584,10583,1
2019-06-12,18:45:00.817000,10582,10583,10583,1
2019-06-12,18:45:01.146000,10582,10583,10583,2
2019-06-12,18:45:01.652000,10582,10583,10583,4
2019-06-12,18:45:01.857000,10582,10583,10583,2
2019-06-12,18:45:06.233000,10582,10583,10583,1
2019-06-12,18:45:23.900000,10582,10583,10583,1
2019-06-12,18:45:49.343000,10582,10583,10583,3
2019-06-12,18:46:25.108000,10582,10583,10583,1
2019-06-12,18:47:12.648000,10582,10583,10582,2
2019-06-12,18:47:29.230000,10582,10583,10582,1
2019-06-12,18:47:44.734000,10582,10583,10583,1
2019-06-12,18:47:45.790000,10582,10583,10582,1
2019-06-12,18:48:54.199000,10582,10583,10583,8
2019-06-12,18:48:54.199000,10582,10583,10583,2
2019-06-12,18:48:54.199000,10582,10583,10583,4
2019-06-12,18:48:54.324000,10582,10583,10583,1
2019-06-12,18:48:54.324000,10582,10583,10583,4
2019-06-12,18:48:54.817000,10583,10584,10584,2
2019-06-12,18:49:03.348000,10582,10583,10583,1
2019-06-12,18:49:06.326000,10582,10583,10582,1
2019-06-12,18:49:13.365000,10582,10583,10583,2
2019-06-12,18:49:15.068000,10582,10583,10582,2
2019-06-12,18:49:50.771000,10582,10583,10582,1
2019-06-12,18:50:01.207000,10582,10583,10582,2
2019-06-12,18:50:30.074000,10582,10583,10583,3
2019-06-12,18:50:59.983000,10582,10583,10583,2
2019-06-12,18:51:00.074000,10582,10583,10583,1
2019-06-12,18:51:07.056000,10582,10583,10583,1
2019-06-12,18:51:25.078000,10582,10583,10582,17
2019-06-12,18:52:05.404000,10582,10583,10582,1
2019-06-12,18:53:01.534000,10582,10583,10582,1
2019-06-12,18:53:02.067000,10582,10583,10582,2
2019-06-12,18:53:02.335000,10582,10583,10582,2
2019-06-12,18:53:02.605000,10582,10583,10582,2
2019-06-12,18:53:05.583000,10582,10583,10582,1
2019-06-12,18:53:29.249000,10581,10582,10582,1
2019-06-12,18:53:29.251000,10581,10582,10582,1
2019-06-12,18:53:29.324000,10581,10582,10582,1
2019-06-12,18:53:29.592000,10582,10583,10582,2
2019-06-12,18:54:00.964000,10582,10583,10582,1
2019-06-12,18:54:01.745000,10581,10582,10582,1
2019-06-12,18:54:03.727000,10581,10582,10582,2
2019-06-12,18:54:23.347000,10581,10582,10582,2
2019-06-12,18:54:56.002000,10581,10582,10581,1
2019-06-12,18:55:00.630000,10581,10582,10581,1
2019-06-12,18:55:11.979000,10581,10582,10582,1
2019-06-12,18:55:15.199000,10581,10582,10582,2
2019-06-12,18:55:31.861000,10582,10583,10582,1
2019-06-12,18:55:36.528000,10582,10583,10583,1
2019-06-12,18:55:45.982000,10582,10583,10583,1
2019-06-12,18:55:53.304000,10582,10583,10583,2
2019-06-12,18:56:05.805000,10582,10583,10583,1
2019-06-12,18:56:24.855000,10582,10583,10583,1
2019-06-12,18:56:24.949000,10582,10583,10583,6
2019-06-12,18:56:25.074000,10582,10583,10583,4
2019-06-12,18:56:25.074000,10582,10583,10583,2
2019-06-12,18:56:40.078000,10582,10583,10583,3
2019-06-12,18:57:01.604000,10582,10583,10583,1
2019-06-12,18:57:29.597000,10582,10583,10583,1
2019-06-12,18:57:42.096000,10582,10583,10583,1
2019-06-12,18:57:58.176000,10582,10583,10583,2
2019-06-12,18:58:02.186000,10582,10583,10583,2
2019-06-12,18:58:06.942000,10582,10583,10583,3
2019-06-12,18:58:47.756000,10582,10583,10583,1
2019-06-12,18:58:52.289000,10582,10583,10582,3
2019-06-12,18:59:22.650000,10582,10583,10582,1
2019-06-12,18:59:46.657000,10582,10583,10583,1
2019-06-12,19:00:00.441000,10582,10583,10583,6
2019-06-12,19:00:00.809000,10583,10584,10584,1
2019-06-12,19:00:00.871000,10583,10584,10584,2
2019-06-12,19:00:01.115000,10583,10584,10584,4
2019-06-12,19:00:01.393000,10583,10584,10584,1
2019-06-12,19:00:01.479000,10583,10584,10584,5
2019-06-12,19:00:01.479000,10583,10584,10584,1
2019-06-12,19:00:01.479000,10583,10584,10584,4
2019-06-12,19:00:01.480000,10583,10584,10584,2
2019-06-12,19:00:01.482000,10583,10584,10584,4
2019-06-12,19:00:01.494000,10583,10584,10584,4
2019-06-12,19:00:01.557000,10583,10584,10584,2
2019-06-12,19:00:01.567000,10583,10584,10584,4
2019-06-12,19:00:01.574000,10583,10584,10584,2
2019-06-12,19:00:02.141000,10584,10585,10585,8
2019-06-12,19:00:02.169000,10584,10585,10585,2
2019-06-12,19:00:02.172000,10584,10585,10585,1
2019-06-12,19:00:02.173000,10584,10585,10585,2
2019-06-12,19:00:02.177000,10584,10585,10585,5
2019-06-12,19:00:02.179000,10584,10585,10585,5
2019-06-12,19:00:02.199000,10584,10585,10585,2
2019-06-12,19:00:02.199000,10584,10585,10585,4
2019-06-12,19:00:02.199000,10584,10585,10585,1
2019-06-12,19:00:02.199000,10584,10585,10585,4
2019-06-12,19:00:02.199000,10584,10585,10585,2
2019-06-12,19:00:02.199000,10584,10585,10585,1
2019-06-12,19:00:02.251000,10584,10585,10585,4
2019-06-12,19:00:02.924000,10584,10585,10585,1
2019-06-12,19:00:03.041000,10584,10585,10585,1
2019-06-12,19:00:06.482000,10584,10585,10585,1
2019-06-12,19:00:08.824000,10584,10585,10584,1
2019-06-12,19:00:08.824000,10584,10585,10584,1
2019-06-12,19:00:17.782000,10584,10585,10584,1
2019-06-12,19:00:23.136000,10584,10585,10585,1
2019-06-12,19:00:25.214000,10584,10585,10584,1
2019-06-12,19:00:31.992000,10584,10585,10584,1
