2019-12-25,15:00:00.069000,12016,12018,12017,38
2019-12-25,15:00:00.513000,12017,12018,12018,2
2019-12-25,15:00:00.629000,12017,12018,12018,1
2019-12-25,15:00:00.733000,12017,12018,12018,1
2019-12-25,15:00:00.786000,12017,12018,12017,1
2019-12-25,15:00:00.869000,12017,12018,12018,1
2019-12-25,15:00:01.098000,12017,12019,12019,1
2019-12-25,15:00:01.106000,12017,12019,12017,1
2019-12-25,15:00:01.293000,12017,12019,12019,1
2019-12-25,15:00:01.622000,12017,12019,12019,1
2019-12-25,15:00:01.864000,12017,12019,12019,1
2019-12-25,15:00:01.933000,12017,12019,12018,1
2019-12-25,15:00:01.933000,12017,12019,12019,1
2019-12-25,15:00:01.995000,12017,12019,12017,1
2019-12-25,15:00:02.076000,12017,12019,12019,2
2019-12-25,15:00:07.338000,12017,12019,12018,1
2019-12-25,15:00:09.834000,12017,12018,12017,2
2019-12-25,15:00:11.070000,12017,12018,12018,3
2019-12-25,15:00:11.985000,12018,12019,12018,1
2019-12-25,15:00:13.227000,12017,12018,12017,2
2019-12-25,15:00:26.006000,12017,12018,12018,1
2019-12-25,15:00:27.793000,12017,12018,12018,3
2019-12-25,15:00:28.363000,12017,12018,12018,3
2019-12-25,15:00:31.369000,12017,12018,12018,2
2019-12-25,15:00:34.144000,12017,12018,12018,2
2019-12-25,15:00:38.569000,12017,12018,12018,1
2019-12-25,15:00:44.587000,12017,12018,12017,2
2019-12-25,15:00:49.720000,12017,12018,12017,1
2019-12-25,15:00:58.604000,12017,12018,12017,3
2019-12-25,15:00:59.413000,12017,12018,12018,1
2019-12-25,15:01:00.034000,12017,12018,12017,1
2019-12-25,15:01:00.054000,12017,12018,12018,1
2019-12-25,15:01:00.065000,12017,12018,12018,1
2019-12-25,15:01:00.232000,12017,12018,12018,1
2019-12-25,15:01:00.783000,12017,12018,12017,2
2019-12-25,15:01:01.205000,12017,12018,12017,2
2019-12-25,15:01:01.207000,12017,12018,12017,1
2019-12-25,15:01:01.829000,12017,12018,12018,2
2019-12-25,15:01:02.738000,12017,12018,12017,1
2019-12-25,15:01:11.796000,12017,12018,12017,1
2019-12-25,15:01:20.987000,12017,12018,12017,2
2019-12-25,15:01:24.580000,12017,12018,12018,1
2019-12-25,15:01:37.750000,12017,12018,12018,5
2019-12-25,15:01:38.622000,12017,12018,12018,1
2019-12-25,15:01:38.758000,12017,12018,12018,5
2019-12-25,15:01:39.140000,12017,12018,12018,1
2019-12-25,15:01:42.164000,12017,12018,12018,1
2019-12-25,15:01:42.292000,12017,12018,12018,2
2019-12-25,15:01:43.667000,12017,12018,12018,1
2019-12-25,15:01:46.357000,12017,12018,12018,1
2019-12-25,15:01:46.532000,12017,12018,12018,1
2019-12-25,15:01:48.197000,12017,12019,12018,1
2019-12-25,15:01:53.746000,12017,12018,12018,5
2019-12-25,15:01:58.911000,12017,12018,12018,1
2019-12-25,15:01:58.985000,12017,12018,12018,1
2019-12-25,15:01:59.124000,12017,12018,12018,1
2019-12-25,15:02:00.055000,12017,12018,12018,1
2019-12-25,15:02:11.059000,12018,12019,12019,1
2019-12-25,15:02:28.558000,12018,12019,12019,1
2019-12-25,15:02:30.075000,12018,12019,12019,1
2019-12-25,15:02:33.212000,12018,12019,12019,2
2019-12-25,15:02:34.341000,12018,12019,12019,1
2019-12-25,15:02:36.654000,12018,12019,12019,1
2019-12-25,15:02:39.426000,12018,12019,12019,1
2019-12-25,15:02:40.203000,12018,12019,12019,1
2019-12-25,15:02:40.900000,12018,12019,12019,1
2019-12-25,15:02:44.981000,12018,12019,12019,1
2019-12-25,15:02:51.719000,12018,12019,12018,1
2019-12-25,15:02:51.804000,12018,12019,12018,2
2019-12-25,15:03:06.951000,12018,12019,12018,1
2019-12-25,15:03:07.873000,12018,12019,12019,1
2019-12-25,15:03:17.464000,12018,12019,12019,1
2019-12-25,15:03:17.917000,12018,12019,12019,3
2019-12-25,15:03:22.332000,12018,12019,12019,6
2019-12-25,15:03:22.333000,12018,12019,12019,1
2019-12-25,15:03:22.342000,12018,12019,12019,1
2019-12-25,15:03:34.548000,12019,12020,12019,1
2019-12-25,15:03:38.550000,12019,12020,12020,1
2019-12-25,15:03:38.632000,12019,12020,12020,2
2019-12-25,15:03:38.950000,12019,12020,12019,1
2019-12-25,15:03:48.163000,12019,12020,12020,1
2019-12-25,15:03:52.165000,12019,12020,12020,1
2019-12-25,15:03:54.490000,12019,12020,12020,1
2019-12-25,15:03:57.884000,12019,12020,12020,1
2019-12-25,15:04:00.159000,12019,12020,12020,1
2019-12-25,15:04:01.917000,12019,12020,12020,3
2019-12-25,15:04:06.826000,12019,12020,12020,2
2019-12-25,15:04:13.609000,12019,12020,12020,1
2019-12-25,15:04:17.080000,12019,12020,12020,1
2019-12-25,15:04:35.901000,12019,12020,12020,5
2019-12-25,15:04:45.879000,12019,12020,12020,5
2019-12-25,15:04:59.720000,12019,12020,12019,1
2019-12-25,15:05:03.680000,12019,12020,12020,2
2019-12-25,15:05:04.875000,12019,12020,12020,1
2019-12-25,15:05:06.186000,12019,12020,12020,2
2019-12-25,15:05:06.219000,12019,12020,12020,1
2019-12-25,15:05:10.373000,12019,12020,12020,3
2019-12-25,15:05:13.609000,12019,12020,12020,2
2019-12-25,15:05:13.691000,12019,12020,12020,1
2019-12-25,15:05:15.140000,12019,12020,12020,1
2019-12-25,15:05:15.436000,12019,12020,12020,1
2019-12-25,15:05:15.465000,12019,12020,12020,2
2019-12-25,15:05:16.493000,12019,12020,12019,1
2019-12-25,15:05:33.952000,12019,12020,12019,1
2019-12-25,15:05:53.818000,12019,12020,12019,1
2019-12-25,15:06:00.851000,12019,12020,12020,3
2019-12-25,15:06:09.684000,12019,12020,12020,1
2019-12-25,15:06:15.094000,12019,12020,12019,1
2019-12-25,15:06:27.991000,12019,12020,12020,2
2019-12-25,15:06:31.872000,12019,12020,12020,1
2019-12-25,15:07:13.932000,12019,12020,12020,6
2019-12-25,15:07:22.195000,12019,12020,12020,1
2019-12-25,15:07:31.995000,12019,12020,12020,1
2019-12-25,15:07:32.339000,12019,12020,12019,1
2019-12-25,15:07:32.791000,12019,12020,12020,1
2019-12-25,15:07:44.323000,12019,12020,12020,3
2019-12-25,15:08:07.827000,12019,12020,12020,1
2019-12-25,15:08:09.781000,12019,12020,12020,1
2019-12-25,15:08:13.989000,12019,12020,12019,1
2019-12-25,15:08:27.872000,12019,12020,12020,7
2019-12-25,15:08:28.030000,12019,12020,12019,1
2019-12-25,15:08:31.344000,12019,12020,12019,1
2019-12-25,15:08:32.126000,12019,12020,12019,1
2019-12-25,15:09:01.997000,12019,12020,12019,1
2019-12-25,15:09:07.081000,12019,12020,12019,1
2019-12-25,15:09:17.239000,12019,12020,12020,25
2019-12-25,15:09:27.126000,12019,12020,12020,1
2019-12-25,15:09:30.324000,12019,12020,12020,1
2019-12-25,15:09:57.145000,12019,12020,12020,1
2019-12-25,15:10:12.021000,12019,12020,12019,2
2019-12-25,15:10:12.398000,12019,12020,12020,1
2019-12-25,15:10:12.654000,12019,12020,12020,1
2019-12-25,15:10:12.753000,12019,12020,12020,1
2019-12-25,15:10:30.070000,12019,12020,12020,1
2019-12-25,15:10:33.767000,12019,12020,12020,5
2019-12-25,15:10:34.720000,12019,12020,12019,1
2019-12-25,15:10:35.918000,12019,12020,12020,1
2019-12-25,15:10:47.013000,12019,12020,12020,1
2019-12-25,15:10:51.810000,12019,12020,12020,1
2019-12-25,15:10:54.771000,12019,12020,12020,1
2019-12-25,15:10:55.990000,12019,12020,12020,2
2019-12-25,15:10:56.479000,12019,12020,12020,2
2019-12-25,15:10:57.024000,12019,12020,12020,1
2019-12-25,15:10:57.093000,12019,12020,12020,2
2019-12-25,15:11:41.408000,12020,12021,12021,1
2019-12-25,15:11:44.487000,12020,12021,12021,1
2019-12-25,15:11:44.868000,12020,12021,12021,2
2019-12-25,15:11:45.823000,12020,12021,12021,2
2019-12-25,15:11:49.436000,12021,12022,12021,1
2019-12-25,15:12:04.825000,12021,12022,12022,2
2019-12-25,15:12:04.927000,12021,12022,12022,1
2019-12-25,15:12:05.014000,12021,12022,12022,1
2019-12-25,15:12:05.048000,12021,12022,12022,1
2019-12-25,15:12:05.063000,12021,12022,12022,4
2019-12-25,15:12:05.070000,12021,12022,12022,4
2019-12-25,15:12:05.076000,12021,12022,12022,1
2019-12-25,15:12:05.078000,12021,12022,12023,1
2019-12-25,15:12:05.136000,12022,12023,12023,1
2019-12-25,15:12:05.213000,12022,12023,12023,1
2019-12-25,15:12:05.250000,12022,12023,12023,1
2019-12-25,15:12:05.720000,12022,12023,12023,1
2019-12-25,15:12:05.731000,12022,12023,12023,3
2019-12-25,15:12:05.963000,12022,12023,12023,1
2019-12-25,15:12:06.151000,12022,12023,12023,1
2019-12-25,15:12:08.526000,12022,12024,12022,1
2019-12-25,15:12:10.257000,12023,12024,12023,1
2019-12-25,15:12:11.595000,12022,12023,12023,2
2019-12-25,15:12:12.166000,12022,12023,12023,1
2019-12-25,15:12:20.532000,12022,12023,12023,3
2019-12-25,15:12:25.281000,12022,12023,12022,1
2019-12-25,15:12:26.011000,12022,12023,12022,2
2019-12-25,15:12:27.358000,12022,12023,12022,6
2019-12-25,15:12:27.723000,12022,12023,12022,2
2019-12-25,15:12:30.551000,12022,12023,12022,2
2019-12-25,15:12:46.837000,12021,12022,12022,1
2019-12-25,15:12:47.192000,12021,12022,12022,2
2019-12-25,15:12:50.575000,12021,12022,12022,1
2019-12-25,15:12:57.189000,12021,12022,12022,1
2019-12-25,15:12:59.674000,12021,12022,12021,1
2019-12-25,15:13:05.612000,12021,12022,12022,1
2019-12-25,15:13:33.920000,12021,12022,12022,2
2019-12-25,15:13:35.464000,12021,12022,12022,1
2019-12-25,15:13:44.957000,12021,12022,12022,1
2019-12-25,15:13:53.915000,12021,12022,12022,1
2019-12-25,15:13:54.374000,12021,12022,12021,1
2019-12-25,15:14:17.208000,12021,12022,12021,1
2019-12-25,15:14:22.450000,12021,12022,12021,1
2019-12-25,15:14:36.220000,12021,12022,12021,1
2019-12-25,15:14:38.403000,12021,12022,12021,1
2019-12-25,15:15:03.958000,12021,12022,12022,1
2019-12-25,15:15:10.594000,12021,12022,12021,1
2019-12-25,15:15:13.093000,12021,12022,12022,1
2019-12-25,15:15:13.865000,12021,12022,12022,1
2019-12-25,15:15:30.651000,12021,12022,12022,1
2019-12-25,15:15:48.144000,12021,12022,12022,5
2019-12-25,15:15:50.274000,12021,12022,12022,1
2019-12-25,15:16:03.845000,12021,12022,12021,1
2019-12-25,15:16:04.850000,12021,12022,12022,1
2019-12-25,15:17:13.962000,12021,12022,12022,1
2019-12-25,15:17:13.969000,12021,12022,12021,1
2019-12-25,15:17:15.107000,12021,12022,12021,3
2019-12-25,15:17:24.968000,12021,12022,12021,1
2019-12-25,15:17:36.532000,12021,12022,12021,1
2019-12-25,15:18:09.163000,12021,12022,12022,1
2019-12-25,15:18:12.825000,12021,12022,12021,1
2019-12-25,15:18:16.044000,12021,12022,12021,1
2019-12-25,15:18:25.847000,12021,12022,12021,2
2019-12-25,15:18:25.970000,12021,12022,12021,1
2019-12-25,15:18:56.727000,12021,12022,12021,2
2019-12-25,15:19:05.049000,12021,12022,12021,2
2019-12-25,15:19:05.475000,12021,12022,12021,9
2019-12-25,15:19:05.475000,12021,12022,12020,1
2019-12-25,15:19:34.047000,12020,12021,12020,1
2019-12-25,15:19:34.108000,12020,12021,12020,9
2019-12-25,15:19:35.971000,12020,12021,12020,1
2019-12-25,15:19:42.536000,12020,12021,12020,1
2019-12-25,15:19:51.379000,12020,12021,12020,5
2019-12-25,15:20:31.490000,12020,12021,12020,1
2019-12-25,15:20:38.823000,12020,12021,12020,2
2019-12-25,15:20:45.470000,12020,12021,12020,1
2019-12-25,15:20:54.170000,12020,12021,12020,1
2019-12-25,15:21:06.127000,12020,12021,12020,1
2019-12-25,15:21:13.202000,12020,12021,12020,4
2019-12-25,15:21:29.402000,12019,12020,12019,8
2019-12-25,15:21:32.294000,12019,12020,12019,1
2019-12-25,15:21:42.469000,12019,12020,12019,1
2019-12-25,15:21:46.842000,12019,12020,12019,1
2019-12-25,15:21:54.699000,12019,12020,12019,1
2019-12-25,15:21:56.076000,12019,12020,12019,1
2019-12-25,15:22:08.842000,12019,12020,12019,1
2019-12-25,15:23:05.595000,12019,12020,12019,1
2019-12-25,15:23:59.094000,12019,12020,12019,1
2019-12-25,15:23:59.244000,12019,12020,12019,1
2019-12-25,15:24:20.863000,12019,12020,12019,5
2019-12-25,15:24:21.757000,12019,12020,12019,5
2019-12-25,15:24:28.343000,12019,12020,12019,5
2019-12-25,15:24:31.737000,12019,12020,12019,1
2019-12-25,15:24:32.182000,12019,12020,12019,3
2019-12-25,15:24:32.182000,12019,12020,12018,2
2019-12-25,15:24:33.842000,12018,12019,12019,1
2019-12-25,15:24:43.931000,12018,12019,12019,1
2019-12-25,15:25:07.007000,12018,12019,12018,5
2019-12-25,15:25:08.095000,12018,12019,12018,1
2019-12-25,15:25:09.222000,12018,12019,12018,5
2019-12-25,15:25:11.526000,12018,12019,12018,5
2019-12-25,15:25:13.826000,12018,12019,12018,1
2019-12-25,15:25:15.594000,12018,12019,12018,5
2019-12-25,15:25:15.976000,12018,12019,12018,5
2019-12-25,15:25:24.133000,12018,12019,12018,1
2019-12-25,15:26:03.844000,12018,12019,12018,1
2019-12-25,15:26:04.272000,12018,12019,12019,4
2019-12-25,15:26:04.347000,12018,12019,12019,4
2019-12-25,15:26:10.694000,12018,12019,12018,1
2019-12-25,15:26:34.158000,12018,12019,12018,1
2019-12-25,15:26:38.107000,12018,12019,12018,1
2019-12-25,15:26:44.520000,12018,12019,12018,1
2019-12-25,15:27:23.050000,12018,12019,12018,2
2019-12-25,15:27:24.968000,12018,12019,12018,5
2019-12-25,15:27:24.994000,12018,12019,12018,2
2019-12-25,15:27:25.019000,12018,12019,12018,2
2019-12-25,15:27:25.044000,12018,12019,12018,2
2019-12-25,15:27:26.897000,12017,12018,12018,1
2019-12-25,15:27:34.660000,12017,12018,12018,1
2019-12-25,15:27:54.163000,12018,12019,12019,2
2019-12-25,15:27:54.503000,12018,12019,12018,1
2019-12-25,15:27:54.515000,12018,12019,12019,1
2019-12-25,15:27:54.734000,12018,12019,12019,1
2019-12-25,15:27:54.926000,12018,12019,12019,1
2019-12-25,15:27:58.194000,12018,12019,12019,1
2019-12-25,15:28:02.177000,12019,12020,12019,1
2019-12-25,15:28:07.630000,12019,12020,12020,2
2019-12-25,15:28:07.642000,12019,12020,12020,1
2019-12-25,15:28:08.882000,12019,12020,12020,2
2019-12-25,15:28:10.513000,12019,12020,12020,2
2019-12-25,15:28:12.542000,12019,12020,12020,2
2019-12-25,15:28:15.712000,12019,12020,12020,1
2019-12-25,15:28:16.594000,12019,12020,12019,1
2019-12-25,15:28:16.767000,12019,12020,12019,1
2019-12-25,15:28:18.973000,12019,12020,12020,1
2019-12-25,15:28:19.900000,12019,12020,12020,2
2019-12-25,15:28:19.963000,12019,12020,12020,2
2019-12-25,15:28:20.052000,12019,12020,12020,2
2019-12-25,15:28:20.304000,12019,12020,12020,2
2019-12-25,15:28:21.063000,12019,12020,12020,1
2019-12-25,15:28:23.363000,12020,12021,12021,2
2019-12-25,15:28:42.179000,12020,12021,12020,1
2019-12-25,15:28:42.217000,12020,12021,12020,1
2019-12-25,15:28:59.261000,12019,12020,12020,1
2019-12-25,15:29:07.840000,12019,12020,12019,2
2019-12-25,15:29:07.843000,12019,12020,12019,2
2019-12-25,15:29:17.172000,12018,12019,12018,1
2019-12-25,15:29:17.218000,12018,12019,12018,4
2019-12-25,15:29:17.666000,12018,12019,12018,1
2019-12-25,15:29:17.717000,12017,12018,12018,1
2019-12-25,15:29:34.431000,12018,12019,12018,1
2019-12-25,15:29:51.897000,12018,12019,12018,1
2019-12-25,15:29:53.258000,12018,12019,12018,2
2019-12-25,15:30:03.831000,12018,12019,12018,1
2019-12-25,15:30:04.010000,12018,12019,12018,1
2019-12-25,15:30:04.015000,12018,12019,12018,1
2019-12-25,15:30:06.999000,12018,12019,12018,1
2019-12-25,15:30:31.844000,12018,12019,12018,1
2019-12-25,15:30:59.045000,12018,12019,12018,5
2019-12-25,15:31:43.970000,12018,12019,12018,1
2019-12-25,15:32:56.595000,12018,12019,12018,1
2019-12-25,15:33:08.677000,12018,12019,12019,1
2019-12-25,15:33:20.728000,12018,12019,12019,2
2019-12-25,15:33:46.931000,12018,12019,12018,1
2019-12-25,15:33:47.511000,12018,12019,12018,1
2019-12-25,15:33:47.720000,12018,12019,12018,1
2019-12-25,15:34:22.568000,12018,12019,12018,2
2019-12-25,15:34:52.596000,12018,12019,12018,1
2019-12-25,15:35:16.219000,12018,12019,12018,1
2019-12-25,15:36:13.595000,12018,12019,12018,1
2019-12-25,15:37:24.095000,12018,12019,12018,1
2019-12-25,15:37:58.538000,12018,12019,12018,2
2019-12-25,15:38:19.170000,12018,12019,12019,1
2019-12-25,15:38:19.219000,12018,12019,12018,1
2019-12-25,15:38:31.490000,12018,12019,12019,1
2019-12-25,15:38:34.769000,12018,12019,12019,1
2019-12-25,15:38:34.843000,12018,12019,12019,1
2019-12-25,15:39:06.921000,12019,12020,12019,1
2019-12-25,15:39:29.831000,12019,12020,12019,2
2019-12-25,15:39:32.012000,12019,12020,12019,1
2019-12-25,15:39:41.621000,12018,12019,12019,1
2019-12-25,15:39:49.899000,12018,12019,12019,1
2019-12-25,15:39:59.065000,12018,12019,12019,1
2019-12-25,15:40:03.340000,12018,12019,12019,1
2019-12-25,15:40:28.345000,12019,12020,12019,1
2019-12-25,15:41:26.408000,12019,12020,12019,1
2019-12-25,15:41:35.597000,12019,12020,12019,1
2019-12-25,15:41:35.720000,12019,12020,12019,1
2019-12-25,15:42:23.625000,12019,12020,12019,1
2019-12-25,15:42:40.470000,12018,12020,12018,1
2019-12-25,15:43:11.967000,12018,12019,12019,1
2019-12-25,15:43:46.073000,12019,12020,12019,1
2019-12-25,15:43:56.595000,12019,12020,12019,1
2019-12-25,15:44:04.842000,12018,12019,12019,1
2019-12-25,15:44:14.092000,12018,12019,12019,1
2019-12-25,15:44:22.342000,12018,12019,12019,2
2019-12-25,15:44:22.343000,12018,12019,12019,1
2019-12-25,15:44:22.343000,12018,12019,12019,1
2019-12-25,15:44:22.343000,12018,12019,12019,1
2019-12-25,15:45:03.971000,12019,12020,12019,1
2019-12-25,15:45:05.301000,12019,12020,12020,2
2019-12-25,15:45:05.354000,12019,12020,12020,2
2019-12-25,15:45:05.405000,12019,12020,12020,2
2019-12-25,15:45:05.493000,12019,12020,12020,1
2019-12-25,15:45:05.610000,12019,12020,12020,1
2019-12-25,15:45:05.697000,12019,12020,12020,1
2019-12-25,15:45:05.895000,12019,12020,12020,1
2019-12-25,15:45:05.928000,12019,12020,12020,1
2019-12-25,15:45:06.033000,12019,12020,12020,2
2019-12-25,15:45:06.213000,12019,12021,12021,1
2019-12-25,15:45:06.369000,12019,12021,12021,1
2019-12-25,15:45:17.184000,12019,12021,12021,1
2019-12-25,15:45:48.925000,12019,12020,12020,1
2019-12-25,15:45:51.197000,12020,12021,12021,1
2019-12-25,15:45:58.688000,12020,12021,12021,1
2019-12-25,15:46:00.961000,12020,12021,12021,1
2019-12-25,15:46:06.157000,12020,12021,12020,1
2019-12-25,15:46:11.495000,12020,12021,12020,1
2019-12-25,15:46:22.761000,12020,12021,12020,1
2019-12-25,15:46:32.443000,12020,12021,12020,1
2019-12-25,15:46:33.165000,12020,12021,12020,1
2019-12-25,15:47:03.595000,12019,12020,12019,1
2019-12-25,15:47:43.335000,12019,12020,12019,1
2019-12-25,15:47:47.550000,12019,12020,12019,1
2019-12-25,15:48:15.219000,12019,12020,12019,1
2019-12-25,15:48:15.857000,12019,12020,12020,1
2019-12-25,15:48:55.468000,12019,12020,12020,1
2019-12-25,15:49:16.070000,12019,12020,12020,1
2019-12-25,15:49:16.470000,12019,12020,12019,1
2019-12-25,15:49:18.414000,12019,12020,12020,1
2019-12-25,15:49:20.227000,12019,12020,12020,3
2019-12-25,15:49:28.362000,12019,12020,12020,1
2019-12-25,15:49:33.396000,12019,12020,12020,3
2019-12-25,15:49:52.206000,12020,12021,12020,1
2019-12-25,15:50:00.728000,12020,12021,12020,1
2019-12-25,15:50:11.970000,12020,12021,12020,1
2019-12-25,15:50:19.377000,12020,12021,12020,1
2019-12-25,15:51:16.766000,12019,12020,12020,1
2019-12-25,15:51:39.969000,12019,12020,12019,1
2019-12-25,15:52:38.845000,12019,12020,12019,1
2019-12-25,15:53:08.690000,12019,12020,12019,1
2019-12-25,15:53:58.592000,12019,12020,12019,1
2019-12-25,15:53:58.719000,12019,12020,12019,1
2019-12-25,15:54:08.540000,12019,12020,12019,1
2019-12-25,15:54:26.541000,12019,12020,12019,1
2019-12-25,15:54:45.243000,12019,12020,12019,3
2019-12-25,15:56:20.132000,12019,12020,12019,1
2019-12-25,15:56:20.219000,12019,12020,12019,2
2019-12-25,15:56:35.947000,12019,12020,12019,2
2019-12-25,15:57:21.219000,12019,12020,12019,1
2019-12-25,15:57:25.387000,12019,12020,12019,1
2019-12-25,15:57:29.013000,12019,12020,12019,2
2019-12-25,15:57:29.510000,12019,12020,12019,1
2019-12-25,15:58:21.720000,12018,12020,12018,1
2019-12-25,15:59:11.212000,12018,12020,12018,2
2019-12-25,15:59:11.220000,12018,12020,12018,1
2019-12-25,15:59:13.010000,12019,12020,12019,1
2019-12-25,15:59:18.927000,12018,12019,12018,1
2019-12-25,15:59:50.324000,12018,12019,12018,46
2019-12-25,15:59:50.464000,12017,12018,12018,4
2019-12-25,15:59:55.383000,12017,12019,12019,1
2019-12-25,16:00:11.461000,12018,12019,12019,1
2019-12-25,16:00:11.751000,12018,12019,12018,2
2019-12-25,16:00:11.844000,12018,12019,12018,2
2019-12-25,16:00:11.910000,12018,12019,12018,2
2019-12-25,16:00:12.080000,12018,12019,12018,1
2019-12-25,16:00:12.736000,12018,12019,12018,3
2019-12-25,16:00:12.736000,12018,12019,12017,2
2019-12-25,16:00:12.736000,12018,12019,12017,5
2019-12-25,16:00:12.860000,12017,12019,12017,1
2019-12-25,16:00:12.871000,12017,12019,12019,2
2019-12-25,16:00:21.444000,12018,12019,12018,1
2019-12-25,16:00:21.444000,12018,12019,12017,1
2019-12-25,16:00:33.823000,12017,12018,12018,1
2019-12-25,16:01:46.791000,12018,12019,12019,1
2019-12-25,16:02:02.856000,12018,12019,12019,1
2019-12-25,16:04:22.483000,12018,12019,12019,1
2019-12-25,16:04:45.281000,12018,12019,12019,1
2019-12-25,16:06:01.025000,12018,12019,12018,14
2019-12-25,16:06:01.135000,12017,12018,12018,3
2019-12-25,16:06:01.323000,12017,12018,12017,1
2019-12-25,16:06:01.332000,12017,12018,12017,1
2019-12-25,16:06:01.373000,12017,12018,12018,3
2019-12-25,16:06:18.311000,12018,12019,12018,1
2019-12-25,16:06:18.311000,12018,12019,12017,1
2019-12-25,16:07:05.982000,12017,12018,12018,1
2019-12-25,16:07:06.789000,12017,12019,12017,2
2019-12-25,16:07:17.900000,12018,12019,12018,2
2019-12-25,16:07:21.517000,12018,12019,12018,2
2019-12-25,16:07:32.840000,12018,12019,12018,3
2019-12-25,16:08:22.252000,12018,12019,12019,1
2019-12-25,16:08:36.892000,12018,12019,12018,5
2019-12-25,16:08:39.784000,12018,12019,12019,1
2019-12-25,16:08:55.126000,12018,12019,12019,1
2019-12-25,16:08:59.447000,12018,12019,12018,5
2019-12-25,16:13:00.850000,12018,12019,12018,1
2019-12-25,16:13:09.346000,12018,12019,12018,1
2019-12-25,16:13:17.100000,12018,12019,12018,1
2019-12-25,16:13:20.474000,12018,12019,12019,5
2019-12-25,16:13:34.213000,12018,12019,12019,1
2019-12-25,16:13:35.849000,12018,12019,12019,1
2019-12-25,16:14:23.935000,12018,12019,12019,1
2019-12-25,16:15:16.133000,12018,12019,12019,1
2019-12-25,16:15:16.647000,12018,12019,12019,2
2019-12-25,16:15:16.647000,12018,12019,12020,3
2019-12-25,16:15:16.647000,12018,12019,12020,5
2019-12-25,16:16:17.917000,12018,12019,12019,1
2019-12-25,16:17:31.138000,12018,12019,12019,1
2019-12-25,16:17:52.063000,12018,12019,12019,1
2019-12-25,16:18:46.438000,12018,12020,12020,1
2019-12-25,16:18:48.720000,12019,12020,12019,1
2019-12-25,16:21:37.116000,12019,12020,12020,1
2019-12-25,16:21:44.916000,12019,12020,12020,1
2019-12-25,16:21:57.557000,12019,12020,12019,2
2019-12-25,16:22:14.600000,12019,12020,12019,1
2019-12-25,16:22:20.051000,12019,12020,12019,2
2019-12-25,16:22:55.561000,12018,12019,12019,1
2019-12-25,16:23:17.336000,12018,12019,12019,1
2019-12-25,16:23:22.770000,12018,12019,12019,2
2019-12-25,16:24:49.082000,12018,12019,12019,2
2019-12-25,16:25:15.548000,12018,12020,12018,1
2019-12-25,16:27:00.579000,12018,12019,12019,1
2019-12-25,16:27:16.339000,12018,12019,12019,1
2019-12-25,16:28:54.601000,12019,12020,12019,2
2019-12-25,16:28:55.108000,12019,12020,12020,1
2019-12-25,16:29:16.382000,12019,12020,12020,2
2019-12-25,16:30:00.120000,12019,12020,12020,2
2019-12-25,16:30:00.718000,12019,12020,12019,1
2019-12-25,16:30:01.235000,12019,12020,12020,1
2019-12-25,16:30:01.281000,12019,12020,12020,1
2019-12-25,16:30:01.752000,12019,12020,12020,2
2019-12-25,16:31:00.185000,12019,12020,12019,10
2019-12-25,16:31:11.361000,12019,12020,12019,1
2019-12-25,16:33:45.085000,12019,12020,12019,1
2019-12-25,16:34:27.908000,12019,12020,12019,1
2019-12-25,16:35:24.203000,12019,12020,12020,1
2019-12-25,16:35:34.754000,12019,12020,12020,7
2019-12-25,16:35:35.093000,12019,12020,12020,11
2019-12-25,16:35:35.217000,12019,12020,12020,7
2019-12-25,16:35:35.217000,12019,12020,12020,9
2019-12-25,16:35:35.342000,12019,12020,12020,1
2019-12-25,16:35:35.342000,12019,12020,12020,4
2019-12-25,16:35:47.150000,12019,12020,12020,1
2019-12-25,16:36:44.965000,12020,12021,12020,1
2019-12-25,16:36:52.069000,12020,12021,12020,5
2019-12-25,16:36:53.151000,12019,12020,12020,3
2019-12-25,16:37:00.571000,12019,12020,12020,3
2019-12-25,16:37:39.066000,12020,12021,12020,2
2019-12-25,16:37:44.093000,12020,12021,12020,3
2019-12-25,16:37:57.154000,12020,12021,12020,1
2019-12-25,16:38:38.569000,12020,12021,12020,6
2019-12-25,16:38:52.915000,12019,12020,12020,1
2019-12-25,16:39:13.768000,12019,12020,12020,1
2019-12-25,16:39:16.785000,12019,12020,12020,1
2019-12-25,16:39:35.720000,12019,12020,12020,1
2019-12-25,16:39:38.033000,12019,12020,12020,1
2019-12-25,16:40:44.497000,12020,12021,12020,3
2019-12-25,16:41:26.120000,12019,12020,12020,1
2019-12-25,16:42:19.987000,12020,12021,12020,1
2019-12-25,16:42:51.026000,12020,12021,12021,4
2019-12-25,16:42:51.363000,12019,12020,12020,1
2019-12-25,16:43:07.422000,12019,12020,12020,1
2019-12-25,16:43:20.665000,12019,12020,12020,2
2019-12-25,16:43:20.665000,12019,12020,12021,2
2019-12-25,16:43:46.493000,12020,12021,12021,1
2019-12-25,16:44:24.956000,12020,12021,12020,1
2019-12-25,16:46:04.986000,12020,12021,12021,2
2019-12-25,16:46:04.989000,12020,12021,12021,2
2019-12-25,16:46:15.462000,12020,12021,12021,2
2019-12-25,16:46:20.205000,12020,12021,12021,5
2019-12-25,16:46:49.961000,12020,12021,12021,1
2019-12-25,16:47:18.717000,12020,12021,12021,1
2019-12-25,16:47:28.529000,12020,12021,12021,1
2019-12-25,16:49:54.801000,12020,12021,12020,1
2019-12-25,16:50:36.404000,12020,12021,12020,1
2019-12-25,16:51:16.981000,12020,12021,12020,10
2019-12-25,16:52:48.987000,12019,12020,12019,1
2019-12-25,16:54:17.818000,12019,12020,12019,1
2019-12-25,16:54:17.915000,12019,12020,12020,1
2019-12-25,16:54:24.867000,12019,12020,12019,1
2019-12-25,16:54:32.933000,12019,12020,12019,2
2019-12-25,16:55:07.287000,12019,12020,12019,1
2019-12-25,16:55:11.057000,12019,12020,12019,1
2019-12-25,16:56:00.856000,12019,12020,12019,20
2019-12-25,16:57:00.154000,12019,12020,12019,3
2019-12-25,16:57:07.179000,12019,12020,12019,3
2019-12-25,16:57:13.617000,12019,12020,12019,3
2019-12-25,16:57:15.919000,12019,12020,12019,5
2019-12-25,16:57:27.391000,12019,12020,12019,1
2019-12-25,16:57:48.187000,12019,12020,12019,1
2019-12-25,16:59:03.704000,12019,12020,12019,1
2019-12-25,16:59:30.596000,12019,12020,12019,1
2019-12-25,17:00:24.045000,12019,12020,12019,1
2019-12-25,17:04:01.464000,12019,12020,12019,1
2019-12-25,17:04:01.466000,12019,12020,12019,1
2019-12-25,17:04:01.748000,12019,12020,12019,1
2019-12-25,17:04:01.983000,12019,12020,12019,1
2019-12-25,17:04:08.959000,12019,12020,12019,1
2019-12-25,17:04:11.012000,12019,12020,12019,1
2019-12-25,17:05:15.495000,12019,12020,12020,1
2019-12-25,17:05:21.165000,12019,12020,12020,1
2019-12-25,17:07:20.733000,12019,12020,12020,3
2019-12-25,17:07:32.713000,12019,12020,12020,1
2019-12-25,17:07:34.692000,12019,12020,12020,1
2019-12-25,17:07:35.710000,12019,12020,12020,1
2019-12-25,17:07:37.295000,12019,12020,12019,1
2019-12-25,17:07:42.590000,12019,12020,12020,1
2019-12-25,17:08:29.002000,12019,12020,12020,1
2019-12-25,17:09:33.953000,12019,12020,12020,1
2019-12-25,17:10:10.323000,12019,12020,12020,5
2019-12-25,17:10:18.925000,12019,12020,12020,1
2019-12-25,17:12:49.062000,12019,12020,12020,2
2019-12-25,17:12:57.040000,12019,12020,12020,9
2019-12-25,17:13:16.776000,12020,12021,12020,1
2019-12-25,17:13:20.281000,12020,12021,12020,1
2019-12-25,17:13:30.870000,12020,12021,12021,1
2019-12-25,17:13:44.249000,12020,12021,12021,3
2019-12-25,17:14:06.482000,12020,12021,12021,2
2019-12-25,17:14:43.075000,12020,12021,12020,1
2019-12-25,17:15:40.889000,12020,12021,12020,1
2019-12-25,17:17:58.152000,12020,12021,12020,1
2019-12-25,17:18:47.411000,12020,12021,12021,1
2019-12-25,17:19:06.153000,12020,12021,12021,1
2019-12-25,17:19:24.123000,12020,12021,12021,3
2019-12-25,17:19:24.127000,12020,12021,12020,1
2019-12-25,17:19:26.189000,12020,12021,12021,2
2019-12-25,17:19:56.368000,12020,12021,12020,25
2019-12-25,17:20:01.282000,12020,12021,12020,1
2019-12-25,17:20:19.764000,12020,12021,12020,1
2019-12-25,17:20:26.906000,12020,12021,12020,1
2019-12-25,17:20:28.044000,12020,12021,12020,1
2019-12-25,17:20:47.159000,12020,12021,12020,1
2019-12-25,17:21:52.750000,12020,12021,12021,1
2019-12-25,17:22:57.638000,12020,12021,12020,1
2019-12-25,17:23:18.890000,12020,12021,12020,2
2019-12-25,17:23:23.404000,12020,12021,12020,1
2019-12-25,17:23:32.518000,12020,12021,12020,1
2019-12-25,17:24:06.260000,12019,12020,12020,1
2019-12-25,17:24:28.104000,12019,12020,12020,1
2019-12-25,17:25:52.760000,12019,12020,12020,1
2019-12-25,17:25:52.873000,12020,12021,12020,1
2019-12-25,17:27:43.259000,12020,12021,12020,2
2019-12-25,17:28:15.215000,12020,12021,12020,1
2019-12-25,17:31:43.967000,12020,12021,12020,3
2019-12-25,17:32:20.242000,12019,12020,12020,1
2019-12-25,17:33:16.332000,12019,12021,12021,1
2019-12-25,17:36:57.682000,12020,12021,12020,1
2019-12-25,17:37:58.094000,12020,12021,12020,1
2019-12-25,17:38:02.665000,12020,12021,12021,1
2019-12-25,17:38:05.081000,12020,12021,12020,2
2019-12-25,17:38:27.302000,12020,12021,12020,3
2019-12-25,17:39:24.976000,12020,12021,12021,1
2019-12-25,17:39:42.249000,12020,12021,12020,1
2019-12-25,17:40:19.303000,12020,12021,12020,1
2019-12-25,17:40:19.992000,12020,12021,12020,1
2019-12-25,17:41:00.127000,12020,12021,12021,5
2019-12-25,17:42:17.318000,12020,12021,12020,1
2019-12-25,17:46:08.151000,12020,12021,12020,2
2019-12-25,17:46:13.662000,12019,12020,12020,1
2019-12-25,17:47:26.421000,12020,12021,12020,1
2019-12-25,17:48:17.591000,12020,12021,12021,1
2019-12-25,17:48:42.657000,12020,12021,12021,6
2019-12-25,17:48:51.510000,12020,12021,12021,1
2019-12-25,17:50:13.990000,12020,12021,12020,4
2019-12-25,17:50:26.048000,12020,12021,12020,1
2019-12-25,17:50:45.632000,12020,12021,12020,3
2019-12-25,17:50:57.403000,12019,12020,12020,1
2019-12-25,17:51:46.512000,12020,12021,12020,1
2019-12-25,17:54:54.342000,12020,12021,12020,4
2019-12-25,17:56:13.930000,12019,12020,12020,1
2019-12-25,17:56:42.259000,12019,12021,12019,1
2019-12-25,17:56:43.063000,12019,12021,12019,2
2019-12-25,17:56:43.396000,12019,12021,12019,2
2019-12-25,17:57:33.552000,12019,12020,12019,1
2019-12-25,17:57:37.110000,12019,12020,12019,1
2019-12-25,17:57:40.117000,12019,12020,12019,1
2019-12-25,17:58:16.758000,12019,12020,12019,1
2019-12-25,17:58:35.599000,12019,12020,12019,3
2019-12-25,17:58:35.718000,12019,12020,12019,4
2019-12-25,17:58:48.528000,12018,12019,12019,2
2019-12-25,17:59:11.672000,12018,12019,12018,3
2019-12-25,17:59:12.015000,12018,12019,12018,1
2019-12-25,17:59:13.479000,12018,12019,12018,1
2019-12-25,17:59:14.522000,12018,12019,12018,4
2019-12-25,17:59:16.619000,12018,12019,12018,2
2019-12-25,17:59:18.222000,12018,12019,12019,3
2019-12-25,17:59:20.319000,12018,12019,12019,1
2019-12-25,17:59:28.798000,12019,12020,12020,2
2019-12-25,17:59:30.142000,12019,12020,12020,2
2019-12-25,17:59:43.245000,12019,12020,12020,2
2019-12-25,17:59:51.862000,12019,12020,12020,3
2019-12-25,17:59:52.130000,12019,12020,12020,1
2019-12-25,17:59:59.034000,12019,12020,12020,2
2019-12-25,18:00:00.970000,12020,12021,12021,1
2019-12-25,18:00:01.737000,12020,12021,12021,1
2019-12-25,18:00:03.052000,12020,12021,12021,1
2019-12-25,18:00:03.720000,12020,12021,12021,1
2019-12-25,18:00:07.151000,12020,12021,12021,2
2019-12-25,18:00:07.749000,12020,12021,12021,2
2019-12-25,18:00:18.663000,12020,12021,12021,1
2019-12-25,18:00:27.259000,12020,12021,12020,1
2019-12-25,18:00:28.342000,12020,12021,12020,1
2019-12-25,18:01:56.012000,12019,12020,12020,2
2019-12-25,18:03:28.254000,12019,12020,12019,1
2019-12-25,18:04:40.709000,12019,12020,12020,2
2019-12-25,18:05:24.092000,12019,12020,12019,11
2019-12-25,18:05:24.217000,12019,12020,12019,6
2019-12-25,18:05:54.292000,12018,12019,12019,1
2019-12-25,18:06:13.898000,12018,12019,12018,1
2019-12-25,18:06:14.477000,12018,12019,12018,1
2019-12-25,18:06:14.699000,12018,12019,12018,1
2019-12-25,18:06:14.778000,12018,12019,12018,1
2019-12-25,18:06:14.950000,12018,12019,12018,1
2019-12-25,18:06:46.067000,12018,12019,12018,1
2019-12-25,18:06:59.990000,12018,12019,12019,1
2019-12-25,18:07:14.268000,12018,12019,12019,1
2019-12-25,18:07:44.259000,12018,12019,12019,1
2019-12-25,18:09:52.088000,12019,12020,12019,5
2019-12-25,18:10:48.848000,12019,12020,12019,1
2019-12-25,18:11:20.788000,12019,12020,12020,2
2019-12-25,18:17:44.633000,12019,12020,12020,1
2019-12-25,18:22:08.191000,12019,12020,12020,10
2019-12-25,18:26:21.412000,12019,12020,12020,2
2019-12-25,18:31:05.640000,12019,12020,12020,1
2019-12-25,18:35:14.210000,12019,12020,12020,2
2019-12-25,18:41:46.488000,12019,12020,12020,2
2019-12-25,18:45:46.521000,12019,12020,12020,1
2019-12-25,18:45:47.384000,12019,12020,12020,1
2019-12-25,18:49:00.527000,12019,12020,12020,1
2019-12-25,18:52:06.806000,12019,12020,12020,1
2019-12-25,18:53:15.180000,12019,12020,12020,3
2019-12-25,18:55:01.291000,12019,12020,12019,1
2019-12-25,18:55:56.034000,12019,12020,12020,3
2019-12-25,18:58:54.919000,12019,12020,12019,1
2019-12-25,18:59:45.993000,12019,12020,12019,1
2019-12-25,19:03:32.419000,12019,12020,12020,1
2019-12-25,19:03:32.978000,12019,12020,12019,1
2019-12-25,19:03:45.520000,12019,12020,12020,1
2019-12-25,19:10:37.251000,12019,12020,12020,1
2019-12-25,19:12:55.385000,12019,12020,12020,1
2019-12-25,19:14:05.603000,12019,12020,12020,1
2019-12-25,19:14:05.997000,12019,12020,12020,3
2019-12-25,19:14:06.158000,12019,12020,12020,2
2019-12-25,19:14:06.178000,12019,12020,12020,1
2019-12-25,19:14:06.522000,12019,12020,12020,1
2019-12-25,19:17:16.048000,12019,12020,12020,1
2019-12-25,19:19:15.820000,12019,12020,12020,1
2019-12-25,19:21:26.438000,12019,12020,12020,4
2019-12-25,19:26:43.714000,12019,12020,12019,10
2019-12-25,19:28:18.065000,12019,12020,12019,10
2019-12-25,19:28:18.391000,12019,12020,12020,2
2019-12-25,19:31:42.114000,12019,12020,12020,1
2019-12-25,19:34:02.685000,12019,12020,12019,1
2019-12-25,19:34:03.351000,12019,12020,12019,1
2019-12-25,19:34:03.459000,12019,12020,12019,1
2019-12-25,19:34:03.937000,12019,12020,12019,1
2019-12-25,19:35:28.463000,12019,12020,12019,19
2019-12-25,19:35:29.042000,12018,12019,12019,1
2019-12-25,19:37:57.735000,12019,12020,12019,2
2019-12-25,19:38:22.949000,12019,12020,12019,1
2019-12-25,19:38:52.248000,12019,12020,12019,4
2019-12-25,19:39:15.041000,12018,12019,12019,1
2019-12-25,19:39:52.485000,12018,12019,12018,1
2019-12-25,19:39:52.664000,12018,12019,12018,2
2019-12-25,19:39:52.670000,12018,12019,12018,5
2019-12-25,19:39:52.676000,12018,12019,12018,4
2019-12-25,19:39:52.686000,12018,12019,12018,5
2019-12-25,19:39:52.688000,12018,12019,12018,5
2019-12-25,19:39:52.812000,12018,12019,12018,5
2019-12-25,19:39:52.815000,12018,12019,12018,2
2019-12-25,19:39:52.861000,12018,12019,12018,4
2019-12-25,19:39:52.889000,12018,12019,12018,5
2019-12-25,19:39:52.924000,12018,12019,12018,4
2019-12-25,19:39:52.941000,12018,12019,12018,4
2019-12-25,19:39:52.947000,12018,12019,12018,5
2019-12-25,19:39:52.965000,12018,12019,12018,2
2019-12-25,19:39:52.970000,12018,12019,12018,2
2019-12-25,19:39:53.002000,12018,12019,12018,1
2019-12-25,19:39:53.073000,12018,12019,12018,6
2019-12-25,19:39:53.090000,12018,12019,12018,1
2019-12-25,19:39:53.281000,12018,12019,12018,1
2019-12-25,19:39:53.365000,12018,12019,12018,1
2019-12-25,19:39:53.549000,12018,12019,12018,4
2019-12-25,19:39:53.585000,12018,12019,12018,1
2019-12-25,19:39:53.777000,12018,12019,12018,1
2019-12-25,19:39:53.805000,12018,12019,12018,1
2019-12-25,19:39:53.999000,12018,12019,12018,2
2019-12-25,19:39:54.024000,12018,12019,12018,2
2019-12-25,19:39:54.186000,12018,12019,12018,1
2019-12-25,19:40:17.011000,12018,12019,12019,1
2019-12-25,19:40:42.443000,12018,12019,12018,1
2019-12-25,19:41:03.633000,12018,12019,12018,1
2019-12-25,19:41:19.514000,12018,12019,12019,1
2019-12-25,19:41:56.929000,12018,12019,12019,1
2019-12-25,19:42:21.787000,12018,12019,12019,1
2019-12-25,19:44:31.794000,12018,12019,12018,1
2019-12-25,19:44:44.462000,12018,12019,12018,1
2019-12-25,19:44:49.865000,12018,12019,12018,1
2019-12-25,19:45:12.629000,12018,12019,12018,1
2019-12-25,19:45:13.763000,12018,12019,12018,2
2019-12-25,19:46:46.209000,12018,12019,12018,2
2019-12-25,19:49:22.299000,12018,12019,12019,1
2019-12-25,19:49:44.639000,12018,12019,12018,1
2019-12-25,19:50:30.618000,12018,12019,12019,1
2019-12-25,19:50:31.696000,12018,12019,12018,1
2019-12-25,19:51:23.666000,12018,12019,12019,5
2019-12-25,19:51:24.222000,12018,12019,12019,5
2019-12-25,19:51:24.224000,12018,12019,12019,2
2019-12-25,19:51:54.737000,12018,12020,12020,1
2019-12-25,19:52:09.490000,12019,12020,12020,1
2019-12-25,19:54:24.571000,12019,12020,12020,3
2019-12-25,19:54:45.315000,12019,12020,12019,3
2019-12-25,19:54:45.315000,12019,12020,12018,2
2019-12-25,19:54:45.327000,12019,12020,12018,2
2019-12-25,19:56:37.768000,12018,12019,12019,1
2019-12-25,19:57:21.735000,12018,12019,12019,1
2019-12-25,19:57:31.794000,12018,12019,12019,1
2019-12-25,19:57:35.328000,12018,12019,12019,3
2019-12-25,19:59:12.650000,12019,12020,12019,1
2019-12-25,20:02:32.918000,12019,12020,12020,1
2019-12-25,20:02:33.817000,12019,12020,12020,2
2019-12-25,20:02:37.325000,12019,12020,12019,1
2019-12-25,20:02:37.532000,12019,12020,12019,1
2019-12-25,20:03:10.336000,12018,12020,12018,1
2019-12-25,20:03:58.727000,12018,12019,12018,2
2019-12-25,20:04:22.063000,12018,12019,12018,1
2019-12-25,20:04:27.418000,12018,12019,12018,1
2019-12-25,20:13:47.157000,12018,12019,12019,1
2019-12-25,20:13:47.690000,12018,12019,12018,1
2019-12-25,20:20:17.961000,12018,12019,12019,1
2019-12-25,20:24:19.812000,12018,12019,12018,1
2019-12-25,20:24:20.377000,12018,12019,12018,1
2019-12-25,20:25:01.311000,12018,12019,12018,1
2019-12-25,20:27:14.965000,12018,12019,12018,2
2019-12-25,20:32:32.103000,12018,12019,12019,5
2019-12-25,20:32:32.733000,12018,12019,12018,2
2019-12-25,20:32:32.875000,12018,12019,12018,4
2019-12-25,20:32:33.526000,12018,12019,12018,2
2019-12-25,20:32:33.527000,12018,12019,12018,2
2019-12-25,20:32:34.169000,12018,12019,12018,3
2019-12-25,20:32:34.358000,12018,12019,12018,2
2019-12-25,20:32:35.669000,12018,12019,12018,1
2019-12-25,20:33:25.386000,12018,12019,12019,1
2019-12-25,20:33:56.744000,12018,12019,12019,1
2019-12-25,20:38:13.598000,12018,12019,12018,1
2019-12-25,20:38:25.514000,12018,12019,12018,1
2019-12-25,20:39:14.728000,12018,12019,12019,1
2019-12-25,20:39:22.670000,12018,12019,12019,5
2019-12-25,20:39:32.605000,12018,12019,12019,2
2019-12-25,20:40:37.436000,12018,12019,12019,1
2019-12-25,20:40:50.336000,12018,12019,12018,1
2019-12-25,20:43:15.364000,12018,12019,12019,1
2019-12-25,20:44:27.456000,12018,12019,12019,1
2019-12-25,20:45:27.616000,12018,12019,12019,2
2019-12-25,20:47:39.317000,12018,12019,12019,2
2019-12-25,20:48:30.729000,12018,12019,12019,1
2019-12-25,20:49:51.261000,12018,12019,12019,12
2019-12-25,20:49:54.951000,12018,12019,12019,1
2019-12-25,20:50:04.344000,12018,12019,12019,1
2019-12-25,20:52:02.099000,12018,12019,12018,1
2019-12-25,20:52:03.573000,12018,12019,12018,1
2019-12-25,20:52:22.119000,12018,12019,12019,1
2019-12-25,20:52:42.044000,12018,12019,12019,4
2019-12-25,20:55:02.859000,12018,12019,12019,1
2019-12-25,20:55:04.420000,12018,12019,12018,1
2019-12-25,20:55:04.617000,12018,12019,12019,1
2019-12-25,20:55:40.054000,12018,12019,12018,1
2019-12-25,20:55:52.920000,12018,12019,12019,1
2019-12-25,20:56:20.890000,12018,12019,12019,1
2019-12-25,20:57:27.761000,12018,12019,12018,3
2019-12-25,20:58:52.092000,12018,12019,12018,1
2019-12-25,20:59:05.167000,12018,12019,12019,1
2019-12-25,20:59:47.804000,12018,12019,12019,1
2019-12-25,21:00:14.148000,12018,12019,12019,1
2019-12-25,21:00:35.915000,12018,12019,12019,1
2019-12-25,21:04:07.723000,12018,12019,12018,1
2019-12-25,21:04:08.643000,12018,12019,12018,1
2019-12-25,21:05:29.851000,12018,12019,12018,1
2019-12-25,21:06:00.517000,12018,12019,12018,1
2019-12-25,21:06:03.163000,12018,12019,12018,1
2019-12-25,21:07:49.682000,12018,12019,12019,1
2019-12-25,21:10:13.201000,12018,12019,12019,4
2019-12-25,21:11:07.649000,12018,12019,12019,1
2019-12-25,21:13:32.991000,12018,12019,12019,1
2019-12-25,21:16:11.969000,12018,12019,12019,2
2019-12-25,21:18:03.706000,12018,12019,12019,1
2019-12-25,21:18:03.999000,12018,12019,12019,1
2019-12-25,21:18:57.714000,12018,12019,12019,8
2019-12-25,21:19:09.695000,12018,12019,12018,1
2019-12-25,21:19:09.871000,12018,12019,12018,1
2019-12-25,21:19:10.531000,12018,12019,12018,1
2019-12-25,21:19:10.877000,12018,12019,12018,1
2019-12-25,21:19:10.966000,12018,12019,12018,1
2019-12-25,21:21:37.216000,12018,12019,12019,1
2019-12-25,21:25:11.956000,12018,12019,12019,1
2019-12-25,21:25:45.116000,12018,12019,12019,1
2019-12-25,21:25:47.953000,12018,12019,12019,1
2019-12-25,21:25:56.666000,12018,12019,12019,1
2019-12-25,21:26:07.736000,12018,12019,12019,1
2019-12-25,21:26:11.212000,12018,12019,12019,4
2019-12-25,21:26:16.198000,12018,12019,12019,1
2019-12-25,21:27:38.489000,12019,12020,12019,1
2019-12-25,21:30:54.236000,12019,12020,12019,9
2019-12-25,21:31:36.848000,12018,12019,12019,1
2019-12-25,21:33:32.669000,12018,12019,12019,1
2019-12-25,21:34:11.148000,12018,12019,12019,1
2019-12-25,21:34:44.149000,12018,12019,12019,3
2019-12-25,21:35:11.342000,12018,12019,12019,8
2019-12-25,21:35:36.138000,12019,12020,12019,1
2019-12-25,21:40:17.351000,12019,12020,12020,2
2019-12-25,21:40:47.905000,12019,12020,12020,1
2019-12-25,21:42:27.187000,12019,12020,12019,1
2019-12-25,21:42:33.081000,12019,12020,12020,1
2019-12-25,21:42:35.316000,12019,12020,12020,1
2019-12-25,21:42:37.908000,12019,12020,12020,1
2019-12-25,21:45:39.944000,12019,12020,12019,1
2019-12-25,21:46:44.034000,12019,12020,12019,1
2019-12-25,21:46:45.962000,12019,12020,12020,1
2019-12-25,21:49:01.437000,12019,12020,12019,1
2019-12-25,21:49:51.431000,12019,12020,12020,1
2019-12-25,21:49:52.225000,12019,12020,12020,1
2019-12-25,21:49:52.226000,12019,12020,12020,1
2019-12-25,21:49:52.271000,12019,12020,12020,1
2019-12-25,21:49:52.276000,12019,12020,12020,1
2019-12-25,21:50:26.680000,12019,12020,12019,2
2019-12-25,21:52:19.081000,12019,12020,12019,2
2019-12-25,21:53:11.088000,12019,12020,12019,14
2019-12-25,21:53:20.327000,12019,12020,12019,2
2019-12-25,21:54:36.067000,12019,12020,12019,1
2019-12-25,21:54:51.490000,12019,12020,12019,2
2019-12-25,21:55:59.526000,12019,12020,12019,3
2019-12-25,21:57:08.687000,12018,12020,12018,2
2019-12-25,21:57:08.785000,12018,12020,12018,1
2019-12-25,21:57:08.786000,12018,12020,12018,4
2019-12-25,21:57:08.877000,12018,12020,12018,2
2019-12-25,21:57:08.878000,12018,12020,12018,4
2019-12-25,21:57:08.929000,12018,12020,12018,4
2019-12-25,21:57:09.598000,12018,12020,12018,1
2019-12-25,21:57:09.688000,12018,12020,12018,1
2019-12-25,21:57:09.731000,12018,12020,12018,2
2019-12-25,21:57:09.775000,12018,12020,12018,1
2019-12-25,21:57:09.801000,12018,12020,12018,1
2019-12-25,22:00:20.731000,12018,12019,12019,3
2019-12-25,22:02:17.623000,12018,12019,12019,10
2019-12-25,22:02:27.081000,12018,12019,12019,1
2019-12-25,22:02:38.568000,12018,12019,12019,3
2019-12-25,22:04:17.093000,12018,12019,12019,3
2019-12-25,22:05:12.325000,12018,12019,12019,9
2019-12-25,22:06:53.572000,12018,12019,12019,1
2019-12-25,22:06:54.022000,12018,12019,12018,2
2019-12-25,22:07:15.867000,12018,12019,12018,1
2019-12-25,22:07:34.464000,12018,12019,12018,1
2019-12-25,22:08:34.986000,12018,12019,12019,1
2019-12-25,22:09:03.301000,12018,12019,12019,1
2019-12-25,22:10:47.862000,12018,12019,12019,1
2019-12-25,22:11:56.118000,12018,12019,12019,1
2019-12-25,22:14:44.426000,12018,12019,12019,1
2019-12-25,22:16:51.861000,12018,12019,12018,1
2019-12-25,22:16:54.095000,12018,12019,12018,5
2019-12-25,22:17:20.385000,12018,12019,12019,1
2019-12-25,22:17:30.398000,12018,12019,12018,5
2019-12-25,22:18:03.831000,12018,12019,12018,1
2019-12-25,22:20:17.839000,12018,12019,12018,1
2019-12-25,22:20:17.987000,12018,12019,12019,4
2019-12-25,22:21:49.218000,12018,12019,12019,3
2019-12-25,22:21:50.672000,12018,12019,12018,2
2019-12-25,22:22:06.812000,12018,12019,12019,5
2019-12-25,22:22:20.226000,12018,12019,12018,1
2019-12-25,22:22:24.358000,12018,12019,12019,1
2019-12-25,22:24:54.704000,12018,12019,12018,1
2019-12-25,22:25:21.088000,12018,12019,12018,1
2019-12-25,22:25:32.991000,12018,12019,12018,2
2019-12-25,22:26:24.306000,12018,12019,12018,5
2019-12-25,22:26:32.498000,12018,12019,12018,2
2019-12-25,22:29:29.682000,12018,12019,12019,3
2019-12-25,22:29:41.844000,12018,12019,12019,1
2019-12-25,22:31:56.481000,12018,12019,12018,1
2019-12-25,22:31:57.405000,12018,12019,12019,1
2019-12-25,22:32:26.137000,12018,12019,12018,1
2019-12-25,22:32:27.742000,12018,12019,12019,3
2019-12-25,22:32:49.767000,12018,12019,12019,3
2019-12-25,22:33:16.456000,12018,12019,12019,3
2019-12-25,22:33:33.293000,12018,12019,12019,3
2019-12-25,22:33:50.040000,12018,12019,12019,3
2019-12-25,22:34:57.049000,12018,12019,12019,1
2019-12-25,22:34:58.909000,12018,12019,12019,6
2019-12-25,22:37:46.946000,12018,12019,12019,1
2019-12-25,22:38:09.886000,12018,12019,12019,1
2019-12-25,22:40:21.321000,12018,12019,12019,2
2019-12-25,22:40:42.409000,12018,12019,12019,7
2019-12-25,22:41:13.605000,12018,12019,12019,1
2019-12-25,22:41:13.947000,12018,12019,12019,1
2019-12-25,22:41:26.040000,12018,12019,12019,31
2019-12-25,22:41:31.595000,12018,12020,12020,1
2019-12-25,22:41:32.146000,12018,12020,12020,1
2019-12-25,22:41:32.438000,12018,12020,12018,1
2019-12-25,22:41:32.555000,12018,12020,12020,4
2019-12-25,22:41:33.029000,12018,12020,12020,1
2019-12-25,22:41:33.035000,12018,12020,12020,1
2019-12-25,22:41:33.044000,12018,12020,12020,2
2019-12-25,22:41:33.048000,12018,12020,12020,1
2019-12-25,22:41:33.048000,12018,12020,12020,2
2019-12-25,22:41:33.118000,12018,12020,12020,2
2019-12-25,22:41:33.131000,12018,12020,12020,1
2019-12-25,22:41:33.184000,12018,12020,12020,1
2019-12-25,22:41:33.556000,12019,12020,12019,1
2019-12-25,22:43:35.418000,12019,12020,12019,1
2019-12-25,22:47:40.997000,12019,12020,12019,1
2019-12-25,22:49:18.986000,12019,12020,12019,1
2019-12-25,22:49:32.077000,12019,12020,12020,1
2019-12-25,22:50:03.070000,12019,12020,12019,1
2019-12-25,22:50:52.537000,12019,12020,12019,1
2019-12-25,22:52:21.136000,12019,12020,12019,2
2019-12-25,22:54:41.358000,12019,12020,12019,1
2019-12-25,22:58:42.468000,12019,12020,12020,1
2019-12-25,22:59:35.353000,12019,12020,12020,3
2019-12-25,23:03:08.110000,12019,12020,12020,1
2019-12-25,23:03:08.413000,12019,12020,12020,10
2019-12-25,23:03:08.413000,12019,12020,12020,1
2019-12-25,23:03:08.430000,12019,12020,12020,4
2019-12-25,23:03:08.530000,12019,12020,12020,2
2019-12-25,23:03:08.626000,12019,12020,12020,1
2019-12-25,23:03:08.654000,12019,12020,12020,2
2019-12-25,23:03:08.661000,12019,12020,12020,5
2019-12-25,23:03:08.686000,12019,12020,12020,3
2019-12-25,23:03:08.703000,12019,12020,12020,3
2019-12-25,23:03:08.713000,12019,12020,12020,3
2019-12-25,23:03:08.717000,12019,12020,12020,1
2019-12-25,23:03:08.717000,12019,12020,12020,13
2019-12-25,23:03:08.717000,12019,12020,12020,2
2019-12-25,23:03:08.717000,12019,12020,12020,4
2019-12-25,23:03:08.717000,12019,12020,12020,4
2019-12-25,23:03:08.994000,12019,12020,12020,4
2019-12-25,23:03:09.187000,12019,12020,12020,1
2019-12-25,23:03:09.277000,12019,12020,12020,1
2019-12-25,23:03:28.369000,12019,12020,12020,2
2019-12-25,23:03:34.538000,12019,12020,12020,1
2019-12-25,23:03:41.195000,12019,12020,12020,1
2019-12-25,23:04:05.723000,12019,12020,12020,1
2019-12-25,23:04:08.190000,12019,12020,12020,1
2019-12-25,23:04:52.997000,12019,12020,12020,1
2019-12-25,23:05:09.249000,12019,12020,12019,7
2019-12-25,23:08:05.083000,12019,12020,12019,1
2019-12-25,23:11:36.843000,12019,12020,12020,1
2019-12-25,23:11:37.213000,12019,12020,12020,1
2019-12-25,23:12:57.369000,12019,12020,12020,1
2019-12-25,23:13:12.553000,12019,12020,12019,1
2019-12-25,23:17:18.220000,12019,12020,12019,2
2019-12-25,23:21:58.683000,12019,12020,12020,1
2019-12-25,23:22:40.858000,12019,12020,12020,1
2019-12-25,23:23:40.093000,12019,12020,12019,3
2019-12-25,23:24:42.234000,12019,12020,12019,2
2019-12-25,23:24:51.297000,12019,12020,12019,2
2019-12-25,23:28:21.938000,12019,12020,12019,5
2019-12-25,23:29:20.814000,12019,12020,12020,2
2019-12-25,23:29:44.036000,12019,12020,12020,3
2019-12-25,23:30:45.968000,12019,12020,12020,1
2019-12-25,23:30:47.491000,12019,12020,12020,1
2019-12-25,23:30:47.618000,12019,12020,12020,1
2019-12-25,23:32:04.395000,12019,12020,12020,10
2019-12-25,23:32:23.106000,12019,12020,12020,6
2019-12-25,23:32:30.501000,12019,12020,12020,1
2019-12-25,23:34:02.124000,12019,12020,12020,1
2019-12-25,23:35:09.992000,12019,12020,12019,1
2019-12-25,23:36:10.014000,12019,12020,12019,1
2019-12-25,23:38:29.073000,12019,12020,12019,40
2019-12-25,23:38:51.748000,12019,12020,12019,1
2019-12-25,23:39:15.402000,12019,12020,12020,1
2019-12-25,23:39:15.525000,12019,12020,12020,2
2019-12-25,23:39:25.341000,12019,12020,12020,1
2019-12-25,23:41:32.592000,12019,12020,12020,4
2019-12-25,23:42:06.587000,12019,12020,12020,1
2019-12-25,23:47:21.930000,12019,12020,12020,1
2019-12-25,23:50:45.220000,12019,12020,12020,5
2019-12-25,23:50:46.072000,12019,12020,12019,5
2019-12-25,23:51:21.806000,12019,12020,12020,5
2019-12-25,23:51:22.201000,12019,12020,12019,2
2019-12-25,23:52:04.807000,12019,12020,12020,5
2019-12-25,23:53:20.947000,12019,12020,12020,2
2019-12-25,23:54:34.738000,12019,12020,12019,1
2019-12-25,23:54:35.141000,12019,12020,12019,2
2019-12-25,23:55:48.673000,12019,12020,12019,1
2019-12-25,23:55:48.809000,12019,12020,12019,1
2019-12-25,23:56:43.465000,12019,12020,12020,1
2019-12-25,23:57:39.166000,12019,12020,12019,1
2019-12-25,23:57:39.247000,12019,12020,12019,4
2019-12-25,23:58:25.469000,12019,12020,12019,1
2019-12-25,23:58:45.108000,12019,12020,12020,1
2019-12-25,23:58:55.097000,12019,12020,12019,1
2019-12-25,23:59:15.287000,12019,12020,12020,1
2019-12-26,00:00:06.217000,12019,12020,12019,18
2019-12-26,00:00:06.342000,12018,12019,12018,2
2019-12-26,00:00:06.569000,12018,12020,12018,4
2019-12-26,00:00:06.705000,12018,12020,12018,1
2019-12-26,00:00:06.811000,12018,12020,12018,1
2019-12-26,00:00:06.815000,12018,12020,12018,1
2019-12-26,00:00:06.853000,12018,12020,12018,1
2019-12-26,00:00:06.854000,12018,12020,12018,1
2019-12-26,00:00:06.854000,12018,12020,12018,1
2019-12-26,00:00:06.859000,12018,12020,12018,2
2019-12-26,00:00:06.861000,12018,12020,12018,1
2019-12-26,00:00:06.862000,12018,12020,12018,1
2019-12-26,00:00:06.862000,12018,12020,12018,1
2019-12-26,00:00:06.862000,12018,12020,12018,1
2019-12-26,00:00:06.863000,12018,12020,12018,1
2019-12-26,00:00:06.865000,12018,12020,12018,1
2019-12-26,00:00:06.867000,12018,12020,12018,1
2019-12-26,00:00:06.867000,12018,12020,12018,1
2019-12-26,00:00:06.868000,12018,12020,12018,1
2019-12-26,00:00:06.868000,12018,12020,12018,2
2019-12-26,00:00:06.910000,12018,12020,12018,1
2019-12-26,00:00:06.913000,12018,12020,12018,1
2019-12-26,00:00:06.945000,12018,12020,12018,2
2019-12-26,00:00:06.961000,12018,12020,12018,1
2019-12-26,00:00:06.985000,12018,12020,12018,16
2019-12-26,00:00:06.989000,12018,12020,12018,2
2019-12-26,00:00:07.004000,12018,12020,12018,1
2019-12-26,00:00:07.055000,12018,12020,12018,12
2019-12-26,00:00:07.064000,12018,12020,12018,12
2019-12-26,00:00:07.110000,12018,12019,12019,3
2019-12-26,00:00:07.157000,12018,12019,12018,1
2019-12-26,00:00:07.165000,12018,12019,12018,1
2019-12-26,00:00:07.187000,12018,12019,12017,1
2019-12-26,00:00:07.190000,12018,12019,12017,1
2019-12-26,00:00:07.192000,12018,12019,12017,1
2019-12-26,00:00:07.243000,12017,12019,12017,1
2019-12-26,00:00:07.308000,12017,12019,12017,1
2019-12-26,00:00:07.310000,12017,12019,12017,1
2019-12-26,00:00:07.318000,12017,12019,12017,1
2019-12-26,00:00:07.381000,12017,12019,12017,8
2019-12-26,00:00:07.441000,12017,12019,12017,1
2019-12-26,00:00:07.458000,12017,12019,12017,1
2019-12-26,00:00:07.513000,12017,12019,12017,3
2019-12-26,00:00:07.523000,12017,12019,12017,1
2019-12-26,00:00:07.534000,12017,12019,12017,3
2019-12-26,00:00:07.535000,12017,12019,12017,1
2019-12-26,00:00:07.536000,12017,12019,12017,1
2019-12-26,00:00:07.538000,12017,12019,12017,1
2019-12-26,00:00:07.632000,12017,12019,12017,4
2019-12-26,00:00:07.666000,12017,12019,12017,1
2019-12-26,00:00:07.675000,12017,12019,12017,1
2019-12-26,00:00:07.712000,12017,12019,12017,2
2019-12-26,00:00:07.768000,12017,12019,12017,1
2019-12-26,00:00:07.786000,12017,12019,12017,2
2019-12-26,00:00:07.827000,12017,12019,12017,2
2019-12-26,00:00:07.829000,12017,12019,12017,3
2019-12-26,00:00:07.838000,12017,12019,12017,9
2019-12-26,00:00:07.839000,12017,12019,12017,1
2019-12-26,00:00:07.839000,12017,12019,12017,1
2019-12-26,00:00:07.839000,12017,12019,12016,2
2019-12-26,00:00:07.847000,12016,12019,12016,4
2019-12-26,00:00:07.847000,12016,12019,12016,1
2019-12-26,00:00:07.847000,12016,12019,12016,2
2019-12-26,00:00:07.847000,12016,12019,12016,2
2019-12-26,00:00:07.847000,12016,12019,12016,3
2019-12-26,00:00:07.847000,12016,12019,12016,7
2019-12-26,00:00:07.879000,12016,12019,12016,1
2019-12-26,00:00:07.911000,12016,12019,12016,3
2019-12-26,00:00:07.917000,12016,12019,12015,1
2019-12-26,00:00:07.939000,12016,12019,12015,1
2019-12-26,00:00:07.939000,12016,12019,12015,7
2019-12-26,00:00:07.939000,12016,12019,12015,3
2019-12-26,00:00:07.951000,12016,12019,12015,3
2019-12-26,00:00:07.951000,12016,12019,12015,2
2019-12-26,00:00:07.988000,12015,12019,12015,2
2019-12-26,00:00:08.008000,12015,12019,12015,1
2019-12-26,00:00:08.019000,12015,12019,12015,4
2019-12-26,00:00:08.046000,12015,12019,12015,5
2019-12-26,00:00:08.048000,12015,12019,12015,8
2019-12-26,00:00:08.048000,12015,12019,12015,5
2019-12-26,00:00:08.048000,12015,12019,12015,1
2019-12-26,00:00:08.061000,12015,12019,12015,1
2019-12-26,00:00:08.181000,12015,12019,12015,3
2019-12-26,00:00:08.192000,12015,12019,12015,1
2019-12-26,00:00:08.236000,12015,12019,12015,1
2019-12-26,00:00:08.254000,12015,12019,12015,2
2019-12-26,00:00:08.265000,12015,12019,12015,1
2019-12-26,00:00:08.272000,12015,12019,12015,2
2019-12-26,00:00:08.284000,12015,12019,12014,1
2019-12-26,00:00:08.288000,12015,12019,12014,2
2019-12-26,00:00:08.300000,12015,12019,12014,1
2019-12-26,00:00:08.312000,12015,12019,12014,2
2019-12-26,00:00:08.382000,12014,12019,12014,4
2019-12-26,00:00:08.401000,12014,12019,12014,1
2019-12-26,00:00:08.413000,12014,12019,12014,1
2019-12-26,00:00:08.439000,12014,12019,12014,3
2019-12-26,00:00:08.457000,12014,12019,12014,1
2019-12-26,00:00:08.472000,12014,12019,12014,2
2019-12-26,00:00:08.501000,12014,12019,12014,1
2019-12-26,00:00:08.504000,12014,12019,12014,1
2019-12-26,00:00:08.528000,12014,12019,12014,3
2019-12-26,00:00:08.634000,12014,12019,12014,5
2019-12-26,00:00:08.641000,12014,12019,12014,4
2019-12-26,00:00:08.739000,12014,12019,12014,3
2019-12-26,00:00:08.757000,12014,12019,12014,1
2019-12-26,00:00:08.847000,12014,12019,12014,1
2019-12-26,00:00:08.997000,12014,12019,12014,1
2019-12-26,00:00:09.081000,12014,12019,12014,4
2019-12-26,00:00:09.321000,12014,12019,12014,1
2019-12-26,00:00:09.338000,12014,12019,12014,1
2019-12-26,00:00:09.505000,12014,12019,12014,1
2019-12-26,00:00:09.556000,12014,12019,12014,2
2019-12-26,00:00:09.558000,12014,12019,12014,2
2019-12-26,00:00:09.660000,12013,12019,12013,2
2019-12-26,00:00:09.737000,12013,12019,12013,2
2019-12-26,00:00:09.741000,12013,12019,12013,1
2019-12-26,00:00:09.801000,12013,12019,12013,1
2019-12-26,00:00:09.831000,12013,12019,12013,2
2019-12-26,00:00:09.942000,12013,12019,12013,1
2019-12-26,00:00:10.028000,12013,12019,12013,1
2019-12-26,00:00:10.376000,12013,12019,12013,1
2019-12-26,00:00:10.396000,12013,12019,12013,1
2019-12-26,00:00:10.608000,12013,12019,12013,1
2019-12-26,00:00:10.836000,12013,12019,12013,1
2019-12-26,00:00:11.142000,12013,12019,12013,1
2019-12-26,00:00:11.190000,12013,12019,12013,1
2019-12-26,00:00:48.285000,12014,12019,12014,2
2019-12-26,00:01:20.216000,12014,12016,12014,2
2019-12-26,00:01:23.406000,12014,12016,12016,1
2019-12-26,00:01:37.645000,12014,12017,12017,1
2019-12-26,00:02:29.563000,12015,12016,12016,1
2019-12-26,00:03:01.967000,12015,12016,12015,12
2019-12-26,00:03:03.462000,12014,12016,12016,1
2019-12-26,00:03:07.087000,12015,12016,12015,1
2019-12-26,00:03:37.471000,12014,12015,12015,1
2019-12-26,00:03:38.372000,12014,12015,12015,10
2019-12-26,00:03:41.842000,12015,12016,12015,1
2019-12-26,00:03:50.967000,12015,12016,12015,1
2019-12-26,00:04:14.092000,12015,12016,12015,1
2019-12-26,00:04:14.467000,12015,12016,12015,1
2019-12-26,00:04:15.107000,12014,12015,12015,5
2019-12-26,00:04:40.467000,12015,12016,12015,1
2019-12-26,00:04:51.799000,12014,12016,12014,4
2019-12-26,00:04:52.732000,12014,12016,12014,1
2019-12-26,00:05:01.400000,12014,12016,12014,1
2019-12-26,00:05:18.017000,12014,12016,12014,4
2019-12-26,00:05:34.086000,12014,12016,12014,1
2019-12-26,00:05:36.592000,12014,12016,12014,5
2019-12-26,00:06:03.342000,12014,12016,12014,1
2019-12-26,00:06:03.467000,12014,12016,12014,1
2019-12-26,00:06:03.907000,12013,12016,12013,1
2019-12-26,00:06:04.007000,12013,12016,12013,8
2019-12-26,00:06:04.111000,12013,12016,12013,1
2019-12-26,00:06:04.369000,12013,12016,12013,1
2019-12-26,00:06:04.641000,12013,12016,12013,1
2019-12-26,00:06:04.991000,12013,12016,12013,1
2019-12-26,00:06:05.171000,12013,12016,12013,2
2019-12-26,00:06:05.177000,12013,12016,12013,1
2019-12-26,00:06:06.276000,12013,12016,12013,1
2019-12-26,00:06:06.674000,12013,12016,12013,1
2019-12-26,00:06:10.967000,12013,12015,12013,1
2019-12-26,00:06:16.155000,12013,12014,12014,1
2019-12-26,00:06:23.853000,12013,12014,12014,5
2019-12-26,00:06:23.853000,12013,12014,12015,2
2019-12-26,00:06:34.210000,12013,12015,12015,6
2019-12-26,00:06:41.324000,12013,12015,12015,1
2019-12-26,00:07:01.282000,12014,12016,12014,1
2019-12-26,00:07:12.967000,12015,12016,12015,1
2019-12-26,00:07:21.658000,12014,12015,12015,2
2019-12-26,00:08:27.591000,12014,12015,12014,1
2019-12-26,00:11:29.219000,12014,12015,12014,1
2019-12-26,00:11:29.665000,12014,12015,12014,2
2019-12-26,00:11:30.293000,12013,12015,12013,1
2019-12-26,00:11:30.600000,12013,12015,12013,1
2019-12-26,00:12:14.689000,12013,12015,12013,1
2019-12-26,00:12:44.225000,12013,12014,12014,1
2019-12-26,00:13:44.557000,12013,12015,12015,1
2019-12-26,00:14:59.468000,12013,12015,12015,1
2019-12-26,00:14:59.618000,12013,12015,12015,1
2019-12-26,00:16:43.712000,12014,12015,12015,1
2019-12-26,00:16:44.180000,12014,12015,12014,1
2019-12-26,00:16:44.381000,12014,12015,12014,1
2019-12-26,00:16:44.830000,12014,12015,12015,1
2019-12-26,00:16:47.424000,12013,12015,12015,3
2019-12-26,00:16:47.424000,12013,12015,12016,2
2019-12-26,00:16:47.444000,12013,12015,12016,5
2019-12-26,00:17:23.191000,12014,12015,12015,1
2019-12-26,00:19:56.217000,12015,12016,12015,1
2019-12-26,00:20:37.433000,12014,12016,12014,8
2019-12-26,00:21:09.391000,12013,12014,12013,2
2019-12-26,00:21:09.894000,12013,12014,12013,1
2019-12-26,00:21:10.112000,12013,12014,12013,1
2019-12-26,00:21:10.531000,12013,12014,12013,1
2019-12-26,00:21:10.692000,12013,12014,12013,1
2019-12-26,00:21:10.900000,12013,12014,12013,1
2019-12-26,00:21:28.128000,12013,12014,12013,1
2019-12-26,00:21:40.705000,12013,12014,12013,7
2019-12-26,00:21:44.469000,12013,12015,12013,4
2019-12-26,00:21:57.831000,12013,12015,12013,1
2019-12-26,00:23:48.717000,12014,12015,12014,5
2019-12-26,00:24:02.452000,12013,12014,12014,1
2019-12-26,00:24:09.903000,12013,12015,12013,1
2019-12-26,00:24:10.035000,12013,12015,12013,1
2019-12-26,00:24:16.924000,12013,12015,12014,1
2019-12-26,00:24:24.985000,12013,12014,12014,2
2019-12-26,00:25:53.440000,12013,12014,12014,1
2019-12-26,00:26:09.695000,12013,12014,12014,6
2019-12-26,00:26:22.986000,12014,12015,12014,1
2019-12-26,00:26:36.785000,12013,12015,12013,3
2019-12-26,00:26:42.592000,12014,12015,12014,1
2019-12-26,00:27:30.923000,12013,12014,12014,2
2019-12-26,00:28:23.230000,12013,12014,12014,1
2019-12-26,00:28:25.993000,12013,12014,12014,2
2019-12-26,00:28:50.562000,12013,12015,12013,1
2019-12-26,00:29:51.653000,12013,12015,12013,1
2019-12-26,00:30:02.389000,12013,12015,12013,3
2019-12-26,00:30:02.591000,12013,12015,12013,3
2019-12-26,00:30:02.725000,12013,12015,12013,3
2019-12-26,00:30:02.725000,12013,12015,12012,2
2019-12-26,00:30:02.725000,12013,12015,12012,2
2019-12-26,00:30:02.728000,12013,12015,12012,2
2019-12-26,00:30:02.731000,12013,12015,12012,2
2019-12-26,00:30:02.864000,12012,12015,12012,2
2019-12-26,00:30:02.873000,12012,12015,12012,1
2019-12-26,00:30:02.903000,12012,12015,12012,1
2019-12-26,00:30:02.905000,12012,12015,12012,4
2019-12-26,00:30:02.940000,12012,12015,12012,3
2019-12-26,00:30:02.946000,12012,12015,12012,3
2019-12-26,00:30:02.970000,12012,12015,12012,1
2019-12-26,00:30:03.022000,12012,12015,12012,2
2019-12-26,00:30:03.022000,12012,12015,12012,3
2019-12-26,00:30:03.023000,12012,12015,12012,3
2019-12-26,00:30:03.029000,12012,12015,12012,2
2019-12-26,00:30:03.029000,12012,12015,12011,1
2019-12-26,00:30:03.035000,12012,12015,12011,3
2019-12-26,00:30:03.037000,12012,12015,12011,3
2019-12-26,00:30:03.039000,12012,12015,12011,3
2019-12-26,00:30:03.052000,12012,12015,12011,1
2019-12-26,00:30:03.066000,12012,12015,12011,1
2019-12-26,00:30:03.120000,12011,12015,12011,1
2019-12-26,00:30:03.121000,12011,12015,12011,1
2019-12-26,00:30:03.123000,12011,12015,12011,1
2019-12-26,00:30:03.140000,12011,12015,12011,5
2019-12-26,00:30:03.147000,12011,12015,12011,1
2019-12-26,00:30:03.188000,12011,12015,12011,2
2019-12-26,00:30:03.200000,12011,12015,12011,1
2019-12-26,00:30:03.226000,12011,12015,12011,1
2019-12-26,00:30:03.269000,12011,12015,12011,2
2019-12-26,00:30:03.284000,12011,12015,12011,1
2019-12-26,00:30:03.315000,12011,12015,12011,2
2019-12-26,00:30:03.395000,12011,12012,12012,1
2019-12-26,00:30:03.421000,12011,12012,12011,2
2019-12-26,00:30:03.435000,12011,12012,12011,1
2019-12-26,00:30:03.696000,12011,12015,12011,1
2019-12-26,00:30:03.766000,12011,12015,12011,1
2019-12-26,00:30:03.766000,12011,12015,12010,1
2019-12-26,00:30:03.771000,12011,12015,12010,2
2019-12-26,00:30:03.779000,12011,12015,12010,4
2019-12-26,00:30:03.788000,12011,12015,12010,2
2019-12-26,00:30:03.876000,12010,12015,12010,1
2019-12-26,00:30:03.907000,12010,12015,12010,1
2019-12-26,00:30:03.962000,12010,12015,12010,1
2019-12-26,00:30:04.191000,12010,12015,12010,1
2019-12-26,00:30:04.285000,12010,12015,12010,1
2019-12-26,00:30:04.717000,12013,12015,12013,1
2019-12-26,00:30:05.004000,12011,12015,12011,1
2019-12-26,00:30:05.034000,12011,12015,12010,1
2019-12-26,00:30:05.094000,12010,12015,12010,1
2019-12-26,00:30:05.108000,12010,12015,12010,2
2019-12-26,00:30:05.124000,12010,12015,12010,1
2019-12-26,00:30:05.159000,12010,12015,12010,1
2019-12-26,00:30:05.363000,12010,12014,12010,2
2019-12-26,00:30:05.619000,12010,12013,12010,1
2019-12-26,00:30:08.217000,12011,12013,12011,1
2019-12-26,00:30:08.304000,12011,12013,12010,1
2019-12-26,00:30:39.714000,12011,12013,12011,1
2019-12-26,00:30:58.746000,12011,12013,12011,2
2019-12-26,00:31:47.967000,12012,12013,12012,2
2019-12-26,00:32:02.618000,12011,12012,12012,2
2019-12-26,00:32:02.818000,12011,12012,12011,1
2019-12-26,00:32:02.974000,12011,12012,12011,1
2019-12-26,00:32:10.704000,12011,12012,12011,3
2019-12-26,00:32:11.213000,12011,12012,12011,1
2019-12-26,00:32:28.952000,12011,12012,12011,1
2019-12-26,00:32:39.791000,12011,12012,12011,2
2019-12-26,00:32:44.548000,12011,12012,12011,1
2019-12-26,00:33:08.562000,12011,12012,12012,2
2019-12-26,00:33:08.799000,12011,12012,12011,1
2019-12-26,00:33:09.065000,12011,12012,12011,1
2019-12-26,00:33:09.105000,12011,12012,12011,1
2019-12-26,00:34:06.787000,12011,12012,12011,1
2019-12-26,00:34:47.040000,12011,12012,12011,3
2019-12-26,00:35:24.294000,12011,12012,12012,1
2019-12-26,00:35:45.670000,12011,12012,12012,2
2019-12-26,00:35:59.739000,12011,12012,12012,1
2019-12-26,00:36:14.176000,12011,12012,12011,1
2019-12-26,00:36:17.469000,12011,12012,12011,2
2019-12-26,00:36:33.328000,12011,12012,12011,2
2019-12-26,00:36:35.782000,12011,12012,12011,1
2019-12-26,00:37:03.931000,12011,12012,12012,2
2019-12-26,00:37:18.665000,12011,12012,12012,1
2019-12-26,00:37:24.196000,12011,12012,12012,1
2019-12-26,00:37:36.080000,12011,12012,12012,2
2019-12-26,00:38:04.045000,12011,12012,12012,1
2019-12-26,00:39:52.603000,12011,12012,12012,1
2019-12-26,00:40:07.120000,12011,12012,12012,1
2019-12-26,00:40:07.506000,12011,12012,12011,12
2019-12-26,00:40:08.141000,12011,12012,12011,1
2019-12-26,00:40:09.919000,12011,12012,12012,1
2019-12-26,00:40:21.618000,12011,12012,12012,1
2019-12-26,00:40:31.188000,12011,12012,12012,1
2019-12-26,00:40:35.928000,12011,12012,12012,2
2019-12-26,00:41:07.882000,12011,12012,12012,1
2019-12-26,00:41:21.175000,12011,12012,12012,1
2019-12-26,00:42:41.721000,12011,12012,12012,1
2019-12-26,00:43:00.392000,12011,12012,12012,1
2019-12-26,00:43:23.567000,12011,12012,12011,1
2019-12-26,00:43:23.618000,12011,12012,12011,1
2019-12-26,00:45:05.035000,12011,12012,12011,3
2019-12-26,00:45:05.507000,12011,12012,12011,2
2019-12-26,00:45:12.406000,12011,12012,12011,1
2019-12-26,00:45:18.726000,12011,12012,12011,3
2019-12-26,00:45:21.902000,12011,12012,12011,1
2019-12-26,00:45:22.827000,12011,12012,12011,1
2019-12-26,00:45:23.884000,12011,12012,12011,1
2019-12-26,00:45:27.352000,12011,12012,12011,1
2019-12-26,00:45:35.918000,12011,12012,12011,1
2019-12-26,00:45:55.957000,12011,12012,12011,1
2019-12-26,00:46:20.030000,12010,12012,12012,2
2019-12-26,00:46:57.955000,12011,12012,12011,1
2019-12-26,00:46:57.955000,12011,12012,12010,40
2019-12-26,00:46:58.482000,12010,12011,12010,1
2019-12-26,00:46:59.009000,12010,12011,12011,1
2019-12-26,00:46:59.112000,12010,12011,12010,1
2019-12-26,00:46:59.171000,12010,12011,12010,2
2019-12-26,00:46:59.238000,12010,12011,12010,1
2019-12-26,00:46:59.244000,12010,12011,12010,2
2019-12-26,00:46:59.262000,12010,12011,12010,2
2019-12-26,00:46:59.264000,12010,12011,12009,2
2019-12-26,00:46:59.342000,12009,12011,12009,1
2019-12-26,00:46:59.345000,12009,12011,12009,1
2019-12-26,00:46:59.363000,12009,12011,12009,1
2019-12-26,00:46:59.383000,12009,12011,12009,2
2019-12-26,00:46:59.398000,12009,12011,12009,2
2019-12-26,00:46:59.428000,12009,12011,12009,1
2019-12-26,00:46:59.523000,12009,12011,12009,1
2019-12-26,00:46:59.529000,12009,12011,12009,4
2019-12-26,00:46:59.579000,12009,12011,12008,1
2019-12-26,00:46:59.619000,12008,12009,12008,1
2019-12-26,00:46:59.642000,12008,12009,12008,1
2019-12-26,00:46:59.767000,12008,12009,12008,1
2019-12-26,00:46:59.846000,12008,12009,12008,2
2019-12-26,00:46:59.889000,12008,12009,12008,1
2019-12-26,00:46:59.996000,12008,12009,12008,1
2019-12-26,00:47:00.218000,12008,12009,12008,1
2019-12-26,00:47:00.306000,12008,12009,12009,1
2019-12-26,00:47:00.461000,12008,12009,12008,1
2019-12-26,00:47:10.905000,12008,12009,12008,1
2019-12-26,00:47:10.915000,12008,12009,12008,1
2019-12-26,00:47:15.866000,12008,12009,12008,1
2019-12-26,00:47:21.389000,12008,12009,12009,1
2019-12-26,00:47:43.409000,12008,12009,12008,1
2019-12-26,00:47:46.805000,12008,12009,12009,7
2019-12-26,00:47:47.358000,12009,12011,12009,1
2019-12-26,00:47:53.842000,12008,12009,12009,1
2019-12-26,00:50:29.976000,12009,12010,12010,1
2019-12-26,00:50:30.401000,12009,12010,12009,1
2019-12-26,00:50:30.473000,12009,12010,12009,1
2019-12-26,00:50:30.646000,12009,12010,12009,1
2019-12-26,00:50:30.652000,12009,12010,12009,1
2019-12-26,00:50:30.659000,12009,12010,12009,2
2019-12-26,00:50:30.734000,12009,12010,12009,1
2019-12-26,00:50:30.735000,12009,12010,12009,2
2019-12-26,00:50:30.736000,12009,12010,12009,1
2019-12-26,00:50:30.811000,12009,12010,12009,3
2019-12-26,00:50:30.881000,12009,12010,12009,1
2019-12-26,00:50:31.005000,12009,12010,12009,1
2019-12-26,00:50:31.199000,12009,12010,12009,4
2019-12-26,00:50:35.547000,12009,12010,12009,1
2019-12-26,00:51:04.460000,12009,12010,12010,1
2019-12-26,00:51:14.245000,12009,12010,12010,1
2019-12-26,00:52:33.619000,12010,12011,12011,1
2019-12-26,00:52:57.955000,12010,12011,12011,1
2019-12-26,00:53:11.078000,12010,12011,12011,1
2019-12-26,00:53:11.325000,12010,12012,12010,1
2019-12-26,00:53:11.463000,12010,12012,12010,1
2019-12-26,00:53:32.717000,12010,12011,12011,1
2019-12-26,00:54:20.516000,12011,12012,12011,4
2019-12-26,00:54:38.657000,12011,12012,12011,1
2019-12-26,00:57:26.536000,12011,12012,12011,3
2019-12-26,00:58:50.559000,12011,12012,12012,5
2019-12-26,00:58:50.988000,12011,12012,12012,1
2019-12-26,00:58:51.393000,12011,12012,12012,1
2019-12-26,00:58:51.646000,12011,12012,12012,1
2019-12-26,00:58:51.871000,12011,12012,12012,1
2019-12-26,00:58:57.011000,12011,12012,12012,3
2019-12-26,01:00:13.011000,12011,12012,12011,1
2019-12-26,01:00:13.544000,12011,12012,12012,1
2019-12-26,01:00:14.092000,12011,12012,12011,1
2019-12-26,01:00:14.243000,12011,12012,12011,1
2019-12-26,01:00:14.245000,12011,12012,12011,1
2019-12-26,01:00:14.275000,12011,12012,12011,3
2019-12-26,01:00:16.001000,12011,12012,12011,1
2019-12-26,01:00:16.749000,12010,12012,12010,1
2019-12-26,01:00:16.976000,12010,12012,12010,1
2019-12-26,01:00:44.787000,12010,12011,12010,1
2019-12-26,01:01:51.796000,12010,12011,12010,1
2019-12-26,01:02:06.347000,12010,12011,12011,1
2019-12-26,01:03:50.953000,12010,12011,12011,1
2019-12-26,01:04:09.188000,12010,12011,12011,1
2019-12-26,01:04:22.282000,12010,12011,12011,1
2019-12-26,01:08:13.241000,12011,12012,12012,1
2019-12-26,01:13:34.502000,12011,12012,12011,4
2019-12-26,01:13:34.617000,12010,12011,12010,1
2019-12-26,01:13:34.948000,12010,12011,12010,8
2019-12-26,01:13:35.045000,12009,12011,12009,8
2019-12-26,01:13:35.269000,12009,12011,12009,1
2019-12-26,01:13:35.515000,12009,12011,12009,1
2019-12-26,01:13:35.519000,12009,12011,12009,10
2019-12-26,01:13:35.532000,12009,12011,12009,2
2019-12-26,01:13:35.575000,12009,12011,12008,1
2019-12-26,01:13:35.663000,12008,12009,12008,1
2019-12-26,01:13:35.695000,12008,12009,12008,2
2019-12-26,01:13:35.743000,12008,12009,12008,2
2019-12-26,01:13:35.799000,12008,12009,12008,1
2019-12-26,01:13:35.901000,12008,12009,12008,1
2019-12-26,01:13:35.909000,12008,12009,12008,3
2019-12-26,01:13:35.925000,12008,12009,12008,2
2019-12-26,01:13:35.928000,12008,12009,12008,3
2019-12-26,01:13:35.975000,12008,12009,12008,2
2019-12-26,01:13:36.225000,12008,12009,12008,3
2019-12-26,01:13:36.275000,12008,12009,12008,2
2019-12-26,01:13:36.387000,12008,12009,12008,1
2019-12-26,01:13:36.571000,12007,12009,12007,2
2019-12-26,01:13:36.622000,12007,12009,12007,1
2019-12-26,01:13:36.672000,12007,12009,12007,3
2019-12-26,01:13:36.688000,12007,12009,12007,1
2019-12-26,01:13:36.878000,12007,12009,12007,1
2019-12-26,01:13:36.900000,12007,12009,12007,1
2019-12-26,01:13:37.017000,12007,12009,12007,1
2019-12-26,01:13:37.483000,12007,12009,12007,2
2019-12-26,01:13:37.896000,12007,12009,12007,5
2019-12-26,01:13:38.893000,12007,12009,12007,3
2019-12-26,01:14:09.744000,12008,12009,12009,1
2019-12-26,01:14:10.687000,12008,12009,12009,1
2019-12-26,01:15:02.059000,12009,12010,12009,3
2019-12-26,01:15:02.063000,12009,12010,12008,3
2019-12-26,01:15:02.085000,12009,12010,12008,3
2019-12-26,01:15:02.099000,12008,12010,12008,3
2019-12-26,01:15:02.266000,12008,12010,12008,3
2019-12-26,01:15:02.282000,12008,12010,12008,3
2019-12-26,01:15:02.288000,12008,12010,12007,3
2019-12-26,01:15:02.305000,12008,12010,12007,3
2019-12-26,01:16:25.400000,12007,12008,12008,1
2019-12-26,01:16:25.787000,12007,12008,12007,1
2019-12-26,01:16:25.913000,12007,12008,12007,2
2019-12-26,01:16:25.930000,12007,12008,12007,1
2019-12-26,01:16:25.991000,12007,12008,12007,2
2019-12-26,01:16:26.222000,12007,12008,12007,3
2019-12-26,01:16:26.315000,12007,12008,12007,3
2019-12-26,01:16:26.573000,12007,12008,12007,1
2019-12-26,01:16:26.587000,12007,12008,12006,1
2019-12-26,01:16:26.673000,12006,12008,12006,1
2019-12-26,01:16:26.674000,12006,12008,12006,5
2019-12-26,01:16:26.772000,12006,12008,12006,1
2019-12-26,01:16:26.792000,12006,12008,12006,2
2019-12-26,01:16:26.949000,12006,12008,12006,1
2019-12-26,01:16:26.981000,12006,12008,12006,1
2019-12-26,01:16:27.006000,12006,12008,12006,1
2019-12-26,01:16:27.533000,12006,12008,12006,1
2019-12-26,01:16:32.354000,12007,12008,12007,1
2019-12-26,01:17:01.137000,12007,12008,12007,9
2019-12-26,01:17:14.558000,12006,12007,12007,1
2019-12-26,01:18:20.398000,12006,12007,12007,1
2019-12-26,01:18:28.147000,12006,12008,12006,1
2019-12-26,01:18:36.405000,12006,12008,12008,1
2019-12-26,01:18:37.704000,12006,12008,12006,1
2019-12-26,01:18:41.266000,12006,12008,12006,1
2019-12-26,01:18:47.966000,12006,12007,12006,1
2019-12-26,01:18:52.891000,12006,12007,12007,1
2019-12-26,01:19:26.524000,12006,12007,12007,1
2019-12-26,01:19:27.609000,12007,12008,12007,1
2019-12-26,01:19:54.487000,12006,12007,12007,3
2019-12-26,01:20:19.819000,12007,12008,12007,1
2019-12-26,01:20:47.235000,12006,12007,12007,1
2019-12-26,01:22:09.509000,12006,12007,12007,1
2019-12-26,01:22:23.069000,12006,12007,12007,2
2019-12-26,01:23:07.092000,12006,12007,12007,5
2019-12-26,01:23:31.621000,12007,12008,12007,1
2019-12-26,01:23:52.004000,12007,12008,12007,2
2019-12-26,01:24:26.818000,12007,12008,12008,10
2019-12-26,01:24:27.167000,12007,12008,12007,8
2019-12-26,01:24:27.666000,12007,12008,12007,4
2019-12-26,01:24:27.675000,12007,12008,12007,1
2019-12-26,01:24:27.675000,12007,12008,12006,3
2019-12-26,01:24:28.110000,12006,12008,12006,8
2019-12-26,01:24:28.132000,12006,12008,12006,6
2019-12-26,01:24:28.208000,12006,12008,12006,1
2019-12-26,01:24:54.880000,12006,12007,12006,10
2019-12-26,01:25:33.472000,12006,12007,12007,1
2019-12-26,01:26:09.737000,12007,12008,12008,1
2019-12-26,01:26:14.482000,12007,12008,12007,1
2019-12-26,01:26:17.108000,12007,12008,12007,1
2019-12-26,01:28:58.115000,12007,12008,12007,1
2019-12-26,01:29:22.034000,12007,12008,12008,15
2019-12-26,01:29:30.052000,12007,12008,12008,1
2019-12-26,01:29:35.464000,12007,12008,12008,1
2019-12-26,01:29:59.502000,12007,12009,12009,4
2019-12-26,01:29:59.502000,12007,12009,12010,5
2019-12-26,01:31:24.678000,12009,12010,12009,1
2019-12-26,01:31:25.339000,12008,12010,12010,1
2019-12-26,01:31:40.306000,12008,12009,12008,3
2019-12-26,01:33:53.232000,12008,12010,12008,1
2019-12-26,01:33:59.460000,12008,12010,12008,1
2019-12-26,01:35:30.159000,12009,12010,12010,4
2019-12-26,01:35:45.137000,12010,12011,12010,1
2019-12-26,01:36:01.593000,12010,12011,12011,1
2019-12-26,01:36:13.925000,12010,12011,12011,3
2019-12-26,01:36:34.823000,12010,12011,12011,2
2019-12-26,01:37:14.391000,12010,12011,12011,3
2019-12-26,01:37:23.033000,12010,12011,12011,3
2019-12-26,01:38:14.215000,12010,12011,12011,1
2019-12-26,01:38:14.422000,12010,12011,12010,2
2019-12-26,01:38:14.865000,12010,12011,12010,1
2019-12-26,01:38:14.865000,12010,12011,12010,1
2019-12-26,01:38:58.864000,12010,12011,12010,1
2019-12-26,01:42:12.900000,12010,12011,12011,1
2019-12-26,01:42:13.415000,12010,12012,12010,1
2019-12-26,01:42:13.420000,12010,12012,12010,1
2019-12-26,01:42:13.435000,12010,12012,12010,1
2019-12-26,01:42:13.442000,12010,12012,12010,1
2019-12-26,01:42:14.064000,12010,12012,12010,1
2019-12-26,01:42:14.126000,12010,12012,12010,1
2019-12-26,01:42:14.139000,12010,12012,12010,1
2019-12-26,01:42:30.543000,12010,12011,12010,1
2019-12-26,01:51:05.259000,12010,12011,12011,1
2019-12-26,01:51:05.611000,12010,12011,12010,3
2019-12-26,01:51:08.813000,12010,12011,12010,2
2019-12-26,01:53:15.217000,12010,12011,12010,5
2019-12-26,01:59:49.664000,12010,12011,12011,2
2019-12-26,02:04:37.283000,12011,12012,12011,1
2019-12-26,02:04:37.770000,12011,12012,12011,1
2019-12-26,02:04:37.770000,12011,12012,12010,1
2019-12-26,02:04:37.984000,12010,12012,12012,1
2019-12-26,02:04:38.128000,12010,12012,12010,1
2019-12-26,02:04:38.673000,12010,12012,12012,1
2019-12-26,02:04:38.740000,12010,12012,12012,1
2019-12-26,02:08:07.047000,12010,12011,12011,1
2019-12-26,02:11:24.831000,12011,12012,12012,9
2019-12-26,02:12:33.589000,12011,12013,12013,4
2019-12-26,02:12:33.757000,12011,12013,12013,3
2019-12-26,02:12:33.757000,12011,12013,12014,7
2019-12-26,02:12:33.776000,12011,12013,12015,1
2019-12-26,02:12:33.927000,12011,12015,12015,5
2019-12-26,02:12:34.465000,12011,12015,12015,1
2019-12-26,02:13:34.493000,12013,12015,12015,1
2019-12-26,02:13:38.915000,12013,12015,12015,6
2019-12-26,02:14:19.900000,12013,12015,12015,1
2019-12-26,02:15:02.104000,12013,12015,12015,3
2019-12-26,02:15:02.104000,12013,12015,12015,3
2019-12-26,02:15:02.107000,12013,12015,12015,1
2019-12-26,02:15:02.107000,12013,12015,12016,2
2019-12-26,02:15:02.107000,12013,12015,12016,3
2019-12-26,02:15:02.252000,12013,12016,12016,1
2019-12-26,02:15:02.310000,12013,12016,12017,3
2019-12-26,02:15:02.475000,12013,12017,12017,1
2019-12-26,02:15:02.479000,12013,12017,12017,4
2019-12-26,02:15:02.479000,12013,12017,12018,2
2019-12-26,02:15:02.622000,12013,12018,12018,3
2019-12-26,02:15:02.625000,12013,12018,12018,3
2019-12-26,02:15:02.639000,12013,12018,12018,3
2019-12-26,02:15:18.440000,12013,12016,12016,2
2019-12-26,02:15:47.592000,12016,12017,12016,2
2019-12-26,02:15:47.717000,12016,12017,12016,5
2019-12-26,02:16:27.761000,12015,12016,12016,1
2019-12-26,02:16:28.345000,12015,12016,12016,1
2019-12-26,02:16:28.386000,12015,12016,12016,1
2019-12-26,02:16:28.703000,12015,12016,12016,1
2019-12-26,02:19:07.921000,12015,12016,12016,1
2019-12-26,02:21:23.516000,12015,12016,12016,1
2019-12-26,02:21:24.242000,12015,12016,12016,1
2019-12-26,02:26:15.636000,12015,12016,12016,1
2019-12-26,02:26:29.986000,12015,12016,12015,1
2019-12-26,02:26:43.107000,12015,12016,12015,1
2019-12-26,02:34:40.208000,12015,12016,12016,1
2019-12-26,02:34:40.646000,12015,12016,12016,1
2019-12-26,02:34:40.652000,12015,12016,12016,1
2019-12-26,02:35:49.347000,12015,12017,12017,1
2019-12-26,02:43:56.304000,12016,12017,12017,1
2019-12-26,02:43:57.139000,12016,12017,12017,1
2019-12-26,02:45:47.593000,12016,12018,12018,1
2019-12-26,02:45:47.827000,12016,12018,12018,4
2019-12-26,02:45:47.832000,12016,12018,12018,5
2019-12-26,02:45:47.843000,12016,12018,12018,3
2019-12-26,02:45:47.843000,12016,12018,12019,2
2019-12-26,02:45:47.843000,12016,12018,12019,5
2019-12-26,02:45:47.955000,12016,12018,12019,4
2019-12-26,02:45:47.956000,12016,12018,12019,4
2019-12-26,02:45:48.007000,12016,12019,12019,5
2019-12-26,02:45:48.011000,12016,12019,12019,3
2019-12-26,02:45:48.011000,12016,12019,12020,2
2019-12-26,02:45:48.034000,12016,12019,12020,1
2019-12-26,02:45:48.057000,12016,12019,12020,5
2019-12-26,02:45:48.060000,12016,12019,12020,2
2019-12-26,02:45:48.153000,12016,12020,12020,3
2019-12-26,02:45:48.154000,12016,12020,12020,4
2019-12-26,02:45:48.189000,12016,12020,12020,4
2019-12-26,02:45:48.189000,12016,12020,12020,2
2019-12-26,02:45:48.202000,12016,12020,12020,2
2019-12-26,02:45:48.205000,12016,12020,12020,2
2019-12-26,02:45:48.237000,12016,12020,12020,4
2019-12-26,02:45:48.511000,12016,12020,12020,1
2019-12-26,02:45:48.524000,12016,12020,12020,1
2019-12-26,02:45:48.524000,12016,12020,12021,11
2019-12-26,02:45:48.529000,12016,12020,12021,1
2019-12-26,02:45:48.548000,12016,12020,12021,2
2019-12-26,02:45:48.599000,12016,12021,12021,16
2019-12-26,02:45:48.630000,12016,12021,12021,1
2019-12-26,02:45:48.678000,12016,12021,12021,2
2019-12-26,02:45:48.702000,12016,12021,12021,1
2019-12-26,02:45:48.753000,12016,12021,12021,2
2019-12-26,02:45:48.803000,12016,12021,12021,2
2019-12-26,02:45:48.834000,12016,12021,12021,5
2019-12-26,02:45:48.853000,12016,12021,12021,3
2019-12-26,02:45:48.926000,12016,12021,12021,1
2019-12-26,02:45:48.939000,12016,12021,12021,2
2019-12-26,02:45:48.949000,12016,12021,12021,2
2019-12-26,02:45:48.951000,12016,12021,12021,4
2019-12-26,02:45:48.957000,12016,12021,12021,5
2019-12-26,02:45:48.959000,12016,12021,12021,2
2019-12-26,02:45:48.960000,12016,12021,12021,1
2019-12-26,02:45:48.964000,12016,12021,12022,2
2019-12-26,02:45:48.965000,12016,12021,12022,1
2019-12-26,02:45:48.974000,12016,12022,12022,2
2019-12-26,02:45:49.034000,12016,12022,12022,14
2019-12-26,02:45:49.065000,12016,12022,12022,1
2019-12-26,02:45:49.080000,12016,12022,12022,5
2019-12-26,02:45:49.093000,12016,12022,12022,3
2019-12-26,02:45:49.145000,12016,12022,12022,3
2019-12-26,02:45:49.151000,12016,12022,12022,8
2019-12-26,02:45:49.156000,12016,12022,12022,2
2019-12-26,02:45:49.156000,12016,12022,12023,1
2019-12-26,02:45:49.156000,12016,12022,12023,6
2019-12-26,02:45:49.161000,12016,12022,12023,5
2019-12-26,02:45:49.167000,12016,12022,12023,6
2019-12-26,02:45:49.203000,12016,12022,12023,1
2019-12-26,02:45:49.207000,12016,12022,12023,1
2019-12-26,02:45:49.228000,12017,12023,12023,4
2019-12-26,02:45:49.283000,12017,12023,12023,1
2019-12-26,02:45:49.349000,12017,12023,12023,1
2019-12-26,02:45:49.349000,12017,12023,12024,1
2019-12-26,02:45:49.355000,12017,12023,12024,1
2019-12-26,02:45:49.363000,12017,12023,12024,2
2019-12-26,02:45:49.371000,12017,12023,12024,4
2019-12-26,02:45:49.379000,12017,12023,12024,2
2019-12-26,02:45:49.408000,12017,12023,12024,1
2019-12-26,02:45:49.424000,12017,12023,12024,3
2019-12-26,02:45:49.427000,12017,12023,12024,1
2019-12-26,02:45:49.443000,12017,12023,12024,1
2019-12-26,02:45:49.445000,12017,12023,12024,3
2019-12-26,02:45:49.464000,12017,12023,12024,3
2019-12-26,02:45:49.528000,12018,12024,12024,1
2019-12-26,02:45:49.548000,12018,12024,12024,2
2019-12-26,02:45:49.549000,12018,12024,12024,1
2019-12-26,02:45:49.549000,12018,12024,12024,1
2019-12-26,02:45:49.549000,12018,12024,12024,1
2019-12-26,02:45:49.549000,12018,12024,12024,2
2019-12-26,02:45:49.576000,12018,12024,12024,1
2019-12-26,02:45:49.581000,12018,12024,12024,1
2019-12-26,02:45:49.581000,12018,12024,12025,1
2019-12-26,02:45:49.590000,12018,12024,12025,2
2019-12-26,02:45:49.595000,12018,12025,12025,2
2019-12-26,02:45:49.600000,12018,12025,12025,2
2019-12-26,02:45:49.662000,12018,12025,12025,4
2019-12-26,02:45:49.776000,12018,12025,12025,1
2019-12-26,02:45:49.776000,12018,12025,12025,1
2019-12-26,02:45:49.844000,12018,12025,12025,2
2019-12-26,02:45:49.855000,12018,12025,12025,4
2019-12-26,02:45:49.858000,12018,12025,12025,2
2019-12-26,02:45:49.905000,12018,12025,12025,4
2019-12-26,02:45:49.958000,12018,12025,12025,4
2019-12-26,02:45:50.028000,12018,12025,12025,2
2019-12-26,02:45:50.080000,12018,12025,12025,1
2019-12-26,02:45:50.081000,12018,12025,12025,4
2019-12-26,02:45:50.083000,12018,12025,12025,1
2019-12-26,02:45:50.327000,12018,12025,12025,4
2019-12-26,02:45:50.338000,12018,12025,12025,2
2019-12-26,02:45:50.339000,12018,12025,12025,1
2019-12-26,02:45:50.406000,12018,12025,12025,2
2019-12-26,02:45:50.605000,12018,12025,12025,1
2019-12-26,02:45:50.715000,12018,12025,12026,2
2019-12-26,02:45:51.036000,12018,12026,12026,4
2019-12-26,02:45:51.889000,12024,12026,12025,1
2019-12-26,02:45:51.889000,12024,12026,12026,1
2019-12-26,02:45:52.182000,12024,12026,12026,1
2019-12-26,02:45:53.092000,12025,12026,12025,1
2019-12-26,02:45:53.592000,12024,12026,12024,1
2019-12-26,02:46:00.398000,12018,12024,12024,1
2019-12-26,02:47:42.653000,12020,12022,12020,1
2019-12-26,02:47:57.204000,12019,12022,12022,1
2019-12-26,02:50:29.107000,12020,12022,12022,2
2019-12-26,02:50:29.736000,12020,12023,12023,1
2019-12-26,02:52:48.683000,12020,12022,12022,1
2019-12-26,02:54:56.920000,12020,12022,12022,1
2019-12-26,02:54:57.292000,12020,12022,12022,1
2019-12-26,02:54:57.295000,12020,12022,12022,1
2019-12-26,02:54:57.302000,12020,12022,12023,1
2019-12-26,02:54:57.309000,12020,12022,12023,1
2019-12-26,02:54:57.397000,12020,12023,12023,1
2019-12-26,02:58:04.987000,12022,12023,12022,1
2019-12-26,03:00:06.579000,12020,12022,12022,3
2019-12-26,03:00:06.798000,12020,12023,12023,2
2019-12-26,03:00:07.114000,12020,12023,12023,1
2019-12-26,03:00:07.280000,12020,12023,12023,1
2019-12-26,03:00:07.746000,12020,12023,12023,2
2019-12-26,03:00:07.746000,12020,12023,12024,2
2019-12-26,03:00:07.855000,12020,12024,12020,2
2019-12-26,03:00:08.055000,12020,12024,12020,2
2019-12-26,03:00:08.256000,12020,12024,12020,2
2019-12-26,03:00:08.464000,12019,12024,12019,2
2019-12-26,03:00:10.177000,12019,12024,12019,2
2019-12-26,03:00:10.177000,12019,12024,12018,4
2019-12-26,03:00:10.177000,12019,12024,12017,1
2019-12-26,03:00:10.177000,12019,12024,12016,13
2019-12-26,03:00:10.396000,12016,12024,12016,2
2019-12-26,03:00:10.592000,12015,12017,12017,1
2019-12-26,03:00:10.676000,12015,12017,12015,2
2019-12-26,03:00:10.879000,12016,12022,12016,2
2019-12-26,03:00:11.179000,12016,12022,12016,2
2019-12-26,03:00:11.210000,12016,12022,12015,3
2019-12-26,03:00:11.210000,12016,12022,12014,1
2019-12-26,03:02:29.422000,12015,12021,12015,1
2019-12-26,03:02:57.370000,12015,12020,12015,1
2019-12-26,03:03:24.059000,12015,12019,12019,1
2019-12-26,03:04:35.206000,12019,12020,12019,2
2019-12-26,03:04:35.860000,12019,12020,12020,1
2019-12-26,03:10:07.621000,12017,12019,12017,1
2019-12-26,03:10:08.387000,12016,12019,12019,1
2019-12-26,03:12:54.105000,12017,12019,12019,1
2019-12-26,03:24:41.967000,12017,12019,12019,2
2019-12-26,03:25:47.877000,12019,12020,12020,4
2019-12-26,03:25:48.065000,12019,12021,12021,2
2019-12-26,03:25:48.190000,12019,12021,12021,1
2019-12-26,03:25:48.190000,12019,12021,12022,1
2019-12-26,03:34:56.067000,12020,12021,12021,1
2019-12-26,03:34:56.566000,12020,12022,12022,2
2019-12-26,03:34:58.284000,12020,12022,12022,1
2019-12-26,03:34:58.710000,12020,12022,12022,1
2019-12-26,03:38:46.107000,12020,12022,12020,1
2019-12-26,03:38:46.120000,12020,12022,12022,3
2019-12-26,03:38:47.333000,12019,12020,12020,3
2019-12-26,03:38:47.333000,12019,12020,12022,2
2019-12-26,03:39:50.437000,12019,12020,12019,1
2019-12-26,03:45:22.092000,12019,12020,12020,7
2019-12-26,03:51:32.516000,12019,12021,12021,3
2019-12-26,03:51:33.007000,12021,12022,12022,1
2019-12-26,03:52:44.685000,12021,12022,12021,1
2019-12-26,03:53:11.816000,12019,12022,12019,1
2019-12-26,03:53:12.561000,12019,12022,12019,1
2019-12-26,03:59:29.801000,12019,12021,12019,1
2019-12-26,04:03:01.301000,12019,12021,12019,1
2019-12-26,04:08:59.557000,12018,12021,12021,1
2019-12-26,04:09:07.181000,12018,12021,12021,1
2019-12-26,04:09:30.824000,12018,12021,12021,1
2019-12-26,04:10:06.169000,12018,12022,12018,2
2019-12-26,04:10:06.589000,12018,12022,12018,2
2019-12-26,04:10:06.663000,12018,12022,12018,2
2019-12-26,04:25:13.073000,12018,12020,12018,3
2019-12-26,04:25:13.261000,12018,12020,12018,1
2019-12-26,04:25:13.267000,12018,12020,12018,1
2019-12-26,04:25:13.376000,12018,12020,12018,2
2019-12-26,04:26:28.193000,12018,12020,12018,1
2019-12-26,04:28:14.973000,12018,12020,12018,1
2019-12-26,04:34:30.072000,12018,12020,12020,3
2019-12-26,04:34:30.567000,12018,12020,12018,1
2019-12-26,04:34:30.962000,12018,12020,12020,1
2019-12-26,04:34:31.036000,12018,12020,12018,1
2019-12-26,04:34:32.594000,12017,12018,12017,2
2019-12-26,04:34:33.316000,12017,12018,12017,1
2019-12-26,04:34:33.316000,12017,12018,12016,2
2019-12-26,04:34:34.333000,12016,12020,12016,1
2019-12-26,04:38:12.813000,12017,12018,12017,1
2019-12-26,04:40:10.263000,12017,12018,12018,1
2019-12-26,04:40:10.650000,12017,12019,12017,1
2019-12-26,04:40:11.224000,12017,12019,12017,1
2019-12-26,04:40:11.255000,12017,12019,12017,1
2019-12-26,04:46:08.580000,12017,12019,12017,2
2019-12-26,04:46:09.024000,12017,12019,12017,1
2019-12-26,04:46:09.184000,12017,12019,12017,2
2019-12-26,04:46:09.293000,12017,12019,12017,1
2019-12-26,04:46:09.310000,12017,12019,12017,1
2019-12-26,04:46:09.619000,12017,12019,12017,1
2019-12-26,04:47:37.614000,12017,12018,12017,1
2019-12-26,04:48:22.717000,12017,12018,12018,1
2019-12-26,04:48:23.099000,12017,12019,12017,2
2019-12-26,04:48:23.099000,12017,12019,12016,3
2019-12-26,04:48:23.147000,12017,12019,12019,4
2019-12-26,04:48:23.486000,12016,12019,12016,1
2019-12-26,04:48:23.529000,12016,12019,12019,1
2019-12-26,04:48:24.027000,12016,12019,12016,1
2019-12-26,04:48:24.067000,12016,12019,12016,2
2019-12-26,04:48:24.756000,12016,12019,12019,1
2019-12-26,04:48:57.247000,12017,12019,12019,1
2019-12-26,04:49:09.578000,12017,12019,12019,1
2019-12-26,04:50:09.509000,12017,12019,12019,2
2019-12-26,04:50:09.829000,12017,12020,12017,1
2019-12-26,04:50:09.895000,12017,12020,12020,1
2019-12-26,04:50:10.030000,12017,12020,12017,1
2019-12-26,04:50:10.142000,12017,12020,12020,1
2019-12-26,04:50:10.754000,12017,12020,12017,1
2019-12-26,04:50:31.994000,12018,12020,12018,1
2019-12-26,04:52:18.034000,12019,12020,12020,2
2019-12-26,04:52:18.344000,12019,12020,12019,2
2019-12-26,04:52:18.383000,12019,12020,12019,1
2019-12-26,04:52:18.473000,12019,12020,12019,1
2019-12-26,04:52:18.961000,12017,12020,12020,1
2019-12-26,04:52:28.643000,12018,12020,12018,1
2019-12-26,04:52:28.643000,12018,12020,12017,4
2019-12-26,04:53:22.477000,12017,12019,12019,2
2019-12-26,04:53:22.891000,12017,12019,12020,2
2019-12-26,04:53:22.909000,12017,12019,12020,3
2019-12-26,04:53:23.007000,12017,12020,12020,3
2019-12-26,04:53:23.217000,12017,12020,12020,1
2019-12-26,04:53:23.273000,12017,12020,12020,1
2019-12-26,04:54:03.079000,12018,12019,12019,1
2019-12-26,04:54:03.329000,12018,12020,12018,2
2019-12-26,04:54:04.044000,12018,12020,12020,1
2019-12-26,04:55:05.145000,12018,12020,12020,1
2019-12-26,04:55:05.451000,12018,12020,12018,1
2019-12-26,04:56:58.024000,12018,12020,12020,1
2019-12-26,04:56:58.460000,12018,12020,12018,2
2019-12-26,04:56:58.729000,12018,12020,12018,1
2019-12-26,04:56:58.731000,12018,12020,12017,1
2019-12-26,04:58:47.136000,12018,12019,12019,1
2019-12-26,04:58:47.625000,12018,12020,12018,1
2019-12-26,04:58:47.626000,12018,12020,12020,1
2019-12-26,04:58:47.675000,12018,12020,12018,1
2019-12-26,04:59:19.489000,12018,12019,12018,2
2019-12-26,04:59:20.236000,12018,12019,12018,1
2019-12-26,04:59:24.030000,12018,12019,12018,1
2019-12-26,04:59:28.346000,12018,12019,12018,1
2019-12-26,04:59:28.346000,12018,12019,12017,1
2019-12-26,04:59:33.584000,12017,12019,12017,1
2019-12-26,04:59:48.965000,12017,12019,12017,2
2019-12-26,04:59:56.844000,12017,12019,12017,1
2019-12-26,08:45:00.051000,12027,12028,12029,227
2019-12-26,08:45:00.066000,12029,12030,12030,1
2019-12-26,08:45:00.137000,12028,12030,12030,2
2019-12-26,08:45:00.158000,12028,12030,12030,1
2019-12-26,08:45:00.169000,12028,12030,12030,1
2019-12-26,08:45:00.277000,12028,12030,12030,10
2019-12-26,08:45:00.072000,12029,12030,12029,2
2019-12-26,08:45:00.282000,12029,12030,12030,3
2019-12-26,08:45:00.293000,12029,12030,12030,1
2019-12-26,08:45:00.320000,12029,12030,12030,1
2019-12-26,08:45:00.347000,12029,12030,12030,1
2019-12-26,08:45:00.364000,12029,12030,12030,3
2019-12-26,08:45:00.375000,12029,12030,12029,1
2019-12-26,08:45:00.376000,12029,12030,12029,1
2019-12-26,08:45:00.377000,12029,12030,12029,1
2019-12-26,08:45:00.401000,12029,12030,12029,1
2019-12-26,08:45:00.410000,12029,12030,12029,1
2019-12-26,08:45:00.414000,12029,12030,12028,1
2019-12-26,08:45:00.428000,12029,12030,12028,1
2019-12-26,08:45:00.442000,12029,12030,12030,3
2019-12-26,08:45:00.516000,12029,12030,12029,2
2019-12-26,08:45:00.530000,12029,12030,12030,2
2019-12-26,08:45:00.530000,12029,12030,12030,2
2019-12-26,08:45:00.530000,12029,12030,12030,1
2019-12-26,08:45:00.537000,12029,12030,12031,2
2019-12-26,08:45:00.546000,12029,12030,12031,2
2019-12-26,08:45:00.552000,12029,12030,12031,1
2019-12-26,08:45:00.579000,12029,12030,12030,1
2019-12-26,08:45:00.643000,12029,12030,12031,1
2019-12-26,08:45:00.658000,12030,12031,12031,1
2019-12-26,08:45:00.663000,12030,12031,12031,1
2019-12-26,08:45:00.667000,12030,12031,12031,1
2019-12-26,08:45:00.668000,12030,12031,12031,1
2019-12-26,08:45:00.668000,12030,12031,12031,1
2019-12-26,08:45:00.671000,12030,12031,12031,1
2019-12-26,08:45:00.672000,12030,12031,12031,1
2019-12-26,08:45:00.672000,12030,12031,12030,1
2019-12-26,08:45:00.672000,12030,12031,12029,1
2019-12-26,08:45:00.672000,12030,12031,12031,1
2019-12-26,08:45:00.673000,12030,12031,12032,2
2019-12-26,08:45:00.673000,12030,12031,12032,1
2019-12-26,08:45:00.677000,12030,12031,12032,1
2019-12-26,08:45:00.677000,12030,12031,12032,1
2019-12-26,08:45:00.677000,12030,12031,12032,1
2019-12-26,08:45:00.678000,12030,12031,12032,1
2019-12-26,08:45:00.678000,12030,12031,12032,1
2019-12-26,08:45:00.695000,12030,12031,12032,2
2019-12-26,08:45:00.719000,12030,12031,12031,1
2019-12-26,08:45:00.739000,12030,12031,12032,1
2019-12-26,08:45:00.741000,12030,12031,12032,2
2019-12-26,08:45:00.748000,12030,12031,12032,1
2019-12-26,08:45:00.757000,12030,12031,12029,1
2019-12-26,08:45:00.773000,12030,12031,12029,1
2019-12-26,08:45:00.826000,12029,12032,12030,2
2019-12-26,08:45:00.830000,12029,12032,12032,1
2019-12-26,08:45:00.831000,12029,12032,12032,1
2019-12-26,08:45:00.834000,12029,12032,12032,1
2019-12-26,08:45:00.857000,12029,12032,12032,2
2019-12-26,08:45:00.868000,12029,12032,12032,1
2019-12-26,08:45:00.898000,12029,12032,12030,1
2019-12-26,08:45:00.898000,12029,12032,12029,3
2019-12-26,08:45:00.907000,12030,12033,12033,1
2019-12-26,08:45:00.934000,12030,12033,12033,1
2019-12-26,08:45:00.934000,12030,12033,12031,2
2019-12-26,08:45:00.988000,12030,12033,12032,3
2019-12-26,08:45:00.988000,12030,12033,12033,1
2019-12-26,08:45:01.018000,12030,12033,12030,1
2019-12-26,08:45:01.029000,12030,12033,12033,5
2019-12-26,08:45:01.037000,12030,12033,12033,1
2019-12-26,08:45:01.049000,12030,12033,12030,1
2019-12-26,08:45:01.149000,12030,12033,12033,1
2019-12-26,08:45:01.150000,12030,12033,12033,1
2019-12-26,08:45:01.222000,12031,12033,12032,1
2019-12-26,08:45:01.242000,12031,12033,12033,1
2019-12-26,08:45:01.247000,12031,12033,12033,1
2019-12-26,08:45:01.250000,12031,12033,12033,1
2019-12-26,08:45:01.257000,12031,12033,12033,1
2019-12-26,08:45:01.258000,12031,12033,12033,1
2019-12-26,08:45:01.262000,12031,12033,12033,1
2019-12-26,08:45:01.262000,12031,12033,12031,1
2019-12-26,08:45:01.264000,12031,12033,12033,1
2019-12-26,08:45:01.299000,12031,12033,12031,1
2019-12-26,08:45:01.308000,12031,12033,12031,1
2019-12-26,08:45:01.387000,12031,12033,12033,1
2019-12-26,08:45:01.391000,12031,12033,12031,1
2019-12-26,08:45:01.430000,12031,12033,12032,1
2019-12-26,08:45:01.461000,12031,12033,12033,1
2019-12-26,08:45:01.489000,12031,12033,12032,1
2019-12-26,08:45:01.531000,12032,12033,12033,1
2019-12-26,08:45:01.548000,12032,12033,12033,1
2019-12-26,08:45:01.570000,12032,12033,12033,2
2019-12-26,08:45:01.604000,12032,12033,12033,1
2019-12-26,08:45:01.654000,12032,12033,12033,1
2019-12-26,08:45:01.656000,12032,12033,12033,7
2019-12-26,08:45:01.657000,12032,12033,12033,1
2019-12-26,08:45:01.681000,12032,12033,12034,1
2019-12-26,08:45:01.744000,12032,12033,12033,2
2019-12-26,08:45:01.744000,12032,12033,12034,2
2019-12-26,08:45:01.758000,12032,12033,12032,1
2019-12-26,08:45:01.806000,12032,12034,12033,1
2019-12-26,08:45:01.819000,12032,12034,12034,1
2019-12-26,08:45:01.854000,12032,12034,12034,8
2019-12-26,08:45:01.855000,12032,12034,12034,2
2019-12-26,08:45:01.911000,12032,12034,12032,3
2019-12-26,08:45:01.978000,12032,12034,12034,11
2019-12-26,08:45:01.983000,12032,12034,12034,13
2019-12-26,08:45:01.983000,12032,12034,12035,1
2019-12-26,08:45:02.154000,12033,12034,12034,1
2019-12-26,08:45:02.165000,12033,12034,12035,1
2019-12-26,08:45:02.209000,12033,12034,12035,2
2019-12-26,08:45:02.234000,12033,12034,12035,4
2019-12-26,08:45:02.235000,12033,12034,12033,1
2019-12-26,08:45:02.236000,12033,12034,12035,2
2019-12-26,08:45:02.237000,12033,12034,12032,1
2019-12-26,08:45:02.270000,12033,12034,12034,1
2019-12-26,08:45:02.270000,12033,12034,12035,2
2019-12-26,08:45:02.278000,12033,12034,12035,2
2019-12-26,08:45:02.354000,12032,12035,12033,1
2019-12-26,08:45:02.386000,12032,12035,12035,4
2019-12-26,08:45:02.447000,12033,12035,12033,1
2019-12-26,08:45:02.493000,12033,12035,12035,1
2019-12-26,08:45:02.501000,12033,12035,12033,1
2019-12-26,08:45:02.501000,12033,12035,12033,1
2019-12-26,08:45:02.512000,12033,12035,12034,1
2019-12-26,08:45:02.567000,12033,12035,12033,1
2019-12-26,08:45:02.575000,12033,12035,12035,1
2019-12-26,08:45:02.576000,12033,12035,12035,1
2019-12-26,08:45:02.576000,12033,12035,12035,1
2019-12-26,08:45:02.576000,12033,12035,12035,1
2019-12-26,08:45:02.593000,12033,12035,12035,1
2019-12-26,08:45:02.615000,12033,12035,12035,1
2019-12-26,08:45:02.653000,12033,12035,12032,1
2019-12-26,08:45:02.663000,12032,12035,12035,1
2019-12-26,08:45:02.674000,12032,12035,12032,1
2019-12-26,08:45:02.732000,12032,12035,12032,2
2019-12-26,08:45:02.796000,12032,12035,12034,1
2019-12-26,08:45:02.859000,12032,12035,12034,1
2019-12-26,08:45:02.896000,12032,12035,12034,2
2019-12-26,08:45:02.911000,12032,12035,12035,1
2019-12-26,08:45:02.978000,12032,12035,12035,1
2019-12-26,08:45:03.258000,12032,12034,12033,1
2019-12-26,08:45:03.276000,12032,12034,12033,1
2019-12-26,08:45:03.311000,12033,12034,12033,1
2019-12-26,08:45:03.405000,12033,12034,12034,3
2019-12-26,08:45:03.407000,12033,12034,12034,2
2019-12-26,08:45:03.484000,12033,12034,12035,2
2019-12-26,08:45:03.537000,12033,12035,12033,1
2019-12-26,08:45:03.570000,12033,12035,12033,1
2019-12-26,08:45:03.575000,12033,12035,12033,1
2019-12-26,08:45:03.654000,12034,12035,12034,1
2019-12-26,08:45:03.994000,12033,12035,12034,1
2019-12-26,08:45:04.004000,12033,12035,12033,6
2019-12-26,08:45:04.004000,12033,12035,12032,12
2019-12-26,08:45:04.155000,12032,12033,12033,1
2019-12-26,08:45:04.205000,12032,12033,12032,1
2019-12-26,08:45:04.210000,12032,12033,12032,1
2019-12-26,08:45:04.211000,12032,12033,12032,1
2019-12-26,08:45:04.227000,12032,12033,12033,2
2019-12-26,08:45:04.322000,12032,12033,12032,4
2019-12-26,08:45:04.322000,12032,12033,12031,1
2019-12-26,08:45:04.512000,12031,12033,12033,1
2019-12-26,08:45:04.529000,12032,12033,12032,1
2019-12-26,08:45:04.535000,12032,12033,12033,1
2019-12-26,08:45:04.572000,12032,12033,12033,2
2019-12-26,08:45:04.691000,12031,12033,12033,1
2019-12-26,08:45:04.992000,12031,12033,12033,2
2019-12-26,08:45:05.038000,12031,12033,12031,2
2019-12-26,08:45:05.141000,12031,12033,12033,1
2019-12-26,08:45:05.273000,12030,12033,12032,1
2019-12-26,08:45:05.280000,12031,12032,12032,1
2019-12-26,08:45:05.598000,12031,12032,12031,1
2019-12-26,08:45:05.627000,12031,12032,12031,1
2019-12-26,08:45:05.720000,12031,12032,12032,1
2019-12-26,08:45:05.779000,12031,12032,12031,3
2019-12-26,08:45:05.928000,12030,12031,12031,1
2019-12-26,08:45:05.941000,12030,12031,12031,5
2019-12-26,08:45:05.962000,12030,12031,12030,4
2019-12-26,08:45:05.998000,12030,12031,12031,1
2019-12-26,08:45:06.020000,12030,12031,12030,3
2019-12-26,08:45:06.568000,12029,12030,12030,10
2019-12-26,08:45:06.602000,12029,12030,12029,5
2019-12-26,08:45:06.603000,12029,12030,12029,1
2019-12-26,08:45:06.662000,12029,12030,12030,1
2019-12-26,08:45:06.765000,12029,12030,12030,1
2019-12-26,08:45:06.807000,12029,12030,12029,6
2019-12-26,08:45:06.981000,12029,12030,12030,1
2019-12-26,08:45:07.032000,12029,12030,12030,3
2019-12-26,08:45:07.123000,12029,12030,12029,1
2019-12-26,08:45:07.140000,12029,12030,12029,1
2019-12-26,08:45:07.193000,12029,12030,12030,1
2019-12-26,08:45:07.446000,12029,12030,12029,2
2019-12-26,08:45:07.884000,12029,12030,12030,1
2019-12-26,08:45:08.030000,12029,12030,12030,3
2019-12-26,08:45:08.154000,12029,12030,12030,1
2019-12-26,08:45:08.329000,12029,12031,12031,1
2019-12-26,08:45:08.395000,12029,12031,12030,1
2019-12-26,08:45:08.406000,12030,12031,12031,1
2019-12-26,08:45:08.472000,12030,12031,12030,1
2019-12-26,08:45:08.545000,12030,12032,12030,2
2019-12-26,08:45:08.559000,12030,12032,12030,1
2019-12-26,08:45:09.405000,12031,12032,12032,4
2019-12-26,08:45:09.544000,12031,12032,12032,1
2019-12-26,08:45:09.580000,12031,12032,12031,1
2019-12-26,08:45:09.622000,12031,12032,12031,1
2019-12-26,08:45:09.833000,12031,12032,12032,1
2019-12-26,08:45:09.940000,12031,12032,12032,1
2019-12-26,08:45:09.946000,12031,12032,12032,1
2019-12-26,08:45:10.533000,12031,12032,12031,2
2019-12-26,08:45:10.893000,12031,12032,12031,1
2019-12-26,08:45:11.566000,12031,12032,12031,1
2019-12-26,08:45:11.672000,12031,12032,12032,10
2019-12-26,08:45:11.696000,12031,12032,12031,1
2019-12-26,08:45:11.881000,12031,12032,12032,2
2019-12-26,08:45:11.967000,12031,12032,12032,3
2019-12-26,08:45:12.125000,12031,12032,12031,1
2019-12-26,08:45:12.169000,12031,12032,12032,1
2019-12-26,08:45:12.655000,12031,12032,12032,11
2019-12-26,08:45:12.910000,12032,12033,12033,1
2019-12-26,08:45:13.042000,12032,12033,12032,1
2019-12-26,08:45:13.162000,12032,12033,12033,1
2019-12-26,08:45:13.168000,12032,12033,12033,1
2019-12-26,08:45:13.404000,12032,12033,12033,1
2019-12-26,08:45:13.404000,12032,12033,12033,1
2019-12-26,08:45:13.529000,12032,12033,12033,1
2019-12-26,08:45:13.529000,12032,12033,12033,1
2019-12-26,08:45:13.530000,12032,12033,12033,1
2019-12-26,08:45:13.560000,12032,12033,12032,1
2019-12-26,08:45:13.678000,12032,12034,12034,2
2019-12-26,08:45:14.154000,12033,12034,12034,7
2019-12-26,08:45:14.454000,12034,12035,12035,1
2019-12-26,08:45:14.618000,12034,12035,12034,3
2019-12-26,08:45:14.799000,12034,12035,12035,1
2019-12-26,08:45:14.953000,12034,12035,12034,1
2019-12-26,08:45:16.100000,12034,12035,12035,1
2019-12-26,08:45:16.138000,12034,12035,12035,1
2019-12-26,08:45:16.309000,12034,12035,12035,1
2019-12-26,08:45:16.512000,12034,12035,12034,1
2019-12-26,08:45:16.526000,12034,12035,12034,1
2019-12-26,08:45:17.065000,12034,12035,12035,1
2019-12-26,08:45:17.086000,12034,12035,12035,1
2019-12-26,08:45:17.388000,12034,12035,12034,1
2019-12-26,08:45:17.498000,12034,12035,12035,2
2019-12-26,08:45:17.555000,12034,12035,12035,1
2019-12-26,08:45:17.907000,12034,12035,12035,5
2019-12-26,08:45:17.908000,12034,12035,12035,2
2019-12-26,08:45:17.995000,12034,12035,12035,1
2019-12-26,08:45:18.029000,12034,12035,12035,3
