2023-12-29 15:00:00.001,17871,17871,17871,76,0
2023-12-29 15:00:00.001,17871,17871,17871,2,0
2023-12-29 15:00:00.001,17871,17871,17871,10,0
2023-12-29 15:00:00.001,17871,17871,17871,28,0
2023-12-29 15:00:00.001,17872,17872,17872,2,2
2023-12-29 15:00:00.001,17872,17872,17872,2,0
2023-12-29 15:00:00.001,17872,17872,17872,2,0
2023-12-29 15:00:00.001,17872,17872,17872,10,0
2023-12-29 15:00:00.001,17873,17873,17873,6,6
2023-12-29 15:00:00.001,17874,17874,17874,8,8
2023-12-29 15:00:00.001,17874,17874,17874,4,0
2023-12-29 15:00:00.001,17874,17874,17874,2,0
2023-12-29 15:00:00.001,17875,17875,17875,2,2
2023-12-29 15:00:00.001,17875,17875,17875,2,0
2023-12-29 15:00:00.001,17875,17875,17875,2,0
2023-12-29 15:00:00.001,17875,17875,17875,2,0
2023-12-29 15:00:00.001,17874,17874,17874,2,-2
2023-12-29 15:00:00.001,17874,17874,17874,2,0
2023-12-29 15:00:01.001,17874,17874,17874,2,0
2023-12-29 15:00:02.001,17872,17872,17872,2,-2
2023-12-29 15:00:02.001,17873,17873,17873,4,4
2023-12-29 15:00:03.001,17873,17873,17873,2,0
2023-12-29 15:00:03.001,17873,17873,17873,16,0
2023-12-29 15:00:03.001,17874,17874,17874,2,2
2023-12-29 15:00:04.001,17873,17873,17873,2,-2
2023-12-29 15:00:04.001,17873,17873,17873,2,0
2023-12-29 15:00:04.001,17874,17874,17874,4,4
2023-12-29 15:00:04.001,17874,17874,17874,4,0
2023-12-29 15:00:04.001,17874,17874,17874,4,0
2023-12-29 15:00:04.001,17875,17875,17875,2,2
2023-12-29 15:00:04.001,17875,17875,17875,12,0
2023-12-29 15:00:05.001,17875,17875,17875,6,0
2023-12-29 15:00:05.001,17875,17875,17875,6,0
2023-12-29 15:00:05.001,17875,17875,17875,2,0
2023-12-29 15:00:05.001,17875,17875,17875,2,0
2023-12-29 15:00:06.001,17874,17874,17874,2,-2
2023-12-29 15:00:06.001,17874,17874,17874,2,0
2023-12-29 15:00:07.001,17874,17874,17874,2,0
2023-12-29 15:00:07.001,17874,17874,17874,2,0
2023-12-29 15:00:09.001,17873,17873,17873,2,-2
2023-12-29 15:00:10.001,17874,17874,17874,2,2
2023-12-29 15:00:10.001,17873,17873,17873,2,-2
2023-12-29 15:00:11.001,17874,17874,17874,2,2
2023-12-29 15:00:11.001,17874,17874,17874,6,0
2023-12-29 15:00:11.001,17874,17874,17874,2,0
2023-12-29 15:00:13.001,17874,17874,17874,8,0
2023-12-29 15:00:13.001,17873,17873,17873,2,-2
2023-12-29 15:00:13.001,17873,17873,17873,2,0
2023-12-29 15:00:13.001,17872,17872,17872,2,-2
2023-12-29 15:00:13.001,17872,17872,17872,4,0
2023-12-29 15:00:13.001,17872,17872,17872,2,0
2023-12-29 15:00:13.001,17872,17872,17872,2,0
2023-12-29 15:00:13.001,17872,17872,17872,4,0
2023-12-29 15:00:13.001,17872,17872,17872,2,0
2023-12-29 15:00:14.001,17873,17873,17873,2,2
2023-12-29 15:00:16.001,17872,17872,17872,2,-2
2023-12-29 15:00:22.001,17872,17872,17872,2,0
2023-12-29 15:00:22.001,17873,17873,17873,2,2
2023-12-29 15:00:23.001,17874,17874,17874,2,2
2023-12-29 15:00:23.001,17874,17874,17874,2,0
2023-12-29 15:00:23.001,17874,17874,17874,4,0
2023-12-29 15:00:23.001,17874,17874,17874,8,0
2023-12-29 15:00:24.001,17874,17874,17874,2,0
2023-12-29 15:00:24.001,17874,17874,17874,4,0
2023-12-29 15:00:24.001,17874,17874,17874,2,0
2023-12-29 15:00:24.001,17874,17874,17874,4,0
2023-12-29 15:00:27.001,17874,17874,17874,2,0
2023-12-29 15:00:27.001,17874,17874,17874,2,0
2023-12-29 15:00:29.001,17873,17873,17873,2,-2
2023-12-29 15:00:29.001,17873,17873,17873,2,0
2023-12-29 15:00:30.001,17872,17872,17872,2,-2
2023-12-29 15:00:36.001,17872,17872,17872,2,0
2023-12-29 15:00:36.001,17872,17872,17872,2,0
2023-12-29 15:00:36.001,17872,17872,17872,2,0
2023-12-29 15:00:39.001,17873,17873,17873,2,2
2023-12-29 15:00:42.001,17872,17872,17872,2,-2
2023-12-29 15:00:47.001,17872,17872,17872,4,0
2023-12-29 15:00:50.001,17873,17873,17873,4,4
2023-12-29 15:00:53.001,17872,17872,17872,2,-2
2023-12-29 15:00:55.001,17872,17872,17872,2,0
2023-12-29 15:00:55.001,17872,17872,17872,2,0
2023-12-29 15:00:59.001,17872,17872,17872,2,0
2023-12-29 15:01:00.001,17873,17873,17873,2,2
2023-12-29 15:01:00.001,17873,17873,17873,2,0
2023-12-29 15:01:00.001,17872,17872,17872,2,-2
2023-12-29 15:01:01.001,17872,17872,17872,2,0
2023-12-29 15:01:01.001,17873,17873,17873,2,2
2023-12-29 15:01:02.001,17872,17872,17872,2,-2
2023-12-29 15:01:02.001,17872,17872,17872,2,0
2023-12-29 15:01:02.001,17872,17872,17872,2,0
2023-12-29 15:01:03.001,17872,17872,17872,2,0
2023-12-29 15:01:03.001,17872,17872,17872,2,0
2023-12-29 15:01:03.001,17872,17872,17872,2,0
2023-12-29 15:01:11.001,17872,17872,17872,2,0
2023-12-29 15:01:11.001,17872,17872,17872,2,0
2023-12-29 15:01:12.001,17872,17872,17872,2,0
2023-12-29 15:01:17.001,17872,17872,17872,4,0
2023-12-29 15:01:24.001,17873,17873,17873,2,2
2023-12-29 15:01:24.001,17873,17873,17873,2,0
2023-12-29 15:01:24.001,17873,17873,17873,4,0
2023-12-29 15:01:24.001,17873,17873,17873,8,0
2023-12-29 15:01:24.001,17873,17873,17873,6,0
2023-12-29 15:01:25.001,17874,17874,17874,2,2
2023-12-29 15:01:25.001,17874,17874,17874,2,0
2023-12-29 15:01:25.001,17874,17874,17874,18,0
2023-12-29 15:01:27.001,17874,17874,17874,4,0
2023-12-29 15:01:29.001,17874,17874,17874,4,0
2023-12-29 15:01:29.001,17875,17875,17875,2,2
2023-12-29 15:01:29.001,17874,17874,17874,4,-4
2023-12-29 15:01:34.001,17874,17874,17874,2,0
2023-12-29 15:01:35.001,17874,17874,17874,2,0
2023-12-29 15:01:35.001,17874,17874,17874,2,0
2023-12-29 15:01:35.001,17874,17874,17874,4,0
2023-12-29 15:01:35.001,17874,17874,17874,2,0
2023-12-29 15:01:49.001,17874,17874,17874,2,0
2023-12-29 15:01:49.001,17874,17874,17874,4,0
2023-12-29 15:01:49.001,17874,17874,17874,2,0
2023-12-29 15:01:52.001,17874,17874,17874,2,0
2023-12-29 15:01:52.001,17874,17874,17874,2,0
2023-12-29 15:01:53.001,17875,17875,17875,12,12
2023-12-29 15:01:55.001,17874,17874,17874,4,-4
2023-12-29 15:01:57.001,17875,17875,17875,2,2
2023-12-29 15:01:58.001,17875,17875,17875,4,0
2023-12-29 15:02:00.001,17874,17874,17874,2,-2
2023-12-29 15:02:00.001,17874,17874,17874,2,0
2023-12-29 15:02:00.001,17874,17874,17874,2,0
2023-12-29 15:02:15.001,17874,17874,17874,2,0
2023-12-29 15:02:17.001,17873,17873,17873,6,-6
2023-12-29 15:02:17.001,17873,17873,17873,6,0
2023-12-29 15:02:17.001,17873,17873,17873,2,0
2023-12-29 15:02:17.001,17872,17872,17872,2,-2
2023-12-29 15:02:17.001,17872,17872,17872,2,0
2023-12-29 15:02:17.001,17872,17872,17872,4,0
2023-12-29 15:02:17.001,17872,17872,17872,4,0
2023-12-29 15:02:17.001,17872,17872,17872,2,0
2023-12-29 15:02:17.001,17872,17872,17872,4,0
2023-12-29 15:02:17.001,17872,17872,17872,2,0
2023-12-29 15:02:17.001,17872,17872,17872,4,0
2023-12-29 15:02:17.001,17872,17872,17872,2,0
2023-12-29 15:02:17.001,17873,17873,17873,4,4
2023-12-29 15:02:33.001,17872,17872,17872,2,-2
2023-12-29 15:02:34.001,17872,17872,17872,2,0
2023-12-29 15:02:34.001,17872,17872,17872,2,0
2023-12-29 15:02:34.001,17872,17872,17872,2,0
2023-12-29 15:02:34.001,17872,17872,17872,4,0
2023-12-29 15:02:34.001,17872,17872,17872,2,0
2023-12-29 15:02:34.001,17872,17872,17872,4,0
2023-12-29 15:02:41.001,17871,17871,17871,2,-2
2023-12-29 15:02:51.001,17872,17872,17872,6,6
2023-12-29 15:03:00.001,17873,17873,17873,2,2
2023-12-29 15:03:15.001,17872,17872,17872,2,-2
2023-12-29 15:03:19.001,17873,17873,17873,2,2
2023-12-29 15:03:23.001,17873,17873,17873,2,0
2023-12-29 15:03:30.001,17873,17873,17873,2,0
2023-12-29 15:03:31.001,17873,17873,17873,2,0
2023-12-29 15:03:31.001,17873,17873,17873,2,0
2023-12-29 15:03:31.001,17873,17873,17873,6,0
2023-12-29 15:03:40.001,17874,17874,17874,2,2
2023-12-29 15:03:40.001,17874,17874,17874,2,0
2023-12-29 15:03:43.001,17874,17874,17874,4,0
2023-12-29 15:03:45.001,17873,17873,17873,2,-2
2023-12-29 15:03:45.001,17873,17873,17873,2,0
2023-12-29 15:03:45.001,17873,17873,17873,2,0
2023-12-29 15:03:49.001,17873,17873,17873,4,0
2023-12-29 15:03:53.001,17874,17874,17874,16,16
2023-12-29 15:04:11.001,17872,17872,17872,2,-2
2023-12-29 15:04:31.001,17873,17873,17873,2,2
2023-12-29 15:04:52.001,17872,17872,17872,2,-2
2023-12-29 15:04:52.001,17872,17872,17872,12,0
2023-12-29 15:04:53.001,17873,17873,17873,20,20
2023-12-29 15:04:56.001,17873,17873,17873,2,0
2023-12-29 15:05:00.001,17873,17873,17873,2,0
2023-12-29 15:05:01.001,17873,17873,17873,2,0
2023-12-29 15:05:03.001,17873,17873,17873,2,0
2023-12-29 15:05:03.001,17873,17873,17873,2,0
2023-12-29 15:05:03.001,17873,17873,17873,2,0
2023-12-29 15:05:05.001,17874,17874,17874,2,2
2023-12-29 15:05:05.001,17874,17874,17874,4,0
2023-12-29 15:05:05.001,17874,17874,17874,4,0
2023-12-29 15:05:07.001,17873,17873,17873,4,-4
2023-12-29 15:05:07.001,17873,17873,17873,2,0
2023-12-29 15:05:07.001,17873,17873,17873,2,0
2023-12-29 15:05:09.001,17874,17874,17874,2,2
2023-12-29 15:05:12.001,17874,17874,17874,2,0
2023-12-29 15:05:13.001,17874,17874,17874,8,0
2023-12-29 15:05:20.001,17875,17875,17875,54,54
2023-12-29 15:05:20.001,17875,17875,17875,4,0
2023-12-29 15:05:21.001,17875,17875,17875,4,0
2023-12-29 15:05:21.001,17875,17875,17875,2,0
2023-12-29 15:05:30.001,17874,17874,17874,2,-2
2023-12-29 15:05:30.001,17875,17875,17875,2,2
2023-12-29 15:05:31.001,17875,17875,17875,2,0
2023-12-29 15:05:31.001,17875,17875,17875,2,0
2023-12-29 15:05:31.001,17875,17875,17875,2,0
2023-12-29 15:05:32.001,17875,17875,17875,2,0
2023-12-29 15:05:33.001,17874,17874,17874,2,-2
2023-12-29 15:05:36.001,17874,17874,17874,2,0
2023-12-29 15:05:36.001,17874,17874,17874,2,0
2023-12-29 15:05:36.001,17874,17874,17874,2,0
2023-12-29 15:05:39.001,17874,17874,17874,2,0
2023-12-29 15:05:39.001,17874,17874,17874,2,0
2023-12-29 15:05:39.001,17874,17874,17874,2,0
2023-12-29 15:05:53.001,17874,17874,17874,10,0
2023-12-29 15:06:29.001,17875,17875,17875,2,2
2023-12-29 15:06:34.001,17874,17874,17874,2,-2
2023-12-29 15:06:34.001,17874,17874,17874,2,0
2023-12-29 15:06:38.001,17875,17875,17875,2,2
2023-12-29 15:06:44.001,17874,17874,17874,2,-2
2023-12-29 15:06:50.001,17874,17874,17874,2,0
2023-12-29 15:06:53.001,17875,17875,17875,10,10
2023-12-29 15:07:00.001,17875,17875,17875,2,0
2023-12-29 15:07:11.001,17875,17875,17875,2,0
2023-12-29 15:07:13.001,17875,17875,17875,10,0
2023-12-29 15:07:17.001,17875,17875,17875,2,0
2023-12-29 15:07:19.001,17875,17875,17875,6,0
2023-12-29 15:07:21.001,17874,17874,17874,2,-2
2023-12-29 15:07:21.001,17874,17874,17874,4,0
2023-12-29 15:07:23.001,17875,17875,17875,2,2
2023-12-29 15:07:23.001,17874,17874,17874,2,-2
2023-12-29 15:07:32.001,17875,17875,17875,4,4
2023-12-29 15:07:57.001,17874,17874,17874,2,-2
2023-12-29 15:08:00.001,17874,17874,17874,2,0
2023-12-29 15:08:00.001,17874,17874,17874,2,0
2023-12-29 15:08:00.001,17874,17874,17874,2,0
2023-12-29 15:08:00.001,17873,17873,17873,2,-2
2023-12-29 15:08:00.001,17873,17873,17873,6,0
2023-12-29 15:08:00.001,17873,17873,17873,2,0
2023-12-29 15:08:00.001,17873,17873,17873,2,0
2023-12-29 15:08:15.001,17875,17875,17875,2,2
2023-12-29 15:08:16.001,17875,17875,17875,8,0
2023-12-29 15:08:16.001,17874,17874,17874,2,-2
2023-12-29 15:08:16.001,17874,17874,17874,2,0
2023-12-29 15:08:29.001,17875,17875,17875,2,2
2023-12-29 15:08:44.001,17874,17874,17874,2,-2
2023-12-29 15:08:56.001,17874,17874,17874,2,0
2023-12-29 15:09:18.001,17874,17874,17874,2,0
2023-12-29 15:10:07.001,17874,17874,17874,2,0
2023-12-29 15:10:10.001,17874,17874,17874,2,0
2023-12-29 15:10:10.001,17874,17874,17874,2,0
2023-12-29 15:10:11.001,17873,17873,17873,2,-2
2023-12-29 15:10:30.001,17873,17873,17873,2,0
2023-12-29 15:10:30.001,17873,17873,17873,2,0
2023-12-29 15:10:31.001,17873,17873,17873,2,0
2023-12-29 15:10:31.001,17873,17873,17873,2,0
2023-12-29 15:10:38.001,17873,17873,17873,2,0
2023-12-29 15:10:38.001,17873,17873,17873,2,0
2023-12-29 15:11:10.001,17872,17872,17872,6,-6
2023-12-29 15:11:10.001,17872,17872,17872,2,0
2023-12-29 15:11:10.001,17872,17872,17872,2,0
2023-12-29 15:11:10.001,17872,17872,17872,2,0
2023-12-29 15:11:10.001,17872,17872,17872,2,0
2023-12-29 15:11:10.001,17872,17872,17872,6,0
2023-12-29 15:11:10.001,17872,17872,17872,2,0
2023-12-29 15:11:10.001,17871,17871,17871,2,-2
2023-12-29 15:11:14.001,17871,17871,17871,2,0
2023-12-29 15:11:14.001,17871,17871,17871,4,0
2023-12-29 15:11:14.001,17871,17871,17871,2,0
2023-12-29 15:11:14.001,17871,17871,17871,2,0
2023-12-29 15:11:14.001,17871,17871,17871,2,0
2023-12-29 15:11:14.001,17871,17871,17871,2,0
2023-12-29 15:11:14.001,17871,17871,17871,2,0
2023-12-29 15:11:14.001,17871,17871,17871,2,0
2023-12-29 15:11:19.001,17870,17870,17870,2,-2
2023-12-29 15:11:22.001,17870,17870,17870,2,0
2023-12-29 15:11:31.001,17870,17870,17870,6,0
2023-12-29 15:11:33.001,17871,17871,17871,2,2
2023-12-29 15:11:36.001,17871,17871,17871,2,0
2023-12-29 15:11:39.001,17873,17873,17873,2,2
2023-12-29 15:11:40.001,17871,17871,17871,4,-4
2023-12-29 15:11:49.001,17871,17871,17871,2,0
2023-12-29 15:11:50.001,17871,17871,17871,4,0
2023-12-29 15:11:50.001,17871,17871,17871,2,0
2023-12-29 15:11:50.001,17871,17871,17871,2,0
2023-12-29 15:11:50.001,17871,17871,17871,2,0
2023-12-29 15:11:55.001,17872,17872,17872,2,2
2023-12-29 15:11:56.001,17871,17871,17871,4,-4
2023-12-29 15:12:01.001,17872,17872,17872,10,10
2023-12-29 15:12:01.001,17873,17873,17873,46,46
2023-12-29 15:12:01.001,17874,17874,17874,28,28
2023-12-29 15:12:01.001,17873,17873,17873,4,-4
2023-12-29 15:12:01.001,17873,17873,17873,2,0
2023-12-29 15:12:01.001,17873,17873,17873,2,0
2023-12-29 15:12:01.001,17871,17871,17871,2,-2
2023-12-29 15:12:04.001,17873,17873,17873,6,6
2023-12-29 15:12:12.001,17873,17873,17873,2,0
2023-12-29 15:12:14.001,17873,17873,17873,36,0
2023-12-29 15:12:14.001,17874,17874,17874,48,48
2023-12-29 15:12:37.001,17873,17873,17873,4,-4
2023-12-29 15:13:01.001,17873,17873,17873,2,0
2023-12-29 15:13:01.001,17874,17874,17874,2,2
2023-12-29 15:13:09.001,17874,17874,17874,2,0
2023-12-29 15:13:11.001,17874,17874,17874,2,0
2023-12-29 15:13:12.001,17874,17874,17874,2,0
2023-12-29 15:13:12.001,17874,17874,17874,2,0
2023-12-29 15:13:28.001,17874,17874,17874,2,0
2023-12-29 15:13:35.001,17873,17873,17873,2,-2
2023-12-29 15:13:35.001,17873,17873,17873,2,0
2023-12-29 15:13:35.001,17873,17873,17873,2,0
2023-12-29 15:13:35.001,17873,17873,17873,2,0
2023-12-29 15:13:35.001,17873,17873,17873,2,0
2023-12-29 15:13:38.001,17873,17873,17873,2,0
2023-12-29 15:13:38.001,17874,17874,17874,2,2
2023-12-29 15:14:05.001,17873,17873,17873,2,-2
2023-12-29 15:14:05.001,17874,17874,17874,2,2
2023-12-29 15:14:47.001,17874,17874,17874,2,0
2023-12-29 15:15:00.001,17874,17874,17874,2,0
2023-12-29 15:15:00.001,17874,17874,17874,2,0
2023-12-29 15:15:00.001,17873,17873,17873,2,-2
2023-12-29 15:15:08.001,17873,17873,17873,2,0
2023-12-29 15:15:08.001,17874,17874,17874,2,2
2023-12-29 15:15:08.001,17874,17874,17874,2,0
2023-12-29 15:15:17.001,17873,17873,17873,6,-6
2023-12-29 15:15:17.001,17873,17873,17873,2,0
2023-12-29 15:15:45.001,17873,17873,17873,8,0
2023-12-29 15:16:01.001,17872,17872,17872,2,-2
2023-12-29 15:16:01.001,17872,17872,17872,2,0
2023-12-29 15:16:07.001,17872,17872,17872,2,0
2023-12-29 15:16:10.001,17873,17873,17873,2,2
2023-12-29 15:16:17.001,17873,17873,17873,2,0
2023-12-29 15:17:11.001,17873,17873,17873,2,0
2023-12-29 15:17:12.001,17872,17872,17872,2,-2
2023-12-29 15:17:39.001,17872,17872,17872,2,0
2023-12-29 15:17:42.001,17872,17872,17872,2,0
2023-12-29 15:17:42.001,17872,17872,17872,4,0
2023-12-29 15:17:42.001,17872,17872,17872,2,0
2023-12-29 15:17:49.001,17872,17872,17872,6,0
2023-12-29 15:17:49.001,17872,17872,17872,2,0
2023-12-29 15:17:59.001,17873,17873,17873,2,2
2023-12-29 15:18:06.001,17872,17872,17872,2,-2
2023-12-29 15:18:07.001,17873,17873,17873,2,2
2023-12-29 15:18:13.001,17872,17872,17872,2,-2
2023-12-29 15:18:28.001,17872,17872,17872,2,0
2023-12-29 15:18:59.001,17872,17872,17872,2,0
2023-12-29 15:18:59.001,17872,17872,17872,2,0
2023-12-29 15:19:11.001,17872,17872,17872,2,0
2023-12-29 15:19:12.001,17871,17871,17871,2,-2
2023-12-29 15:19:41.001,17871,17871,17871,2,0
2023-12-29 15:19:44.001,17871,17871,17871,2,0
2023-12-29 15:19:57.001,17872,17872,17872,10,10
2023-12-29 15:20:03.001,17872,17872,17872,2,0
2023-12-29 15:20:07.001,17872,17872,17872,2,0
2023-12-29 15:20:11.001,17872,17872,17872,4,0
2023-12-29 15:20:19.001,17872,17872,17872,2,0
2023-12-29 15:20:24.001,17873,17873,17873,6,6
2023-12-29 15:20:40.001,17873,17873,17873,2,0
2023-12-29 15:20:49.001,17873,17873,17873,2,0
2023-12-29 15:20:53.001,17873,17873,17873,4,0
2023-12-29 15:20:53.001,17874,17874,17874,16,16
2023-12-29 15:20:53.001,17874,17874,17874,2,0
2023-12-29 15:21:17.001,17873,17873,17873,2,-2
2023-12-29 15:21:21.001,17872,17872,17872,2,-2
2023-12-29 15:21:21.001,17872,17872,17872,2,0
2023-12-29 15:21:21.001,17872,17872,17872,2,0
2023-12-29 15:21:21.001,17872,17872,17872,2,0
2023-12-29 15:21:21.001,17872,17872,17872,4,0
2023-12-29 15:21:21.001,17872,17872,17872,4,0
2023-12-29 15:21:21.001,17872,17872,17872,2,0
2023-12-29 15:21:25.001,17872,17872,17872,2,0
2023-12-29 15:21:42.001,17871,17871,17871,2,-2
2023-12-29 15:21:43.001,17872,17872,17872,2,2
2023-12-29 15:21:48.001,17872,17872,17872,2,0
2023-12-29 15:21:50.001,17871,17871,17871,2,-2
2023-12-29 15:21:50.001,17871,17871,17871,4,0
2023-12-29 15:21:53.001,17873,17873,17873,16,16
2023-12-29 15:22:03.001,17872,17872,17872,2,-2
2023-12-29 15:22:10.001,17873,17873,17873,2,2
2023-12-29 15:22:11.001,17873,17873,17873,6,0
2023-12-29 15:22:11.001,17873,17873,17873,2,0
2023-12-29 15:22:13.001,17873,17873,17873,6,0
2023-12-29 15:22:52.001,17873,17873,17873,2,0
2023-12-29 15:22:54.001,17873,17873,17873,2,0
2023-12-29 15:23:08.001,17873,17873,17873,2,0
2023-12-29 15:23:09.001,17872,17872,17872,2,-2
2023-12-29 15:23:23.001,17873,17873,17873,2,2
2023-12-29 15:23:23.001,17873,17873,17873,18,0
2023-12-29 15:23:23.001,17874,17874,17874,4,4
2023-12-29 15:23:50.001,17873,17873,17873,2,-2
2023-12-29 15:24:17.001,17874,17874,17874,2,2
2023-12-29 15:24:18.001,17874,17874,17874,2,0
2023-12-29 15:24:24.001,17873,17873,17873,2,-2
2023-12-29 15:24:24.001,17873,17873,17873,2,0
2023-12-29 15:24:24.001,17873,17873,17873,4,0
2023-12-29 15:24:24.001,17873,17873,17873,2,0
2023-12-29 15:24:40.001,17873,17873,17873,2,0
2023-12-29 15:25:03.001,17872,17872,17872,2,-2
2023-12-29 15:25:19.001,17873,17873,17873,2,2
2023-12-29 15:25:39.001,17873,17873,17873,2,0
2023-12-29 15:25:59.001,17872,17872,17872,2,-2
2023-12-29 15:26:09.001,17873,17873,17873,2,2
2023-12-29 15:26:09.001,17873,17873,17873,4,0
2023-12-29 15:26:09.001,17873,17873,17873,4,0
2023-12-29 15:26:09.001,17873,17873,17873,2,0
2023-12-29 15:26:09.001,17873,17873,17873,4,0
2023-12-29 15:26:11.001,17873,17873,17873,2,0
2023-12-29 15:26:30.001,17873,17873,17873,2,0
2023-12-29 15:26:30.001,17873,17873,17873,2,0
2023-12-29 15:27:15.001,17872,17872,17872,2,-2
2023-12-29 15:27:15.001,17872,17872,17872,2,0
2023-12-29 15:27:15.001,17872,17872,17872,2,0
2023-12-29 15:27:27.001,17872,17872,17872,2,0
2023-12-29 15:27:50.001,17872,17872,17872,2,0
2023-12-29 15:27:50.001,17872,17872,17872,2,0
2023-12-29 15:27:56.001,17871,17871,17871,2,-2
2023-12-29 15:28:08.001,17873,17873,17873,2,2
2023-12-29 15:28:10.001,17871,17871,17871,2,-2
2023-12-29 15:28:22.001,17871,17871,17871,4,0
2023-12-29 15:28:22.001,17871,17871,17871,2,0
2023-12-29 15:28:22.001,17871,17871,17871,6,0
2023-12-29 15:28:22.001,17871,17871,17871,2,0
2023-12-29 15:28:22.001,17871,17871,17871,2,0
2023-12-29 15:28:22.001,17871,17871,17871,2,0
2023-12-29 15:28:22.001,17871,17871,17871,2,0
2023-12-29 15:28:22.001,17871,17871,17871,2,0
2023-12-29 15:28:30.001,17871,17871,17871,2,0
2023-12-29 15:28:40.001,17871,17871,17871,2,0
2023-12-29 15:28:40.001,17872,17872,17872,2,2
2023-12-29 15:29:00.001,17871,17871,17871,2,-2
2023-12-29 15:29:00.001,17872,17872,17872,2,2
2023-12-29 15:29:06.001,17871,17871,17871,2,-2
2023-12-29 15:29:12.001,17872,17872,17872,2,2
2023-12-29 15:29:35.001,17871,17871,17871,6,-6
2023-12-29 15:29:35.001,17871,17871,17871,2,0
2023-12-29 15:29:35.001,17871,17871,17871,2,0
2023-12-29 15:29:35.001,17871,17871,17871,2,0
2023-12-29 15:29:35.001,17871,17871,17871,2,0
2023-12-29 15:29:35.001,17871,17871,17871,2,0
2023-12-29 15:29:35.001,17871,17871,17871,2,0
2023-12-29 15:29:35.001,17871,17871,17871,8,0
2023-12-29 15:29:35.001,17871,17871,17871,2,0
2023-12-29 15:29:42.001,17871,17871,17871,2,0
2023-12-29 15:29:53.001,17870,17870,17870,10,-10
2023-12-29 15:29:53.001,17870,17870,17870,10,0
2023-12-29 15:29:53.001,17870,17870,17870,10,0
2023-12-29 15:29:53.001,17870,17870,17870,20,0
2023-12-29 15:29:53.001,17870,17870,17870,22,0
2023-12-29 15:29:53.001,17870,17870,17870,28,0
2023-12-29 15:29:53.001,17870,17870,17870,2,0
2023-12-29 15:29:53.001,17870,17870,17870,20,0
2023-12-29 15:29:53.001,17870,17870,17870,10,0
2023-12-29 15:29:53.001,17870,17870,17870,2,0
2023-12-29 15:29:53.001,17870,17870,17870,4,0
2023-12-29 15:29:53.001,17870,17870,17870,20,0
2023-12-29 15:29:53.001,17870,17870,17870,30,0
2023-12-29 15:29:53.001,17870,17870,17870,2,0
2023-12-29 15:29:53.001,17870,17870,17870,2,0
2023-12-29 15:29:53.001,17870,17870,17870,2,0
2023-12-29 15:29:53.001,17870,17870,17870,2,0
2023-12-29 15:29:53.001,17870,17870,17870,2,0
2023-12-29 15:29:53.001,17870,17870,17870,2,0
2023-12-29 15:29:53.001,17870,17870,17870,2,0
2023-12-29 15:29:53.001,17870,17870,17870,2,0
2023-12-29 15:29:53.001,17870,17870,17870,2,0
2023-12-29 15:29:53.001,17869,17869,17869,2,-2
2023-12-29 15:29:53.001,17869,17869,17869,8,0
2023-12-29 15:29:53.001,17869,17869,17869,22,0
2023-12-29 15:29:53.001,17869,17869,17869,8,0
2023-12-29 15:29:53.001,17869,17869,17869,8,0
2023-12-29 15:29:53.001,17869,17869,17869,2,0
2023-12-29 15:29:53.001,17869,17869,17869,4,0
2023-12-29 15:29:53.001,17869,17869,17869,8,0
2023-12-29 15:29:53.001,17869,17869,17869,8,0
2023-12-29 15:29:53.001,17869,17869,17869,6,0
2023-12-29 15:29:53.001,17869,17869,17869,2,0
2023-12-29 15:29:53.001,17869,17869,17869,2,0
2023-12-29 15:29:53.001,17868,17868,17868,2,-2
2023-12-29 15:29:53.001,17868,17868,17868,2,0
2023-12-29 15:29:53.001,17868,17868,17868,2,0
2023-12-29 15:29:53.001,17868,17868,17868,4,0
2023-12-29 15:29:54.001,17868,17868,17868,4,0
2023-12-29 15:29:54.001,17868,17868,17868,2,0
2023-12-29 15:29:54.001,17868,17868,17868,4,0
2023-12-29 15:29:54.001,17868,17868,17868,2,0
2023-12-29 15:29:54.001,17868,17868,17868,2,0
2023-12-29 15:29:54.001,17868,17868,17868,2,0
2023-12-29 15:30:00.001,17869,17869,17869,2,2
2023-12-29 15:30:00.001,17869,17869,17869,2,0
2023-12-29 15:30:00.001,17869,17869,17869,6,0
2023-12-29 15:30:01.001,17869,17869,17869,2,0
2023-12-29 15:30:01.001,17869,17869,17869,2,0
2023-12-29 15:30:01.001,17869,17869,17869,8,0
2023-12-29 15:30:02.001,17870,17870,17870,4,4
2023-12-29 15:30:03.001,17869,17869,17869,2,-2
2023-12-29 15:30:10.001,17868,17868,17868,2,-2
2023-12-29 15:30:12.001,17868,17868,17868,2,0
2023-12-29 15:30:20.001,17869,17869,17869,4,4
2023-12-29 15:30:27.001,17869,17869,17869,4,0
2023-12-29 15:30:32.001,17870,17870,17870,2,2
2023-12-29 15:31:03.001,17869,17869,17869,2,-2
2023-12-29 15:31:05.001,17869,17869,17869,2,0
2023-12-29 15:31:20.001,17869,17869,17869,2,0
2023-12-29 15:31:23.001,17869,17869,17869,4,0
2023-12-29 15:31:44.001,17869,17869,17869,2,0
2023-12-29 15:32:00.001,17869,17869,17869,2,0
2023-12-29 15:32:21.001,17868,17868,17868,2,-2
2023-12-29 15:32:26.001,17868,17868,17868,2,0
2023-12-29 15:32:29.001,17868,17868,17868,2,0
2023-12-29 15:32:32.001,17869,17869,17869,2,2
2023-12-29 15:32:41.001,17869,17869,17869,26,0
2023-12-29 15:32:43.001,17869,17869,17869,2,0
2023-12-29 15:32:43.001,17868,17868,17868,2,-2
2023-12-29 15:32:51.001,17868,17868,17868,2,0
2023-12-29 15:32:52.001,17869,17869,17869,2,2
2023-12-29 15:32:55.001,17868,17868,17868,2,-2
2023-12-29 15:32:55.001,17868,17868,17868,2,0
2023-12-29 15:33:02.001,17869,17869,17869,4,4
2023-12-29 15:33:07.001,17868,17868,17868,2,-2
2023-12-29 15:33:23.001,17869,17869,17869,2,2
2023-12-29 15:33:23.001,17868,17868,17868,2,-2
2023-12-29 15:33:33.001,17868,17868,17868,4,0
2023-12-29 15:33:33.001,17868,17868,17868,2,0
2023-12-29 15:33:33.001,17868,17868,17868,6,0
2023-12-29 15:33:33.001,17868,17868,17868,2,0
2023-12-29 15:33:33.001,17868,17868,17868,2,0
2023-12-29 15:33:33.001,17868,17868,17868,2,0
2023-12-29 15:33:33.001,17868,17868,17868,2,0
2023-12-29 15:33:33.001,17868,17868,17868,4,0
2023-12-29 15:33:33.001,17868,17868,17868,2,0
2023-12-29 15:33:33.001,17868,17868,17868,2,0
2023-12-29 15:33:55.001,17869,17869,17869,18,18
2023-12-29 15:33:57.001,17869,17869,17869,2,0
2023-12-29 15:33:59.001,17869,17869,17869,2,0
2023-12-29 15:34:17.001,17869,17869,17869,2,0
2023-12-29 15:34:35.001,17869,17869,17869,2,0
2023-12-29 15:34:36.001,17869,17869,17869,2,0
2023-12-29 15:34:55.001,17869,17869,17869,2,0
2023-12-29 15:35:04.001,17869,17869,17869,2,0
2023-12-29 15:35:08.001,17868,17868,17868,2,-2
2023-12-29 15:35:19.001,17869,17869,17869,2,2
2023-12-29 15:35:29.001,17869,17869,17869,2,0
2023-12-29 15:35:31.001,17868,17868,17868,2,-2
2023-12-29 15:35:31.001,17868,17868,17868,4,0
2023-12-29 15:35:31.001,17868,17868,17868,2,0
2023-12-29 15:35:35.001,17870,17870,17870,8,8
2023-12-29 15:35:47.001,17870,17870,17870,2,0
2023-12-29 15:35:52.001,17870,17870,17870,2,0
2023-12-29 15:36:04.001,17870,17870,17870,10,0
2023-12-29 15:36:11.001,17869,17869,17869,2,-2
2023-12-29 15:36:21.001,17869,17869,17869,2,0
2023-12-29 15:36:33.001,17868,17868,17868,2,-2
2023-12-29 15:36:33.001,17868,17868,17868,2,0
2023-12-29 15:36:33.001,17868,17868,17868,2,0
2023-12-29 15:36:33.001,17868,17868,17868,2,0
2023-12-29 15:36:33.001,17868,17868,17868,2,0
2023-12-29 15:36:33.001,17868,17868,17868,2,0
2023-12-29 15:36:33.001,17868,17868,17868,6,0
2023-12-29 15:36:33.001,17868,17868,17868,2,0
2023-12-29 15:36:33.001,17868,17868,17868,2,0
2023-12-29 15:36:33.001,17867,17867,17867,10,-10
2023-12-29 15:36:33.001,17867,17867,17867,4,0
2023-12-29 15:36:33.001,17867,17867,17867,4,0
2023-12-29 15:36:33.001,17867,17867,17867,4,0
2023-12-29 15:36:33.001,17867,17867,17867,2,0
2023-12-29 15:36:33.001,17867,17867,17867,2,0
2023-12-29 15:36:33.001,17867,17867,17867,4,0
2023-12-29 15:36:33.001,17868,17868,17868,2,2
2023-12-29 15:36:48.001,17868,17868,17868,2,0
2023-12-29 15:37:02.001,17867,17867,17867,2,-2
2023-12-29 15:37:02.001,17867,17867,17867,2,0
2023-12-29 15:37:02.001,17867,17867,17867,2,0
2023-12-29 15:37:02.001,17867,17867,17867,2,0
2023-12-29 15:37:02.001,17867,17867,17867,2,0
2023-12-29 15:37:02.001,17868,17868,17868,8,8
2023-12-29 15:37:05.001,17867,17867,17867,2,-2
2023-12-29 15:37:05.001,17867,17867,17867,2,0
2023-12-29 15:37:05.001,17867,17867,17867,4,0
2023-12-29 15:37:05.001,17867,17867,17867,2,0
2023-12-29 15:37:25.001,17868,17868,17868,4,4
2023-12-29 15:37:25.001,17867,17867,17867,2,-2
2023-12-29 15:37:25.001,17867,17867,17867,2,0
2023-12-29 15:37:25.001,17867,17867,17867,2,0
2023-12-29 15:37:30.001,17868,17868,17868,2,2
2023-12-29 15:37:33.001,17868,17868,17868,2,0
2023-12-29 15:37:33.001,17868,17868,17868,4,0
2023-12-29 15:37:33.001,17868,17868,17868,4,0
2023-12-29 15:37:42.001,17868,17868,17868,2,0
2023-12-29 15:37:42.001,17868,17868,17868,2,0
2023-12-29 15:37:42.001,17868,17868,17868,2,0
2023-12-29 15:37:42.001,17868,17868,17868,4,0
2023-12-29 15:37:49.001,17868,17868,17868,4,0
2023-12-29 15:37:49.001,17868,17868,17868,4,0
2023-12-29 15:37:49.001,17868,17868,17868,2,0
2023-12-29 15:37:54.001,17868,17868,17868,2,0
2023-12-29 15:37:59.001,17868,17868,17868,2,0
2023-12-29 15:37:59.001,17867,17867,17867,4,-4
2023-12-29 15:38:16.001,17868,17868,17868,2,2
2023-12-29 15:38:16.001,17868,17868,17868,8,0
2023-12-29 15:38:36.001,17868,17868,17868,2,0
2023-12-29 15:38:36.001,17868,17868,17868,4,0
2023-12-29 15:38:56.001,17868,17868,17868,2,0
2023-12-29 15:38:56.001,17868,17868,17868,2,0
2023-12-29 15:39:11.001,17869,17869,17869,2,2
2023-12-29 15:39:19.001,17869,17869,17869,4,0
2023-12-29 15:39:19.001,17869,17869,17869,4,0
2023-12-29 15:39:30.001,17870,17870,17870,4,4
2023-12-29 15:39:45.001,17869,17869,17869,6,-6
2023-12-29 15:40:09.001,17868,17868,17868,2,-2
2023-12-29 15:40:09.001,17868,17868,17868,2,0
2023-12-29 15:40:26.001,17870,17870,17870,2,2
2023-12-29 15:40:37.001,17870,17870,17870,4,0
2023-12-29 15:40:40.001,17869,17869,17869,2,-2
2023-12-29 15:40:40.001,17869,17869,17869,2,0
2023-12-29 15:40:40.001,17869,17869,17869,2,0
2023-12-29 15:40:40.001,17869,17869,17869,2,0
2023-12-29 15:40:57.001,17869,17869,17869,2,0
2023-12-29 15:41:10.001,17869,17869,17869,2,0
2023-12-29 15:41:10.001,17869,17869,17869,2,0
2023-12-29 15:41:22.001,17868,17868,17868,2,-2
2023-12-29 15:41:22.001,17868,17868,17868,2,0
2023-12-29 15:41:22.001,17868,17868,17868,2,0
2023-12-29 15:41:22.001,17868,17868,17868,2,0
2023-12-29 15:41:22.001,17868,17868,17868,2,0
2023-12-29 15:41:22.001,17868,17868,17868,4,0
2023-12-29 15:41:22.001,17868,17868,17868,4,0
2023-12-29 15:41:25.001,17869,17869,17869,2,2
2023-12-29 15:41:56.001,17869,17869,17869,2,0
2023-12-29 15:42:16.001,17868,17868,17868,2,-2
2023-12-29 15:42:28.001,17868,17868,17868,2,0
2023-12-29 15:42:28.001,17868,17868,17868,2,0
2023-12-29 15:42:28.001,17868,17868,17868,2,0
2023-12-29 15:42:28.001,17868,17868,17868,2,0
2023-12-29 15:42:28.001,17868,17868,17868,2,0
2023-12-29 15:42:33.001,17868,17868,17868,2,0
2023-12-29 15:42:52.001,17868,17868,17868,2,0
2023-12-29 15:44:00.001,17869,17869,17869,2,2
2023-12-29 15:44:09.001,17869,17869,17869,2,0
2023-12-29 15:44:29.001,17869,17869,17869,2,0
2023-12-29 15:44:46.001,17868,17868,17868,2,-2
2023-12-29 15:44:46.001,17868,17868,17868,2,0
2023-12-29 15:45:10.001,17867,17867,17867,2,-2
2023-12-29 15:45:10.001,17867,17867,17867,2,0
2023-12-29 15:45:10.001,17867,17867,17867,2,0
2023-12-29 15:45:10.001,17867,17867,17867,4,0
2023-12-29 15:45:33.001,17867,17867,17867,2,0
2023-12-29 15:45:42.001,17867,17867,17867,2,0
2023-12-29 15:45:42.001,17867,17867,17867,2,0
2023-12-29 15:45:42.001,17867,17867,17867,2,0
2023-12-29 15:45:42.001,17867,17867,17867,4,0
2023-12-29 15:45:42.001,17867,17867,17867,2,0
2023-12-29 15:45:42.001,17867,17867,17867,2,0
2023-12-29 15:45:42.001,17867,17867,17867,2,0
2023-12-29 15:45:42.001,17867,17867,17867,2,0
2023-12-29 15:45:48.001,17866,17866,17866,2,-2
2023-12-29 15:45:49.001,17866,17866,17866,2,0
2023-12-29 15:45:49.001,17867,17867,17867,2,2
2023-12-29 15:46:25.001,17867,17867,17867,10,0
2023-12-29 15:46:58.001,17866,17866,17866,2,-2
2023-12-29 15:47:04.001,17867,17867,17867,2,2
2023-12-29 15:47:04.001,17866,17866,17866,2,-2
2023-12-29 15:47:04.001,17866,17866,17866,2,0
2023-12-29 15:47:04.001,17866,17866,17866,2,0
2023-12-29 15:47:04.001,17866,17866,17866,2,0
2023-12-29 15:47:07.001,17866,17866,17866,2,0
2023-12-29 15:47:07.001,17866,17866,17866,2,0
2023-12-29 15:47:09.001,17866,17866,17866,2,0
2023-12-29 15:47:09.001,17866,17866,17866,2,0
2023-12-29 15:47:18.001,17866,17866,17866,2,0
2023-12-29 15:47:32.001,17868,17868,17868,2,2
2023-12-29 15:48:01.001,17868,17868,17868,4,0
2023-12-29 15:48:01.001,17868,17868,17868,12,0
2023-12-29 15:48:01.001,17868,17868,17868,4,0
2023-12-29 15:48:01.001,17868,17868,17868,2,0
2023-12-29 15:48:17.001,17868,17868,17868,2,0
2023-12-29 15:48:17.001,17867,17867,17867,2,-2
2023-12-29 15:48:17.001,17867,17867,17867,2,0
2023-12-29 15:48:40.001,17868,17868,17868,2,2
2023-12-29 15:48:40.001,17868,17868,17868,2,0
2023-12-29 15:48:53.001,17868,17868,17868,36,0
2023-12-29 15:48:53.001,17868,17868,17868,2,0
2023-12-29 15:49:01.001,17867,17867,17867,2,-2
2023-12-29 15:49:01.001,17867,17867,17867,2,0
2023-12-29 15:49:05.001,17867,17867,17867,2,0
2023-12-29 15:49:07.001,17868,17868,17868,2,2
2023-12-29 15:49:21.001,17868,17868,17868,2,0
2023-12-29 15:49:54.001,17867,17867,17867,2,-2
2023-12-29 15:49:58.001,17866,17866,17866,2,-2
2023-12-29 15:50:19.001,17866,17866,17866,2,0
2023-12-29 15:50:20.001,17866,17866,17866,2,0
2023-12-29 15:50:20.001,17866,17866,17866,2,0
2023-12-29 15:50:20.001,17866,17866,17866,2,0
2023-12-29 15:50:20.001,17866,17866,17866,2,0
2023-12-29 15:50:20.001,17866,17866,17866,4,0
2023-12-29 15:50:20.001,17865,17865,17865,4,-4
2023-12-29 15:50:20.001,17865,17865,17865,2,0
2023-12-29 15:50:20.001,17865,17865,17865,2,0
2023-12-29 15:50:20.001,17865,17865,17865,2,0
2023-12-29 15:50:20.001,17865,17865,17865,2,0
2023-12-29 15:50:20.001,17865,17865,17865,2,0
2023-12-29 15:50:29.001,17866,17866,17866,2,2
2023-12-29 15:50:29.001,17866,17866,17866,2,0
2023-12-29 15:50:37.001,17866,17866,17866,2,0
2023-12-29 15:50:56.001,17866,17866,17866,6,0
2023-12-29 15:51:34.001,17866,17866,17866,2,0
2023-12-29 15:51:40.001,17867,17867,17867,6,6
2023-12-29 15:52:07.001,17867,17867,17867,2,0
2023-12-29 15:52:13.001,17867,17867,17867,2,0
2023-12-29 15:52:13.001,17866,17866,17866,2,-2
2023-12-29 15:52:35.001,17868,17868,17868,2,2
2023-12-29 15:52:36.001,17866,17866,17866,2,-2
2023-12-29 15:53:17.001,17868,17868,17868,2,2
2023-12-29 15:53:33.001,17867,17867,17867,2,-2
2023-12-29 15:53:34.001,17867,17867,17867,2,0
2023-12-29 15:53:36.001,17867,17867,17867,2,0
2023-12-29 15:53:48.001,17866,17866,17866,2,-2
2023-12-29 15:54:04.001,17867,17867,17867,2,2
2023-12-29 15:54:06.001,17866,17866,17866,2,-2
2023-12-29 15:54:13.001,17866,17866,17866,2,0
2023-12-29 15:54:16.001,17866,17866,17866,2,0
2023-12-29 15:54:26.001,17866,17866,17866,2,0
2023-12-29 15:54:26.001,17866,17866,17866,2,0
2023-12-29 15:54:40.001,17866,17866,17866,2,0
2023-12-29 15:55:00.001,17866,17866,17866,2,0
2023-12-29 15:55:07.001,17866,17866,17866,2,0
2023-12-29 15:55:21.001,17866,17866,17866,2,0
2023-12-29 15:55:21.001,17866,17866,17866,4,0
2023-12-29 15:55:21.001,17866,17866,17866,2,0
2023-12-29 15:55:45.001,17866,17866,17866,2,0
2023-12-29 15:56:05.001,17866,17866,17866,2,0
2023-12-29 15:56:05.001,17866,17866,17866,2,0
2023-12-29 15:56:05.001,17866,17866,17866,2,0
2023-12-29 15:56:05.001,17866,17866,17866,2,0
2023-12-29 15:56:17.001,17865,17865,17865,2,-2
2023-12-29 15:56:17.001,17865,17865,17865,8,0
2023-12-29 15:56:22.001,17866,17866,17866,2,2
2023-12-29 15:56:44.001,17865,17865,17865,2,-2
2023-12-29 15:56:56.001,17866,17866,17866,2,2
2023-12-29 15:57:00.001,17866,17866,17866,2,0
2023-12-29 15:57:02.001,17866,17866,17866,6,0
2023-12-29 15:57:03.001,17866,17866,17866,6,0
2023-12-29 15:57:05.001,17866,17866,17866,6,0
2023-12-29 15:57:06.001,17866,17866,17866,2,0
2023-12-29 15:57:06.001,17867,17867,17867,4,4
2023-12-29 15:57:28.001,17866,17866,17866,2,-2
2023-12-29 15:57:32.001,17866,17866,17866,2,0
2023-12-29 15:57:32.001,17866,17866,17866,2,0
2023-12-29 15:57:44.001,17865,17865,17865,2,-2
2023-12-29 15:57:44.001,17865,17865,17865,2,0
2023-12-29 15:57:44.001,17865,17865,17865,2,0
2023-12-29 15:57:44.001,17865,17865,17865,2,0
2023-12-29 15:58:00.001,17865,17865,17865,2,0
2023-12-29 15:58:08.001,17866,17866,17866,2,2
2023-12-29 15:58:14.001,17866,17866,17866,2,0
2023-12-29 15:58:22.001,17866,17866,17866,2,0
2023-12-29 15:58:25.001,17865,17865,17865,2,-2
2023-12-29 15:58:40.001,17865,17865,17865,2,0
2023-12-29 15:58:41.001,17865,17865,17865,2,0
2023-12-29 15:58:41.001,17865,17865,17865,2,0
2023-12-29 15:58:43.001,17865,17865,17865,2,0
2023-12-29 15:58:44.001,17865,17865,17865,2,0
2023-12-29 15:58:46.001,17865,17865,17865,2,0
2023-12-29 15:58:56.001,17865,17865,17865,2,0
2023-12-29 15:59:21.001,17865,17865,17865,2,0
2023-12-29 15:59:36.001,17865,17865,17865,2,0
2023-12-29 15:59:37.001,17865,17865,17865,2,0
2023-12-29 15:59:37.001,17865,17865,17865,2,0
2023-12-29 15:59:37.001,17865,17865,17865,2,0
2023-12-29 15:59:37.001,17865,17865,17865,2,0
2023-12-29 15:59:38.001,17864,17864,17864,2,-2
2023-12-29 15:59:38.001,17864,17864,17864,2,0
2023-12-29 15:59:38.001,17864,17864,17864,2,0
2023-12-29 15:59:38.001,17864,17864,17864,2,0
2023-12-29 15:59:38.001,17864,17864,17864,2,0
2023-12-29 15:59:38.001,17864,17864,17864,2,0
2023-12-29 15:59:38.001,17865,17865,17865,2,2
2023-12-29 15:59:38.001,17864,17864,17864,2,-2
2023-12-29 15:59:38.001,17864,17864,17864,2,0
2023-12-29 15:59:40.001,17864,17864,17864,2,0
2023-12-29 15:59:45.001,17864,17864,17864,2,0
2023-12-29 15:59:45.001,17864,17864,17864,2,0
2023-12-29 15:59:45.001,17864,17864,17864,4,0
2023-12-29 15:59:45.001,17864,17864,17864,2,0
2023-12-29 15:59:46.001,17864,17864,17864,2,0
2023-12-29 15:59:46.001,17864,17864,17864,2,0
2023-12-29 15:59:46.001,17864,17864,17864,2,0
2023-12-29 15:59:46.001,17864,17864,17864,2,0
2023-12-29 15:59:46.001,17864,17864,17864,2,0
2023-12-29 15:59:48.001,17863,17863,17863,2,-2
2023-12-29 15:59:48.001,17863,17863,17863,4,0
2023-12-29 15:59:48.001,17863,17863,17863,2,0
2023-12-29 15:59:48.001,17863,17863,17863,2,0
2023-12-29 15:59:48.001,17865,17865,17865,2,2
2023-12-29 15:59:48.001,17863,17863,17863,2,-2
2023-12-29 15:59:48.001,17863,17863,17863,2,0
2023-12-29 15:59:48.001,17863,17863,17863,4,0
2023-12-29 15:59:48.001,17863,17863,17863,2,0
2023-12-29 15:59:48.001,17863,17863,17863,2,0
2023-12-29 15:59:48.001,17863,17863,17863,2,0
2023-12-29 15:59:49.001,17863,17863,17863,4,0
2023-12-29 15:59:49.001,17863,17863,17863,2,0
2023-12-29 15:59:51.001,17864,17864,17864,2,2
2023-12-29 15:59:51.001,17863,17863,17863,2,-2
2023-12-29 15:59:51.001,17863,17863,17863,2,0
2023-12-29 15:59:51.001,17863,17863,17863,6,0
2023-12-29 16:00:00.001,17865,17865,17865,2,2
2023-12-29 16:00:00.001,17865,17865,17865,2,0
2023-12-29 16:00:00.001,17866,17866,17866,2,2
2023-12-29 16:00:00.001,17865,17865,17865,2,-2
2023-12-29 16:00:00.001,17866,17866,17866,2,2
2023-12-29 16:00:00.001,17864,17864,17864,2,-2
2023-12-29 16:00:00.001,17864,17864,17864,2,0
2023-12-29 16:00:05.001,17865,17865,17865,2,2
2023-12-29 16:00:06.001,17864,17864,17864,2,-2
2023-12-29 16:00:06.001,17864,17864,17864,2,0
2023-12-29 16:00:06.001,17864,17864,17864,2,0
2023-12-29 16:00:06.001,17864,17864,17864,2,0
2023-12-29 16:00:07.001,17865,17865,17865,2,2
2023-12-29 16:00:07.001,17865,17865,17865,4,0
2023-12-29 16:00:07.001,17865,17865,17865,2,0
2023-12-29 16:00:07.001,17865,17865,17865,2,0
2023-12-29 16:00:11.001,17865,17865,17865,2,0
2023-12-29 16:00:11.001,17864,17864,17864,2,-2
2023-12-29 16:00:11.001,17864,17864,17864,2,0
2023-12-29 16:00:15.001,17864,17864,17864,4,0
2023-12-29 16:00:15.001,17866,17866,17866,2,2
2023-12-29 16:00:47.001,17866,17866,17866,2,0
2023-12-29 16:00:47.001,17866,17866,17866,2,0
2023-12-29 16:00:47.001,17866,17866,17866,2,0
2023-12-29 16:00:47.001,17866,17866,17866,2,0
2023-12-29 16:00:47.001,17867,17867,17867,2,2
2023-12-29 16:01:21.001,17867,17867,17867,2,0
2023-12-29 16:01:21.001,17867,17867,17867,2,0
2023-12-29 16:01:26.001,17866,17866,17866,2,-2
2023-12-29 16:01:26.001,17866,17866,17866,2,0
2023-12-29 16:01:26.001,17866,17866,17866,2,0
2023-12-29 16:01:39.001,17867,17867,17867,12,12
2023-12-29 16:01:40.001,17866,17866,17866,2,-2
2023-12-29 16:01:50.001,17868,17868,17868,2,2
2023-12-29 16:01:50.001,17868,17868,17868,4,0
2023-12-29 16:01:51.001,17867,17867,17867,2,-2
2023-12-29 16:01:51.001,17867,17867,17867,2,0
2023-12-29 16:01:51.001,17867,17867,17867,2,0
2023-12-29 16:01:51.001,17867,17867,17867,2,0
2023-12-29 16:02:10.001,17867,17867,17867,2,0
2023-12-29 16:02:10.001,17867,17867,17867,4,0
2023-12-29 16:02:10.001,17867,17867,17867,4,0
2023-12-29 16:02:10.001,17866,17866,17866,2,-2
2023-12-29 16:02:10.001,17866,17866,17866,6,0
2023-12-29 16:02:10.001,17866,17866,17866,2,0
2023-12-29 16:02:16.001,17867,17867,17867,2,2
2023-12-29 16:02:20.001,17868,17868,17868,2,2
2023-12-29 16:02:23.001,17868,17868,17868,10,0
2023-12-29 16:02:24.001,17868,17868,17868,4,0
2023-12-29 16:02:25.001,17868,17868,17868,2,0
2023-12-29 16:02:25.001,17868,17868,17868,2,0
2023-12-29 16:02:59.001,17868,17868,17868,2,0
2023-12-29 16:02:59.001,17867,17867,17867,2,-2
2023-12-29 16:03:00.001,17867,17867,17867,2,0
2023-12-29 16:03:00.001,17867,17867,17867,4,0
2023-12-29 16:03:00.001,17867,17867,17867,2,0
2023-12-29 16:03:09.001,17866,17866,17866,2,-2
2023-12-29 16:03:10.001,17867,17867,17867,2,2
2023-12-29 16:03:19.001,17866,17866,17866,2,-2
2023-12-29 16:03:27.001,17866,17866,17866,4,0
2023-12-29 16:03:27.001,17866,17866,17866,2,0
2023-12-29 16:03:28.001,17866,17866,17866,6,0
2023-12-29 16:03:28.001,17866,17866,17866,4,0
2023-12-29 16:03:28.001,17865,17865,17865,2,-2
2023-12-29 16:03:37.001,17865,17865,17865,2,0
2023-12-29 16:03:37.001,17865,17865,17865,2,0
2023-12-29 16:03:37.001,17865,17865,17865,2,0
2023-12-29 16:03:37.001,17865,17865,17865,2,0
2023-12-29 16:03:41.001,17865,17865,17865,2,0
2023-12-29 16:03:43.001,17865,17865,17865,2,0
2023-12-29 16:03:43.001,17865,17865,17865,2,0
2023-12-29 16:03:47.001,17864,17864,17864,2,-2
2023-12-29 16:03:47.001,17864,17864,17864,2,0
2023-12-29 16:03:47.001,17864,17864,17864,2,0
2023-12-29 16:03:47.001,17864,17864,17864,6,0
2023-12-29 16:03:47.001,17864,17864,17864,2,0
2023-12-29 16:03:47.001,17864,17864,17864,2,0
2023-12-29 16:03:47.001,17864,17864,17864,2,0
2023-12-29 16:03:47.001,17864,17864,17864,2,0
2023-12-29 16:03:47.001,17864,17864,17864,2,0
2023-12-29 16:03:53.001,17864,17864,17864,2,0
2023-12-29 16:03:53.001,17864,17864,17864,4,0
2023-12-29 16:03:53.001,17864,17864,17864,2,0
2023-12-29 16:03:53.001,17864,17864,17864,2,0
2023-12-29 16:03:53.001,17864,17864,17864,6,0
2023-12-29 16:03:53.001,17864,17864,17864,8,0
2023-12-29 16:03:53.001,17864,17864,17864,2,0
2023-12-29 16:04:01.001,17864,17864,17864,2,0
2023-12-29 16:04:04.001,17863,17863,17863,2,-2
2023-12-29 16:04:04.001,17863,17863,17863,2,0
2023-12-29 16:04:04.001,17863,17863,17863,2,0
2023-12-29 16:04:04.001,17863,17863,17863,2,0
2023-12-29 16:04:04.001,17863,17863,17863,2,0
2023-12-29 16:04:04.001,17863,17863,17863,2,0
2023-12-29 16:04:04.001,17863,17863,17863,2,0
2023-12-29 16:04:04.001,17863,17863,17863,2,0
2023-12-29 16:04:04.001,17862,17862,17862,2,-2
2023-12-29 16:04:10.001,17863,17863,17863,2,2
2023-12-29 16:04:10.001,17863,17863,17863,2,0
2023-12-29 16:04:11.001,17863,17863,17863,2,0
2023-12-29 16:04:11.001,17863,17863,17863,2,0
2023-12-29 16:04:15.001,17863,17863,17863,2,0
2023-12-29 16:04:15.001,17863,17863,17863,2,0
2023-12-29 16:04:18.001,17863,17863,17863,2,0
2023-12-29 16:04:18.001,17863,17863,17863,2,0
2023-12-29 16:04:19.001,17863,17863,17863,2,0
2023-12-29 16:04:22.001,17864,17864,17864,4,4
2023-12-29 16:04:22.001,17864,17864,17864,4,0
2023-12-29 16:04:23.001,17865,17865,17865,2,2
2023-12-29 16:04:23.001,17865,17865,17865,4,0
2023-12-29 16:04:23.001,17864,17864,17864,2,-2
2023-12-29 16:04:23.001,17866,17866,17866,2,2
2023-12-29 16:04:28.001,17864,17864,17864,2,-2
2023-12-29 16:04:28.001,17864,17864,17864,2,0
2023-12-29 16:04:28.001,17864,17864,17864,6,0
2023-12-29 16:04:34.001,17864,17864,17864,2,0
2023-12-29 16:04:35.001,17864,17864,17864,2,0
2023-12-29 16:04:40.001,17865,17865,17865,8,8
2023-12-29 16:05:01.001,17864,17864,17864,2,-2
2023-12-29 16:05:14.001,17865,17865,17865,2,2
2023-12-29 16:05:21.001,17865,17865,17865,2,0
2023-12-29 16:05:23.001,17865,17865,17865,2,0
2023-12-29 16:05:23.001,17865,17865,17865,2,0
2023-12-29 16:05:23.001,17865,17865,17865,2,0
2023-12-29 16:05:23.001,17865,17865,17865,2,0
2023-12-29 16:05:23.001,17865,17865,17865,2,0
2023-12-29 16:05:23.001,17865,17865,17865,2,0
2023-12-29 16:05:23.001,17864,17864,17864,2,-2
2023-12-29 16:05:23.001,17864,17864,17864,4,0
2023-12-29 16:05:26.001,17865,17865,17865,6,6
2023-12-29 16:05:26.001,17865,17865,17865,2,0
2023-12-29 16:05:26.001,17865,17865,17865,2,0
2023-12-29 16:05:26.001,17865,17865,17865,2,0
2023-12-29 16:05:28.001,17865,17865,17865,6,0
2023-12-29 16:05:28.001,17864,17864,17864,2,-2
2023-12-29 16:05:28.001,17864,17864,17864,2,0
2023-12-29 16:05:28.001,17864,17864,17864,2,0
2023-12-29 16:05:35.001,17865,17865,17865,2,2
2023-12-29 16:05:35.001,17865,17865,17865,2,0
2023-12-29 16:05:35.001,17865,17865,17865,2,0
2023-12-29 16:05:40.001,17866,17866,17866,2,2
2023-12-29 16:05:57.001,17867,17867,17867,2,2
2023-12-29 16:06:04.001,17866,17866,17866,2,-2
2023-12-29 16:06:04.001,17867,17867,17867,2,2
2023-12-29 16:06:09.001,17866,17866,17866,2,-2
2023-12-29 16:06:10.001,17866,17866,17866,2,0
2023-12-29 16:06:11.001,17865,17865,17865,2,-2
2023-12-29 16:06:11.001,17865,17865,17865,2,0
2023-12-29 16:06:11.001,17865,17865,17865,2,0
2023-12-29 16:06:13.001,17866,17866,17866,10,10
2023-12-29 16:06:14.001,17866,17866,17866,2,0
2023-12-29 16:06:19.001,17867,17867,17867,2,2
2023-12-29 16:06:31.001,17867,17867,17867,2,0
2023-12-29 16:06:37.001,17867,17867,17867,2,0
2023-12-29 16:06:45.001,17867,17867,17867,2,0
2023-12-29 16:06:49.001,17868,17868,17868,30,30
2023-12-29 16:06:55.001,17868,17868,17868,2,0
2023-12-29 16:06:56.001,17868,17868,17868,10,0
2023-12-29 16:06:58.001,17868,17868,17868,2,0
2023-12-29 16:07:01.001,17867,17867,17867,2,-2
2023-12-29 16:07:40.001,17868,17868,17868,2,2
2023-12-29 16:07:40.001,17868,17868,17868,2,0
2023-12-29 16:07:40.001,17868,17868,17868,2,0
2023-12-29 16:07:41.001,17867,17867,17867,2,-2
2023-12-29 16:07:41.001,17867,17867,17867,2,0
2023-12-29 16:07:41.001,17867,17867,17867,2,0
2023-12-29 16:07:50.001,17868,17868,17868,2,2
2023-12-29 16:08:02.001,17869,17869,17869,38,38
2023-12-29 16:08:02.001,17870,17870,17870,28,28
2023-12-29 16:08:02.001,17870,17870,17870,4,0
2023-12-29 16:08:06.001,17870,17870,17870,14,0
2023-12-29 16:08:06.001,17869,17869,17869,2,-2
2023-12-29 16:08:06.001,17869,17869,17869,2,0
2023-12-29 16:08:06.001,17870,17870,17870,4,4
2023-12-29 16:08:09.001,17869,17869,17869,2,-2
2023-12-29 16:08:09.001,17868,17868,17868,2,-2
2023-12-29 16:08:09.001,17868,17868,17868,2,0
2023-12-29 16:08:09.001,17868,17868,17868,4,0
2023-12-29 16:08:09.001,17868,17868,17868,2,0
2023-12-29 16:08:09.001,17868,17868,17868,2,0
2023-12-29 16:08:09.001,17868,17868,17868,2,0
2023-12-29 16:08:09.001,17868,17868,17868,2,0
2023-12-29 16:08:16.001,17868,17868,17868,2,0
2023-12-29 16:08:16.001,17868,17868,17868,2,0
2023-12-29 16:08:16.001,17868,17868,17868,4,0
2023-12-29 16:08:16.001,17868,17868,17868,8,0
2023-12-29 16:08:16.001,17868,17868,17868,2,0
2023-12-29 16:08:35.001,17868,17868,17868,2,0
2023-12-29 16:08:35.001,17868,17868,17868,4,0
2023-12-29 16:08:35.001,17868,17868,17868,2,0
2023-12-29 16:08:43.001,17868,17868,17868,2,0
2023-12-29 16:08:45.001,17868,17868,17868,2,0
2023-12-29 16:08:46.001,17868,17868,17868,4,0
2023-12-29 16:08:52.001,17867,17867,17867,2,-2
2023-12-29 16:08:54.001,17867,17867,17867,2,0
2023-12-29 16:08:54.001,17867,17867,17867,2,0
2023-12-29 16:08:54.001,17867,17867,17867,2,0
2023-12-29 16:08:55.001,17866,17866,17866,2,-2
2023-12-29 16:08:55.001,17866,17866,17866,2,0
2023-12-29 16:08:55.001,17866,17866,17866,2,0
2023-12-29 16:08:55.001,17866,17866,17866,2,0
2023-12-29 16:08:55.001,17866,17866,17866,2,0
2023-12-29 16:08:55.001,17866,17866,17866,2,0
2023-12-29 16:08:55.001,17866,17866,17866,2,0
2023-12-29 16:08:55.001,17866,17866,17866,2,0
2023-12-29 16:08:55.001,17866,17866,17866,4,0
2023-12-29 16:08:55.001,17866,17866,17866,2,0
2023-12-29 16:08:55.001,17866,17866,17866,2,0
2023-12-29 16:08:55.001,17866,17866,17866,6,0
2023-12-29 16:08:55.001,17866,17866,17866,2,0
2023-12-29 16:08:55.001,17866,17866,17866,6,0
2023-12-29 16:09:03.001,17865,17865,17865,2,-2
2023-12-29 16:09:03.001,17865,17865,17865,2,0
2023-12-29 16:09:03.001,17865,17865,17865,2,0
2023-12-29 16:09:03.001,17865,17865,17865,2,0
2023-12-29 16:09:03.001,17865,17865,17865,2,0
2023-12-29 16:09:03.001,17865,17865,17865,2,0
2023-12-29 16:09:03.001,17865,17865,17865,2,0
2023-12-29 16:09:03.001,17865,17865,17865,2,0
2023-12-29 16:09:03.001,17865,17865,17865,2,0
2023-12-29 16:09:03.001,17865,17865,17865,2,0
2023-12-29 16:09:03.001,17865,17865,17865,2,0
2023-12-29 16:09:03.001,17865,17865,17865,2,0
2023-12-29 16:09:03.001,17865,17865,17865,4,0
2023-12-29 16:09:03.001,17865,17865,17865,2,0
2023-12-29 16:09:03.001,17865,17865,17865,6,0
2023-12-29 16:09:04.001,17864,17864,17864,2,-2
2023-12-29 16:09:04.001,17865,17865,17865,4,4
2023-12-29 16:09:18.001,17865,17865,17865,2,0
2023-12-29 16:09:18.001,17865,17865,17865,2,0
2023-12-29 16:09:42.001,17865,17865,17865,2,0
2023-12-29 16:09:42.001,17865,17865,17865,2,0
2023-12-29 16:09:42.001,17865,17865,17865,2,0
2023-12-29 16:10:01.001,17865,17865,17865,2,0
2023-12-29 16:10:02.001,17865,17865,17865,6,0
2023-12-29 16:10:02.001,17865,17865,17865,2,0
2023-12-29 16:10:02.001,17865,17865,17865,2,0
2023-12-29 16:10:05.001,17864,17864,17864,2,-2
2023-12-29 16:10:05.001,17864,17864,17864,2,0
2023-12-29 16:10:05.001,17864,17864,17864,2,0
2023-12-29 16:10:05.001,17864,17864,17864,2,0
2023-12-29 16:10:08.001,17865,17865,17865,6,6
2023-12-29 16:10:08.001,17865,17865,17865,28,0
2023-12-29 16:10:37.001,17865,17865,17865,2,0
2023-12-29 16:10:37.001,17865,17865,17865,2,0
2023-12-29 16:10:37.001,17865,17865,17865,2,0
2023-12-29 16:10:37.001,17865,17865,17865,2,0
2023-12-29 16:10:37.001,17865,17865,17865,2,0
2023-12-29 16:10:37.001,17865,17865,17865,2,0
2023-12-29 16:10:37.001,17865,17865,17865,2,0
2023-12-29 16:10:37.001,17865,17865,17865,6,0
2023-12-29 16:11:06.001,17865,17865,17865,2,0
2023-12-29 16:11:06.001,17865,17865,17865,2,0
2023-12-29 16:11:06.001,17864,17864,17864,2,-2
2023-12-29 16:11:06.001,17864,17864,17864,2,0
2023-12-29 16:11:06.001,17864,17864,17864,2,0
2023-12-29 16:11:06.001,17864,17864,17864,2,0
2023-12-29 16:11:21.001,17865,17865,17865,2,2
2023-12-29 16:11:21.001,17865,17865,17865,2,0
2023-12-29 16:11:25.001,17864,17864,17864,2,-2
2023-12-29 16:11:25.001,17864,17864,17864,4,0
2023-12-29 16:11:40.001,17865,17865,17865,2,2
2023-12-29 16:12:01.001,17865,17865,17865,6,0
2023-12-29 16:12:01.001,17865,17865,17865,2,0
2023-12-29 16:12:35.001,17866,17866,17866,4,4
2023-12-29 16:12:41.001,17867,17867,17867,2,2
2023-12-29 16:12:41.001,17867,17867,17867,12,0
2023-12-29 16:12:41.001,17867,17867,17867,2,0
2023-12-29 16:12:41.001,17867,17867,17867,2,0
2023-12-29 16:12:41.001,17867,17867,17867,2,0
2023-12-29 16:12:41.001,17867,17867,17867,4,0
2023-12-29 16:13:13.001,17867,17867,17867,6,0
2023-12-29 16:13:13.001,17867,17867,17867,4,0
2023-12-29 16:13:32.001,17867,17867,17867,2,0
2023-12-29 16:13:47.001,17867,17867,17867,2,0
2023-12-29 16:14:04.001,17868,17868,17868,14,14
2023-12-29 16:14:40.001,17868,17868,17868,2,0
2023-12-29 16:14:40.001,17868,17868,17868,2,0
2023-12-29 16:14:53.001,17869,17869,17869,20,20
2023-12-29 16:15:08.001,17869,17869,17869,8,0
2023-12-29 16:15:08.001,17869,17869,17869,2,0
2023-12-29 16:15:15.001,17870,17870,17870,2,2
2023-12-29 16:15:22.001,17870,17870,17870,4,0
2023-12-29 16:15:22.001,17870,17870,17870,6,0
2023-12-29 16:15:26.001,17870,17870,17870,2,0
2023-12-29 16:15:26.001,17870,17870,17870,2,0
2023-12-29 16:15:26.001,17870,17870,17870,2,0
2023-12-29 16:15:40.001,17870,17870,17870,2,0
2023-12-29 16:15:40.001,17870,17870,17870,2,0
2023-12-29 16:15:40.001,17870,17870,17870,2,0
2023-12-29 16:15:42.001,17870,17870,17870,10,0
2023-12-29 16:15:45.001,17870,17870,17870,2,0
2023-12-29 16:15:58.001,17871,17871,17871,2,2
2023-12-29 16:15:58.001,17871,17871,17871,10,0
2023-12-29 16:16:00.001,17872,17872,17872,4,4
2023-12-29 16:16:07.001,17872,17872,17872,2,0
2023-12-29 16:16:11.001,17872,17872,17872,2,0
2023-12-29 16:16:18.001,17872,17872,17872,2,0
2023-12-29 16:16:19.001,17872,17872,17872,2,0
2023-12-29 16:16:30.001,17872,17872,17872,2,0
2023-12-29 16:16:58.001,17871,17871,17871,2,-2
2023-12-29 16:17:02.001,17871,17871,17871,2,0
2023-12-29 16:17:03.001,17871,17871,17871,2,0
2023-12-29 16:17:07.001,17871,17871,17871,2,0
2023-12-29 16:17:18.001,17871,17871,17871,2,0
2023-12-29 16:17:26.001,17871,17871,17871,2,0
2023-12-29 16:17:26.001,17871,17871,17871,6,0
2023-12-29 16:17:26.001,17871,17871,17871,6,0
2023-12-29 16:17:26.001,17871,17871,17871,2,0
2023-12-29 16:17:26.001,17871,17871,17871,4,0
2023-12-29 16:17:26.001,17871,17871,17871,4,0
2023-12-29 16:17:26.001,17871,17871,17871,6,0
2023-12-29 16:17:26.001,17871,17871,17871,2,0
2023-12-29 16:17:26.001,17871,17871,17871,2,0
2023-12-29 16:17:28.001,17871,17871,17871,2,0
2023-12-29 16:17:48.001,17871,17871,17871,2,0
2023-12-29 16:17:58.001,17871,17871,17871,2,0
2023-12-29 16:18:14.001,17871,17871,17871,2,0
2023-12-29 16:18:35.001,17870,17870,17870,2,-2
2023-12-29 16:18:35.001,17870,17870,17870,8,0
2023-12-29 16:18:39.001,17871,17871,17871,2,2
2023-12-29 16:18:41.001,17870,17870,17870,2,-2
2023-12-29 16:18:44.001,17871,17871,17871,2,2
2023-12-29 16:18:46.001,17870,17870,17870,2,-2
2023-12-29 16:18:47.001,17870,17870,17870,2,0
2023-12-29 16:19:06.001,17870,17870,17870,2,0
2023-12-29 16:19:10.001,17870,17870,17870,2,0
2023-12-29 16:19:10.001,17870,17870,17870,2,0
2023-12-29 16:19:20.001,17870,17870,17870,2,0
2023-12-29 16:19:24.001,17870,17870,17870,2,0
2023-12-29 16:19:36.001,17870,17870,17870,2,0
2023-12-29 16:19:54.001,17870,17870,17870,2,0
2023-12-29 16:20:02.001,17870,17870,17870,2,0
2023-12-29 16:20:02.001,17870,17870,17870,2,0
2023-12-29 16:20:10.001,17870,17870,17870,2,0
2023-12-29 16:20:14.001,17869,17869,17869,2,-2
2023-12-29 16:20:14.001,17869,17869,17869,2,0
2023-12-29 16:20:14.001,17869,17869,17869,2,0
2023-12-29 16:20:14.001,17868,17868,17868,4,-4
2023-12-29 16:20:16.001,17868,17868,17868,4,0
2023-12-29 16:20:16.001,17868,17868,17868,2,0
2023-12-29 16:20:16.001,17868,17868,17868,2,0
2023-12-29 16:20:16.001,17868,17868,17868,2,0
2023-12-29 16:20:27.001,17868,17868,17868,2,0
2023-12-29 16:20:29.001,17868,17868,17868,2,0
2023-12-29 16:20:29.001,17868,17868,17868,2,0
2023-12-29 16:20:54.001,17868,17868,17868,2,0
2023-12-29 16:20:58.001,17869,17869,17869,2,2
2023-12-29 16:20:58.001,17869,17869,17869,2,0
2023-12-29 16:20:58.001,17869,17869,17869,2,0
2023-12-29 16:21:10.001,17868,17868,17868,2,-2
2023-12-29 16:21:21.001,17869,17869,17869,2,2
2023-12-29 16:21:21.001,17869,17869,17869,4,0
2023-12-29 16:21:21.001,17869,17869,17869,2,0
2023-12-29 16:21:21.001,17869,17869,17869,2,0
2023-12-29 16:21:21.001,17869,17869,17869,2,0
2023-12-29 16:21:21.001,17868,17868,17868,2,-2
2023-12-29 16:21:21.001,17868,17868,17868,2,0
2023-12-29 16:21:21.001,17868,17868,17868,2,0
2023-12-29 16:22:35.001,17869,17869,17869,2,2
2023-12-29 16:22:48.001,17870,17870,17870,4,4
2023-12-29 16:22:55.001,17871,17871,17871,4,4
2023-12-29 16:23:20.001,17871,17871,17871,2,0
2023-12-29 16:23:26.001,17871,17871,17871,2,0
2023-12-29 16:23:29.001,17871,17871,17871,10,0
2023-12-29 16:23:50.001,17871,17871,17871,2,0
2023-12-29 16:24:12.001,17872,17872,17872,4,4
2023-12-29 16:24:20.001,17872,17872,17872,10,0
2023-12-29 16:24:24.001,17872,17872,17872,2,0
2023-12-29 16:24:31.001,17872,17872,17872,4,0
2023-12-29 16:24:49.001,17872,17872,17872,4,0
2023-12-29 16:25:00.001,17872,17872,17872,2,0
2023-12-29 16:25:11.001,17872,17872,17872,2,0
2023-12-29 16:25:24.001,17871,17871,17871,2,-2
2023-12-29 16:25:30.001,17872,17872,17872,2,2
2023-12-29 16:25:49.001,17872,17872,17872,2,0
2023-12-29 16:25:49.001,17872,17872,17872,2,0
2023-12-29 16:25:49.001,17872,17872,17872,2,0
2023-12-29 16:26:10.001,17872,17872,17872,2,0
2023-12-29 16:26:12.001,17872,17872,17872,4,0
2023-12-29 16:26:13.001,17872,17872,17872,2,0
2023-12-29 16:26:17.001,17873,17873,17873,52,52
2023-12-29 16:26:17.001,17873,17873,17873,2,0
2023-12-29 16:26:39.001,17873,17873,17873,2,0
2023-12-29 16:26:50.001,17873,17873,17873,2,0
2023-12-29 16:26:50.001,17873,17873,17873,2,0
2023-12-29 16:26:50.001,17873,17873,17873,2,0
2023-12-29 16:26:50.001,17873,17873,17873,2,0
2023-12-29 16:26:50.001,17873,17873,17873,2,0
2023-12-29 16:26:56.001,17872,17872,17872,2,-2
2023-12-29 16:26:56.001,17872,17872,17872,2,0
2023-12-29 16:27:07.001,17872,17872,17872,4,0
2023-12-29 16:27:10.001,17873,17873,17873,2,2
2023-12-29 16:27:52.001,17871,17871,17871,4,-4
2023-12-29 16:28:02.001,17872,17872,17872,2,2
2023-12-29 16:28:03.001,17872,17872,17872,2,0
2023-12-29 16:28:05.001,17872,17872,17872,4,0
2023-12-29 16:28:07.001,17872,17872,17872,2,0
2023-12-29 16:28:08.001,17872,17872,17872,2,0
2023-12-29 16:28:08.001,17872,17872,17872,2,0
2023-12-29 16:28:08.001,17872,17872,17872,2,0
2023-12-29 16:28:08.001,17872,17872,17872,2,0
2023-12-29 16:28:08.001,17872,17872,17872,2,0
2023-12-29 16:28:08.001,17872,17872,17872,2,0
2023-12-29 16:28:32.001,17873,17873,17873,2,2
2023-12-29 16:29:13.001,17872,17872,17872,2,-2
2023-12-29 16:29:33.001,17871,17871,17871,2,-2
2023-12-29 16:30:01.001,17872,17872,17872,24,24
2023-12-29 16:31:11.001,17871,17871,17871,2,-2
2023-12-29 16:31:11.001,17871,17871,17871,2,0
2023-12-29 16:31:11.001,17871,17871,17871,2,0
2023-12-29 16:31:11.001,17871,17871,17871,2,0
2023-12-29 16:31:36.001,17870,17870,17870,6,-6
2023-12-29 16:31:36.001,17870,17870,17870,2,0
2023-12-29 16:31:36.001,17870,17870,17870,2,0
2023-12-29 16:31:36.001,17870,17870,17870,2,0
2023-12-29 16:31:36.001,17870,17870,17870,2,0
2023-12-29 16:32:26.001,17870,17870,17870,2,0
2023-12-29 16:32:35.001,17869,17869,17869,2,-2
2023-12-29 16:33:07.001,17869,17869,17869,2,0
2023-12-29 16:33:07.001,17869,17869,17869,2,0
2023-12-29 16:33:07.001,17869,17869,17869,2,0
2023-12-29 16:33:20.001,17870,17870,17870,2,2
2023-12-29 16:33:30.001,17869,17869,17869,2,-2
2023-12-29 16:33:51.001,17869,17869,17869,2,0
2023-12-29 16:34:12.001,17870,17870,17870,2,2
2023-12-29 16:34:26.001,17869,17869,17869,2,-2
2023-12-29 16:34:27.001,17869,17869,17869,2,0
2023-12-29 16:34:35.001,17870,17870,17870,2,2
2023-12-29 16:35:06.001,17870,17870,17870,6,0
2023-12-29 16:35:06.001,17870,17870,17870,6,0
2023-12-29 16:35:06.001,17870,17870,17870,10,0
2023-12-29 16:35:06.001,17870,17870,17870,2,0
2023-12-29 16:35:06.001,17871,17871,17871,2,2
2023-12-29 16:35:06.001,17871,17871,17871,2,0
2023-12-29 16:35:28.001,17871,17871,17871,2,0
2023-12-29 16:35:30.001,17872,17872,17872,2,2
2023-12-29 16:35:39.001,17871,17871,17871,2,-2
2023-12-29 16:35:55.001,17870,17870,17870,2,-2
2023-12-29 16:36:13.001,17871,17871,17871,2,2
2023-12-29 16:36:21.001,17870,17870,17870,2,-2
2023-12-29 16:36:23.001,17872,17872,17872,4,4
2023-12-29 16:36:54.001,17871,17871,17871,2,-2
2023-12-29 16:36:54.001,17872,17872,17872,2,2
2023-12-29 16:37:13.001,17871,17871,17871,2,-2
2023-12-29 16:37:34.001,17872,17872,17872,8,8
2023-12-29 16:37:39.001,17872,17872,17872,2,0
2023-12-29 16:38:23.001,17871,17871,17871,2,-2
2023-12-29 16:38:31.001,17872,17872,17872,2,2
2023-12-29 16:39:49.001,17871,17871,17871,2,-2
2023-12-29 16:39:53.001,17871,17871,17871,2,0
2023-12-29 16:39:53.001,17870,17870,17870,4,-4
2023-12-29 16:39:56.001,17870,17870,17870,2,0
2023-12-29 16:40:03.001,17870,17870,17870,2,0
2023-12-29 16:40:11.001,17870,17870,17870,2,0
2023-12-29 16:40:29.001,17869,17869,17869,2,-2
2023-12-29 16:40:29.001,17869,17869,17869,4,0
2023-12-29 16:40:32.001,17869,17869,17869,2,0
2023-12-29 16:40:54.001,17870,17870,17870,2,2
2023-12-29 16:41:06.001,17870,17870,17870,6,0
2023-12-29 16:41:08.001,17870,17870,17870,6,0
2023-12-29 16:41:39.001,17869,17869,17869,2,-2
2023-12-29 16:41:39.001,17869,17869,17869,2,0
2023-12-29 16:41:39.001,17869,17869,17869,2,0
2023-12-29 16:41:40.001,17870,17870,17870,2,2
2023-12-29 16:41:50.001,17869,17869,17869,2,-2
2023-12-29 16:42:12.001,17870,17870,17870,2,2
2023-12-29 16:42:50.001,17869,17869,17869,4,-4
2023-12-29 16:42:50.001,17869,17869,17869,2,0
2023-12-29 16:43:07.001,17869,17869,17869,2,0
2023-12-29 16:43:14.001,17869,17869,17869,2,0
2023-12-29 16:43:41.001,17868,17868,17868,2,-2
2023-12-29 16:43:52.001,17868,17868,17868,2,0
2023-12-29 16:44:43.001,17868,17868,17868,2,0
2023-12-29 16:44:50.001,17868,17868,17868,4,0
2023-12-29 16:44:50.001,17868,17868,17868,2,0
2023-12-29 16:44:50.001,17868,17868,17868,2,0
2023-12-29 16:44:50.001,17868,17868,17868,2,0
2023-12-29 16:44:50.001,17868,17868,17868,2,0
2023-12-29 16:44:50.001,17868,17868,17868,2,0
2023-12-29 16:44:50.001,17868,17868,17868,4,0
2023-12-29 16:44:50.001,17868,17868,17868,2,0
2023-12-29 16:45:27.001,17868,17868,17868,2,0
2023-12-29 16:45:47.001,17868,17868,17868,2,0
2023-12-29 16:46:14.001,17868,17868,17868,2,0
2023-12-29 16:46:15.001,17868,17868,17868,4,0
2023-12-29 16:46:15.001,17868,17868,17868,2,0
2023-12-29 16:46:15.001,17868,17868,17868,4,0
2023-12-29 16:46:15.001,17868,17868,17868,2,0
2023-12-29 16:46:15.001,17868,17868,17868,2,0
2023-12-29 16:46:15.001,17868,17868,17868,2,0
2023-12-29 16:47:31.001,17868,17868,17868,8,0
2023-12-29 16:47:49.001,17867,17867,17867,2,-2
2023-12-29 16:47:49.001,17867,17867,17867,2,0
2023-12-29 16:47:49.001,17867,17867,17867,2,0
2023-12-29 16:47:49.001,17867,17867,17867,4,0
2023-12-29 16:47:49.001,17867,17867,17867,8,0
2023-12-29 16:47:49.001,17867,17867,17867,2,0
2023-12-29 16:47:49.001,17867,17867,17867,2,0
2023-12-29 16:47:55.001,17866,17866,17866,2,-2
2023-12-29 16:47:57.001,17866,17866,17866,4,0
2023-12-29 16:47:57.001,17866,17866,17866,2,0
2023-12-29 16:47:57.001,17866,17866,17866,2,0
2023-12-29 16:47:57.001,17866,17866,17866,2,0
2023-12-29 16:48:10.001,17866,17866,17866,2,0
2023-12-29 16:48:40.001,17866,17866,17866,2,0
2023-12-29 16:48:40.001,17866,17866,17866,2,0
2023-12-29 16:48:41.001,17866,17866,17866,2,0
2023-12-29 16:48:47.001,17866,17866,17866,2,0
2023-12-29 16:49:12.001,17866,17866,17866,2,0
2023-12-29 16:49:12.001,17866,17866,17866,2,0
2023-12-29 16:49:12.001,17866,17866,17866,2,0
2023-12-29 16:49:12.001,17866,17866,17866,2,0
2023-12-29 16:49:12.001,17865,17865,17865,2,-2
2023-12-29 16:49:12.001,17867,17867,17867,2,2
2023-12-29 16:49:22.001,17866,17866,17866,2,-2
2023-12-29 16:49:27.001,17866,17866,17866,2,0
2023-12-29 16:49:44.001,17866,17866,17866,2,0
2023-12-29 16:49:53.001,17865,17865,17865,4,-4
2023-12-29 16:49:53.001,17865,17865,17865,2,0
2023-12-29 16:49:53.001,17865,17865,17865,12,0
2023-12-29 16:49:53.001,17865,17865,17865,2,0
2023-12-29 16:49:53.001,17865,17865,17865,2,0
2023-12-29 16:49:53.001,17865,17865,17865,2,0
2023-12-29 16:49:53.001,17865,17865,17865,2,0
2023-12-29 16:49:53.001,17865,17865,17865,2,0
2023-12-29 16:50:05.001,17865,17865,17865,2,0
2023-12-29 16:50:05.001,17865,17865,17865,2,0
2023-12-29 16:50:16.001,17865,17865,17865,2,0
2023-12-29 16:50:53.001,17865,17865,17865,2,0
2023-12-29 16:51:03.001,17866,17866,17866,4,4
2023-12-29 16:51:03.001,17866,17866,17866,6,0
2023-12-29 16:51:44.001,17866,17866,17866,2,0
2023-12-29 16:52:07.001,17866,17866,17866,2,0
2023-12-29 16:52:07.001,17866,17866,17866,2,0
2023-12-29 16:52:07.001,17866,17866,17866,2,0
2023-12-29 16:52:07.001,17866,17866,17866,2,0
2023-12-29 16:52:07.001,17867,17867,17867,2,2
2023-12-29 16:52:19.001,17867,17867,17867,2,0
2023-12-29 16:52:20.001,17867,17867,17867,2,0
2023-12-29 16:52:20.001,17868,17868,17868,2,2
2023-12-29 16:52:20.001,17868,17868,17868,2,0
2023-12-29 16:52:25.001,17866,17866,17866,2,-2
2023-12-29 16:52:48.001,17867,17867,17867,2,2
2023-12-29 16:52:48.001,17867,17867,17867,2,0
2023-12-29 16:53:20.001,17868,17868,17868,4,4
2023-12-29 16:53:20.001,17869,17869,17869,2,2
2023-12-29 16:54:08.001,17868,17868,17868,2,-2
2023-12-29 16:54:09.001,17868,17868,17868,2,0
2023-12-29 16:54:24.001,17869,17869,17869,2,2
2023-12-29 16:54:41.001,17869,17869,17869,2,0
2023-12-29 16:54:47.001,17868,17868,17868,2,-2
2023-12-29 16:54:47.001,17868,17868,17868,2,0
2023-12-29 16:54:47.001,17868,17868,17868,2,0
2023-12-29 16:54:47.001,17868,17868,17868,2,0
2023-12-29 16:54:53.001,17867,17867,17867,4,-4
2023-12-29 16:54:53.001,17867,17867,17867,2,0
2023-12-29 16:54:53.001,17867,17867,17867,2,0
2023-12-29 16:54:53.001,17867,17867,17867,2,0
2023-12-29 16:54:53.001,17866,17866,17866,2,-2
2023-12-29 16:54:53.001,17866,17866,17866,4,0
2023-12-29 16:55:53.001,17866,17866,17866,6,0
2023-12-29 16:55:53.001,17866,17866,17866,6,0
2023-12-29 16:55:53.001,17866,17866,17866,2,0
2023-12-29 16:55:53.001,17866,17866,17866,2,0
2023-12-29 16:55:53.001,17866,17866,17866,2,0
2023-12-29 16:55:53.001,17866,17866,17866,2,0
2023-12-29 16:56:00.001,17866,17866,17866,2,0
2023-12-29 16:56:00.001,17866,17866,17866,2,0
2023-12-29 16:56:00.001,17866,17866,17866,2,0
2023-12-29 16:56:00.001,17866,17866,17866,2,0
2023-12-29 16:56:00.001,17866,17866,17866,2,0
2023-12-29 16:56:00.001,17866,17866,17866,2,0
2023-12-29 16:56:00.001,17866,17866,17866,2,0
2023-12-29 16:56:20.001,17867,17867,17867,4,4
2023-12-29 16:56:26.001,17867,17867,17867,2,0
2023-12-29 16:57:20.001,17867,17867,17867,2,0
2023-12-29 16:57:24.001,17866,17866,17866,2,-2
2023-12-29 16:57:24.001,17866,17866,17866,2,0
2023-12-29 16:57:40.001,17867,17867,17867,4,4
2023-12-29 16:58:11.001,17866,17866,17866,2,-2
2023-12-29 16:58:11.001,17866,17866,17866,8,0
2023-12-29 16:58:11.001,17866,17866,17866,2,0
2023-12-29 16:58:11.001,17865,17865,17865,2,-2
2023-12-29 16:58:12.001,17865,17865,17865,2,0
2023-12-29 16:58:12.001,17865,17865,17865,2,0
2023-12-29 16:58:12.001,17865,17865,17865,2,0
2023-12-29 16:58:13.001,17865,17865,17865,2,0
2023-12-29 16:58:37.001,17865,17865,17865,2,0
2023-12-29 16:58:39.001,17866,17866,17866,2,2
2023-12-29 16:58:44.001,17867,17867,17867,2,2
2023-12-29 16:58:56.001,17867,17867,17867,2,0
2023-12-29 16:59:21.001,17867,17867,17867,2,0
2023-12-29 16:59:34.001,17867,17867,17867,2,0
2023-12-29 16:59:34.001,17867,17867,17867,2,0
2023-12-29 16:59:40.001,17868,17868,17868,4,4
2023-12-29 16:59:50.001,17867,17867,17867,6,-6
2023-12-29 16:59:50.001,17867,17867,17867,4,0
2023-12-29 16:59:53.001,17867,17867,17867,4,0
2023-12-29 16:59:53.001,17866,17866,17866,4,-4
2023-12-29 17:00:03.001,17867,17867,17867,2,2
2023-12-29 17:00:03.001,17867,17867,17867,4,0
2023-12-29 17:00:03.001,17866,17866,17866,2,-2
2023-12-29 17:00:03.001,17868,17868,17868,2,2
2023-12-29 17:00:03.001,17868,17868,17868,2,0
2023-12-29 17:00:03.001,17868,17868,17868,4,0
2023-12-29 17:00:03.001,17868,17868,17868,2,0
2023-12-29 17:00:03.001,17868,17868,17868,2,0
2023-12-29 17:00:04.001,17868,17868,17868,2,0
2023-12-29 17:00:04.001,17869,17869,17869,8,8
2023-12-29 17:00:04.001,17869,17869,17869,2,0
2023-12-29 17:00:04.001,17869,17869,17869,2,0
2023-12-29 17:00:04.001,17869,17869,17869,2,0
2023-12-29 17:00:46.001,17866,17866,17866,2,-2
2023-12-29 17:00:48.001,17867,17867,17867,4,4
2023-12-29 17:00:48.001,17867,17867,17867,4,0
2023-12-29 17:00:53.001,17866,17866,17866,2,-2
2023-12-29 17:00:53.001,17866,17866,17866,2,0
2023-12-29 17:00:53.001,17866,17866,17866,2,0
2023-12-29 17:00:53.001,17866,17866,17866,2,0
2023-12-29 17:00:59.001,17867,17867,17867,2,2
2023-12-29 17:01:23.001,17868,17868,17868,2,2
2023-12-29 17:01:23.001,17868,17868,17868,2,0
2023-12-29 17:01:23.001,17869,17869,17869,6,6
2023-12-29 17:01:34.001,17867,17867,17867,2,-2
2023-12-29 17:01:53.001,17867,17867,17867,2,0
2023-12-29 17:01:53.001,17867,17867,17867,2,0
2023-12-29 17:01:53.001,17867,17867,17867,2,0
2023-12-29 17:01:53.001,17867,17867,17867,2,0
2023-12-29 17:01:53.001,17867,17867,17867,2,0
2023-12-29 17:01:53.001,17867,17867,17867,2,0
2023-12-29 17:01:53.001,17867,17867,17867,2,0
2023-12-29 17:01:53.001,17867,17867,17867,2,0
2023-12-29 17:02:53.001,17866,17866,17866,10,-10
2023-12-29 17:02:53.001,17866,17866,17866,2,0
2023-12-29 17:02:53.001,17866,17866,17866,2,0
2023-12-29 17:02:53.001,17866,17866,17866,2,0
2023-12-29 17:02:53.001,17866,17866,17866,2,0
2023-12-29 17:02:53.001,17865,17865,17865,2,-2
2023-12-29 17:03:53.001,17865,17865,17865,2,0
2023-12-29 17:03:53.001,17865,17865,17865,2,0
2023-12-29 17:03:53.001,17865,17865,17865,2,0
2023-12-29 17:03:53.001,17865,17865,17865,2,0
2023-12-29 17:03:53.001,17865,17865,17865,2,0
2023-12-29 17:03:53.001,17865,17865,17865,10,0
2023-12-29 17:04:05.001,17865,17865,17865,2,0
2023-12-29 17:04:05.001,17865,17865,17865,2,0
2023-12-29 17:04:05.001,17865,17865,17865,2,0
2023-12-29 17:04:05.001,17865,17865,17865,2,0
2023-12-29 17:04:14.001,17865,17865,17865,2,0
2023-12-29 17:04:24.001,17864,17864,17864,2,-2
2023-12-29 17:04:24.001,17864,17864,17864,2,0
2023-12-29 17:04:25.001,17864,17864,17864,2,0
2023-12-29 17:04:29.001,17864,17864,17864,2,0
2023-12-29 17:04:33.001,17864,17864,17864,2,0
2023-12-29 17:04:40.001,17864,17864,17864,2,0
2023-12-29 17:04:42.001,17864,17864,17864,2,0
2023-12-29 17:04:46.001,17865,17865,17865,8,8
2023-12-29 17:04:53.001,17865,17865,17865,2,0
2023-12-29 17:04:53.001,17865,17865,17865,2,0
2023-12-29 17:04:53.001,17865,17865,17865,2,0
2023-12-29 17:04:53.001,17865,17865,17865,4,0
2023-12-29 17:04:53.001,17865,17865,17865,2,0
2023-12-29 17:04:53.001,17864,17864,17864,2,-2
2023-12-29 17:04:53.001,17864,17864,17864,2,0
2023-12-29 17:05:32.001,17865,17865,17865,4,4
2023-12-29 17:05:32.001,17865,17865,17865,4,0
2023-12-29 17:05:32.001,17865,17865,17865,2,0
2023-12-29 17:05:32.001,17865,17865,17865,6,0
2023-12-29 17:05:32.001,17865,17865,17865,2,0
2023-12-29 17:05:32.001,17865,17865,17865,2,0
2023-12-29 17:05:32.001,17865,17865,17865,4,0
2023-12-29 17:05:32.001,17865,17865,17865,2,0
2023-12-29 17:05:32.001,17865,17865,17865,8,0
2023-12-29 17:05:53.001,17865,17865,17865,2,0
2023-12-29 17:05:53.001,17865,17865,17865,4,0
2023-12-29 17:05:53.001,17865,17865,17865,2,0
2023-12-29 17:05:53.001,17865,17865,17865,4,0
2023-12-29 17:05:53.001,17865,17865,17865,4,0
2023-12-29 17:06:00.001,17866,17866,17866,4,4
2023-12-29 17:06:00.001,17866,17866,17866,4,0
2023-12-29 17:06:15.001,17866,17866,17866,2,0
2023-12-29 17:06:21.001,17867,17867,17867,2,2
2023-12-29 17:06:41.001,17867,17867,17867,2,0
2023-12-29 17:06:48.001,17866,17866,17866,2,-2
2023-12-29 17:06:53.001,17866,17866,17866,2,0
2023-12-29 17:06:53.001,17866,17866,17866,2,0
2023-12-29 17:06:53.001,17865,17865,17865,2,-2
2023-12-29 17:06:53.001,17865,17865,17865,2,0
2023-12-29 17:07:05.001,17866,17866,17866,2,2
2023-12-29 17:07:05.001,17866,17866,17866,8,0
2023-12-29 17:07:19.001,17866,17866,17866,2,0
2023-12-29 17:07:26.001,17864,17864,17864,2,-2
2023-12-29 17:08:45.001,17865,17865,17865,2,2
2023-12-29 17:08:45.001,17865,17865,17865,2,0
2023-12-29 17:08:45.001,17865,17865,17865,2,0
2023-12-29 17:08:45.001,17865,17865,17865,2,0
2023-12-29 17:09:13.001,17865,17865,17865,2,0
2023-12-29 17:09:13.001,17865,17865,17865,4,0
2023-12-29 17:09:14.001,17865,17865,17865,2,0
2023-12-29 17:09:29.001,17865,17865,17865,6,0
2023-12-29 17:09:29.001,17865,17865,17865,2,0
2023-12-29 17:09:32.001,17865,17865,17865,4,0
2023-12-29 17:09:32.001,17865,17865,17865,12,0
2023-12-29 17:09:32.001,17865,17865,17865,10,0
2023-12-29 17:09:32.001,17865,17865,17865,2,0
2023-12-29 17:09:43.001,17865,17865,17865,2,0
2023-12-29 17:09:43.001,17865,17865,17865,2,0
2023-12-29 17:10:00.001,17865,17865,17865,2,0
2023-12-29 17:10:04.001,17865,17865,17865,2,0
2023-12-29 17:10:06.001,17864,17864,17864,2,-2
2023-12-29 17:10:06.001,17864,17864,17864,2,0
2023-12-29 17:10:27.001,17864,17864,17864,2,0
2023-12-29 17:10:27.001,17864,17864,17864,2,0
2023-12-29 17:10:27.001,17864,17864,17864,2,0
2023-12-29 17:10:27.001,17864,17864,17864,2,0
2023-12-29 17:10:27.001,17866,17866,17866,2,2
2023-12-29 17:10:40.001,17866,17866,17866,6,0
2023-12-29 17:11:00.001,17867,17867,17867,2,2
2023-12-29 17:11:13.001,17866,17866,17866,2,-2
2023-12-29 17:11:15.001,17867,17867,17867,2,2
2023-12-29 17:11:24.001,17867,17867,17867,2,0
2023-12-29 17:11:40.001,17867,17867,17867,8,0
2023-12-29 17:11:49.001,17866,17866,17866,2,-2
2023-12-29 17:11:56.001,17867,17867,17867,2,2
2023-12-29 17:12:15.001,17867,17867,17867,2,0
2023-12-29 17:12:15.001,17866,17866,17866,2,-2
2023-12-29 17:12:15.001,17866,17866,17866,4,0
2023-12-29 17:12:40.001,17868,17868,17868,6,6
2023-12-29 17:12:50.001,17868,17868,17868,10,0
2023-12-29 17:13:03.001,17868,17868,17868,2,0
2023-12-29 17:13:03.001,17868,17868,17868,2,0
2023-12-29 17:13:03.001,17868,17868,17868,6,0
2023-12-29 17:13:19.001,17867,17867,17867,2,-2
2023-12-29 17:13:45.001,17867,17867,17867,2,0
2023-12-29 17:13:57.001,17867,17867,17867,2,0
2023-12-29 17:14:31.001,17866,17866,17866,2,-2
2023-12-29 17:14:31.001,17866,17866,17866,2,0
2023-12-29 17:14:31.001,17866,17866,17866,2,0
2023-12-29 17:14:56.001,17866,17866,17866,2,0
2023-12-29 17:15:00.001,17866,17866,17866,2,0
2023-12-29 17:15:04.001,17865,17865,17865,2,-2
2023-12-29 17:15:04.001,17865,17865,17865,2,0
2023-12-29 17:15:04.001,17865,17865,17865,2,0
2023-12-29 17:15:04.001,17865,17865,17865,2,0
2023-12-29 17:15:04.001,17864,17864,17864,2,-2
2023-12-29 17:15:04.001,17864,17864,17864,2,0
2023-12-29 17:15:14.001,17865,17865,17865,2,2
2023-12-29 17:15:33.001,17866,17866,17866,2,2
2023-12-29 17:16:04.001,17866,17866,17866,2,0
2023-12-29 17:16:19.001,17866,17866,17866,2,0
2023-12-29 17:16:29.001,17866,17866,17866,2,0
2023-12-29 17:16:55.001,17866,17866,17866,2,0
2023-12-29 17:16:57.001,17865,17865,17865,2,-2
2023-12-29 17:17:13.001,17865,17865,17865,2,0
2023-12-29 17:17:13.001,17865,17865,17865,4,0
2023-12-29 17:17:13.001,17865,17865,17865,2,0
2023-12-29 17:17:13.001,17865,17865,17865,2,0
2023-12-29 17:17:13.001,17865,17865,17865,2,0
2023-12-29 17:17:13.001,17865,17865,17865,6,0
2023-12-29 17:17:13.001,17865,17865,17865,2,0
2023-12-29 17:17:13.001,17865,17865,17865,10,0
2023-12-29 17:17:13.001,17865,17865,17865,6,0
2023-12-29 17:17:13.001,17865,17865,17865,12,0
2023-12-29 17:17:13.001,17865,17865,17865,2,0
2023-12-29 17:17:13.001,17865,17865,17865,2,0
2023-12-29 17:17:13.001,17865,17865,17865,2,0
2023-12-29 17:17:13.001,17865,17865,17865,2,0
2023-12-29 17:18:08.001,17866,17866,17866,2,2
2023-12-29 17:18:08.001,17865,17865,17865,2,-2
2023-12-29 17:18:08.001,17865,17865,17865,2,0
2023-12-29 17:18:08.001,17865,17865,17865,2,0
2023-12-29 17:18:43.001,17866,17866,17866,2,2
2023-12-29 17:19:22.001,17867,17867,17867,4,4
2023-12-29 17:19:22.001,17867,17867,17867,4,0
2023-12-29 17:19:22.001,17867,17867,17867,14,0
2023-12-29 17:19:22.001,17868,17868,17868,2,2
2023-12-29 17:19:31.001,17868,17868,17868,2,0
2023-12-29 17:19:34.001,17867,17867,17867,2,-2
2023-12-29 17:20:09.001,17867,17867,17867,2,0
2023-12-29 17:20:26.001,17867,17867,17867,2,0
2023-12-29 17:20:26.001,17867,17867,17867,2,0
2023-12-29 17:20:31.001,17866,17866,17866,4,-4
2023-12-29 17:20:31.001,17866,17866,17866,2,0
2023-12-29 17:21:02.001,17867,17867,17867,2,2
2023-12-29 17:21:17.001,17866,17866,17866,4,-4
2023-12-29 17:21:17.001,17866,17866,17866,2,0
2023-12-29 17:21:58.001,17867,17867,17867,2,2
2023-12-29 17:22:44.001,17866,17866,17866,2,-2
2023-12-29 17:22:57.001,17866,17866,17866,2,0
2023-12-29 17:22:58.001,17865,17865,17865,2,-2
2023-12-29 17:22:58.001,17865,17865,17865,2,0
2023-12-29 17:22:58.001,17865,17865,17865,2,0
2023-12-29 17:22:58.001,17866,17866,17866,2,2
2023-12-29 17:23:42.001,17867,17867,17867,2,2
2023-12-29 17:24:23.001,17867,17867,17867,2,0
2023-12-29 17:24:29.001,17867,17867,17867,2,0
2023-12-29 17:24:37.001,17867,17867,17867,2,0
2023-12-29 17:24:37.001,17867,17867,17867,2,0
2023-12-29 17:24:53.001,17866,17866,17866,2,-2
2023-12-29 17:24:53.001,17866,17866,17866,2,0
2023-12-29 17:24:53.001,17866,17866,17866,2,0
2023-12-29 17:25:00.001,17865,17865,17865,2,-2
2023-12-29 17:25:00.001,17865,17865,17865,6,0
2023-12-29 17:25:00.001,17865,17865,17865,2,0
2023-12-29 17:25:00.001,17865,17865,17865,2,0
2023-12-29 17:25:00.001,17865,17865,17865,2,0
2023-12-29 17:25:27.001,17865,17865,17865,2,0
2023-12-29 17:25:27.001,17865,17865,17865,4,0
2023-12-29 17:25:27.001,17865,17865,17865,2,0
2023-12-29 17:25:40.001,17865,17865,17865,2,0
2023-12-29 17:27:04.001,17866,17866,17866,2,2
2023-12-29 17:27:04.001,17866,17866,17866,2,0
2023-12-29 17:27:04.001,17865,17865,17865,4,-4
2023-12-29 17:27:05.001,17866,17866,17866,2,2
2023-12-29 17:27:05.001,17865,17865,17865,2,-2
2023-12-29 17:27:05.001,17865,17865,17865,2,0
2023-12-29 17:27:07.001,17866,17866,17866,2,2
2023-12-29 17:27:18.001,17866,17866,17866,2,0
2023-12-29 17:27:18.001,17866,17866,17866,2,0
2023-12-29 17:27:18.001,17866,17866,17866,2,0
2023-12-29 17:27:18.001,17866,17866,17866,4,0
2023-12-29 17:27:31.001,17867,17867,17867,2,2
2023-12-29 17:27:39.001,17866,17866,17866,2,-2
2023-12-29 17:27:39.001,17866,17866,17866,2,0
2023-12-29 17:28:01.001,17865,17865,17865,2,-2
2023-12-29 17:28:01.001,17865,17865,17865,2,0
2023-12-29 17:28:01.001,17865,17865,17865,2,0
2023-12-29 17:28:09.001,17866,17866,17866,2,2
2023-12-29 17:28:13.001,17865,17865,17865,4,-4
2023-12-29 17:28:13.001,17865,17865,17865,6,0
2023-12-29 17:28:13.001,17865,17865,17865,2,0
2023-12-29 17:28:28.001,17865,17865,17865,2,0
2023-12-29 17:28:28.001,17864,17864,17864,2,-2
2023-12-29 17:29:04.001,17864,17864,17864,2,0
2023-12-29 17:29:04.001,17864,17864,17864,6,0
2023-12-29 17:29:04.001,17864,17864,17864,4,0
2023-12-29 17:29:26.001,17864,17864,17864,12,0
2023-12-29 17:29:37.001,17864,17864,17864,2,0
2023-12-29 17:29:37.001,17864,17864,17864,2,0
2023-12-29 17:29:37.001,17864,17864,17864,6,0
2023-12-29 17:29:37.001,17864,17864,17864,4,0
2023-12-29 17:29:42.001,17865,17865,17865,2,2
2023-12-29 17:29:58.001,17865,17865,17865,2,0
2023-12-29 17:29:58.001,17864,17864,17864,10,-10
2023-12-29 17:30:17.001,17864,17864,17864,2,0
2023-12-29 17:30:17.001,17864,17864,17864,18,0
2023-12-29 17:30:17.001,17864,17864,17864,2,0
2023-12-29 17:30:17.001,17864,17864,17864,2,0
2023-12-29 17:30:17.001,17864,17864,17864,2,0
2023-12-29 17:30:17.001,17864,17864,17864,2,0
2023-12-29 17:30:17.001,17864,17864,17864,2,0
2023-12-29 17:30:17.001,17864,17864,17864,2,0
2023-12-29 17:30:17.001,17864,17864,17864,2,0
2023-12-29 17:30:17.001,17864,17864,17864,2,0
2023-12-29 17:30:18.001,17864,17864,17864,4,0
2023-12-29 17:30:18.001,17863,17863,17863,2,-2
2023-12-29 17:30:19.001,17864,17864,17864,4,4
2023-12-29 17:30:45.001,17863,17863,17863,2,-2
2023-12-29 17:31:02.001,17864,17864,17864,2,2
2023-12-29 17:31:02.001,17864,17864,17864,6,0
2023-12-29 17:31:02.001,17864,17864,17864,2,0
2023-12-29 17:31:02.001,17865,17865,17865,2,2
2023-12-29 17:31:02.001,17865,17865,17865,2,0
2023-12-29 17:31:06.001,17864,17864,17864,4,-4
2023-12-29 17:31:06.001,17864,17864,17864,4,0
2023-12-29 17:31:19.001,17865,17865,17865,2,2
2023-12-29 17:31:19.001,17865,17865,17865,10,0
2023-12-29 17:31:19.001,17865,17865,17865,2,0
2023-12-29 17:31:19.001,17865,17865,17865,4,0
2023-12-29 17:31:19.001,17865,17865,17865,4,0
2023-12-29 17:31:19.001,17865,17865,17865,12,0
2023-12-29 17:31:31.001,17865,17865,17865,2,0
2023-12-29 17:31:31.001,17865,17865,17865,4,0
2023-12-29 17:31:45.001,17864,17864,17864,4,-4
2023-12-29 17:31:45.001,17864,17864,17864,2,0
2023-12-29 17:32:10.001,17865,17865,17865,4,4
2023-12-29 17:32:10.001,17865,17865,17865,2,0
2023-12-29 17:32:41.001,17865,17865,17865,4,0
2023-12-29 17:32:54.001,17865,17865,17865,2,0
2023-12-29 17:33:28.001,17866,17866,17866,2,2
2023-12-29 17:33:30.001,17865,17865,17865,2,-2
2023-12-29 17:33:30.001,17865,17865,17865,2,0
2023-12-29 17:33:30.001,17864,17864,17864,2,-2
2023-12-29 17:33:30.001,17864,17864,17864,2,0
2023-12-29 17:34:38.001,17865,17865,17865,2,2
2023-12-29 17:34:38.001,17864,17864,17864,2,-2
2023-12-29 17:35:03.001,17864,17864,17864,2,0
2023-12-29 17:35:29.001,17865,17865,17865,2,2
2023-12-29 17:35:56.001,17865,17865,17865,2,0
2023-12-29 17:36:06.001,17865,17865,17865,2,0
2023-12-29 17:36:06.001,17865,17865,17865,2,0
2023-12-29 17:36:38.001,17865,17865,17865,2,0
2023-12-29 17:36:46.001,17864,17864,17864,2,-2
2023-12-29 17:36:46.001,17864,17864,17864,2,0
2023-12-29 17:36:46.001,17864,17864,17864,2,0
2023-12-29 17:36:46.001,17864,17864,17864,2,0
2023-12-29 17:36:56.001,17864,17864,17864,2,0
2023-12-29 17:37:06.001,17864,17864,17864,2,0
2023-12-29 17:37:06.001,17864,17864,17864,6,0
2023-12-29 17:37:06.001,17864,17864,17864,4,0
2023-12-29 17:37:06.001,17864,17864,17864,2,0
2023-12-29 17:37:06.001,17863,17863,17863,2,-2
2023-12-29 17:37:06.001,17863,17863,17863,2,0
2023-12-29 17:37:16.001,17863,17863,17863,2,0
2023-12-29 17:37:17.001,17864,17864,17864,2,2
2023-12-29 17:37:24.001,17864,17864,17864,2,0
2023-12-29 17:37:28.001,17864,17864,17864,2,0
2023-12-29 17:37:46.001,17864,17864,17864,2,0
2023-12-29 17:37:52.001,17865,17865,17865,4,4
2023-12-29 17:38:34.001,17865,17865,17865,2,0
2023-12-29 17:38:34.001,17865,17865,17865,2,0
2023-12-29 17:39:11.001,17865,17865,17865,2,0
2023-12-29 17:39:11.001,17864,17864,17864,4,-4
2023-12-29 17:39:18.001,17864,17864,17864,4,0
2023-12-29 17:39:31.001,17864,17864,17864,6,0
2023-12-29 17:39:32.001,17863,17863,17863,2,-2
2023-12-29 17:39:34.001,17864,17864,17864,2,2
2023-12-29 17:40:00.001,17864,17864,17864,4,0
2023-12-29 17:40:00.001,17864,17864,17864,4,0
2023-12-29 17:40:04.001,17864,17864,17864,2,0
2023-12-29 17:40:05.001,17864,17864,17864,2,0
2023-12-29 17:40:05.001,17864,17864,17864,2,0
2023-12-29 17:40:05.001,17864,17864,17864,2,0
2023-12-29 17:40:26.001,17864,17864,17864,2,0
2023-12-29 17:40:30.001,17865,17865,17865,2,2
2023-12-29 17:40:38.001,17864,17864,17864,2,-2
2023-12-29 17:40:38.001,17864,17864,17864,2,0
2023-12-29 17:40:47.001,17863,17863,17863,2,-2
2023-12-29 17:40:47.001,17863,17863,17863,2,0
2023-12-29 17:40:47.001,17863,17863,17863,4,0
2023-12-29 17:40:47.001,17863,17863,17863,2,0
2023-12-29 17:40:47.001,17864,17864,17864,2,2
2023-12-29 17:40:52.001,17863,17863,17863,2,-2
2023-12-29 17:40:53.001,17864,17864,17864,2,2
2023-12-29 17:41:40.001,17864,17864,17864,2,0
2023-12-29 17:42:12.001,17864,17864,17864,2,0
2023-12-29 17:42:39.001,17863,17863,17863,4,-4
2023-12-29 17:42:39.001,17863,17863,17863,6,0
2023-12-29 17:42:39.001,17863,17863,17863,6,0
2023-12-29 17:42:39.001,17863,17863,17863,2,0
2023-12-29 17:42:39.001,17863,17863,17863,32,0
2023-12-29 17:42:39.001,17863,17863,17863,2,0
2023-12-29 17:42:39.001,17863,17863,17863,8,0
2023-12-29 17:42:39.001,17863,17863,17863,2,0
2023-12-29 17:42:39.001,17863,17863,17863,2,0
2023-12-29 17:42:39.001,17863,17863,17863,2,0
2023-12-29 17:42:39.001,17863,17863,17863,2,0
2023-12-29 17:42:39.001,17863,17863,17863,2,0
2023-12-29 17:42:39.001,17863,17863,17863,4,0
2023-12-29 17:42:39.001,17863,17863,17863,2,0
2023-12-29 17:42:39.001,17863,17863,17863,2,0
2023-12-29 17:42:39.001,17863,17863,17863,2,0
2023-12-29 17:42:39.001,17863,17863,17863,2,0
2023-12-29 17:42:39.001,17863,17863,17863,2,0
2023-12-29 17:42:41.001,17862,17862,17862,8,-8
2023-12-29 17:42:41.001,17862,17862,17862,12,0
2023-12-29 17:42:41.001,17862,17862,17862,2,0
2023-12-29 17:42:41.001,17862,17862,17862,2,0
2023-12-29 17:42:41.001,17862,17862,17862,2,0
2023-12-29 17:42:41.001,17862,17862,17862,4,0
2023-12-29 17:42:41.001,17862,17862,17862,2,0
2023-12-29 17:42:41.001,17862,17862,17862,2,0
2023-12-29 17:42:41.001,17862,17862,17862,2,0
2023-12-29 17:42:41.001,17862,17862,17862,2,0
2023-12-29 17:42:41.001,17862,17862,17862,2,0
2023-12-29 17:42:41.001,17862,17862,17862,2,0
2023-12-29 17:42:41.001,17862,17862,17862,2,0
2023-12-29 17:42:41.001,17862,17862,17862,2,0
2023-12-29 17:42:41.001,17862,17862,17862,2,0
2023-12-29 17:42:41.001,17862,17862,17862,2,0
2023-12-29 17:42:41.001,17861,17861,17861,2,-2
2023-12-29 17:42:41.001,17861,17861,17861,2,0
2023-12-29 17:42:41.001,17861,17861,17861,4,0
2023-12-29 17:42:41.001,17861,17861,17861,2,0
2023-12-29 17:42:41.001,17861,17861,17861,2,0
2023-12-29 17:42:41.001,17861,17861,17861,2,0
2023-12-29 17:42:41.001,17861,17861,17861,4,0
2023-12-29 17:42:41.001,17861,17861,17861,2,0
2023-12-29 17:42:41.001,17861,17861,17861,2,0
2023-12-29 17:42:41.001,17861,17861,17861,2,0
2023-12-29 17:42:41.001,17861,17861,17861,2,0
2023-12-29 17:42:41.001,17861,17861,17861,2,0
2023-12-29 17:42:41.001,17861,17861,17861,2,0
2023-12-29 17:42:41.001,17861,17861,17861,2,0
2023-12-29 17:42:41.001,17861,17861,17861,2,0
2023-12-29 17:42:41.001,17860,17860,17860,2,-2
2023-12-29 17:42:41.001,17861,17861,17861,2,2
2023-12-29 17:42:41.001,17860,17860,17860,2,-2
2023-12-29 17:42:41.001,17860,17860,17860,2,0
2023-12-29 17:42:41.001,17860,17860,17860,2,0
2023-12-29 17:42:41.001,17860,17860,17860,2,0
2023-12-29 17:42:41.001,17860,17860,17860,4,0
2023-12-29 17:42:41.001,17860,17860,17860,4,0
2023-12-29 17:42:41.001,17860,17860,17860,2,0
2023-12-29 17:42:41.001,17860,17860,17860,2,0
2023-12-29 17:42:41.001,17860,17860,17860,2,0
2023-12-29 17:42:41.001,17860,17860,17860,2,0
2023-12-29 17:42:41.001,17860,17860,17860,4,0
2023-12-29 17:42:41.001,17860,17860,17860,2,0
2023-12-29 17:42:41.001,17860,17860,17860,4,0
2023-12-29 17:42:41.001,17860,17860,17860,10,0
2023-12-29 17:42:41.001,17860,17860,17860,2,0
2023-12-29 17:42:41.001,17860,17860,17860,2,0
2023-12-29 17:42:41.001,17860,17860,17860,2,0
2023-12-29 17:42:41.001,17860,17860,17860,2,0
2023-12-29 17:42:41.001,17860,17860,17860,2,0
2023-12-29 17:42:41.001,17860,17860,17860,2,0
2023-12-29 17:42:41.001,17860,17860,17860,2,0
2023-12-29 17:42:41.001,17860,17860,17860,2,0
2023-12-29 17:42:41.001,17860,17860,17860,2,0
2023-12-29 17:42:41.001,17861,17861,17861,2,2
2023-12-29 17:42:42.001,17861,17861,17861,2,0
2023-12-29 17:42:42.001,17860,17860,17860,2,-2
2023-12-29 17:42:44.001,17861,17861,17861,2,2
2023-12-29 17:42:51.001,17861,17861,17861,2,0
2023-12-29 17:42:51.001,17861,17861,17861,2,0
2023-12-29 17:42:51.001,17861,17861,17861,4,0
2023-12-29 17:42:51.001,17861,17861,17861,2,0
2023-12-29 17:43:16.001,17863,17863,17863,2,2
2023-12-29 17:43:21.001,17863,17863,17863,2,0
2023-12-29 17:43:21.001,17862,17862,17862,2,-2
2023-12-29 17:43:30.001,17862,17862,17862,2,0
2023-12-29 17:43:44.001,17862,17862,17862,2,0
2023-12-29 17:43:44.001,17862,17862,17862,4,0
2023-12-29 17:43:45.001,17861,17861,17861,2,-2
2023-12-29 17:44:00.001,17862,17862,17862,2,2
2023-12-29 17:44:04.001,17862,17862,17862,2,0
2023-12-29 17:44:04.001,17862,17862,17862,2,0
2023-12-29 17:44:04.001,17862,17862,17862,2,0
2023-12-29 17:44:04.001,17862,17862,17862,4,0
2023-12-29 17:44:04.001,17862,17862,17862,4,0
2023-12-29 17:44:04.001,17862,17862,17862,2,0
2023-12-29 17:44:04.001,17862,17862,17862,2,0
2023-12-29 17:44:11.001,17861,17861,17861,2,-2
2023-12-29 17:44:18.001,17862,17862,17862,2,2
2023-12-29 17:44:20.001,17861,17861,17861,2,-2
2023-12-29 17:44:24.001,17862,17862,17862,2,2
2023-12-29 17:44:45.001,17862,17862,17862,2,0
2023-12-29 17:44:45.001,17862,17862,17862,2,0
2023-12-29 17:44:56.001,17861,17861,17861,2,-2
2023-12-29 17:44:56.001,17861,17861,17861,2,0
2023-12-29 17:44:56.001,17861,17861,17861,2,0
2023-12-29 17:45:01.001,17861,17861,17861,2,0
2023-12-29 17:45:01.001,17861,17861,17861,2,0
2023-12-29 17:45:33.001,17861,17861,17861,2,0
2023-12-29 17:45:33.001,17861,17861,17861,2,0
2023-12-29 17:45:33.001,17861,17861,17861,2,0
2023-12-29 17:45:34.001,17862,17862,17862,4,4
2023-12-29 17:45:35.001,17861,17861,17861,2,-2
2023-12-29 17:45:36.001,17861,17861,17861,12,0
2023-12-29 17:45:36.001,17861,17861,17861,2,0
2023-12-29 17:45:40.001,17861,17861,17861,2,0
2023-12-29 17:45:41.001,17860,17860,17860,2,-2
2023-12-29 17:45:41.001,17860,17860,17860,6,0
2023-12-29 17:45:41.001,17860,17860,17860,2,0
2023-12-29 17:45:41.001,17860,17860,17860,2,0
2023-12-29 17:45:41.001,17860,17860,17860,2,0
2023-12-29 17:45:41.001,17860,17860,17860,2,0
2023-12-29 17:45:41.001,17860,17860,17860,2,0
2023-12-29 17:46:00.001,17860,17860,17860,2,0
2023-12-29 17:46:00.001,17860,17860,17860,2,0
2023-12-29 17:46:00.001,17860,17860,17860,2,0
2023-12-29 17:46:00.001,17860,17860,17860,2,0
2023-12-29 17:46:00.001,17860,17860,17860,2,0
2023-12-29 17:46:03.001,17860,17860,17860,2,0
2023-12-29 17:46:03.001,17860,17860,17860,2,0
2023-12-29 17:46:05.001,17860,17860,17860,2,0
2023-12-29 17:46:10.001,17861,17861,17861,2,2
2023-12-29 17:46:15.001,17861,17861,17861,2,0
2023-12-29 17:46:35.001,17861,17861,17861,2,0
2023-12-29 17:46:39.001,17861,17861,17861,2,0
2023-12-29 17:46:52.001,17861,17861,17861,4,0
2023-12-29 17:47:01.001,17861,17861,17861,18,0
2023-12-29 17:47:02.001,17861,17861,17861,4,0
2023-12-29 17:47:19.001,17861,17861,17861,2,0
2023-12-29 17:47:19.001,17861,17861,17861,2,0
2023-12-29 17:47:21.001,17861,17861,17861,2,0
2023-12-29 17:47:27.001,17861,17861,17861,2,0
2023-12-29 17:47:28.001,17860,17860,17860,2,-2
2023-12-29 17:47:29.001,17861,17861,17861,2,2
2023-12-29 17:47:41.001,17860,17860,17860,4,-4
2023-12-29 17:47:41.001,17860,17860,17860,4,0
2023-12-29 17:47:41.001,17860,17860,17860,2,0
2023-12-29 17:47:41.001,17860,17860,17860,2,0
2023-12-29 17:47:41.001,17860,17860,17860,2,0
2023-12-29 17:47:41.001,17860,17860,17860,2,0
2023-12-29 17:47:41.001,17860,17860,17860,2,0
2023-12-29 17:47:41.001,17860,17860,17860,2,0
2023-12-29 17:47:41.001,17860,17860,17860,2,0
2023-12-29 17:47:41.001,17860,17860,17860,2,0
2023-12-29 17:47:41.001,17860,17860,17860,2,0
2023-12-29 17:47:41.001,17860,17860,17860,2,0
2023-12-29 17:47:41.001,17860,17860,17860,2,0
2023-12-29 17:47:41.001,17860,17860,17860,2,0
2023-12-29 17:47:41.001,17860,17860,17860,4,0
2023-12-29 17:47:41.001,17860,17860,17860,2,0
2023-12-29 17:47:46.001,17860,17860,17860,2,0
2023-12-29 17:47:55.001,17860,17860,17860,2,0
2023-12-29 17:48:08.001,17860,17860,17860,2,0
2023-12-29 17:48:08.001,17860,17860,17860,4,0
2023-12-29 17:48:08.001,17860,17860,17860,10,0
2023-12-29 17:48:08.001,17860,17860,17860,2,0
2023-12-29 17:48:08.001,17860,17860,17860,2,0
2023-12-29 17:48:08.001,17860,17860,17860,2,0
2023-12-29 17:48:10.001,17861,17861,17861,2,2
2023-12-29 17:48:14.001,17860,17860,17860,2,-2
2023-12-29 17:48:14.001,17860,17860,17860,4,0
2023-12-29 17:48:15.001,17860,17860,17860,4,0
2023-12-29 17:48:17.001,17861,17861,17861,2,2
2023-12-29 17:48:45.001,17860,17860,17860,2,-2
2023-12-29 17:48:45.001,17860,17860,17860,2,0
2023-12-29 17:48:45.001,17860,17860,17860,2,0
2023-12-29 17:49:00.001,17859,17859,17859,4,-4
2023-12-29 17:49:00.001,17859,17859,17859,2,0
2023-12-29 17:49:00.001,17859,17859,17859,2,0
2023-12-29 17:49:00.001,17859,17859,17859,2,0
2023-12-29 17:49:00.001,17859,17859,17859,4,0
2023-12-29 17:49:00.001,17859,17859,17859,2,0
2023-12-29 17:49:00.001,17859,17859,17859,2,0
2023-12-29 17:49:00.001,17859,17859,17859,2,0
2023-12-29 17:49:00.001,17859,17859,17859,2,0
2023-12-29 17:49:01.001,17859,17859,17859,2,0
2023-12-29 17:49:06.001,17858,17858,17858,2,-2
2023-12-29 17:49:06.001,17858,17858,17858,2,0
2023-12-29 17:49:06.001,17858,17858,17858,2,0
2023-12-29 17:49:06.001,17858,17858,17858,2,0
2023-12-29 17:49:06.001,17858,17858,17858,4,0
2023-12-29 17:49:06.001,17858,17858,17858,4,0
2023-12-29 17:49:06.001,17858,17858,17858,2,0
2023-12-29 17:49:06.001,17860,17860,17860,6,6
2023-12-29 17:49:06.001,17858,17858,17858,2,-2
2023-12-29 17:49:06.001,17858,17858,17858,2,0
2023-12-29 17:49:06.001,17858,17858,17858,4,0
2023-12-29 17:49:06.001,17858,17858,17858,2,0
2023-12-29 17:49:06.001,17858,17858,17858,2,0
2023-12-29 17:49:06.001,17858,17858,17858,4,0
2023-12-29 17:49:06.001,17858,17858,17858,2,0
2023-12-29 17:49:06.001,17858,17858,17858,4,0
2023-12-29 17:49:06.001,17858,17858,17858,4,0
2023-12-29 17:49:06.001,17858,17858,17858,4,0
2023-12-29 17:49:06.001,17858,17858,17858,2,0
2023-12-29 17:49:06.001,17858,17858,17858,2,0
2023-12-29 17:49:06.001,17858,17858,17858,4,0
2023-12-29 17:49:06.001,17857,17857,17857,2,-2
2023-12-29 17:49:06.001,17857,17857,17857,2,0
2023-12-29 17:49:06.001,17857,17857,17857,2,0
2023-12-29 17:49:06.001,17857,17857,17857,2,0
2023-12-29 17:49:06.001,17857,17857,17857,4,0
2023-12-29 17:49:06.001,17857,17857,17857,4,0
2023-12-29 17:49:06.001,17857,17857,17857,2,0
2023-12-29 17:49:06.001,17857,17857,17857,4,0
2023-12-29 17:49:06.001,17857,17857,17857,2,0
2023-12-29 17:49:06.001,17857,17857,17857,2,0
2023-12-29 17:49:06.001,17856,17856,17856,2,-2
2023-12-29 17:49:06.001,17856,17856,17856,2,0
2023-12-29 17:49:06.001,17857,17857,17857,8,8
2023-12-29 17:49:06.001,17857,17857,17857,2,0
2023-12-29 17:49:06.001,17856,17856,17856,2,-2
2023-12-29 17:49:06.001,17856,17856,17856,2,0
2023-12-29 17:49:06.001,17856,17856,17856,2,0
2023-12-29 17:49:06.001,17856,17856,17856,2,0
2023-12-29 17:49:06.001,17856,17856,17856,2,0
2023-12-29 17:49:06.001,17856,17856,17856,2,0
2023-12-29 17:49:06.001,17856,17856,17856,2,0
2023-12-29 17:49:06.001,17856,17856,17856,2,0
2023-12-29 17:49:06.001,17856,17856,17856,2,0
2023-12-29 17:49:06.001,17856,17856,17856,2,0
2023-12-29 17:49:06.001,17856,17856,17856,2,0
2023-12-29 17:49:06.001,17856,17856,17856,2,0
2023-12-29 17:49:06.001,17856,17856,17856,2,0
2023-12-29 17:49:06.001,17856,17856,17856,4,0
2023-12-29 17:49:06.001,17855,17855,17855,2,-2
2023-12-29 17:49:06.001,17856,17856,17856,4,4
2023-12-29 17:49:06.001,17855,17855,17855,2,-2
2023-12-29 17:49:06.001,17856,17856,17856,2,2
2023-12-29 17:49:06.001,17856,17856,17856,2,0
2023-12-29 17:49:06.001,17855,17855,17855,2,-2
2023-12-29 17:49:06.001,17855,17855,17855,2,0
2023-12-29 17:49:06.001,17855,17855,17855,2,0
2023-12-29 17:49:06.001,17855,17855,17855,2,0
2023-12-29 17:49:06.001,17855,17855,17855,2,0
2023-12-29 17:49:06.001,17855,17855,17855,2,0
2023-12-29 17:49:06.001,17855,17855,17855,4,0
2023-12-29 17:49:06.001,17855,17855,17855,2,0
2023-12-29 17:49:06.001,17855,17855,17855,2,0
2023-12-29 17:49:06.001,17855,17855,17855,2,0
2023-12-29 17:49:06.001,17855,17855,17855,2,0
2023-12-29 17:49:06.001,17855,17855,17855,2,0
2023-12-29 17:49:06.001,17855,17855,17855,2,0
2023-12-29 17:49:06.001,17855,17855,17855,2,0
2023-12-29 17:49:06.001,17855,17855,17855,2,0
2023-12-29 17:49:06.001,17855,17855,17855,2,0
2023-12-29 17:49:06.001,17855,17855,17855,2,0
2023-12-29 17:49:06.001,17855,17855,17855,4,0
2023-12-29 17:49:06.001,17855,17855,17855,2,0
2023-12-29 17:49:06.001,17855,17855,17855,2,0
2023-12-29 17:49:06.001,17855,17855,17855,2,0
2023-12-29 17:49:06.001,17855,17855,17855,4,0
2023-12-29 17:49:06.001,17855,17855,17855,6,0
2023-12-29 17:49:06.001,17854,17854,17854,2,-2
2023-12-29 17:49:06.001,17855,17855,17855,10,10
2023-12-29 17:49:06.001,17854,17854,17854,2,-2
2023-12-29 17:49:06.001,17854,17854,17854,2,0
2023-12-29 17:49:06.001,17854,17854,17854,2,0
2023-12-29 17:49:06.001,17854,17854,17854,2,0
2023-12-29 17:49:06.001,17854,17854,17854,2,0
2023-12-29 17:49:06.001,17854,17854,17854,4,0
2023-12-29 17:49:06.001,17854,17854,17854,4,0
2023-12-29 17:49:06.001,17854,17854,17854,2,0
2023-12-29 17:49:06.001,17854,17854,17854,4,0
2023-12-29 17:49:06.001,17855,17855,17855,2,2
2023-12-29 17:49:06.001,17855,17855,17855,2,0
2023-12-29 17:49:06.001,17855,17855,17855,4,0
2023-12-29 17:49:06.001,17855,17855,17855,2,0
2023-12-29 17:49:06.001,17856,17856,17856,2,2
2023-12-29 17:49:06.001,17856,17856,17856,2,0
2023-12-29 17:49:06.001,17856,17856,17856,2,0
2023-12-29 17:49:06.001,17856,17856,17856,2,0
2023-12-29 17:49:06.001,17856,17856,17856,2,0
2023-12-29 17:49:07.001,17856,17856,17856,2,0
2023-12-29 17:49:07.001,17857,17857,17857,14,14
2023-12-29 17:49:07.001,17857,17857,17857,2,0
2023-12-29 17:49:07.001,17857,17857,17857,2,0
2023-12-29 17:49:07.001,17857,17857,17857,2,0
2023-12-29 17:49:07.001,17857,17857,17857,4,0
2023-12-29 17:49:07.001,17856,17856,17856,2,-2
2023-12-29 17:49:07.001,17856,17856,17856,2,0
2023-12-29 17:49:07.001,17856,17856,17856,2,0
2023-12-29 17:49:08.001,17856,17856,17856,2,0
2023-12-29 17:49:08.001,17856,17856,17856,2,0
2023-12-29 17:49:08.001,17856,17856,17856,2,0
2023-12-29 17:49:11.001,17856,17856,17856,2,0
2023-12-29 17:49:14.001,17857,17857,17857,2,2
2023-12-29 17:49:18.001,17857,17857,17857,2,0
2023-12-29 17:49:20.001,17857,17857,17857,2,0
2023-12-29 17:49:20.001,17857,17857,17857,2,0
2023-12-29 17:49:46.001,17857,17857,17857,2,0
2023-12-29 17:49:58.001,17857,17857,17857,2,0
2023-12-29 17:50:00.001,17857,17857,17857,2,0
2023-12-29 17:50:01.001,17857,17857,17857,2,0
2023-12-29 17:50:01.001,17857,17857,17857,2,0
2023-12-29 17:50:01.001,17857,17857,17857,2,0
2023-12-29 17:50:02.001,17858,17858,17858,2,2
2023-12-29 17:50:03.001,17858,17858,17858,4,0
2023-12-29 17:50:05.001,17857,17857,17857,2,-2
2023-12-29 17:50:08.001,17857,17857,17857,2,0
2023-12-29 17:50:08.001,17857,17857,17857,2,0
2023-12-29 17:50:08.001,17857,17857,17857,2,0
2023-12-29 17:50:14.001,17856,17856,17856,2,-2
2023-12-29 17:50:14.001,17856,17856,17856,2,0
2023-12-29 17:50:14.001,17856,17856,17856,2,0
2023-12-29 17:50:22.001,17856,17856,17856,2,0
2023-12-29 17:50:22.001,17857,17857,17857,2,2
2023-12-29 17:50:34.001,17857,17857,17857,10,0
2023-12-29 17:50:36.001,17857,17857,17857,2,0
2023-12-29 17:50:49.001,17857,17857,17857,2,0
2023-12-29 17:50:57.001,17858,17858,17858,2,2
2023-12-29 17:51:08.001,17858,17858,17858,4,0
2023-12-29 17:51:18.001,17857,17857,17857,2,-2
2023-12-29 17:51:18.001,17857,17857,17857,2,0
2023-12-29 17:51:20.001,17857,17857,17857,2,0
2023-12-29 17:51:45.001,17858,17858,17858,4,4
2023-12-29 17:51:45.001,17858,17858,17858,6,0
2023-12-29 17:51:45.001,17858,17858,17858,4,0
2023-12-29 17:51:45.001,17858,17858,17858,2,0
2023-12-29 17:51:45.001,17858,17858,17858,4,0
2023-12-29 17:51:49.001,17858,17858,17858,2,0
2023-12-29 17:52:12.001,17858,17858,17858,2,0
2023-12-29 17:52:13.001,17859,17859,17859,4,4
2023-12-29 17:52:13.001,17859,17859,17859,4,0
2023-12-29 17:52:13.001,17860,17860,17860,2,2
2023-12-29 17:53:06.001,17860,17860,17860,4,0
2023-12-29 17:53:07.001,17860,17860,17860,2,0
2023-12-29 17:53:16.001,17859,17859,17859,2,-2
2023-12-29 17:53:16.001,17859,17859,17859,2,0
2023-12-29 17:53:16.001,17859,17859,17859,2,0
2023-12-29 17:53:16.001,17859,17859,17859,2,0
2023-12-29 17:53:16.001,17859,17859,17859,2,0
2023-12-29 17:53:16.001,17859,17859,17859,2,0
2023-12-29 17:53:16.001,17859,17859,17859,2,0
2023-12-29 17:53:19.001,17858,17858,17858,2,-2
2023-12-29 17:53:19.001,17858,17858,17858,2,0
2023-12-29 17:53:19.001,17858,17858,17858,2,0
2023-12-29 17:53:19.001,17858,17858,17858,4,0
2023-12-29 17:53:26.001,17858,17858,17858,2,0
2023-12-29 17:53:26.001,17858,17858,17858,2,0
2023-12-29 17:53:26.001,17858,17858,17858,2,0
2023-12-29 17:53:27.001,17858,17858,17858,2,0
2023-12-29 17:53:35.001,17857,17857,17857,2,-2
2023-12-29 17:53:39.001,17857,17857,17857,2,0
2023-12-29 17:53:42.001,17857,17857,17857,2,0
2023-12-29 17:53:44.001,17857,17857,17857,2,0
2023-12-29 17:53:52.001,17857,17857,17857,2,0
2023-12-29 17:53:55.001,17857,17857,17857,2,0
2023-12-29 17:54:02.001,17857,17857,17857,2,0
2023-12-29 17:54:02.001,17857,17857,17857,2,0
2023-12-29 17:54:02.001,17857,17857,17857,4,0
2023-12-29 17:54:02.001,17857,17857,17857,2,0
2023-12-29 17:54:02.001,17857,17857,17857,2,0
2023-12-29 17:54:02.001,17856,17856,17856,2,-2
2023-12-29 17:54:13.001,17856,17856,17856,4,0
2023-12-29 17:54:13.001,17856,17856,17856,2,0
2023-12-29 17:54:13.001,17856,17856,17856,2,0
2023-12-29 17:54:13.001,17856,17856,17856,2,0
2023-12-29 17:54:13.001,17856,17856,17856,2,0
2023-12-29 17:54:13.001,17856,17856,17856,2,0
2023-12-29 17:54:13.001,17856,17856,17856,2,0
2023-12-29 17:54:13.001,17856,17856,17856,6,0
2023-12-29 17:54:13.001,17856,17856,17856,2,0
2023-12-29 17:54:18.001,17856,17856,17856,2,0
2023-12-29 17:54:24.001,17856,17856,17856,2,0
2023-12-29 17:54:40.001,17856,17856,17856,2,0
2023-12-29 17:54:40.001,17856,17856,17856,2,0
2023-12-29 17:54:47.001,17856,17856,17856,4,0
2023-12-29 17:54:56.001,17856,17856,17856,4,0
2023-12-29 17:55:00.001,17856,17856,17856,2,0
2023-12-29 17:55:03.001,17856,17856,17856,2,0
2023-12-29 17:55:03.001,17856,17856,17856,2,0
2023-12-29 17:55:13.001,17856,17856,17856,2,0
2023-12-29 17:55:14.001,17856,17856,17856,2,0
2023-12-29 17:55:17.001,17855,17855,17855,2,-2
2023-12-29 17:55:28.001,17856,17856,17856,2,2
2023-12-29 17:55:31.001,17856,17856,17856,2,0
2023-12-29 17:55:38.001,17856,17856,17856,2,0
2023-12-29 17:55:44.001,17855,17855,17855,2,-2
2023-12-29 17:55:51.001,17855,17855,17855,2,0
2023-12-29 17:55:53.001,17855,17855,17855,2,0
2023-12-29 17:55:54.001,17855,17855,17855,2,0
2023-12-29 17:55:57.001,17855,17855,17855,4,0
2023-12-29 17:55:57.001,17855,17855,17855,4,0
2023-12-29 17:55:57.001,17855,17855,17855,2,0
2023-12-29 17:56:03.001,17855,17855,17855,2,0
2023-12-29 17:56:03.001,17855,17855,17855,2,0
2023-12-29 17:56:03.001,17855,17855,17855,2,0
2023-12-29 17:56:08.001,17855,17855,17855,2,0
2023-12-29 17:56:08.001,17855,17855,17855,2,0
2023-12-29 17:56:16.001,17855,17855,17855,2,0
2023-12-29 17:56:20.001,17855,17855,17855,2,0
2023-12-29 17:56:20.001,17855,17855,17855,2,0
2023-12-29 17:56:25.001,17855,17855,17855,2,0
2023-12-29 17:56:25.001,17855,17855,17855,2,0
2023-12-29 17:56:25.001,17855,17855,17855,2,0
2023-12-29 17:56:25.001,17855,17855,17855,2,0
2023-12-29 17:56:25.001,17855,17855,17855,2,0
2023-12-29 17:56:27.001,17856,17856,17856,2,2
2023-12-29 17:56:31.001,17856,17856,17856,2,0
2023-12-29 17:56:33.001,17855,17855,17855,2,-2
2023-12-29 17:56:33.001,17855,17855,17855,2,0
2023-12-29 17:56:33.001,17855,17855,17855,2,0
2023-12-29 17:56:33.001,17855,17855,17855,2,0
2023-12-29 17:56:33.001,17855,17855,17855,2,0
2023-12-29 17:56:33.001,17855,17855,17855,2,0
2023-12-29 17:56:34.001,17855,17855,17855,2,0
2023-12-29 17:56:49.001,17855,17855,17855,2,0
2023-12-29 17:56:51.001,17855,17855,17855,2,0
2023-12-29 17:56:51.001,17855,17855,17855,2,0
2023-12-29 17:56:51.001,17855,17855,17855,2,0
2023-12-29 17:57:00.001,17855,17855,17855,2,0
2023-12-29 17:57:00.001,17855,17855,17855,2,0
2023-12-29 17:57:00.001,17855,17855,17855,2,0
2023-12-29 17:57:01.001,17854,17854,17854,2,-2
2023-12-29 17:57:01.001,17854,17854,17854,2,0
2023-12-29 17:57:01.001,17854,17854,17854,2,0
2023-12-29 17:57:01.001,17855,17855,17855,2,2
2023-12-29 17:57:01.001,17854,17854,17854,2,-2
2023-12-29 17:57:01.001,17855,17855,17855,2,2
2023-12-29 17:57:01.001,17855,17855,17855,2,0
2023-12-29 17:57:01.001,17854,17854,17854,2,-2
2023-12-29 17:57:01.001,17855,17855,17855,2,2
2023-12-29 17:57:05.001,17855,17855,17855,2,0
2023-12-29 17:57:06.001,17855,17855,17855,2,0
2023-12-29 17:57:10.001,17855,17855,17855,2,0
