2022-12-19 15:00:00,14428,14428,14428,172,0
2022-12-19 15:00:00,14428,14428,14428,2,0
2022-12-19 15:00:00,14427,14427,14427,2,-2
2022-12-19 15:00:00,14428,14428,14428,22,22
2022-12-19 15:00:00,14429,14429,14429,16,16
2022-12-19 15:00:00,14428,14428,14428,2,-2
2022-12-19 15:00:00,14428,14428,14428,2,0
2022-12-19 15:00:00,14427,14427,14427,2,-2
2022-12-19 15:00:00,14427,14427,14427,2,0
2022-12-19 15:00:00,14428,14428,14428,2,2
2022-12-19 15:00:00,14428,14428,14428,2,0
2022-12-19 15:00:00,14427,14427,14427,2,-2
2022-12-19 15:00:00,14427,14427,14427,2,0
2022-12-19 15:00:00,14427,14427,14427,2,0
2022-12-19 15:00:00,14429,14429,14429,2,2
2022-12-19 15:00:00,14427,14427,14427,2,-2
2022-12-19 15:00:00,14429,14429,14429,2,2
2022-12-19 15:00:00,14430,14430,14430,8,8
2022-12-19 15:00:00,14430,14430,14430,2,0
2022-12-19 15:00:00,14431,14431,14431,4,4
2022-12-19 15:00:00,14431,14431,14431,4,0
2022-12-19 15:00:00,14429,14429,14429,2,-2
2022-12-19 15:00:00,14429,14429,14429,2,0
2022-12-19 15:00:00,14429,14429,14429,2,0
2022-12-19 15:00:00,14428,14428,14428,2,-2
2022-12-19 15:00:00,14429,14429,14429,2,2
2022-12-19 15:00:00,14429,14429,14429,2,0
2022-12-19 15:00:00,14429,14429,14429,2,0
2022-12-19 15:00:01,14431,14431,14431,6,6
2022-12-19 15:00:01,14430,14430,14430,2,-2
2022-12-19 15:00:01,14430,14430,14430,2,0
2022-12-19 15:00:01,14430,14430,14430,2,0
2022-12-19 15:00:01,14431,14431,14431,4,4
2022-12-19 15:00:01,14432,14432,14432,10,10
2022-12-19 15:00:01,14433,14433,14433,2,2
2022-12-19 15:00:01,14431,14431,14431,2,-2
2022-12-19 15:00:01,14431,14431,14431,2,0
2022-12-19 15:00:01,14432,14432,14432,2,2
2022-12-19 15:00:01,14432,14432,14432,2,0
2022-12-19 15:00:01,14432,14432,14432,2,0
2022-12-19 15:00:01,14431,14431,14431,2,-2
2022-12-19 15:00:02,14430,14430,14430,2,-2
2022-12-19 15:00:02,14432,14432,14432,6,6
2022-12-19 15:00:02,14430,14430,14430,2,-2
2022-12-19 15:00:02,14430,14430,14430,2,0
2022-12-19 15:00:02,14432,14432,14432,2,2
2022-12-19 15:00:03,14430,14430,14430,2,-2
2022-12-19 15:00:03,14430,14430,14430,2,0
2022-12-19 15:00:03,14430,14430,14430,2,0
2022-12-19 15:00:03,14430,14430,14430,2,0
2022-12-19 15:00:03,14430,14430,14430,2,0
2022-12-19 15:00:03,14430,14430,14430,2,0
2022-12-19 15:00:04,14431,14431,14431,2,2
2022-12-19 15:00:04,14432,14432,14432,2,2
2022-12-19 15:00:04,14431,14431,14431,6,-6
2022-12-19 15:00:05,14431,14431,14431,4,0
2022-12-19 15:00:05,14433,14433,14433,12,12
2022-12-19 15:00:05,14434,14434,14434,16,16
2022-12-19 15:00:05,14435,14435,14435,6,6
2022-12-19 15:00:05,14434,14434,14434,2,-2
2022-12-19 15:00:05,14434,14434,14434,2,0
2022-12-19 15:00:05,14434,14434,14434,2,0
2022-12-19 15:00:05,14434,14434,14434,2,0
2022-12-19 15:00:05,14434,14434,14434,6,0
2022-12-19 15:00:05,14433,14433,14433,2,-2
2022-12-19 15:00:05,14434,14434,14434,2,2
2022-12-19 15:00:05,14435,14435,14435,2,2
2022-12-19 15:00:05,14435,14435,14435,12,0
2022-12-19 15:00:05,14435,14435,14435,2,0
2022-12-19 15:00:05,14435,14435,14435,2,0
2022-12-19 15:00:05,14433,14433,14433,2,-2
2022-12-19 15:00:06,14433,14433,14433,2,0
2022-12-19 15:00:06,14434,14434,14434,4,4
2022-12-19 15:00:06,14432,14432,14432,6,-6
2022-12-19 15:00:06,14432,14432,14432,4,0
2022-12-19 15:00:06,14432,14432,14432,2,0
2022-12-19 15:00:06,14432,14432,14432,2,0
2022-12-19 15:00:06,14432,14432,14432,2,0
2022-12-19 15:00:06,14432,14432,14432,2,0
2022-12-19 15:00:06,14433,14433,14433,2,2
2022-12-19 15:00:06,14432,14432,14432,2,-2
2022-12-19 15:00:07,14433,14433,14433,2,2
2022-12-19 15:00:07,14432,14432,14432,2,-2
2022-12-19 15:00:07,14432,14432,14432,2,0
2022-12-19 15:00:07,14432,14432,14432,2,0
2022-12-19 15:00:08,14431,14431,14431,2,-2
2022-12-19 15:00:08,14431,14431,14431,2,0
2022-12-19 15:00:08,14432,14432,14432,4,4
2022-12-19 15:00:08,14432,14432,14432,6,0
2022-12-19 15:00:09,14432,14432,14432,2,0
2022-12-19 15:00:09,14431,14431,14431,2,-2
2022-12-19 15:00:09,14431,14431,14431,2,0
2022-12-19 15:00:09,14432,14432,14432,4,4
2022-12-19 15:00:09,14432,14432,14432,2,0
2022-12-19 15:00:10,14431,14431,14431,2,-2
2022-12-19 15:00:11,14431,14431,14431,2,0
2022-12-19 15:00:11,14431,14431,14431,2,0
2022-12-19 15:00:11,14431,14431,14431,2,0
2022-12-19 15:00:11,14431,14431,14431,2,0
2022-12-19 15:00:12,14432,14432,14432,2,2
2022-12-19 15:00:12,14432,14432,14432,2,0
2022-12-19 15:00:12,14432,14432,14432,4,0
2022-12-19 15:00:13,14431,14431,14431,2,-2
2022-12-19 15:00:15,14431,14431,14431,2,0
2022-12-19 15:00:16,14431,14431,14431,2,0
2022-12-19 15:00:17,14431,14431,14431,2,0
2022-12-19 15:00:17,14431,14431,14431,2,0
2022-12-19 15:00:17,14431,14431,14431,2,0
2022-12-19 15:00:17,14431,14431,14431,2,0
2022-12-19 15:00:18,14430,14430,14430,2,-2
2022-12-19 15:00:18,14430,14430,14430,2,0
2022-12-19 15:00:18,14430,14430,14430,2,0
2022-12-19 15:00:18,14432,14432,14432,2,2
2022-12-19 15:00:19,14430,14430,14430,2,-2
2022-12-19 15:00:19,14430,14430,14430,2,0
2022-12-19 15:00:19,14430,14430,14430,2,0
2022-12-19 15:00:19,14430,14430,14430,2,0
2022-12-19 15:00:19,14430,14430,14430,2,0
2022-12-19 15:00:20,14431,14431,14431,4,4
2022-12-19 15:00:20,14430,14430,14430,2,-2
2022-12-19 15:00:20,14429,14429,14429,2,-2
2022-12-19 15:00:20,14429,14429,14429,2,0
2022-12-19 15:00:20,14431,14431,14431,4,4
2022-12-19 15:00:21,14431,14431,14431,8,0
2022-12-19 15:00:21,14432,14432,14432,16,16
2022-12-19 15:00:21,14433,14433,14433,16,16
2022-12-19 15:00:22,14433,14433,14433,4,0
2022-12-19 15:00:23,14432,14432,14432,2,-2
2022-12-19 15:00:23,14431,14431,14431,2,-2
2022-12-19 15:00:24,14432,14432,14432,2,2
2022-12-19 15:00:24,14432,14432,14432,2,0
2022-12-19 15:00:24,14432,14432,14432,4,0
2022-12-19 15:00:26,14431,14431,14431,2,-2
2022-12-19 15:00:26,14430,14430,14430,4,-4
2022-12-19 15:00:28,14430,14430,14430,2,0
2022-12-19 15:00:28,14430,14430,14430,2,0
2022-12-19 15:00:28,14430,14430,14430,2,0
2022-12-19 15:00:29,14431,14431,14431,4,4
2022-12-19 15:00:30,14429,14429,14429,2,-2
2022-12-19 15:00:30,14430,14430,14430,6,6
2022-12-19 15:00:32,14431,14431,14431,4,4
2022-12-19 15:00:32,14430,14430,14430,6,-6
2022-12-19 15:00:32,14430,14430,14430,4,0
2022-12-19 15:00:34,14429,14429,14429,2,-2
2022-12-19 15:00:34,14429,14429,14429,2,0
2022-12-19 15:00:37,14430,14430,14430,2,2
2022-12-19 15:00:38,14429,14429,14429,2,-2
2022-12-19 15:00:38,14430,14430,14430,2,2
2022-12-19 15:00:38,14430,14430,14430,2,0
2022-12-19 15:00:38,14429,14429,14429,2,-2
2022-12-19 15:00:38,14429,14429,14429,2,0
2022-12-19 15:00:39,14429,14429,14429,2,0
2022-12-19 15:00:40,14430,14430,14430,2,2
2022-12-19 15:00:40,14430,14430,14430,2,0
2022-12-19 15:00:40,14431,14431,14431,4,4
2022-12-19 15:00:42,14430,14430,14430,2,-2
2022-12-19 15:00:42,14430,14430,14430,2,0
2022-12-19 15:00:46,14430,14430,14430,2,0
2022-12-19 15:00:47,14429,14429,14429,2,-2
2022-12-19 15:00:49,14430,14430,14430,2,2
2022-12-19 15:00:49,14429,14429,14429,2,-2
2022-12-19 15:00:49,14429,14429,14429,2,0
2022-12-19 15:00:53,14430,14430,14430,2,2
2022-12-19 15:00:54,14429,14429,14429,2,-2
2022-12-19 15:00:57,14430,14430,14430,2,2
2022-12-19 15:00:58,14430,14430,14430,2,0
2022-12-19 15:00:58,14430,14430,14430,2,0
2022-12-19 15:00:59,14430,14430,14430,2,0
2022-12-19 15:01:00,14429,14429,14429,2,-2
2022-12-19 15:01:00,14429,14429,14429,2,0
2022-12-19 15:01:00,14429,14429,14429,2,0
2022-12-19 15:01:00,14429,14429,14429,4,0
2022-12-19 15:01:00,14428,14428,14428,2,-2
2022-12-19 15:01:00,14428,14428,14428,2,0
2022-12-19 15:01:00,14428,14428,14428,2,0
2022-12-19 15:01:00,14428,14428,14428,2,0
2022-12-19 15:01:00,14429,14429,14429,8,8
2022-12-19 15:01:00,14429,14429,14429,4,0
2022-12-19 15:01:00,14429,14429,14429,2,0
2022-12-19 15:01:00,14429,14429,14429,4,0
2022-12-19 15:01:01,14428,14428,14428,4,-4
2022-12-19 15:01:01,14428,14428,14428,2,0
2022-12-19 15:01:01,14428,14428,14428,2,0
2022-12-19 15:01:04,14428,14428,14428,2,0
2022-12-19 15:01:05,14428,14428,14428,2,0
2022-12-19 15:01:08,14428,14428,14428,2,0
2022-12-19 15:01:08,14428,14428,14428,2,0
2022-12-19 15:01:10,14428,14428,14428,4,0
2022-12-19 15:01:11,14428,14428,14428,2,0
2022-12-19 15:01:11,14428,14428,14428,2,0
2022-12-19 15:01:18,14428,14428,14428,2,0
2022-12-19 15:01:20,14428,14428,14428,4,0
2022-12-19 15:01:20,14428,14428,14428,4,0
2022-12-19 15:01:21,14429,14429,14429,2,2
2022-12-19 15:01:22,14429,14429,14429,6,0
2022-12-19 15:01:23,14429,14429,14429,2,0
2022-12-19 15:01:26,14430,14430,14430,16,16
2022-12-19 15:01:26,14430,14430,14430,8,0
2022-12-19 15:01:27,14430,14430,14430,2,0
2022-12-19 15:01:28,14430,14430,14430,2,0
2022-12-19 15:01:28,14430,14430,14430,2,0
2022-12-19 15:01:30,14429,14429,14429,2,-2
2022-12-19 15:01:31,14430,14430,14430,2,2
2022-12-19 15:01:31,14431,14431,14431,6,6
2022-12-19 15:01:31,14431,14431,14431,14,0
2022-12-19 15:01:32,14431,14431,14431,2,0
2022-12-19 15:01:33,14432,14432,14432,2,2
2022-12-19 15:01:34,14432,14432,14432,4,0
2022-12-19 15:01:34,14431,14431,14431,2,-2
2022-12-19 15:01:35,14431,14431,14431,2,0
2022-12-19 15:01:37,14430,14430,14430,2,-2
2022-12-19 15:01:37,14430,14430,14430,2,0
2022-12-19 15:01:38,14429,14429,14429,2,-2
2022-12-19 15:01:40,14430,14430,14430,2,2
2022-12-19 15:01:40,14430,14430,14430,2,0
2022-12-19 15:01:41,14429,14429,14429,2,-2
2022-12-19 15:01:42,14430,14430,14430,2,2
2022-12-19 15:01:44,14430,14430,14430,2,0
2022-12-19 15:01:44,14430,14430,14430,2,0
2022-12-19 15:01:46,14430,14430,14430,2,0
2022-12-19 15:01:47,14430,14430,14430,2,0
2022-12-19 15:01:48,14430,14430,14430,4,0
2022-12-19 15:01:49,14430,14430,14430,6,0
2022-12-19 15:01:49,14430,14430,14430,2,0
2022-12-19 15:01:49,14429,14429,14429,2,-2
2022-12-19 15:01:49,14429,14429,14429,4,0
2022-12-19 15:01:49,14429,14429,14429,2,0
2022-12-19 15:01:51,14429,14429,14429,4,0
2022-12-19 15:01:53,14428,14428,14428,2,-2
2022-12-19 15:01:53,14428,14428,14428,2,0
2022-12-19 15:01:53,14428,14428,14428,4,0
2022-12-19 15:01:53,14428,14428,14428,2,0
2022-12-19 15:01:53,14428,14428,14428,4,0
2022-12-19 15:01:53,14428,14428,14428,2,0
2022-12-19 15:01:53,14428,14428,14428,4,0
2022-12-19 15:01:53,14428,14428,14428,2,0
2022-12-19 15:01:53,14428,14428,14428,2,0
2022-12-19 15:01:54,14427,14427,14427,2,-2
2022-12-19 15:01:54,14427,14427,14427,2,0
2022-12-19 15:01:54,14427,14427,14427,2,0
2022-12-19 15:01:54,14427,14427,14427,2,0
2022-12-19 15:01:55,14426,14426,14426,2,-2
2022-12-19 15:01:55,14426,14426,14426,6,0
2022-12-19 15:01:55,14426,14426,14426,2,0
2022-12-19 15:01:55,14426,14426,14426,2,0
2022-12-19 15:01:56,14425,14425,14425,2,-2
2022-12-19 15:01:57,14427,14427,14427,10,10
2022-12-19 15:01:57,14427,14427,14427,2,0
2022-12-19 15:01:58,14426,14426,14426,2,-2
2022-12-19 15:01:58,14426,14426,14426,2,0
2022-12-19 15:01:58,14426,14426,14426,2,0
2022-12-19 15:01:58,14426,14426,14426,2,0
2022-12-19 15:01:58,14426,14426,14426,4,0
2022-12-19 15:01:58,14426,14426,14426,6,0
2022-12-19 15:01:58,14426,14426,14426,2,0
2022-12-19 15:01:58,14425,14425,14425,2,-2
2022-12-19 15:01:58,14425,14425,14425,6,0
2022-12-19 15:01:58,14425,14425,14425,6,0
2022-12-19 15:01:58,14425,14425,14425,4,0
2022-12-19 15:01:58,14425,14425,14425,4,0
2022-12-19 15:01:58,14425,14425,14425,2,0
2022-12-19 15:01:58,14425,14425,14425,4,0
2022-12-19 15:01:58,14425,14425,14425,4,0
2022-12-19 15:01:58,14425,14425,14425,2,0
2022-12-19 15:01:58,14425,14425,14425,2,0
2022-12-19 15:01:58,14425,14425,14425,4,0
2022-12-19 15:01:58,14425,14425,14425,2,0
2022-12-19 15:02:02,14426,14426,14426,2,2
2022-12-19 15:02:04,14426,14426,14426,2,0
2022-12-19 15:02:05,14425,14425,14425,2,-2
2022-12-19 15:02:05,14425,14425,14425,2,0
2022-12-19 15:02:05,14427,14427,14427,8,8
2022-12-19 15:02:07,14425,14425,14425,2,-2
2022-12-19 15:02:09,14426,14426,14426,2,2
2022-12-19 15:02:11,14426,14426,14426,2,0
2022-12-19 15:02:11,14426,14426,14426,2,0
2022-12-19 15:02:13,14426,14426,14426,2,0
2022-12-19 15:02:13,14425,14425,14425,2,-2
2022-12-19 15:02:14,14425,14425,14425,10,0
2022-12-19 15:02:14,14425,14425,14425,2,0
2022-12-19 15:02:16,14425,14425,14425,4,0
2022-12-19 15:02:17,14424,14424,14424,2,-2
2022-12-19 15:02:17,14424,14424,14424,4,0
2022-12-19 15:02:18,14425,14425,14425,2,2
2022-12-19 15:02:18,14424,14424,14424,2,-2
2022-12-19 15:02:20,14424,14424,14424,2,0
2022-12-19 15:02:20,14424,14424,14424,2,0
2022-12-19 15:02:22,14425,14425,14425,8,8
2022-12-19 15:02:23,14426,14426,14426,4,4
2022-12-19 15:02:23,14426,14426,14426,6,0
2022-12-19 15:02:26,14426,14426,14426,2,0
2022-12-19 15:02:32,14427,14427,14427,2,2
2022-12-19 15:02:32,14427,14427,14427,2,0
2022-12-19 15:02:33,14427,14427,14427,2,0
2022-12-19 15:02:34,14428,14428,14428,2,2
2022-12-19 15:02:34,14428,14428,14428,6,0
2022-12-19 15:02:40,14430,14430,14430,2,2
2022-12-19 15:02:40,14429,14429,14429,4,-4
2022-12-19 15:02:44,14430,14430,14430,10,10
2022-12-19 15:02:47,14429,14429,14429,2,-2
2022-12-19 15:02:48,14430,14430,14430,4,4
2022-12-19 15:02:49,14429,14429,14429,2,-2
2022-12-19 15:02:49,14429,14429,14429,4,0
2022-12-19 15:02:49,14429,14429,14429,4,0
2022-12-19 15:02:49,14429,14429,14429,2,0
2022-12-19 15:02:55,14429,14429,14429,4,0
2022-12-19 15:02:55,14429,14429,14429,8,0
2022-12-19 15:02:55,14430,14430,14430,2,2
2022-12-19 15:02:57,14430,14430,14430,8,0
2022-12-19 15:03:03,14429,14429,14429,4,-4
2022-12-19 15:03:04,14428,14428,14428,2,-2
2022-12-19 15:03:04,14428,14428,14428,2,0
2022-12-19 15:03:05,14428,14428,14428,2,0
2022-12-19 15:03:08,14427,14427,14427,4,-4
2022-12-19 15:03:08,14427,14427,14427,2,0
2022-12-19 15:03:09,14427,14427,14427,2,0
2022-12-19 15:03:09,14427,14427,14427,4,0
2022-12-19 15:03:19,14427,14427,14427,2,0
2022-12-19 15:03:21,14427,14427,14427,2,0
2022-12-19 15:03:22,14427,14427,14427,4,0
2022-12-19 15:03:22,14427,14427,14427,2,0
2022-12-19 15:03:22,14426,14426,14426,2,-2
2022-12-19 15:03:22,14426,14426,14426,4,0
2022-12-19 15:03:28,14426,14426,14426,2,0
2022-12-19 15:03:31,14425,14425,14425,6,-6
2022-12-19 15:03:31,14425,14425,14425,2,0
2022-12-19 15:03:31,14425,14425,14425,2,0
2022-12-19 15:03:31,14425,14425,14425,4,0
2022-12-19 15:03:32,14424,14424,14424,2,-2
2022-12-19 15:03:32,14424,14424,14424,2,0
2022-12-19 15:03:32,14424,14424,14424,2,0
2022-12-19 15:03:32,14424,14424,14424,2,0
2022-12-19 15:03:34,14425,14425,14425,2,2
2022-12-19 15:03:37,14424,14424,14424,10,-10
2022-12-19 15:03:38,14424,14424,14424,2,0
2022-12-19 15:03:39,14424,14424,14424,2,0
2022-12-19 15:03:41,14423,14423,14423,2,-2
2022-12-19 15:03:42,14423,14423,14423,2,0
2022-12-19 15:03:42,14423,14423,14423,2,0
2022-12-19 15:03:45,14423,14423,14423,2,0
2022-12-19 15:03:45,14423,14423,14423,2,0
2022-12-19 15:03:45,14425,14425,14425,4,4
2022-12-19 15:03:45,14424,14424,14424,2,-2
2022-12-19 15:03:46,14424,14424,14424,2,0
2022-12-19 15:03:46,14424,14424,14424,2,0
2022-12-19 15:03:48,14425,14425,14425,4,4
2022-12-19 15:03:49,14425,14425,14425,2,0
2022-12-19 15:03:49,14425,14425,14425,2,0
2022-12-19 15:03:49,14425,14425,14425,2,0
2022-12-19 15:03:49,14425,14425,14425,2,0
2022-12-19 15:03:51,14425,14425,14425,2,0
2022-12-19 15:03:56,14425,14425,14425,2,0
2022-12-19 15:03:56,14425,14425,14425,2,0
2022-12-19 15:03:57,14425,14425,14425,2,0
2022-12-19 15:04:00,14424,14424,14424,2,-2
2022-12-19 15:04:04,14423,14423,14423,2,-2
2022-12-19 15:04:04,14423,14423,14423,2,0
2022-12-19 15:04:04,14423,14423,14423,2,0
2022-12-19 15:04:04,14423,14423,14423,2,0
2022-12-19 15:04:04,14423,14423,14423,4,0
2022-12-19 15:04:04,14423,14423,14423,2,0
2022-12-19 15:04:08,14423,14423,14423,2,0
2022-12-19 15:04:12,14422,14422,14422,2,-2
2022-12-19 15:04:12,14422,14422,14422,2,0
2022-12-19 15:04:13,14423,14423,14423,2,2
2022-12-19 15:04:15,14423,14423,14423,4,0
2022-12-19 15:04:15,14423,14423,14423,2,0
2022-12-19 15:04:22,14423,14423,14423,2,0
2022-12-19 15:04:23,14422,14422,14422,2,-2
2022-12-19 15:04:27,14423,14423,14423,2,2
2022-12-19 15:04:29,14423,14423,14423,2,0
2022-12-19 15:04:32,14422,14422,14422,2,-2
2022-12-19 15:04:33,14423,14423,14423,8,8
2022-12-19 15:04:39,14423,14423,14423,2,0
2022-12-19 15:04:39,14423,14423,14423,4,0
2022-12-19 15:04:39,14424,14424,14424,2,2
2022-12-19 15:04:39,14423,14423,14423,2,-2
2022-12-19 15:04:41,14423,14423,14423,2,0
2022-12-19 15:04:45,14423,14423,14423,2,0
2022-12-19 15:04:47,14423,14423,14423,2,0
2022-12-19 15:04:49,14423,14423,14423,2,0
2022-12-19 15:04:53,14424,14424,14424,2,2
2022-12-19 15:04:54,14424,14424,14424,2,0
2022-12-19 15:04:57,14424,14424,14424,2,0
2022-12-19 15:05:01,14423,14423,14423,2,-2
2022-12-19 15:05:01,14423,14423,14423,2,0
2022-12-19 15:05:01,14423,14423,14423,2,0
2022-12-19 15:05:01,14422,14422,14422,4,-4
2022-12-19 15:05:01,14422,14422,14422,2,0
2022-12-19 15:05:01,14422,14422,14422,2,0
2022-12-19 15:05:01,14422,14422,14422,14,0
2022-12-19 15:05:01,14422,14422,14422,2,0
2022-12-19 15:05:01,14422,14422,14422,2,0
2022-12-19 15:05:01,14422,14422,14422,4,0
2022-12-19 15:05:01,14422,14422,14422,4,0
2022-12-19 15:05:01,14422,14422,14422,6,0
2022-12-19 15:05:01,14421,14421,14421,6,-6
2022-12-19 15:05:01,14421,14421,14421,2,0
2022-12-19 15:05:01,14422,14422,14422,4,4
2022-12-19 15:05:02,14422,14422,14422,2,0
2022-12-19 15:05:05,14423,14423,14423,2,2
2022-12-19 15:05:09,14424,14424,14424,2,2
2022-12-19 15:05:10,14424,14424,14424,2,0
2022-12-19 15:05:12,14424,14424,14424,2,0
2022-12-19 15:05:16,14424,14424,14424,2,0
2022-12-19 15:05:16,14424,14424,14424,2,0
2022-12-19 15:05:17,14424,14424,14424,4,0
2022-12-19 15:05:17,14424,14424,14424,2,0
2022-12-19 15:05:19,14425,14425,14425,2,2
2022-12-19 15:05:23,14424,14424,14424,2,-2
2022-12-19 15:05:28,14424,14424,14424,2,0
2022-12-19 15:05:31,14424,14424,14424,2,0
2022-12-19 15:05:35,14424,14424,14424,16,0
2022-12-19 15:05:39,14423,14423,14423,2,-2
2022-12-19 15:05:44,14423,14423,14423,2,0
2022-12-19 15:05:51,14423,14423,14423,2,0
2022-12-19 15:05:51,14423,14423,14423,2,0
2022-12-19 15:05:51,14423,14423,14423,2,0
2022-12-19 15:05:51,14423,14423,14423,2,0
2022-12-19 15:06:15,14423,14423,14423,2,0
2022-12-19 15:06:15,14423,14423,14423,2,0
2022-12-19 15:06:15,14423,14423,14423,2,0
2022-12-19 15:06:15,14423,14423,14423,2,0
2022-12-19 15:06:17,14423,14423,14423,2,0
2022-12-19 15:06:17,14422,14422,14422,2,-2
2022-12-19 15:06:17,14422,14422,14422,4,0
2022-12-19 15:06:17,14422,14422,14422,2,0
2022-12-19 15:06:24,14422,14422,14422,2,0
2022-12-19 15:06:27,14422,14422,14422,2,0
2022-12-19 15:06:28,14422,14422,14422,2,0
2022-12-19 15:06:32,14422,14422,14422,2,0
2022-12-19 15:06:35,14422,14422,14422,2,0
2022-12-19 15:06:42,14421,14421,14421,2,-2
2022-12-19 15:06:47,14422,14422,14422,2,2
2022-12-19 15:06:47,14423,14423,14423,6,6
2022-12-19 15:06:47,14423,14423,14423,4,0
2022-12-19 15:06:48,14423,14423,14423,2,0
2022-12-19 15:07:04,14424,14424,14424,10,10
2022-12-19 15:07:11,14424,14424,14424,2,0
2022-12-19 15:07:12,14424,14424,14424,2,0
2022-12-19 15:07:21,14424,14424,14424,2,0
2022-12-19 15:07:38,14424,14424,14424,2,0
2022-12-19 15:07:39,14424,14424,14424,2,0
2022-12-19 15:07:43,14424,14424,14424,2,0
2022-12-19 15:07:44,14425,14425,14425,16,16
2022-12-19 15:07:45,14426,14426,14426,2,2
2022-12-19 15:07:45,14426,14426,14426,10,0
2022-12-19 15:07:47,14427,14427,14427,2,2
2022-12-19 15:07:47,14427,14427,14427,2,0
2022-12-19 15:07:47,14427,14427,14427,2,0
2022-12-19 15:07:47,14427,14427,14427,14,0
2022-12-19 15:07:50,14428,14428,14428,2,2
2022-12-19 15:07:58,14428,14428,14428,4,0
2022-12-19 15:07:59,14427,14427,14427,2,-2
2022-12-19 15:07:59,14427,14427,14427,2,0
2022-12-19 15:08:04,14427,14427,14427,2,0
2022-12-19 15:08:04,14427,14427,14427,2,0
2022-12-19 15:08:04,14427,14427,14427,4,0
2022-12-19 15:08:04,14427,14427,14427,2,0
2022-12-19 15:08:04,14427,14427,14427,2,0
2022-12-19 15:08:04,14427,14427,14427,6,0
2022-12-19 15:08:04,14427,14427,14427,2,0
2022-12-19 15:08:09,14426,14426,14426,6,-6
2022-12-19 15:08:14,14427,14427,14427,2,2
2022-12-19 15:08:19,14427,14427,14427,2,0
2022-12-19 15:08:25,14427,14427,14427,2,0
2022-12-19 15:08:32,14427,14427,14427,2,0
2022-12-19 15:08:32,14427,14427,14427,2,0
2022-12-19 15:08:32,14427,14427,14427,2,0
2022-12-19 15:08:42,14426,14426,14426,2,-2
2022-12-19 15:08:43,14427,14427,14427,4,4
2022-12-19 15:08:54,14426,14426,14426,2,-2
2022-12-19 15:08:54,14426,14426,14426,2,0
2022-12-19 15:08:54,14426,14426,14426,2,0
2022-12-19 15:08:54,14426,14426,14426,2,0
2022-12-19 15:08:54,14426,14426,14426,2,0
2022-12-19 15:09:02,14426,14426,14426,2,0
2022-12-19 15:09:06,14426,14426,14426,2,0
2022-12-19 15:09:31,14426,14426,14426,2,0
2022-12-19 15:09:31,14426,14426,14426,2,0
2022-12-19 15:09:34,14426,14426,14426,6,0
2022-12-19 15:09:48,14426,14426,14426,2,0
2022-12-19 15:09:54,14426,14426,14426,6,0
2022-12-19 15:09:54,14426,14426,14426,4,0
2022-12-19 15:09:54,14426,14426,14426,4,0
2022-12-19 15:09:54,14427,14427,14427,2,2
2022-12-19 15:09:54,14427,14427,14427,8,0
2022-12-19 15:09:57,14428,14428,14428,2,2
2022-12-19 15:09:59,14428,14428,14428,8,0
2022-12-19 15:10:01,14427,14427,14427,2,-2
2022-12-19 15:10:01,14428,14428,14428,2,2
2022-12-19 15:10:02,14429,14429,14429,2,2
2022-12-19 15:10:04,14428,14428,14428,2,-2
2022-12-19 15:10:04,14428,14428,14428,2,0
2022-12-19 15:10:07,14427,14427,14427,2,-2
2022-12-19 15:10:10,14428,14428,14428,6,6
2022-12-19 15:10:15,14427,14427,14427,2,-2
2022-12-19 15:10:16,14428,14428,14428,6,6
2022-12-19 15:10:17,14428,14428,14428,2,0
2022-12-19 15:10:18,14427,14427,14427,4,-4
2022-12-19 15:10:18,14427,14427,14427,2,0
2022-12-19 15:10:23,14427,14427,14427,2,0
2022-12-19 15:10:37,14426,14426,14426,2,-2
2022-12-19 15:10:51,14427,14427,14427,4,4
2022-12-19 15:10:53,14428,14428,14428,2,2
2022-12-19 15:10:53,14428,14428,14428,2,0
2022-12-19 15:10:55,14427,14427,14427,2,-2
2022-12-19 15:10:55,14427,14427,14427,2,0
2022-12-19 15:10:55,14427,14427,14427,2,0
2022-12-19 15:11:01,14427,14427,14427,2,0
2022-12-19 15:11:19,14428,14428,14428,2,2
2022-12-19 15:11:39,14427,14427,14427,2,-2
2022-12-19 15:11:39,14427,14427,14427,2,0
2022-12-19 15:11:39,14427,14427,14427,2,0
2022-12-19 15:11:39,14427,14427,14427,4,0
2022-12-19 15:12:00,14427,14427,14427,4,0
2022-12-19 15:12:20,14426,14426,14426,2,-2
2022-12-19 15:12:22,14425,14425,14425,2,-2
2022-12-19 15:12:28,14424,14424,14424,2,-2
2022-12-19 15:12:28,14424,14424,14424,2,0
2022-12-19 15:12:35,14424,14424,14424,2,0
2022-12-19 15:12:35,14424,14424,14424,6,0
2022-12-19 15:12:35,14424,14424,14424,2,0
2022-12-19 15:12:43,14424,14424,14424,4,0
2022-12-19 15:12:43,14423,14423,14423,2,-2
2022-12-19 15:12:46,14424,14424,14424,2,2
2022-12-19 15:12:46,14424,14424,14424,2,0
2022-12-19 15:12:53,14424,14424,14424,2,0
2022-12-19 15:12:53,14424,14424,14424,2,0
2022-12-19 15:12:59,14425,14425,14425,2,2
2022-12-19 15:13:01,14424,14424,14424,2,-2
2022-12-19 15:13:02,14424,14424,14424,2,0
2022-12-19 15:13:03,14424,14424,14424,2,0
2022-12-19 15:13:03,14424,14424,14424,2,0
2022-12-19 15:13:14,14424,14424,14424,4,0
2022-12-19 15:13:16,14425,14425,14425,2,2
2022-12-19 15:13:27,14425,14425,14425,2,0
2022-12-19 15:13:40,14425,14425,14425,2,0
2022-12-19 15:13:40,14424,14424,14424,4,-4
2022-12-19 15:13:40,14423,14423,14423,2,-2
2022-12-19 15:13:40,14423,14423,14423,2,0
2022-12-19 15:13:40,14423,14423,14423,4,0
2022-12-19 15:13:40,14423,14423,14423,2,0
2022-12-19 15:13:40,14423,14423,14423,2,0
2022-12-19 15:13:40,14423,14423,14423,2,0
2022-12-19 15:13:40,14422,14422,14422,2,-2
2022-12-19 15:13:40,14422,14422,14422,2,0
2022-12-19 15:14:12,14423,14423,14423,2,2
2022-12-19 15:14:12,14423,14423,14423,2,0
2022-12-19 15:14:12,14423,14423,14423,2,0
2022-12-19 15:14:12,14423,14423,14423,2,0
2022-12-19 15:14:12,14423,14423,14423,2,0
2022-12-19 15:14:12,14423,14423,14423,2,0
2022-12-19 15:14:12,14423,14423,14423,2,0
2022-12-19 15:14:12,14423,14423,14423,2,0
2022-12-19 15:14:12,14423,14423,14423,2,0
2022-12-19 15:14:12,14422,14422,14422,2,-2
2022-12-19 15:14:12,14422,14422,14422,2,0
2022-12-19 15:14:12,14422,14422,14422,6,0
2022-12-19 15:14:12,14422,14422,14422,6,0
2022-12-19 15:14:12,14422,14422,14422,2,0
2022-12-19 15:14:12,14422,14422,14422,2,0
2022-12-19 15:14:12,14422,14422,14422,2,0
2022-12-19 15:14:12,14422,14422,14422,2,0
2022-12-19 15:14:12,14422,14422,14422,4,0
2022-12-19 15:14:12,14422,14422,14422,2,0
2022-12-19 15:14:12,14422,14422,14422,2,0
2022-12-19 15:14:12,14422,14422,14422,2,0
2022-12-19 15:14:12,14422,14422,14422,2,0
2022-12-19 15:14:12,14422,14422,14422,4,0
2022-12-19 15:14:12,14422,14422,14422,2,0
2022-12-19 15:14:12,14422,14422,14422,2,0
2022-12-19 15:14:12,14422,14422,14422,2,0
2022-12-19 15:14:12,14422,14422,14422,2,0
2022-12-19 15:14:12,14422,14422,14422,2,0
2022-12-19 15:14:12,14422,14422,14422,4,0
2022-12-19 15:14:12,14422,14422,14422,4,0
2022-12-19 15:14:12,14422,14422,14422,10,0
2022-12-19 15:14:12,14422,14422,14422,2,0
2022-12-19 15:14:12,14422,14422,14422,2,0
2022-12-19 15:14:16,14422,14422,14422,6,0
2022-12-19 15:14:16,14421,14421,14421,2,-2
2022-12-19 15:14:21,14422,14422,14422,4,4
2022-12-19 15:14:23,14421,14421,14421,2,-2
2022-12-19 15:14:27,14423,14423,14423,2,2
2022-12-19 15:14:30,14422,14422,14422,2,-2
2022-12-19 15:14:30,14422,14422,14422,4,0
2022-12-19 15:14:46,14423,14423,14423,2,2
2022-12-19 15:14:48,14423,14423,14423,2,0
2022-12-19 15:14:48,14423,14423,14423,2,0
2022-12-19 15:14:54,14422,14422,14422,2,-2
2022-12-19 15:14:55,14423,14423,14423,2,2
2022-12-19 15:14:58,14423,14423,14423,2,0
2022-12-19 15:15:10,14423,14423,14423,2,0
2022-12-19 15:15:11,14423,14423,14423,2,0
2022-12-19 15:15:11,14423,14423,14423,2,0
2022-12-19 15:15:12,14422,14422,14422,2,-2
2022-12-19 15:15:13,14422,14422,14422,2,0
2022-12-19 15:15:13,14422,14422,14422,2,0
2022-12-19 15:15:13,14422,14422,14422,2,0
2022-12-19 15:15:13,14422,14422,14422,2,0
2022-12-19 15:15:13,14422,14422,14422,2,0
2022-12-19 15:15:18,14421,14421,14421,4,-4
2022-12-19 15:15:18,14421,14421,14421,2,0
2022-12-19 15:15:18,14422,14422,14422,2,2
2022-12-19 15:15:19,14421,14421,14421,2,-2
2022-12-19 15:15:19,14421,14421,14421,2,0
2022-12-19 15:15:21,14421,14421,14421,4,0
2022-12-19 15:15:21,14421,14421,14421,4,0
2022-12-19 15:15:23,14421,14421,14421,2,0
2022-12-19 15:15:23,14422,14422,14422,2,2
2022-12-19 15:15:26,14421,14421,14421,8,-8
2022-12-19 15:15:26,14421,14421,14421,4,0
2022-12-19 15:15:32,14421,14421,14421,2,0
2022-12-19 15:15:36,14420,14420,14420,2,-2
2022-12-19 15:15:40,14420,14420,14420,2,0
2022-12-19 15:15:43,14420,14420,14420,4,0
2022-12-19 15:15:43,14420,14420,14420,2,0
2022-12-19 15:15:43,14420,14420,14420,2,0
2022-12-19 15:15:46,14421,14421,14421,2,2
2022-12-19 15:15:47,14421,14421,14421,2,0
2022-12-19 15:15:49,14421,14421,14421,2,0
2022-12-19 15:15:52,14420,14420,14420,2,-2
2022-12-19 15:15:52,14420,14420,14420,2,0
2022-12-19 15:15:52,14420,14420,14420,2,0
2022-12-19 15:15:52,14420,14420,14420,2,0
2022-12-19 15:15:56,14421,14421,14421,2,2
2022-12-19 15:16:02,14420,14420,14420,2,-2
2022-12-19 15:16:08,14420,14420,14420,2,0
2022-12-19 15:16:09,14420,14420,14420,2,0
2022-12-19 15:16:09,14420,14420,14420,2,0
2022-12-19 15:16:09,14420,14420,14420,4,0
2022-12-19 15:16:09,14420,14420,14420,2,0
2022-12-19 15:16:21,14420,14420,14420,2,0
2022-12-19 15:16:32,14419,14419,14419,2,-2
2022-12-19 15:16:32,14419,14419,14419,2,0
2022-12-19 15:16:32,14419,14419,14419,2,0
2022-12-19 15:16:32,14419,14419,14419,2,0
2022-12-19 15:16:32,14419,14419,14419,2,0
2022-12-19 15:16:32,14419,14419,14419,2,0
2022-12-19 15:16:32,14419,14419,14419,4,0
2022-12-19 15:16:42,14419,14419,14419,4,0
2022-12-19 15:16:42,14419,14419,14419,2,0
2022-12-19 15:16:44,14418,14418,14418,2,-2
2022-12-19 15:16:44,14418,14418,14418,2,0
2022-12-19 15:16:45,14418,14418,14418,2,0
2022-12-19 15:16:51,14418,14418,14418,2,0
2022-12-19 15:16:58,14419,14419,14419,4,4
2022-12-19 15:16:59,14419,14419,14419,2,0
2022-12-19 15:17:00,14419,14419,14419,2,0
2022-12-19 15:17:03,14419,14419,14419,4,0
2022-12-19 15:17:03,14419,14419,14419,2,0
2022-12-19 15:17:09,14419,14419,14419,2,0
2022-12-19 15:17:09,14419,14419,14419,8,0
2022-12-19 15:17:09,14420,14420,14420,2,2
2022-12-19 15:17:12,14419,14419,14419,2,-2
2022-12-19 15:17:18,14420,14420,14420,2,2
2022-12-19 15:17:19,14419,14419,14419,4,-4
2022-12-19 15:17:19,14419,14419,14419,2,0
2022-12-19 15:17:19,14420,14420,14420,2,2
2022-12-19 15:17:21,14420,14420,14420,22,0
2022-12-19 15:17:32,14420,14420,14420,2,0
2022-12-19 15:17:32,14419,14419,14419,2,-2
2022-12-19 15:17:32,14419,14419,14419,2,0
2022-12-19 15:17:32,14419,14419,14419,2,0
2022-12-19 15:17:49,14420,14420,14420,2,2
2022-12-19 15:17:57,14421,14421,14421,2,2
2022-12-19 15:17:58,14421,14421,14421,2,0
2022-12-19 15:18:02,14421,14421,14421,4,0
2022-12-19 15:18:04,14421,14421,14421,2,0
2022-12-19 15:18:22,14421,14421,14421,2,0
2022-12-19 15:18:22,14421,14421,14421,2,0
2022-12-19 15:18:28,14422,14422,14422,6,6
2022-12-19 15:18:28,14421,14421,14421,2,-2
2022-12-19 15:18:37,14422,14422,14422,4,4
2022-12-19 15:19:02,14422,14422,14422,2,0
2022-12-19 15:19:06,14422,14422,14422,2,0
2022-12-19 15:19:06,14422,14422,14422,2,0
2022-12-19 15:19:06,14422,14422,14422,2,0
2022-12-19 15:19:14,14422,14422,14422,2,0
2022-12-19 15:19:36,14422,14422,14422,2,0
2022-12-19 15:19:36,14422,14422,14422,2,0
2022-12-19 15:19:36,14421,14421,14421,6,-6
2022-12-19 15:19:39,14421,14421,14421,4,0
2022-12-19 15:19:39,14421,14421,14421,2,0
2022-12-19 15:19:39,14421,14421,14421,2,0
2022-12-19 15:19:39,14421,14421,14421,2,0
2022-12-19 15:19:39,14421,14421,14421,2,0
2022-12-19 15:19:39,14421,14421,14421,2,0
2022-12-19 15:19:43,14421,14421,14421,2,0
2022-12-19 15:19:43,14421,14421,14421,4,0
2022-12-19 15:19:43,14422,14422,14422,6,6
2022-12-19 15:19:46,14421,14421,14421,2,-2
2022-12-19 15:19:47,14421,14421,14421,2,0
2022-12-19 15:19:47,14421,14421,14421,2,0
2022-12-19 15:20:23,14421,14421,14421,2,0
2022-12-19 15:20:24,14422,14422,14422,4,4
2022-12-19 15:20:35,14422,14422,14422,2,0
2022-12-19 15:20:44,14422,14422,14422,6,0
2022-12-19 15:20:53,14423,14423,14423,2,2
2022-12-19 15:21:04,14423,14423,14423,4,0
2022-12-19 15:21:17,14423,14423,14423,4,0
2022-12-19 15:21:19,14422,14422,14422,2,-2
2022-12-19 15:21:41,14423,14423,14423,2,2
2022-12-19 15:21:46,14422,14422,14422,2,-2
2022-12-19 15:21:46,14422,14422,14422,2,0
2022-12-19 15:21:46,14422,14422,14422,2,0
2022-12-19 15:22:06,14423,14423,14423,12,12
2022-12-19 15:22:06,14423,14423,14423,8,0
2022-12-19 15:22:06,14423,14423,14423,2,0
2022-12-19 15:22:11,14424,14424,14424,2,2
2022-12-19 15:22:11,14423,14423,14423,2,-2
2022-12-19 15:22:13,14424,14424,14424,4,4
2022-12-19 15:22:13,14424,14424,14424,4,0
2022-12-19 15:22:13,14424,14424,14424,4,0
2022-12-19 15:22:13,14424,14424,14424,4,0
2022-12-19 15:22:13,14425,14425,14425,4,4
2022-12-19 15:22:13,14425,14425,14425,4,0
2022-12-19 15:22:13,14425,14425,14425,2,0
2022-12-19 15:22:13,14425,14425,14425,2,0
2022-12-19 15:22:13,14425,14425,14425,2,0
2022-12-19 15:22:13,14425,14425,14425,2,0
2022-12-19 15:22:13,14425,14425,14425,2,0
2022-12-19 15:22:13,14425,14425,14425,2,0
2022-12-19 15:22:13,14425,14425,14425,2,0
2022-12-19 15:22:13,14425,14425,14425,2,0
2022-12-19 15:22:13,14425,14425,14425,2,0
2022-12-19 15:22:13,14425,14425,14425,2,0
2022-12-19 15:22:13,14425,14425,14425,2,0
2022-12-19 15:22:13,14425,14425,14425,2,0
2022-12-19 15:22:14,14424,14424,14424,2,-2
2022-12-19 15:22:20,14423,14423,14423,2,-2
2022-12-19 15:22:20,14422,14422,14422,2,-2
2022-12-19 15:22:21,14421,14421,14421,2,-2
2022-12-19 15:22:21,14421,14421,14421,2,0
2022-12-19 15:22:22,14421,14421,14421,2,0
2022-12-19 15:22:23,14420,14420,14420,2,-2
2022-12-19 15:22:23,14420,14420,14420,2,0
2022-12-19 15:22:23,14420,14420,14420,2,0
2022-12-19 15:22:35,14421,14421,14421,2,2
2022-12-19 15:22:35,14422,14422,14422,2,2
2022-12-19 15:22:38,14422,14422,14422,2,0
2022-12-19 15:22:40,14423,14423,14423,2,2
2022-12-19 15:22:50,14423,14423,14423,2,0
2022-12-19 15:22:53,14423,14423,14423,2,0
2022-12-19 15:22:56,14423,14423,14423,2,0
2022-12-19 15:23:12,14424,14424,14424,2,2
2022-12-19 15:23:12,14425,14425,14425,2,2
2022-12-19 15:23:12,14423,14423,14423,2,-2
2022-12-19 15:23:19,14424,14424,14424,2,2
2022-12-19 15:23:24,14425,14425,14425,66,66
2022-12-19 15:23:35,14426,14426,14426,4,4
2022-12-19 15:23:36,14426,14426,14426,8,0
2022-12-19 15:23:36,14427,14427,14427,4,4
2022-12-19 15:23:40,14426,14426,14426,2,-2
2022-12-19 15:23:42,14427,14427,14427,2,2
2022-12-19 15:23:42,14426,14426,14426,2,-2
2022-12-19 15:23:42,14426,14426,14426,2,0
2022-12-19 15:23:44,14426,14426,14426,2,0
2022-12-19 15:23:44,14426,14426,14426,2,0
2022-12-19 15:23:44,14426,14426,14426,2,0
2022-12-19 15:23:46,14426,14426,14426,2,0
2022-12-19 15:23:47,14426,14426,14426,2,0
2022-12-19 15:23:53,14425,14425,14425,4,-4
2022-12-19 15:23:53,14425,14425,14425,2,0
2022-12-19 15:23:53,14425,14425,14425,2,0
2022-12-19 15:23:53,14425,14425,14425,2,0
2022-12-19 15:23:54,14425,14425,14425,2,0
2022-12-19 15:24:00,14424,14424,14424,2,-2
2022-12-19 15:24:02,14424,14424,14424,2,0
2022-12-19 15:24:02,14424,14424,14424,2,0
2022-12-19 15:24:02,14425,14425,14425,30,30
2022-12-19 15:24:02,14425,14425,14425,10,0
2022-12-19 15:24:12,14425,14425,14425,2,0
2022-12-19 15:24:12,14425,14425,14425,38,0
2022-12-19 15:24:23,14425,14425,14425,2,0
2022-12-19 15:24:29,14423,14423,14423,2,-2
2022-12-19 15:24:43,14423,14423,14423,2,0
2022-12-19 15:25:10,14424,14424,14424,2,2
2022-12-19 15:25:22,14423,14423,14423,2,-2
2022-12-19 15:25:22,14423,14423,14423,14,0
2022-12-19 15:25:22,14423,14423,14423,2,0
2022-12-19 15:25:22,14423,14423,14423,2,0
2022-12-19 15:25:22,14423,14423,14423,2,0
2022-12-19 15:25:22,14423,14423,14423,2,0
2022-12-19 15:25:22,14423,14423,14423,2,0
2022-12-19 15:25:25,14422,14422,14422,2,-2
2022-12-19 15:25:25,14422,14422,14422,2,0
2022-12-19 15:25:25,14422,14422,14422,2,0
2022-12-19 15:25:32,14422,14422,14422,2,0
2022-12-19 15:25:38,14422,14422,14422,2,0
2022-12-19 15:25:39,14422,14422,14422,2,0
2022-12-19 15:25:43,14421,14421,14421,2,-2
2022-12-19 15:25:47,14421,14421,14421,2,0
2022-12-19 15:26:02,14421,14421,14421,2,0
2022-12-19 15:26:02,14421,14421,14421,2,0
2022-12-19 15:26:03,14420,14420,14420,2,-2
2022-12-19 15:26:09,14421,14421,14421,2,2
2022-12-19 15:26:21,14420,14420,14420,2,-2
2022-12-19 15:26:21,14420,14420,14420,2,0
2022-12-19 15:26:26,14421,14421,14421,2,2
2022-12-19 15:26:50,14420,14420,14420,2,-2
2022-12-19 15:26:50,14420,14420,14420,2,0
2022-12-19 15:27:00,14420,14420,14420,2,0
2022-12-19 15:27:02,14421,14421,14421,2,2
2022-12-19 15:27:02,14421,14421,14421,10,0
2022-12-19 15:27:03,14421,14421,14421,2,0
2022-12-19 15:27:03,14421,14421,14421,2,0
2022-12-19 15:27:03,14421,14421,14421,4,0
2022-12-19 15:27:03,14421,14421,14421,2,0
2022-12-19 15:27:14,14422,14422,14422,2,2
2022-12-19 15:27:46,14421,14421,14421,2,-2
2022-12-19 15:27:46,14421,14421,14421,2,0
2022-12-19 15:27:46,14421,14421,14421,2,0
2022-12-19 15:27:46,14421,14421,14421,2,0
2022-12-19 15:27:49,14421,14421,14421,2,0
2022-12-19 15:28:21,14422,14422,14422,2,2
2022-12-19 15:28:21,14422,14422,14422,2,0
2022-12-19 15:28:21,14422,14422,14422,2,0
2022-12-19 15:28:42,14421,14421,14421,2,-2
2022-12-19 15:28:42,14421,14421,14421,2,0
2022-12-19 15:28:56,14421,14421,14421,2,0
2022-12-19 15:29:01,14421,14421,14421,2,0
2022-12-19 15:29:01,14421,14421,14421,4,0
2022-12-19 15:29:01,14421,14421,14421,12,0
2022-12-19 15:29:01,14422,14422,14422,18,18
2022-12-19 15:29:04,14423,14423,14423,8,8
2022-12-19 15:29:04,14424,14424,14424,2,2
2022-12-19 15:29:08,14424,14424,14424,4,0
2022-12-19 15:29:17,14424,14424,14424,4,0
2022-12-19 15:29:45,14424,14424,14424,2,0
2022-12-19 15:29:52,14424,14424,14424,2,0
2022-12-19 15:29:57,14423,14423,14423,2,-2
2022-12-19 15:30:01,14423,14423,14423,2,0
2022-12-19 15:30:02,14424,14424,14424,4,4
2022-12-19 15:30:02,14424,14424,14424,4,0
2022-12-19 15:30:02,14424,14424,14424,2,0
2022-12-19 15:30:02,14425,14425,14425,2,2
2022-12-19 15:30:04,14424,14424,14424,4,-4
2022-12-19 15:30:10,14424,14424,14424,2,0
2022-12-19 15:30:11,14424,14424,14424,2,0
2022-12-19 15:30:25,14423,14423,14423,2,-2
2022-12-19 15:30:25,14423,14423,14423,2,0
2022-12-19 15:30:25,14423,14423,14423,2,0
2022-12-19 15:30:25,14423,14423,14423,2,0
2022-12-19 15:30:25,14423,14423,14423,2,0
2022-12-19 15:30:25,14423,14423,14423,2,0
2022-12-19 15:30:25,14423,14423,14423,2,0
2022-12-19 15:30:25,14424,14424,14424,2,2
2022-12-19 15:30:28,14423,14423,14423,2,-2
2022-12-19 15:30:42,14422,14422,14422,2,-2
2022-12-19 15:30:46,14424,14424,14424,6,6
2022-12-19 15:30:48,14424,14424,14424,10,0
2022-12-19 15:30:48,14423,14423,14423,2,-2
2022-12-19 15:30:48,14423,14423,14423,2,0
2022-12-19 15:30:48,14423,14423,14423,2,0
2022-12-19 15:30:48,14423,14423,14423,4,0
2022-12-19 15:30:50,14424,14424,14424,4,4
2022-12-19 15:30:50,14424,14424,14424,2,0
2022-12-19 15:30:58,14423,14423,14423,4,-4
2022-12-19 15:31:00,14422,14422,14422,2,-2
2022-12-19 15:31:00,14423,14423,14423,2,2
2022-12-19 15:31:00,14423,14423,14423,2,0
2022-12-19 15:31:00,14423,14423,14423,2,0
2022-12-19 15:31:02,14422,14422,14422,2,-2
2022-12-19 15:31:06,14423,14423,14423,2,2
2022-12-19 15:31:11,14423,14423,14423,2,0
2022-12-19 15:31:13,14423,14423,14423,2,0
2022-12-19 15:31:18,14424,14424,14424,2,2
2022-12-19 15:31:27,14423,14423,14423,2,-2
2022-12-19 15:31:29,14423,14423,14423,2,0
2022-12-19 15:31:30,14423,14423,14423,10,0
2022-12-19 15:31:30,14424,14424,14424,10,10
2022-12-19 15:31:35,14423,14423,14423,2,-2
2022-12-19 15:31:41,14424,14424,14424,2,2
2022-12-19 15:31:46,14424,14424,14424,2,0
2022-12-19 15:31:52,14424,14424,14424,2,0
2022-12-19 15:31:52,14424,14424,14424,6,0
2022-12-19 15:31:55,14424,14424,14424,2,0
2022-12-19 15:31:57,14423,14423,14423,2,-2
2022-12-19 15:32:00,14424,14424,14424,2,2
2022-12-19 15:32:06,14425,14425,14425,2,2
2022-12-19 15:32:18,14425,14425,14425,2,0
2022-12-19 15:32:24,14425,14425,14425,2,0
2022-12-19 15:32:30,14424,14424,14424,2,-2
2022-12-19 15:32:37,14424,14424,14424,2,0
2022-12-19 15:32:46,14424,14424,14424,2,0
2022-12-19 15:32:51,14425,14425,14425,2,2
2022-12-19 15:32:57,14425,14425,14425,2,0
2022-12-19 15:33:03,14425,14425,14425,2,0
2022-12-19 15:33:07,14423,14423,14423,2,-2
2022-12-19 15:33:14,14425,14425,14425,2,2
2022-12-19 15:33:14,14425,14425,14425,2,0
2022-12-19 15:33:16,14425,14425,14425,40,0
2022-12-19 15:33:24,14426,14426,14426,2,2
2022-12-19 15:33:24,14426,14426,14426,2,0
2022-12-19 15:33:25,14424,14424,14424,2,-2
2022-12-19 15:33:25,14424,14424,14424,2,0
2022-12-19 15:33:25,14424,14424,14424,6,0
2022-12-19 15:33:25,14424,14424,14424,4,0
2022-12-19 15:33:25,14424,14424,14424,2,0
2022-12-19 15:33:25,14424,14424,14424,2,0
2022-12-19 15:33:25,14424,14424,14424,2,0
2022-12-19 15:33:25,14424,14424,14424,2,0
2022-12-19 15:33:31,14426,14426,14426,2,2
2022-12-19 15:33:34,14426,14426,14426,4,0
2022-12-19 15:33:34,14425,14425,14425,2,-2
2022-12-19 15:33:37,14426,14426,14426,4,4
2022-12-19 15:33:37,14426,14426,14426,2,0
2022-12-19 15:33:44,14426,14426,14426,2,0
2022-12-19 15:34:01,14425,14425,14425,2,-2
2022-12-19 15:34:03,14425,14425,14425,2,0
2022-12-19 15:34:03,14425,14425,14425,2,0
2022-12-19 15:34:03,14424,14424,14424,2,-2
2022-12-19 15:34:03,14424,14424,14424,2,0
2022-12-19 15:34:03,14424,14424,14424,2,0
2022-12-19 15:34:03,14426,14426,14426,2,2
2022-12-19 15:34:08,14426,14426,14426,2,0
2022-12-19 15:34:15,14426,14426,14426,2,0
2022-12-19 15:34:20,14426,14426,14426,2,0
2022-12-19 15:34:24,14425,14425,14425,2,-2
2022-12-19 15:34:24,14425,14425,14425,2,0
2022-12-19 15:34:29,14425,14425,14425,2,0
2022-12-19 15:34:31,14423,14423,14423,2,-2
2022-12-19 15:34:40,14424,14424,14424,2,2
2022-12-19 15:34:41,14425,14425,14425,2,2
2022-12-19 15:34:42,14425,14425,14425,2,0
2022-12-19 15:34:44,14425,14425,14425,2,0
2022-12-19 15:34:44,14424,14424,14424,2,-2
2022-12-19 15:34:44,14424,14424,14424,2,0
2022-12-19 15:34:44,14424,14424,14424,2,0
2022-12-19 15:34:44,14424,14424,14424,2,0
2022-12-19 15:34:46,14424,14424,14424,2,0
2022-12-19 15:34:46,14424,14424,14424,2,0
2022-12-19 15:34:46,14424,14424,14424,2,0
2022-12-19 15:34:46,14424,14424,14424,2,0
2022-12-19 15:34:46,14424,14424,14424,2,0
2022-12-19 15:34:47,14425,14425,14425,2,2
2022-12-19 15:34:47,14425,14425,14425,2,0
2022-12-19 15:34:49,14423,14423,14423,2,-2
2022-12-19 15:34:59,14423,14423,14423,2,0
2022-12-19 15:35:00,14425,14425,14425,2,2
2022-12-19 15:35:00,14425,14425,14425,2,0
2022-12-19 15:35:04,14425,14425,14425,2,0
2022-12-19 15:35:08,14426,14426,14426,6,6
2022-12-19 15:35:14,14425,14425,14425,2,-2
2022-12-19 15:35:14,14425,14425,14425,2,0
2022-12-19 15:35:39,14424,14424,14424,2,-2
2022-12-19 15:35:39,14424,14424,14424,4,0
2022-12-19 15:35:42,14424,14424,14424,2,0
2022-12-19 15:35:42,14424,14424,14424,2,0
2022-12-19 15:35:42,14424,14424,14424,2,0
2022-12-19 15:35:43,14423,14423,14423,4,-4
2022-12-19 15:35:43,14423,14423,14423,2,0
2022-12-19 15:35:51,14422,14422,14422,2,-2
2022-12-19 15:35:51,14422,14422,14422,2,0
2022-12-19 15:35:51,14422,14422,14422,2,0
2022-12-19 15:35:51,14422,14422,14422,2,0
2022-12-19 15:35:51,14422,14422,14422,2,0
2022-12-19 15:35:51,14422,14422,14422,2,0
2022-12-19 15:35:51,14422,14422,14422,2,0
2022-12-19 15:35:58,14421,14421,14421,2,-2
2022-12-19 15:35:59,14421,14421,14421,2,0
2022-12-19 15:35:59,14421,14421,14421,2,0
2022-12-19 15:35:59,14421,14421,14421,2,0
2022-12-19 15:35:59,14421,14421,14421,4,0
2022-12-19 15:36:03,14423,14423,14423,2,2
2022-12-19 15:36:50,14422,14422,14422,2,-2
2022-12-19 15:36:50,14422,14422,14422,2,0
2022-12-19 15:36:56,14422,14422,14422,2,0
2022-12-19 15:37:11,14422,14422,14422,2,0
2022-12-19 15:37:12,14421,14421,14421,2,-2
2022-12-19 15:37:35,14422,14422,14422,2,2
2022-12-19 15:37:35,14423,14423,14423,2,2
2022-12-19 15:37:36,14422,14422,14422,2,-2
2022-12-19 15:38:11,14422,14422,14422,2,0
2022-12-19 15:38:11,14422,14422,14422,2,0
2022-12-19 15:38:11,14422,14422,14422,2,0
2022-12-19 15:38:11,14422,14422,14422,2,0
2022-12-19 15:38:21,14421,14421,14421,2,-2
2022-12-19 15:38:21,14421,14421,14421,2,0
2022-12-19 15:38:21,14421,14421,14421,2,0
2022-12-19 15:38:21,14421,14421,14421,4,0
2022-12-19 15:38:23,14421,14421,14421,2,0
2022-12-19 15:38:23,14421,14421,14421,2,0
2022-12-19 15:38:23,14421,14421,14421,2,0
2022-12-19 15:38:23,14421,14421,14421,2,0
2022-12-19 15:38:23,14421,14421,14421,2,0
2022-12-19 15:38:25,14422,14422,14422,10,10
2022-12-19 15:39:03,14423,14423,14423,10,10
2022-12-19 15:39:20,14423,14423,14423,2,0
2022-12-19 15:39:20,14423,14423,14423,2,0
2022-12-19 15:39:21,14423,14423,14423,2,0
2022-12-19 15:39:21,14423,14423,14423,2,0
2022-12-19 15:39:27,14423,14423,14423,2,0
2022-12-19 15:39:46,14423,14423,14423,2,0
2022-12-19 15:39:55,14424,14424,14424,2,2
2022-12-19 15:40:13,14424,14424,14424,10,0
2022-12-19 15:40:26,14424,14424,14424,8,0
2022-12-19 15:40:56,14424,14424,14424,4,0
2022-12-19 15:41:03,14425,14425,14425,4,4
2022-12-19 15:41:04,14424,14424,14424,2,-2
2022-12-19 15:41:37,14425,14425,14425,2,2
2022-12-19 15:41:42,14426,14426,14426,2,2
2022-12-19 15:41:43,14426,14426,14426,2,0
2022-12-19 15:41:53,14426,14426,14426,2,0
2022-12-19 15:42:06,14426,14426,14426,4,0
2022-12-19 15:42:09,14426,14426,14426,2,0
2022-12-19 15:42:23,14426,14426,14426,10,0
2022-12-19 15:42:42,14425,14425,14425,2,-2
2022-12-19 15:42:42,14425,14425,14425,2,0
2022-12-19 15:42:42,14425,14425,14425,2,0
2022-12-19 15:42:42,14425,14425,14425,4,0
2022-12-19 15:42:42,14425,14425,14425,2,0
2022-12-19 15:42:42,14425,14425,14425,2,0
2022-12-19 15:42:42,14425,14425,14425,4,0
2022-12-19 15:42:42,14425,14425,14425,2,0
2022-12-19 15:42:42,14425,14425,14425,4,0
2022-12-19 15:42:50,14425,14425,14425,2,0
2022-12-19 15:43:18,14424,14424,14424,2,-2
2022-12-19 15:43:26,14424,14424,14424,2,0
2022-12-19 15:43:46,14424,14424,14424,2,0
2022-12-19 15:44:19,14424,14424,14424,2,0
2022-12-19 15:44:38,14425,14425,14425,2,2
2022-12-19 15:44:38,14425,14425,14425,2,0
2022-12-19 15:44:38,14425,14425,14425,2,0
2022-12-19 15:45:03,14425,14425,14425,2,0
2022-12-19 15:45:03,14425,14425,14425,2,0
2022-12-19 15:45:03,14425,14425,14425,2,0
2022-12-19 15:45:16,14426,14426,14426,2,2
2022-12-19 15:45:16,14426,14426,14426,2,0
2022-12-19 15:45:16,14426,14426,14426,2,0
2022-12-19 15:45:21,14425,14425,14425,2,-2
2022-12-19 15:45:22,14425,14425,14425,2,0
2022-12-19 15:45:25,14425,14425,14425,4,0
2022-12-19 15:45:27,14426,14426,14426,2,2
2022-12-19 15:45:28,14426,14426,14426,2,0
2022-12-19 15:45:34,14426,14426,14426,2,0
2022-12-19 15:45:39,14426,14426,14426,2,0
2022-12-19 15:45:40,14426,14426,14426,2,0
2022-12-19 15:45:46,14426,14426,14426,2,0
2022-12-19 15:45:51,14426,14426,14426,2,0
2022-12-19 15:45:52,14426,14426,14426,2,0
2022-12-19 15:45:58,14425,14425,14425,2,-2
2022-12-19 15:46:03,14425,14425,14425,2,0
2022-12-19 15:46:09,14425,14425,14425,2,0
2022-12-19 15:46:09,14425,14425,14425,2,0
2022-12-19 15:46:10,14425,14425,14425,2,0
2022-12-19 15:46:16,14425,14425,14425,2,0
2022-12-19 15:46:21,14425,14425,14425,2,0
2022-12-19 15:46:22,14425,14425,14425,2,0
2022-12-19 15:46:26,14424,14424,14424,2,-2
2022-12-19 15:46:28,14425,14425,14425,2,2
2022-12-19 15:46:39,14426,14426,14426,2,2
2022-12-19 15:46:51,14426,14426,14426,2,0
2022-12-19 15:47:03,14426,14426,14426,2,0
2022-12-19 15:47:04,14426,14426,14426,2,0
2022-12-19 15:47:04,14426,14426,14426,2,0
2022-12-19 15:47:15,14425,14425,14425,2,-2
2022-12-19 15:47:23,14424,14424,14424,2,-2
2022-12-19 15:47:23,14424,14424,14424,2,0
2022-12-19 15:47:23,14424,14424,14424,4,0
2022-12-19 15:47:23,14424,14424,14424,2,0
2022-12-19 15:47:25,14424,14424,14424,2,0
2022-12-19 15:47:42,14424,14424,14424,2,0
2022-12-19 15:47:48,14423,14423,14423,2,-2
2022-12-19 15:47:50,14423,14423,14423,4,0
2022-12-19 15:47:50,14423,14423,14423,4,0
2022-12-19 15:47:50,14423,14423,14423,2,0
2022-12-19 15:47:50,14423,14423,14423,2,0
2022-12-19 15:47:50,14423,14423,14423,2,0
2022-12-19 15:47:52,14423,14423,14423,2,0
2022-12-19 15:47:52,14424,14424,14424,4,4
2022-12-19 15:48:15,14422,14422,14422,10,-10
2022-12-19 15:48:15,14422,14422,14422,2,0
2022-12-19 15:48:15,14422,14422,14422,2,0
2022-12-19 15:48:15,14422,14422,14422,2,0
2022-12-19 15:48:15,14422,14422,14422,2,0
2022-12-19 15:48:15,14421,14421,14421,2,-2
2022-12-19 15:48:18,14422,14422,14422,2,2
2022-12-19 15:48:20,14422,14422,14422,2,0
2022-12-19 15:48:24,14421,14421,14421,10,-10
2022-12-19 15:48:24,14421,14421,14421,2,0
2022-12-19 15:48:24,14421,14421,14421,2,0
2022-12-19 15:48:24,14421,14421,14421,10,0
2022-12-19 15:48:24,14421,14421,14421,2,0
2022-12-19 15:48:24,14421,14421,14421,2,0
2022-12-19 15:48:28,14421,14421,14421,2,0
2022-12-19 15:48:31,14420,14420,14420,4,-4
2022-12-19 15:48:33,14420,14420,14420,2,0
2022-12-19 15:48:33,14420,14420,14420,4,0
2022-12-19 15:48:33,14420,14420,14420,2,0
2022-12-19 15:48:34,14420,14420,14420,2,0
2022-12-19 15:48:35,14420,14420,14420,4,0
2022-12-19 15:48:40,14420,14420,14420,2,0
2022-12-19 15:48:42,14421,14421,14421,2,2
2022-12-19 15:48:53,14421,14421,14421,2,0
2022-12-19 15:49:01,14421,14421,14421,6,0
2022-12-19 15:49:01,14421,14421,14421,6,0
2022-12-19 15:49:01,14421,14421,14421,2,0
2022-12-19 15:49:09,14421,14421,14421,2,0
2022-12-19 15:49:09,14421,14421,14421,2,0
2022-12-19 15:49:09,14421,14421,14421,2,0
2022-12-19 15:49:09,14421,14421,14421,2,0
2022-12-19 15:49:09,14421,14421,14421,2,0
2022-12-19 15:49:10,14421,14421,14421,6,0
2022-12-19 15:49:17,14421,14421,14421,2,0
2022-12-19 15:49:25,14421,14421,14421,2,0
2022-12-19 15:49:29,14420,14420,14420,2,-2
2022-12-19 15:49:29,14420,14420,14420,4,0
2022-12-19 15:49:29,14420,14420,14420,2,0
2022-12-19 15:49:34,14421,14421,14421,4,4
2022-12-19 15:49:34,14422,14422,14422,2,2
2022-12-19 15:49:46,14422,14422,14422,2,0
2022-12-19 15:49:53,14422,14422,14422,2,0
2022-12-19 15:50:00,14422,14422,14422,12,0
2022-12-19 15:50:00,14423,14423,14423,6,6
2022-12-19 15:50:00,14423,14423,14423,2,0
2022-12-19 15:50:01,14422,14422,14422,2,-2
2022-12-19 15:50:01,14422,14422,14422,2,0
2022-12-19 15:50:01,14422,14422,14422,2,0
2022-12-19 15:50:01,14422,14422,14422,4,0
2022-12-19 15:50:01,14422,14422,14422,2,0
2022-12-19 15:50:01,14422,14422,14422,4,0
2022-12-19 15:50:01,14422,14422,14422,2,0
2022-12-19 15:50:01,14422,14422,14422,2,0
2022-12-19 15:50:01,14422,14422,14422,2,0
2022-12-19 15:50:01,14422,14422,14422,2,0
2022-12-19 15:50:03,14422,14422,14422,2,0
2022-12-19 15:50:03,14422,14422,14422,2,0
2022-12-19 15:50:06,14424,14424,14424,2,2
2022-12-19 15:50:06,14423,14423,14423,2,-2
2022-12-19 15:50:15,14423,14423,14423,2,0
2022-12-19 15:50:21,14423,14423,14423,2,0
2022-12-19 15:50:22,14424,14424,14424,14,14
2022-12-19 15:50:27,14425,14425,14425,6,6
2022-12-19 15:50:28,14424,14424,14424,2,-2
2022-12-19 15:50:31,14423,14423,14423,2,-2
2022-12-19 15:50:35,14425,14425,14425,2,2
2022-12-19 15:50:41,14426,14426,14426,2,2
2022-12-19 15:50:42,14426,14426,14426,2,0
2022-12-19 15:50:42,14426,14426,14426,2,0
2022-12-19 15:50:46,14426,14426,14426,6,0
2022-12-19 15:50:46,14426,14426,14426,2,0
2022-12-19 15:50:49,14427,14427,14427,8,8
2022-12-19 15:50:49,14427,14427,14427,4,0
2022-12-19 15:50:51,14427,14427,14427,4,0
2022-12-19 15:50:51,14427,14427,14427,12,0
2022-12-19 15:50:58,14428,14428,14428,4,4
2022-12-19 15:50:58,14428,14428,14428,26,0
2022-12-19 15:50:58,14428,14428,14428,4,0
2022-12-19 15:51:17,14427,14427,14427,2,-2
2022-12-19 15:51:18,14428,14428,14428,2,2
2022-12-19 15:51:36,14426,14426,14426,2,-2
2022-12-19 15:51:40,14426,14426,14426,2,0
2022-12-19 15:51:40,14426,14426,14426,2,0
2022-12-19 15:51:43,14426,14426,14426,2,0
2022-12-19 15:51:43,14426,14426,14426,2,0
2022-12-19 15:51:43,14426,14426,14426,2,0
2022-12-19 15:51:51,14426,14426,14426,2,0
2022-12-19 15:51:53,14427,14427,14427,2,2
2022-12-19 15:51:53,14427,14427,14427,2,0
2022-12-19 15:52:11,14428,14428,14428,22,22
2022-12-19 15:52:11,14428,14428,14428,8,0
2022-12-19 15:52:13,14428,14428,14428,2,0
2022-12-19 15:52:18,14428,14428,14428,4,0
2022-12-19 15:52:20,14428,14428,14428,2,0
2022-12-19 15:52:21,14428,14428,14428,2,0
2022-12-19 15:52:38,14427,14427,14427,6,-6
2022-12-19 15:52:43,14427,14427,14427,2,0
2022-12-19 15:52:46,14426,14426,14426,2,-2
2022-12-19 15:52:50,14427,14427,14427,2,2
2022-12-19 15:52:53,14426,14426,14426,2,-2
2022-12-19 15:53:01,14428,14428,14428,4,4
2022-12-19 15:53:10,14427,14427,14427,2,-2
2022-12-19 15:53:16,14427,14427,14427,4,0
2022-12-19 15:53:16,14427,14427,14427,2,0
2022-12-19 15:53:47,14427,14427,14427,2,0
2022-12-19 15:54:10,14427,14427,14427,4,0
2022-12-19 15:54:43,14426,14426,14426,2,-2
2022-12-19 15:54:43,14426,14426,14426,2,0
2022-12-19 15:54:45,14426,14426,14426,2,0
2022-12-19 15:54:45,14427,14427,14427,2,2
2022-12-19 15:54:48,14427,14427,14427,2,0
2022-12-19 15:54:58,14427,14427,14427,2,0
2022-12-19 15:55:06,14427,14427,14427,2,0
2022-12-19 15:55:06,14427,14427,14427,2,0
2022-12-19 15:55:06,14427,14427,14427,2,0
2022-12-19 15:55:06,14428,14428,14428,4,4
2022-12-19 15:55:13,14428,14428,14428,2,0
2022-12-19 15:55:13,14428,14428,14428,2,0
2022-12-19 15:55:18,14428,14428,14428,2,0
2022-12-19 15:55:18,14428,14428,14428,2,0
2022-12-19 15:55:18,14428,14428,14428,2,0
2022-12-19 15:55:41,14428,14428,14428,2,0
2022-12-19 15:56:12,14428,14428,14428,2,0
2022-12-19 15:56:12,14428,14428,14428,2,0
2022-12-19 15:56:12,14428,14428,14428,6,0
2022-12-19 15:56:33,14428,14428,14428,4,0
2022-12-19 15:56:33,14428,14428,14428,2,0
2022-12-19 15:56:54,14428,14428,14428,2,0
2022-12-19 15:56:54,14428,14428,14428,2,0
2022-12-19 15:56:54,14428,14428,14428,2,0
2022-12-19 15:56:54,14428,14428,14428,2,0
2022-12-19 15:56:54,14428,14428,14428,2,0
2022-12-19 15:57:10,14429,14429,14429,30,30
2022-12-19 15:57:10,14430,14430,14430,26,26
2022-12-19 15:57:10,14430,14430,14430,4,0
2022-12-19 15:57:10,14430,14430,14430,12,0
2022-12-19 15:57:10,14430,14430,14430,26,0
2022-12-19 15:57:10,14430,14430,14430,6,0
2022-12-19 15:57:10,14430,14430,14430,38,0
2022-12-19 15:57:10,14431,14431,14431,4,4
2022-12-19 15:57:10,14431,14431,14431,4,0
2022-12-19 15:57:10,14431,14431,14431,2,0
2022-12-19 15:57:14,14431,14431,14431,6,0
2022-12-19 15:57:14,14431,14431,14431,2,0
2022-12-19 15:57:15,14430,14430,14430,4,-4
2022-12-19 15:57:18,14432,14432,14432,2,2
2022-12-19 15:57:18,14432,14432,14432,4,0
2022-12-19 15:57:18,14432,14432,14432,14,0
2022-12-19 15:57:23,14432,14432,14432,6,0
2022-12-19 15:57:26,14432,14432,14432,2,0
2022-12-19 15:57:26,14431,14431,14431,2,-2
2022-12-19 15:57:28,14432,14432,14432,2,2
2022-12-19 15:57:29,14431,14431,14431,4,-4
2022-12-19 15:57:29,14432,14432,14432,2,2
2022-12-19 15:57:29,14431,14431,14431,2,-2
2022-12-19 15:57:29,14431,14431,14431,2,0
2022-12-19 15:57:31,14432,14432,14432,2,2
2022-12-19 15:57:34,14431,14431,14431,2,-2
2022-12-19 15:57:35,14432,14432,14432,2,2
2022-12-19 15:57:35,14432,14432,14432,4,0
2022-12-19 15:57:36,14432,14432,14432,8,0
2022-12-19 15:57:36,14432,14432,14432,2,0
2022-12-19 15:57:37,14432,14432,14432,2,0
2022-12-19 15:57:39,14432,14432,14432,2,0
2022-12-19 15:57:40,14432,14432,14432,4,0
2022-12-19 15:57:42,14432,14432,14432,2,0
2022-12-19 15:57:42,14432,14432,14432,4,0
2022-12-19 15:57:42,14432,14432,14432,2,0
2022-12-19 15:57:47,14432,14432,14432,2,0
2022-12-19 15:57:48,14432,14432,14432,2,0
2022-12-19 15:58:00,14431,14431,14431,2,-2
2022-12-19 15:58:00,14431,14431,14431,2,0
2022-12-19 15:58:00,14431,14431,14431,2,0
2022-12-19 15:58:00,14431,14431,14431,2,0
2022-12-19 15:58:00,14431,14431,14431,2,0
2022-12-19 15:58:00,14431,14431,14431,2,0
2022-12-19 15:58:00,14431,14431,14431,4,0
2022-12-19 15:58:00,14431,14431,14431,2,0
2022-12-19 15:58:00,14430,14430,14430,6,-6
2022-12-19 15:58:00,14430,14430,14430,2,0
2022-12-19 15:58:00,14430,14430,14430,2,0
2022-12-19 15:58:00,14430,14430,14430,2,0
2022-12-19 15:58:00,14430,14430,14430,2,0
2022-12-19 15:58:00,14430,14430,14430,2,0
2022-12-19 15:58:00,14430,14430,14430,2,0
2022-12-19 15:58:25,14428,14428,14428,4,-4
2022-12-19 15:58:25,14428,14428,14428,2,0
2022-12-19 15:58:25,14428,14428,14428,2,0
2022-12-19 15:58:26,14427,14427,14427,2,-2
2022-12-19 15:58:26,14427,14427,14427,2,0
2022-12-19 15:58:41,14428,14428,14428,2,2
2022-12-19 15:58:48,14428,14428,14428,2,0
2022-12-19 15:58:53,14428,14428,14428,2,0
2022-12-19 15:59:00,14428,14428,14428,2,0
2022-12-19 15:59:00,14428,14428,14428,2,0
2022-12-19 15:59:00,14428,14428,14428,2,0
2022-12-19 15:59:00,14428,14428,14428,2,0
2022-12-19 15:59:10,14427,14427,14427,2,-2
2022-12-19 15:59:10,14427,14427,14427,2,0
2022-12-19 15:59:10,14427,14427,14427,2,0
2022-12-19 15:59:10,14427,14427,14427,2,0
2022-12-19 15:59:10,14427,14427,14427,2,0
2022-12-19 15:59:10,14427,14427,14427,2,0
2022-12-19 15:59:12,14426,14426,14426,2,-2
2022-12-19 15:59:14,14427,14427,14427,2,2
2022-12-19 15:59:14,14427,14427,14427,2,0
2022-12-19 15:59:14,14427,14427,14427,2,0
2022-12-19 15:59:25,14426,14426,14426,2,-2
2022-12-19 15:59:29,14427,14427,14427,4,4
2022-12-19 15:59:30,14426,14426,14426,4,-4
2022-12-19 15:59:30,14427,14427,14427,2,2
2022-12-19 15:59:34,14427,14427,14427,2,0
2022-12-19 15:59:37,14427,14427,14427,2,0
2022-12-19 15:59:42,14427,14427,14427,2,0
2022-12-19 15:59:42,14427,14427,14427,2,0
2022-12-19 15:59:46,14427,14427,14427,4,0
2022-12-19 15:59:49,14427,14427,14427,4,0
2022-12-19 15:59:52,14427,14427,14427,2,0
2022-12-19 16:00:00,14427,14427,14427,2,0
2022-12-19 16:00:00,14426,14426,14426,2,-2
2022-12-19 16:00:01,14426,14426,14426,2,0
2022-12-19 16:00:01,14426,14426,14426,2,0
2022-12-19 16:00:01,14426,14426,14426,2,0
2022-12-19 16:00:01,14426,14426,14426,4,0
2022-12-19 16:00:01,14427,14427,14427,2,2
2022-12-19 16:00:01,14427,14427,14427,2,0
2022-12-19 16:00:02,14425,14425,14425,2,-2
2022-12-19 16:00:02,14425,14425,14425,2,0
2022-12-19 16:00:02,14425,14425,14425,2,0
2022-12-19 16:00:02,14425,14425,14425,2,0
2022-12-19 16:00:03,14427,14427,14427,2,2
2022-12-19 16:00:04,14428,14428,14428,2,2
2022-12-19 16:00:04,14428,14428,14428,2,0
2022-12-19 16:00:04,14428,14428,14428,2,0
2022-12-19 16:00:04,14428,14428,14428,12,0
2022-12-19 16:00:04,14429,14429,14429,4,4
2022-12-19 16:00:12,14429,14429,14429,2,0
2022-12-19 16:00:17,14429,14429,14429,2,0
2022-12-19 16:00:33,14430,14430,14430,6,6
2022-12-19 16:00:33,14430,14430,14430,2,0
2022-12-19 16:00:33,14430,14430,14430,4,0
2022-12-19 16:00:33,14430,14430,14430,2,0
2022-12-19 16:00:33,14430,14430,14430,2,0
2022-12-19 16:00:33,14430,14430,14430,2,0
2022-12-19 16:00:33,14430,14430,14430,2,0
2022-12-19 16:00:41,14431,14431,14431,6,6
2022-12-19 16:00:43,14432,14432,14432,6,6
2022-12-19 16:00:43,14432,14432,14432,2,0
2022-12-19 16:00:43,14432,14432,14432,4,0
2022-12-19 16:00:54,14432,14432,14432,2,0
2022-12-19 16:00:56,14433,14433,14433,2,2
2022-12-19 16:00:56,14433,14433,14433,8,0
2022-12-19 16:00:56,14433,14433,14433,2,0
2022-12-19 16:00:56,14433,14433,14433,20,0
2022-12-19 16:01:00,14434,14434,14434,42,42
2022-12-19 16:01:00,14435,14435,14435,2,2
2022-12-19 16:01:00,14435,14435,14435,2,0
2022-12-19 16:01:00,14435,14435,14435,2,0
2022-12-19 16:01:00,14435,14435,14435,2,0
2022-12-19 16:01:00,14435,14435,14435,12,0
2022-12-19 16:01:00,14435,14435,14435,14,0
2022-12-19 16:01:00,14436,14436,14436,10,10
2022-12-19 16:01:00,14436,14436,14436,4,0
2022-12-19 16:01:00,14436,14436,14436,4,0
2022-12-19 16:01:00,14436,14436,14436,2,0
2022-12-19 16:01:00,14436,14436,14436,2,0
2022-12-19 16:01:00,14436,14436,14436,4,0
2022-12-19 16:01:00,14437,14437,14437,2,2
2022-12-19 16:01:00,14437,14437,14437,2,0
2022-12-19 16:01:00,14437,14437,14437,2,0
2022-12-19 16:01:00,14437,14437,14437,2,0
2022-12-19 16:01:00,14437,14437,14437,22,0
2022-12-19 16:01:00,14438,14438,14438,2,2
2022-12-19 16:01:00,14438,14438,14438,2,0
2022-12-19 16:01:00,14438,14438,14438,2,0
2022-12-19 16:01:00,14438,14438,14438,2,0
2022-12-19 16:01:00,14438,14438,14438,2,0
2022-12-19 16:01:00,14438,14438,14438,2,0
2022-12-19 16:01:00,14438,14438,14438,10,0
2022-12-19 16:01:00,14438,14438,14438,6,0
2022-12-19 16:01:00,14439,14439,14439,4,4
2022-12-19 16:01:00,14439,14439,14439,10,0
2022-12-19 16:01:00,14439,14439,14439,2,0
2022-12-19 16:01:00,14439,14439,14439,2,0
2022-12-19 16:01:00,14439,14439,14439,2,0
2022-12-19 16:01:00,14439,14439,14439,16,0
2022-12-19 16:01:00,14439,14439,14439,2,0
2022-12-19 16:01:00,14439,14439,14439,8,0
2022-12-19 16:01:00,14439,14439,14439,2,0
2022-12-19 16:01:00,14439,14439,14439,2,0
2022-12-19 16:01:00,14439,14439,14439,2,0
2022-12-19 16:01:00,14439,14439,14439,4,0
2022-12-19 16:01:00,14440,14440,14440,2,2
2022-12-19 16:01:00,14440,14440,14440,6,0
2022-12-19 16:01:00,14440,14440,14440,2,0
2022-12-19 16:01:00,14440,14440,14440,2,0
2022-12-19 16:01:00,14440,14440,14440,2,0
2022-12-19 16:01:00,14440,14440,14440,4,0
2022-12-19 16:01:00,14440,14440,14440,2,0
2022-12-19 16:01:00,14440,14440,14440,4,0
2022-12-19 16:01:00,14440,14440,14440,2,0
2022-12-19 16:01:00,14440,14440,14440,2,0
2022-12-19 16:01:00,14440,14440,14440,2,0
2022-12-19 16:01:00,14440,14440,14440,8,0
2022-12-19 16:01:00,14440,14440,14440,2,0
2022-12-19 16:01:00,14440,14440,14440,2,0
2022-12-19 16:01:00,14440,14440,14440,2,0
2022-12-19 16:01:00,14440,14440,14440,2,0
2022-12-19 16:01:00,14440,14440,14440,4,0
2022-12-19 16:01:00,14441,14441,14441,6,6
2022-12-19 16:01:00,14440,14440,14440,2,-2
2022-12-19 16:01:00,14440,14440,14440,2,0
2022-12-19 16:01:00,14440,14440,14440,2,0
2022-12-19 16:01:00,14441,14441,14441,2,2
2022-12-19 16:01:00,14441,14441,14441,2,0
2022-12-19 16:01:00,14441,14441,14441,2,0
2022-12-19 16:01:00,14441,14441,14441,2,0
2022-12-19 16:01:00,14441,14441,14441,2,0
2022-12-19 16:01:00,14441,14441,14441,2,0
2022-12-19 16:01:00,14441,14441,14441,2,0
2022-12-19 16:01:00,14441,14441,14441,2,0
2022-12-19 16:01:00,14441,14441,14441,2,0
2022-12-19 16:01:00,14441,14441,14441,2,0
2022-12-19 16:01:00,14441,14441,14441,2,0
2022-12-19 16:01:00,14441,14441,14441,2,0
2022-12-19 16:01:00,14441,14441,14441,2,0
2022-12-19 16:01:00,14441,14441,14441,2,0
2022-12-19 16:01:00,14441,14441,14441,2,0
2022-12-19 16:01:00,14441,14441,14441,2,0
2022-12-19 16:01:00,14441,14441,14441,10,0
2022-12-19 16:01:00,14441,14441,14441,6,0
2022-12-19 16:01:00,14442,14442,14442,4,4
2022-12-19 16:01:00,14442,14442,14442,8,0
2022-12-19 16:01:00,14442,14442,14442,2,0
2022-12-19 16:01:00,14442,14442,14442,2,0
2022-12-19 16:01:00,14442,14442,14442,2,0
2022-12-19 16:01:00,14442,14442,14442,6,0
2022-12-19 16:01:00,14442,14442,14442,2,0
2022-12-19 16:01:00,14442,14442,14442,2,0
2022-12-19 16:01:00,14442,14442,14442,2,0
2022-12-19 16:01:00,14441,14441,14441,2,-2
2022-12-19 16:01:00,14441,14441,14441,2,0
2022-12-19 16:01:00,14442,14442,14442,2,2
2022-12-19 16:01:00,14442,14442,14442,2,0
2022-12-19 16:01:00,14442,14442,14442,2,0
2022-12-19 16:01:00,14442,14442,14442,2,0
2022-12-19 16:01:00,14442,14442,14442,8,0
2022-12-19 16:01:00,14443,14443,14443,2,2
2022-12-19 16:01:00,14441,14441,14441,2,-2
2022-12-19 16:01:00,14441,14441,14441,2,0
2022-12-19 16:01:00,14441,14441,14441,2,0
2022-12-19 16:01:00,14440,14440,14440,2,-2
2022-12-19 16:01:00,14439,14439,14439,2,-2
2022-12-19 16:01:00,14439,14439,14439,2,0
2022-12-19 16:01:01,14440,14440,14440,8,8
2022-12-19 16:01:01,14441,14441,14441,4,4
2022-12-19 16:01:01,14439,14439,14439,2,-2
2022-12-19 16:01:01,14439,14439,14439,2,0
2022-12-19 16:01:01,14439,14439,14439,2,0
2022-12-19 16:01:01,14439,14439,14439,2,0
2022-12-19 16:01:01,14440,14440,14440,2,2
2022-12-19 16:01:01,14441,14441,14441,2,2
2022-12-19 16:01:01,14439,14439,14439,4,-4
2022-12-19 16:01:01,14440,14440,14440,10,10
2022-12-19 16:01:02,14438,14438,14438,2,-2
2022-12-19 16:01:02,14438,14438,14438,2,0
2022-12-19 16:01:02,14440,14440,14440,2,2
2022-12-19 16:01:02,14440,14440,14440,2,0
2022-12-19 16:01:02,14438,14438,14438,2,-2
2022-12-19 16:01:02,14439,14439,14439,2,2
2022-12-19 16:01:06,14438,14438,14438,2,-2
2022-12-19 16:01:06,14438,14438,14438,2,0
2022-12-19 16:01:06,14438,14438,14438,2,0
2022-12-19 16:01:07,14439,14439,14439,2,2
2022-12-19 16:01:08,14438,14438,14438,2,-2
2022-12-19 16:01:10,14439,14439,14439,2,2
2022-12-19 16:01:10,14439,14439,14439,2,0
2022-12-19 16:01:11,14439,14439,14439,2,0
2022-12-19 16:01:11,14439,14439,14439,2,0
2022-12-19 16:01:11,14439,14439,14439,2,0
2022-12-19 16:01:13,14440,14440,14440,2,2
2022-12-19 16:01:14,14440,14440,14440,4,0
2022-12-19 16:01:16,14441,14441,14441,4,4
2022-12-19 16:01:17,14439,14439,14439,2,-2
2022-12-19 16:01:18,14440,14440,14440,2,2
2022-12-19 16:01:19,14440,14440,14440,2,0
2022-12-19 16:01:19,14441,14441,14441,2,2
2022-12-19 16:01:20,14441,14441,14441,4,0
2022-12-19 16:01:21,14441,14441,14441,2,0
2022-12-19 16:01:22,14441,14441,14441,8,0
2022-12-19 16:01:22,14442,14442,14442,42,42
2022-12-19 16:01:23,14441,14441,14441,2,-2
2022-12-19 16:01:25,14441,14441,14441,2,0
2022-12-19 16:01:25,14442,14442,14442,2,2
2022-12-19 16:01:26,14442,14442,14442,4,0
2022-12-19 16:01:27,14443,14443,14443,2,2
2022-12-19 16:01:27,14442,14442,14442,2,-2
2022-12-19 16:01:28,14441,14441,14441,2,-2
2022-12-19 16:01:29,14442,14442,14442,4,4
2022-12-19 16:01:29,14443,14443,14443,4,4
2022-12-19 16:01:29,14442,14442,14442,2,-2
2022-12-19 16:01:29,14441,14441,14441,2,-2
2022-12-19 16:01:29,14441,14441,14441,2,0
2022-12-19 16:01:33,14442,14442,14442,2,2
2022-12-19 16:01:33,14442,14442,14442,6,0
2022-12-19 16:01:33,14442,14442,14442,2,0
2022-12-19 16:01:37,14442,14442,14442,4,0
2022-12-19 16:01:41,14442,14442,14442,2,0
2022-12-19 16:01:41,14442,14442,14442,2,0
2022-12-19 16:01:42,14443,14443,14443,4,4
2022-12-19 16:01:46,14442,14442,14442,2,-2
2022-12-19 16:01:46,14442,14442,14442,2,0
2022-12-19 16:01:46,14442,14442,14442,2,0
2022-12-19 16:01:47,14442,14442,14442,2,0
2022-12-19 16:01:48,14443,14443,14443,2,2
2022-12-19 16:01:49,14443,14443,14443,4,0
2022-12-19 16:01:50,14442,14442,14442,2,-2
2022-12-19 16:01:50,14443,14443,14443,6,6
2022-12-19 16:01:51,14441,14441,14441,2,-2
2022-12-19 16:01:51,14441,14441,14441,2,0
2022-12-19 16:01:52,14442,14442,14442,2,2
2022-12-19 16:01:53,14442,14442,14442,2,0
2022-12-19 16:01:53,14442,14442,14442,8,0
2022-12-19 16:01:53,14443,14443,14443,2,2
2022-12-19 16:01:54,14441,14441,14441,2,-2
2022-12-19 16:01:54,14441,14441,14441,2,0
2022-12-19 16:01:54,14441,14441,14441,2,0
2022-12-19 16:01:54,14441,14441,14441,2,0
2022-12-19 16:01:54,14441,14441,14441,2,0
2022-12-19 16:01:54,14441,14441,14441,2,0
2022-12-19 16:01:54,14441,14441,14441,2,0
2022-12-19 16:01:56,14441,14441,14441,2,0
2022-12-19 16:01:57,14441,14441,14441,2,0
2022-12-19 16:01:57,14441,14441,14441,2,0
2022-12-19 16:01:58,14441,14441,14441,4,0
2022-12-19 16:01:58,14441,14441,14441,2,0
2022-12-19 16:01:59,14441,14441,14441,2,0
2022-12-19 16:02:00,14441,14441,14441,8,0
2022-12-19 16:02:02,14440,14440,14440,2,-2
2022-12-19 16:02:02,14441,14441,14441,2,2
2022-12-19 16:02:02,14441,14441,14441,2,0
2022-12-19 16:02:03,14440,14440,14440,2,-2
2022-12-19 16:02:03,14440,14440,14440,2,0
2022-12-19 16:02:04,14441,14441,14441,2,2
2022-12-19 16:02:05,14440,14440,14440,4,-4
2022-12-19 16:02:05,14440,14440,14440,2,0
2022-12-19 16:02:08,14440,14440,14440,4,0
2022-12-19 16:02:08,14440,14440,14440,2,0
2022-12-19 16:02:09,14441,14441,14441,4,4
2022-12-19 16:02:09,14441,14441,14441,4,0
2022-12-19 16:02:09,14440,14440,14440,2,-2
2022-12-19 16:02:11,14440,14440,14440,2,0
2022-12-19 16:02:11,14440,14440,14440,4,0
2022-12-19 16:02:11,14440,14440,14440,2,0
2022-12-19 16:02:11,14440,14440,14440,2,0
2022-12-19 16:02:11,14440,14440,14440,2,0
2022-12-19 16:02:11,14439,14439,14439,2,-2
2022-12-19 16:02:11,14439,14439,14439,2,0
2022-12-19 16:02:11,14438,14438,14438,2,-2
2022-12-19 16:02:11,14438,14438,14438,2,0
2022-12-19 16:02:17,14440,14440,14440,14,14
2022-12-19 16:02:19,14439,14439,14439,2,-2
2022-12-19 16:02:22,14441,14441,14441,2,2
2022-12-19 16:02:22,14441,14441,14441,2,0
2022-12-19 16:02:23,14442,14442,14442,12,12
2022-12-19 16:02:25,14441,14441,14441,2,-2
2022-12-19 16:02:25,14441,14441,14441,2,0
2022-12-19 16:02:26,14442,14442,14442,6,6
2022-12-19 16:02:28,14441,14441,14441,2,-2
2022-12-19 16:02:31,14442,14442,14442,2,2
2022-12-19 16:02:33,14442,14442,14442,2,0
2022-12-19 16:02:34,14442,14442,14442,2,0
2022-12-19 16:02:35,14442,14442,14442,2,0
2022-12-19 16:02:35,14441,14441,14441,2,-2
2022-12-19 16:02:36,14441,14441,14441,2,0
2022-12-19 16:02:36,14441,14441,14441,2,0
2022-12-19 16:02:36,14441,14441,14441,2,0
2022-12-19 16:02:36,14441,14441,14441,2,0
2022-12-19 16:02:37,14442,14442,14442,4,4
2022-12-19 16:02:37,14443,14443,14443,4,4
2022-12-19 16:02:37,14443,14443,14443,2,0
2022-12-19 16:02:40,14443,14443,14443,2,0
2022-12-19 16:02:40,14441,14441,14441,2,-2
2022-12-19 16:02:42,14443,14443,14443,10,10
2022-12-19 16:02:44,14443,14443,14443,2,0
2022-12-19 16:02:44,14444,14444,14444,2,2
2022-12-19 16:02:44,14443,14443,14443,2,-2
2022-12-19 16:02:44,14444,14444,14444,6,6
2022-12-19 16:02:44,14444,14444,14444,2,0
2022-12-19 16:02:45,14444,14444,14444,2,0
2022-12-19 16:02:45,14444,14444,14444,2,0
2022-12-19 16:02:45,14444,14444,14444,4,0
2022-12-19 16:02:45,14444,14444,14444,2,0
2022-12-19 16:02:45,14444,14444,14444,18,0
2022-12-19 16:02:45,14444,14444,14444,2,0
2022-12-19 16:02:45,14444,14444,14444,2,0
2022-12-19 16:02:45,14444,14444,14444,2,0
2022-12-19 16:02:46,14445,14445,14445,4,4
2022-12-19 16:02:46,14445,14445,14445,6,0
2022-12-19 16:02:46,14445,14445,14445,2,0
2022-12-19 16:02:46,14445,14445,14445,10,0
2022-12-19 16:02:46,14445,14445,14445,2,0
2022-12-19 16:02:46,14444,14444,14444,2,-2
2022-12-19 16:02:48,14445,14445,14445,2,2
2022-12-19 16:02:49,14444,14444,14444,2,-2
2022-12-19 16:02:50,14445,14445,14445,2,2
2022-12-19 16:02:52,14445,14445,14445,2,0
2022-12-19 16:02:52,14445,14445,14445,2,0
2022-12-19 16:02:52,14445,14445,14445,2,0
2022-12-19 16:02:52,14445,14445,14445,4,0
2022-12-19 16:02:52,14445,14445,14445,2,0
2022-12-19 16:02:52,14445,14445,14445,4,0
2022-12-19 16:02:52,14445,14445,14445,2,0
2022-12-19 16:02:52,14445,14445,14445,8,0
2022-12-19 16:02:53,14444,14444,14444,2,-2
2022-12-19 16:02:54,14445,14445,14445,2,2
2022-12-19 16:02:54,14445,14445,14445,2,0
2022-12-19 16:02:55,14445,14445,14445,2,0
2022-12-19 16:02:55,14446,14446,14446,2,2
2022-12-19 16:02:55,14445,14445,14445,2,-2
2022-12-19 16:02:55,14446,14446,14446,8,8
2022-12-19 16:02:56,14446,14446,14446,2,0
2022-12-19 16:02:56,14445,14445,14445,2,-2
2022-12-19 16:02:57,14446,14446,14446,2,2
2022-12-19 16:02:57,14446,14446,14446,10,0
2022-12-19 16:02:58,14445,14445,14445,2,-2
2022-12-19 16:02:58,14446,14446,14446,2,2
2022-12-19 16:02:59,14446,14446,14446,2,0
2022-12-19 16:02:59,14446,14446,14446,2,0
2022-12-19 16:03:00,14446,14446,14446,4,0
2022-12-19 16:03:00,14446,14446,14446,2,0
2022-12-19 16:03:00,14445,14445,14445,2,-2
2022-12-19 16:03:00,14445,14445,14445,4,0
2022-12-19 16:03:00,14445,14445,14445,2,0
2022-12-19 16:03:00,14445,14445,14445,2,0
2022-12-19 16:03:01,14446,14446,14446,4,4
2022-12-19 16:03:09,14445,14445,14445,2,-2
2022-12-19 16:03:09,14446,14446,14446,4,4
2022-12-19 16:03:10,14446,14446,14446,6,0
2022-12-19 16:03:11,14446,14446,14446,4,0
2022-12-19 16:03:12,14446,14446,14446,2,0
2022-12-19 16:03:13,14446,14446,14446,16,0
2022-12-19 16:03:14,14446,14446,14446,2,0
2022-12-19 16:03:15,14445,14445,14445,4,-4
2022-12-19 16:03:16,14446,14446,14446,2,2
2022-12-19 16:03:17,14446,14446,14446,2,0
2022-12-19 16:03:17,14446,14446,14446,2,0
2022-12-19 16:03:18,14445,14445,14445,2,-2
2022-12-19 16:03:21,14445,14445,14445,32,0
2022-12-19 16:03:21,14445,14445,14445,2,0
2022-12-19 16:03:21,14445,14445,14445,6,0
2022-12-19 16:03:21,14445,14445,14445,2,0
2022-12-19 16:03:21,14445,14445,14445,2,0
2022-12-19 16:03:21,14445,14445,14445,2,0
2022-12-19 16:03:21,14445,14445,14445,2,0
2022-12-19 16:03:21,14444,14444,14444,4,-4
2022-12-19 16:03:21,14444,14444,14444,2,0
2022-12-19 16:03:21,14444,14444,14444,2,0
2022-12-19 16:03:22,14445,14445,14445,10,10
2022-12-19 16:03:26,14445,14445,14445,2,0
2022-12-19 16:03:28,14445,14445,14445,4,0
2022-12-19 16:03:28,14446,14446,14446,6,6
2022-12-19 16:03:32,14445,14445,14445,6,-6
2022-12-19 16:03:33,14445,14445,14445,2,0
2022-12-19 16:03:34,14445,14445,14445,4,0
2022-12-19 16:03:36,14445,14445,14445,2,0
2022-12-19 16:03:37,14446,14446,14446,10,10
2022-12-19 16:03:40,14445,14445,14445,2,-2
2022-12-19 16:03:42,14446,14446,14446,24,24
2022-12-19 16:03:43,14446,14446,14446,2,0
2022-12-19 16:03:43,14447,14447,14447,2,2
2022-12-19 16:03:43,14447,14447,14447,10,0
2022-12-19 16:03:47,14446,14446,14446,2,-2
2022-12-19 16:03:47,14446,14446,14446,2,0
2022-12-19 16:03:48,14446,14446,14446,2,0
2022-12-19 16:03:49,14446,14446,14446,2,0
2022-12-19 16:03:49,14446,14446,14446,2,0
2022-12-19 16:03:51,14446,14446,14446,4,0
2022-12-19 16:03:53,14446,14446,14446,2,0
2022-12-19 16:03:53,14446,14446,14446,4,0
2022-12-19 16:03:53,14446,14446,14446,6,0
2022-12-19 16:03:54,14446,14446,14446,2,0
2022-12-19 16:03:54,14446,14446,14446,2,0
2022-12-19 16:03:59,14447,14447,14447,2,2
2022-12-19 16:04:00,14447,14447,14447,2,0
2022-12-19 16:04:01,14446,14446,14446,2,-2
2022-12-19 16:04:01,14447,14447,14447,2,2
2022-12-19 16:04:01,14447,14447,14447,6,0
2022-12-19 16:04:01,14446,14446,14446,2,-2
2022-12-19 16:04:05,14446,14446,14446,2,0
2022-12-19 16:04:09,14447,14447,14447,2,2
2022-12-19 16:04:09,14447,14447,14447,2,0
2022-12-19 16:04:09,14447,14447,14447,2,0
2022-12-19 16:04:14,14446,14446,14446,2,-2
2022-12-19 16:04:20,14446,14446,14446,2,0
2022-12-19 16:04:22,14446,14446,14446,4,0
2022-12-19 16:04:24,14446,14446,14446,10,0
2022-12-19 16:04:25,14446,14446,14446,2,0
2022-12-19 16:04:27,14446,14446,14446,2,0
2022-12-19 16:04:27,14446,14446,14446,2,0
2022-12-19 16:04:27,14446,14446,14446,2,0
2022-12-19 16:04:30,14446,14446,14446,4,0
2022-12-19 16:04:33,14447,14447,14447,2,2
2022-12-19 16:04:34,14447,14447,14447,2,0
2022-12-19 16:04:34,14447,14447,14447,2,0
2022-12-19 16:04:35,14447,14447,14447,4,0
2022-12-19 16:04:35,14447,14447,14447,10,0
2022-12-19 16:04:38,14446,14446,14446,4,-4
2022-12-19 16:04:42,14447,14447,14447,2,2
2022-12-19 16:04:42,14447,14447,14447,2,0
2022-12-19 16:04:43,14446,14446,14446,8,-8
2022-12-19 16:04:43,14446,14446,14446,16,0
2022-12-19 16:04:43,14446,14446,14446,8,0
2022-12-19 16:04:43,14446,14446,14446,2,0
2022-12-19 16:04:43,14446,14446,14446,2,0
2022-12-19 16:04:43,14446,14446,14446,2,0
2022-12-19 16:05:00,14446,14446,14446,2,0
2022-12-19 16:05:00,14447,14447,14447,2,2
2022-12-19 16:05:00,14447,14447,14447,2,0
2022-12-19 16:05:00,14448,14448,14448,2,2
2022-12-19 16:05:00,14448,14448,14448,2,0
2022-12-19 16:05:00,14448,14448,14448,2,0
2022-12-19 16:05:00,14448,14448,14448,2,0
2022-12-19 16:05:00,14448,14448,14448,2,0
2022-12-19 16:05:00,14448,14448,14448,2,0
2022-12-19 16:05:00,14448,14448,14448,2,0
2022-12-19 16:05:00,14448,14448,14448,2,0
2022-12-19 16:05:00,14447,14447,14447,2,-2
2022-12-19 16:05:00,14448,14448,14448,2,2
2022-12-19 16:05:00,14448,14448,14448,2,0
2022-12-19 16:05:00,14448,14448,14448,2,0
2022-12-19 16:05:00,14447,14447,14447,2,-2
2022-12-19 16:05:00,14448,14448,14448,10,10
2022-12-19 16:05:02,14446,14446,14446,2,-2
2022-12-19 16:05:02,14446,14446,14446,2,0
2022-12-19 16:05:02,14446,14446,14446,2,0
2022-12-19 16:05:02,14446,14446,14446,8,0
2022-12-19 16:05:02,14446,14446,14446,4,0
2022-12-19 16:05:02,14446,14446,14446,2,0
2022-12-19 16:05:02,14446,14446,14446,2,0
2022-12-19 16:05:02,14446,14446,14446,2,0
2022-12-19 16:05:02,14445,14445,14445,4,-4
2022-12-19 16:05:03,14447,14447,14447,4,4
2022-12-19 16:05:08,14447,14447,14447,2,0
2022-12-19 16:05:09,14448,14448,14448,2,2
2022-12-19 16:05:10,14447,14447,14447,2,-2
2022-12-19 16:05:10,14447,14447,14447,2,0
2022-12-19 16:05:10,14447,14447,14447,2,0
2022-12-19 16:05:10,14446,14446,14446,2,-2
2022-12-19 16:05:10,14446,14446,14446,2,0
2022-12-19 16:05:10,14447,14447,14447,2,2
2022-12-19 16:05:15,14447,14447,14447,2,0
2022-12-19 16:05:16,14447,14447,14447,4,0
2022-12-19 16:05:18,14447,14447,14447,2,0
2022-12-19 16:05:18,14447,14447,14447,2,0
2022-12-19 16:05:19,14447,14447,14447,2,0
2022-12-19 16:05:23,14448,14448,14448,14,14
2022-12-19 16:05:23,14448,14448,14448,2,0
2022-12-19 16:05:23,14448,14448,14448,2,0
2022-12-19 16:05:28,14448,14448,14448,2,0
2022-12-19 16:05:31,14449,14449,14449,2,2
2022-12-19 16:05:31,14449,14449,14449,40,0
2022-12-19 16:05:31,14450,14450,14450,20,20
2022-12-19 16:05:31,14449,14449,14449,2,-2
2022-12-19 16:05:31,14449,14449,14449,2,0
2022-12-19 16:05:31,14450,14450,14450,4,4
2022-12-19 16:05:31,14449,14449,14449,2,-2
2022-12-19 16:05:32,14449,14449,14449,2,0
2022-12-19 16:05:32,14448,14448,14448,2,-2
2022-12-19 16:05:32,14450,14450,14450,4,4
2022-12-19 16:05:33,14450,14450,14450,2,0
2022-12-19 16:05:36,14450,14450,14450,4,0
2022-12-19 16:05:37,14450,14450,14450,2,0
2022-12-19 16:05:37,14449,14449,14449,2,-2
2022-12-19 16:05:38,14450,14450,14450,6,6
2022-12-19 16:05:39,14449,14449,14449,2,-2
2022-12-19 16:05:40,14450,14450,14450,2,2
2022-12-19 16:05:46,14450,14450,14450,2,0
2022-12-19 16:05:46,14449,14449,14449,24,-24
2022-12-19 16:05:46,14449,14449,14449,18,0
2022-12-19 16:05:46,14449,14449,14449,4,0
2022-12-19 16:05:46,14449,14449,14449,4,0
2022-12-19 16:05:46,14449,14449,14449,2,0
2022-12-19 16:05:46,14449,14449,14449,4,0
2022-12-19 16:05:47,14448,14448,14448,2,-2
2022-12-19 16:05:47,14448,14448,14448,2,0
2022-12-19 16:05:51,14450,14450,14450,10,10
2022-12-19 16:05:53,14450,14450,14450,2,0
2022-12-19 16:06:01,14450,14450,14450,46,0
2022-12-19 16:06:01,14451,14451,14451,2,2
2022-12-19 16:06:01,14451,14451,14451,2,0
2022-12-19 16:06:01,14452,14452,14452,2,2
2022-12-19 16:06:01,14452,14452,14452,10,0
2022-12-19 16:06:01,14453,14453,14453,2,2
2022-12-19 16:06:01,14453,14453,14453,4,0
2022-12-19 16:06:01,14453,14453,14453,10,0
2022-12-19 16:06:01,14453,14453,14453,2,0
2022-12-19 16:06:02,14453,14453,14453,2,0
2022-12-19 16:06:03,14453,14453,14453,2,0
2022-12-19 16:06:03,14453,14453,14453,2,0
2022-12-19 16:06:05,14453,14453,14453,2,0
2022-12-19 16:06:06,14452,14452,14452,4,-4
2022-12-19 16:06:07,14453,14453,14453,4,4
2022-12-19 16:06:07,14453,14453,14453,2,0
2022-12-19 16:06:09,14452,14452,14452,2,-2
2022-12-19 16:06:09,14453,14453,14453,10,10
2022-12-19 16:06:12,14453,14453,14453,2,0
2022-12-19 16:06:14,14454,14454,14454,4,4
2022-12-19 16:06:14,14455,14455,14455,16,16
2022-12-19 16:06:14,14455,14455,14455,6,0
2022-12-19 16:06:14,14455,14455,14455,4,0
2022-12-19 16:06:14,14455,14455,14455,2,0
2022-12-19 16:06:15,14454,14454,14454,2,-2
2022-12-19 16:06:15,14455,14455,14455,2,2
2022-12-19 16:06:16,14454,14454,14454,2,-2
2022-12-19 16:06:16,14453,14453,14453,2,-2
2022-12-19 16:06:16,14453,14453,14453,2,0
2022-12-19 16:06:16,14454,14454,14454,2,2
2022-12-19 16:06:18,14454,14454,14454,2,0
2022-12-19 16:06:18,14455,14455,14455,2,2
2022-12-19 16:06:21,14454,14454,14454,2,-2
2022-12-19 16:06:22,14454,14454,14454,4,0
2022-12-19 16:06:24,14455,14455,14455,2,2
2022-12-19 16:06:25,14454,14454,14454,2,-2
2022-12-19 16:06:25,14454,14454,14454,2,0
2022-12-19 16:06:25,14455,14455,14455,20,20
2022-12-19 16:06:25,14455,14455,14455,2,0
2022-12-19 16:06:25,14455,14455,14455,2,0
2022-12-19 16:06:25,14455,14455,14455,2,0
2022-12-19 16:06:25,14455,14455,14455,10,0
2022-12-19 16:06:25,14455,14455,14455,2,0
2022-12-19 16:06:27,14455,14455,14455,2,0
2022-12-19 16:06:30,14455,14455,14455,10,0
2022-12-19 16:06:31,14455,14455,14455,6,0
2022-12-19 16:06:33,14455,14455,14455,4,0
2022-12-19 16:06:33,14455,14455,14455,2,0
2022-12-19 16:06:33,14456,14456,14456,2,2
2022-12-19 16:06:35,14455,14455,14455,2,-2
2022-12-19 16:06:37,14456,14456,14456,4,4
2022-12-19 16:06:38,14455,14455,14455,2,-2
2022-12-19 16:06:38,14455,14455,14455,6,0
2022-12-19 16:06:38,14455,14455,14455,2,0
2022-12-19 16:06:39,14455,14455,14455,20,0
2022-12-19 16:06:40,14454,14454,14454,2,-2
2022-12-19 16:06:40,14454,14454,14454,2,0
2022-12-19 16:06:40,14454,14454,14454,2,0
2022-12-19 16:06:40,14454,14454,14454,2,0
2022-12-19 16:06:40,14454,14454,14454,2,0
2022-12-19 16:06:40,14454,14454,14454,2,0
2022-12-19 16:06:41,14454,14454,14454,2,0
2022-12-19 16:06:46,14454,14454,14454,2,0
2022-12-19 16:06:50,14454,14454,14454,2,0
2022-12-19 16:06:51,14455,14455,14455,2,2
2022-12-19 16:06:52,14455,14455,14455,2,0
2022-12-19 16:06:52,14455,14455,14455,2,0
2022-12-19 16:06:54,14455,14455,14455,10,0
2022-12-19 16:06:57,14454,14454,14454,2,-2
2022-12-19 16:06:58,14455,14455,14455,2,2
2022-12-19 16:06:59,14454,14454,14454,6,-6
2022-12-19 16:06:59,14454,14454,14454,2,0
2022-12-19 16:06:59,14453,14453,14453,4,-4
2022-12-19 16:06:59,14453,14453,14453,2,0
2022-12-19 16:06:59,14453,14453,14453,2,0
2022-12-19 16:07:02,14454,14454,14454,4,4
2022-12-19 16:07:02,14454,14454,14454,6,0
2022-12-19 16:07:02,14455,14455,14455,18,18
2022-12-19 16:07:02,14455,14455,14455,6,0
2022-12-19 16:07:02,14455,14455,14455,6,0
2022-12-19 16:07:03,14454,14454,14454,2,-2
2022-12-19 16:07:05,14454,14454,14454,2,0
2022-12-19 16:07:05,14455,14455,14455,2,2
2022-12-19 16:07:06,14455,14455,14455,2,0
2022-12-19 16:07:06,14454,14454,14454,2,-2
2022-12-19 16:07:07,14454,14454,14454,2,0
2022-12-19 16:07:08,14453,14453,14453,2,-2
2022-12-19 16:07:09,14454,14454,14454,4,4
2022-12-19 16:07:10,14453,14453,14453,4,-4
2022-12-19 16:07:10,14453,14453,14453,2,0
2022-12-19 16:07:10,14453,14453,14453,2,0
2022-12-19 16:07:10,14453,14453,14453,2,0
2022-12-19 16:07:12,14452,14452,14452,2,-2
2022-12-19 16:07:15,14455,14455,14455,2,2
2022-12-19 16:07:17,14454,14454,14454,2,-2
2022-12-19 16:07:17,14453,14453,14453,2,-2
2022-12-19 16:07:17,14453,14453,14453,2,0
2022-12-19 16:07:18,14453,14453,14453,2,0
2022-12-19 16:07:18,14454,14454,14454,2,2
2022-12-19 16:07:25,14453,14453,14453,2,-2
2022-12-19 16:07:28,14454,14454,14454,2,2
2022-12-19 16:07:28,14453,14453,14453,2,-2
2022-12-19 16:07:28,14452,14452,14452,2,-2
2022-12-19 16:07:28,14454,14454,14454,2,2
2022-12-19 16:07:28,14454,14454,14454,2,0
2022-12-19 16:07:33,14454,14454,14454,2,0
2022-12-19 16:07:36,14454,14454,14454,2,0
2022-12-19 16:07:37,14454,14454,14454,2,0
2022-12-19 16:07:39,14453,14453,14453,2,-2
2022-12-19 16:07:47,14453,14453,14453,2,0
2022-12-19 16:07:52,14453,14453,14453,2,0
2022-12-19 16:08:02,14452,14452,14452,2,-2
2022-12-19 16:08:02,14452,14452,14452,2,0
2022-12-19 16:08:02,14452,14452,14452,2,0
2022-12-19 16:08:02,14452,14452,14452,4,0
2022-12-19 16:08:02,14452,14452,14452,2,0
2022-12-19 16:08:04,14453,14453,14453,2,2
2022-12-19 16:08:13,14453,14453,14453,2,0
2022-12-19 16:08:13,14453,14453,14453,6,0
2022-12-19 16:08:14,14453,14453,14453,2,0
2022-12-19 16:08:14,14453,14453,14453,2,0
2022-12-19 16:08:14,14453,14453,14453,2,0
2022-12-19 16:08:14,14453,14453,14453,2,0
2022-12-19 16:08:14,14454,14454,14454,36,36
2022-12-19 16:08:15,14455,14455,14455,2,2
2022-12-19 16:08:16,14455,14455,14455,12,0
2022-12-19 16:08:16,14455,14455,14455,16,0
2022-12-19 16:08:16,14455,14455,14455,2,0
2022-12-19 16:08:16,14455,14455,14455,2,0
2022-12-19 16:08:16,14455,14455,14455,2,0
2022-12-19 16:08:16,14455,14455,14455,2,0
2022-12-19 16:08:18,14455,14455,14455,2,0
2022-12-19 16:08:19,14455,14455,14455,2,0
2022-12-19 16:08:20,14455,14455,14455,2,0
2022-12-19 16:08:20,14456,14456,14456,4,4
2022-12-19 16:08:22,14455,14455,14455,2,-2
2022-12-19 16:08:27,14455,14455,14455,2,0
2022-12-19 16:08:32,14456,14456,14456,2,2
2022-12-19 16:08:33,14456,14456,14456,6,0
2022-12-19 16:08:33,14456,14456,14456,2,0
2022-12-19 16:08:33,14456,14456,14456,2,0
2022-12-19 16:08:33,14456,14456,14456,2,0
2022-12-19 16:08:33,14456,14456,14456,6,0
2022-12-19 16:08:46,14457,14457,14457,2,2
2022-12-19 16:08:46,14457,14457,14457,10,0
2022-12-19 16:08:46,14458,14458,14458,8,8
2022-12-19 16:08:46,14458,14458,14458,4,0
2022-12-19 16:08:46,14458,14458,14458,2,0
2022-12-19 16:08:46,14458,14458,14458,4,0
2022-12-19 16:08:46,14458,14458,14458,2,0
2022-12-19 16:08:51,14457,14457,14457,2,-2
2022-12-19 16:08:52,14456,14456,14456,2,-2
2022-12-19 16:08:53,14456,14456,14456,4,0
2022-12-19 16:08:53,14456,14456,14456,4,0
2022-12-19 16:08:53,14456,14456,14456,14,0
2022-12-19 16:08:53,14456,14456,14456,2,0
2022-12-19 16:08:53,14456,14456,14456,2,0
2022-12-19 16:08:53,14456,14456,14456,2,0
2022-12-19 16:08:53,14456,14456,14456,6,0
2022-12-19 16:08:53,14455,14455,14455,2,-2
2022-12-19 16:08:53,14455,14455,14455,2,0
2022-12-19 16:08:53,14456,14456,14456,2,2
2022-12-19 16:08:55,14456,14456,14456,2,0
2022-12-19 16:08:55,14455,14455,14455,2,-2
2022-12-19 16:08:55,14455,14455,14455,2,0
2022-12-19 16:08:57,14456,14456,14456,10,10
2022-12-19 16:08:57,14456,14456,14456,8,0
2022-12-19 16:09:00,14455,14455,14455,2,-2
2022-12-19 16:09:01,14457,14457,14457,4,4
2022-12-19 16:09:02,14457,14457,14457,2,0
2022-12-19 16:09:06,14458,14458,14458,2,2
2022-12-19 16:09:10,14458,14458,14458,10,0
2022-12-19 16:09:12,14457,14457,14457,2,-2
2022-12-19 16:09:13,14458,14458,14458,2,2
2022-12-19 16:09:13,14458,14458,14458,8,0
2022-12-19 16:09:13,14458,14458,14458,2,0
2022-12-19 16:09:16,14459,14459,14459,2,2
2022-12-19 16:09:16,14459,14459,14459,18,0
2022-12-19 16:09:16,14459,14459,14459,2,0
2022-12-19 16:09:16,14459,14459,14459,2,0
2022-12-19 16:09:16,14459,14459,14459,2,0
2022-12-19 16:09:22,14458,14458,14458,2,-2
2022-12-19 16:09:22,14458,14458,14458,2,0
2022-12-19 16:09:22,14458,14458,14458,2,0
2022-12-19 16:09:23,14458,14458,14458,6,0
2022-12-19 16:09:25,14457,14457,14457,2,-2
2022-12-19 16:09:25,14457,14457,14457,2,0
2022-12-19 16:09:25,14457,14457,14457,2,0
2022-12-19 16:09:25,14457,14457,14457,2,0
2022-12-19 16:09:25,14457,14457,14457,2,0
2022-12-19 16:09:26,14458,14458,14458,2,2
2022-12-19 16:09:26,14458,14458,14458,2,0
2022-12-19 16:09:27,14458,14458,14458,2,0
2022-12-19 16:09:27,14459,14459,14459,2,2
2022-12-19 16:09:27,14458,14458,14458,2,-2
2022-12-19 16:09:28,14458,14458,14458,2,0
2022-12-19 16:09:28,14457,14457,14457,2,-2
2022-12-19 16:09:28,14457,14457,14457,2,0
2022-12-19 16:09:28,14457,14457,14457,2,0
2022-12-19 16:09:28,14457,14457,14457,2,0
2022-12-19 16:09:29,14458,14458,14458,2,2
2022-12-19 16:09:35,14458,14458,14458,2,0
2022-12-19 16:09:36,14459,14459,14459,10,10
2022-12-19 16:09:36,14458,14458,14458,2,-2
2022-12-19 16:09:41,14460,14460,14460,10,10
2022-12-19 16:09:42,14460,14460,14460,2,0
2022-12-19 16:09:42,14460,14460,14460,2,0
2022-12-19 16:09:42,14460,14460,14460,2,0
2022-12-19 16:09:42,14460,14460,14460,6,0
2022-12-19 16:09:42,14460,14460,14460,2,0
2022-12-19 16:09:42,14460,14460,14460,2,0
2022-12-19 16:09:42,14460,14460,14460,4,0
2022-12-19 16:09:42,14460,14460,14460,2,0
2022-12-19 16:09:42,14460,14460,14460,2,0
2022-12-19 16:09:42,14460,14460,14460,2,0
2022-12-19 16:09:42,14460,14460,14460,2,0
2022-12-19 16:09:42,14460,14460,14460,30,0
2022-12-19 16:09:42,14460,14460,14460,2,0
2022-12-19 16:09:45,14460,14460,14460,2,0
2022-12-19 16:09:46,14460,14460,14460,4,0
2022-12-19 16:09:48,14461,14461,14461,10,10
2022-12-19 16:09:48,14460,14460,14460,2,-2
2022-12-19 16:09:48,14461,14461,14461,2,2
2022-12-19 16:09:48,14461,14461,14461,2,0
2022-12-19 16:09:48,14461,14461,14461,2,0
2022-12-19 16:09:48,14460,14460,14460,2,-2
2022-12-19 16:09:48,14459,14459,14459,4,-4
2022-12-19 16:09:51,14460,14460,14460,8,8
2022-12-19 16:09:52,14460,14460,14460,2,0
2022-12-19 16:09:52,14459,14459,14459,2,-2
2022-12-19 16:09:54,14459,14459,14459,4,0
2022-12-19 16:09:54,14459,14459,14459,2,0
2022-12-19 16:09:54,14459,14459,14459,2,0
2022-12-19 16:09:59,14459,14459,14459,2,0
2022-12-19 16:09:59,14458,14458,14458,4,-4
2022-12-19 16:10:00,14460,14460,14460,2,2
2022-12-19 16:10:00,14460,14460,14460,2,0
2022-12-19 16:10:00,14461,14461,14461,6,6
2022-12-19 16:10:00,14461,14461,14461,4,0
2022-12-19 16:10:05,14460,14460,14460,2,-2
2022-12-19 16:10:05,14460,14460,14460,4,0
2022-12-19 16:10:13,14461,14461,14461,4,4
2022-12-19 16:10:14,14461,14461,14461,2,0
2022-12-19 16:10:15,14460,14460,14460,2,-2
2022-12-19 16:10:17,14461,14461,14461,2,2
2022-12-19 16:10:18,14461,14461,14461,2,0
2022-12-19 16:10:19,14462,14462,14462,8,8
2022-12-19 16:10:19,14462,14462,14462,2,0
2022-12-19 16:10:20,14462,14462,14462,2,0
2022-12-19 16:10:20,14462,14462,14462,2,0
2022-12-19 16:10:21,14461,14461,14461,2,-2
2022-12-19 16:10:23,14461,14461,14461,2,0
2022-12-19 16:10:24,14461,14461,14461,2,0
2022-12-19 16:10:25,14461,14461,14461,2,0
2022-12-19 16:10:27,14460,14460,14460,4,-4
2022-12-19 16:10:30,14461,14461,14461,4,4
2022-12-19 16:10:30,14461,14461,14461,8,0
2022-12-19 16:10:30,14462,14462,14462,8,8
2022-12-19 16:10:30,14462,14462,14462,4,0
2022-12-19 16:10:30,14462,14462,14462,2,0
2022-12-19 16:10:30,14462,14462,14462,2,0
2022-12-19 16:10:30,14462,14462,14462,2,0
2022-12-19 16:10:30,14462,14462,14462,4,0
2022-12-19 16:10:30,14463,14463,14463,6,6
2022-12-19 16:10:30,14463,14463,14463,4,0
2022-12-19 16:10:30,14463,14463,14463,4,0
2022-12-19 16:10:30,14463,14463,14463,2,0
2022-12-19 16:10:31,14462,14462,14462,2,-2
2022-12-19 16:10:33,14463,14463,14463,2,2
2022-12-19 16:10:34,14464,14464,14464,2,2
2022-12-19 16:10:35,14463,14463,14463,2,-2
2022-12-19 16:10:35,14464,14464,14464,10,10
2022-12-19 16:10:35,14462,14462,14462,2,-2
2022-12-19 16:10:35,14462,14462,14462,4,0
2022-12-19 16:10:36,14463,14463,14463,2,2
2022-12-19 16:10:36,14464,14464,14464,4,4
2022-12-19 16:10:37,14462,14462,14462,2,-2
2022-12-19 16:10:37,14462,14462,14462,2,0
2022-12-19 16:10:37,14464,14464,14464,10,10
2022-12-19 16:10:40,14465,14465,14465,12,12
2022-12-19 16:10:40,14465,14465,14465,2,0
2022-12-19 16:10:41,14465,14465,14465,2,0
2022-12-19 16:10:41,14465,14465,14465,66,0
2022-12-19 16:10:41,14465,14465,14465,2,0
2022-12-19 16:10:41,14465,14465,14465,2,0
2022-12-19 16:10:41,14465,14465,14465,2,0
2022-12-19 16:10:41,14465,14465,14465,2,0
2022-12-19 16:10:41,14465,14465,14465,22,0
2022-12-19 16:10:42,14466,14466,14466,2,2
2022-12-19 16:10:42,14466,14466,14466,6,0
2022-12-19 16:10:42,14466,14466,14466,2,0
2022-12-19 16:10:42,14466,14466,14466,2,0
2022-12-19 16:10:42,14466,14466,14466,8,0
2022-12-19 16:10:42,14466,14466,14466,2,0
2022-12-19 16:10:42,14466,14466,14466,2,0
2022-12-19 16:10:42,14466,14466,14466,2,0
2022-12-19 16:10:42,14466,14466,14466,6,0
2022-12-19 16:10:42,14467,14467,14467,2,2
2022-12-19 16:10:44,14467,14467,14467,2,0
2022-12-19 16:10:44,14467,14467,14467,2,0
2022-12-19 16:10:44,14467,14467,14467,8,0
2022-12-19 16:10:44,14467,14467,14467,2,0
2022-12-19 16:10:44,14468,14468,14468,4,4
2022-12-19 16:10:44,14468,14468,14468,6,0
2022-12-19 16:10:44,14468,14468,14468,2,0
2022-12-19 16:10:44,14468,14468,14468,6,0
2022-12-19 16:10:44,14469,14469,14469,2,2
2022-12-19 16:10:45,14467,14467,14467,2,-2
2022-12-19 16:10:45,14466,14466,14466,2,-2
2022-12-19 16:10:45,14466,14466,14466,2,0
2022-12-19 16:10:45,14465,14465,14465,2,-2
2022-12-19 16:10:45,14465,14465,14465,2,0
2022-12-19 16:10:45,14465,14465,14465,2,0
2022-12-19 16:10:45,14465,14465,14465,2,0
2022-12-19 16:10:45,14465,14465,14465,2,0
2022-12-19 16:10:45,14465,14465,14465,2,0
2022-12-19 16:10:47,14466,14466,14466,2,2
2022-12-19 16:10:47,14467,14467,14467,2,2
2022-12-19 16:10:47,14467,14467,14467,2,0
2022-12-19 16:10:47,14466,14466,14466,2,-2
2022-12-19 16:10:48,14466,14466,14466,2,0
2022-12-19 16:10:49,14466,14466,14466,2,0
2022-12-19 16:10:49,14465,14465,14465,2,-2
2022-12-19 16:10:49,14466,14466,14466,2,2
2022-12-19 16:10:49,14466,14466,14466,2,0
2022-12-19 16:10:50,14465,14465,14465,2,-2
2022-12-19 16:10:50,14466,14466,14466,4,4
2022-12-19 16:10:50,14466,14466,14466,2,0
2022-12-19 16:10:51,14466,14466,14466,4,0
2022-12-19 16:10:51,14466,14466,14466,6,0
2022-12-19 16:10:51,14466,14466,14466,2,0
2022-12-19 16:10:52,14466,14466,14466,2,0
2022-12-19 16:10:52,14466,14466,14466,2,0
2022-12-19 16:10:52,14466,14466,14466,2,0
2022-12-19 16:10:52,14465,14465,14465,2,-2
2022-12-19 16:10:53,14466,14466,14466,2,2
2022-12-19 16:10:54,14466,14466,14466,2,0
2022-12-19 16:10:54,14467,14467,14467,4,4
2022-12-19 16:10:55,14467,14467,14467,2,0
2022-12-19 16:10:55,14468,14468,14468,2,2
2022-12-19 16:10:55,14468,14468,14468,2,0
2022-12-19 16:10:55,14466,14466,14466,2,-2
2022-12-19 16:10:56,14467,14467,14467,2,2
2022-12-19 16:10:56,14467,14467,14467,2,0
2022-12-19 16:10:57,14466,14466,14466,2,-2
2022-12-19 16:10:57,14466,14466,14466,2,0
2022-12-19 16:10:57,14467,14467,14467,2,2
2022-12-19 16:10:58,14466,14466,14466,2,-2
2022-12-19 16:10:58,14466,14466,14466,2,0
2022-12-19 16:10:58,14466,14466,14466,2,0
2022-12-19 16:10:58,14467,14467,14467,2,2
2022-12-19 16:10:59,14466,14466,14466,2,-2
2022-12-19 16:10:59,14466,14466,14466,4,0
2022-12-19 16:11:00,14466,14466,14466,2,0
2022-12-19 16:11:00,14467,14467,14467,2,2
2022-12-19 16:11:00,14467,14467,14467,2,0
2022-12-19 16:11:00,14467,14467,14467,2,0
2022-12-19 16:11:01,14466,14466,14466,2,-2
2022-12-19 16:11:02,14466,14466,14466,4,0
2022-12-19 16:11:02,14466,14466,14466,4,0
2022-12-19 16:11:04,14466,14466,14466,2,0
2022-12-19 16:11:04,14467,14467,14467,4,4
2022-12-19 16:11:04,14466,14466,14466,2,-2
2022-12-19 16:11:05,14466,14466,14466,8,0
2022-12-19 16:11:05,14465,14465,14465,2,-2
2022-12-19 16:11:05,14465,14465,14465,2,0
2022-12-19 16:11:05,14465,14465,14465,10,0
2022-12-19 16:11:06,14465,14465,14465,2,0
2022-12-19 16:11:08,14465,14465,14465,4,0
2022-12-19 16:11:09,14464,14464,14464,2,-2
2022-12-19 16:11:09,14464,14464,14464,2,0
2022-12-19 16:11:09,14464,14464,14464,2,0
2022-12-19 16:11:09,14464,14464,14464,2,0
2022-12-19 16:11:13,14464,14464,14464,2,0
2022-12-19 16:11:13,14464,14464,14464,2,0
2022-12-19 16:11:17,14463,14463,14463,2,-2
2022-12-19 16:11:20,14463,14463,14463,10,0
2022-12-19 16:11:20,14464,14464,14464,2,2
2022-12-19 16:11:28,14463,14463,14463,4,-4
2022-12-19 16:11:33,14463,14463,14463,2,0
2022-12-19 16:11:33,14464,14464,14464,2,2
2022-12-19 16:11:49,14463,14463,14463,2,-2
2022-12-19 16:11:52,14462,14462,14462,2,-2
2022-12-19 16:11:52,14462,14462,14462,2,0
2022-12-19 16:11:53,14463,14463,14463,2,2
2022-12-19 16:11:55,14462,14462,14462,2,-2
2022-12-19 16:11:56,14462,14462,14462,2,0
2022-12-19 16:11:59,14462,14462,14462,2,0
2022-12-19 16:11:59,14462,14462,14462,2,0
2022-12-19 16:12:00,14462,14462,14462,2,0
2022-12-19 16:12:00,14462,14462,14462,2,0
2022-12-19 16:12:00,14462,14462,14462,2,0
2022-12-19 16:12:00,14462,14462,14462,2,0
2022-12-19 16:12:01,14462,14462,14462,4,0
2022-12-19 16:12:01,14461,14461,14461,2,-2
2022-12-19 16:12:02,14461,14461,14461,2,0
2022-12-19 16:12:02,14461,14461,14461,2,0
2022-12-19 16:12:02,14462,14462,14462,8,8
2022-12-19 16:12:03,14461,14461,14461,2,-2
2022-12-19 16:12:03,14461,14461,14461,2,0
2022-12-19 16:12:03,14461,14461,14461,2,0
2022-12-19 16:12:06,14461,14461,14461,2,0
2022-12-19 16:12:06,14461,14461,14461,4,0
2022-12-19 16:12:08,14460,14460,14460,2,-2
2022-12-19 16:12:08,14460,14460,14460,4,0
2022-12-19 16:12:10,14459,14459,14459,2,-2
2022-12-19 16:12:10,14459,14459,14459,2,0
2022-12-19 16:12:10,14459,14459,14459,2,0
2022-12-19 16:12:10,14459,14459,14459,2,0
2022-12-19 16:12:10,14459,14459,14459,4,0
2022-12-19 16:12:11,14459,14459,14459,2,0
2022-12-19 16:12:13,14459,14459,14459,2,0
2022-12-19 16:12:14,14459,14459,14459,2,0
2022-12-19 16:12:16,14459,14459,14459,2,0
2022-12-19 16:12:21,14458,14458,14458,4,-4
2022-12-19 16:12:21,14459,14459,14459,2,2
2022-12-19 16:12:21,14458,14458,14458,2,-2
2022-12-19 16:12:21,14459,14459,14459,2,2
2022-12-19 16:12:22,14458,14458,14458,4,-4
2022-12-19 16:12:22,14458,14458,14458,2,0
2022-12-19 16:12:22,14458,14458,14458,6,0
2022-12-19 16:12:22,14458,14458,14458,2,0
2022-12-19 16:12:22,14458,14458,14458,2,0
2022-12-19 16:12:22,14458,14458,14458,2,0
2022-12-19 16:12:22,14458,14458,14458,2,0
2022-12-19 16:12:22,14458,14458,14458,8,0
2022-12-19 16:12:22,14458,14458,14458,36,0
2022-12-19 16:12:22,14458,14458,14458,2,0
2022-12-19 16:12:22,14458,14458,14458,2,0
2022-12-19 16:12:22,14458,14458,14458,2,0
2022-12-19 16:12:22,14458,14458,14458,2,0
2022-12-19 16:12:22,14458,14458,14458,2,0
2022-12-19 16:12:22,14458,14458,14458,2,0
2022-12-19 16:12:22,14458,14458,14458,2,0
2022-12-19 16:12:26,14457,14457,14457,2,-2
2022-12-19 16:12:26,14458,14458,14458,2,2
2022-12-19 16:12:30,14458,14458,14458,2,0
2022-12-19 16:12:30,14459,14459,14459,2,2
2022-12-19 16:12:33,14458,14458,14458,4,-4
2022-12-19 16:12:33,14458,14458,14458,2,0
2022-12-19 16:12:33,14458,14458,14458,10,0
2022-12-19 16:12:36,14458,14458,14458,2,0
2022-12-19 16:12:36,14458,14458,14458,2,0
2022-12-19 16:12:38,14458,14458,14458,10,0
2022-12-19 16:12:39,14458,14458,14458,2,0
2022-12-19 16:12:39,14458,14458,14458,2,0
2022-12-19 16:12:39,14458,14458,14458,2,0
2022-12-19 16:12:40,14458,14458,14458,2,0
2022-12-19 16:12:44,14458,14458,14458,2,0
2022-12-19 16:12:44,14458,14458,14458,2,0
2022-12-19 16:12:44,14458,14458,14458,2,0
2022-12-19 16:12:46,14458,14458,14458,2,0
2022-12-19 16:12:47,14458,14458,14458,2,0
2022-12-19 16:12:47,14459,14459,14459,2,2
2022-12-19 16:12:47,14459,14459,14459,2,0
2022-12-19 16:12:47,14459,14459,14459,2,0
2022-12-19 16:12:47,14459,14459,14459,2,0
2022-12-19 16:12:50,14458,14458,14458,2,-2
2022-12-19 16:12:53,14459,14459,14459,24,24
2022-12-19 16:12:53,14460,14460,14460,22,22
2022-12-19 16:12:58,14460,14460,14460,4,0
2022-12-19 16:13:11,14460,14460,14460,2,0
2022-12-19 16:13:12,14460,14460,14460,2,0
2022-12-19 16:13:12,14460,14460,14460,8,0
2022-12-19 16:13:13,14461,14461,14461,2,2
2022-12-19 16:13:15,14460,14460,14460,2,-2
2022-12-19 16:13:19,14461,14461,14461,2,2
2022-12-19 16:13:20,14460,14460,14460,2,-2
2022-12-19 16:13:20,14460,14460,14460,2,0
2022-12-19 16:13:20,14460,14460,14460,2,0
2022-12-19 16:13:32,14460,14460,14460,4,0
2022-12-19 16:13:35,14460,14460,14460,6,0
2022-12-19 16:13:35,14460,14460,14460,4,0
2022-12-19 16:13:38,14461,14461,14461,2,2
2022-12-19 16:13:39,14461,14461,14461,2,0
2022-12-19 16:13:40,14461,14461,14461,2,0
2022-12-19 16:13:43,14461,14461,14461,4,0
2022-12-19 16:13:44,14461,14461,14461,2,0
2022-12-19 16:13:44,14461,14461,14461,2,0
2022-12-19 16:13:49,14461,14461,14461,2,0
2022-12-19 16:13:49,14461,14461,14461,2,0
2022-12-19 16:13:54,14461,14461,14461,2,0
2022-12-19 16:13:58,14461,14461,14461,2,0
2022-12-19 16:14:00,14462,14462,14462,2,2
2022-12-19 16:14:01,14461,14461,14461,2,-2
2022-12-19 16:14:02,14461,14461,14461,2,0
2022-12-19 16:14:11,14461,14461,14461,2,0
2022-12-19 16:14:12,14461,14461,14461,2,0
2022-12-19 16:14:14,14461,14461,14461,2,0
2022-12-19 16:14:15,14461,14461,14461,2,0
2022-12-19 16:14:26,14461,14461,14461,2,0
2022-12-19 16:14:27,14461,14461,14461,2,0
2022-12-19 16:14:27,14461,14461,14461,6,0
2022-12-19 16:14:27,14461,14461,14461,2,0
2022-12-19 16:14:27,14461,14461,14461,4,0
2022-12-19 16:14:27,14461,14461,14461,8,0
2022-12-19 16:14:27,14461,14461,14461,2,0
2022-12-19 16:14:27,14461,14461,14461,2,0
2022-12-19 16:14:28,14460,14460,14460,2,-2
2022-12-19 16:14:33,14461,14461,14461,2,2
2022-12-19 16:14:37,14462,14462,14462,4,4
2022-12-19 16:14:37,14462,14462,14462,2,0
2022-12-19 16:14:37,14462,14462,14462,4,0
2022-12-19 16:14:37,14462,14462,14462,4,0
2022-12-19 16:14:37,14462,14462,14462,2,0
2022-12-19 16:14:39,14461,14461,14461,2,-2
2022-12-19 16:14:42,14461,14461,14461,2,0
2022-12-19 16:14:42,14461,14461,14461,2,0
2022-12-19 16:14:42,14461,14461,14461,2,0
2022-12-19 16:14:42,14461,14461,14461,2,0
2022-12-19 16:14:42,14461,14461,14461,2,0
2022-12-19 16:14:44,14461,14461,14461,2,0
2022-12-19 16:14:44,14461,14461,14461,2,0
2022-12-19 16:14:48,14462,14462,14462,4,4
2022-12-19 16:15:00,14462,14462,14462,2,0
2022-12-19 16:15:00,14462,14462,14462,2,0
2022-12-19 16:15:00,14463,14463,14463,2,2
2022-12-19 16:15:00,14463,14463,14463,2,0
2022-12-19 16:15:01,14463,14463,14463,2,0
2022-12-19 16:15:01,14463,14463,14463,4,0
2022-12-19 16:15:01,14463,14463,14463,2,0
2022-12-19 16:15:01,14463,14463,14463,18,0
2022-12-19 16:15:01,14463,14463,14463,2,0
2022-12-19 16:15:02,14463,14463,14463,4,0
2022-12-19 16:15:02,14462,14462,14462,2,-2
2022-12-19 16:15:02,14462,14462,14462,2,0
2022-12-19 16:15:02,14462,14462,14462,2,0
2022-12-19 16:15:02,14463,14463,14463,2,2
2022-12-19 16:15:03,14463,14463,14463,6,0
2022-12-19 16:15:04,14463,14463,14463,4,0
2022-12-19 16:15:05,14464,14464,14464,2,2
2022-12-19 16:15:08,14464,14464,14464,6,0
2022-12-19 16:15:09,14465,14465,14465,2,2
2022-12-19 16:15:11,14464,14464,14464,2,-2
2022-12-19 16:15:12,14464,14464,14464,6,0
2022-12-19 16:15:12,14464,14464,14464,2,0
2022-12-19 16:15:15,14464,14464,14464,2,0
2022-12-19 16:15:16,14463,14463,14463,2,-2
2022-12-19 16:15:17,14464,14464,14464,4,4
2022-12-19 16:15:18,14464,14464,14464,2,0
2022-12-19 16:15:18,14463,14463,14463,2,-2
2022-12-19 16:15:18,14463,14463,14463,4,0
2022-12-19 16:15:20,14464,14464,14464,2,2
2022-12-19 16:15:20,14464,14464,14464,8,0
2022-12-19 16:15:24,14463,14463,14463,2,-2
2022-12-19 16:15:26,14464,14464,14464,2,2
2022-12-19 16:15:28,14464,14464,14464,4,0
2022-12-19 16:15:30,14464,14464,14464,2,0
2022-12-19 16:15:30,14465,14465,14465,2,2
2022-12-19 16:15:30,14465,14465,14465,10,0
2022-12-19 16:15:33,14465,14465,14465,6,0
2022-12-19 16:15:36,14466,14466,14466,2,2
2022-12-19 16:15:36,14466,14466,14466,2,0
2022-12-19 16:15:36,14466,14466,14466,2,0
2022-12-19 16:15:36,14466,14466,14466,14,0
2022-12-19 16:15:36,14466,14466,14466,2,0
2022-12-19 16:15:36,14466,14466,14466,2,0
2022-12-19 16:15:36,14466,14466,14466,2,0
2022-12-19 16:15:36,14467,14467,14467,2,2
2022-12-19 16:15:36,14467,14467,14467,2,0
2022-12-19 16:15:36,14467,14467,14467,2,0
2022-12-19 16:15:37,14467,14467,14467,4,0
2022-12-19 16:15:37,14466,14466,14466,2,-2
2022-12-19 16:15:38,14466,14466,14466,2,0
2022-12-19 16:15:41,14467,14467,14467,6,6
2022-12-19 16:15:41,14467,14467,14467,2,0
2022-12-19 16:15:42,14468,14468,14468,2,2
2022-12-19 16:15:42,14468,14468,14468,2,0
2022-12-19 16:15:42,14468,14468,14468,4,0
2022-12-19 16:15:42,14468,14468,14468,4,0
2022-12-19 16:15:42,14467,14467,14467,2,-2
2022-12-19 16:15:42,14468,14468,14468,4,4
2022-12-19 16:15:43,14468,14468,14468,2,0
2022-12-19 16:15:43,14468,14468,14468,12,0
2022-12-19 16:15:47,14468,14468,14468,2,0
2022-12-19 16:15:47,14468,14468,14468,2,0
2022-12-19 16:15:47,14468,14468,14468,2,0
2022-12-19 16:15:47,14468,14468,14468,2,0
2022-12-19 16:15:47,14468,14468,14468,2,0
2022-12-19 16:15:48,14468,14468,14468,4,0
2022-12-19 16:15:52,14467,14467,14467,2,-2
2022-12-19 16:15:56,14467,14467,14467,2,0
2022-12-19 16:15:58,14467,14467,14467,2,0
2022-12-19 16:16:01,14468,14468,14468,26,26
2022-12-19 16:16:03,14467,14467,14467,2,-2
2022-12-19 16:16:07,14467,14467,14467,2,0
2022-12-19 16:16:08,14468,14468,14468,6,6
2022-12-19 16:16:08,14469,14469,14469,30,30
2022-12-19 16:16:08,14469,14469,14469,4,0
2022-12-19 16:16:08,14469,14469,14469,4,0
2022-12-19 16:16:08,14469,14469,14469,2,0
2022-12-19 16:16:08,14469,14469,14469,2,0
2022-12-19 16:16:08,14469,14469,14469,2,0
2022-12-19 16:16:08,14469,14469,14469,2,0
2022-12-19 16:16:08,14469,14469,14469,2,0
2022-12-19 16:16:08,14469,14469,14469,2,0
2022-12-19 16:16:08,14470,14470,14470,2,2
2022-12-19 16:16:08,14470,14470,14470,2,0
2022-12-19 16:16:08,14470,14470,14470,2,0
2022-12-19 16:16:08,14470,14470,14470,6,0
2022-12-19 16:16:08,14469,14469,14469,2,-2
2022-12-19 16:16:08,14470,14470,14470,8,8
2022-12-19 16:16:08,14470,14470,14470,2,0
2022-12-19 16:16:09,14470,14470,14470,2,0
2022-12-19 16:16:09,14470,14470,14470,4,0
2022-12-19 16:16:09,14471,14471,14471,2,2
