2020-02-11,15:00:00.056000,11657,11658,11657,32
2020-02-11,15:00:00.058000,11656,11657,11657,1
2020-02-11,15:00:00.280000,11656,11657,11657,1
2020-02-11,15:00:00.312000,11656,11657,11657,1
2020-02-11,15:00:00.318000,11656,11657,11657,1
2020-02-11,15:00:00.339000,11656,11657,11657,1
2020-02-11,15:00:00.692000,11657,11658,11657,1
2020-02-11,15:00:00.796000,11657,11658,11658,1
2020-02-11,15:00:01.078000,11657,11658,11657,1
2020-02-11,15:00:01.119000,11657,11658,11657,1
2020-02-11,15:00:01.594000,11656,11657,11657,1
2020-02-11,15:00:02.907000,11657,11658,11658,2
2020-02-11,15:00:03.038000,11657,11658,11658,1
2020-02-11,15:00:03.038000,11657,11658,11659,1
2020-02-11,15:00:03.102000,11657,11658,11659,1
2020-02-11,15:00:03.362000,11657,11659,11657,3
2020-02-11,15:00:03.611000,11657,11658,11658,1
2020-02-11,15:00:03.641000,11657,11658,11658,2
2020-02-11,15:00:04.086000,11658,11659,11658,2
2020-02-11,15:00:04.736000,11657,11658,11658,2
2020-02-11,15:00:06.228000,11657,11658,11657,1
2020-02-11,15:00:06.288000,11657,11659,11659,2
2020-02-11,15:00:07.624000,11657,11658,11657,3
2020-02-11,15:00:07.756000,11657,11658,11658,1
2020-02-11,15:00:07.777000,11658,11659,11658,1
2020-02-11,15:00:10.729000,11657,11658,11657,1
2020-02-11,15:00:11.699000,11657,11658,11657,1
2020-02-11,15:00:11.874000,11657,11658,11657,13
2020-02-11,15:00:12.068000,11656,11657,11657,1
2020-02-11,15:00:12.835000,11656,11657,11657,1
2020-02-11,15:00:13.354000,11656,11657,11657,1
2020-02-11,15:00:14.261000,11657,11658,11658,1
2020-02-11,15:00:15.174000,11657,11658,11657,1
2020-02-11,15:00:16.915000,11657,11658,11658,1
2020-02-11,15:00:17.214000,11657,11658,11657,1
2020-02-11,15:00:17.924000,11657,11658,11657,1
2020-02-11,15:00:18.696000,11657,11658,11658,1
2020-02-11,15:00:19.157000,11657,11658,11657,1
2020-02-11,15:00:21.770000,11656,11657,11656,5
2020-02-11,15:00:22.014000,11656,11657,11656,1
2020-02-11,15:00:23.046000,11656,11657,11656,2
2020-02-11,15:00:23.152000,11656,11657,11656,8
2020-02-11,15:00:23.253000,11656,11657,11656,2
2020-02-11,15:00:24.475000,11655,11656,11655,1
2020-02-11,15:00:24.655000,11655,11656,11655,1
2020-02-11,15:00:25.942000,11655,11656,11656,1
2020-02-11,15:00:26.794000,11655,11656,11655,1
2020-02-11,15:00:27.779000,11655,11656,11655,5
2020-02-11,15:00:27.902000,11655,11656,11655,1
2020-02-11,15:00:27.991000,11655,11656,11656,1
2020-02-11,15:00:28.702000,11655,11656,11655,1
2020-02-11,15:00:29.102000,11655,11656,11655,1
2020-02-11,15:00:29.734000,11655,11656,11656,1
2020-02-11,15:00:30.087000,11655,11656,11655,1
2020-02-11,15:00:30.234000,11655,11656,11655,2
2020-02-11,15:00:31.066000,11655,11656,11655,6
2020-02-11,15:00:31.152000,11655,11656,11655,1
2020-02-11,15:00:31.859000,11654,11656,11654,1
2020-02-11,15:00:31.926000,11654,11656,11656,1
2020-02-11,15:00:32.067000,11654,11656,11656,1
2020-02-11,15:00:32.218000,11655,11656,11655,1
2020-02-11,15:00:32.218000,11655,11656,11654,1
2020-02-11,15:00:32.289000,11654,11656,11655,4
2020-02-11,15:00:32.292000,11654,11656,11654,1
2020-02-11,15:00:35.030000,11654,11655,11654,1
2020-02-11,15:00:35.684000,11654,11655,11655,1
2020-02-11,15:00:36.292000,11654,11655,11654,5
2020-02-11,15:00:36.759000,11654,11655,11655,1
2020-02-11,15:00:37.083000,11654,11655,11655,1
2020-02-11,15:00:38.800000,11654,11655,11654,2
2020-02-11,15:00:38.830000,11654,11655,11655,1
2020-02-11,15:00:39.246000,11654,11656,11654,1
2020-02-11,15:00:40.598000,11655,11656,11656,5
2020-02-11,15:00:40.626000,11655,11656,11655,1
2020-02-11,15:00:43.903000,11655,11656,11655,1
2020-02-11,15:00:44.652000,11655,11656,11656,1
2020-02-11,15:00:44.656000,11655,11656,11656,1
2020-02-11,15:00:44.656000,11655,11656,11656,7
2020-02-11,15:00:44.664000,11655,11656,11656,1
2020-02-11,15:00:44.690000,11655,11656,11656,1
2020-02-11,15:00:44.777000,11655,11656,11656,3
2020-02-11,15:00:44.777000,11655,11656,11656,5
2020-02-11,15:00:44.777000,11655,11656,11656,3
2020-02-11,15:00:44.819000,11655,11656,11656,3
2020-02-11,15:00:49.338000,11656,11657,11656,3
2020-02-11,15:00:49.905000,11656,11657,11656,5
2020-02-11,15:00:51.109000,11655,11656,11656,1
2020-02-11,15:00:51.926000,11655,11656,11656,1
2020-02-11,15:00:52.027000,11655,11656,11656,3
2020-02-11,15:00:53.214000,11656,11657,11656,5
2020-02-11,15:00:53.349000,11656,11657,11656,1
2020-02-11,15:00:54.951000,11655,11656,11656,1
2020-02-11,15:00:55.201000,11655,11656,11656,1
2020-02-11,15:00:56.132000,11655,11656,11656,2
2020-02-11,15:00:58.895000,11655,11656,11656,1
2020-02-11,15:00:58.912000,11655,11656,11655,2
2020-02-11,15:00:59.441000,11655,11656,11655,5
2020-02-11,15:00:59.909000,11655,11656,11655,3
2020-02-11,15:01:00.195000,11655,11656,11656,1
2020-02-11,15:01:00.251000,11655,11656,11655,1
2020-02-11,15:01:00.252000,11655,11656,11655,1
2020-02-11,15:01:01.946000,11655,11656,11655,1
2020-02-11,15:01:02.379000,11654,11655,11654,4
2020-02-11,15:01:04.216000,11654,11655,11655,1
2020-02-11,15:01:06.323000,11654,11655,11655,5
2020-02-11,15:01:08.360000,11654,11656,11656,2
2020-02-11,15:01:11.849000,11654,11655,11655,1
2020-02-11,15:01:14.985000,11654,11655,11655,1
2020-02-11,15:01:15.843000,11654,11655,11654,2
2020-02-11,15:01:15.843000,11654,11655,11654,6
2020-02-11,15:01:15.844000,11654,11655,11654,4
2020-02-11,15:01:15.902000,11654,11655,11654,1
2020-02-11,15:01:15.902000,11654,11655,11654,1
2020-02-11,15:01:15.951000,11654,11655,11654,1
2020-02-11,15:01:17.002000,11653,11654,11654,1
2020-02-11,15:01:18.289000,11653,11654,11653,5
2020-02-11,15:01:18.420000,11653,11654,11653,1
2020-02-11,15:01:18.424000,11653,11654,11653,1
2020-02-11,15:01:18.582000,11653,11654,11653,2
2020-02-11,15:01:18.652000,11653,11654,11653,2
2020-02-11,15:01:18.652000,11653,11654,11653,1
2020-02-11,15:01:18.655000,11653,11654,11653,1
2020-02-11,15:01:18.777000,11653,11654,11653,1
2020-02-11,15:01:18.777000,11653,11654,11653,6
2020-02-11,15:01:18.777000,11653,11654,11653,5
2020-02-11,15:01:18.777000,11653,11654,11653,3
2020-02-11,15:01:18.777000,11653,11654,11653,2
2020-02-11,15:01:18.902000,11653,11654,11653,1
2020-02-11,15:01:18.902000,11653,11654,11653,2
2020-02-11,15:01:18.902000,11653,11654,11653,2
2020-02-11,15:01:19.033000,11652,11654,11652,4
2020-02-11,15:01:19.136000,11652,11654,11652,1
2020-02-11,15:01:19.140000,11652,11654,11652,1
2020-02-11,15:01:19.359000,11652,11653,11652,1
2020-02-11,15:01:19.485000,11652,11653,11652,2
2020-02-11,15:01:19.528000,11652,11653,11652,1
2020-02-11,15:01:19.657000,11652,11653,11652,1
2020-02-11,15:01:19.668000,11652,11653,11652,1
2020-02-11,15:01:19.670000,11652,11653,11652,1
2020-02-11,15:01:19.670000,11652,11653,11652,1
2020-02-11,15:01:19.675000,11652,11653,11652,1
2020-02-11,15:01:20.420000,11652,11653,11652,1
2020-02-11,15:01:20.487000,11652,11653,11651,1
2020-02-11,15:01:22.705000,11651,11653,11653,1
2020-02-11,15:01:23.514000,11652,11653,11653,1
2020-02-11,15:01:27.586000,11653,11654,11653,1
2020-02-11,15:01:28.099000,11653,11654,11654,1
2020-02-11,15:01:30.047000,11653,11655,11655,2
2020-02-11,15:01:32.738000,11653,11655,11653,1
2020-02-11,15:01:34.662000,11653,11654,11653,1
2020-02-11,15:01:38.277000,11653,11654,11653,1
2020-02-11,15:01:44.940000,11653,11654,11654,6
2020-02-11,15:01:46.036000,11654,11655,11654,9
2020-02-11,15:01:46.036000,11654,11655,11653,2
2020-02-11,15:01:47.023000,11653,11654,11653,18
2020-02-11,15:01:51.179000,11652,11653,11653,2
2020-02-11,15:01:51.625000,11652,11653,11652,5
2020-02-11,15:01:52.161000,11652,11653,11652,2
2020-02-11,15:01:54.043000,11652,11653,11653,2
2020-02-11,15:01:54.300000,11652,11653,11652,9
2020-02-11,15:01:54.325000,11652,11653,11652,1
2020-02-11,15:01:54.325000,11652,11653,11652,3
2020-02-11,15:01:54.325000,11652,11653,11652,1
2020-02-11,15:01:54.402000,11651,11652,11652,1
2020-02-11,15:01:54.975000,11651,11652,11652,5
2020-02-11,15:01:55.134000,11651,11653,11651,1
2020-02-11,15:01:55.137000,11651,11653,11651,5
2020-02-11,15:01:56.854000,11652,11653,11652,1
2020-02-11,15:01:58.657000,11652,11653,11652,1
2020-02-11,15:02:00.044000,11652,11653,11652,1
2020-02-11,15:02:00.063000,11652,11653,11652,1
2020-02-11,15:02:00.078000,11652,11653,11652,1
2020-02-11,15:02:00.526000,11652,11653,11652,1
2020-02-11,15:02:01.384000,11652,11653,11652,5
2020-02-11,15:02:02.301000,11652,11653,11652,9
2020-02-11,15:02:02.407000,11652,11653,11651,1
2020-02-11,15:02:02.500000,11652,11653,11652,1
2020-02-11,15:02:03.235000,11651,11652,11652,1
2020-02-11,15:02:03.349000,11651,11652,11652,1
2020-02-11,15:02:03.929000,11651,11652,11652,1
2020-02-11,15:02:04.245000,11651,11652,11652,2
2020-02-11,15:02:04.258000,11651,11652,11652,2
2020-02-11,15:02:04.301000,11651,11652,11652,1
2020-02-11,15:02:04.993000,11651,11652,11652,1
2020-02-11,15:02:06.082000,11652,11653,11652,2
2020-02-11,15:02:08.345000,11652,11653,11652,1
2020-02-11,15:02:10.697000,11652,11653,11653,1
2020-02-11,15:02:12.576000,11652,11653,11652,12
2020-02-11,15:02:14.809000,11651,11652,11652,1
2020-02-11,15:02:14.907000,11651,11652,11652,1
2020-02-11,15:02:18.350000,11651,11652,11652,1
2020-02-11,15:02:20.027000,11651,11652,11652,1
2020-02-11,15:02:20.257000,11651,11652,11652,2
2020-02-11,15:02:20.269000,11651,11652,11652,1
2020-02-11,15:02:22.451000,11651,11652,11652,4
2020-02-11,15:02:23.389000,11652,11653,11653,2
2020-02-11,15:02:25.167000,11652,11653,11653,3
2020-02-11,15:02:26.975000,11653,11654,11653,2
2020-02-11,15:02:28.478000,11653,11654,11653,1
2020-02-11,15:02:29.133000,11653,11654,11653,1
2020-02-11,15:02:29.342000,11653,11654,11653,1
2020-02-11,15:02:29.704000,11653,11654,11654,1
2020-02-11,15:02:32.141000,11653,11654,11653,1
2020-02-11,15:02:36.024000,11653,11654,11654,3
2020-02-11,15:02:36.324000,11653,11654,11653,1
2020-02-11,15:02:39.138000,11653,11654,11654,1
2020-02-11,15:02:43.152000,11654,11655,11654,1
2020-02-11,15:02:43.633000,11653,11654,11654,2
2020-02-11,15:02:44.850000,11653,11654,11654,1
2020-02-11,15:02:45.112000,11653,11654,11654,1
2020-02-11,15:02:45.411000,11653,11654,11654,1
2020-02-11,15:02:48.312000,11653,11654,11654,1
2020-02-11,15:02:56.152000,11653,11654,11654,1
2020-02-11,15:02:57.737000,11653,11654,11653,1
2020-02-11,15:02:57.844000,11653,11654,11654,1
2020-02-11,15:02:59.402000,11653,11654,11654,1
2020-02-11,15:03:02.125000,11653,11654,11654,1
2020-02-11,15:03:02.157000,11653,11654,11653,1
2020-02-11,15:03:03.011000,11653,11654,11653,1
2020-02-11,15:03:03.122000,11653,11654,11653,2
2020-02-11,15:03:03.167000,11653,11654,11654,1
2020-02-11,15:03:03.167000,11653,11654,11654,1
2020-02-11,15:03:03.167000,11653,11654,11654,1
2020-02-11,15:03:03.257000,11653,11654,11654,1
2020-02-11,15:03:03.668000,11653,11654,11653,1
2020-02-11,15:03:05.667000,11652,11654,11654,3
2020-02-11,15:03:05.885000,11652,11654,11653,2
2020-02-11,15:03:06.298000,11652,11654,11654,1
2020-02-11,15:03:11.703000,11653,11654,11654,1
2020-02-11,15:03:11.920000,11653,11654,11653,1
2020-02-11,15:03:16.870000,11653,11654,11653,2
2020-02-11,15:03:20.084000,11653,11654,11653,4
2020-02-11,15:03:20.220000,11653,11654,11653,4
2020-02-11,15:03:21.042000,11653,11654,11654,1
2020-02-11,15:03:24.888000,11653,11654,11654,20
2020-02-11,15:03:25.527000,11654,11655,11654,1
2020-02-11,15:03:32.903000,11654,11655,11655,1
2020-02-11,15:03:35.095000,11654,11655,11655,11
2020-02-11,15:03:42.027000,11654,11655,11655,1
2020-02-11,15:03:42.338000,11654,11656,11655,1
2020-02-11,15:03:46.986000,11654,11655,11655,2
2020-02-11,15:03:48.718000,11655,11656,11655,1
2020-02-11,15:03:49.975000,11655,11656,11655,3
2020-02-11,15:03:51.184000,11655,11656,11655,1
2020-02-11,15:03:54.572000,11655,11656,11655,2
2020-02-11,15:04:00.807000,11655,11656,11656,1
2020-02-11,15:04:02.004000,11655,11656,11656,1
2020-02-11,15:04:02.849000,11655,11656,11655,1
2020-02-11,15:04:09.351000,11655,11656,11655,3
2020-02-11,15:04:14.470000,11654,11655,11655,3
2020-02-11,15:04:16.574000,11655,11656,11655,1
2020-02-11,15:04:16.881000,11654,11655,11655,2
2020-02-11,15:04:17.498000,11654,11655,11655,2
2020-02-11,15:04:19.358000,11654,11655,11655,1
2020-02-11,15:04:23.764000,11654,11655,11655,1
2020-02-11,15:04:27.069000,11655,11656,11655,1
2020-02-11,15:04:29.764000,11654,11655,11655,1
2020-02-11,15:04:39.498000,11654,11655,11655,1
2020-02-11,15:04:42.156000,11654,11655,11655,5
2020-02-11,15:04:48.153000,11655,11656,11655,1
2020-02-11,15:04:49.648000,11655,11656,11655,1
2020-02-11,15:04:51.158000,11655,11656,11655,1
2020-02-11,15:04:52.027000,11654,11655,11655,1
2020-02-11,15:05:04.635000,11655,11656,11656,4
2020-02-11,15:05:05.056000,11655,11656,11655,1
2020-02-11,15:05:05.103000,11655,11656,11655,1
2020-02-11,15:05:05.292000,11655,11656,11656,1
2020-02-11,15:05:05.325000,11655,11656,11656,2
2020-02-11,15:05:10.216000,11655,11656,11655,2
2020-02-11,15:05:11.586000,11655,11656,11655,1
2020-02-11,15:05:12.660000,11655,11656,11656,1
2020-02-11,15:05:13.393000,11655,11656,11656,9
2020-02-11,15:05:13.527000,11655,11656,11656,1
2020-02-11,15:05:13.904000,11656,11657,11656,3
2020-02-11,15:05:17.784000,11656,11657,11657,2
2020-02-11,15:05:23.459000,11656,11657,11657,1
2020-02-11,15:05:27.992000,11656,11657,11656,1
2020-02-11,15:05:34.669000,11656,11657,11657,1
2020-02-11,15:05:44.238000,11656,11657,11656,1
2020-02-11,15:05:45.121000,11656,11657,11657,1
2020-02-11,15:05:46.415000,11656,11657,11657,1
2020-02-11,15:05:47.970000,11656,11657,11656,3
2020-02-11,15:05:48.526000,11656,11657,11657,2
2020-02-11,15:05:59.080000,11656,11657,11656,3
2020-02-11,15:06:00.035000,11656,11657,11656,1
2020-02-11,15:06:00.042000,11656,11657,11656,1
2020-02-11,15:06:00.116000,11656,11657,11656,1
2020-02-11,15:06:00.121000,11656,11657,11656,2
2020-02-11,15:06:00.156000,11656,11657,11656,2
2020-02-11,15:06:01.834000,11656,11657,11656,1
2020-02-11,15:06:03.390000,11656,11657,11656,1
2020-02-11,15:06:04.932000,11656,11657,11656,1
2020-02-11,15:06:07.733000,11656,11657,11656,1
2020-02-11,15:06:09.027000,11655,11656,11656,1
2020-02-11,15:06:17.615000,11655,11656,11656,1
2020-02-11,15:06:30.475000,11655,11656,11656,1
2020-02-11,15:06:31.758000,11655,11656,11656,8
2020-02-11,15:06:41.457000,11656,11657,11656,1
2020-02-11,15:06:43.316000,11656,11657,11656,1
2020-02-11,15:06:51.012000,11656,11657,11656,1
2020-02-11,15:06:53.563000,11656,11657,11656,2
2020-02-11,15:06:55.968000,11656,11657,11656,1
2020-02-11,15:06:56.276000,11656,11657,11656,1
2020-02-11,15:06:57.256000,11656,11657,11657,2
2020-02-11,15:06:58.046000,11656,11657,11656,1
2020-02-11,15:06:58.387000,11656,11657,11657,2
2020-02-11,15:06:59.944000,11656,11657,11657,1
2020-02-11,15:07:00.027000,11656,11657,11657,1
2020-02-11,15:07:00.027000,11656,11657,11657,5
2020-02-11,15:07:00.027000,11656,11657,11657,1
2020-02-11,15:07:00.762000,11657,11658,11658,2
2020-02-11,15:07:01.259000,11657,11658,11658,2
2020-02-11,15:07:02.332000,11657,11658,11657,4
2020-02-11,15:07:02.639000,11657,11658,11658,2
2020-02-11,15:07:03.763000,11657,11658,11658,1
2020-02-11,15:07:08.508000,11657,11659,11659,2
2020-02-11,15:07:09.630000,11658,11659,11659,2
2020-02-11,15:07:10.140000,11658,11659,11659,2
2020-02-11,15:07:11.514000,11658,11659,11659,2
2020-02-11,15:07:12.764000,11658,11659,11659,2
2020-02-11,15:07:13.439000,11658,11659,11659,1
2020-02-11,15:07:13.961000,11659,11660,11659,1
2020-02-11,15:07:18.398000,11659,11660,11659,1
2020-02-11,15:07:18.525000,11659,11660,11660,3
2020-02-11,15:07:18.563000,11659,11660,11660,1
2020-02-11,15:07:21.238000,11659,11660,11660,1
2020-02-11,15:07:24.152000,11659,11660,11660,3
2020-02-11,15:07:24.277000,11659,11660,11660,3
2020-02-11,15:07:24.277000,11659,11660,11660,3
2020-02-11,15:07:24.382000,11659,11660,11660,2
2020-02-11,15:07:24.402000,11659,11660,11660,2
2020-02-11,15:07:24.882000,11660,11661,11661,2
2020-02-11,15:07:25.215000,11660,11661,11661,1
2020-02-11,15:07:25.389000,11660,11661,11661,2
2020-02-11,15:07:25.743000,11660,11661,11660,1
2020-02-11,15:07:26.013000,11660,11661,11661,2
2020-02-11,15:07:26.216000,11660,11662,11660,1
2020-02-11,15:07:26.509000,11660,11662,11662,2
2020-02-11,15:07:26.545000,11660,11662,11661,1
2020-02-11,15:07:27.515000,11661,11662,11662,2
2020-02-11,15:07:28.391000,11661,11662,11662,2
2020-02-11,15:07:29.013000,11661,11662,11662,2
2020-02-11,15:07:29.298000,11661,11662,11662,2
2020-02-11,15:07:29.639000,11661,11662,11662,2
2020-02-11,15:07:34.036000,11661,11662,11662,2
2020-02-11,15:07:34.285000,11661,11662,11662,1
2020-02-11,15:07:36.096000,11661,11662,11662,1
2020-02-11,15:07:36.365000,11661,11662,11661,1
2020-02-11,15:07:36.402000,11661,11662,11661,16
2020-02-11,15:07:37.335000,11660,11661,11660,1
2020-02-11,15:07:38.152000,11659,11660,11660,1
2020-02-11,15:07:38.402000,11659,11660,11660,1
2020-02-11,15:07:38.559000,11659,11661,11660,1
2020-02-11,15:07:38.727000,11659,11661,11659,1
2020-02-11,15:07:41.902000,11659,11660,11660,2
2020-02-11,15:07:42.427000,11660,11661,11661,5
2020-02-11,15:07:46.497000,11660,11661,11660,2
2020-02-11,15:07:48.060000,11660,11661,11660,1
2020-02-11,15:08:00.160000,11660,11661,11661,5
2020-02-11,15:08:02.182000,11660,11661,11660,4
2020-02-11,15:08:03.456000,11660,11661,11661,1
2020-02-11,15:08:03.657000,11660,11661,11660,3
2020-02-11,15:08:06.308000,11660,11661,11660,2
2020-02-11,15:08:06.334000,11660,11661,11660,1
2020-02-11,15:08:08.384000,11659,11660,11660,2
2020-02-11,15:08:19.782000,11659,11660,11660,1
2020-02-11,15:08:20.152000,11659,11660,11660,2
2020-02-11,15:08:25.757000,11660,11661,11660,1
2020-02-11,15:08:31.098000,11660,11661,11660,1
2020-02-11,15:08:32.617000,11660,11661,11661,1
2020-02-11,15:08:32.835000,11660,11661,11660,2
2020-02-11,15:08:39.960000,11660,11661,11660,1
2020-02-11,15:09:10.582000,11660,11661,11660,5
2020-02-11,15:09:17.836000,11660,11661,11660,6
2020-02-11,15:09:19.073000,11659,11660,11660,2
2020-02-11,15:09:23.277000,11659,11660,11660,2
2020-02-11,15:09:24.419000,11660,11661,11660,1
2020-02-11,15:09:31.710000,11659,11661,11660,2
2020-02-11,15:09:36.894000,11660,11661,11661,2
2020-02-11,15:09:42.064000,11659,11661,11659,1
2020-02-11,15:09:44.401000,11659,11661,11660,1
2020-02-11,15:09:51.366000,11659,11660,11659,1
2020-02-11,15:09:54.169000,11659,11660,11660,2
2020-02-11,15:09:54.842000,11660,11661,11660,1
2020-02-11,15:10:02.311000,11660,11661,11660,1
2020-02-11,15:10:03.710000,11660,11661,11661,1
2020-02-11,15:10:05.149000,11660,11661,11660,1
2020-02-11,15:10:09.706000,11660,11661,11660,1
2020-02-11,15:10:14.283000,11660,11661,11660,1
2020-02-11,15:10:14.584000,11660,11661,11660,1
2020-02-11,15:10:15.166000,11660,11661,11660,4
2020-02-11,15:10:15.511000,11659,11660,11660,2
2020-02-11,15:10:16.761000,11659,11660,11660,2
2020-02-11,15:10:20.882000,11659,11661,11659,1
2020-02-11,15:10:28.927000,11659,11660,11659,4
2020-02-11,15:10:29.652000,11659,11660,11660,5
2020-02-11,15:10:33.750000,11660,11661,11660,1
2020-02-11,15:10:37.176000,11660,11661,11660,2
2020-02-11,15:10:47.974000,11659,11660,11660,2
2020-02-11,15:10:53.402000,11659,11660,11660,5
2020-02-11,15:10:53.527000,11659,11660,11660,2
2020-02-11,15:10:55.827000,11660,11661,11661,1
2020-02-11,15:11:02.132000,11660,11661,11660,10
2020-02-11,15:11:08.968000,11660,11661,11660,2
2020-02-11,15:11:12.247000,11660,11661,11660,1
2020-02-11,15:11:14.529000,11660,11661,11660,1
2020-02-11,15:11:23.871000,11660,11661,11660,1
2020-02-11,15:11:24.279000,11660,11661,11661,1
2020-02-11,15:11:27.946000,11660,11661,11661,1
2020-02-11,15:11:29.160000,11660,11661,11661,1
2020-02-11,15:11:31.219000,11660,11661,11661,1
2020-02-11,15:11:34.311000,11660,11661,11661,1
2020-02-11,15:11:37.751000,11660,11661,11661,1
2020-02-11,15:11:40.289000,11660,11661,11661,1
2020-02-11,15:11:41.755000,11660,11661,11660,1
2020-02-11,15:11:52.796000,11660,11661,11660,1
2020-02-11,15:12:07.413000,11660,11661,11660,1
2020-02-11,15:12:18.107000,11660,11661,11660,1
2020-02-11,15:12:39.852000,11660,11661,11660,1
2020-02-11,15:12:41.545000,11660,11661,11660,5
2020-02-11,15:12:49.989000,11660,11661,11660,1
2020-02-11,15:12:54.956000,11659,11660,11660,1
2020-02-11,15:13:00.248000,11659,11660,11659,16
2020-02-11,15:13:04.314000,11658,11659,11659,1
2020-02-11,15:13:10.669000,11658,11659,11659,2
2020-02-11,15:13:37.119000,11658,11659,11658,1
2020-02-11,15:13:37.255000,11658,11659,11658,1
2020-02-11,15:13:47.662000,11658,11659,11658,1
2020-02-11,15:13:51.564000,11658,11659,11658,15
2020-02-11,15:13:51.652000,11658,11659,11658,4
2020-02-11,15:13:51.654000,11658,11659,11657,1
2020-02-11,15:13:52.015000,11657,11658,11658,2
2020-02-11,15:14:15.560000,11657,11658,11657,1
2020-02-11,15:14:17.222000,11657,11658,11657,1
2020-02-11,15:14:20.138000,11657,11658,11657,1
2020-02-11,15:14:24.705000,11657,11658,11657,1
2020-02-11,15:14:45.179000,11657,11658,11657,1
2020-02-11,15:14:48.725000,11657,11658,11657,1
2020-02-11,15:14:53.512000,11657,11658,11658,3
2020-02-11,15:14:53.527000,11657,11658,11658,5
2020-02-11,15:15:02.249000,11658,11659,11658,3
2020-02-11,15:15:05.027000,11658,11659,11658,2
2020-02-11,15:15:05.886000,11657,11658,11658,1
2020-02-11,15:15:05.912000,11657,11658,11658,1
2020-02-11,15:15:05.913000,11657,11658,11658,1
2020-02-11,15:15:16.889000,11657,11658,11657,1
2020-02-11,15:15:20.028000,11657,11658,11657,5
2020-02-11,15:15:20.512000,11656,11657,11657,2
2020-02-11,15:15:20.588000,11656,11657,11656,1
2020-02-11,15:15:21.159000,11656,11657,11656,1
2020-02-11,15:15:35.770000,11656,11657,11656,2
2020-02-11,15:15:45.440000,11656,11657,11656,5
2020-02-11,15:15:56.510000,11656,11657,11657,5
2020-02-11,15:16:19.514000,11656,11657,11656,1
2020-02-11,15:16:29.277000,11656,11657,11656,2
2020-02-11,15:16:31.978000,11656,11657,11656,2
2020-02-11,15:16:33.502000,11656,11657,11656,5
2020-02-11,15:16:36.250000,11656,11657,11656,1
2020-02-11,15:16:36.785000,11656,11657,11656,2
2020-02-11,15:16:39.220000,11656,11657,11656,1
2020-02-11,15:16:39.945000,11656,11657,11656,1
2020-02-11,15:16:40.731000,11656,11657,11656,1
2020-02-11,15:16:46.505000,11656,11657,11656,1
2020-02-11,15:16:51.794000,11656,11657,11656,1
2020-02-11,15:16:51.963000,11656,11657,11656,4
2020-02-11,15:16:52.027000,11656,11657,11656,1
2020-02-11,15:17:17.479000,11655,11656,11656,1
2020-02-11,15:17:23.983000,11655,11656,11655,1
2020-02-11,15:17:34.341000,11655,11656,11655,1
2020-02-11,15:17:36.464000,11655,11656,11655,1
2020-02-11,15:17:44.075000,11655,11656,11656,1
2020-02-11,15:17:44.934000,11655,11656,11656,1
2020-02-11,15:17:48.842000,11656,11657,11656,1
2020-02-11,15:17:53.152000,11656,11657,11656,1
2020-02-11,15:18:07.265000,11655,11656,11656,1
2020-02-11,15:18:15.660000,11655,11656,11656,2
2020-02-11,15:18:18.262000,11655,11656,11656,5
2020-02-11,15:18:19.779000,11655,11656,11656,1
2020-02-11,15:18:34.894000,11655,11656,11656,1
2020-02-11,15:18:35.339000,11655,11656,11656,1
2020-02-11,15:18:39.019000,11655,11656,11656,2
2020-02-11,15:18:39.384000,11655,11656,11656,2
2020-02-11,15:19:06.560000,11655,11656,11655,1
2020-02-11,15:19:08.018000,11655,11656,11656,1
2020-02-11,15:19:10.532000,11655,11656,11655,1
2020-02-11,15:19:10.906000,11655,11656,11655,1
2020-02-11,15:19:11.107000,11655,11656,11655,1
2020-02-11,15:19:11.321000,11655,11656,11655,1
2020-02-11,15:19:13.038000,11655,11656,11655,1
2020-02-11,15:19:13.206000,11655,11656,11655,1
2020-02-11,15:19:13.482000,11655,11656,11655,6
2020-02-11,15:19:13.527000,11655,11656,11655,1
2020-02-11,15:19:13.527000,11655,11656,11655,15
2020-02-11,15:19:13.527000,11655,11656,11655,2
2020-02-11,15:19:13.527000,11655,11656,11655,1
2020-02-11,15:19:13.676000,11654,11655,11655,1
2020-02-11,15:19:13.881000,11654,11655,11655,2
2020-02-11,15:19:13.987000,11654,11655,11654,1
2020-02-11,15:19:14.068000,11654,11655,11654,1
2020-02-11,15:19:14.074000,11654,11655,11654,1
2020-02-11,15:19:15.663000,11654,11655,11654,2
2020-02-11,15:19:16.094000,11654,11655,11654,2
2020-02-11,15:19:16.214000,11654,11655,11654,1
2020-02-11,15:19:16.214000,11654,11655,11654,3
2020-02-11,15:19:16.214000,11654,11655,11654,1
2020-02-11,15:19:16.214000,11654,11655,11654,1
2020-02-11,15:19:19.504000,11654,11655,11654,1
2020-02-11,15:19:23.244000,11654,11655,11654,1
2020-02-11,15:19:25.124000,11654,11655,11654,1
2020-02-11,15:19:25.124000,11654,11655,11653,1
2020-02-11,15:19:35.125000,11653,11654,11653,1
2020-02-11,15:19:38.010000,11653,11654,11653,1
2020-02-11,15:19:50.533000,11653,11654,11653,2
2020-02-11,15:19:50.652000,11653,11654,11653,1
2020-02-11,15:19:50.702000,11653,11654,11653,1
2020-02-11,15:19:50.703000,11653,11654,11653,3
2020-02-11,15:19:50.703000,11653,11654,11653,3
2020-02-11,15:19:50.703000,11653,11654,11653,3
2020-02-11,15:19:50.703000,11653,11654,11653,3
2020-02-11,15:19:50.705000,11653,11654,11653,6
2020-02-11,15:19:50.721000,11653,11654,11653,4
2020-02-11,15:19:51.641000,11652,11653,11652,6
2020-02-11,15:19:51.652000,11652,11653,11652,16
2020-02-11,15:19:52.377000,11652,11653,11652,5
2020-02-11,15:19:52.528000,11652,11653,11652,5
2020-02-11,15:19:52.720000,11652,11653,11652,2
2020-02-11,15:19:52.883000,11651,11652,11651,5
2020-02-11,15:19:53.169000,11651,11652,11651,1
2020-02-11,15:19:53.169000,11651,11652,11651,4
2020-02-11,15:19:54.348000,11651,11652,11651,10
2020-02-11,15:19:59.341000,11651,11652,11652,1
2020-02-11,15:20:02.508000,11651,11652,11652,2
2020-02-11,15:20:02.920000,11651,11652,11651,1
2020-02-11,15:20:03.151000,11651,11652,11651,1
2020-02-11,15:20:03.304000,11651,11652,11651,3
2020-02-11,15:20:03.553000,11651,11652,11651,2
2020-02-11,15:20:03.749000,11651,11652,11652,1
2020-02-11,15:20:03.881000,11651,11652,11651,2
2020-02-11,15:20:04.182000,11651,11652,11652,1
2020-02-11,15:20:05.098000,11651,11652,11652,1
2020-02-11,15:20:05.882000,11651,11652,11652,1
2020-02-11,15:20:07.285000,11651,11652,11652,1
2020-02-11,15:20:08.912000,11651,11652,11652,1
2020-02-11,15:20:09.987000,11651,11652,11651,2
2020-02-11,15:20:10.758000,11651,11652,11651,20
2020-02-11,15:20:11.202000,11651,11652,11651,4
2020-02-11,15:20:11.203000,11651,11652,11651,1
2020-02-11,15:20:12.166000,11651,11652,11651,1
2020-02-11,15:20:12.493000,11651,11652,11651,1
2020-02-11,15:20:14.541000,11651,11652,11651,12
2020-02-11,15:20:14.840000,11651,11652,11651,1
2020-02-11,15:20:15.115000,11651,11652,11651,2
2020-02-11,15:20:16.611000,11650,11651,11650,3
2020-02-11,15:20:16.720000,11650,11651,11650,1
2020-02-11,15:20:17.200000,11650,11651,11650,5
2020-02-11,15:20:17.245000,11650,11651,11651,1
2020-02-11,15:20:17.280000,11650,11651,11651,1
2020-02-11,15:20:17.422000,11650,11651,11650,3
2020-02-11,15:20:18.961000,11650,11651,11650,2
2020-02-11,15:20:19.146000,11650,11651,11650,1
2020-02-11,15:20:19.382000,11650,11651,11650,4
2020-02-11,15:20:20.074000,11650,11651,11650,1
2020-02-11,15:20:20.251000,11650,11651,11650,1
2020-02-11,15:20:20.288000,11650,11651,11650,1
2020-02-11,15:20:20.507000,11650,11651,11650,1
2020-02-11,15:20:21.667000,11650,11651,11651,2
2020-02-11,15:20:22.250000,11650,11651,11650,1
2020-02-11,15:20:22.361000,11650,11651,11650,1
2020-02-11,15:20:26.276000,11650,11651,11651,1
2020-02-11,15:20:26.277000,11650,11651,11651,2
2020-02-11,15:20:26.277000,11650,11651,11651,1
2020-02-11,15:20:26.277000,11650,11651,11651,2
2020-02-11,15:20:26.277000,11650,11651,11651,2
2020-02-11,15:20:26.277000,11650,11651,11651,2
2020-02-11,15:20:26.277000,11650,11651,11651,1
2020-02-11,15:20:26.277000,11650,11651,11651,1
2020-02-11,15:20:26.277000,11650,11651,11651,2
2020-02-11,15:20:26.277000,11650,11651,11651,2
2020-02-11,15:20:26.277000,11650,11651,11651,1
2020-02-11,15:20:26.530000,11651,11652,11651,2
2020-02-11,15:20:27.822000,11651,11652,11651,1
2020-02-11,15:20:28.071000,11651,11652,11651,3
2020-02-11,15:20:28.656000,11651,11652,11651,1
2020-02-11,15:20:30.608000,11651,11652,11651,2
2020-02-11,15:20:31.551000,11651,11652,11651,4
2020-02-11,15:20:32.782000,11651,11652,11652,1
2020-02-11,15:20:34.402000,11651,11652,11652,9
2020-02-11,15:20:35.892000,11652,11653,11652,1
2020-02-11,15:20:36.049000,11652,11653,11652,1
2020-02-11,15:20:36.073000,11652,11653,11652,2
2020-02-11,15:20:37.138000,11652,11653,11652,5
2020-02-11,15:20:40.277000,11652,11653,11652,1
2020-02-11,15:20:44.831000,11652,11653,11652,1
2020-02-11,15:20:44.831000,11652,11653,11651,4
2020-02-11,15:20:47.351000,11652,11653,11652,1
2020-02-11,15:20:47.757000,11652,11653,11652,1
2020-02-11,15:20:56.641000,11652,11653,11652,25
2020-02-11,15:20:56.902000,11651,11652,11652,7
2020-02-11,15:20:57.027000,11651,11652,11652,2
2020-02-11,15:21:02.387000,11651,11652,11652,2
2020-02-11,15:21:03.891000,11651,11652,11652,1
2020-02-11,15:21:14.758000,11652,11653,11652,1
2020-02-11,15:21:15.445000,11652,11653,11652,2
2020-02-11,15:21:19.273000,11652,11653,11652,5
2020-02-11,15:21:19.512000,11651,11653,11653,2
2020-02-11,15:21:22.061000,11652,11653,11653,1
2020-02-11,15:21:22.370000,11652,11653,11652,3
2020-02-11,15:21:25.958000,11652,11653,11652,1
2020-02-11,15:21:28.128000,11652,11653,11652,1
2020-02-11,15:21:35.355000,11652,11653,11652,1
2020-02-11,15:21:35.837000,11652,11653,11653,3
2020-02-11,15:21:36.139000,11652,11653,11653,2
2020-02-11,15:21:56.026000,11652,11653,11653,4
2020-02-11,15:21:56.152000,11652,11653,11653,11
2020-02-11,15:21:56.512000,11652,11653,11653,1
2020-02-11,15:21:56.527000,11652,11653,11653,1
2020-02-11,15:21:56.904000,11652,11653,11653,2
2020-02-11,15:21:59.902000,11652,11653,11653,2
2020-02-11,15:22:00.152000,11652,11653,11653,2
2020-02-11,15:22:02.433000,11653,11654,11653,1
2020-02-11,15:22:02.756000,11652,11653,11653,2
2020-02-11,15:22:06.832000,11653,11654,11653,2
2020-02-11,15:22:07.132000,11652,11653,11653,1
2020-02-11,15:22:10.402000,11652,11653,11653,1
2020-02-11,15:22:12.127000,11652,11654,11654,1
2020-02-11,15:22:13.619000,11653,11654,11654,1
2020-02-11,15:22:33.753000,11653,11654,11654,1
2020-02-11,15:22:43.780000,11653,11654,11653,3
2020-02-11,15:22:53.565000,11653,11654,11654,1
2020-02-11,15:23:00.255000,11653,11654,11654,1
2020-02-11,15:23:23.876000,11653,11654,11654,1
2020-02-11,15:23:55.402000,11653,11654,11654,13
2020-02-11,15:24:27.522000,11654,11655,11654,1
2020-02-11,15:24:27.759000,11653,11654,11654,2
2020-02-11,15:24:47.805000,11653,11654,11654,3
2020-02-11,15:25:01.842000,11653,11654,11653,26
2020-02-11,15:25:05.313000,11653,11654,11653,3
2020-02-11,15:25:18.378000,11652,11653,11653,1
2020-02-11,15:25:29.652000,11652,11653,11653,5
2020-02-11,15:25:39.925000,11653,11654,11653,1
2020-02-11,15:25:45.745000,11653,11654,11653,2
2020-02-11,15:25:46.428000,11653,11654,11653,1
2020-02-11,15:25:49.441000,11653,11654,11653,1
2020-02-11,15:25:50.849000,11653,11654,11653,1
2020-02-11,15:25:52.716000,11653,11654,11653,1
2020-02-11,15:25:55.887000,11653,11654,11653,1
2020-02-11,15:26:15.239000,11653,11654,11653,2
2020-02-11,15:26:16.932000,11653,11654,11653,1
2020-02-11,15:26:19.486000,11653,11654,11654,1
2020-02-11,15:26:20.082000,11653,11654,11654,11
2020-02-11,15:26:21.173000,11654,11655,11655,1
2020-02-11,15:26:22.571000,11654,11655,11655,1
2020-02-11,15:26:28.310000,11654,11655,11655,2
2020-02-11,15:26:30.179000,11654,11655,11655,2
2020-02-11,15:26:39.164000,11654,11655,11655,2
2020-02-11,15:26:41.890000,11654,11655,11655,7
2020-02-11,15:26:42.027000,11654,11655,11655,1
2020-02-11,15:26:44.394000,11655,11656,11656,1
2020-02-11,15:26:44.394000,11655,11656,11656,4
2020-02-11,15:26:44.402000,11655,11656,11656,8
2020-02-11,15:26:49.027000,11656,11657,11657,4
2020-02-11,15:26:49.152000,11656,11657,11657,20
2020-02-11,15:26:49.152000,11656,11657,11657,1
2020-02-11,15:27:02.028000,11657,11658,11658,1
2020-02-11,15:27:02.278000,11657,11658,11658,1
2020-02-11,15:27:03.179000,11657,11658,11657,1
2020-02-11,15:27:13.115000,11657,11658,11657,1
2020-02-11,15:27:16.337000,11657,11658,11658,1
2020-02-11,15:27:16.682000,11657,11658,11658,1
2020-02-11,15:27:19.550000,11657,11658,11657,7
2020-02-11,15:27:30.152000,11656,11657,11656,3
2020-02-11,15:27:30.652000,11655,11656,11655,3
2020-02-11,15:27:35.344000,11654,11655,11654,1
2020-02-11,15:27:38.910000,11654,11655,11654,2
2020-02-11,15:27:39.308000,11654,11655,11655,1
2020-02-11,15:27:43.620000,11654,11655,11654,2
2020-02-11,15:27:52.501000,11654,11655,11654,2
2020-02-11,15:27:54.111000,11654,11655,11654,1
2020-02-11,15:28:09.841000,11654,11655,11655,2
2020-02-11,15:28:14.252000,11654,11655,11655,2
2020-02-11,15:28:24.574000,11655,11656,11656,2
2020-02-11,15:28:32.984000,11655,11656,11656,1
2020-02-11,15:28:35.103000,11655,11656,11656,1
2020-02-11,15:28:44.196000,11655,11656,11655,3
2020-02-11,15:28:44.503000,11655,11656,11656,7
2020-02-11,15:29:17.183000,11655,11656,11656,1
2020-02-11,15:29:22.257000,11655,11656,11656,1
2020-02-11,15:29:47.367000,11655,11656,11655,3
2020-02-11,15:29:49.860000,11655,11656,11655,1
2020-02-11,15:29:51.062000,11655,11656,11655,2
2020-02-11,15:29:54.462000,11654,11655,11655,1
2020-02-11,15:29:56.811000,11654,11655,11655,1
2020-02-11,15:30:02.358000,11655,11656,11655,1
2020-02-11,15:30:17.802000,11655,11656,11655,1
2020-02-11,15:30:21.726000,11655,11656,11655,2
2020-02-11,15:30:22.089000,11655,11656,11655,1
2020-02-11,15:30:41.105000,11655,11656,11655,1
2020-02-11,15:30:44.288000,11655,11656,11655,1
2020-02-11,15:30:46.542000,11655,11656,11655,2
2020-02-11,15:30:47.036000,11655,11656,11655,1
2020-02-11,15:30:56.011000,11655,11656,11655,1
2020-02-11,15:31:07.935000,11655,11656,11655,2
2020-02-11,15:31:10.601000,11655,11656,11655,1
2020-02-11,15:31:13.230000,11655,11656,11655,1
2020-02-11,15:31:13.766000,11655,11656,11655,3
2020-02-11,15:31:14.013000,11654,11655,11655,1
2020-02-11,15:31:31.238000,11655,11656,11655,1
2020-02-11,15:31:35.212000,11655,11656,11655,1
2020-02-11,15:31:39.159000,11655,11656,11655,1
2020-02-11,15:31:51.075000,11655,11656,11655,1
2020-02-11,15:31:51.404000,11655,11656,11655,1
2020-02-11,15:31:57.285000,11655,11656,11655,1
2020-02-11,15:31:57.824000,11655,11656,11655,1
2020-02-11,15:31:58.029000,11655,11656,11655,1
2020-02-11,15:31:58.231000,11655,11656,11655,1
2020-02-11,15:31:59.862000,11655,11656,11655,1
2020-02-11,15:31:59.958000,11655,11656,11655,1
2020-02-11,15:32:00.258000,11655,11656,11655,1
2020-02-11,15:32:00.258000,11655,11656,11655,2
2020-02-11,15:32:00.512000,11654,11655,11655,2
2020-02-11,15:32:00.519000,11654,11655,11655,2
2020-02-11,15:32:01.133000,11654,11655,11655,2
2020-02-11,15:32:08.734000,11654,11655,11655,3
2020-02-11,15:32:16.712000,11654,11655,11655,1
2020-02-11,15:32:31.610000,11654,11655,11655,1
2020-02-11,15:32:35.226000,11654,11655,11654,1
2020-02-11,15:32:35.277000,11654,11655,11654,12
2020-02-11,15:32:35.402000,11654,11655,11654,1
2020-02-11,15:32:35.765000,11653,11654,11654,2
2020-02-11,15:32:38.367000,11653,11654,11653,1
2020-02-11,15:32:38.402000,11653,11654,11653,2
2020-02-11,15:32:38.402000,11653,11654,11653,3
2020-02-11,15:32:44.422000,11652,11653,11652,1
2020-02-11,15:32:45.767000,11652,11653,11652,1
2020-02-11,15:32:48.855000,11652,11653,11652,1
2020-02-11,15:32:48.902000,11652,11653,11652,9
2020-02-11,15:32:48.902000,11652,11653,11652,4
2020-02-11,15:32:49.027000,11652,11653,11652,4
2020-02-11,15:32:49.975000,11652,11653,11652,1
2020-02-11,15:32:51.386000,11652,11653,11652,1
2020-02-11,15:32:51.606000,11652,11653,11652,1
2020-02-11,15:32:59.325000,11652,11653,11652,1
2020-02-11,15:33:01.278000,11652,11653,11652,8
2020-02-11,15:33:04.792000,11651,11652,11652,1
2020-02-11,15:33:21.183000,11651,11652,11651,1
2020-02-11,15:33:24.766000,11651,11652,11651,1
2020-02-11,15:33:29.409000,11651,11652,11651,2
2020-02-11,15:33:30.406000,11651,11652,11651,1
2020-02-11,15:33:37.622000,11651,11652,11651,1
2020-02-11,15:33:41.115000,11651,11652,11652,2
2020-02-11,15:33:41.116000,11651,11652,11652,3
2020-02-11,15:33:41.116000,11651,11652,11652,11
2020-02-11,15:33:52.024000,11652,11653,11652,1
2020-02-11,15:33:52.421000,11652,11653,11652,1
2020-02-11,15:33:55.795000,11652,11653,11652,1
2020-02-11,15:33:56.569000,11652,11653,11653,1
2020-02-11,15:34:06.007000,11652,11653,11653,2
2020-02-11,15:34:06.007000,11652,11653,11653,2
2020-02-11,15:34:06.880000,11653,11654,11654,1
2020-02-11,15:34:07.726000,11653,11654,11654,1
2020-02-11,15:34:07.727000,11653,11654,11654,1
2020-02-11,15:34:20.390000,11653,11654,11654,1
2020-02-11,15:34:20.402000,11653,11654,11654,1
2020-02-11,15:34:26.656000,11653,11654,11653,1
2020-02-11,15:34:27.138000,11653,11654,11654,1
2020-02-11,15:34:37.725000,11653,11654,11654,2
2020-02-11,15:34:40.802000,11653,11654,11654,1
2020-02-11,15:34:45.662000,11653,11654,11654,1
2020-02-11,15:34:46.277000,11653,11654,11654,3
2020-02-11,15:34:47.700000,11653,11655,11655,1
2020-02-11,15:34:57.079000,11654,11655,11655,1
2020-02-11,15:35:02.460000,11654,11655,11654,2
2020-02-11,15:35:05.521000,11654,11655,11654,2
2020-02-11,15:35:09.138000,11654,11655,11654,1
2020-02-11,15:35:20.708000,11654,11655,11655,1
2020-02-11,15:35:21.776000,11654,11655,11654,2
2020-02-11,15:35:22.401000,11654,11655,11655,1
2020-02-11,15:35:27.782000,11654,11655,11655,1
2020-02-11,15:35:36.079000,11654,11655,11655,1
2020-02-11,15:35:43.100000,11654,11655,11655,1
2020-02-11,15:36:03.809000,11654,11655,11655,1
2020-02-11,15:36:06.722000,11654,11655,11655,1
2020-02-11,15:36:26.733000,11653,11654,11654,4
2020-02-11,15:36:32.692000,11653,11655,11655,1
2020-02-11,15:36:35.425000,11654,11655,11654,1
2020-02-11,15:36:36.783000,11654,11655,11654,1
2020-02-11,15:36:49.511000,11654,11655,11654,1
2020-02-11,15:36:49.752000,11653,11655,11654,1
2020-02-11,15:36:55.257000,11653,11655,11654,1
2020-02-11,15:36:55.676000,11653,11655,11654,1
2020-02-11,15:37:03.619000,11654,11655,11654,1
2020-02-11,15:37:06.805000,11654,11655,11654,1
2020-02-11,15:37:07.027000,11654,11655,11654,1
2020-02-11,15:37:07.048000,11654,11655,11654,1
2020-02-11,15:37:07.048000,11654,11655,11654,1
2020-02-11,15:37:07.048000,11654,11655,11654,1
2020-02-11,15:37:07.391000,11653,11654,11654,1
2020-02-11,15:37:19.752000,11653,11654,11653,1
2020-02-11,15:37:23.849000,11653,11654,11653,1
2020-02-11,15:37:27.475000,11653,11654,11653,1
2020-02-11,15:37:28.041000,11653,11654,11653,3
2020-02-11,15:37:39.527000,11652,11653,11652,3
2020-02-11,15:37:50.451000,11651,11652,11651,8
2020-02-11,15:37:50.451000,11651,11652,11651,1
2020-02-11,15:37:50.451000,11651,11652,11651,3
2020-02-11,15:37:50.452000,11651,11652,11651,2
2020-02-11,15:37:52.763000,11650,11651,11650,1
2020-02-11,15:37:52.823000,11650,11651,11650,5
2020-02-11,15:37:53.152000,11650,11651,11650,1
2020-02-11,15:37:53.161000,11650,11651,11650,1
2020-02-11,15:37:53.200000,11650,11651,11650,1
2020-02-11,15:37:53.214000,11650,11651,11650,1
2020-02-11,15:37:53.225000,11650,11651,11650,1
2020-02-11,15:37:53.277000,11650,11651,11650,6
2020-02-11,15:37:53.277000,11650,11651,11650,2
2020-02-11,15:37:53.402000,11650,11651,11650,12
2020-02-11,15:37:53.402000,11650,11651,11650,7
2020-02-11,15:37:53.402000,11650,11651,11650,1
2020-02-11,15:37:53.487000,11650,11651,11649,2
2020-02-11,15:37:53.597000,11649,11651,11649,4
2020-02-11,15:37:53.598000,11649,11651,11649,4
2020-02-11,15:37:53.602000,11649,11651,11649,4
2020-02-11,15:37:53.607000,11649,11651,11649,2
2020-02-11,15:37:53.607000,11649,11651,11648,2
2020-02-11,15:37:53.614000,11649,11651,11648,4
2020-02-11,15:37:53.724000,11648,11650,11648,1
2020-02-11,15:37:53.731000,11648,11650,11648,2
2020-02-11,15:37:53.761000,11648,11650,11648,1
2020-02-11,15:37:53.770000,11648,11650,11648,1
2020-02-11,15:37:53.778000,11648,11650,11648,1
2020-02-11,15:37:53.810000,11648,11650,11648,3
2020-02-11,15:37:53.812000,11648,11650,11648,1
2020-02-11,15:37:53.843000,11648,11650,11649,1
2020-02-11,15:37:53.843000,11648,11650,11650,1
2020-02-11,15:37:53.845000,11648,11650,11648,1
2020-02-11,15:37:53.911000,11648,11650,11648,1
2020-02-11,15:37:53.958000,11648,11650,11648,1
2020-02-11,15:37:54.202000,11648,11650,11648,2
2020-02-11,15:37:54.337000,11648,11649,11648,2
2020-02-11,15:37:54.368000,11648,11649,11648,1
2020-02-11,15:37:54.546000,11648,11649,11648,1
2020-02-11,15:37:54.867000,11648,11649,11648,2
2020-02-11,15:37:55.009000,11648,11649,11648,1
2020-02-11,15:37:55.306000,11648,11650,11648,1
2020-02-11,15:37:55.357000,11648,11650,11648,4
2020-02-11,15:37:55.521000,11648,11650,11648,1
2020-02-11,15:37:56.049000,11648,11650,11648,2
2020-02-11,15:37:56.277000,11648,11650,11648,4
2020-02-11,15:37:57.113000,11648,11650,11648,4
2020-02-11,15:37:57.346000,11648,11650,11648,5
2020-02-11,15:37:58.815000,11648,11650,11648,3
2020-02-11,15:38:00.071000,11648,11649,11649,1
2020-02-11,15:38:01.730000,11648,11649,11648,5
2020-02-11,15:38:01.899000,11648,11649,11648,1
2020-02-11,15:38:02.343000,11648,11649,11648,1
2020-02-11,15:38:02.534000,11648,11649,11648,4
2020-02-11,15:38:05.152000,11648,11649,11649,2
2020-02-11,15:38:05.152000,11648,11649,11649,4
2020-02-11,15:38:05.677000,11649,11650,11649,1
2020-02-11,15:38:05.804000,11649,11650,11649,2
2020-02-11,15:38:06.429000,11649,11650,11649,1
2020-02-11,15:38:09.980000,11649,11650,11649,1
2020-02-11,15:38:11.025000,11648,11650,11648,1
2020-02-11,15:38:18.133000,11649,11650,11649,1
2020-02-11,15:38:18.391000,11648,11649,11649,1
2020-02-11,15:38:19.827000,11649,11650,11650,1
2020-02-11,15:38:20.482000,11649,11650,11649,1
2020-02-11,15:38:24.533000,11648,11649,11648,1
2020-02-11,15:38:28.865000,11648,11649,11649,5
2020-02-11,15:38:29.507000,11649,11650,11649,2
2020-02-11,15:38:31.140000,11649,11650,11650,1
2020-02-11,15:38:31.306000,11649,11650,11649,2
2020-02-11,15:38:32.611000,11649,11650,11649,1
2020-02-11,15:38:34.079000,11649,11650,11649,1
2020-02-11,15:38:34.279000,11649,11650,11649,1
2020-02-11,15:38:36.023000,11649,11650,11649,2
2020-02-11,15:38:38.698000,11648,11649,11648,2
2020-02-11,15:38:38.994000,11648,11649,11649,1
2020-02-11,15:38:46.160000,11649,11650,11649,1
2020-02-11,15:38:54.624000,11649,11650,11650,1
2020-02-11,15:38:55.392000,11649,11650,11649,1
2020-02-11,15:38:55.617000,11649,11650,11649,1
2020-02-11,15:39:04.472000,11649,11650,11649,2
2020-02-11,15:39:04.756000,11649,11650,11650,2
2020-02-11,15:39:09.506000,11649,11650,11650,2
2020-02-11,15:39:12.147000,11649,11650,11650,2
2020-02-11,15:39:14.763000,11649,11650,11650,2
2020-02-11,15:39:15.857000,11649,11650,11650,4
2020-02-11,15:39:16.137000,11649,11650,11650,2
2020-02-11,15:39:18.509000,11650,11651,11651,1
2020-02-11,15:39:21.036000,11651,11652,11651,1
2020-02-11,15:39:26.758000,11651,11652,11652,2
2020-02-11,15:39:27.882000,11651,11652,11652,2
2020-02-11,15:39:28.633000,11651,11652,11652,2
2020-02-11,15:39:29.254000,11651,11652,11652,2
2020-02-11,15:39:29.645000,11651,11653,11653,1
2020-02-11,15:39:34.639000,11651,11653,11653,2
2020-02-11,15:39:35.130000,11651,11653,11653,2
2020-02-11,15:39:35.640000,11652,11653,11653,1
2020-02-11,15:39:37.260000,11652,11653,11653,2
2020-02-11,15:39:37.759000,11652,11653,11653,2
2020-02-11,15:39:38.064000,11652,11653,11652,1
2020-02-11,15:39:38.263000,11652,11653,11653,2
2020-02-11,15:39:48.744000,11652,11653,11652,1
2020-02-11,15:39:48.746000,11652,11653,11652,1
2020-02-11,15:39:53.604000,11652,11653,11652,5
2020-02-11,15:39:54.946000,11652,11653,11652,1
2020-02-11,15:39:56.225000,11651,11652,11651,5
2020-02-11,15:40:04.237000,11651,11652,11651,1
2020-02-11,15:40:04.741000,11651,11652,11651,1
2020-02-11,15:40:05.062000,11650,11652,11650,1
2020-02-11,15:40:12.335000,11650,11651,11650,1
2020-02-11,15:40:22.487000,11650,11651,11651,1
2020-02-11,15:40:38.694000,11650,11651,11651,4
2020-02-11,15:40:57.343000,11651,11652,11651,5
2020-02-11,15:41:01.669000,11651,11652,11651,1
2020-02-11,15:41:09.425000,11651,11652,11651,1
2020-02-11,15:41:12.246000,11651,11652,11652,1
2020-02-11,15:41:19.069000,11651,11652,11652,1
2020-02-11,15:41:23.995000,11651,11652,11652,5
2020-02-11,15:41:39.546000,11651,11652,11652,11
2020-02-11,15:41:45.513000,11651,11652,11651,1
2020-02-11,15:41:59.170000,11651,11652,11652,1
2020-02-11,15:42:00.110000,11651,11652,11652,1
2020-02-11,15:42:03.922000,11652,11653,11652,1
2020-02-11,15:42:04.561000,11652,11653,11652,1
2020-02-11,15:42:09.436000,11652,11653,11652,2
2020-02-11,15:42:09.796000,11652,11653,11652,1
2020-02-11,15:42:45.297000,11652,11653,11652,1
2020-02-11,15:42:56.257000,11652,11653,11652,1
2020-02-11,15:43:02.351000,11652,11653,11652,10
2020-02-11,15:43:02.527000,11652,11653,11653,8
2020-02-11,15:43:15.040000,11653,11654,11654,2
2020-02-11,15:43:15.152000,11653,11654,11654,2
2020-02-11,15:43:15.277000,11653,11654,11654,6
2020-02-11,15:43:38.807000,11654,11655,11655,1
2020-02-11,15:43:39.820000,11654,11655,11655,1
2020-02-11,15:43:42.289000,11654,11655,11654,1
2020-02-11,15:43:43.020000,11654,11655,11654,1
2020-02-11,15:43:57.574000,11654,11655,11654,1
2020-02-11,15:43:57.574000,11654,11655,11654,1
2020-02-11,15:43:57.574000,11654,11655,11654,3
2020-02-11,15:43:57.574000,11654,11655,11654,2
2020-02-11,15:43:57.574000,11654,11655,11654,2
2020-02-11,15:43:57.574000,11654,11655,11654,5
2020-02-11,15:43:57.574000,11654,11655,11654,1
2020-02-11,15:43:57.807000,11653,11654,11654,1
2020-02-11,15:43:59.777000,11653,11654,11654,6
2020-02-11,15:44:20.799000,11653,11654,11654,2
2020-02-11,15:44:21.582000,11653,11655,11653,1
2020-02-11,15:44:46.493000,11654,11655,11654,1
2020-02-11,15:45:04.263000,11653,11654,11653,2
2020-02-11,15:45:04.454000,11653,11654,11653,1
2020-02-11,15:45:04.816000,11652,11654,11652,1
2020-02-11,15:45:06.716000,11653,11654,11653,1
2020-02-11,15:45:08.598000,11652,11653,11653,2
2020-02-11,15:45:30.408000,11652,11653,11653,1
2020-02-11,15:45:32.652000,11652,11653,11653,2
2020-02-11,15:45:38.902000,11652,11653,11653,1
2020-02-11,15:45:50.402000,11652,11653,11653,2
2020-02-11,15:46:04.838000,11653,11654,11653,1
2020-02-11,15:46:10.479000,11653,11654,11653,1
2020-02-11,15:46:19.321000,11653,11654,11653,1
2020-02-11,15:46:26.595000,11653,11654,11653,1
2020-02-11,15:46:45.535000,11653,11654,11654,8
2020-02-11,15:47:00.529000,11653,11654,11653,1
2020-02-11,15:47:02.931000,11653,11654,11654,1
2020-02-11,15:47:23.976000,11654,11655,11654,2
2020-02-11,15:47:28.220000,11654,11655,11654,1
2020-02-11,15:47:33.743000,11654,11655,11654,1
2020-02-11,15:48:00.350000,11654,11655,11654,1
2020-02-11,15:48:16.110000,11654,11655,11654,8
2020-02-11,15:48:16.111000,11654,11655,11654,1
2020-02-11,15:48:16.152000,11653,11654,11654,1
2020-02-11,15:48:18.949000,11653,11654,11654,1
2020-02-11,15:48:19.238000,11654,11655,11655,13
2020-02-11,15:48:19.238000,11654,11655,11655,1
2020-02-11,15:48:19.238000,11654,11655,11655,4
2020-02-11,15:48:19.277000,11654,11655,11655,1
2020-02-11,15:48:26.863000,11655,11656,11656,20
2020-02-11,15:48:30.826000,11655,11656,11656,1
2020-02-11,15:48:30.826000,11655,11656,11656,2
2020-02-11,15:49:07.532000,11656,11657,11656,1
2020-02-11,15:49:13.255000,11656,11657,11657,2
2020-02-11,15:49:16.775000,11656,11657,11657,2
2020-02-11,15:49:31.154000,11656,11657,11657,2
2020-02-11,15:49:32.540000,11656,11657,11657,1
2020-02-11,15:49:39.759000,11656,11657,11657,7
2020-02-11,15:49:45.227000,11656,11657,11657,1
2020-02-11,15:49:45.277000,11656,11657,11657,1
2020-02-11,15:49:58.122000,11657,11658,11657,1
2020-02-11,15:50:02.800000,11656,11657,11657,1
2020-02-11,15:50:06.850000,11657,11658,11658,1
2020-02-11,15:50:07.385000,11657,11658,11658,1
2020-02-11,15:50:11.710000,11657,11658,11657,1
2020-02-11,15:50:11.710000,11657,11658,11656,2
2020-02-11,15:50:26.226000,11656,11657,11657,5
2020-02-11,15:50:31.930000,11656,11657,11657,2
2020-02-11,15:50:33.189000,11656,11657,11656,2
2020-02-11,15:50:40.004000,11656,11657,11656,7
2020-02-11,15:50:40.027000,11656,11657,11656,11
2020-02-11,15:50:40.152000,11656,11657,11656,2
2020-02-11,15:50:40.177000,11656,11657,11656,2
2020-02-11,15:50:49.299000,11655,11656,11656,1
2020-02-11,15:50:49.337000,11655,11656,11656,1
2020-02-11,15:50:50.042000,11656,11657,11656,1
2020-02-11,15:51:03.457000,11656,11657,11657,1
2020-02-11,15:51:13.819000,11656,11657,11657,4
2020-02-11,15:51:14.409000,11657,11658,11657,1
2020-02-11,15:51:15.527000,11656,11657,11657,1
2020-02-11,15:51:22.910000,11657,11658,11657,2
2020-02-11,15:51:28.273000,11657,11658,11658,21
2020-02-11,15:51:30.979000,11658,11659,11659,2
2020-02-11,15:51:31.066000,11658,11659,11659,4
2020-02-11,15:51:32.132000,11658,11659,11659,1
2020-02-11,15:51:34.041000,11658,11659,11659,1
2020-02-11,15:51:35.812000,11658,11659,11659,1
2020-02-11,15:51:37.933000,11658,11659,11659,1
2020-02-11,15:51:38.069000,11658,11659,11659,8
2020-02-11,15:51:40.441000,11659,11660,11659,3
2020-02-11,15:51:45.184000,11659,11660,11659,1
2020-02-11,15:51:59.745000,11658,11659,11659,2
2020-02-11,15:52:02.267000,11658,11659,11659,2
2020-02-11,15:52:02.623000,11658,11659,11659,1
2020-02-11,15:52:02.728000,11658,11659,11659,1
2020-02-11,15:52:03.301000,11658,11660,11660,1
2020-02-11,15:52:03.429000,11658,11660,11660,1
2020-02-11,15:52:06.049000,11659,11660,11660,1
2020-02-11,15:52:09.166000,11659,11660,11660,1
2020-02-11,15:52:09.708000,11659,11660,11660,1
2020-02-11,15:52:11.486000,11659,11660,11660,2
2020-02-11,15:52:13.253000,11659,11660,11660,2
2020-02-11,15:52:13.840000,11659,11660,11660,2
2020-02-11,15:52:18.227000,11659,11660,11660,1
2020-02-11,15:52:18.447000,11659,11660,11660,5
2020-02-11,15:52:21.546000,11659,11660,11660,1
2020-02-11,15:52:21.605000,11659,11660,11659,2
2020-02-11,15:52:25.382000,11658,11659,11659,2
2020-02-11,15:52:28.676000,11659,11660,11659,2
2020-02-11,15:52:33.144000,11659,11660,11659,1
2020-02-11,15:52:40.322000,11659,11660,11659,1
2020-02-11,15:52:43.137000,11659,11660,11660,1
2020-02-11,15:52:44.332000,11659,11660,11659,1
2020-02-11,15:52:44.853000,11659,11660,11659,1
2020-02-11,15:52:50.057000,11659,11660,11659,2
2020-02-11,15:52:52.343000,11658,11660,11660,1
2020-02-11,15:52:55.621000,11659,11660,11660,1
2020-02-11,15:52:59.446000,11659,11660,11660,1
2020-02-11,15:53:00.889000,11659,11660,11660,2
2020-02-11,15:53:02.291000,11659,11660,11660,1
2020-02-11,15:53:06.447000,11659,11660,11660,2
2020-02-11,15:53:07.301000,11659,11660,11660,1
2020-02-11,15:53:09.890000,11660,11661,11660,4
2020-02-11,15:53:12.477000,11659,11660,11660,5
2020-02-11,15:53:14.821000,11659,11660,11660,1
2020-02-11,15:53:16.445000,11659,11660,11660,1
2020-02-11,15:53:22.167000,11659,11660,11660,5
2020-02-11,15:53:22.367000,11659,11660,11660,1
2020-02-11,15:53:32.692000,11659,11660,11660,2
2020-02-11,15:53:35.096000,11659,11660,11660,1
2020-02-11,15:53:40.082000,11659,11660,11659,5
2020-02-11,15:53:40.635000,11658,11659,11659,1
2020-02-11,15:53:49.714000,11658,11659,11658,1
2020-02-11,15:54:14.622000,11658,11659,11658,4
2020-02-11,15:54:14.622000,11658,11659,11658,3
2020-02-11,15:54:14.652000,11658,11659,11658,3
2020-02-11,15:54:14.890000,11657,11658,11658,1
2020-02-11,15:54:18.923000,11657,11658,11658,1
2020-02-11,15:54:19.964000,11657,11658,11657,2
2020-02-11,15:54:19.965000,11657,11658,11657,2
2020-02-11,15:54:20.173000,11656,11657,11656,1
2020-02-11,15:54:34.059000,11656,11657,11657,1
2020-02-11,15:54:46.046000,11657,11659,11657,1
2020-02-11,15:54:46.308000,11657,11659,11657,1
2020-02-11,15:55:01.262000,11657,11658,11658,1
2020-02-11,15:55:26.105000,11658,11659,11659,1
2020-02-11,15:55:27.326000,11658,11659,11659,1
2020-02-11,15:55:33.825000,11658,11659,11658,1
2020-02-11,15:56:10.370000,11658,11659,11658,1
2020-02-11,15:56:16.089000,11658,11659,11658,2
2020-02-11,15:56:16.089000,11658,11659,11658,7
2020-02-11,15:56:29.084000,11657,11658,11657,1
2020-02-11,15:56:29.194000,11657,11658,11657,6
2020-02-11,15:56:29.194000,11657,11658,11657,3
2020-02-11,15:56:29.194000,11657,11658,11657,2
2020-02-11,15:56:52.735000,11657,11658,11657,1
2020-02-11,15:56:52.735000,11657,11658,11657,2
2020-02-11,15:57:15.728000,11656,11657,11657,2
2020-02-11,15:57:15.728000,11656,11657,11657,1
2020-02-11,15:57:25.614000,11656,11657,11657,1
2020-02-11,15:57:37.622000,11657,11658,11657,1
2020-02-11,15:58:40.421000,11657,11658,11657,1
2020-02-11,15:58:40.795000,11657,11658,11658,1
2020-02-11,15:58:41.147000,11657,11658,11658,1
2020-02-11,15:58:48.866000,11657,11658,11658,1
2020-02-11,15:58:51.611000,11657,11658,11658,1
2020-02-11,15:59:07.118000,11657,11658,11658,1
2020-02-11,15:59:18.987000,11657,11658,11658,1
2020-02-11,15:59:19.472000,11657,11658,11658,7
2020-02-11,15:59:19.527000,11658,11659,11658,2
2020-02-11,15:59:20.902000,11658,11659,11659,14
2020-02-11,15:59:21.027000,11658,11659,11659,1
2020-02-11,15:59:24.007000,11658,11659,11659,1
2020-02-11,15:59:28.596000,11659,11660,11659,1
2020-02-11,15:59:30.278000,11658,11660,11658,3
2020-02-11,15:59:39.669000,11657,11659,11659,2
2020-02-11,15:59:48.282000,11658,11659,11658,1
2020-02-11,15:59:50.458000,11657,11658,11658,1
2020-02-11,16:00:00.539000,11657,11658,11657,4
2020-02-11,16:00:00.863000,11656,11658,11656,1
2020-02-11,16:00:00.863000,11656,11658,11656,2
2020-02-11,16:00:00.905000,11656,11657,11656,1
2020-02-11,16:00:00.918000,11656,11657,11655,4
2020-02-11,16:00:00.939000,11656,11657,11655,1
2020-02-11,16:00:00.969000,11656,11657,11655,1
2020-02-11,16:00:01.041000,11655,11656,11655,1
2020-02-11,16:00:02.912000,11655,11657,11655,5
2020-02-11,16:00:02.943000,11655,11657,11655,1
2020-02-11,16:00:02.998000,11655,11657,11655,2
2020-02-11,16:00:03.118000,11655,11657,11657,1
2020-02-11,16:00:03.527000,11656,11657,11656,1
2020-02-11,16:00:08.185000,11657,11658,11658,2
2020-02-11,16:00:08.185000,11657,11658,11658,1
2020-02-11,16:00:10.093000,11657,11659,11657,1
2020-02-11,16:00:14.206000,11657,11658,11657,6
2020-02-11,16:00:27.966000,11656,11657,11657,1
2020-02-11,16:00:45.476000,11656,11657,11657,1
2020-02-11,16:00:47.434000,11657,11658,11657,1
2020-02-11,16:00:48.909000,11657,11658,11658,2
2020-02-11,16:00:52.990000,11658,11659,11659,2
2020-02-11,16:00:55.359000,11659,11660,11659,1
2020-02-11,16:00:58.972000,11659,11660,11659,1
2020-02-11,16:01:05.165000,11659,11660,11660,4
2020-02-11,16:01:05.165000,11659,11660,11660,10
2020-02-11,16:01:05.165000,11659,11660,11660,1
2020-02-11,16:01:11.261000,11660,11661,11661,1
2020-02-11,16:01:19.863000,11660,11661,11660,1
2020-02-11,16:01:22.526000,11660,11661,11660,1
2020-02-11,16:01:30.982000,11660,11661,11660,1
2020-02-11,16:01:35.726000,11660,11661,11660,1
2020-02-11,16:01:39.102000,11660,11661,11660,1
2020-02-11,16:01:40.620000,11660,11661,11660,1
2020-02-11,16:01:40.669000,11660,11661,11660,1
2020-02-11,16:01:41.437000,11660,11661,11660,1
2020-02-11,16:01:43.779000,11660,11661,11661,1
2020-02-11,16:01:48.144000,11660,11661,11660,1
2020-02-11,16:01:50.962000,11660,11661,11660,1
2020-02-11,16:01:55.457000,11660,11661,11660,1
2020-02-11,16:02:00.408000,11659,11660,11659,1
2020-02-11,16:02:02.388000,11659,11660,11660,1
2020-02-11,16:02:05.257000,11658,11660,11660,1
2020-02-11,16:02:15.019000,11659,11660,11659,2
2020-02-11,16:02:18.739000,11658,11659,11659,1
2020-02-11,16:02:25.009000,11658,11659,11659,1
2020-02-11,16:02:32.995000,11659,11660,11659,1
2020-02-11,16:02:44.656000,11659,11660,11660,2
2020-02-11,16:02:45.047000,11659,11660,11660,1
2020-02-11,16:02:53.199000,11659,11660,11660,2
2020-02-11,16:02:53.200000,11659,11660,11660,2
2020-02-11,16:02:53.200000,11659,11660,11660,2
2020-02-11,16:02:53.200000,11659,11660,11660,1
2020-02-11,16:03:02.187000,11660,11661,11661,4
2020-02-11,16:03:05.245000,11660,11661,11660,5
2020-02-11,16:03:06.560000,11660,11661,11661,1
2020-02-11,16:03:07.415000,11660,11661,11661,5
2020-02-11,16:03:08.505000,11660,11661,11661,1
2020-02-11,16:03:17.027000,11660,11661,11661,2
2020-02-11,16:03:20.095000,11660,11661,11660,3
2020-02-11,16:03:20.152000,11660,11661,11660,1
2020-02-11,16:03:25.142000,11659,11660,11660,1
2020-02-11,16:03:26.155000,11659,11660,11660,3
2020-02-11,16:03:26.155000,11659,11660,11661,2
2020-02-11,16:03:38.234000,11659,11661,11661,1
2020-02-11,16:03:40.626000,11660,11661,11661,5
2020-02-11,16:03:49.574000,11660,11661,11660,2
2020-02-11,16:03:55.791000,11660,11661,11660,1
2020-02-11,16:04:10.527000,11659,11660,11659,3
2020-02-11,16:04:12.282000,11658,11659,11659,1
2020-02-11,16:04:13.944000,11658,11659,11658,12
2020-02-11,16:04:22.598000,11657,11658,11658,1
2020-02-11,16:04:29.197000,11658,11659,11658,1
2020-02-11,16:04:34.421000,11658,11659,11658,3
2020-02-11,16:04:41.027000,11657,11658,11657,5
2020-02-11,16:04:41.027000,11657,11658,11657,4
2020-02-11,16:04:41.027000,11657,11658,11657,4
2020-02-11,16:04:41.039000,11657,11658,11657,4
2020-02-11,16:04:41.077000,11657,11658,11657,2
2020-02-11,16:04:41.152000,11657,11658,11657,1
2020-02-11,16:04:41.152000,11657,11658,11657,2
2020-02-11,16:04:51.825000,11656,11658,11658,1
2020-02-11,16:04:55.622000,11657,11658,11658,1
2020-02-11,16:04:57.277000,11658,11659,11658,1
2020-02-11,16:04:59.064000,11657,11658,11658,1
2020-02-11,16:05:00.020000,11657,11658,11658,1
2020-02-11,16:05:00.294000,11657,11659,11657,2
2020-02-11,16:05:01.004000,11657,11658,11658,1
2020-02-11,16:05:01.894000,11657,11658,11657,1
2020-02-11,16:05:01.902000,11657,11658,11657,1
2020-02-11,16:05:07.192000,11657,11658,11658,1
2020-02-11,16:05:07.587000,11657,11658,11657,2
2020-02-11,16:05:15.836000,11656,11657,11657,2
2020-02-11,16:05:15.902000,11657,11658,11657,2
2020-02-11,16:05:16.078000,11657,11658,11658,10
2020-02-11,16:05:17.814000,11657,11658,11657,2
2020-02-11,16:05:20.179000,11657,11658,11658,2
2020-02-11,16:05:46.402000,11657,11658,11657,2
2020-02-11,16:06:02.541000,11656,11657,11656,10
2020-02-11,16:06:02.630000,11656,11657,11656,2
2020-02-11,16:06:02.652000,11656,11657,11656,2
2020-02-11,16:06:04.827000,11656,11657,11656,2
2020-02-11,16:06:07.509000,11655,11656,11656,2
2020-02-11,16:06:09.702000,11655,11656,11656,1
2020-02-11,16:06:09.703000,11655,11656,11656,1
2020-02-11,16:06:11.277000,11656,11657,11656,1
2020-02-11,16:06:18.552000,11655,11656,11655,1
2020-02-11,16:06:21.247000,11655,11656,11655,20
2020-02-11,16:06:26.949000,11655,11656,11655,1
2020-02-11,16:06:32.435000,11655,11656,11655,1
2020-02-11,16:06:40.744000,11655,11656,11655,2
2020-02-11,16:06:48.165000,11655,11656,11655,2
2020-02-11,16:06:52.937000,11655,11656,11656,1
2020-02-11,16:06:52.937000,11655,11656,11656,5
2020-02-11,16:06:52.937000,11655,11656,11656,8
2020-02-11,16:06:54.159000,11656,11657,11656,1
2020-02-11,16:06:55.124000,11656,11657,11657,1
2020-02-11,16:07:03.468000,11656,11657,11657,2
2020-02-11,16:07:08.786000,11657,11658,11658,2
2020-02-11,16:07:08.786000,11657,11658,11658,3
2020-02-11,16:07:15.737000,11658,11659,11659,5
2020-02-11,16:07:23.511000,11659,11660,11659,1
2020-02-11,16:07:26.217000,11658,11659,11659,1
2020-02-11,16:07:28.639000,11659,11660,11660,7
2020-02-11,16:07:32.422000,11659,11660,11660,1
2020-02-11,16:07:37.152000,11659,11660,11660,1
2020-02-11,16:07:40.235000,11660,11661,11661,5
2020-02-11,16:07:40.236000,11660,11661,11661,16
2020-02-11,16:07:40.304000,11661,11662,11662,2
2020-02-11,16:07:40.304000,11661,11662,11662,2
2020-02-11,16:07:40.304000,11661,11662,11662,1
2020-02-11,16:07:40.304000,11661,11662,11662,5
2020-02-11,16:07:40.306000,11661,11662,11662,3
2020-02-11,16:07:40.402000,11661,11662,11662,7
2020-02-11,16:07:40.428000,11661,11662,11663,1
2020-02-11,16:07:40.444000,11661,11662,11663,1
2020-02-11,16:07:40.597000,11662,11663,11663,10
2020-02-11,16:07:40.601000,11662,11663,11663,1
2020-02-11,16:07:40.613000,11662,11663,11663,5
2020-02-11,16:07:40.636000,11662,11663,11663,1
2020-02-11,16:07:40.652000,11662,11663,11663,1
2020-02-11,16:07:40.815000,11662,11664,11664,1
2020-02-11,16:07:40.995000,11663,11664,11664,1
2020-02-11,16:07:41.049000,11663,11664,11664,1
2020-02-11,16:07:41.222000,11663,11664,11664,1
2020-02-11,16:07:41.310000,11663,11664,11664,1
2020-02-11,16:07:42.704000,11662,11663,11663,2
2020-02-11,16:07:50.329000,11662,11663,11663,1
2020-02-11,16:07:52.742000,11663,11664,11663,1
2020-02-11,16:07:52.742000,11663,11664,11663,2
2020-02-11,16:07:54.217000,11662,11663,11663,1
2020-02-11,16:07:56.404000,11663,11664,11664,25
2020-02-11,16:07:57.092000,11663,11664,11664,1
2020-02-11,16:07:58.063000,11663,11664,11664,2
2020-02-11,16:08:00.152000,11663,11664,11663,2
2020-02-11,16:08:00.152000,11663,11664,11663,1
2020-02-11,16:08:00.158000,11663,11664,11663,1
2020-02-11,16:08:01.027000,11663,11664,11663,1
2020-02-11,16:08:02.705000,11663,11664,11664,5
2020-02-11,16:08:03.894000,11663,11664,11664,1
2020-02-11,16:08:06.370000,11663,11664,11664,1
2020-02-11,16:08:07.407000,11663,11664,11664,1
2020-02-11,16:08:07.407000,11663,11664,11665,1
2020-02-11,16:08:07.565000,11663,11665,11665,1
2020-02-11,16:08:07.572000,11663,11665,11665,1
2020-02-11,16:08:07.775000,11663,11665,11665,2
2020-02-11,16:08:08.280000,11664,11665,11664,2
2020-02-11,16:08:09.036000,11664,11665,11664,1
2020-02-11,16:08:09.503000,11663,11665,11665,2
2020-02-11,16:08:09.875000,11663,11665,11665,3
2020-02-11,16:08:11.124000,11663,11664,11663,5
2020-02-11,16:08:15.785000,11663,11664,11664,2
2020-02-11,16:08:15.789000,11663,11664,11664,1
2020-02-11,16:08:18.009000,11664,11665,11664,2
2020-02-11,16:08:18.041000,11663,11664,11663,2
2020-02-11,16:08:23.978000,11663,11664,11663,1
2020-02-11,16:08:27.229000,11663,11664,11664,1
2020-02-11,16:08:28.198000,11664,11665,11664,1
2020-02-11,16:08:30.932000,11663,11664,11664,1
2020-02-11,16:08:33.767000,11663,11664,11664,1
2020-02-11,16:08:38.375000,11663,11664,11664,2
2020-02-11,16:08:39.214000,11664,11665,11664,4
2020-02-11,16:08:41.005000,11663,11664,11664,1
2020-02-11,16:08:41.092000,11663,11665,11665,16
2020-02-11,16:08:42.106000,11664,11665,11665,3
2020-02-11,16:08:43.414000,11664,11665,11665,3
2020-02-11,16:08:43.784000,11664,11665,11665,2
2020-02-11,16:08:44.786000,11664,11665,11665,1
2020-02-11,16:08:47.083000,11664,11665,11665,1
2020-02-11,16:08:47.145000,11664,11665,11664,2
2020-02-11,16:08:50.590000,11664,11665,11664,2
2020-02-11,16:08:50.590000,11664,11665,11664,2
2020-02-11,16:08:51.179000,11663,11664,11664,1
2020-02-11,16:08:54.865000,11663,11664,11663,1
2020-02-11,16:08:56.348000,11663,11664,11663,1
2020-02-11,16:09:06.614000,11663,11664,11664,1
2020-02-11,16:09:10.734000,11664,11665,11664,6
2020-02-11,16:09:12.815000,11664,11665,11665,1
2020-02-11,16:09:15.011000,11664,11665,11664,1
2020-02-11,16:09:22.305000,11664,11665,11664,1
2020-02-11,16:09:24.293000,11664,11665,11664,4
2020-02-11,16:09:33.565000,11663,11664,11664,1
2020-02-11,16:09:35.105000,11664,11665,11664,1
2020-02-11,16:09:41.089000,11664,11665,11664,1
2020-02-11,16:09:42.872000,11663,11664,11664,1
2020-02-11,16:09:49.890000,11663,11665,11664,1
2020-02-11,16:09:50.527000,11664,11665,11664,5
2020-02-11,16:09:58.595000,11663,11664,11663,1
2020-02-11,16:10:06.744000,11663,11664,11664,2
2020-02-11,16:10:06.878000,11663,11664,11664,2
2020-02-11,16:10:06.895000,11663,11664,11664,2
2020-02-11,16:10:06.902000,11663,11664,11664,1
2020-02-11,16:10:07.025000,11663,11664,11664,1
2020-02-11,16:10:07.025000,11663,11664,11663,1
2020-02-11,16:10:13.081000,11663,11664,11664,3
2020-02-11,16:10:18.197000,11664,11665,11664,2
2020-02-11,16:10:26.734000,11663,11664,11664,1
2020-02-11,16:10:28.230000,11663,11664,11664,1
2020-02-11,16:10:28.235000,11663,11664,11664,1
2020-02-11,16:10:31.371000,11664,11665,11664,2
2020-02-11,16:10:38.084000,11664,11665,11665,1
2020-02-11,16:10:38.198000,11664,11665,11665,4
2020-02-11,16:10:38.373000,11664,11665,11665,1
2020-02-11,16:10:38.421000,11664,11665,11665,1
2020-02-11,16:10:38.454000,11664,11665,11665,1
2020-02-11,16:10:39.827000,11664,11665,11664,1
2020-02-11,16:10:40.092000,11664,11665,11664,1
2020-02-11,16:10:57.432000,11664,11665,11665,13
2020-02-11,16:10:57.527000,11665,11666,11665,7
2020-02-11,16:11:02.027000,11664,11665,11664,3
2020-02-11,16:11:03.510000,11663,11664,11664,1
2020-02-11,16:11:04.632000,11663,11664,11664,1
2020-02-11,16:11:14.420000,11664,11665,11664,1
2020-02-11,16:11:15.738000,11664,11665,11665,8
2020-02-11,16:11:24.354000,11664,11665,11665,1
2020-02-11,16:11:27.098000,11664,11665,11664,1
2020-02-11,16:11:27.382000,11664,11665,11664,1
2020-02-11,16:11:27.382000,11664,11665,11664,2
2020-02-11,16:11:27.383000,11664,11665,11664,4
2020-02-11,16:11:28.047000,11663,11664,11663,1
2020-02-11,16:11:29.278000,11663,11664,11663,2
2020-02-11,16:11:33.621000,11663,11664,11664,1
2020-02-11,16:11:40.257000,11663,11664,11663,2
2020-02-11,16:11:40.257000,11663,11664,11663,16
2020-02-11,16:11:40.261000,11663,11664,11663,1
2020-02-11,16:11:40.319000,11662,11663,11662,2
2020-02-11,16:11:40.319000,11662,11663,11662,4
2020-02-11,16:11:40.319000,11662,11663,11662,5
2020-02-11,16:11:40.319000,11662,11663,11662,4
2020-02-11,16:11:40.322000,11662,11663,11662,4
2020-02-11,16:11:40.372000,11662,11663,11662,1
2020-02-11,16:11:40.372000,11662,11663,11662,1
2020-02-11,16:11:40.377000,11662,11663,11662,1
2020-02-11,16:11:40.377000,11662,11663,11662,1
2020-02-11,16:11:40.378000,11662,11663,11662,1
2020-02-11,16:11:40.378000,11662,11663,11663,1
2020-02-11,16:11:40.402000,11662,11663,11662,1
2020-02-11,16:11:40.527000,11661,11662,11662,2
2020-02-11,16:11:40.917000,11661,11662,11661,3
2020-02-11,16:11:41.005000,11661,11662,11661,3
2020-02-11,16:11:45.299000,11661,11662,11662,1
2020-02-11,16:11:48.989000,11661,11662,11661,1
2020-02-11,16:11:49.027000,11661,11662,11661,3
2020-02-11,16:11:50.586000,11660,11661,11660,3
2020-02-11,16:11:52.316000,11660,11661,11661,1
2020-02-11,16:11:52.764000,11660,11662,11660,5
2020-02-11,16:11:55.891000,11660,11661,11661,1
2020-02-11,16:12:01.027000,11662,11663,11662,1
2020-02-11,16:12:11.152000,11662,11663,11662,2
2020-02-11,16:12:19.071000,11661,11662,11662,1
2020-02-11,16:12:20.232000,11662,11663,11663,1
2020-02-11,16:12:33.255000,11662,11663,11663,8
2020-02-11,16:12:39.249000,11663,11664,11663,1
2020-02-11,16:12:40.007000,11663,11664,11664,1
2020-02-11,16:12:40.293000,11663,11664,11663,1
2020-02-11,16:12:40.355000,11663,11664,11664,1
2020-02-11,16:12:43.745000,11663,11664,11663,1
2020-02-11,16:12:44.528000,11663,11664,11663,1
2020-02-11,16:13:03.123000,11663,11664,11663,3
2020-02-11,16:13:03.152000,11663,11664,11663,1
2020-02-11,16:13:05.741000,11662,11663,11662,1
2020-02-11,16:13:06.848000,11662,11663,11662,1
2020-02-11,16:13:43.016000,11662,11663,11663,1
2020-02-11,16:13:43.675000,11662,11663,11662,1
2020-02-11,16:13:50.083000,11662,11663,11663,1
2020-02-11,16:13:50.388000,11662,11663,11663,1
2020-02-11,16:14:07.822000,11662,11663,11662,2
2020-02-11,16:14:10.683000,11662,11663,11662,3
2020-02-11,16:14:15.498000,11661,11662,11662,3
2020-02-11,16:14:31.573000,11661,11662,11662,2
2020-02-11,16:14:31.573000,11661,11662,11662,1
2020-02-11,16:14:38.363000,11661,11662,11662,1
2020-02-11,16:14:42.736000,11661,11662,11661,4
2020-02-11,16:15:00.402000,11660,11661,11661,1
2020-02-11,16:15:11.032000,11661,11662,11662,1
2020-02-11,16:15:21.903000,11661,11662,11661,2
2020-02-11,16:15:38.527000,11660,11661,11661,2
2020-02-11,16:15:59.937000,11660,11661,11661,6
2020-02-11,16:16:00.885000,11661,11662,11662,5
2020-02-11,16:16:00.885000,11661,11662,11662,2
2020-02-11,16:16:00.902000,11661,11662,11662,1
2020-02-11,16:16:03.382000,11662,11664,11662,16
2020-02-11,16:16:03.382000,11662,11664,11661,4
2020-02-11,16:16:10.902000,11661,11662,11662,1
2020-02-11,16:16:20.914000,11662,11663,11663,3
2020-02-11,16:16:23.858000,11662,11663,11662,1
2020-02-11,16:16:36.777000,11663,11664,11663,1
2020-02-11,16:16:37.777000,11663,11664,11663,1
2020-02-11,16:16:43.351000,11662,11663,11663,1
2020-02-11,16:16:43.351000,11662,11663,11664,1
2020-02-11,16:16:48.644000,11662,11663,11663,1
2020-02-11,16:16:51.156000,11663,11664,11664,1
2020-02-11,16:16:51.201000,11663,11664,11664,2
2020-02-11,16:16:51.207000,11663,11664,11664,2
2020-02-11,16:17:09.021000,11664,11665,11664,1
2020-02-11,16:17:09.395000,11663,11665,11665,5
2020-02-11,16:17:14.649000,11663,11665,11665,2
2020-02-11,16:17:18.697000,11663,11664,11664,14
2020-02-11,16:17:18.787000,11664,11665,11664,1
2020-02-11,16:17:23.007000,11663,11665,11665,2
2020-02-11,16:17:23.942000,11663,11665,11665,5
2020-02-11,16:17:28.527000,11664,11665,11665,2
2020-02-11,16:17:29.516000,11664,11665,11664,1
2020-02-11,16:17:52.045000,11664,11665,11665,2
2020-02-11,16:18:00.926000,11664,11665,11664,8
2020-02-11,16:18:01.334000,11663,11664,11663,1
2020-02-11,16:18:01.334000,11663,11664,11663,3
2020-02-11,16:18:10.336000,11662,11664,11662,3
2020-02-11,16:18:35.940000,11663,11664,11663,1
2020-02-11,16:18:40.669000,11663,11664,11664,3
2020-02-11,16:18:57.715000,11663,11664,11663,2
2020-02-11,16:19:09.160000,11662,11663,11662,10
2020-02-11,16:19:27.956000,11663,11664,11663,1
2020-02-11,16:19:40.671000,11663,11664,11663,1
2020-02-11,16:20:45.553000,11662,11663,11662,1
2020-02-11,16:20:46.078000,11662,11663,11663,2
2020-02-11,16:21:06.746000,11662,11663,11663,1
2020-02-11,16:21:13.565000,11662,11663,11663,1
2020-02-11,16:21:39.777000,11662,11663,11663,4
2020-02-11,16:21:39.777000,11662,11663,11663,1
2020-02-11,16:21:39.777000,11662,11663,11663,1
2020-02-11,16:21:39.777000,11662,11663,11663,3
2020-02-11,16:21:54.032000,11663,11664,11663,1
2020-02-11,16:23:02.654000,11663,11664,11664,8
2020-02-11,16:23:04.590000,11664,11665,11664,1
2020-02-11,16:23:07.296000,11664,11665,11664,1
2020-02-11,16:23:10.227000,11664,11665,11664,1
2020-02-11,16:23:22.019000,11664,11665,11665,1
2020-02-11,16:23:31.641000,11664,11665,11664,1
2020-02-11,16:23:36.200000,11664,11665,11664,3
2020-02-11,16:23:37.819000,11663,11664,11664,2
2020-02-11,16:23:47.717000,11663,11664,11663,1
2020-02-11,16:23:47.717000,11663,11664,11663,4
2020-02-11,16:23:47.717000,11663,11664,11663,2
2020-02-11,16:23:47.717000,11663,11664,11663,1
2020-02-11,16:23:47.717000,11663,11664,11663,6
2020-02-11,16:23:48.504000,11662,11664,11664,1
2020-02-11,16:23:54.168000,11662,11664,11664,1
2020-02-11,16:24:07.439000,11663,11664,11664,1
2020-02-11,16:25:05.514000,11663,11664,11663,5
2020-02-11,16:25:08.723000,11663,11664,11663,21
2020-02-11,16:25:09.346000,11662,11663,11662,1
2020-02-11,16:25:10.167000,11662,11663,11662,1
2020-02-11,16:25:34.072000,11662,11663,11662,9
2020-02-11,16:25:43.231000,11661,11662,11661,1
2020-02-11,16:25:48.421000,11661,11662,11661,1
2020-02-11,16:25:55.777000,11661,11662,11661,1
2020-02-11,16:25:55.787000,11661,11662,11661,4
2020-02-11,16:25:55.789000,11661,11662,11661,3
2020-02-11,16:25:55.793000,11661,11662,11661,4
2020-02-11,16:26:01.451000,11661,11662,11661,1
2020-02-11,16:26:08.521000,11660,11661,11660,1
2020-02-11,16:26:12.187000,11660,11661,11660,1
2020-02-11,16:26:21.517000,11660,11661,11660,5
2020-02-11,16:26:24.072000,11660,11661,11660,2
2020-02-11,16:26:42.286000,11660,11661,11660,1
2020-02-11,16:26:45.231000,11660,11661,11660,5
2020-02-11,16:26:49.083000,11660,11661,11660,1
2020-02-11,16:26:49.776000,11660,11661,11661,9
2020-02-11,16:26:49.777000,11661,11662,11661,1
2020-02-11,16:26:50.098000,11660,11662,11661,2
2020-02-11,16:26:50.102000,11660,11662,11661,1
2020-02-11,16:26:50.104000,11660,11662,11661,1
2020-02-11,16:26:50.105000,11660,11662,11661,1
2020-02-11,16:26:50.152000,11661,11662,11661,5
2020-02-11,16:27:05.192000,11661,11662,11662,2
2020-02-11,16:27:05.196000,11661,11662,11662,2
2020-02-11,16:27:05.197000,11661,11662,11662,5
2020-02-11,16:27:05.311000,11661,11663,11662,1
2020-02-11,16:27:51.909000,11661,11663,11661,1
2020-02-11,16:28:19.728000,11662,11663,11662,3
2020-02-11,16:28:41.282000,11662,11663,11662,4
2020-02-11,16:28:56.916000,11661,11663,11663,5
2020-02-11,16:28:57.826000,11662,11663,11662,1
2020-02-11,16:29:17.382000,11661,11662,11661,5
2020-02-11,16:29:21.284000,11661,11662,11662,2
2020-02-11,16:29:22.490000,11661,11662,11661,1
2020-02-11,16:29:25.210000,11661,11662,11662,8
2020-02-11,16:29:32.372000,11662,11663,11662,5
2020-02-11,16:29:47.005000,11662,11663,11662,1
2020-02-11,16:29:47.981000,11662,11663,11662,1
2020-02-11,16:29:53.159000,11662,11663,11662,1
2020-02-11,16:30:01.262000,11662,11663,11662,1
2020-02-11,16:30:06.946000,11662,11663,11662,2
2020-02-11,16:30:07.607000,11661,11662,11662,2
2020-02-11,16:30:07.608000,11661,11662,11662,2
2020-02-11,16:30:37.054000,11662,11663,11663,1
2020-02-11,16:30:37.152000,11662,11663,11663,1
2020-02-11,16:30:37.152000,11662,11663,11663,4
2020-02-11,16:30:37.152000,11662,11663,11663,2
2020-02-11,16:30:37.152000,11662,11663,11663,3
2020-02-11,16:30:37.156000,11662,11663,11663,4
2020-02-11,16:30:37.171000,11662,11663,11663,2
2020-02-11,16:30:37.277000,11662,11663,11663,6
2020-02-11,16:30:54.777000,11663,11664,11664,1
2020-02-11,16:30:59.300000,11663,11664,11664,1
2020-02-11,16:31:06.099000,11663,11664,11664,1
2020-02-11,16:31:10.713000,11663,11664,11663,1
2020-02-11,16:31:15.556000,11663,11664,11663,1
2020-02-11,16:31:23.955000,11663,11664,11663,1
2020-02-11,16:31:35.343000,11662,11663,11662,1
2020-02-11,16:31:35.343000,11662,11663,11662,2
2020-02-11,16:31:44.483000,11661,11662,11662,1
2020-02-11,16:32:06.015000,11662,11663,11663,1
2020-02-11,16:32:06.027000,11662,11663,11663,1
2020-02-11,16:32:37.652000,11662,11663,11663,1
2020-02-11,16:32:41.119000,11663,11664,11663,1
2020-02-11,16:32:44.234000,11662,11663,11663,1
2020-02-11,16:32:47.388000,11662,11664,11664,1
2020-02-11,16:33:14.304000,11663,11664,11664,1
2020-02-11,16:33:19.662000,11663,11664,11664,1
2020-02-11,16:33:21.981000,11663,11664,11664,1
2020-02-11,16:34:08.109000,11663,11664,11664,13
2020-02-11,16:34:19.338000,11663,11664,11664,1
2020-02-11,16:34:20.643000,11663,11664,11664,1
2020-02-11,16:34:31.154000,11664,11665,11664,1
2020-02-11,16:34:47.499000,11664,11665,11665,18
2020-02-11,16:34:50.298000,11665,11666,11665,1
2020-02-11,16:34:53.369000,11665,11666,11666,3
2020-02-11,16:34:57.304000,11665,11666,11665,1
2020-02-11,16:35:20.522000,11665,11666,11665,1
2020-02-11,16:35:20.778000,11665,11666,11666,4
2020-02-11,16:35:28.319000,11665,11666,11666,24
2020-02-11,16:35:28.319000,11665,11666,11666,29
2020-02-11,16:35:28.319000,11665,11666,11666,12
2020-02-11,16:35:28.319000,11665,11666,11666,1
2020-02-11,16:35:28.319000,11665,11666,11666,3
2020-02-11,16:35:28.402000,11665,11666,11666,4
2020-02-11,16:35:28.402000,11665,11666,11666,21
2020-02-11,16:35:28.569000,11666,11667,11667,3
2020-02-11,16:35:28.569000,11666,11667,11667,1
2020-02-11,16:35:28.569000,11666,11667,11667,1
2020-02-11,16:35:28.650000,11666,11667,11667,11
2020-02-11,16:35:28.652000,11666,11667,11667,3
2020-02-11,16:35:28.652000,11666,11667,11667,5
2020-02-11,16:35:28.652000,11666,11667,11667,2
2020-02-11,16:35:28.688000,11666,11667,11668,5
2020-02-11,16:35:28.823000,11667,11668,11668,1
2020-02-11,16:35:28.972000,11667,11668,11668,1
2020-02-11,16:35:29.035000,11667,11668,11668,2
2020-02-11,16:35:29.053000,11667,11668,11668,1
2020-02-11,16:35:31.401000,11667,11668,11668,10
2020-02-11,16:35:34.411000,11667,11668,11668,1
2020-02-11,16:35:34.420000,11667,11668,11668,1
2020-02-11,16:35:39.177000,11667,11668,11667,2
2020-02-11,16:35:40.705000,11667,11668,11667,1
2020-02-11,16:35:43.119000,11667,11668,11667,1
2020-02-11,16:35:43.119000,11667,11668,11667,1
2020-02-11,16:35:43.608000,11666,11667,11666,1
2020-02-11,16:35:43.771000,11666,11667,11666,2
2020-02-11,16:35:45.866000,11665,11666,11666,1
2020-02-11,16:35:51.564000,11666,11667,11666,1
2020-02-11,16:35:51.685000,11665,11666,11666,1
2020-02-11,16:35:54.557000,11666,11667,11666,1
2020-02-11,16:35:55.254000,11665,11667,11665,1
2020-02-11,16:36:05.145000,11665,11666,11665,1
2020-02-11,16:36:09.383000,11665,11666,11666,1
2020-02-11,16:36:15.897000,11666,11667,11666,1
2020-02-11,16:36:15.897000,11666,11667,11666,1
2020-02-11,16:36:24.449000,11665,11666,11665,1
2020-02-11,16:36:50.927000,11665,11666,11665,3
2020-02-11,16:36:52.894000,11665,11666,11665,1
2020-02-11,16:36:53.271000,11665,11666,11665,1
2020-02-11,16:36:58.972000,11665,11666,11665,5
2020-02-11,16:36:58.974000,11665,11666,11665,1
2020-02-11,16:36:59.027000,11664,11666,11665,1
2020-02-11,16:36:59.068000,11664,11666,11665,1
2020-02-11,16:37:05.831000,11664,11665,11665,1
2020-02-11,16:37:07.186000,11665,11666,11665,2
2020-02-11,16:37:10.181000,11665,11666,11665,1
2020-02-11,16:37:14.646000,11665,11666,11665,1
2020-02-11,16:37:14.647000,11665,11666,11665,2
2020-02-11,16:37:14.647000,11665,11666,11665,1
2020-02-11,16:37:14.727000,11664,11665,11666,1
2020-02-11,16:37:16.862000,11664,11666,11665,1
2020-02-11,16:38:09.136000,11665,11666,11665,1
2020-02-11,16:38:09.136000,11665,11666,11665,9
2020-02-11,16:38:11.709000,11665,11666,11665,1
2020-02-11,16:38:18.627000,11665,11666,11665,1
2020-02-11,16:38:20.532000,11665,11666,11665,2
2020-02-11,16:39:53.444000,11665,11666,11665,1
2020-02-11,16:39:58.237000,11665,11666,11666,2
2020-02-11,16:40:05.247000,11665,11666,11666,1
2020-02-11,16:40:05.836000,11665,11666,11665,1
2020-02-11,16:40:07.155000,11665,11666,11666,4
2020-02-11,16:40:07.635000,11665,11666,11666,2
2020-02-11,16:40:14.597000,11666,11667,11667,1
2020-02-11,16:40:21.256000,11666,11667,11666,3
2020-02-11,16:40:26.413000,11665,11666,11665,1
2020-02-11,16:40:26.982000,11665,11666,11665,5
2020-02-11,16:40:26.982000,11665,11666,11665,5
2020-02-11,16:40:26.983000,11665,11666,11665,3
2020-02-11,16:40:39.287000,11664,11665,11665,1
2020-02-11,16:40:47.364000,11664,11665,11664,5
2020-02-11,16:40:47.598000,11664,11665,11664,1
2020-02-11,16:41:08.536000,11664,11665,11664,1
2020-02-11,16:41:10.910000,11664,11665,11664,1
2020-02-11,16:41:15.877000,11664,11665,11664,5
2020-02-11,16:41:17.652000,11664,11665,11664,7
2020-02-11,16:41:24.096000,11663,11664,11663,10
2020-02-11,16:41:25.071000,11662,11663,11662,1
2020-02-11,16:41:31.521000,11662,11663,11662,1
2020-02-11,16:41:32.850000,11662,11663,11663,1
2020-02-11,16:41:34.364000,11662,11663,11662,3
2020-02-11,16:41:45.552000,11662,11663,11663,1
2020-02-11,16:41:50.984000,11662,11663,11663,1
2020-02-11,16:42:00.792000,11662,11663,11662,14
2020-02-11,16:42:01.027000,11661,11662,11661,1
2020-02-11,16:42:01.027000,11661,11662,11661,2
2020-02-11,16:42:01.027000,11661,11662,11661,10
2020-02-11,16:42:01.027000,11661,11662,11661,7
2020-02-11,16:42:08.189000,11660,11661,11661,2
2020-02-11,16:42:10.077000,11661,11662,11661,1
2020-02-11,16:42:12.391000,11661,11662,11661,1
2020-02-11,16:42:15.496000,11661,11662,11661,4
2020-02-11,16:42:15.652000,11661,11662,11661,2
2020-02-11,16:42:17.419000,11660,11662,11660,1
2020-02-11,16:42:17.763000,11661,11662,11661,1
2020-02-11,16:42:22.388000,11660,11662,11661,1
2020-02-11,16:42:23.902000,11661,11662,11661,1
2020-02-11,16:42:31.141000,11660,11661,11661,1
2020-02-11,16:42:42.347000,11660,11661,11661,1
2020-02-11,16:42:49.145000,11660,11661,11661,1
2020-02-11,16:42:49.265000,11660,11661,11660,3
2020-02-11,16:42:51.275000,11660,11661,11661,1
2020-02-11,16:42:57.018000,11660,11661,11661,9
2020-02-11,16:43:08.392000,11660,11662,11660,1
2020-02-11,16:43:09.203000,11660,11662,11660,1
2020-02-11,16:43:11.997000,11660,11662,11660,1
2020-02-11,16:43:20.980000,11660,11661,11660,1
2020-02-11,16:43:25.561000,11660,11661,11660,1
2020-02-11,16:43:27.659000,11660,11661,11660,1
2020-02-11,16:43:35.474000,11660,11661,11660,1
2020-02-11,16:43:38.337000,11660,11661,11660,1
2020-02-11,16:43:42.526000,11660,11661,11661,1
2020-02-11,16:43:47.319000,11660,11661,11661,1
2020-02-11,16:44:05.910000,11660,11661,11661,1
2020-02-11,16:44:15.706000,11660,11661,11661,1
2020-02-11,16:44:24.249000,11660,11661,11660,1
2020-02-11,16:45:04.662000,11660,11661,11660,1
2020-02-11,16:45:13.646000,11660,11661,11660,1
2020-02-11,16:45:22.777000,11660,11661,11661,10
2020-02-11,16:45:23.389000,11660,11661,11661,2
2020-02-11,16:45:33.495000,11661,11662,11661,3
2020-02-11,16:45:43.560000,11661,11662,11661,1
2020-02-11,16:45:43.567000,11661,11662,11661,1
2020-02-11,16:45:43.573000,11661,11662,11661,1
2020-02-11,16:45:43.579000,11661,11662,11660,1
2020-02-11,16:45:50.848000,11661,11662,11661,1
2020-02-11,16:45:51.152000,11661,11662,11661,1
2020-02-11,16:46:16.340000,11661,11662,11661,1
2020-02-11,16:46:21.306000,11661,11662,11661,1
2020-02-11,16:46:21.953000,11660,11661,11660,31
2020-02-11,16:46:22.152000,11659,11660,11659,1
2020-02-11,16:46:22.152000,11659,11660,11659,23
2020-02-11,16:46:22.917000,11658,11659,11658,10
2020-02-11,16:46:23.370000,11658,11659,11658,1
2020-02-11,16:46:23.421000,11658,11659,11659,1
2020-02-11,16:46:24.372000,11658,11659,11659,2
2020-02-11,16:46:53.784000,11658,11659,11659,2
2020-02-11,16:46:59.485000,11658,11659,11659,1
2020-02-11,16:47:05.652000,11658,11659,11658,10
2020-02-11,16:47:05.652000,11658,11659,11658,2
2020-02-11,16:47:05.652000,11658,11659,11658,3
2020-02-11,16:47:05.656000,11658,11659,11658,2
2020-02-11,16:47:06.061000,11657,11658,11657,1
2020-02-11,16:47:06.176000,11657,11658,11657,1
2020-02-11,16:47:08.959000,11657,11658,11658,1
2020-02-11,16:47:10.384000,11657,11658,11657,1
2020-02-11,16:47:12.052000,11657,11658,11657,2
2020-02-11,16:47:12.165000,11656,11657,11657,1
2020-02-11,16:47:12.223000,11656,11657,11656,1
2020-02-11,16:47:12.376000,11656,11657,11656,2
2020-02-11,16:47:14.418000,11656,11657,11657,2
2020-02-11,16:47:22.913000,11657,11658,11657,1
2020-02-11,16:47:27.766000,11656,11657,11657,1
2020-02-11,16:47:30.412000,11657,11658,11657,2
2020-02-11,16:47:38.539000,11657,11658,11657,1
2020-02-11,16:47:38.809000,11657,11658,11657,1
2020-02-11,16:47:47.776000,11657,11658,11657,2
2020-02-11,16:48:09.596000,11657,11658,11658,1
2020-02-11,16:48:13.037000,11657,11658,11658,3
2020-02-11,16:48:14.703000,11657,11658,11658,1
2020-02-11,16:48:15.066000,11657,11658,11658,1
2020-02-11,16:48:16.434000,11657,11658,11657,1
2020-02-11,16:48:21.064000,11657,11658,11657,10
2020-02-11,16:48:22.704000,11656,11657,11657,5
2020-02-11,16:48:24.518000,11656,11657,11656,5
2020-02-11,16:48:31.251000,11656,11657,11656,1
2020-02-11,16:48:38.964000,11656,11657,11656,1
2020-02-11,16:48:39.967000,11656,11657,11656,1
2020-02-11,16:48:46.157000,11656,11657,11656,2
2020-02-11,16:48:56.816000,11656,11657,11656,1
2020-02-11,16:48:57.857000,11656,11657,11656,1
2020-02-11,16:49:02.276000,11656,11657,11656,2
2020-02-11,16:49:13.776000,11656,11657,11656,1
2020-02-11,16:49:21.475000,11656,11657,11656,1
2020-02-11,16:49:31.014000,11656,11657,11657,7
2020-02-11,16:49:39.981000,11657,11658,11657,5
2020-02-11,16:49:46.190000,11657,11658,11658,1
2020-02-11,16:49:57.619000,11657,11658,11658,2
2020-02-11,16:49:57.619000,11657,11658,11658,1
2020-02-11,16:49:57.619000,11657,11658,11658,2
2020-02-11,16:50:07.755000,11658,11659,11659,1
2020-02-11,16:50:19.768000,11658,11659,11659,3
2020-02-11,16:50:31.265000,11659,11660,11659,1
2020-02-11,16:50:46.094000,11658,11659,11658,1
2020-02-11,16:50:46.483000,11658,11659,11658,5
2020-02-11,16:51:00.696000,11658,11659,11658,2
2020-02-11,16:51:01.623000,11658,11659,11659,1
2020-02-11,16:51:07.092000,11658,11659,11658,1
2020-02-11,16:51:08.961000,11658,11659,11658,4
2020-02-11,16:51:09.990000,11658,11659,11658,5
2020-02-11,16:51:17.796000,11658,11659,11658,1
2020-02-11,16:51:19.697000,11658,11659,11658,5
2020-02-11,16:51:31.788000,11658,11659,11658,5
2020-02-11,16:51:43.519000,11658,11659,11658,1
2020-02-11,16:52:00.358000,11658,11659,11659,2
2020-02-11,16:52:00.358000,11658,11659,11659,5
2020-02-11,16:52:32.966000,11659,11660,11660,1
2020-02-11,16:52:36.705000,11659,11660,11660,6
2020-02-11,16:52:37.448000,11660,11661,11660,1
2020-02-11,16:52:40.412000,11660,11661,11661,6
2020-02-11,16:52:44.358000,11661,11662,11661,1
2020-02-11,16:52:44.402000,11660,11661,11661,1
2020-02-11,16:52:45.777000,11660,11661,11661,1
2020-02-11,16:52:55.320000,11660,11661,11661,1
2020-02-11,16:53:01.733000,11660,11661,11661,1
2020-02-11,16:53:04.106000,11660,11661,11661,1
2020-02-11,16:53:16.014000,11660,11661,11661,1
2020-02-11,16:53:18.770000,11660,11661,11661,1
2020-02-11,16:53:18.771000,11660,11661,11661,1
2020-02-11,16:53:18.777000,11660,11661,11661,1
2020-02-11,16:53:24.381000,11661,11662,11662,2
2020-02-11,16:53:33.262000,11661,11662,11662,1
2020-02-11,16:53:40.481000,11661,11662,11662,1
2020-02-11,16:53:52.835000,11661,11662,11661,1
2020-02-11,16:53:53.969000,11661,11662,11662,12
2020-02-11,16:53:53.970000,11661,11662,11662,1
2020-02-11,16:53:53.970000,11661,11662,11662,1
2020-02-11,16:53:53.970000,11661,11662,11662,2
2020-02-11,16:53:53.970000,11661,11662,11662,1
2020-02-11,16:54:00.088000,11661,11662,11662,1
2020-02-11,16:54:02.127000,11661,11662,11662,5
2020-02-11,16:54:06.648000,11661,11662,11662,1
2020-02-11,16:54:19.920000,11661,11662,11661,4
2020-02-11,16:54:35.077000,11660,11662,11660,1
2020-02-11,16:54:55.570000,11660,11662,11662,2
2020-02-11,16:55:12.105000,11660,11661,11661,1
2020-02-11,16:55:21.786000,11660,11661,11661,1
2020-02-11,16:55:37.663000,11661,11662,11661,5
2020-02-11,16:55:41.129000,11661,11662,11662,2
2020-02-11,16:55:53.310000,11662,11663,11662,1
2020-02-11,16:56:26.954000,11661,11662,11662,1
2020-02-11,16:56:30.283000,11661,11662,11662,1
2020-02-11,16:56:42.122000,11661,11662,11662,3
2020-02-11,16:57:58.772000,11661,11662,11661,1
2020-02-11,16:58:01.155000,11661,11662,11661,1
2020-02-11,16:58:03.301000,11661,11662,11661,2
2020-02-11,16:58:03.301000,11661,11662,11661,2
2020-02-11,16:58:03.749000,11660,11661,11661,2
2020-02-11,16:58:21.401000,11660,11661,11660,1
2020-02-11,16:58:42.125000,11660,11661,11660,1
2020-02-11,16:59:23.451000,11660,11661,11661,1
2020-02-11,16:59:27.600000,11660,11661,11661,1
2020-02-11,16:59:29.897000,11660,11661,11661,1
2020-02-11,16:59:33.939000,11660,11662,11661,1
2020-02-11,16:59:39.299000,11660,11661,11661,1
2020-02-11,16:59:43.967000,11660,11661,11661,1
2020-02-11,17:00:04.777000,11660,11661,11660,6
2020-02-11,17:00:04.902000,11660,11661,11660,2
2020-02-11,17:00:05.705000,11659,11660,11659,1
2020-02-11,17:00:05.726000,11659,11660,11659,1
2020-02-11,17:00:47.567000,11660,11661,11660,1
2020-02-11,17:00:50.505000,11660,11661,11660,2
2020-02-11,17:00:55.501000,11659,11661,11659,1
2020-02-11,17:01:11.999000,11660,11661,11660,2
2020-02-11,17:01:15.401000,11660,11661,11660,8
2020-02-11,17:01:15.401000,11660,11661,11660,2
2020-02-11,17:01:15.401000,11660,11661,11660,1
2020-02-11,17:01:17.236000,11659,11660,11660,1
2020-02-11,17:01:30.835000,11660,11661,11660,1
2020-02-11,17:02:12.904000,11660,11661,11660,1
2020-02-11,17:02:13.027000,11660,11661,11660,1
2020-02-11,17:02:13.027000,11660,11661,11660,1
2020-02-11,17:02:16.900000,11659,11660,11659,6
2020-02-11,17:02:22.017000,11659,11660,11659,2
2020-02-11,17:02:22.051000,11658,11659,11658,2
2020-02-11,17:02:22.262000,11658,11659,11659,1
2020-02-11,17:02:22.374000,11658,11659,11658,1
2020-02-11,17:02:27.166000,11658,11659,11659,1
2020-02-11,17:02:29.523000,11658,11659,11658,6
2020-02-11,17:02:32.751000,11658,11659,11658,1
2020-02-11,17:02:38.946000,11658,11659,11658,2
2020-02-11,17:02:39.777000,11657,11658,11658,2
2020-02-11,17:02:40.436000,11658,11659,11658,2
2020-02-11,17:02:41.345000,11657,11658,11657,1
2020-02-11,17:02:46.813000,11657,11658,11658,4
2020-02-11,17:03:00.973000,11658,11659,11658,1
2020-02-11,17:03:17.704000,11658,11659,11658,5
2020-02-11,17:03:17.730000,11658,11659,11658,1
2020-02-11,17:03:18.574000,11657,11658,11657,15
2020-02-11,17:03:18.614000,11657,11658,11657,5
2020-02-11,17:03:22.432000,11656,11657,11656,1
2020-02-11,17:03:22.457000,11656,11657,11656,1
2020-02-11,17:03:22.527000,11656,11657,11656,6
2020-02-11,17:03:22.527000,11656,11657,11656,6
2020-02-11,17:03:22.652000,11656,11657,11656,8
2020-02-11,17:03:22.652000,11656,11657,11656,3
2020-02-11,17:03:22.652000,11656,11657,11656,1
2020-02-11,17:03:22.695000,11656,11657,11655,2
2020-02-11,17:03:22.825000,11655,11656,11655,6
2020-02-11,17:03:22.878000,11655,11656,11655,1
2020-02-11,17:03:22.884000,11655,11656,11655,1
2020-02-11,17:03:22.897000,11655,11656,11655,1
2020-02-11,17:03:28.394000,11655,11656,11655,1
2020-02-11,17:03:29.137000,11655,11656,11655,1
2020-02-11,17:03:30.129000,11655,11656,11655,5
2020-02-11,17:03:34.505000,11655,11656,11655,1
2020-02-11,17:03:45.330000,11655,11656,11655,1
2020-02-11,17:03:48.172000,11655,11656,11656,5
2020-02-11,17:03:53.795000,11656,11657,11656,1
2020-02-11,17:03:55.052000,11656,11657,11656,1
2020-02-11,17:04:03.162000,11656,11657,11656,1
2020-02-11,17:04:07.566000,11656,11657,11656,2
2020-02-11,17:04:14.836000,11655,11656,11656,3
2020-02-11,17:04:16.475000,11655,11656,11656,1
2020-02-11,17:04:20.428000,11655,11656,11655,10
2020-02-11,17:04:20.485000,11655,11656,11655,11
2020-02-11,17:04:20.493000,11655,11656,11655,1
2020-02-11,17:04:20.609000,11654,11655,11654,1
2020-02-11,17:04:20.652000,11654,11655,11654,2
2020-02-11,17:04:20.652000,11654,11655,11654,9
2020-02-11,17:04:20.653000,11654,11655,11654,7
2020-02-11,17:04:21.144000,11653,11655,11653,10
2020-02-11,17:04:21.181000,11653,11655,11653,10
2020-02-11,17:04:22.140000,11652,11654,11654,1
2020-02-11,17:04:24.834000,11653,11654,11654,1
2020-02-11,17:04:27.277000,11653,11654,11654,1
2020-02-11,17:04:27.346000,11653,11654,11654,2
2020-02-11,17:04:27.346000,11653,11654,11654,1
2020-02-11,17:04:27.347000,11653,11654,11654,8
2020-02-11,17:04:29.913000,11653,11655,11653,2
2020-02-11,17:04:33.476000,11654,11655,11654,1
2020-02-11,17:04:41.739000,11653,11654,11653,2
2020-02-11,17:04:42.073000,11653,11654,11654,1
2020-02-11,17:04:42.182000,11653,11654,11653,10
2020-02-11,17:04:44.058000,11653,11654,11653,2
2020-02-11,17:04:44.443000,11653,11654,11653,1
2020-02-11,17:04:51.187000,11653,11654,11653,1
2020-02-11,17:04:51.395000,11652,11653,11653,1
2020-02-11,17:04:51.395000,11652,11653,11653,1
2020-02-11,17:05:00.355000,11653,11654,11654,1
2020-02-11,17:05:00.355000,11653,11654,11654,10
2020-02-11,17:05:00.402000,11653,11654,11654,2
2020-02-11,17:05:00.402000,11653,11654,11654,4
2020-02-11,17:05:06.317000,11653,11654,11653,1
2020-02-11,17:05:06.471000,11653,11654,11653,1
2020-02-11,17:05:06.958000,11653,11654,11653,6
2020-02-11,17:05:07.564000,11652,11654,11652,1
2020-02-11,17:05:07.609000,11652,11654,11652,1
2020-02-11,17:05:07.681000,11652,11654,11654,1
2020-02-11,17:05:07.683000,11652,11654,11652,4
2020-02-11,17:05:09.044000,11652,11653,11652,15
2020-02-11,17:05:09.676000,11652,11653,11653,1
2020-02-11,17:05:10.600000,11652,11653,11652,1
2020-02-11,17:05:10.780000,11652,11653,11652,1
2020-02-11,17:05:10.890000,11652,11653,11652,1
2020-02-11,17:05:11.031000,11652,11653,11652,1
2020-02-11,17:05:11.129000,11652,11653,11652,1
2020-02-11,17:05:11.138000,11652,11653,11652,2
2020-02-11,17:05:11.620000,11652,11653,11652,26
2020-02-11,17:05:11.720000,11651,11653,11652,1
2020-02-11,17:05:11.797000,11651,11652,11651,18
2020-02-11,17:05:11.902000,11651,11652,11651,1
2020-02-11,17:05:11.902000,11651,11652,11651,2
2020-02-11,17:05:11.960000,11651,11652,11651,4
2020-02-11,17:05:12.062000,11650,11651,11651,1
2020-02-11,17:05:12.461000,11650,11651,11650,5
2020-02-11,17:05:12.558000,11650,11651,11650,1
2020-02-11,17:05:12.695000,11650,11651,11650,1
2020-02-11,17:05:12.727000,11650,11651,11650,1
2020-02-11,17:05:13.254000,11650,11651,11650,2
2020-02-11,17:05:13.422000,11650,11651,11650,1
2020-02-11,17:05:13.674000,11650,11651,11650,1
2020-02-11,17:05:14.053000,11650,11651,11650,1
2020-02-11,17:05:14.114000,11650,11651,11650,1
2020-02-11,17:05:14.254000,11650,11651,11650,1
2020-02-11,17:05:15.698000,11650,11651,11650,1
2020-02-11,17:05:16.647000,11650,11651,11650,6
2020-02-11,17:05:16.880000,11650,11651,11651,1
2020-02-11,17:05:17.161000,11650,11651,11650,2
2020-02-11,17:05:18.002000,11650,11651,11650,2
2020-02-11,17:05:18.022000,11650,11651,11650,1
2020-02-11,17:05:19.062000,11650,11651,11650,50
2020-02-11,17:05:19.202000,11650,11651,11650,5
2020-02-11,17:05:19.359000,11650,11651,11650,1
2020-02-11,17:05:19.417000,11650,11651,11651,1
2020-02-11,17:05:22.159000,11650,11651,11651,1
2020-02-11,17:05:25.826000,11650,11651,11650,27
2020-02-11,17:05:26.828000,11650,11651,11650,3
2020-02-11,17:05:29.803000,11650,11651,11651,1
2020-02-11,17:05:33.302000,11650,11651,11651,4
2020-02-11,17:05:33.968000,11650,11651,11650,6
2020-02-11,17:05:34.513000,11650,11651,11650,1
2020-02-11,17:05:41.243000,11650,11651,11650,5
2020-02-11,17:05:41.422000,11650,11651,11650,5
2020-02-11,17:05:42.760000,11650,11651,11650,3
2020-02-11,17:05:42.787000,11650,11651,11650,1
2020-02-11,17:05:46.405000,11650,11651,11650,1
2020-02-11,17:05:46.423000,11650,11651,11650,1
2020-02-11,17:05:47.165000,11650,11651,11650,4
2020-02-11,17:05:47.605000,11650,11651,11651,1
2020-02-11,17:05:49.838000,11650,11651,11650,1
2020-02-11,17:05:54.959000,11650,11651,11651,1
2020-02-11,17:05:55.374000,11650,11651,11650,1
2020-02-11,17:05:58.192000,11650,11651,11651,3
2020-02-11,17:05:58.484000,11651,11652,11651,1
2020-02-11,17:06:00.361000,11651,11652,11651,3
2020-02-11,17:06:01.791000,11651,11652,11651,2
2020-02-11,17:06:03.957000,11651,11652,11651,2
2020-02-11,17:06:07.411000,11651,11652,11651,2
2020-02-11,17:06:08.527000,11650,11651,11651,3
2020-02-11,17:06:09.642000,11650,11651,11651,1
2020-02-11,17:06:17.367000,11650,11651,11651,1
2020-02-11,17:06:18.736000,11650,11651,11651,1
2020-02-11,17:06:19.777000,11650,11651,11651,3
2020-02-11,17:06:24.228000,11650,11651,11650,20
2020-02-11,17:06:24.637000,11650,11651,11650,1
2020-02-11,17:06:24.730000,11649,11651,11649,1
2020-02-11,17:06:24.830000,11649,11651,11649,1
2020-02-11,17:06:25.357000,11649,11651,11649,3
2020-02-11,17:06:25.368000,11649,11651,11649,1
2020-02-11,17:06:25.443000,11649,11651,11649,1
2020-02-11,17:06:25.451000,11649,11651,11649,2
2020-02-11,17:06:25.917000,11649,11650,11649,1
2020-02-11,17:06:26.720000,11649,11650,11649,1
2020-02-11,17:06:26.925000,11649,11650,11649,1
2020-02-11,17:06:29.889000,11649,11650,11650,1
2020-02-11,17:06:31.964000,11649,11650,11650,2
2020-02-11,17:06:34.092000,11649,11650,11650,1
2020-02-11,17:06:36.961000,11650,11651,11650,3
2020-02-11,17:06:38.067000,11649,11650,11650,1
2020-02-11,17:06:39.928000,11649,11650,11650,1
2020-02-11,17:06:40.027000,11649,11650,11650,6
2020-02-11,17:06:42.584000,11650,11651,11650,1
2020-02-11,17:06:43.968000,11650,11651,11651,1
2020-02-11,17:06:47.209000,11650,11651,11650,5
2020-02-11,17:06:54.372000,11650,11651,11650,1
2020-02-11,17:06:57.531000,11650,11651,11651,1
2020-02-11,17:06:58.047000,11650,11651,11650,1
2020-02-11,17:06:58.162000,11650,11651,11650,2
2020-02-11,17:07:06.783000,11650,11651,11651,2
2020-02-11,17:07:08.404000,11650,11651,11650,2
2020-02-11,17:07:09.024000,11650,11651,11650,1
2020-02-11,17:07:11.456000,11650,11651,11651,1
2020-02-11,17:07:20.150000,11650,11651,11651,10
2020-02-11,17:07:20.529000,11651,11652,11652,8
2020-02-11,17:07:20.529000,11651,11652,11652,2
2020-02-11,17:07:20.529000,11651,11652,11652,3
2020-02-11,17:07:20.680000,11652,11653,11652,1
2020-02-11,17:07:27.789000,11652,11653,11653,1
2020-02-11,17:07:33.499000,11652,11653,11653,1
2020-02-11,17:07:37.152000,11652,11653,11653,3
2020-02-11,17:07:43.881000,11653,11654,11654,4
2020-02-11,17:07:48.974000,11653,11654,11654,1
2020-02-11,17:07:49.238000,11653,11655,11654,1
2020-02-11,17:07:51.103000,11653,11654,11653,1
2020-02-11,17:07:54.340000,11653,11654,11654,1
2020-02-11,17:07:55.777000,11653,11654,11654,1
2020-02-11,17:07:59.674000,11653,11655,11655,1
2020-02-11,17:08:00.800000,11653,11654,11654,1
2020-02-11,17:08:01.664000,11654,11655,11654,1
2020-02-11,17:08:10.801000,11654,11655,11654,1
2020-02-11,17:08:10.909000,11654,11655,11654,1
2020-02-11,17:08:10.909000,11654,11655,11654,2
2020-02-11,17:08:10.910000,11654,11655,11654,2
2020-02-11,17:08:10.912000,11654,11655,11654,2
2020-02-11,17:08:10.913000,11654,11655,11653,2
2020-02-11,17:08:10.913000,11654,11655,11653,2
2020-02-11,17:08:10.914000,11654,11655,11653,4
2020-02-11,17:08:10.914000,11654,11655,11653,1
2020-02-11,17:08:10.916000,11654,11655,11653,2
2020-02-11,17:08:10.916000,11654,11655,11653,2
2020-02-11,17:08:10.916000,11654,11655,11653,2
2020-02-11,17:08:10.917000,11654,11655,11653,2
2020-02-11,17:08:10.924000,11654,11655,11653,1
2020-02-11,17:08:10.924000,11654,11655,11653,1
2020-02-11,17:08:21.073000,11653,11654,11653,2
2020-02-11,17:08:36.779000,11653,11654,11653,2
2020-02-11,17:08:37.355000,11653,11654,11653,1
2020-02-11,17:08:45.984000,11653,11654,11653,4
2020-02-11,17:09:14.407000,11652,11653,11652,6
2020-02-11,17:09:14.407000,11652,11653,11652,1
2020-02-11,17:09:16.547000,11651,11652,11652,1
2020-02-11,17:09:22.218000,11651,11652,11651,3
2020-02-11,17:09:27.706000,11651,11652,11651,1
2020-02-11,17:09:27.862000,11651,11652,11651,1
2020-02-11,17:09:28.587000,11651,11652,11652,1
2020-02-11,17:09:29.870000,11651,11652,11651,1
2020-02-11,17:09:49.777000,11651,11652,11652,2
2020-02-11,17:09:50.091000,11652,11653,11652,1
2020-02-11,17:09:52.826000,11652,11653,11652,1
2020-02-11,17:09:52.896000,11652,11653,11652,2
2020-02-11,17:10:06.871000,11652,11653,11652,1
2020-02-11,17:10:10.149000,11652,11653,11652,1
2020-02-11,17:10:10.652000,11652,11653,11652,1
2020-02-11,17:10:16.702000,11652,11653,11652,1
2020-02-11,17:10:45.593000,11652,11653,11652,3
2020-02-11,17:11:03.624000,11652,11653,11652,1
2020-02-11,17:11:04.350000,11652,11653,11652,1
2020-02-11,17:11:05.058000,11652,11653,11653,3
2020-02-11,17:11:05.177000,11652,11653,11653,1
2020-02-11,17:11:06.326000,11652,11653,11652,1
2020-02-11,17:11:17.278000,11652,11653,11652,4
2020-02-11,17:11:27.763000,11652,11653,11652,1
2020-02-11,17:11:28.112000,11651,11652,11651,2
2020-02-11,17:11:30.501000,11651,11652,11652,1
2020-02-11,17:11:32.932000,11651,11652,11652,1
2020-02-11,17:11:33.027000,11651,11652,11652,2
2020-02-11,17:11:51.490000,11651,11652,11651,1
2020-02-11,17:11:54.133000,11651,11652,11652,1
2020-02-11,17:11:57.815000,11651,11652,11652,1
2020-02-11,17:11:59.623000,11651,11653,11653,1
2020-02-11,17:12:05.777000,11652,11653,11652,2
2020-02-11,17:12:09.055000,11652,11653,11652,1
2020-02-11,17:12:09.385000,11651,11652,11651,3
2020-02-11,17:12:10.739000,11651,11652,11652,1
2020-02-11,17:12:12.987000,11651,11652,11652,1
2020-02-11,17:12:17.550000,11651,11653,11651,1
2020-02-11,17:12:20.338000,11651,11652,11651,1
2020-02-11,17:12:29.520000,11651,11652,11651,1
2020-02-11,17:12:33.369000,11651,11652,11651,18
2020-02-11,17:12:33.370000,11651,11652,11651,2
2020-02-11,17:12:48.362000,11650,11651,11650,1
2020-02-11,17:12:51.420000,11650,11651,11650,2
2020-02-11,17:12:52.668000,11650,11651,11651,1
2020-02-11,17:12:56.659000,11650,11651,11651,1
2020-02-11,17:12:59.364000,11650,11651,11651,5
2020-02-11,17:13:07.137000,11650,11651,11651,3
2020-02-11,17:13:08.508000,11650,11651,11651,1
2020-02-11,17:13:08.800000,11650,11651,11651,1
2020-02-11,17:13:09.709000,11651,11652,11651,1
2020-02-11,17:13:19.694000,11650,11651,11651,1
2020-02-11,17:13:20.920000,11650,11651,11650,10
2020-02-11,17:13:21.091000,11650,11651,11650,1
2020-02-11,17:13:21.091000,11650,11651,11650,2
2020-02-11,17:13:21.152000,11650,11651,11650,2
2020-02-11,17:13:21.152000,11650,11651,11650,1
2020-02-11,17:13:21.152000,11650,11651,11650,8
2020-02-11,17:13:21.787000,11649,11650,11650,5
2020-02-11,17:13:24.115000,11649,11650,11649,1
2020-02-11,17:13:24.276000,11649,11650,11649,20
2020-02-11,17:13:24.409000,11648,11649,11648,3
2020-02-11,17:13:24.527000,11648,11649,11648,1
2020-02-11,17:13:24.530000,11648,11649,11648,1
2020-02-11,17:13:24.596000,11648,11649,11648,1
2020-02-11,17:13:24.613000,11648,11649,11648,4
2020-02-11,17:13:24.617000,11648,11649,11648,1
2020-02-11,17:13:24.631000,11648,11649,11648,1
2020-02-11,17:13:24.713000,11648,11649,11648,1
2020-02-11,17:13:24.713000,11648,11649,11648,5
2020-02-11,17:13:24.744000,11648,11649,11648,1
2020-02-11,17:13:24.751000,11648,11649,11648,4
2020-02-11,17:13:24.754000,11648,11649,11648,1
2020-02-11,17:13:24.754000,11648,11649,11648,1
2020-02-11,17:13:24.768000,11648,11649,11648,1
2020-02-11,17:13:24.777000,11648,11649,11648,5
2020-02-11,17:13:24.777000,11648,11649,11648,10
2020-02-11,17:13:24.777000,11648,11649,11648,1
2020-02-11,17:13:24.777000,11648,11649,11648,4
2020-02-11,17:13:24.777000,11648,11649,11648,5
2020-02-11,17:13:24.777000,11648,11649,11648,2
2020-02-11,17:13:24.827000,11648,11649,11647,4
2020-02-11,17:13:24.837000,11648,11649,11647,2
2020-02-11,17:13:24.852000,11648,11649,11647,1
2020-02-11,17:13:24.870000,11648,11649,11647,1
2020-02-11,17:13:24.884000,11648,11649,11647,2
2020-02-11,17:13:24.884000,11648,11649,11647,1
2020-02-11,17:13:24.884000,11648,11649,11647,1
2020-02-11,17:13:24.884000,11648,11649,11647,1
2020-02-11,17:13:24.928000,11647,11648,11647,1
2020-02-11,17:13:24.937000,11647,11648,11647,1
2020-02-11,17:13:24.956000,11647,11648,11647,4
2020-02-11,17:13:24.957000,11647,11648,11647,2
2020-02-11,17:13:24.971000,11647,11648,11647,1
2020-02-11,17:13:24.973000,11647,11648,11646,2
2020-02-11,17:13:24.990000,11647,11648,11646,1
2020-02-11,17:13:24.992000,11647,11648,11646,4
2020-02-11,17:13:25.006000,11647,11648,11646,1
2020-02-11,17:13:25.019000,11647,11648,11646,1
2020-02-11,17:13:25.041000,11646,11648,11646,2
2020-02-11,17:13:25.083000,11646,11648,11646,1
2020-02-11,17:13:25.089000,11646,11648,11646,1
2020-02-11,17:13:25.169000,11646,11648,11646,2
2020-02-11,17:13:25.200000,11646,11648,11646,1
2020-02-11,17:13:25.200000,11646,11648,11646,1
