2024-10-30 15:00:00.092,22932,22937,22939,104,104
2024-10-30 15:00:00.146,22932,22939,22939,1,1
2024-10-30 15:00:00.151,22932,22939,22939,1,1
2024-10-30 15:00:00.151,22932,22939,22940,1,1
2024-10-30 15:00:00.152,22932,22939,22932,1,-1
2024-10-30 15:00:00.217,22932,22940,22932,1,-1
2024-10-30 15:00:00.219,22932,22940,22940,3,3
2024-10-30 15:00:00.242,22932,22940,22940,2,2
2024-10-30 15:00:00.242,22932,22940,22941,4,4
2024-10-30 15:00:00.277,22932,22940,22932,4,-4
2024-10-30 15:00:00.307,22931,22940,22931,2,-2
2024-10-30 15:00:00.307,22931,22940,22931,1,-1
2024-10-30 15:00:00.307,22931,22940,22930,1,-1
2024-10-30 15:00:00.317,22931,22940,22937,1,1
2024-10-30 15:00:00.349,22931,22940,22938,1,1
2024-10-30 15:00:00.349,22931,22940,22939,1,1
2024-10-30 15:00:00.349,22931,22940,22940,1,1
2024-10-30 15:00:00.379,22931,22940,22939,1,1
2024-10-30 15:00:00.379,22931,22940,22940,1,1
2024-10-30 15:00:00.383,22931,22940,22941,1,1
2024-10-30 15:00:00.383,22931,22940,22940,1,1
2024-10-30 15:00:00.438,22937,22942,22937,1,-1
2024-10-30 15:00:00.444,22937,22942,22936,1,-1
2024-10-30 15:00:00.449,22937,22942,22930,2,-2
2024-10-30 15:00:00.449,22937,22942,22935,1,-1
2024-10-30 15:00:00.449,22937,22942,22934,1,-1
2024-10-30 15:00:00.449,22937,22942,22933,1,-1
2024-10-30 15:00:00.449,22937,22942,22932,1,-1
2024-10-30 15:00:00.449,22937,22942,22931,1,-1
2024-10-30 15:00:00.467,22937,22942,22930,1,-1
2024-10-30 15:00:00.467,22937,22942,22931,1,-1
2024-10-30 15:00:00.487,22937,22942,22930,1,-1
2024-10-30 15:00:00.497,22937,22942,22930,1,-1
2024-10-30 15:00:00.526,22937,22942,22937,1,-1
2024-10-30 15:00:00.526,22937,22942,22939,1,-1
2024-10-30 15:00:00.610,22930,22940,22930,1,-1
2024-10-30 15:00:00.658,22930,22939,22930,1,-1
2024-10-30 15:00:00.661,22930,22939,22929,3,-3
2024-10-30 15:00:00.661,22930,22939,22927,2,-2
2024-10-30 15:00:00.661,22930,22939,22930,1,-1
2024-10-30 15:00:00.661,22930,22939,22925,1,-1
2024-10-30 15:00:00.671,22930,22939,22924,5,-5
2024-10-30 15:00:00.671,22930,22939,22925,2,-2
2024-10-30 15:00:00.689,22930,22939,22939,1,1
2024-10-30 15:00:00.731,22930,22939,22939,1,1
2024-10-30 15:00:00.784,22925,22939,22925,1,-1
2024-10-30 15:00:00.784,22925,22939,22924,1,-1
2024-10-30 15:00:00.815,22925,22939,22924,1,-1
2024-10-30 15:00:00.824,22925,22939,22924,1,-1
2024-10-30 15:00:00.827,22925,22939,22924,1,-1
2024-10-30 15:00:00.827,22925,22939,22923,3,-3
2024-10-30 15:00:00.827,22925,22939,22922,1,-1
2024-10-30 15:00:00.896,22925,22939,22934,1,1
2024-10-30 15:00:00.901,22925,22939,22922,1,-1
2024-10-30 15:00:00.916,22922,22939,22939,2,2
2024-10-30 15:00:00.929,22922,22939,22939,1,1
2024-10-30 15:00:01.413,22931,22939,22931,1,-1
2024-10-30 15:00:01.767,22922,22931,22922,1,-1
2024-10-30 15:00:01.771,22922,22931,22928,1,1
2024-10-30 15:00:01.921,22922,22929,22929,1,1
2024-10-30 15:00:02.005,22922,22929,22935,1,1
2024-10-30 15:00:02.005,22922,22929,22936,1,1
2024-10-30 15:00:02.715,22929,22934,22929,3,-3
2024-10-30 15:00:03.235,22928,22934,22927,2,-2
2024-10-30 15:00:03.235,22928,22934,22928,1,-1
2024-10-30 15:00:03.839,22927,22934,22934,1,1
2024-10-30 15:00:03.839,22927,22934,22937,1,1
2024-10-30 15:00:03.839,22927,22934,22939,1,1
2024-10-30 15:00:05.922,22931,22933,22931,1,-1
2024-10-30 15:00:05.982,22931,22933,22933,2,2
2024-10-30 15:00:06.005,22931,22933,22933,1,1
2024-10-30 15:00:06.006,22931,22933,22934,2,2
2024-10-30 15:00:06.075,22934,22936,22927,1,-1
2024-10-30 15:00:06.075,22934,22936,22928,3,-3
2024-10-30 15:00:06.075,22934,22936,22929,1,-1
2024-10-30 15:00:06.075,22934,22936,22933,2,-2
2024-10-30 15:00:06.075,22934,22936,22932,2,-2
2024-10-30 15:00:06.075,22934,22936,22934,2,-2
2024-10-30 15:00:06.075,22934,22936,22931,3,-3
2024-10-30 15:00:06.076,22934,22936,22933,2,-2
2024-10-30 15:00:06.114,22934,22936,22934,1,-1
2024-10-30 15:00:06.115,22934,22936,22935,1,-1
2024-10-30 15:00:06.116,22934,22936,22935,1,-1
2024-10-30 15:00:06.117,22934,22936,22935,1,-1
2024-10-30 15:00:06.196,22935,22936,22936,1,1
2024-10-30 15:00:06.211,22935,22936,22937,2,2
2024-10-30 15:00:06.313,22935,22938,22935,1,-1
2024-10-30 15:00:06.438,22932,22938,22932,1,-1
2024-10-30 15:00:07.041,22933,22938,22938,3,3
2024-10-30 15:00:07.042,22933,22938,22939,3,3
2024-10-30 15:00:07.043,22933,22938,22940,2,2
2024-10-30 15:00:07.240,22938,22941,22938,1,-1
2024-10-30 15:00:07.407,22939,22941,22939,1,-1
2024-10-30 15:00:07.408,22939,22941,22939,1,-1
2024-10-30 15:00:07.409,22939,22941,22939,1,-1
2024-10-30 15:00:07.591,22935,22938,22939,1,1
2024-10-30 15:00:08.042,22937,22940,22940,2,2
2024-10-30 15:00:08.124,22937,22940,22938,2,-2
2024-10-30 15:00:08.137,22937,22940,22937,1,-1
2024-10-30 15:00:08.544,22937,22940,22940,1,1
2024-10-30 15:00:08.759,22937,22940,22940,2,2
2024-10-30 15:00:08.826,22938,22941,22938,1,-1
2024-10-30 15:00:09.108,22938,22941,22941,1,1
2024-10-30 15:00:09.184,22939,22942,22939,1,-1
2024-10-30 15:00:09.268,22939,22942,22941,1,1
2024-10-30 15:00:09.282,22939,22942,22944,2,2
2024-10-30 15:00:09.282,22939,22942,22943,2,2
2024-10-30 15:00:09.282,22939,22942,22942,7,7
2024-10-30 15:00:09.291,22939,22942,22940,1,-1
2024-10-30 15:00:09.527,22939,22943,22943,1,1
2024-10-30 15:00:09.767,22940,22943,22943,1,1
2024-10-30 15:00:10.007,22940,22943,22943,2,2
2024-10-30 15:00:10.062,22941,22944,22944,2,2
2024-10-30 15:00:10.062,22941,22944,22944,2,2
2024-10-30 15:00:10.062,22941,22944,22944,1,1
2024-10-30 15:00:10.086,22941,22944,22944,2,2
2024-10-30 15:00:10.086,22941,22944,22944,4,4
2024-10-30 15:00:10.337,22941,22944,22941,1,-1
2024-10-30 15:00:10.430,22940,22944,22944,1,1
2024-10-30 15:00:10.440,22940,22944,22944,1,1
2024-10-30 15:00:10.744,22941,22944,22944,2,2
2024-10-30 15:00:11.270,22943,22945,22943,1,-1
2024-10-30 15:00:11.744,22942,22945,22944,1,1
2024-10-30 15:00:12.163,22942,22945,22942,1,-1
2024-10-30 15:00:12.491,22942,22945,22945,2,2
2024-10-30 15:00:12.553,22942,22945,22945,1,1
2024-10-30 15:00:12.572,22942,22945,22945,2,2
2024-10-30 15:00:12.598,22942,22945,22945,1,1
2024-10-30 15:00:12.851,22943,22945,22945,1,1
2024-10-30 15:00:12.867,22943,22945,22945,6,6
2024-10-30 15:00:12.999,22945,22946,22945,1,-1
2024-10-30 15:00:13.011,22945,22946,22945,1,-1
2024-10-30 15:00:13.054,22945,22946,22945,2,-2
2024-10-30 15:00:13.095,22945,22946,22945,1,-1
2024-10-30 15:00:13.095,22945,22946,22943,2,-2
2024-10-30 15:00:13.095,22945,22946,22942,4,-4
2024-10-30 15:00:13.096,22945,22946,22942,1,-1
2024-10-30 15:00:13.096,22945,22946,22942,2,-2
2024-10-30 15:00:13.976,22941,22944,22945,2,2
2024-10-30 15:00:14.337,22942,22944,22942,1,-1
2024-10-30 15:00:15.003,22942,22944,22942,2,-2
2024-10-30 15:00:15.003,22942,22944,22941,4,-4
2024-10-30 15:00:15.030,22942,22944,22942,1,-1
2024-10-30 15:00:15.066,22941,22943,22943,1,1
2024-10-30 15:00:15.246,22941,22944,22941,2,-2
2024-10-30 15:00:15.246,22941,22944,22940,5,-5
2024-10-30 15:00:15.247,22941,22944,22939,1,-1
2024-10-30 15:00:15.247,22941,22944,22939,5,-5
2024-10-30 15:00:15.447,22939,22941,22941,8,8
2024-10-30 15:00:15.458,22939,22941,22942,3,3
2024-10-30 15:00:16.023,22940,22944,22938,2,-2
2024-10-30 15:00:16.023,22940,22944,22940,1,-1
2024-10-30 15:00:16.023,22940,22944,22939,3,-3
2024-10-30 15:00:16.873,22939,22942,22939,1,-1
2024-10-30 15:00:16.979,22939,22942,22939,3,-3
2024-10-30 15:00:16.979,22939,22942,22938,3,-3
2024-10-30 15:00:17.068,22938,22941,22939,1,-1
2024-10-30 15:00:17.563,22939,22940,22940,1,1
2024-10-30 15:00:19.685,22939,22941,22939,1,-1
2024-10-30 15:00:20.450,22939,22940,22940,1,1
2024-10-30 15:00:20.559,22939,22941,22941,1,1
2024-10-30 15:00:20.767,22939,22942,22939,2,-2
2024-10-30 15:00:21.028,22938,22941,22938,4,-4
2024-10-30 15:00:21.028,22938,22941,22937,1,-1
2024-10-30 15:00:21.030,22938,22941,22939,1,-1
2024-10-30 15:00:21.836,22938,22940,22938,4,-4
2024-10-30 15:00:21.836,22938,22940,22937,3,-3
2024-10-30 15:00:21.926,22936,22938,22936,2,-2
2024-10-30 15:00:21.957,22936,22938,22938,1,1
2024-10-30 15:00:24.868,22936,22939,22936,1,-1
2024-10-30 15:00:24.936,22936,22938,22938,1,1
2024-10-30 15:00:24.972,22936,22938,22936,1,-1
2024-10-30 15:00:24.975,22936,22938,22936,1,-1
2024-10-30 15:00:25.024,22936,22938,22936,1,-1
2024-10-30 15:00:25.027,22936,22938,22936,1,-1
2024-10-30 15:00:25.028,22936,22938,22936,1,-1
2024-10-30 15:00:25.062,22935,22937,22934,1,-1
2024-10-30 15:00:25.365,22932,22935,22935,1,1
2024-10-30 15:00:25.392,22932,22935,22934,1,1
2024-10-30 15:00:25.396,22932,22935,22933,1,-1
2024-10-30 15:00:27.682,22935,22937,22937,1,1
2024-10-30 15:00:28.195,22935,22938,22935,1,-1
2024-10-30 15:00:28.369,22935,22938,22938,1,1
2024-10-30 15:00:28.559,22935,22938,22935,2,-2
2024-10-30 15:00:28.559,22935,22938,22935,1,-1
2024-10-30 15:00:28.559,22935,22938,22936,1,-1
2024-10-30 15:00:28.960,22935,22937,22935,2,-2
2024-10-30 15:00:28.961,22935,22937,22935,1,-1
2024-10-30 15:00:28.961,22935,22937,22935,1,-1
2024-10-30 15:00:28.962,22935,22937,22935,1,-1
2024-10-30 15:00:28.962,22935,22937,22935,1,-1
2024-10-30 15:00:29.084,22934,22937,22936,1,1
2024-10-30 15:00:29.100,22934,22937,22936,1,1
2024-10-30 15:00:29.447,22934,22936,22936,1,1
2024-10-30 15:00:29.684,22934,22936,22934,1,-1
2024-10-30 15:00:29.812,22933,22935,22935,1,1
2024-10-30 15:00:29.997,22933,22937,22933,1,-1
2024-10-30 15:00:31.484,22933,22936,22936,2,2
2024-10-30 15:00:31.738,22934,22937,22935,1,-1
2024-10-30 15:00:32.735,22934,22937,22934,1,-1
2024-10-30 15:00:33.201,22934,22937,22934,1,-1
2024-10-30 15:00:34.751,22934,22937,22934,1,-1
2024-10-30 15:00:35.440,22933,22935,22935,1,1
2024-10-30 15:00:37.366,22935,22936,22935,1,-1
2024-10-30 15:00:37.694,22933,22936,22936,1,1
2024-10-30 15:00:38.044,22935,22937,22937,1,1
2024-10-30 15:00:38.244,22936,22938,22936,3,-3
2024-10-30 15:00:38.244,22936,22938,22935,4,-4
2024-10-30 15:00:38.245,22936,22938,22935,1,-1
2024-10-30 15:00:38.569,22934,22937,22934,1,-1
2024-10-30 15:00:39.282,22934,22938,22934,1,-1
2024-10-30 15:00:39.707,22934,22937,22934,1,-1
2024-10-30 15:00:40.587,22936,22938,22936,1,-1
2024-10-30 15:00:41.656,22935,22938,22938,1,1
2024-10-30 15:00:41.733,22935,22938,22939,7,7
2024-10-30 15:00:41.733,22935,22938,22938,4,4
2024-10-30 15:00:43.492,22937,22939,22940,2,2
2024-10-30 15:00:43.948,22939,22940,22939,1,-1
2024-10-30 15:00:44.207,22937,22939,22939,4,4
2024-10-30 15:00:44.217,22937,22939,22940,3,3
2024-10-30 15:00:44.229,22937,22939,22939,1,1
2024-10-30 15:00:44.968,22938,22940,22938,1,-1
2024-10-30 15:00:47.689,22938,22940,22940,1,1
2024-10-30 15:00:49.787,22938,22940,22938,1,-1
2024-10-30 15:00:50.226,22938,22940,22937,1,-1
2024-10-30 15:00:50.226,22938,22940,22938,1,-1
2024-10-30 15:00:50.228,22938,22940,22937,3,-3
2024-10-30 15:00:50.921,22936,22937,22936,1,-1
2024-10-30 15:00:50.940,22936,22937,22935,1,-1
2024-10-30 15:00:50.940,22936,22937,22935,1,-1
2024-10-30 15:00:51.512,22933,22936,22936,2,2
2024-10-30 15:00:53.728,22933,22936,22933,2,-2
2024-10-30 15:00:55.714,22932,22935,22932,1,-1
2024-10-30 15:00:58.826,22934,22935,22934,1,-1
2024-10-30 15:00:58.896,22934,22935,22933,1,-1
2024-10-30 15:00:59.106,22933,22935,22935,2,2
2024-10-30 15:01:00.037,22933,22935,22932,1,-1
2024-10-30 15:01:00.037,22933,22935,22933,1,-1
2024-10-30 15:01:00.052,22933,22935,22935,1,1
2024-10-30 15:01:00.053,22933,22935,22935,1,1
2024-10-30 15:01:00.053,22933,22935,22936,1,1
2024-10-30 15:01:00.063,22933,22935,22937,2,2
2024-10-30 15:01:00.069,22933,22935,22935,1,1
2024-10-30 15:01:00.070,22933,22935,22935,1,1
2024-10-30 15:01:00.071,22933,22935,22934,1,1
2024-10-30 15:01:00.086,22933,22935,22936,1,1
2024-10-30 15:01:00.087,22933,22935,22936,1,1
2024-10-30 15:01:00.089,22933,22935,22937,1,1
2024-10-30 15:01:00.089,22933,22935,22938,1,1
2024-10-30 15:01:00.107,22933,22935,22938,1,1
2024-10-30 15:01:00.111,22933,22935,22935,2,2
2024-10-30 15:01:00.113,22933,22935,22938,4,4
2024-10-30 15:01:00.113,22933,22935,22939,3,3
2024-10-30 15:01:00.113,22933,22935,22940,9,9
2024-10-30 15:01:00.113,22933,22935,22941,2,2
2024-10-30 15:01:00.113,22933,22935,22941,2,2
2024-10-30 15:01:00.136,22933,22935,22941,1,1
2024-10-30 15:01:00.136,22933,22935,22942,2,2
2024-10-30 15:01:00.167,22939,22943,22942,1,1
2024-10-30 15:01:00.168,22939,22943,22943,1,1
2024-10-30 15:01:00.168,22939,22943,22943,1,1
2024-10-30 15:01:00.170,22939,22943,22943,1,1
2024-10-30 15:01:00.207,22939,22943,22943,1,1
2024-10-30 15:01:00.207,22939,22943,22943,1,1
2024-10-30 15:01:00.208,22939,22943,22943,2,2
2024-10-30 15:01:00.279,22939,22943,22944,1,1
2024-10-30 15:01:00.513,22942,22944,22944,1,1
2024-10-30 15:01:00.621,22942,22944,22944,2,2
2024-10-30 15:01:01.214,22942,22944,22944,1,1
2024-10-30 15:01:01.285,22943,22945,22945,2,2
2024-10-30 15:01:01.286,22943,22945,22946,1,1
2024-10-30 15:01:01.287,22943,22945,22946,1,1
2024-10-30 15:01:01.287,22943,22945,22946,1,1
2024-10-30 15:01:01.823,22943,22945,22943,1,-1
2024-10-30 15:01:01.823,22943,22945,22942,1,-1
2024-10-30 15:01:02.282,22942,22945,22945,1,1
2024-10-30 15:01:02.306,22942,22945,22943,3,-3
2024-10-30 15:01:02.306,22942,22945,22942,3,-3
2024-10-30 15:01:03.140,22942,22945,22942,5,-5
2024-10-30 15:01:03.140,22942,22945,22944,2,2
2024-10-30 15:01:03.165,22942,22944,22945,1,1
2024-10-30 15:01:03.217,22942,22944,22943,1,1
2024-10-30 15:01:03.265,22942,22944,22943,1,1
2024-10-30 15:01:03.265,22942,22944,22942,5,-5
2024-10-30 15:01:03.395,22941,22944,22945,4,4
2024-10-30 15:01:03.395,22941,22944,22946,1,1
2024-10-30 15:01:04.150,22943,22946,22943,1,-1
2024-10-30 15:01:04.629,22943,22946,22943,4,-4
2024-10-30 15:01:04.629,22943,22946,22942,2,-2
2024-10-30 15:01:04.813,22942,22943,22943,1,1
2024-10-30 15:01:04.882,22942,22943,22945,3,3
2024-10-30 15:01:04.882,22942,22943,22946,2,2
2024-10-30 15:01:05.207,22943,22946,22943,1,-1
2024-10-30 15:01:05.745,22943,22946,22943,4,-4
2024-10-30 15:01:05.745,22943,22946,22942,2,-2
2024-10-30 15:01:05.960,22941,22944,22944,4,4
2024-10-30 15:01:05.960,22941,22944,22945,1,1
2024-10-30 15:01:06.899,22944,22946,22947,3,3
2024-10-30 15:01:06.899,22944,22946,22946,2,2
2024-10-30 15:01:07.018,22945,22947,22945,1,-1
2024-10-30 15:01:07.035,22944,22947,22947,1,1
2024-10-30 15:01:07.035,22944,22947,22947,1,1
2024-10-30 15:01:07.036,22944,22947,22948,1,1
2024-10-30 15:01:07.036,22944,22947,22948,1,1
2024-10-30 15:01:07.036,22944,22947,22948,1,1
2024-10-30 15:01:07.036,22944,22947,22948,1,1
2024-10-30 15:01:07.036,22944,22947,22948,1,1
2024-10-30 15:01:07.036,22944,22947,22949,1,1
2024-10-30 15:01:07.036,22944,22947,22949,1,1
2024-10-30 15:01:07.040,22944,22947,22949,1,1
2024-10-30 15:01:07.179,22947,22949,22949,2,2
2024-10-30 15:01:07.179,22947,22949,22950,1,1
2024-10-30 15:01:07.181,22947,22949,22948,1,1
2024-10-30 15:01:07.391,22947,22949,22949,1,1
2024-10-30 15:01:07.565,22947,22949,22949,1,1
2024-10-30 15:01:07.571,22947,22949,22949,1,1
2024-10-30 15:01:07.631,22947,22949,22950,32,32
2024-10-30 15:01:07.632,22947,22949,22951,3,3
2024-10-30 15:01:07.632,22947,22949,22952,1,1
2024-10-30 15:01:07.633,22947,22949,22953,1,1
2024-10-30 15:01:07.661,22952,22953,22952,1,-1
2024-10-30 15:01:07.713,22952,22953,22953,1,1
2024-10-30 15:01:07.738,22952,22953,22954,1,1
2024-10-30 15:01:07.738,22952,22953,22954,2,2
2024-10-30 15:01:07.738,22952,22953,22953,1,1
2024-10-30 15:01:07.738,22952,22953,22954,4,4
2024-10-30 15:01:07.738,22952,22953,22954,1,1
2024-10-30 15:01:07.739,22952,22953,22954,2,2
2024-10-30 15:01:07.739,22952,22953,22953,1,1
2024-10-30 15:01:07.739,22952,22953,22954,1,1
2024-10-30 15:01:07.739,22952,22953,22954,1,1
2024-10-30 15:01:07.739,22952,22953,22954,1,1
2024-10-30 15:01:07.740,22952,22953,22955,1,1
2024-10-30 15:01:07.743,22952,22953,22955,1,1
2024-10-30 15:01:07.747,22952,22953,22956,1,1
2024-10-30 15:01:07.759,22952,22953,22956,1,1
2024-10-30 15:01:07.773,22952,22953,22957,1,1
2024-10-30 15:01:07.778,22952,22953,22957,2,2
2024-10-30 15:01:07.858,22954,22958,22958,1,1
2024-10-30 15:01:07.870,22954,22958,22958,1,1
2024-10-30 15:01:07.904,22954,22958,22959,1,1
2024-10-30 15:01:07.916,22954,22959,22954,1,-1
2024-10-30 15:01:07.924,22954,22959,22954,1,-1
2024-10-30 15:01:07.995,22954,22959,22957,2,2
2024-10-30 15:01:08.090,22952,22954,22953,1,1
2024-10-30 15:01:08.093,22952,22954,22953,1,1
2024-10-30 15:01:08.101,22952,22954,22953,2,2
2024-10-30 15:01:08.149,22952,22954,22954,1,1
2024-10-30 15:01:08.164,22952,22954,22954,1,1
2024-10-30 15:01:08.209,22952,22954,22954,1,1
2024-10-30 15:01:08.234,22952,22954,22955,1,1
2024-10-30 15:01:08.244,22952,22954,22955,1,1
2024-10-30 15:01:08.246,22952,22954,22956,1,1
2024-10-30 15:01:08.249,22952,22954,22956,1,1
2024-10-30 15:01:08.250,22952,22954,22956,1,1
2024-10-30 15:01:08.252,22952,22954,22957,1,1
2024-10-30 15:01:08.254,22952,22954,22957,1,1
2024-10-30 15:01:08.388,22955,22958,22955,1,-1
2024-10-30 15:01:08.537,22954,22958,22954,1,-1
2024-10-30 15:01:08.563,22954,22958,22953,3,-3
2024-10-30 15:01:08.588,22954,22958,22956,2,-2
2024-10-30 15:01:08.688,22952,22954,22952,2,-2
2024-10-30 15:01:08.865,22950,22953,22953,1,1
2024-10-30 15:01:08.867,22950,22953,22951,1,-1
2024-10-30 15:01:09.037,22951,22953,22950,1,-1
2024-10-30 15:01:09.196,22950,22953,22953,2,2
2024-10-30 15:01:09.196,22950,22953,22954,1,1
2024-10-30 15:01:09.240,22950,22953,22953,1,1
2024-10-30 15:01:09.258,22950,22953,22956,3,3
2024-10-30 15:01:09.258,22950,22953,22957,2,2
2024-10-30 15:01:09.343,22954,22957,22956,1,1
2024-10-30 15:01:09.343,22954,22957,22956,1,1
2024-10-30 15:01:09.434,22954,22956,22956,1,1
2024-10-30 15:01:09.480,22954,22956,22954,1,-1
2024-10-30 15:01:10.336,22953,22954,22954,1,1
2024-10-30 15:01:10.437,22953,22956,22953,1,-1
2024-10-30 15:01:10.539,22952,22955,22955,1,1
2024-10-30 15:01:10.663,22953,22956,22953,1,-1
2024-10-30 15:01:11.059,22953,22956,22956,1,1
2024-10-30 15:01:12.059,22952,22954,22954,1,1
2024-10-30 15:01:12.250,22952,22955,22955,3,3
2024-10-30 15:01:12.250,22952,22955,22956,2,2
2024-10-30 15:01:12.433,22953,22956,22956,1,1
2024-10-30 15:01:12.519,22953,22956,22954,1,-1
2024-10-30 15:01:12.783,22953,22956,22956,1,1
2024-10-30 15:01:12.962,22954,22957,22954,1,-1
2024-10-30 15:01:13.468,22954,22956,22956,2,2
2024-10-30 15:01:13.468,22954,22956,22957,3,3
2024-10-30 15:01:13.944,22954,22957,22958,1,1
2024-10-30 15:01:13.944,22954,22957,22957,4,4
2024-10-30 15:01:14.787,22957,22959,22959,1,1
2024-10-30 15:01:14.832,22957,22959,22957,1,-1
2024-10-30 15:01:14.856,22957,22959,22957,1,-1
2024-10-30 15:01:14.987,22956,22957,22957,1,1
2024-10-30 15:01:15.084,22956,22959,22957,1,-1
2024-10-30 15:01:15.195,22957,22958,22958,2,2
2024-10-30 15:01:15.195,22957,22958,22959,3,3
2024-10-30 15:01:15.643,22957,22960,22957,1,-1
2024-10-30 15:01:16.023,22957,22960,22957,1,-1
2024-10-30 15:01:17.088,22957,22960,22956,2,-2
2024-10-30 15:01:17.088,22957,22960,22957,6,-6
2024-10-30 15:01:18.597,22957,22958,22957,1,-1
2024-10-30 15:01:18.597,22957,22958,22956,3,-3
2024-10-30 15:01:18.622,22957,22958,22957,1,-1
2024-10-30 15:01:18.661,22956,22958,22958,1,1
2024-10-30 15:01:18.661,22956,22958,22958,1,1
2024-10-30 15:01:18.661,22956,22958,22958,1,1
2024-10-30 15:01:18.661,22956,22958,22959,1,1
2024-10-30 15:01:18.662,22956,22958,22958,1,1
2024-10-30 15:01:18.662,22956,22958,22959,1,1
2024-10-30 15:01:18.663,22956,22958,22959,1,1
2024-10-30 15:01:18.891,22956,22959,22959,4,4
2024-10-30 15:01:18.891,22956,22959,22960,1,1
2024-10-30 15:01:19.935,22957,22959,22957,1,-1
2024-10-30 15:01:19.977,22957,22959,22956,1,-1
2024-10-30 15:01:20.102,22954,22957,22954,2,-2
2024-10-30 15:01:20.102,22954,22957,22954,1,-1
2024-10-30 15:01:20.547,22953,22956,22953,2,-2
2024-10-30 15:01:20.548,22953,22956,22952,2,-2
2024-10-30 15:01:20.775,22951,22953,22953,1,1
2024-10-30 15:01:21.135,22951,22953,22953,4,4
2024-10-30 15:01:22.194,22951,22954,22951,2,-2
2024-10-30 15:01:22.200,22951,22954,22953,1,1
2024-10-30 15:01:22.709,22950,22953,22953,1,1
2024-10-30 15:01:23.070,22951,22954,22954,1,1
2024-10-30 15:01:23.164,22951,22954,22951,1,-1
2024-10-30 15:01:23.463,22951,22954,22954,5,5
2024-10-30 15:01:23.463,22951,22954,22955,9,9
2024-10-30 15:01:23.463,22951,22954,22956,6,6
2024-10-30 15:01:23.698,22954,22957,22954,3,-3
2024-10-30 15:01:23.716,22954,22957,22955,2,-2
2024-10-30 15:01:28.298,22951,22953,22953,1,1
2024-10-30 15:01:28.600,22952,22954,22954,2,2
2024-10-30 15:01:28.690,22952,22954,22954,6,6
2024-10-30 15:01:30.020,22953,22955,22955,3,3
2024-10-30 15:01:30.020,22953,22955,22956,1,1
2024-10-30 15:01:30.035,22953,22956,22956,1,1
2024-10-30 15:01:30.036,22953,22956,22956,1,1
2024-10-30 15:01:30.036,22953,22956,22956,1,1
2024-10-30 15:01:30.036,22953,22956,22956,1,1
2024-10-30 15:01:30.037,22953,22956,22957,1,1
2024-10-30 15:01:30.037,22953,22956,22957,1,1
2024-10-30 15:01:30.384,22954,22957,22957,2,2
2024-10-30 15:01:30.600,22955,22958,22955,1,-1
2024-10-30 15:01:30.695,22954,22955,22955,2,2
2024-10-30 15:01:32.121,22954,22956,22954,2,-2
2024-10-30 15:01:32.382,22953,22956,22953,1,-1
2024-10-30 15:01:32.794,22952,22955,22952,1,-1
2024-10-30 15:01:32.842,22952,22955,22955,1,1
2024-10-30 15:01:34.898,22954,22955,22955,2,2
2024-10-30 15:01:35.371,22954,22955,22955,1,1
2024-10-30 15:01:37.817,22954,22955,22954,1,-1
2024-10-30 15:01:37.911,22953,22955,22955,1,1
2024-10-30 15:01:37.911,22953,22955,22955,1,1
2024-10-30 15:01:37.911,22953,22955,22955,1,1
2024-10-30 15:01:37.911,22953,22955,22955,1,1
2024-10-30 15:01:37.912,22953,22955,22956,1,1
2024-10-30 15:01:37.932,22953,22955,22954,1,1
2024-10-30 15:01:38.566,22954,22956,22954,2,-2
2024-10-30 15:01:39.279,22953,22956,22955,1,1
2024-10-30 15:01:39.928,22955,22956,22955,1,-1
2024-10-30 15:01:41.073,22955,22956,22955,1,-1
2024-10-30 15:01:41.073,22955,22956,22955,1,-1
2024-10-30 15:01:41.716,22953,22955,22953,1,-1
2024-10-30 15:01:42.209,22953,22955,22955,1,1
2024-10-30 15:01:45.483,22953,22955,22953,1,-1
2024-10-30 15:01:45.496,22953,22955,22953,1,-1
2024-10-30 15:01:46.452,22953,22955,22953,1,-1
2024-10-30 15:01:46.536,22953,22955,22955,1,1
2024-10-30 15:01:46.721,22953,22955,22955,2,2
2024-10-30 15:01:46.721,22953,22955,22956,3,3
2024-10-30 15:01:47.937,22954,22956,22954,2,-2
2024-10-30 15:01:48.278,22954,22956,22954,1,-1
2024-10-30 15:01:51.811,22954,22955,22955,1,1
2024-10-30 15:01:51.811,22954,22955,22956,1,1
2024-10-30 15:01:52.028,22955,22957,22955,1,-1
2024-10-30 15:01:52.095,22954,22956,22954,3,-3
2024-10-30 15:01:52.095,22954,22956,22954,1,-1
2024-10-30 15:01:52.103,22954,22956,22952,1,-1
2024-10-30 15:01:52.128,22954,22956,22953,1,-1
2024-10-30 15:01:52.468,22951,22952,22951,1,-1
2024-10-30 15:01:52.640,22950,22952,22951,1,-1
2024-10-30 15:01:52.655,22950,22952,22950,1,-1
2024-10-30 15:01:52.752,22950,22952,22952,2,2
2024-10-30 15:01:52.862,22951,22953,22953,1,1
2024-10-30 15:01:52.862,22951,22953,22954,1,1
2024-10-30 15:01:53.423,22951,22954,22951,1,-1
2024-10-30 15:01:53.968,22949,22952,22949,1,-1
2024-10-30 15:01:56.341,22948,22949,22948,1,-1
2024-10-30 15:01:56.728,22947,22948,22947,1,-1
2024-10-30 15:01:59.343,22946,22948,22948,1,1
2024-10-30 15:01:59.377,22946,22948,22948,1,1
2024-10-30 15:02:00.072,22947,22949,22949,1,1
2024-10-30 15:02:00.160,22948,22950,22950,1,1
2024-10-30 15:02:00.161,22948,22950,22951,1,1
2024-10-30 15:02:00.161,22948,22950,22951,1,1
2024-10-30 15:02:00.566,22950,22953,22952,1,1
2024-10-30 15:02:00.978,22949,22952,22949,1,-1
2024-10-30 15:02:02.205,22948,22951,22948,2,-2
2024-10-30 15:02:02.205,22948,22951,22948,3,-3
2024-10-30 15:02:02.205,22948,22951,22947,7,-7
2024-10-30 15:02:02.205,22948,22951,22946,2,-2
2024-10-30 15:02:02.284,22945,22948,22948,1,1
2024-10-30 15:02:02.285,22945,22948,22950,1,1
2024-10-30 15:02:02.285,22945,22948,22950,1,1
2024-10-30 15:02:02.285,22945,22948,22950,1,1
2024-10-30 15:02:02.285,22945,22948,22950,1,1
2024-10-30 15:02:02.285,22945,22948,22948,1,1
2024-10-30 15:02:02.285,22945,22948,22948,1,1
2024-10-30 15:02:02.285,22945,22948,22949,1,1
2024-10-30 15:02:02.286,22945,22948,22951,1,1
2024-10-30 15:02:02.291,22945,22948,22951,1,1
2024-10-30 15:02:02.584,22948,22951,22948,1,-1
2024-10-30 15:02:02.596,22948,22951,22948,1,-1
2024-10-30 15:02:02.612,22948,22951,22948,1,-1
2024-10-30 15:02:05.712,22948,22950,22949,1,-1
2024-10-30 15:02:08.079,22949,22950,22950,1,1
2024-10-30 15:02:08.244,22950,22951,22951,8,8
2024-10-30 15:02:08.245,22950,22951,22951,1,1
2024-10-30 15:02:08.245,22950,22951,22951,3,3
2024-10-30 15:02:08.448,22951,22953,22951,1,-1
2024-10-30 15:02:08.476,22951,22953,22951,1,-1
2024-10-30 15:02:08.538,22951,22953,22951,1,-1
2024-10-30 15:02:08.991,22951,22953,22951,1,-1
2024-10-30 15:02:09.028,22951,22953,22951,1,-1
2024-10-30 15:02:09.034,22951,22953,22953,1,1
2024-10-30 15:02:09.034,22951,22953,22953,1,1
2024-10-30 15:02:09.034,22951,22953,22954,1,1
2024-10-30 15:02:09.035,22951,22953,22953,1,1
2024-10-30 15:02:09.036,22951,22953,22955,1,1
2024-10-30 15:02:09.036,22951,22953,22955,1,1
2024-10-30 15:02:09.036,22951,22953,22955,1,1
2024-10-30 15:02:09.036,22951,22953,22954,1,1
2024-10-30 15:02:09.036,22951,22953,22955,1,1
2024-10-30 15:02:09.036,22951,22953,22955,1,1
2024-10-30 15:02:09.042,22951,22953,22955,1,1
2024-10-30 15:02:09.955,22952,22955,22952,1,-1
2024-10-30 15:02:10.965,22953,22956,22953,3,-3
2024-10-30 15:02:13.607,22953,22955,22953,1,-1
2024-10-30 15:02:14.403,22953,22955,22955,1,1
2024-10-30 15:02:15.483,22954,22955,22955,2,2
2024-10-30 15:02:16.367,22955,22956,22956,2,2
2024-10-30 15:02:17.797,22956,22958,22956,1,-1
2024-10-30 15:02:20.018,22955,22957,22957,1,1
2024-10-30 15:02:20.018,22955,22957,22958,5,5
2024-10-30 15:02:20.019,22955,22957,22958,1,1
2024-10-30 15:02:20.035,22957,22959,22959,1,1
2024-10-30 15:02:20.035,22957,22959,22959,1,1
2024-10-30 15:02:20.035,22957,22959,22959,1,1
2024-10-30 15:02:20.036,22957,22959,22960,1,1
2024-10-30 15:02:20.036,22957,22959,22960,1,1
2024-10-30 15:02:20.036,22957,22959,22960,1,1
2024-10-30 15:02:20.036,22957,22959,22960,1,1
2024-10-30 15:02:20.036,22957,22959,22960,1,1
2024-10-30 15:02:20.108,22957,22959,22958,2,2
2024-10-30 15:02:20.297,22957,22959,22959,2,2
2024-10-30 15:02:20.300,22957,22959,22960,11,11
2024-10-30 15:02:20.301,22957,22959,22960,1,1
2024-10-30 15:02:21.548,22958,22959,22959,1,1
2024-10-30 15:02:21.937,22958,22960,22960,5,5
2024-10-30 15:02:22.133,22960,22961,22961,2,2
2024-10-30 15:02:22.133,22960,22961,22961,2,2
2024-10-30 15:02:22.133,22960,22961,22961,3,3
2024-10-30 15:02:22.204,22961,22962,22961,1,-1
2024-10-30 15:02:22.216,22961,22962,22960,1,-1
2024-10-30 15:02:22.224,22961,22962,22962,1,1
2024-10-30 15:02:22.427,22960,22961,22960,1,-1
2024-10-30 15:02:22.751,22960,22961,22961,1,1
2024-10-30 15:02:22.925,22960,22962,22960,2,-2
2024-10-30 15:02:22.925,22960,22962,22959,2,-2
2024-10-30 15:02:24.197,22958,22961,22961,1,1
2024-10-30 15:02:24.389,22959,22962,22962,1,1
2024-10-30 15:02:26.192,22961,22962,22961,1,-1
2024-10-30 15:02:26.329,22961,22962,22962,2,2
2024-10-30 15:02:26.789,22961,22963,22963,1,1
2024-10-30 15:02:26.789,22961,22963,22964,1,1
2024-10-30 15:02:26.942,22961,22963,22963,1,1
2024-10-30 15:02:27.171,22961,22963,22964,8,8
2024-10-30 15:02:27.171,22961,22963,22965,1,1
2024-10-30 15:02:27.230,22961,22963,22965,3,3
2024-10-30 15:02:27.284,22962,22965,22965,1,1
2024-10-30 15:02:27.284,22962,22965,22965,1,1
2024-10-30 15:02:27.285,22962,22965,22965,1,1
2024-10-30 15:02:27.304,22962,22965,22964,1,1
2024-10-30 15:02:27.339,22962,22965,22965,1,1
2024-10-30 15:02:27.354,22962,22965,22966,1,1
2024-10-30 15:02:27.355,22962,22965,22966,1,1
2024-10-30 15:02:27.355,22962,22965,22966,1,1
2024-10-30 15:02:27.364,22962,22965,22967,1,1
2024-10-30 15:02:27.589,22963,22966,22966,1,1
2024-10-30 15:02:27.764,22964,22967,22967,1,1
2024-10-30 15:02:28.048,22964,22967,22967,1,1
2024-10-30 15:02:28.148,22964,22967,22967,1,1
2024-10-30 15:02:29.066,22964,22966,22966,1,1
2024-10-30 15:02:29.067,22964,22966,22964,1,-1
2024-10-30 15:02:29.154,22964,22966,22967,1,1
2024-10-30 15:02:29.600,22964,22967,22967,3,3
2024-10-30 15:02:29.852,22964,22967,22964,1,-1
2024-10-30 15:02:30.161,22964,22967,22964,1,-1
2024-10-30 15:02:30.846,22964,22965,22964,1,-1
2024-10-30 15:02:31.253,22964,22965,22965,1,1
2024-10-30 15:02:31.253,22964,22965,22966,6,6
2024-10-30 15:02:32.098,22965,22967,22967,1,1
2024-10-30 15:02:32.102,22965,22967,22965,3,-3
2024-10-30 15:02:32.616,22964,22967,22965,1,-1
2024-10-30 15:02:33.141,22964,22967,22967,1,1
2024-10-30 15:02:33.193,22965,22967,22965,1,-1
2024-10-30 15:02:33.446,22964,22967,22965,1,-1
2024-10-30 15:02:33.924,22966,22967,22966,1,-1
2024-10-30 15:02:33.976,22966,22967,22966,1,-1
2024-10-30 15:02:34.569,22964,22967,22964,1,-1
2024-10-30 15:02:35.157,22965,22967,22965,2,-2
2024-10-30 15:02:35.427,22964,22967,22964,2,-2
2024-10-30 15:02:36.522,22964,22966,22966,3,3
2024-10-30 15:02:36.522,22964,22966,22967,4,4
2024-10-30 15:02:36.891,22966,22968,22968,2,2
2024-10-30 15:02:36.993,22966,22968,22968,1,1
2024-10-30 15:02:36.993,22966,22968,22968,1,1
2024-10-30 15:02:37.187,22966,22969,22969,1,1
2024-10-30 15:02:37.200,22966,22969,22969,1,1
2024-10-30 15:02:37.758,22966,22967,22967,1,1
2024-10-30 15:02:39.200,22966,22969,22966,2,-2
2024-10-30 15:02:40.101,22965,22967,22965,2,-2
2024-10-30 15:02:40.264,22965,22967,22967,1,1
2024-10-30 15:02:40.604,22965,22967,22967,1,1
2024-10-30 15:02:41.639,22965,22967,22965,2,-2
2024-10-30 15:02:41.680,22964,22965,22964,1,-1
2024-10-30 15:02:41.962,22963,22965,22965,2,2
2024-10-30 15:02:42.238,22963,22965,22963,1,-1
2024-10-30 15:02:42.429,22963,22965,22965,1,1
2024-10-30 15:02:42.889,22963,22965,22963,1,-1
2024-10-30 15:02:43.189,22962,22964,22962,15,-15
2024-10-30 15:02:43.189,22962,22964,22961,1,-1
2024-10-30 15:02:43.190,22962,22964,22961,1,-1
2024-10-30 15:02:43.389,22960,22962,22962,2,2
2024-10-30 15:02:44.068,22960,22962,22962,1,1
2024-10-30 15:02:44.097,22960,22962,22960,2,-2
2024-10-30 15:02:44.525,22960,22962,22962,1,1
2024-10-30 15:02:46.902,22960,22962,22960,2,-2
2024-10-30 15:02:46.904,22960,22962,22959,2,-2
2024-10-30 15:02:47.230,22958,22960,22960,1,1
2024-10-30 15:02:48.200,22958,22959,22959,2,2
2024-10-30 15:02:48.200,22958,22959,22960,2,2
2024-10-30 15:02:48.369,22959,22961,22959,1,-1
2024-10-30 15:02:49.280,22958,22961,22961,2,2
2024-10-30 15:02:49.422,22959,22961,22961,1,1
2024-10-30 15:02:49.874,22959,22961,22959,1,-1
2024-10-30 15:02:51.881,22959,22961,22958,6,-6
2024-10-30 15:02:51.881,22959,22961,22958,1,-1
2024-10-30 15:02:51.881,22959,22961,22959,1,-1
2024-10-30 15:02:52.399,22957,22959,22957,1,-1
2024-10-30 15:02:54.087,22955,22958,22955,1,-1
2024-10-30 15:02:55.506,22955,22958,22955,3,-3
2024-10-30 15:02:57.005,22953,22956,22956,5,5
2024-10-30 15:02:57.005,22953,22956,22957,5,5
2024-10-30 15:02:57.005,22953,22956,22958,8,8
2024-10-30 15:02:57.005,22953,22956,22959,1,1
2024-10-30 15:02:57.908,22957,22959,22957,1,-1
2024-10-30 15:02:59.739,22956,22959,22957,1,-1
2024-10-30 15:03:00.058,22957,22959,22960,2,2
2024-10-30 15:03:00.058,22957,22959,22959,1,1
2024-10-30 15:03:00.061,22957,22959,22961,2,2
2024-10-30 15:03:00.064,22957,22959,22961,2,2
2024-10-30 15:03:00.067,22957,22959,22962,1,1
2024-10-30 15:03:00.067,22957,22959,22962,1,1
2024-10-30 15:03:00.077,22957,22959,22963,1,1
2024-10-30 15:03:00.145,22957,22959,22962,2,2
2024-10-30 15:03:00.151,22957,22959,22963,1,1
2024-10-30 15:03:00.162,22961,22963,22963,1,1
2024-10-30 15:03:00.163,22961,22963,22965,1,1
2024-10-30 15:03:00.163,22961,22963,22964,1,1
2024-10-30 15:03:00.163,22961,22963,22964,1,1
2024-10-30 15:03:00.166,22961,22963,22965,1,1
2024-10-30 15:03:00.166,22961,22963,22966,1,1
2024-10-30 15:03:00.166,22961,22963,22966,1,1
2024-10-30 15:03:00.169,22961,22963,22966,1,1
2024-10-30 15:03:00.178,22961,22963,22967,1,1
2024-10-30 15:03:00.179,22961,22963,22967,1,1
2024-10-30 15:03:00.310,22963,22967,22963,1,-1
2024-10-30 15:03:00.389,22963,22967,22965,1,-1
2024-10-30 15:03:00.484,22962,22965,22963,1,-1
2024-10-30 15:03:00.485,22962,22965,22963,1,-1
2024-10-30 15:03:00.512,22962,22965,22962,1,-1
2024-10-30 15:03:00.515,22962,22965,22962,1,-1
2024-10-30 15:03:00.601,22961,22965,22965,1,1
2024-10-30 15:03:00.604,22961,22965,22965,1,1
2024-10-30 15:03:00.736,22962,22966,22966,1,1
2024-10-30 15:03:00.909,22962,22966,22966,1,1
2024-10-30 15:03:01.099,22962,22966,22962,1,-1
2024-10-30 15:03:01.159,22961,22964,22964,1,1
2024-10-30 15:03:01.160,22961,22964,22965,1,1
2024-10-30 15:03:01.160,22961,22964,22965,1,1
2024-10-30 15:03:01.160,22961,22964,22965,1,1
2024-10-30 15:03:01.160,22961,22964,22965,1,1
2024-10-30 15:03:01.161,22961,22964,22967,1,1
2024-10-30 15:03:01.161,22961,22964,22967,1,1
2024-10-30 15:03:01.161,22961,22964,22966,1,1
2024-10-30 15:03:01.161,22961,22964,22966,1,1
2024-10-30 15:03:01.161,22961,22964,22967,1,1
2024-10-30 15:03:01.161,22961,22964,22966,1,1
2024-10-30 15:03:01.161,22961,22964,22966,1,1
2024-10-30 15:03:01.161,22961,22964,22965,1,1
2024-10-30 15:03:01.161,22961,22964,22966,1,1
2024-10-30 15:03:01.162,22961,22964,22967,1,1
2024-10-30 15:03:01.162,22961,22964,22967,1,1
2024-10-30 15:03:01.162,22961,22964,22967,1,1
2024-10-30 15:03:01.162,22961,22964,22967,1,1
2024-10-30 15:03:01.162,22961,22964,22968,1,1
2024-10-30 15:03:01.163,22961,22964,22968,1,1
2024-10-30 15:03:01.163,22961,22964,22967,1,1
2024-10-30 15:03:01.163,22961,22964,22967,1,1
2024-10-30 15:03:01.164,22961,22964,22966,1,1
2024-10-30 15:03:01.165,22961,22964,22968,1,1
2024-10-30 15:03:01.167,22961,22964,22965,3,3
2024-10-30 15:03:01.168,22961,22964,22965,1,1
2024-10-30 15:03:01.246,22961,22964,22964,3,3
2024-10-30 15:03:01.407,22963,22966,22963,1,-1
2024-10-30 15:03:01.711,22963,22966,22963,2,-2
2024-10-30 15:03:03.070,22963,22966,22963,1,-1
2024-10-30 15:03:03.303,22963,22964,22963,1,-1
2024-10-30 15:03:03.645,22962,22964,22962,1,-1
2024-10-30 15:03:04.696,22961,22962,22962,1,1
2024-10-30 15:03:04.747,22961,22962,22961,1,-1
2024-10-30 15:03:06.094,22961,22963,22963,1,1
2024-10-30 15:03:07.025,22963,22964,22964,1,1
2024-10-30 15:03:07.035,22964,22966,22966,1,1
2024-10-30 15:03:07.035,22964,22966,22966,1,1
2024-10-30 15:03:07.035,22964,22966,22966,1,1
2024-10-30 15:03:07.036,22964,22966,22967,1,1
2024-10-30 15:03:07.036,22964,22966,22967,1,1
2024-10-30 15:03:07.036,22964,22966,22967,1,1
2024-10-30 15:03:07.036,22964,22966,22966,1,1
2024-10-30 15:03:07.036,22964,22966,22968,1,1
2024-10-30 15:03:07.036,22964,22966,22968,1,1
2024-10-30 15:03:07.037,22964,22966,22968,1,1
2024-10-30 15:03:07.067,22964,22966,22966,1,1
2024-10-30 15:03:07.136,22964,22966,22967,1,1
2024-10-30 15:03:07.341,22964,22966,22964,1,-1
2024-10-30 15:03:07.871,22964,22966,22964,1,-1
2024-10-30 15:03:08.281,22964,22966,22964,1,-1
2024-10-30 15:03:09.417,22964,22966,22966,1,1
2024-10-30 15:03:09.504,22964,22966,22964,1,-1
2024-10-30 15:03:10.082,22964,22967,22967,1,1
2024-10-30 15:03:11.808,22964,22966,22964,3,-3
2024-10-30 15:03:11.844,22964,22966,22965,1,-1
2024-10-30 15:03:12.154,22963,22965,22963,1,-1
2024-10-30 15:03:12.434,22963,22966,22966,3,3
2024-10-30 15:03:12.748,22964,22966,22964,1,-1
2024-10-30 15:03:13.600,22963,22964,22964,1,1
2024-10-30 15:03:14.100,22963,22966,22966,1,1
2024-10-30 15:03:14.607,22963,22967,22967,5,5
2024-10-30 15:03:14.607,22963,22967,22968,2,2
2024-10-30 15:03:15.147,22965,22968,22965,1,-1
2024-10-30 15:03:15.199,22965,22968,22965,1,-1
2024-10-30 15:03:15.893,22963,22966,22968,2,2
2024-10-30 15:03:15.893,22963,22966,22967,5,5
2024-10-30 15:03:15.893,22963,22966,22966,3,3
2024-10-30 15:03:16.367,22965,22968,22965,2,-2
2024-10-30 15:03:16.368,22965,22968,22965,1,-1
2024-10-30 15:03:16.387,22965,22968,22967,1,1
2024-10-30 15:03:16.401,22965,22968,22966,1,-1
2024-10-30 15:03:16.416,22965,22967,22965,1,-1
2024-10-30 15:03:16.456,22965,22967,22964,1,-1
2024-10-30 15:03:16.558,22963,22966,22963,4,-4
2024-10-30 15:03:16.678,22962,22964,22962,1,-1
2024-10-30 15:03:16.690,22962,22964,22961,1,-1
2024-10-30 15:03:16.771,22962,22964,22962,1,-1
2024-10-30 15:03:16.776,22962,22964,22960,4,-4
2024-10-30 15:03:16.776,22962,22964,22959,11,-11
2024-10-30 15:03:17.864,22960,22962,22960,1,-1
2024-10-30 15:03:20.500,22960,22963,22960,1,-1
2024-10-30 15:03:20.534,22960,22963,22963,1,1
2024-10-30 15:03:20.534,22960,22963,22963,1,1
2024-10-30 15:03:20.534,22960,22963,22964,1,1
2024-10-30 15:03:20.534,22960,22963,22964,1,1
2024-10-30 15:03:20.534,22960,22963,22964,1,1
2024-10-30 15:03:20.535,22960,22963,22965,1,1
2024-10-30 15:03:20.535,22960,22963,22964,1,1
2024-10-30 15:03:20.535,22960,22963,22964,1,1
2024-10-30 15:03:20.535,22960,22963,22964,1,1
2024-10-30 15:03:20.536,22960,22963,22965,1,1
2024-10-30 15:03:20.536,22960,22963,22965,1,1
2024-10-30 15:03:20.538,22960,22963,22966,1,1
2024-10-30 15:03:22.646,22962,22965,22962,1,-1
2024-10-30 15:03:24.044,22962,22965,22965,1,1
2024-10-30 15:03:25.043,22963,22965,22965,1,1
2024-10-30 15:03:26.397,22963,22966,22963,1,-1
2024-10-30 15:03:26.575,22963,22965,22963,1,-1
2024-10-30 15:03:26.740,22962,22965,22962,1,-1
2024-10-30 15:03:27.870,22963,22965,22963,1,-1
2024-10-30 15:03:27.909,22963,22965,22965,1,1
2024-10-30 15:03:27.909,22963,22965,22966,1,1
2024-10-30 15:03:27.909,22963,22965,22966,1,1
2024-10-30 15:03:27.910,22963,22965,22967,1,1
2024-10-30 15:03:27.910,22963,22965,22967,1,1
2024-10-30 15:03:27.910,22963,22965,22967,1,1
2024-10-30 15:03:27.910,22963,22965,22967,1,1
2024-10-30 15:03:27.910,22963,22965,22967,1,1
2024-10-30 15:03:27.910,22963,22965,22966,1,1
2024-10-30 15:03:27.910,22963,22965,22967,1,1
2024-10-30 15:03:27.911,22963,22965,22968,1,1
2024-10-30 15:03:27.911,22963,22965,22968,1,1
2024-10-30 15:03:27.911,22963,22965,22968,1,1
2024-10-30 15:03:27.911,22963,22965,22968,1,1
2024-10-30 15:03:27.914,22963,22965,22966,1,1
2024-10-30 15:03:27.997,22963,22965,22965,2,2
2024-10-30 15:03:28.972,22965,22968,22966,2,-2
2024-10-30 15:03:29.289,22966,22968,22966,1,-1
2024-10-30 15:03:29.995,22966,22968,22968,1,1
2024-10-30 15:03:29.996,22966,22968,22968,1,1
2024-10-30 15:03:29.996,22966,22968,22968,1,1
2024-10-30 15:03:31.806,22966,22969,22969,1,1
2024-10-30 15:03:31.941,22967,22969,22969,1,1
2024-10-30 15:03:32.067,22967,22969,22969,1,1
2024-10-30 15:03:32.067,22967,22969,22970,1,1
2024-10-30 15:03:32.236,22967,22969,22969,1,1
2024-10-30 15:03:32.269,22967,22969,22968,1,1
2024-10-30 15:03:32.372,22967,22968,22968,1,1
2024-10-30 15:03:32.372,22967,22968,22970,1,1
2024-10-30 15:03:32.386,22967,22968,22970,1,1
2024-10-30 15:03:32.395,22967,22968,22970,1,1
2024-10-30 15:03:32.596,22969,22970,22969,1,-1
2024-10-30 15:03:33.093,22968,22970,22970,1,1
2024-10-30 15:03:33.093,22968,22970,22970,1,1
2024-10-30 15:03:33.094,22968,22970,22970,1,1
2024-10-30 15:03:33.094,22968,22970,22970,3,3
2024-10-30 15:03:33.095,22968,22970,22970,18,18
2024-10-30 15:03:33.095,22968,22970,22971,2,2
2024-10-30 15:03:33.095,22968,22970,22971,1,1
2024-10-30 15:03:33.098,22968,22970,22972,2,2
2024-10-30 15:03:33.098,22968,22970,22972,1,1
2024-10-30 15:03:33.099,22968,22970,22973,1,1
2024-10-30 15:03:33.138,22968,22970,22970,1,1
2024-10-30 15:03:33.193,22969,22972,22972,1,1
2024-10-30 15:03:33.255,22969,22972,22972,1,1
2024-10-30 15:03:33.261,22969,22972,22972,1,1
2024-10-30 15:03:33.360,22971,22973,22973,1,1
2024-10-30 15:03:33.503,22971,22973,22973,4,4
2024-10-30 15:03:33.503,22971,22973,22974,1,1
2024-10-30 15:03:33.536,22972,22975,22972,1,-1
2024-10-30 15:03:33.544,22972,22975,22971,2,-2
2024-10-30 15:03:33.547,22972,22975,22971,1,-1
2024-10-30 15:03:33.660,22971,22974,22974,1,1
2024-10-30 15:03:35.139,22970,22972,22972,1,1
2024-10-30 15:03:35.556,22970,22973,22970,1,-1
2024-10-30 15:03:35.905,22970,22973,22970,1,-1
2024-10-30 15:03:36.804,22971,22973,22971,1,-1
2024-10-30 15:03:36.852,22971,22973,22971,1,-1
2024-10-30 15:03:36.910,22971,22973,22973,1,1
2024-10-30 15:03:36.910,22971,22973,22973,1,1
2024-10-30 15:03:36.911,22971,22973,22974,1,1
2024-10-30 15:03:36.911,22971,22973,22974,1,1
2024-10-30 15:03:36.911,22971,22973,22975,1,1
2024-10-30 15:03:36.997,22971,22973,22973,1,1
2024-10-30 15:03:37.247,22973,22975,22973,1,-1
2024-10-30 15:03:37.305,22972,22975,22975,2,2
2024-10-30 15:03:37.321,22972,22975,22975,1,1
2024-10-30 15:03:37.321,22972,22975,22975,1,1
2024-10-30 15:03:37.464,22973,22975,22975,2,2
2024-10-30 15:03:37.475,22973,22975,22976,1,1
2024-10-30 15:03:37.620,22974,22976,22976,3,3
2024-10-30 15:03:37.668,22975,22977,22974,3,-3
2024-10-30 15:03:39.373,22973,22974,22973,1,-1
2024-10-30 15:03:39.825,22973,22974,22974,1,1
2024-10-30 15:03:40.065,22973,22975,22973,1,-1
2024-10-30 15:03:40.279,22972,22975,22977,1,1
2024-10-30 15:03:40.279,22972,22975,22975,3,3
2024-10-30 15:03:40.279,22972,22975,22976,6,6
2024-10-30 15:03:44.323,22972,22974,22974,1,1
2024-10-30 15:03:44.323,22972,22974,22975,2,2
2024-10-30 15:03:44.323,22972,22974,22976,7,7
2024-10-30 15:03:44.421,22973,22975,22975,1,1
2024-10-30 15:03:44.421,22973,22975,22977,4,4
2024-10-30 15:03:44.974,22975,22977,22975,1,-1
2024-10-30 15:03:45.263,22974,22977,22974,1,-1
2024-10-30 15:03:45.285,22974,22977,22977,1,1
2024-10-30 15:03:45.285,22974,22977,22977,1,1
2024-10-30 15:03:45.286,22974,22977,22977,1,1
2024-10-30 15:03:46.452,22974,22977,22977,1,1
2024-10-30 15:03:47.396,22975,22977,22975,1,-1
2024-10-30 15:03:47.982,22974,22977,22974,1,-1
2024-10-30 15:03:48.242,22974,22977,22977,9,9
2024-10-30 15:03:48.242,22974,22977,22978,1,1
2024-10-30 15:03:48.477,22975,22978,22975,1,-1
2024-10-30 15:03:49.740,22975,22978,22975,3,-3
2024-10-30 15:03:50.519,22974,22977,22977,2,2
2024-10-30 15:03:51.346,22976,22977,22977,1,1
2024-10-30 15:03:51.346,22976,22977,22977,1,1
2024-10-30 15:03:51.999,22977,22978,22977,1,-1
2024-10-30 15:03:52.584,22977,22978,22977,1,-1
2024-10-30 15:03:52.585,22977,22978,22977,1,-1
2024-10-30 15:03:55.089,22975,22976,22976,1,1
2024-10-30 15:03:56.102,22975,22977,22975,1,-1
2024-10-30 15:03:57.133,22975,22977,22977,1,1
2024-10-30 15:03:57.160,22975,22977,22977,1,1
2024-10-30 15:03:57.160,22975,22977,22977,1,1
2024-10-30 15:03:57.511,22975,22977,22975,1,-1
2024-10-30 15:03:58.355,22975,22976,22976,1,1
2024-10-30 15:03:58.726,22975,22977,22976,1,1
2024-10-30 15:03:58.726,22975,22977,22977,1,1
2024-10-30 15:04:01.057,22975,22977,22975,2,-2
2024-10-30 15:04:01.162,22974,22975,22975,1,1
2024-10-30 15:04:01.163,22974,22975,22975,1,1
2024-10-30 15:04:01.163,22974,22975,22975,1,1
2024-10-30 15:04:01.163,22974,22975,22976,1,1
2024-10-30 15:04:01.282,22975,22977,22977,1,1
2024-10-30 15:04:01.425,22975,22977,22977,1,1
2024-10-30 15:04:01.429,22975,22977,22977,1,1
2024-10-30 15:04:01.909,22976,22977,22976,1,-1
2024-10-30 15:04:02.461,22974,22977,22975,1,-1
2024-10-30 15:04:02.535,22974,22976,22976,1,1
2024-10-30 15:04:02.535,22974,22976,22977,1,1
2024-10-30 15:04:02.536,22974,22976,22977,1,1
2024-10-30 15:04:02.536,22974,22976,22978,1,1
2024-10-30 15:04:02.536,22974,22976,22978,1,1
2024-10-30 15:04:02.537,22974,22976,22979,1,1
2024-10-30 15:04:02.721,22976,22978,22978,1,1
2024-10-30 15:04:02.740,22976,22978,22976,1,-1
2024-10-30 15:04:02.740,22976,22978,22976,1,-1
2024-10-30 15:04:03.811,22975,22977,22975,1,-1
2024-10-30 15:04:04.065,22975,22977,22975,1,-1
2024-10-30 15:04:05.090,22975,22977,22975,1,-1
2024-10-30 15:04:05.860,22974,22976,22974,3,-3
2024-10-30 15:04:07.995,22973,22976,22974,1,-1
2024-10-30 15:04:09.601,22974,22976,22974,1,-1
2024-10-30 15:04:09.660,22974,22976,22976,1,1
2024-10-30 15:04:09.660,22974,22976,22977,1,1
2024-10-30 15:04:09.660,22974,22976,22977,1,1
2024-10-30 15:04:09.661,22974,22976,22978,1,1
2024-10-30 15:04:09.661,22974,22976,22978,1,1
2024-10-30 15:04:09.661,22974,22976,22978,1,1
2024-10-30 15:04:09.665,22974,22976,22979,1,1
2024-10-30 15:04:11.852,22975,22978,22975,1,-1
2024-10-30 15:04:15.955,22975,22976,22976,1,1
2024-10-30 15:04:18.208,22975,22976,22975,2,-2
2024-10-30 15:04:18.766,22974,22976,22975,1,-1
2024-10-30 15:04:18.987,22974,22976,22976,1,1
2024-10-30 15:04:20.419,22974,22976,22974,1,-1
2024-10-30 15:04:20.535,22974,22976,22976,1,1
2024-10-30 15:04:20.535,22974,22976,22976,1,1
2024-10-30 15:04:20.536,22974,22976,22977,1,1
2024-10-30 15:04:20.536,22974,22976,22976,1,1
2024-10-30 15:04:20.536,22974,22976,22977,1,1
2024-10-30 15:04:20.541,22974,22976,22977,1,1
2024-10-30 15:04:21.530,22974,22976,22974,1,-1
2024-10-30 15:04:21.530,22974,22976,22974,1,-1
2024-10-30 15:04:21.567,22974,22976,22976,2,2
2024-10-30 15:04:21.959,22974,22976,22973,3,-3
2024-10-30 15:04:21.959,22974,22976,22974,3,-3
2024-10-30 15:04:23.350,22972,22974,22974,1,1
2024-10-30 15:04:23.666,22972,22974,22972,6,-6
2024-10-30 15:04:24.430,22971,22973,22970,1,-1
2024-10-30 15:04:24.430,22971,22973,22971,5,-5
2024-10-30 15:04:24.541,22970,22972,22970,1,-1
2024-10-30 15:04:27.224,22970,22972,22970,1,-1
2024-10-30 15:04:27.939,22970,22971,22970,5,-5
2024-10-30 15:04:28.753,22968,22970,22970,1,1
2024-10-30 15:04:30.139,22968,22970,22968,1,-1
2024-10-30 15:04:30.160,22968,22970,22970,1,1
2024-10-30 15:04:30.161,22968,22970,22971,1,1
2024-10-30 15:04:30.163,22968,22970,22971,1,1
2024-10-30 15:04:30.174,22968,22970,22972,2,2
2024-10-30 15:04:31.357,22972,22975,22975,2,2
2024-10-30 15:04:39.099,22971,22972,22971,1,-1
2024-10-30 15:04:41.891,22971,22972,22971,1,-1
2024-10-30 15:04:41.909,22971,22972,22972,1,1
2024-10-30 15:04:41.910,22971,22972,22973,1,1
2024-10-30 15:04:41.911,22971,22972,22974,1,1
2024-10-30 15:04:42.451,22971,22974,22971,1,-1
2024-10-30 15:04:42.751,22971,22974,22971,1,-1
2024-10-30 15:04:44.695,22971,22973,22971,1,-1
2024-10-30 15:04:45.037,22970,22972,22970,1,-1
2024-10-30 15:04:45.037,22970,22972,22969,1,-1
2024-10-30 15:04:45.160,22969,22972,22972,1,1
2024-10-30 15:04:45.161,22969,22972,22972,1,1
2024-10-30 15:04:45.161,22969,22972,22972,1,1
2024-10-30 15:04:46.325,22970,22971,22971,1,1
2024-10-30 15:04:47.668,22970,22973,22970,1,-1
2024-10-30 15:04:48.859,22970,22973,22970,2,-2
2024-10-30 15:04:50.524,22970,22973,22970,1,-1
2024-10-30 15:04:53.279,22970,22972,22970,1,-1
2024-10-30 15:04:53.279,22970,22972,22970,1,-1
2024-10-30 15:04:54.202,22969,22972,22969,1,-1
2024-10-30 15:04:54.476,22969,22971,22969,2,-2
2024-10-30 15:04:55.099,22968,22971,22968,1,-1
2024-10-30 15:04:55.099,22968,22971,22968,1,-1
2024-10-30 15:04:55.099,22968,22971,22968,4,-4
2024-10-30 15:04:55.099,22968,22971,22968,1,-1
2024-10-30 15:04:55.148,22968,22971,22969,1,-1
2024-10-30 15:04:55.316,22967,22969,22967,1,-1
2024-10-30 15:04:55.418,22966,22969,22966,5,-5
2024-10-30 15:04:55.426,22966,22969,22966,1,-1
2024-10-30 15:04:55.426,22966,22969,22965,4,-4
2024-10-30 15:04:58.120,22968,22970,22968,1,-1
2024-10-30 15:05:01.118,22968,22971,22971,4,4
2024-10-30 15:05:01.168,22969,22971,22971,1,1
2024-10-30 15:05:01.358,22969,22971,22968,1,-1
2024-10-30 15:05:01.444,22968,22970,22970,2,2
2024-10-30 15:05:01.444,22968,22970,22971,1,1
2024-10-30 15:05:01.446,22968,22970,22969,1,1
2024-10-30 15:05:01.511,22968,22970,22971,1,1
2024-10-30 15:05:01.649,22968,22971,22971,2,2
2024-10-30 15:05:01.667,22971,22972,22972,3,3
2024-10-30 15:05:01.668,22971,22972,22973,1,1
2024-10-30 15:05:04.010,22972,22974,22974,1,1
2024-10-30 15:05:04.035,22973,22975,22975,1,1
2024-10-30 15:05:04.035,22973,22975,22975,1,1
2024-10-30 15:05:04.035,22973,22975,22976,1,1
2024-10-30 15:05:04.188,22974,22976,22974,1,-1
2024-10-30 15:05:06.634,22973,22976,22973,2,-2
2024-10-30 15:05:08.609,22975,22976,22976,1,1
2024-10-30 15:05:08.661,22975,22977,22977,1,1
2024-10-30 15:05:08.661,22975,22977,22977,1,1
2024-10-30 15:05:09.972,22976,22979,22976,1,-1
2024-10-30 15:05:10.070,22976,22978,22976,1,-1
2024-10-30 15:05:12.759,22975,22978,22978,1,1
2024-10-30 15:05:24.876,22972,22975,22975,2,2
2024-10-30 15:05:25.473,22972,22975,22975,1,1
2024-10-30 15:05:25.535,22972,22975,22975,1,1
2024-10-30 15:05:26.268,22973,22976,22973,1,-1
2024-10-30 15:05:26.593,22975,22976,22975,1,-1
2024-10-30 15:05:34.711,22973,22975,22973,1,-1
2024-10-30 15:05:34.785,22973,22975,22975,1,1
2024-10-30 15:05:34.785,22973,22975,22975,1,1
2024-10-30 15:05:34.785,22973,22975,22976,1,1
2024-10-30 15:05:35.072,22973,22976,22976,1,1
2024-10-30 15:05:37.422,22975,22976,22976,1,1
2024-10-30 15:05:39.423,22976,22977,22976,2,-2
2024-10-30 15:05:39.423,22976,22977,22975,4,-4
2024-10-30 15:05:39.639,22975,22977,22975,1,-1
2024-10-30 15:05:40.405,22974,22977,22975,1,-1
2024-10-30 15:05:45.941,22973,22974,22974,1,1
2024-10-30 15:05:46.058,22973,22974,22973,1,-1
2024-10-30 15:05:50.676,22973,22975,22975,1,1
2024-10-30 15:05:52.597,22974,22975,22975,1,1
2024-10-30 15:05:54.011,22973,22976,22973,2,-2
2024-10-30 15:05:57.162,22973,22974,22974,2,2
2024-10-30 15:05:57.871,22973,22975,22975,1,1
2024-10-30 15:05:59.631,22975,22976,22975,1,-1
2024-10-30 15:06:01.288,22974,22975,22975,2,2
2024-10-30 15:06:01.904,22975,22976,22976,2,2
2024-10-30 15:06:01.905,22975,22976,22976,1,1
2024-10-30 15:06:02.531,22976,22977,22976,1,-1
2024-10-30 15:06:03.933,22975,22976,22976,1,1
2024-10-30 15:06:05.095,22975,22976,22975,1,-1
2024-10-30 15:06:08.640,22973,22974,22973,1,-1
2024-10-30 15:06:09.008,22972,22974,22972,1,-1
2024-10-30 15:06:12.693,22971,22973,22971,3,-3
2024-10-30 15:06:14.949,22971,22972,22972,2,2
2024-10-30 15:06:18.684,22971,22972,22972,1,1
2024-10-30 15:06:19.710,22971,22972,22972,1,1
2024-10-30 15:06:25.491,22971,22972,22971,5,-5
2024-10-30 15:06:25.491,22971,22972,22971,5,-5
2024-10-30 15:06:25.491,22971,22972,22971,1,-1
2024-10-30 15:06:25.491,22971,22972,22971,4,-4
2024-10-30 15:06:25.491,22971,22972,22971,1,-1
2024-10-30 15:06:25.492,22971,22972,22971,1,-1
2024-10-30 15:06:25.492,22971,22972,22971,1,-1
2024-10-30 15:06:25.492,22971,22972,22971,1,-1
2024-10-30 15:06:27.334,22971,22972,22971,2,-2
2024-10-30 15:06:29.029,22971,22972,22971,1,-1
2024-10-30 15:06:29.036,22971,22972,22972,1,1
2024-10-30 15:06:29.036,22971,22972,22972,1,1
2024-10-30 15:06:29.036,22971,22972,22972,1,1
2024-10-30 15:06:29.036,22971,22972,22972,2,2
2024-10-30 15:06:29.289,22972,22973,22973,1,1
2024-10-30 15:06:37.385,22972,22974,22972,1,-1
2024-10-30 15:06:44.856,22971,22973,22971,1,-1
2024-10-30 15:06:44.910,22971,22973,22973,1,1
2024-10-30 15:06:47.987,22971,22973,22971,1,-1
2024-10-30 15:06:50.217,22971,22972,22972,1,1
2024-10-30 15:06:51.521,22972,22973,22973,1,1
2024-10-30 15:06:51.659,22973,22974,22973,1,-1
2024-10-30 15:06:51.659,22973,22974,22972,1,-1
2024-10-30 15:06:55.595,22973,22974,22973,2,-2
2024-10-30 15:06:55.595,22973,22974,22972,1,-1
2024-10-30 15:06:56.653,22972,22974,22972,1,-1
2024-10-30 15:06:57.545,22972,22973,22972,1,-1
2024-10-30 15:06:58.190,22972,22973,22972,1,-1
2024-10-30 15:06:59.098,22972,22973,22972,1,-1
2024-10-30 15:06:59.221,22971,22972,22971,9,-9
2024-10-30 15:07:02.671,22970,22971,22971,1,1
2024-10-30 15:07:03.444,22970,22972,22972,4,4
2024-10-30 15:07:07.618,22970,22971,22971,1,1
2024-10-30 15:07:08.659,22971,22972,22971,1,-1
2024-10-30 15:07:11.956,22970,22971,22970,5,-5
2024-10-30 15:07:11.957,22970,22971,22970,1,-1
2024-10-30 15:07:11.957,22970,22971,22970,1,-1
2024-10-30 15:07:11.957,22970,22971,22970,5,-5
2024-10-30 15:07:14.285,22968,22970,22968,1,-1
2024-10-30 15:07:14.420,22968,22970,22970,2,2
2024-10-30 15:07:16.027,22968,22970,22970,1,1
2024-10-30 15:07:17.278,22968,22970,22970,1,1
2024-10-30 15:07:18.551,22968,22970,22971,2,2
2024-10-30 15:07:18.551,22968,22970,22970,2,2
2024-10-30 15:07:22.556,22968,22969,22968,1,-1
2024-10-30 15:07:23.878,22966,22969,22966,1,-1
2024-10-30 15:07:24.492,22966,22969,22966,2,-2
2024-10-30 15:07:27.634,22966,22968,22968,2,2
2024-10-30 15:07:30.888,22966,22968,22968,1,1
2024-10-30 15:07:32.137,22969,22970,22969,1,-1
2024-10-30 15:07:33.775,22969,22970,22970,1,1
2024-10-30 15:07:33.776,22969,22970,22970,1,1
2024-10-30 15:07:33.776,22969,22970,22970,2,2
2024-10-30 15:07:33.776,22969,22970,22970,1,1
2024-10-30 15:07:33.776,22969,22970,22970,1,1
2024-10-30 15:07:39.827,22970,22971,22970,2,-2
2024-10-30 15:07:41.359,22969,22971,22969,2,-2
2024-10-30 15:07:42.695,22968,22970,22968,3,-3
2024-10-30 15:07:55.550,22966,22967,22966,1,-1
2024-10-30 15:07:55.550,22966,22967,22966,2,-2
2024-10-30 15:07:59.570,22966,22967,22966,1,-1
2024-10-30 15:07:59.570,22966,22967,22965,1,-1
2024-10-30 15:08:02.294,22965,22966,22967,3,3
2024-10-30 15:08:02.294,22965,22966,22966,2,2
2024-10-30 15:08:02.411,22965,22968,22968,1,1
2024-10-30 15:08:02.413,22965,22968,22968,1,1
2024-10-30 15:08:04.012,22966,22968,22966,2,-2
2024-10-30 15:08:04.035,22965,22967,22968,1,1
2024-10-30 15:08:04.394,22966,22968,22966,1,-1
2024-10-30 15:08:04.394,22966,22968,22965,3,-3
2024-10-30 15:08:07.197,22965,22967,22965,4,-4
2024-10-30 15:08:07.198,22965,22967,22965,2,-2
2024-10-30 15:08:08.585,22964,22965,22965,1,1
2024-10-30 15:08:08.585,22964,22965,22965,1,1
2024-10-30 15:08:08.660,22965,22967,22967,1,1
2024-10-30 15:08:08.660,22965,22967,22967,1,1
2024-10-30 15:08:08.661,22965,22967,22968,1,1
2024-10-30 15:08:08.665,22965,22967,22968,1,1
2024-10-30 15:08:10.942,22965,22968,22968,3,3
2024-10-30 15:08:11.019,22965,22968,22968,1,1
2024-10-30 15:08:14.649,22968,22969,22968,1,-1
2024-10-30 15:08:14.649,22968,22969,22968,1,-1
2024-10-30 15:08:14.649,22968,22969,22968,3,-3
2024-10-30 15:08:14.649,22968,22969,22968,1,-1
2024-10-30 15:08:17.926,22968,22969,22969,7,7
2024-10-30 15:08:18.884,22969,22970,22970,1,1
2024-10-30 15:08:18.910,22969,22971,22971,1,1
2024-10-30 15:08:18.911,22969,22971,22971,1,1
2024-10-30 15:08:21.577,22970,22972,22970,1,-1
2024-10-30 15:08:21.985,22970,22972,22972,1,1
2024-10-30 15:08:23.710,22970,22972,22972,1,1
2024-10-30 15:08:24.640,22971,22972,22971,2,-2
2024-10-30 15:08:25.582,22971,22972,22971,3,-3
2024-10-30 15:08:25.624,22971,22972,22970,1,-1
2024-10-30 15:08:25.624,22971,22972,22970,2,-2
2024-10-30 15:08:25.625,22971,22972,22970,12,-12
2024-10-30 15:08:27.049,22969,22971,22971,1,1
2024-10-30 15:08:33.056,22970,22971,22971,1,1
2024-10-30 15:08:34.263,22970,22972,22970,1,-1
2024-10-30 15:08:37.944,22970,22971,22971,1,1
2024-10-30 15:08:38.305,22971,22972,22972,4,4
2024-10-30 15:08:38.306,22971,22972,22972,4,4
2024-10-30 15:08:39.054,22972,22974,22974,1,1
2024-10-30 15:08:43.415,22973,22974,22974,1,1
2024-10-30 15:08:44.421,22973,22974,22974,1,1
2024-10-30 15:08:46.033,22973,22974,22974,1,1
2024-10-30 15:08:46.162,22973,22975,22975,5,5
2024-10-30 15:08:46.162,22973,22975,22975,1,1
2024-10-30 15:08:46.162,22973,22975,22975,3,3
2024-10-30 15:08:47.018,22975,22976,22976,1,1
2024-10-30 15:08:47.020,22975,22976,22977,3,3
2024-10-30 15:08:47.209,22976,22978,22978,2,2
2024-10-30 15:08:47.421,22976,22978,22978,1,1
2024-10-30 15:08:47.636,22976,22978,22978,5,5
2024-10-30 15:08:47.636,22976,22978,22978,3,3
2024-10-30 15:08:49.569,22977,22979,22979,2,2
2024-10-30 15:08:49.569,22977,22979,22980,2,2
2024-10-30 15:08:49.669,22978,22980,22980,5,5
2024-10-30 15:08:49.669,22978,22980,22980,4,4
2024-10-30 15:08:49.670,22978,22980,22980,1,1
2024-10-30 15:08:49.672,22978,22980,22981,3,3
2024-10-30 15:08:49.897,22980,22982,22982,1,1
2024-10-30 15:08:49.898,22980,22982,22982,8,8
2024-10-30 15:08:50.045,22981,22983,22983,1,1
2024-10-30 15:08:50.045,22981,22983,22983,1,1
2024-10-30 15:08:50.193,22981,22983,22983,1,1
2024-10-30 15:08:50.215,22981,22983,22983,1,1
2024-10-30 15:08:50.226,22981,22983,22983,1,1
2024-10-30 15:08:50.238,22981,22983,22983,1,1
2024-10-30 15:08:50.240,22981,22983,22984,1,1
2024-10-30 15:08:50.549,22981,22984,22984,1,1
2024-10-30 15:08:51.151,22981,22984,22984,4,4
2024-10-30 15:08:51.385,22982,22984,22984,1,1
2024-10-30 15:08:51.406,22982,22984,22985,1,1
2024-10-30 15:08:51.406,22982,22985,22985,1,1
2024-10-30 15:08:53.089,22982,22984,22984,1,1
2024-10-30 15:08:54.382,22983,22985,22985,1,1
2024-10-30 15:08:56.101,22983,22985,22985,1,1
2024-10-30 15:08:56.923,22983,22985,22983,1,-1
2024-10-30 15:08:57.661,22983,22985,22983,1,-1
2024-10-30 15:08:58.465,22982,22984,22984,1,1
2024-10-30 15:09:00.035,22982,22983,22983,2,2
2024-10-30 15:09:00.187,22983,22984,22984,2,2
2024-10-30 15:09:01.046,22982,22984,22984,2,2
2024-10-30 15:09:01.111,22982,22984,22984,1,1
2024-10-30 15:09:01.160,22983,22985,22985,1,1
2024-10-30 15:09:01.270,22983,22985,22984,1,1
2024-10-30 15:09:01.920,22984,22985,22985,2,2
2024-10-30 15:09:01.920,22984,22985,22985,3,3
2024-10-30 15:09:02.848,22982,22985,22983,1,-1
2024-10-30 15:09:03.079,22982,22985,22982,2,-2
2024-10-30 15:09:04.808,22980,22981,22980,1,-1
2024-10-30 15:09:04.808,22980,22981,22980,1,-1
2024-10-30 15:09:06.201,22978,22981,22981,1,1
2024-10-30 15:09:06.490,22978,22981,22981,1,1
2024-10-30 15:09:08.124,22980,22982,22980,1,-1
2024-10-30 15:09:08.125,22980,22982,22980,1,-1
2024-10-30 15:09:08.159,22978,22981,22981,1,1
2024-10-30 15:09:08.160,22978,22981,22981,1,1
2024-10-30 15:09:08.160,22978,22981,22981,1,1
2024-10-30 15:09:09.986,22980,22982,22982,2,2
2024-10-30 15:09:12.652,22981,22983,22983,1,1
2024-10-30 15:09:13.280,22982,22985,22982,4,-4
2024-10-30 15:09:14.078,22980,22982,22982,1,1
2024-10-30 15:09:14.360,22980,22982,22980,1,-1
2024-10-30 15:09:14.548,22979,22982,22979,1,-1
2024-10-30 15:09:15.026,22979,22982,22982,1,1
2024-10-30 15:09:15.071,22979,22982,22979,1,-1
2024-10-30 15:09:19.082,22978,22980,22978,1,-1
2024-10-30 15:09:20.446,22977,22979,22979,1,1
2024-10-30 15:09:20.536,22977,22980,22980,1,1
2024-10-30 15:09:20.536,22977,22980,22980,1,1
2024-10-30 15:09:21.792,22977,22978,22977,1,-1
2024-10-30 15:09:21.792,22977,22978,22977,1,-1
2024-10-30 15:09:21.793,22977,22978,22976,1,-1
2024-10-30 15:09:21.873,22977,22978,22974,1,-1
2024-10-30 15:09:29.247,22975,22978,22975,2,-2
2024-10-30 15:09:32.283,22975,22977,22977,1,1
2024-10-30 15:09:32.283,22975,22977,22978,4,4
2024-10-30 15:09:32.410,22976,22979,22979,1,1
2024-10-30 15:09:33.190,22976,22979,22979,1,1
2024-10-30 15:09:33.711,22977,22979,22977,1,-1
2024-10-30 15:09:33.711,22977,22979,22976,1,-1
2024-10-30 15:09:34.844,22975,22978,22978,1,1
2024-10-30 15:09:36.464,22975,22978,22975,2,-2
2024-10-30 15:09:37.461,22975,22977,22977,1,1
2024-10-30 15:09:37.536,22975,22978,22978,1,1
2024-10-30 15:09:37.804,22975,22978,22978,2,2
2024-10-30 15:09:39.808,22975,22977,22975,2,-2
2024-10-30 15:09:43.247,22975,22977,22976,1,-1
2024-10-30 15:09:43.257,22975,22977,22975,1,-1
2024-10-30 15:09:43.257,22975,22977,22974,1,-1
2024-10-30 15:09:45.281,22974,22977,22974,2,-2
2024-10-30 15:09:53.789,22975,22977,22978,3,3
2024-10-30 15:09:53.789,22975,22977,22977,2,2
2024-10-30 15:09:58.907,22976,22978,22978,2,2
2024-10-30 15:10:00.720,22977,22979,22979,1,1
2024-10-30 15:10:01.063,22979,22980,22980,1,1
2024-10-30 15:10:01.116,22979,22980,22979,1,-1
2024-10-30 15:10:01.122,22979,22980,22978,1,-1
2024-10-30 15:10:01.123,22979,22980,22978,1,-1
2024-10-30 15:10:01.123,22979,22980,22977,1,-1
2024-10-30 15:10:01.144,22979,22980,22977,2,-2
2024-10-30 15:10:01.169,22977,22979,22976,2,-2
2024-10-30 15:10:01.175,22977,22979,22975,2,-2
2024-10-30 15:10:01.843,22977,22980,22977,5,-5
2024-10-30 15:10:02.100,22976,22979,22976,2,-2
2024-10-30 15:10:02.645,22977,22979,22976,1,-1
2024-10-30 15:10:03.174,22977,22979,22977,1,-1
2024-10-30 15:10:06.869,22974,22976,22974,1,-1
2024-10-30 15:10:06.869,22974,22976,22974,4,-4
2024-10-30 15:10:15.286,22974,22976,22974,1,-1
2024-10-30 15:10:15.410,22972,22975,22975,1,1
2024-10-30 15:10:15.561,22973,22975,22973,1,-1
2024-10-30 15:10:16.755,22972,22973,22972,2,-2
2024-10-30 15:10:19.296,22971,22972,22971,1,-1
2024-10-30 15:10:19.296,22971,22972,22971,1,-1
2024-10-30 15:10:19.309,22971,22972,22970,1,-1
2024-10-30 15:10:19.519,22969,22970,22970,1,1
2024-10-30 15:10:22.413,22969,22970,22970,2,2
2024-10-30 15:10:22.416,22969,22970,22970,2,2
2024-10-30 15:10:22.417,22969,22970,22970,3,3
2024-10-30 15:10:22.417,22969,22970,22970,3,3
2024-10-30 15:10:25.039,22969,22971,22969,9,-9
2024-10-30 15:10:25.040,22969,22971,22969,1,-1
2024-10-30 15:10:25.183,22968,22970,22970,1,1
2024-10-30 15:10:26.652,22968,22970,22968,1,-1
2024-10-30 15:10:28.643,22967,22969,22968,1,-1
2024-10-30 15:10:28.643,22967,22969,22968,1,-1
2024-10-30 15:10:30.902,22967,22969,22967,1,-1
2024-10-30 15:10:31.271,22967,22969,22967,2,-2
2024-10-30 15:10:31.601,22966,22967,22967,2,2
2024-10-30 15:10:32.029,22966,22967,22967,2,2
2024-10-30 15:10:32.626,22966,22967,22967,4,4
2024-10-30 15:10:33.347,22966,22968,22966,1,-1
2024-10-30 15:10:36.047,22966,22968,22968,1,1
2024-10-30 15:10:36.743,22966,22968,22966,7,-7
2024-10-30 15:10:36.744,22966,22968,22966,3,-3
2024-10-30 15:10:37.678,22966,22968,22967,1,-1
2024-10-30 15:10:38.805,22966,22969,22966,1,-1
2024-10-30 15:10:41.895,22966,22968,22966,1,-1
2024-10-30 15:10:42.360,22966,22968,22968,1,1
2024-10-30 15:10:42.791,22966,22968,22966,1,-1
2024-10-30 15:10:47.508,22966,22969,22966,1,-1
2024-10-30 15:10:49.924,22966,22968,22967,1,-1
2024-10-30 15:10:50.548,22966,22968,22968,1,1
2024-10-30 15:10:55.847,22967,22969,22967,4,-4
2024-10-30 15:10:57.418,22966,22968,22966,1,-1
2024-10-30 15:11:03.856,22966,22968,22966,1,-1
2024-10-30 15:11:16.390,22966,22968,22966,1,-1
2024-10-30 15:11:16.526,22966,22967,22966,1,-1
2024-10-30 15:11:17.165,22965,22967,22965,2,-2
2024-10-30 15:11:17.293,22965,22966,22965,4,-4
2024-10-30 15:11:17.300,22965,22966,22964,2,-2
2024-10-30 15:11:17.300,22965,22966,22963,2,-2
2024-10-30 15:11:17.431,22963,22965,22963,1,-1
2024-10-30 15:11:19.397,22963,22966,22963,1,-1
2024-10-30 15:11:21.283,22963,22965,22963,1,-1
2024-10-30 15:11:21.861,22963,22965,22963,1,-1
2024-10-30 15:11:21.862,22963,22965,22963,2,-2
2024-10-30 15:11:21.862,22963,22965,22963,1,-1
2024-10-30 15:11:21.862,22963,22965,22963,1,-1
2024-10-30 15:11:22.410,22962,22963,22963,1,1
2024-10-30 15:11:22.648,22962,22963,22962,1,-1
2024-10-30 15:11:24.106,22962,22964,22962,1,-1
2024-10-30 15:11:28.235,22966,22969,22966,4,-4
2024-10-30 15:11:32.206,22967,22969,22967,1,-1
2024-10-30 15:11:44.404,22964,22967,22965,4,-4
2024-10-30 15:11:44.405,22964,22967,22965,1,-1
2024-10-30 15:11:45.292,22964,22966,22966,1,1
2024-10-30 15:11:47.232,22964,22965,22965,1,1
2024-10-30 15:11:47.294,22964,22966,22962,1,-1
2024-10-30 15:11:47.294,22964,22966,22964,1,-1
2024-10-30 15:11:47.294,22964,22966,22963,3,-3
2024-10-30 15:11:49.357,22963,22965,22965,2,2
2024-10-30 15:11:51.224,22963,22966,22963,1,-1
2024-10-30 15:11:55.605,22964,22966,22964,1,-1
2024-10-30 15:11:58.469,22964,22966,22964,1,-1
2024-10-30 15:11:58.794,22964,22966,22964,1,-1
2024-10-30 15:12:02.006,22963,22965,22965,1,1
2024-10-30 15:12:02.007,22963,22965,22965,1,1
2024-10-30 15:12:03.137,22964,22966,22964,1,-1
2024-10-30 15:12:03.168,22963,22965,22963,5,-5
2024-10-30 15:12:05.635,22963,22966,22964,1,-1
2024-10-30 15:12:07.905,22963,22966,22964,1,-1
2024-10-30 15:12:10.151,22963,22966,22964,1,-1
2024-10-30 15:12:12.332,22964,22966,22964,1,-1
2024-10-30 15:12:13.366,22964,22966,22964,1,-1
2024-10-30 15:12:14.395,22964,22966,22965,1,-1
2024-10-30 15:12:14.602,22964,22966,22966,2,2
2024-10-30 15:12:14.938,22965,22966,22966,3,3
2024-10-30 15:12:33.689,22965,22966,22965,5,-5
2024-10-30 15:12:33.849,22965,22966,22966,1,1
2024-10-30 15:12:34.683,22965,22966,22965,1,-1
2024-10-30 15:12:37.439,22964,22965,22965,1,1
2024-10-30 15:12:45.564,22964,22965,22964,2,-2
2024-10-30 15:12:45.565,22964,22965,22963,3,-3
2024-10-30 15:12:46.706,22962,22963,22963,1,1
2024-10-30 15:12:46.799,22962,22963,22962,4,-4
2024-10-30 15:12:46.799,22962,22963,22962,2,-2
2024-10-30 15:12:46.799,22962,22963,22962,4,-4
2024-10-30 15:12:46.801,22962,22963,22961,1,-1
2024-10-30 15:12:46.893,22962,22963,22960,1,-1
2024-10-30 15:12:46.918,22960,22961,22960,5,-5
2024-10-30 15:12:46.920,22960,22961,22960,3,-3
2024-10-30 15:12:46.920,22960,22961,22960,1,-1
2024-10-30 15:12:50.350,22958,22959,22958,1,-1
2024-10-30 15:12:50.350,22958,22959,22958,2,-2
2024-10-30 15:12:50.367,22958,22959,22958,1,-1
2024-10-30 15:12:50.435,22957,22959,22957,1,-1
2024-10-30 15:12:50.477,22957,22959,22956,1,-1
2024-10-30 15:12:50.574,22956,22959,22956,1,-1
2024-10-30 15:12:51.974,22956,22959,22956,1,-1
2024-10-30 15:12:53.348,22956,22958,22956,7,-7
2024-10-30 15:12:53.585,22955,22956,22956,1,1
2024-10-30 15:12:54.610,22955,22956,22956,1,1
2024-10-30 15:12:55.145,22955,22956,22956,1,1
2024-10-30 15:12:56.675,22953,22955,22955,1,1
2024-10-30 15:12:57.231,22954,22955,22955,1,1
2024-10-30 15:12:57.231,22954,22955,22955,3,3
2024-10-30 15:12:57.231,22954,22955,22955,1,1
2024-10-30 15:12:57.231,22954,22955,22955,1,1
2024-10-30 15:12:57.231,22954,22955,22955,3,3
2024-10-30 15:12:58.258,22954,22956,22954,1,-1
2024-10-30 15:12:58.258,22954,22956,22953,4,-4
2024-10-30 15:12:58.899,22952,22954,22954,1,1
2024-10-30 15:12:58.975,22952,22954,22954,1,1
2024-10-30 15:12:59.821,22952,22954,22952,1,-1
2024-10-30 15:13:00.987,22952,22953,22952,1,-1
2024-10-30 15:13:01.057,22951,22953,22951,2,-2
2024-10-30 15:13:01.111,22951,22953,22951,1,-1
2024-10-30 15:13:01.597,22952,22953,22953,1,1
2024-10-30 15:13:01.815,22951,22954,22952,1,-1
2024-10-30 15:13:03.217,22953,22954,22954,1,1
2024-10-30 15:13:03.217,22953,22954,22954,2,2
2024-10-30 15:13:03.218,22953,22954,22954,5,5
2024-10-30 15:13:03.427,22955,22956,22956,1,1
2024-10-30 15:13:05.184,22955,22957,22957,1,1
2024-10-30 15:13:08.510,22955,22957,22957,2,2
2024-10-30 15:13:09.745,22955,22957,22957,3,3
2024-10-30 15:13:14.329,22955,22957,22955,1,-1
2024-10-30 15:13:20.329,22953,22954,22953,1,-1
2024-10-30 15:13:20.329,22953,22954,22953,1,-1
2024-10-30 15:13:20.329,22953,22954,22953,1,-1
2024-10-30 15:13:22.228,22952,22953,22952,1,-1
2024-10-30 15:13:22.229,22952,22953,22952,1,-1
2024-10-30 15:13:22.357,22951,22953,22951,1,-1
2024-10-30 15:13:22.484,22951,22953,22953,1,1
2024-10-30 15:13:24.020,22951,22953,22953,1,1
2024-10-30 15:13:25.817,22953,22955,22953,2,-2
2024-10-30 15:13:27.366,22953,22955,22954,2,-2
2024-10-30 15:13:28.106,22953,22956,22953,1,-1
2024-10-30 15:13:29.056,22955,22956,22956,1,1
2024-10-30 15:13:30.691,22956,22958,22956,1,-1
2024-10-30 15:13:34.838,22956,22957,22957,1,1
2024-10-30 15:13:35.030,22956,22957,22957,1,1
2024-10-30 15:13:37.975,22956,22957,22956,1,-1
2024-10-30 15:13:38.740,22955,22957,22957,1,1
2024-10-30 15:13:47.392,22956,22957,22956,2,-2
2024-10-30 15:13:49.482,22956,22957,22957,1,1
2024-10-30 15:13:50.824,22956,22957,22956,1,-1
2024-10-30 15:13:51.559,22956,22957,22957,1,1
2024-10-30 15:13:53.402,22956,22958,22958,1,1
2024-10-30 15:13:54.880,22957,22958,22957,1,-1
2024-10-30 15:13:56.206,22957,22958,22957,1,-1
2024-10-30 15:13:56.206,22957,22958,22956,1,-1
2024-10-30 15:13:58.157,22956,22957,22956,1,-1
2024-10-30 15:14:00.087,22956,22957,22957,2,2
2024-10-30 15:14:00.296,22957,22958,22958,4,4
2024-10-30 15:14:00.296,22957,22958,22958,2,2
2024-10-30 15:14:00.296,22957,22958,22958,1,1
2024-10-30 15:14:00.296,22957,22958,22958,2,2
2024-10-30 15:14:00.296,22957,22958,22958,1,1
2024-10-30 15:14:00.296,22957,22958,22958,1,1
2024-10-30 15:14:00.388,22957,22958,22959,1,1
2024-10-30 15:14:07.466,22955,22956,22956,1,1
2024-10-30 15:14:10.796,22955,22956,22955,3,-3
2024-10-30 15:14:15.199,22955,22957,22955,3,-3
2024-10-30 15:14:15.199,22955,22957,22954,2,-2
2024-10-30 15:14:15.294,22954,22957,22953,3,-3
2024-10-30 15:14:15.294,22954,22957,22954,2,-2
2024-10-30 15:14:17.593,22953,22956,22954,1,-1
2024-10-30 15:14:21.447,22955,22957,22957,1,1
2024-10-30 15:14:23.328,22957,22959,22957,1,-1
2024-10-30 15:14:27.947,22957,22958,22958,1,1
2024-10-30 15:14:35.710,22958,22959,22959,2,2
2024-10-30 15:14:36.007,22958,22959,22959,1,1
2024-10-30 15:14:36.153,22958,22959,22960,6,6
2024-10-30 15:14:36.153,22958,22959,22959,3,3
2024-10-30 15:14:38.917,22960,22961,22960,1,-1
2024-10-30 15:14:39.155,22960,22961,22962,1,1
2024-10-30 15:14:39.155,22960,22961,22961,1,1
2024-10-30 15:14:45.824,22961,22962,22961,1,-1
2024-10-30 15:14:45.833,22961,22962,22962,4,4
2024-10-30 15:14:46.648,22962,22963,22963,1,1
2024-10-30 15:14:47.998,22962,22963,22963,1,1
2024-10-30 15:14:48.538,22963,22964,22964,1,1
2024-10-30 15:14:48.538,22963,22964,22964,14,14
2024-10-30 15:14:49.631,22963,22965,22965,1,1
2024-10-30 15:14:49.752,22963,22965,22965,5,5
2024-10-30 15:14:55.664,22965,22966,22965,1,-1
2024-10-30 15:14:56.304,22964,22965,22965,1,1
2024-10-30 15:15:00.144,22965,22966,22966,1,1
2024-10-30 15:15:00.321,22965,22967,22967,2,2
2024-10-30 15:15:00.349,22965,22967,22967,1,1
2024-10-30 15:15:00.705,22965,22967,22967,2,2
2024-10-30 15:15:00.992,22965,22967,22967,1,1
2024-10-30 15:15:01.131,22965,22967,22966,1,1
2024-10-30 15:15:01.349,22965,22967,22965,1,-1
2024-10-30 15:15:01.510,22965,22967,22967,1,1
2024-10-30 15:15:01.526,22965,22967,22968,1,1
2024-10-30 15:15:01.526,22965,22967,22967,1,1
2024-10-30 15:15:01.562,22965,22968,22968,1,1
2024-10-30 15:15:01.605,22965,22968,22968,1,1
2024-10-30 15:15:01.667,22965,22968,22968,5,5
2024-10-30 15:15:01.791,22966,22969,22969,1,1
2024-10-30 15:15:02.614,22966,22969,22969,1,1
2024-10-30 15:15:02.615,22966,22969,22969,1,1
2024-10-30 15:15:02.615,22966,22969,22969,1,1
2024-10-30 15:15:02.615,22966,22969,22969,1,1
2024-10-30 15:15:02.756,22967,22969,22968,1,1
2024-10-30 15:15:09.316,22966,22969,22969,1,1
2024-10-30 15:15:10.807,22966,22968,22968,1,1
2024-10-30 15:15:11.691,22967,22969,22969,1,1
2024-10-30 15:15:15.021,22968,22969,22969,1,1
2024-10-30 15:15:17.751,22968,22969,22969,1,1
2024-10-30 15:15:21.043,22967,22968,22968,3,3
2024-10-30 15:15:21.319,22967,22969,22969,3,3
2024-10-30 15:15:21.319,22967,22969,22970,7,7
2024-10-30 15:15:21.494,22968,22971,22971,1,1
2024-10-30 15:15:21.519,22968,22971,22971,1,1
2024-10-30 15:15:22.645,22969,22971,22971,2,2
2024-10-30 15:15:22.706,22971,22972,22972,9,9
2024-10-30 15:15:22.706,22971,22972,22972,1,1
2024-10-30 15:15:27.166,22973,22974,22973,1,-1
2024-10-30 15:15:28.909,22973,22974,22973,1,-1
2024-10-30 15:15:29.075,22973,22974,22973,1,-1
2024-10-30 15:15:31.363,22973,22974,22973,1,-1
2024-10-30 15:15:35.725,22973,22974,22974,1,1
2024-10-30 15:15:35.884,22974,22975,22975,2,2
2024-10-30 15:15:35.885,22974,22975,22976,1,1
2024-10-30 15:15:38.409,22975,22976,22975,1,-1
2024-10-30 15:15:40.009,22975,22976,22975,1,-1
2024-10-30 15:15:40.793,22975,22976,22976,1,1
2024-10-30 15:15:40.793,22975,22976,22976,1,1
2024-10-30 15:15:46.592,22976,22977,22976,1,-1
2024-10-30 15:15:46.807,22975,22976,22975,2,-2
2024-10-30 15:15:48.445,22974,22976,22976,2,2
2024-10-30 15:15:50.502,22975,22976,22976,1,1
2024-10-30 15:15:53.949,22976,22977,22977,1,1
2024-10-30 15:15:54.549,22976,22977,22977,1,1
2024-10-30 15:15:54.640,22976,22977,22977,6,6
2024-10-30 15:15:55.859,22977,22978,22977,1,-1
2024-10-30 15:15:56.003,22977,22978,22978,2,2
2024-10-30 15:15:56.211,22978,22979,22977,3,-3
2024-10-30 15:15:56.211,22978,22979,22978,2,-2
2024-10-30 15:15:56.376,22977,22979,22979,1,1
2024-10-30 15:15:57.659,22976,22979,22976,1,-1
2024-10-30 15:15:58.654,22976,22979,22976,3,-3
2024-10-30 15:15:59.472,22977,22979,22979,2,2
2024-10-30 15:15:59.834,22977,22979,22977,4,-4
2024-10-30 15:16:02.406,22975,22976,22976,2,2
2024-10-30 15:16:02.406,22975,22976,22977,1,1
2024-10-30 15:16:02.420,22975,22977,22977,1,1
2024-10-30 15:16:06.796,22974,22976,22976,2,2
2024-10-30 15:16:06.910,22974,22977,22977,1,1
2024-10-30 15:16:07.038,22975,22977,22977,1,1
2024-10-30 15:16:07.161,22975,22978,22978,1,1
2024-10-30 15:16:07.161,22975,22978,22978,1,1
2024-10-30 15:16:07.161,22975,22978,22978,1,1
2024-10-30 15:16:07.161,22975,22978,22978,1,1
2024-10-30 15:16:07.161,22975,22978,22978,1,1
2024-10-30 15:16:07.162,22975,22978,22979,1,1
2024-10-30 15:16:07.162,22975,22978,22979,1,1
2024-10-30 15:16:07.488,22977,22979,22977,1,-1
2024-10-30 15:16:09.151,22977,22978,22976,1,-1
2024-10-30 15:16:09.151,22977,22978,22977,3,-3
2024-10-30 15:16:09.191,22976,22978,22978,1,1
2024-10-30 15:16:14.625,22976,22977,22976,2,-2
2024-10-30 15:16:14.625,22976,22977,22976,1,-1
2024-10-30 15:16:15.409,22974,22976,22976,1,1
2024-10-30 15:16:17.563,22974,22976,22974,1,-1
2024-10-30 15:16:19.143,22974,22976,22974,1,-1
2024-10-30 15:16:19.160,22973,22974,22974,1,1
2024-10-30 15:16:19.160,22973,22974,22974,1,1
2024-10-30 15:16:19.162,22973,22974,22974,1,1
2024-10-30 15:16:19.969,22973,22974,22973,2,-2
2024-10-30 15:16:19.969,22973,22974,22973,1,-1
2024-10-30 15:16:19.969,22973,22974,22973,1,-1
2024-10-30 15:16:21.482,22972,22973,22972,1,-1
2024-10-30 15:16:23.996,22971,22974,22971,4,-4
2024-10-30 15:16:24.198,22970,22971,22971,2,2
2024-10-30 15:16:24.749,22970,22971,22970,1,-1
2024-10-30 15:16:25.902,22970,22971,22970,1,-1
2024-10-30 15:16:27.552,22970,22971,22970,1,-1
2024-10-30 15:16:28.195,22970,22971,22971,2,2
2024-10-30 15:16:28.195,22970,22971,22971,1,1
2024-10-30 15:16:28.195,22970,22971,22971,1,1
2024-10-30 15:16:28.290,22971,22972,22972,1,1
2024-10-30 15:16:31.775,22970,22973,22970,6,-6
2024-10-30 15:16:31.776,22970,22973,22970,1,-1
2024-10-30 15:16:33.123,22969,22970,22970,1,1
2024-10-30 15:16:33.123,22969,22970,22970,1,1
2024-10-30 15:16:33.124,22969,22970,22970,1,1
2024-10-30 15:16:38.386,22969,22971,22969,4,-4
2024-10-30 15:16:40.097,22966,22968,22966,2,-2
2024-10-30 15:16:40.099,22966,22968,22966,8,-8
2024-10-30 15:16:42.719,22966,22968,22966,8,-8
2024-10-30 15:16:42.719,22966,22968,22966,2,-2
2024-10-30 15:16:43.356,22965,22966,22966,1,1
2024-10-30 15:16:45.500,22966,22968,22968,1,1
2024-10-30 15:16:52.152,22967,22969,22967,3,-3
2024-10-30 15:16:54.553,22966,22967,22967,1,1
2024-10-30 15:16:54.628,22966,22967,22966,1,-1
2024-10-30 15:16:54.629,22966,22967,22966,1,-1
2024-10-30 15:16:55.299,22966,22967,22966,1,-1
2024-10-30 15:16:55.300,22966,22967,22965,4,-4
2024-10-30 15:16:55.300,22966,22967,22965,1,-1
2024-10-30 15:16:55.301,22966,22967,22965,2,-2
2024-10-30 15:16:56.864,22964,22966,22966,1,1
2024-10-30 15:17:05.518,22964,22965,22965,1,1
2024-10-30 15:17:06.069,22964,22966,22966,1,1
2024-10-30 15:17:09.388,22964,22967,22966,1,1
2024-10-30 15:17:13.461,22966,22967,22966,2,-2
2024-10-30 15:17:13.461,22966,22967,22965,5,-5
2024-10-30 15:17:13.462,22966,22967,22965,3,-3
2024-10-30 15:17:13.734,22964,22966,22966,1,1
2024-10-30 15:17:15.446,22964,22966,22964,3,-3
2024-10-30 15:17:16.201,22963,22964,22963,1,-1
2024-10-30 15:17:16.201,22963,22964,22963,3,-3
2024-10-30 15:17:18.737,22962,22964,22964,1,1
2024-10-30 15:17:19.528,22962,22965,22962,9,-9
2024-10-30 15:17:19.528,22962,22965,22964,1,1
2024-10-30 15:17:22.107,22961,22963,22963,1,1
2024-10-30 15:17:22.699,22961,22964,22961,1,-1
2024-10-30 15:17:22.714,22961,22964,22961,4,-4
2024-10-30 15:17:22.715,22961,22964,22961,1,-1
2024-10-30 15:17:23.248,22960,22961,22960,1,-1
2024-10-30 15:17:25.782,22960,22963,22962,1,1
2024-10-30 15:17:26.046,22960,22963,22963,1,1
2024-10-30 15:17:26.152,22960,22963,22960,2,-2
2024-10-30 15:17:26.920,22960,22963,22963,1,1
2024-10-30 15:17:27.862,22961,22964,22961,2,-2
2024-10-30 15:17:29.403,22960,22963,22960,2,-2
2024-10-30 15:17:30.216,22959,22962,22962,1,1
2024-10-30 15:17:30.415,22960,22962,22960,1,-1
2024-10-30 15:17:35.854,22960,22963,22960,5,-5
2024-10-30 15:17:36.226,22959,22960,22959,1,-1
2024-10-30 15:17:38.753,22959,22960,22959,1,-1
2024-10-30 15:17:39.215,22957,22960,22957,2,-2
2024-10-30 15:17:40.973,22959,22960,22959,1,-1
2024-10-30 15:17:42.704,22957,22959,22959,1,1
2024-10-30 15:17:51.102,22957,22960,22956,4,-4
2024-10-30 15:17:51.102,22957,22960,22957,6,-6
2024-10-30 15:17:51.233,22956,22958,22956,1,-1
2024-10-30 15:17:51.302,22956,22958,22958,1,1
2024-10-30 15:17:53.947,22956,22959,22956,4,-4
2024-10-30 15:17:53.947,22956,22959,22955,6,-6
2024-10-30 15:17:54.081,22955,22957,22957,1,1
2024-10-30 15:17:56.267,22955,22956,22956,2,2
2024-10-30 15:17:56.483,22955,22958,22955,5,-5
2024-10-30 15:17:59.396,22956,22957,22956,1,-1
2024-10-30 15:18:03.265,22955,22958,22956,1,-1
2024-10-30 15:18:03.534,22956,22959,22956,1,-1
2024-10-30 15:18:05.593,22956,22957,22957,2,2
2024-10-30 15:18:05.593,22956,22957,22958,1,1
2024-10-30 15:18:05.843,22956,22958,22958,1,1
2024-10-30 15:18:05.844,22956,22958,22958,1,1
2024-10-30 15:18:05.924,22956,22958,22958,1,1
2024-10-30 15:18:07.511,22956,22957,22956,1,-1
2024-10-30 15:18:07.631,22955,22956,22956,1,1
2024-10-30 15:18:09.259,22955,22957,22955,2,-2
2024-10-30 15:18:09.772,22954,22957,22954,1,-1
2024-10-30 15:18:10.059,22955,22957,22956,1,-1
2024-10-30 15:18:12.700,22955,22957,22957,1,1
2024-10-30 15:18:13.752,22955,22957,22957,1,1
2024-10-30 15:18:15.703,22956,22957,22956,1,-1
2024-10-30 15:18:15.703,22956,22957,22955,1,-1
2024-10-30 15:18:17.953,22955,22957,22955,1,-1
2024-10-30 15:18:19.411,22955,22957,22957,1,1
2024-10-30 15:18:22.031,22955,22957,22957,2,2
2024-10-30 15:18:22.249,22955,22957,22957,2,2
2024-10-30 15:18:22.249,22955,22957,22957,3,3
2024-10-30 15:18:22.453,22957,22959,22959,1,1
2024-10-30 15:18:22.454,22957,22959,22959,6,6
2024-10-30 15:18:25.167,22959,22960,22959,2,-2
2024-10-30 15:18:25.509,22957,22958,22958,1,1
2024-10-30 15:18:30.337,22958,22959,22958,2,-2
2024-10-30 15:18:32.405,22957,22959,22959,2,2
2024-10-30 15:18:36.457,22957,22958,22958,1,1
2024-10-30 15:18:36.803,22957,22958,22957,1,-1
2024-10-30 15:18:38.054,22957,22958,22957,1,-1
2024-10-30 15:18:39.092,22957,22958,22957,2,-2
2024-10-30 15:18:39.599,22957,22958,22958,1,1
2024-10-30 15:18:41.990,22957,22958,22957,1,-1
2024-10-30 15:18:43.013,22956,22957,22957,1,1
2024-10-30 15:18:44.211,22956,22958,22956,2,-2
2024-10-30 15:18:49.194,22957,22959,22957,1,-1
2024-10-30 15:18:55.291,22957,22958,22957,3,-3
2024-10-30 15:18:55.618,22956,22958,22958,1,1
2024-10-30 15:18:55.619,22956,22958,22958,1,1
2024-10-30 15:19:06.553,22958,22959,22958,2,-2
2024-10-30 15:19:06.553,22958,22959,22957,4,-4
2024-10-30 15:19:06.553,22958,22959,22957,2,-2
2024-10-30 15:19:09.982,22956,22958,22958,2,2
2024-10-30 15:19:11.050,22956,22959,22959,2,2
2024-10-30 15:19:13.424,22956,22959,22959,1,1
2024-10-30 15:19:13.636,22959,22960,22960,4,4
2024-10-30 15:19:24.126,22957,22960,22960,1,1
2024-10-30 15:19:24.939,22957,22960,22960,1,1
2024-10-30 15:19:27.388,22958,22960,22960,2,2
2024-10-30 15:19:28.051,22956,22957,22956,1,-1
2024-10-30 15:19:28.051,22956,22957,22956,1,-1
2024-10-30 15:19:28.051,22956,22957,22956,3,-3
2024-10-30 15:19:28.617,22955,22957,22957,3,3
2024-10-30 15:19:36.749,22955,22956,22955,1,-1
2024-10-30 15:19:38.146,22954,22956,22954,1,-1
2024-10-30 15:19:38.147,22954,22956,22954,1,-1
2024-10-30 15:19:38.147,22954,22956,22954,2,-2
2024-10-30 15:19:39.784,22953,22955,22953,5,-5
2024-10-30 15:19:48.040,22952,22953,22952,3,-3
2024-10-30 15:19:48.223,22951,22953,22951,3,-3
2024-10-30 15:19:48.883,22951,22953,22953,2,2
2024-10-30 15:19:50.307,22951,22953,22953,1,1
2024-10-30 15:19:55.055,22951,22952,22951,1,-1
2024-10-30 15:19:55.888,22950,22952,22950,1,-1
2024-10-30 15:19:57.622,22950,22953,22950,1,-1
2024-10-30 15:19:59.492,22951,22953,22953,1,1
2024-10-30 15:19:59.493,22951,22953,22953,1,1
2024-10-30 15:20:01.382,22953,22955,22953,1,-1
2024-10-30 15:20:01.721,22953,22955,22955,2,2
2024-10-30 15:20:09.409,22951,22954,22954,1,1
2024-10-30 15:20:10.798,22951,22953,22951,2,-2
2024-10-30 15:20:10.799,22951,22953,22950,6,-6
2024-10-30 15:20:10.800,22951,22953,22950,2,-2
2024-10-30 15:20:10.800,22951,22953,22950,2,-2
2024-10-30 15:20:10.800,22951,22953,22950,3,-3
2024-10-30 15:20:10.800,22951,22953,22950,1,-1
2024-10-30 15:20:10.800,22951,22953,22950,5,-5
2024-10-30 15:20:10.800,22951,22953,22950,1,-1
2024-10-30 15:20:10.800,22951,22953,22950,3,-3
2024-10-30 15:20:10.800,22951,22953,22950,1,-1
2024-10-30 15:20:10.801,22951,22953,22950,12,-12
2024-10-30 15:20:10.801,22951,22953,22950,1,-1
2024-10-30 15:20:10.802,22951,22953,22950,1,-1
2024-10-30 15:20:10.826,22951,22953,22950,1,-1
2024-10-30 15:20:10.826,22951,22953,22951,1,-1
2024-10-30 15:20:13.981,22949,22951,22951,3,3
2024-10-30 15:20:15.242,22950,22952,22953,2,2
2024-10-30 15:20:17.587,22952,22953,22953,1,1
2024-10-30 15:20:17.587,22952,22953,22953,4,4
2024-10-30 15:20:17.587,22952,22953,22953,2,2
2024-10-30 15:20:17.587,22952,22953,22953,1,1
2024-10-30 15:20:17.734,22953,22955,22953,1,-1
2024-10-30 15:20:19.017,22952,22955,22955,2,2
2024-10-30 15:20:19.024,22952,22955,22955,2,2
2024-10-30 15:20:19.024,22952,22955,22954,1,1
2024-10-30 15:20:19.038,22954,22956,22954,1,-1
2024-10-30 15:20:19.791,22955,22956,22955,1,-1
2024-10-30 15:20:20.466,22955,22956,22956,1,1
2024-10-30 15:20:22.782,22956,22958,22956,2,-2
2024-10-30 15:20:23.826,22955,22958,22955,1,-1
2024-10-30 15:20:28.758,22955,22957,22955,1,-1
2024-10-30 15:20:30.387,22955,22957,22955,1,-1
2024-10-30 15:20:36.524,22955,22956,22956,1,1
2024-10-30 15:20:36.619,22956,22958,22956,1,-1
2024-10-30 15:20:41.872,22955,22957,22955,3,-3
2024-10-30 15:20:51.919,22952,22954,22954,1,1
2024-10-30 15:20:51.919,22952,22954,22955,4,4
2024-10-30 15:20:58.930,22954,22955,22955,2,2
2024-10-30 15:21:00.512,22955,22957,22955,1,-1
2024-10-30 15:21:05.344,22953,22955,22953,1,-1
2024-10-30 15:21:05.344,22953,22955,22953,1,-1
2024-10-30 15:21:09.712,22951,22952,22951,1,-1
2024-10-30 15:21:11.440,22949,22951,22949,3,-3
2024-10-30 15:21:11.441,22949,22951,22949,1,-1
2024-10-30 15:21:11.441,22949,22951,22949,1,-1
2024-10-30 15:21:11.606,22948,22950,22948,1,-1
2024-10-30 15:21:11.682,22948,22950,22948,1,-1
2024-10-30 15:21:14.197,22948,22950,22948,1,-1
2024-10-30 15:21:20.092,22949,22950,22949,1,-1
2024-10-30 15:21:21.382,22948,22949,22949,2,2
2024-10-30 15:21:24.023,22948,22949,22948,1,-1
2024-10-30 15:21:24.023,22948,22949,22948,2,-2
2024-10-30 15:21:24.318,22947,22949,22947,1,-1
2024-10-30 15:21:27.398,22948,22949,22948,1,-1
2024-10-30 15:21:27.398,22948,22949,22947,1,-1
2024-10-30 15:21:27.398,22948,22949,22947,6,-6
2024-10-30 15:21:27.399,22948,22949,22947,1,-1
2024-10-30 15:21:27.400,22948,22949,22946,1,-1
2024-10-30 15:21:27.400,22948,22949,22946,6,-6
2024-10-30 15:21:29.218,22945,22947,22945,1,-1
2024-10-30 15:21:29.671,22945,22947,22945,1,-1
2024-10-30 15:21:31.962,22945,22947,22945,2,-2
2024-10-30 15:21:31.990,22945,22947,22944,2,-2
2024-10-30 15:21:32.214,22944,22947,22945,1,-1
2024-10-30 15:21:32.578,22943,22945,22943,1,-1
2024-10-30 15:21:32.804,22943,22945,22943,2,-2
2024-10-30 15:21:33.176,22943,22945,22943,2,-2
2024-10-30 15:21:33.658,22943,22945,22943,1,-1
2024-10-30 15:21:33.861,22943,22945,22943,2,-2
2024-10-30 15:21:35.165,22942,22945,22942,3,-3
2024-10-30 15:21:35.465,22942,22944,22942,2,-2
2024-10-30 15:21:35.865,22941,22944,22942,1,-1
2024-10-30 15:21:36.505,22942,22944,22942,1,-1
2024-10-30 15:21:37.170,22942,22944,22942,1,-1
2024-10-30 15:21:37.555,22942,22944,22942,2,-2
2024-10-30 15:21:38.471,22941,22943,22942,1,-1
2024-10-30 15:21:39.546,22941,22943,22941,1,-1
2024-10-30 15:21:39.748,22941,22943,22941,1,-1
2024-10-30 15:21:40.632,22942,22943,22942,1,-1
2024-10-30 15:21:47.119,22941,22942,22941,2,-2
2024-10-30 15:21:47.119,22941,22942,22941,1,-1
2024-10-30 15:21:47.120,22941,22942,22941,1,-1
2024-10-30 15:21:47.121,22941,22942,22940,9,-9
2024-10-30 15:21:47.212,22938,22940,22938,1,-1
2024-10-30 15:21:47.214,22938,22940,22939,1,-1
2024-10-30 15:21:47.319,22937,22940,22937,4,-4
2024-10-30 15:21:47.438,22936,22939,22936,2,-2
2024-10-30 15:21:47.484,22936,22939,22939,1,1
2024-10-30 15:21:47.754,22936,22939,22936,1,-1
2024-10-30 15:21:48.708,22936,22939,22936,2,-2
2024-10-30 15:21:54.084,22937,22938,22938,3,3
2024-10-30 15:21:54.493,22938,22940,22938,3,-3
2024-10-30 15:21:54.493,22938,22940,22937,5,-5
2024-10-30 15:21:55.560,22938,22940,22940,1,1
2024-10-30 15:21:57.324,22940,22942,22940,1,-1
2024-10-30 15:21:57.332,22940,22942,22942,1,1
2024-10-30 15:21:58.016,22940,22942,22942,1,1
2024-10-30 15:22:01.535,22942,22944,22944,1,1
2024-10-30 15:22:01.668,22943,22945,22945,1,1
2024-10-30 15:22:02.521,22945,22947,22945,1,-1
2024-10-30 15:22:05.596,22945,22946,22945,1,-1
2024-10-30 15:22:06.450,22945,22946,22946,1,1
2024-10-30 15:22:09.972,22945,22946,22945,2,-2
2024-10-30 15:22:10.193,22945,22946,22945,1,-1
2024-10-30 15:22:11.357,22945,22946,22945,4,-4
2024-10-30 15:22:11.357,22945,22946,22945,1,-1
2024-10-30 15:22:14.620,22944,22946,22944,1,-1
2024-10-30 15:22:23.005,22943,22945,22945,2,2
2024-10-30 15:22:23.005,22943,22945,22946,1,1
2024-10-30 15:22:24.659,22944,22946,22944,1,-1
2024-10-30 15:22:32.245,22944,22946,22946,3,3
2024-10-30 15:22:32.245,22944,22946,22946,4,4
2024-10-30 15:22:33.445,22946,22948,22946,1,-1
2024-10-30 15:22:35.898,22946,22947,22945,3,-3
2024-10-30 15:22:35.898,22946,22947,22946,1,-1
2024-10-30 15:22:38.008,22945,22947,22945,1,-1
2024-10-30 15:22:45.050,22944,22945,22945,1,1
2024-10-30 15:22:45.211,22944,22945,22945,2,2
2024-10-30 15:22:49.034,22944,22946,22946,1,1
2024-10-30 15:22:58.215,22945,22946,22945,1,-1
2024-10-30 15:22:58.369,22944,22946,22944,3,-3
2024-10-30 15:22:58.370,22944,22946,22943,1,-1
2024-10-30 15:22:58.884,22942,22943,22942,1,-1
2024-10-30 15:23:00.100,22941,22943,22941,2,-2
2024-10-30 15:23:00.100,22941,22943,22941,2,-2
2024-10-30 15:23:00.361,22940,22941,22941,1,1
2024-10-30 15:23:00.593,22940,22942,22942,1,1
2024-10-30 15:23:00.597,22940,22942,22942,1,1
2024-10-30 15:23:00.615,22940,22942,22943,1,1
2024-10-30 15:23:08.670,22940,22941,22940,1,-1
2024-10-30 15:23:09.828,22939,22940,22939,1,-1
2024-10-30 15:23:10.357,22938,22940,22940,2,2
2024-10-30 15:23:10.357,22938,22940,22941,2,2
2024-10-30 15:23:10.872,22938,22941,22938,2,-2
2024-10-30 15:23:10.898,22938,22941,22938,2,-2
2024-10-30 15:23:15.390,22939,22941,22939,1,-1
2024-10-30 15:23:15.448,22939,22941,22939,1,-1
2024-10-30 15:23:19.575,22939,22940,22940,1,1
2024-10-30 15:23:21.560,22939,22940,22939,1,-1
2024-10-30 15:23:21.888,22938,22939,22939,2,2
2024-10-30 15:23:22.080,22939,22940,22940,1,1
2024-10-30 15:23:22.520,22939,22940,22940,1,1
2024-10-30 15:23:22.632,22939,22940,22939,1,-1
2024-10-30 15:23:26.643,22939,22940,22939,2,-2
2024-10-30 15:23:27.109,22939,22940,22939,2,-2
2024-10-30 15:23:27.167,22938,22939,22939,1,1
2024-10-30 15:23:27.531,22938,22939,22938,2,-2
2024-10-30 15:23:29.219,22938,22939,22938,1,-1
2024-10-30 15:23:29.219,22938,22939,22938,2,-2
2024-10-30 15:23:29.259,22938,22939,22937,1,-1
2024-10-30 15:23:29.260,22938,22939,22936,13,-13
2024-10-30 15:23:29.265,22938,22939,22935,6,-6
2024-10-30 15:23:29.317,22934,22935,22934,1,-1
2024-10-30 15:23:29.318,22934,22935,22934,2,-2
2024-10-30 15:23:29.318,22934,22935,22934,2,-2
2024-10-30 15:23:29.486,22933,22934,22933,1,-1
2024-10-30 15:23:29.624,22933,22934,22933,1,-1
2024-10-30 15:23:29.626,22933,22934,22933,1,-1
2024-10-30 15:23:30.318,22932,22934,22932,5,-5
2024-10-30 15:23:33.071,22932,22934,22934,3,3
2024-10-30 15:23:33.080,22932,22934,22935,1,1
2024-10-30 15:23:33.083,22932,22934,22936,1,1
2024-10-30 15:23:33.085,22932,22934,22934,2,2
2024-10-30 15:23:33.087,22932,22934,22936,1,1
2024-10-30 15:23:33.380,22933,22936,22933,1,-1
2024-10-30 15:23:33.400,22933,22936,22933,1,-1
2024-10-30 15:23:33.781,22933,22936,22933,1,-1
2024-10-30 15:23:34.503,22934,22936,22934,1,-1
2024-10-30 15:23:36.925,22935,22937,22935,1,-1
2024-10-30 15:23:38.963,22935,22937,22935,1,-1
2024-10-30 15:23:43.791,22935,22937,22935,1,-1
2024-10-30 15:23:45.217,22934,22935,22935,1,1
2024-10-30 15:23:45.270,22934,22935,22934,1,-1
2024-10-30 15:23:45.611,22933,22935,22935,1,1
2024-10-30 15:23:47.572,22933,22935,22935,2,2
2024-10-30 15:23:48.485,22933,22936,22936,1,1
2024-10-30 15:23:50.782,22934,22936,22934,1,-1
2024-10-30 15:23:50.782,22934,22936,22933,2,-2
2024-10-30 15:23:52.569,22934,22935,22935,1,1
2024-10-30 15:23:56.390,22934,22935,22935,1,1
2024-10-30 15:23:56.814,22934,22935,22935,1,1
2024-10-30 15:23:57.995,22934,22935,22935,1,1
2024-10-30 15:24:00.758,22934,22935,22935,1,1
2024-10-30 15:24:01.244,22935,22936,22935,1,-1
2024-10-30 15:24:01.244,22935,22936,22934,1,-1
2024-10-30 15:24:03.955,22935,22936,22935,1,-1
2024-10-30 15:24:04.066,22935,22936,22935,1,-1
2024-10-30 15:24:05.461,22934,22935,22934,2,-2
2024-10-30 15:24:05.461,22934,22935,22933,1,-1
2024-10-30 15:24:05.644,22933,22935,22935,2,2
2024-10-30 15:24:07.988,22933,22935,22935,2,2
2024-10-30 15:24:08.431,22933,22936,22933,3,-3
2024-10-30 15:24:15.786,22933,22935,22935,5,5
2024-10-30 15:24:17.034,22935,22936,22936,1,1
2024-10-30 15:24:17.060,22935,22936,22937,1,1
2024-10-30 15:24:17.075,22935,22936,22936,10,10
2024-10-30 15:24:17.420,22935,22938,22938,3,3
2024-10-30 15:24:17.421,22935,22938,22938,1,1
2024-10-30 15:24:17.444,22935,22938,22938,1,1
2024-10-30 15:24:17.664,22936,22938,22938,1,1
2024-10-30 15:24:21.131,22935,22938,22938,6,6
2024-10-30 15:24:21.132,22935,22938,22938,4,4
2024-10-30 15:24:23.295,22937,22938,22937,3,-3
2024-10-30 15:24:27.674,22935,22937,22937,1,1
2024-10-30 15:24:28.588,22935,22936,22936,1,1
2024-10-30 15:24:29.004,22935,22936,22935,2,-2
2024-10-30 15:24:29.004,22935,22936,22935,2,-2
2024-10-30 15:24:29.004,22935,22936,22935,2,-2
2024-10-30 15:24:36.183,22935,22936,22935,1,-1
2024-10-30 15:24:37.373,22935,22936,22935,1,-1
2024-10-30 15:24:37.530,22933,22934,22933,1,-1
2024-10-30 15:24:38.255,22933,22935,22934,1,-1
2024-10-30 15:24:38.255,22933,22935,22933,2,-2
2024-10-30 15:24:38.781,22933,22935,22933,1,-1
2024-10-30 15:24:39.800,22933,22935,22933,1,-1
2024-10-30 15:24:40.072,22933,22935,22933,1,-1
2024-10-30 15:24:40.074,22933,22935,22932,2,-2
2024-10-30 15:24:40.074,22933,22935,22932,2,-2
2024-10-30 15:24:40.195,22931,22932,22932,1,1
2024-10-30 15:24:41.735,22931,22933,22933,1,1
2024-10-30 15:24:47.986,22932,22934,22932,2,-2
2024-10-30 15:24:50.226,22932,22933,22932,2,-2
2024-10-30 15:24:52.816,22931,22932,22932,1,1
2024-10-30 15:24:55.884,22931,22932,22932,3,3
2024-10-30 15:24:57.616,22932,22933,22932,1,-1
2024-10-30 15:24:57.705,22932,22933,22933,2,2
2024-10-30 15:24:57.762,22932,22933,22933,2,2
2024-10-30 15:25:00.879,22933,22934,22934,1,1
2024-10-30 15:25:00.879,22933,22934,22935,4,4
2024-10-30 15:25:00.920,22935,22936,22936,3,3
2024-10-30 15:25:00.966,22935,22936,22936,1,1
2024-10-30 15:25:01.110,22936,22937,22937,1,1
2024-10-30 15:25:01.236,22936,22937,22937,2,2
2024-10-30 15:25:01.256,22936,22937,22937,1,1
2024-10-30 15:25:01.266,22936,22937,22937,3,3
2024-10-30 15:25:01.269,22936,22937,22935,3,-3
2024-10-30 15:25:01.279,22936,22937,22934,1,-1
2024-10-30 15:25:01.300,22934,22936,22934,1,-1
2024-10-30 15:25:01.306,22934,22936,22934,1,-1
2024-10-30 15:25:01.316,22934,22936,22934,1,-1
2024-10-30 15:25:01.328,22934,22936,22933,1,-1
2024-10-30 15:25:01.551,22933,22936,22933,2,-2
2024-10-30 15:25:01.950,22932,22935,22932,1,-1
2024-10-30 15:25:02.935,22932,22935,22935,1,1
2024-10-30 15:25:03.055,22933,22935,22933,1,-1
2024-10-30 15:25:03.055,22933,22935,22932,1,-1
2024-10-30 15:25:11.116,22932,22933,22933,1,1
2024-10-30 15:25:11.795,22933,22935,22932,5,-5
2024-10-30 15:25:11.795,22933,22935,22933,1,-1
2024-10-30 15:25:14.599,22932,22933,22933,1,1
2024-10-30 15:25:14.664,22932,22933,22932,1,-1
2024-10-30 15:25:14.667,22932,22933,22932,1,-1
2024-10-30 15:25:15.143,22931,22932,22932,1,1
2024-10-30 15:25:15.891,22931,22932,22932,2,2
2024-10-30 15:25:17.876,22931,22933,22933,1,1
2024-10-30 15:25:17.912,22931,22933,22933,1,1
2024-10-30 15:25:18.723,22932,22935,22932,1,-1
2024-10-30 15:25:19.814,22931,22932,22932,1,1
2024-10-30 15:25:21.166,22931,22932,22931,5,-5
2024-10-30 15:25:22.832,22931,22932,22931,2,-2
2024-10-30 15:25:22.875,22931,22932,22930,10,-10
2024-10-30 15:25:22.875,22931,22932,22929,1,-1
2024-10-30 15:25:23.300,22928,22930,22930,1,1
2024-10-30 15:25:30.297,22928,22929,22929,2,2
2024-10-30 15:25:34.435,22928,22929,22928,2,-2
2024-10-30 15:25:34.496,22928,22929,22928,2,-2
2024-10-30 15:25:34.497,22928,22929,22928,4,-4
2024-10-30 15:25:34.558,22927,22928,22927,1,-1
2024-10-30 15:25:34.559,22927,22928,22927,2,-2
2024-10-30 15:25:34.559,22927,22928,22927,2,-2
2024-10-30 15:25:34.559,22927,22928,22927,1,-1
2024-10-30 15:25:34.560,22927,22928,22927,6,-6
2024-10-30 15:25:34.564,22927,22928,22926,2,-2
2024-10-30 15:25:34.638,22927,22928,22926,1,-1
2024-10-30 15:25:34.698,22924,22927,22927,1,1
2024-10-30 15:25:34.750,22924,22927,22928,1,1
2024-10-30 15:25:34.760,22924,22927,22926,2,2
2024-10-30 15:25:34.828,22926,22928,22928,1,1
2024-10-30 15:25:39.149,22925,22927,22925,2,-2
2024-10-30 15:25:39.150,22925,22927,22925,3,-3
2024-10-30 15:25:39.187,22924,22926,22924,1,-1
2024-10-30 15:25:40.200,22924,22925,22925,1,1
2024-10-30 15:25:40.846,22925,22926,22925,1,-1
2024-10-30 15:25:41.493,22925,22926,22925,1,-1
2024-10-30 15:25:41.699,22925,22928,22925,2,-2
2024-10-30 15:25:42.272,22924,22926,22924,1,-1
2024-10-30 15:25:42.291,22924,22926,22926,3,3
2024-10-30 15:25:42.291,22924,22926,22927,4,4
2024-10-30 15:25:43.884,22925,22927,22925,1,-1
2024-10-30 15:25:43.884,22925,22927,22924,1,-1
2024-10-30 15:25:44.862,22924,22925,22925,1,1
2024-10-30 15:25:44.916,22924,22926,22924,1,-1
2024-10-30 15:25:45.521,22925,22926,22925,1,-1
2024-10-30 15:25:46.365,22924,22926,22924,2,-2
2024-10-30 15:25:47.336,22923,22925,22925,1,1
2024-10-30 15:25:47.364,22923,22925,22926,1,1
2024-10-30 15:25:47.630,22925,22927,22925,1,-1
2024-10-30 15:25:47.630,22925,22927,22925,1,-1
2024-10-30 15:25:47.633,22925,22927,22927,1,1
2024-10-30 15:25:52.598,22926,22927,22927,1,1
2024-10-30 15:25:54.528,22927,22928,22928,2,2
2024-10-30 15:25:56.915,22928,22929,22929,1,1
2024-10-30 15:25:57.799,22927,22929,22929,1,1
2024-10-30 15:25:59.002,22929,22930,22930,2,2
2024-10-30 15:25:59.003,22929,22930,22930,4,4
2024-10-30 15:25:59.208,22930,22932,22931,1,1
2024-10-30 15:25:59.547,22929,22932,22929,1,-1
2024-10-30 15:26:00.581,22930,22933,22933,1,1
2024-10-30 15:26:02.517,22931,22933,22930,4,-4
2024-10-30 15:26:02.517,22931,22933,22929,3,-3
2024-10-30 15:26:02.517,22931,22933,22931,3,-3
2024-10-30 15:26:02.573,22929,22932,22932,2,2
2024-10-30 15:26:02.729,22930,22933,22933,1,1
2024-10-30 15:26:03.396,22930,22933,22932,1,1
2024-10-30 15:26:05.101,22931,22934,22933,1,1
2024-10-30 15:26:11.919,22931,22933,22933,1,1
2024-10-30 15:26:13.521,22933,22934,22934,1,1
2024-10-30 15:26:14.881,22933,22934,22934,1,1
2024-10-30 15:26:16.171,22934,22935,22935,1,1
2024-10-30 15:26:17.043,22934,22936,22936,1,1
2024-10-30 15:26:17.863,22934,22935,22935,2,2
2024-10-30 15:26:17.968,22934,22936,22936,2,2
2024-10-30 15:26:22.145,22934,22935,22935,1,1
2024-10-30 15:26:22.446,22934,22935,22935,1,1
2024-10-30 15:26:25.738,22934,22935,22934,1,-1
2024-10-30 15:26:26.415,22933,22934,22934,1,1
2024-10-30 15:26:30.490,22933,22935,22933,1,-1
2024-10-30 15:26:32.190,22933,22934,22933,1,-1
2024-10-30 15:26:33.381,22932,22934,22932,1,-1
2024-10-30 15:26:33.423,22931,22933,22933,1,1
2024-10-30 15:26:40.861,22931,22933,22933,1,1
2024-10-30 15:26:41.394,22932,22935,22935,1,1
2024-10-30 15:26:41.590,22932,22935,22932,1,-1
2024-10-30 15:26:41.711,22932,22935,22932,3,-3
2024-10-30 15:26:47.331,22933,22935,22935,1,1
2024-10-30 15:26:48.616,22934,22935,22935,1,1
2024-10-30 15:26:49.044,22935,22936,22936,2,2
2024-10-30 15:26:52.607,22935,22936,22936,1,1
2024-10-30 15:26:53.287,22935,22937,22937,1,1
2024-10-30 15:26:53.287,22935,22937,22937,4,4
2024-10-30 15:26:53.418,22937,22939,22939,4,4
2024-10-30 15:26:53.425,22937,22939,22940,4,4
2024-10-30 15:26:57.021,22939,22941,22941,2,2
2024-10-30 15:26:58.504,22940,22942,22942,1,1
2024-10-30 15:27:07.210,22943,22945,22943,1,-1
2024-10-30 15:27:08.138,22943,22945,22945,1,1
2024-10-30 15:27:11.083,22944,22945,22945,1,1
2024-10-30 15:27:11.083,22944,22945,22945,1,1
2024-10-30 15:27:11.084,22944,22945,22945,2,2
2024-10-30 15:27:11.084,22944,22945,22945,2,2
2024-10-30 15:27:11.414,22944,22946,22946,1,1
2024-10-30 15:27:11.789,22944,22946,22944,1,-1
2024-10-30 15:27:17.838,22944,22945,22945,3,3
2024-10-30 15:27:19.474,22945,22946,22946,1,1
2024-10-30 15:27:19.843,22945,22946,22946,1,1
2024-10-30 15:27:20.474,22945,22947,22947,1,1
2024-10-30 15:27:20.855,22945,22947,22947,1,1
2024-10-30 15:27:21.679,22946,22947,22946,2,-2
2024-10-30 15:27:23.340,22946,22947,22947,1,1
2024-10-30 15:27:23.836,22947,22948,22947,1,-1
2024-10-30 15:27:24.257,22947,22948,22947,1,-1
2024-10-30 15:27:25.742,22947,22948,22948,2,2
2024-10-30 15:27:25.743,22947,22948,22948,1,1
2024-10-30 15:27:25.838,22947,22950,22950,2,2
2024-10-30 15:27:25.918,22948,22950,22950,3,3
2024-10-30 15:27:26.525,22948,22951,22948,2,-2
2024-10-30 15:27:27.142,22948,22950,22950,1,1
2024-10-30 15:27:28.748,22949,22951,22951,1,1
2024-10-30 15:27:28.833,22949,22951,22950,1,1
2024-10-30 15:27:29.190,22949,22950,22950,1,1
2024-10-30 15:27:32.601,22949,22950,22949,1,-1
2024-10-30 15:27:33.269,22948,22949,22948,1,-1
2024-10-30 15:27:33.850,22947,22948,22948,3,3
2024-10-30 15:27:33.850,22947,22948,22949,1,1
2024-10-30 15:27:33.945,22947,22949,22949,2,2
2024-10-30 15:27:34.125,22947,22949,22948,1,1
2024-10-30 15:27:34.125,22947,22949,22949,2,2
2024-10-30 15:27:36.025,22948,22950,22948,1,-1
2024-10-30 15:27:36.738,22947,22950,22950,1,1
2024-10-30 15:27:38.421,22948,22949,22948,1,-1
2024-10-30 15:27:41.422,22947,22948,22947,2,-2
2024-10-30 15:27:41.422,22947,22948,22947,1,-1
2024-10-30 15:27:55.516,22948,22949,22949,1,1
2024-10-30 15:27:57.761,22948,22949,22948,1,-1
2024-10-30 15:27:58.342,22946,22949,22949,2,2
2024-10-30 15:28:01.945,22948,22949,22949,2,2
2024-10-30 15:28:02.234,22949,22950,22950,1,1
2024-10-30 15:28:02.587,22949,22950,22950,3,3
2024-10-30 15:28:02.587,22949,22950,22950,2,2
2024-10-30 15:28:03.189,22950,22951,22951,8,8
2024-10-30 15:28:03.190,22950,22951,22952,2,2
2024-10-30 15:28:03.360,22952,22953,22953,1,1
2024-10-30 15:28:05.026,22952,22953,22953,1,1
2024-10-30 15:28:05.316,22951,22954,22952,1,-1
2024-10-30 15:28:10.093,22952,22953,22953,1,1
2024-10-30 15:28:10.858,22953,22954,22954,1,1
2024-10-30 15:28:11.044,22954,22955,22955,1,1
2024-10-30 15:28:11.048,22954,22955,22956,1,1
2024-10-30 15:28:12.477,22954,22957,22957,1,1
2024-10-30 15:28:17.881,22953,22954,22953,1,-1
2024-10-30 15:28:18.435,22953,22954,22954,2,2
2024-10-30 15:28:20.596,22954,22955,22955,1,1
2024-10-30 15:28:21.048,22954,22955,22954,1,-1
2024-10-30 15:28:26.488,22952,22954,22952,1,-1
2024-10-30 15:28:29.283,22952,22953,22953,1,1
2024-10-30 15:28:29.283,22952,22953,22954,4,4
2024-10-30 15:28:36.342,22954,22956,22954,1,-1
2024-10-30 15:28:36.342,22954,22956,22954,2,-2
2024-10-30 15:28:36.342,22954,22956,22954,2,-2
2024-10-30 15:28:47.394,22954,22956,22956,1,1
2024-10-30 15:28:47.410,22955,22956,22956,1,1
2024-10-30 15:28:47.798,22955,22957,22957,4,4
2024-10-30 15:28:48.162,22956,22958,22956,1,-1
2024-10-30 15:28:53.289,22955,22957,22957,1,1
2024-10-30 15:28:56.747,22954,22956,22954,1,-1
2024-10-30 15:28:57.297,22954,22955,22954,1,-1
2024-10-30 15:28:58.014,22953,22954,22953,1,-1
2024-10-30 15:28:59.018,22952,22953,22953,1,1
2024-10-30 15:29:04.245,22952,22953,22952,1,-1
2024-10-30 15:29:06.427,22951,22952,22951,2,-2
2024-10-30 15:29:10.049,22950,22951,22950,1,-1
2024-10-30 15:29:10.378,22948,22951,22950,1,1
2024-10-30 15:29:11.760,22950,22951,22950,1,-1
2024-10-30 15:29:13.241,22949,22951,22949,1,-1
2024-10-30 15:29:13.241,22949,22951,22948,1,-1
2024-10-30 15:29:14.266,22949,22950,22950,1,1
2024-10-30 15:29:15.476,22948,22951,22951,1,1
2024-10-30 15:29:17.187,22950,22952,22950,1,-1
2024-10-30 15:29:18.721,22950,22953,22950,1,-1
2024-10-30 15:29:21.031,22950,22953,22951,1,-1
2024-10-30 15:29:22.823,22951,22953,22953,1,1
2024-10-30 15:29:24.061,22952,22954,22952,1,-1
2024-10-30 15:29:26.138,22951,22954,22953,1,1
2024-10-30 15:29:30.365,22952,22953,22952,1,-1
2024-10-30 15:29:31.112,22951,22952,22951,1,-1
2024-10-30 15:29:35.787,22950,22951,22950,1,-1
2024-10-30 15:29:37.682,22949,22950,22950,2,2
2024-10-30 15:29:38.295,22949,22951,22951,1,1
2024-10-30 15:29:45.361,22948,22949,22949,1,1
2024-10-30 15:29:47.783,22949,22950,22949,1,-1
2024-10-30 15:29:47.783,22949,22950,22948,4,-4
2024-10-30 15:29:51.962,22949,22950,22949,1,-1
2024-10-30 15:29:55.605,22948,22949,22949,2,2
2024-10-30 15:29:56.434,22948,22949,22949,2,2
2024-10-30 15:29:58.741,22950,22952,22950,1,-1
2024-10-30 15:30:00.913,22948,22950,22948,1,-1
2024-10-30 15:30:01.191,22947,22948,22947,1,-1
2024-10-30 15:30:01.192,22947,22948,22946,1,-1
2024-10-30 15:30:01.192,22947,22948,22946,1,-1
2024-10-30 15:30:01.547,22947,22950,22947,1,-1
2024-10-30 15:30:01.622,22947,22950,22947,1,-1
2024-10-30 15:30:01.798,22946,22948,22946,1,-1
2024-10-30 15:30:02.048,22946,22949,22946,1,-1
2024-10-30 15:30:03.129,22946,22948,22946,2,-2
2024-10-30 15:30:04.564,22945,22946,22945,7,-7
2024-10-30 15:30:08.175,22944,22946,22946,1,1
2024-10-30 15:30:19.720,22942,22944,22944,1,1
2024-10-30 15:30:26.795,22942,22943,22942,1,-1
2024-10-30 15:30:27.514,22940,22943,22943,1,1
2024-10-30 15:30:32.005,22940,22942,22942,2,2
2024-10-30 15:30:33.440,22940,22942,22942,2,2
2024-10-30 15:30:33.440,22940,22942,22943,1,1
2024-10-30 15:30:34.161,22941,22943,22941,1,-1
2024-10-30 15:30:34.301,22941,22943,22941,1,-1
2024-10-30 15:30:37.897,22940,22942,22940,1,-1
2024-10-30 15:30:38.424,22941,22942,22941,1,-1
2024-10-30 15:30:38.788,22940,22942,22940,1,-1
2024-10-30 15:30:40.868,22940,22941,22940,2,-2
