2020-08-11 15:00:00.046,12707,12709,12707,212
2020-08-11 15:00:00.047,12707,12708,12708,1
2020-08-11 15:00:00.110,12707,12708,12708,1
2020-08-11 15:00:00.200,12707,12709,12708,1
2020-08-11 15:00:00.201,12707,12709,12707,5
2020-08-11 15:00:00.265,12707,12709,12707,1
2020-08-11 15:00:00.270,12707,12709,12707,17
2020-08-11 15:00:00.285,12706,12707,12706,11
2020-08-11 15:00:00.285,12706,12707,12706,1
2020-08-11 15:00:00.309,12706,12707,12706,3
2020-08-11 15:00:00.309,12706,12707,12707,7
2020-08-11 15:00:00.309,12706,12707,12707,10
2020-08-11 15:00:00.336,12706,12707,12706,1
2020-08-11 15:00:00.404,12706,12707,12706,1
2020-08-11 15:00:00.405,12706,12707,12706,2
2020-08-11 15:00:00.455,12706,12707,12705,2
2020-08-11 15:00:00.485,12706,12707,12705,1
2020-08-11 15:00:00.548,12705,12707,12705,1
2020-08-11 15:00:00.550,12705,12707,12705,1
2020-08-11 15:00:00.610,12705,12707,12706,1
2020-08-11 15:00:00.617,12705,12707,12706,1
2020-08-11 15:00:00.627,12705,12707,12705,2
2020-08-11 15:00:00.650,12705,12707,12705,4
2020-08-11 15:00:00.663,12704,12706,12704,8
2020-08-11 15:00:00.669,12704,12706,12704,1
2020-08-11 15:00:00.669,12704,12706,12703,1
2020-08-11 15:00:00.675,12704,12706,12703,2
2020-08-11 15:00:00.677,12704,12706,12703,4
2020-08-11 15:00:00.690,12704,12706,12703,2
2020-08-11 15:00:00.722,12704,12706,12703,2
2020-08-11 15:00:00.739,12704,12706,12702,2
2020-08-11 15:00:00.763,12704,12706,12703,1
2020-08-11 15:00:00.781,12702,12704,12702,6
2020-08-11 15:00:00.809,12702,12704,12701,1
2020-08-11 15:00:00.823,12702,12704,12701,1
2020-08-11 15:00:00.838,12702,12704,12703,5
2020-08-11 15:00:00.838,12702,12704,12704,5
2020-08-11 15:00:00.846,12702,12704,12702,1
2020-08-11 15:00:00.846,12702,12704,12701,7
2020-08-11 15:00:00.847,12702,12704,12701,1
2020-08-11 15:00:00.881,12702,12704,12701,1
2020-08-11 15:00:00.885,12702,12704,12701,2
2020-08-11 15:00:00.889,12702,12704,12703,1
2020-08-11 15:00:00.895,12702,12704,12704,1
2020-08-11 15:00:00.898,12702,12704,12703,2
2020-08-11 15:00:00.904,12704,12705,12703,2
2020-08-11 15:00:00.959,12704,12705,12703,1
2020-08-11 15:00:00.968,12704,12705,12705,1
2020-08-11 15:00:00.991,12704,12705,12704,2
2020-08-11 15:00:00.994,12704,12705,12704,1
2020-08-11 15:00:00.994,12704,12705,12704,1
2020-08-11 15:00:01.015,12704,12705,12704,1
2020-08-11 15:00:01.015,12704,12705,12703,1
2020-08-11 15:00:01.029,12703,12706,12703,1
2020-08-11 15:00:01.057,12703,12706,12704,1
2020-08-11 15:00:01.070,12703,12706,12704,4
2020-08-11 15:00:01.070,12703,12706,12703,4
2020-08-11 15:00:01.074,12703,12706,12704,3
2020-08-11 15:00:01.082,12703,12706,12704,1
2020-08-11 15:00:01.122,12703,12706,12704,1
2020-08-11 15:00:01.138,12703,12706,12703,1
2020-08-11 15:00:01.179,12703,12706,12705,1
2020-08-11 15:00:01.203,12703,12706,12703,1
2020-08-11 15:00:01.263,12703,12706,12704,1
2020-08-11 15:00:01.265,12703,12706,12703,1
2020-08-11 15:00:01.297,12703,12705,12703,3
2020-08-11 15:00:01.311,12703,12705,12703,1
2020-08-11 15:00:01.325,12703,12705,12705,3
2020-08-11 15:00:01.351,12703,12705,12702,1
2020-08-11 15:00:01.378,12703,12705,12702,2
2020-08-11 15:00:01.379,12703,12705,12702,1
2020-08-11 15:00:01.379,12703,12705,12702,1
2020-08-11 15:00:01.380,12703,12705,12701,4
2020-08-11 15:00:01.390,12703,12705,12700,1
2020-08-11 15:00:01.435,12700,12703,12700,2
2020-08-11 15:00:01.436,12700,12703,12703,4
2020-08-11 15:00:01.436,12700,12703,12704,4
2020-08-11 15:00:01.436,12700,12703,12705,1
2020-08-11 15:00:01.436,12700,12703,12706,1
2020-08-11 15:00:01.438,12700,12703,12703,1
2020-08-11 15:00:01.442,12700,12703,12703,2
2020-08-11 15:00:01.472,12700,12703,12706,1
2020-08-11 15:00:01.474,12700,12703,12703,2
2020-08-11 15:00:01.477,12700,12703,12703,2
2020-08-11 15:00:01.511,12700,12703,12704,10
2020-08-11 15:00:01.513,12700,12703,12701,1
2020-08-11 15:00:01.519,12700,12703,12701,1
2020-08-11 15:00:01.521,12700,12703,12706,1
2020-08-11 15:00:01.522,12700,12703,12701,1
2020-08-11 15:00:01.576,12701,12706,12701,2
2020-08-11 15:00:01.576,12701,12706,12700,2
2020-08-11 15:00:01.638,12701,12706,12703,1
2020-08-11 15:00:01.639,12701,12706,12703,3
2020-08-11 15:00:01.690,12701,12704,12701,3
2020-08-11 15:00:01.694,12701,12704,12703,4
2020-08-11 15:00:01.705,12701,12704,12704,5
2020-08-11 15:00:01.705,12701,12704,12706,1
2020-08-11 15:00:01.754,12701,12704,12704,1
2020-08-11 15:00:01.754,12701,12704,12703,1
2020-08-11 15:00:01.782,12703,12707,12703,4
2020-08-11 15:00:01.782,12703,12707,12702,1
2020-08-11 15:00:01.785,12703,12707,12704,2
2020-08-11 15:00:01.787,12703,12707,12704,2
2020-08-11 15:00:01.798,12703,12707,12702,1
2020-08-11 15:00:01.895,12703,12707,12701,1
2020-08-11 15:00:01.965,12701,12706,12706,5
2020-08-11 15:00:01.983,12701,12706,12706,1
2020-08-11 15:00:01.983,12701,12706,12707,7
2020-08-11 15:00:01.985,12701,12706,12707,3
2020-08-11 15:00:02.023,12701,12706,12705,1
2020-08-11 15:00:02.081,12705,12707,12708,1
2020-08-11 15:00:02.083,12705,12707,12708,1
2020-08-11 15:00:02.089,12705,12707,12709,1
2020-08-11 15:00:02.131,12705,12707,12707,1
2020-08-11 15:00:02.133,12705,12707,12707,1
2020-08-11 15:00:02.151,12707,12709,12709,11
2020-08-11 15:00:02.152,12707,12709,12710,3
2020-08-11 15:00:02.183,12707,12709,12709,1
2020-08-11 15:00:02.285,12709,12711,12709,1
2020-08-11 15:00:02.285,12709,12711,12708,4
2020-08-11 15:00:02.304,12709,12711,12708,4
2020-08-11 15:00:02.433,12708,12709,12708,1
2020-08-11 15:00:02.438,12708,12709,12706,1
2020-08-11 15:00:02.531,12706,12708,12706,2
2020-08-11 15:00:02.544,12706,12708,12707,6
2020-08-11 15:00:02.559,12706,12708,12707,1
2020-08-11 15:00:02.559,12706,12708,12707,1
2020-08-11 15:00:02.559,12706,12708,12707,1
2020-08-11 15:00:02.560,12706,12708,12707,1
2020-08-11 15:00:02.563,12706,12708,12706,3
2020-08-11 15:00:02.576,12706,12708,12705,1
2020-08-11 15:00:02.583,12706,12708,12704,1
2020-08-11 15:00:02.597,12706,12708,12705,1
2020-08-11 15:00:02.674,12704,12706,12705,2
2020-08-11 15:00:02.674,12704,12706,12705,2
2020-08-11 15:00:02.674,12704,12706,12704,1
2020-08-11 15:00:02.681,12704,12706,12705,1
2020-08-11 15:00:02.789,12705,12706,12705,4
2020-08-11 15:00:02.808,12705,12706,12706,1
2020-08-11 15:00:02.834,12705,12706,12706,5
2020-08-11 15:00:02.834,12705,12706,12707,2
2020-08-11 15:00:02.989,12707,12708,12707,7
2020-08-11 15:00:03.123,12707,12708,12707,1
2020-08-11 15:00:03.195,12707,12708,12707,2
2020-08-11 15:00:03.227,12707,12708,12708,3
2020-08-11 15:00:03.290,12707,12708,12707,2
2020-08-11 15:00:03.379,12707,12708,12707,1
2020-08-11 15:00:03.392,12707,12708,12707,1
2020-08-11 15:00:03.491,12707,12708,12707,1
2020-08-11 15:00:03.584,12706,12708,12709,1
2020-08-11 15:00:03.596,12706,12708,12708,2
2020-08-11 15:00:03.596,12706,12708,12710,7
2020-08-11 15:00:03.597,12706,12708,12710,1
2020-08-11 15:00:03.633,12706,12708,12709,1
2020-08-11 15:00:03.661,12709,12711,12709,1
2020-08-11 15:00:03.804,12708,12709,12708,1
2020-08-11 15:00:03.845,12708,12709,12708,1
2020-08-11 15:00:03.992,12707,12709,12707,1
2020-08-11 15:00:04.025,12707,12709,12707,1
2020-08-11 15:00:04.031,12707,12709,12707,1
2020-08-11 15:00:04.097,12707,12709,12709,1
2020-08-11 15:00:04.100,12707,12709,12710,1
2020-08-11 15:00:04.139,12707,12709,12711,3
2020-08-11 15:00:04.163,12710,12712,12710,1
2020-08-11 15:00:04.182,12710,12712,12710,10
2020-08-11 15:00:04.182,12710,12712,12709,5
2020-08-11 15:00:04.183,12710,12712,12709,1
2020-08-11 15:00:04.222,12710,12712,12708,1
2020-08-11 15:00:04.314,12708,12709,12708,1
2020-08-11 15:00:04.388,12708,12709,12707,1
2020-08-11 15:00:04.498,12707,12708,12708,2
2020-08-11 15:00:04.498,12707,12708,12709,1
2020-08-11 15:00:04.544,12708,12709,12709,8
2020-08-11 15:00:05.465,12708,12710,12710,1
2020-08-11 15:00:05.466,12708,12710,12710,1
2020-08-11 15:00:06.122,12708,12710,12708,2
2020-08-11 15:00:06.123,12708,12710,12708,5
2020-08-11 15:00:06.150,12708,12710,12708,1
2020-08-11 15:00:06.761,12707,12709,12707,3
2020-08-11 15:00:06.761,12707,12709,12707,1
2020-08-11 15:00:06.762,12707,12709,12707,5
2020-08-11 15:00:06.762,12707,12709,12707,3
2020-08-11 15:00:06.879,12705,12708,12708,1
2020-08-11 15:00:07.039,12705,12708,12708,1
2020-08-11 15:00:07.268,12706,12707,12707,1
2020-08-11 15:00:07.268,12706,12707,12708,3
2020-08-11 15:00:07.363,12708,12709,12708,16
2020-08-11 15:00:08.764,12706,12708,12708,1
2020-08-11 15:00:08.786,12706,12708,12708,1
2020-08-11 15:00:08.867,12706,12708,12708,3
2020-08-11 15:00:09.386,12706,12708,12706,1
2020-08-11 15:00:09.514,12706,12708,12708,1
2020-08-11 15:00:10.138,12707,12709,12709,1
2020-08-11 15:00:10.138,12707,12709,12709,1
2020-08-11 15:00:10.140,12707,12709,12710,3
2020-08-11 15:00:10.253,12709,12711,12709,1
2020-08-11 15:00:10.517,12709,12711,12709,1
2020-08-11 15:00:10.868,12709,12711,12711,1
2020-08-11 15:00:11.057,12709,12711,12711,1
2020-08-11 15:00:11.772,12709,12711,12711,7
2020-08-11 15:00:12.151,12711,12712,12712,2
2020-08-11 15:00:12.489,12711,12713,12711,5
2020-08-11 15:00:12.489,12711,12713,12710,1
2020-08-11 15:00:12.660,12709,12710,12710,5
2020-08-11 15:00:13.224,12709,12710,12709,2
2020-08-11 15:00:13.224,12709,12710,12709,1
2020-08-11 15:00:13.224,12709,12710,12709,2
2020-08-11 15:00:13.308,12708,12709,12709,1
2020-08-11 15:00:13.308,12708,12709,12710,1
2020-08-11 15:00:13.536,12708,12709,12708,1
2020-08-11 15:00:13.776,12707,12708,12708,1
2020-08-11 15:00:13.992,12707,12710,12707,2
2020-08-11 15:00:14.469,12707,12710,12708,1
2020-08-11 15:00:15.409,12708,12710,12708,1
2020-08-11 15:00:16.206,12709,12711,12709,1
2020-08-11 15:00:17.027,12709,12710,12710,1
2020-08-11 15:00:17.098,12709,12710,12710,2
2020-08-11 15:00:17.903,12709,12710,12709,2
2020-08-11 15:00:17.904,12709,12710,12709,1
2020-08-11 15:00:17.904,12709,12710,12709,6
2020-08-11 15:00:18.276,12708,12709,12709,1
2020-08-11 15:00:18.549,12709,12710,12710,2
2020-08-11 15:00:18.772,12710,12711,12710,1
2020-08-11 15:00:19.094,12710,12711,12710,2
2020-08-11 15:00:19.779,12709,12710,12709,5
2020-08-11 15:00:20.232,12708,12710,12710,5
2020-08-11 15:00:20.332,12709,12710,12710,1
2020-08-11 15:00:20.332,12709,12710,12711,4
2020-08-11 15:00:20.449,12709,12711,12711,5
2020-08-11 15:00:20.644,12710,12712,12711,1
2020-08-11 15:00:20.682,12709,12711,12711,2
2020-08-11 15:00:20.844,12710,12712,12710,1
2020-08-11 15:00:20.869,12710,12712,12710,3
2020-08-11 15:00:21.498,12709,12710,12709,1
2020-08-11 15:00:22.063,12709,12711,12711,1
2020-08-11 15:00:22.385,12709,12711,12709,2
2020-08-11 15:00:22.825,12709,12711,12709,1
2020-08-11 15:00:23.566,12709,12711,12711,2
2020-08-11 15:00:23.943,12710,12712,12712,1
2020-08-11 15:00:24.026,12711,12712,12712,1
2020-08-11 15:00:24.334,12711,12713,12711,1
2020-08-11 15:00:25.402,12711,12713,12713,3
2020-08-11 15:00:25.402,12711,12713,12713,5
2020-08-11 15:00:25.544,12712,12714,12713,2
2020-08-11 15:00:25.544,12712,12714,12713,1
2020-08-11 15:00:25.859,12712,12714,12712,2
2020-08-11 15:00:26.705,12712,12714,12712,1
2020-08-11 15:00:27.084,12712,12714,12713,1
2020-08-11 15:00:27.284,12712,12714,12714,1
2020-08-11 15:00:27.442,12713,12714,12714,2
2020-08-11 15:00:27.613,12714,12715,12715,1
2020-08-11 15:00:27.619,12714,12715,12715,1
2020-08-11 15:00:28.261,12714,12715,12714,1
2020-08-11 15:00:29.223,12714,12715,12715,2
2020-08-11 15:00:29.333,12714,12715,12715,2
2020-08-11 15:00:29.445,12714,12715,12715,1
2020-08-11 15:00:29.445,12714,12715,12715,3
2020-08-11 15:00:29.524,12714,12715,12715,1
2020-08-11 15:00:29.529,12714,12715,12715,1
2020-08-11 15:00:29.973,12714,12716,12716,1
2020-08-11 15:00:30.368,12714,12716,12716,1
2020-08-11 15:00:30.666,12714,12716,12714,1
2020-08-11 15:00:31.001,12714,12716,12716,1
2020-08-11 15:00:31.710,12713,12715,12714,1
2020-08-11 15:00:31.776,12713,12714,12713,1
2020-08-11 15:00:33.057,12713,12714,12714,1
2020-08-11 15:00:33.311,12713,12714,12713,1
2020-08-11 15:00:33.315,12713,12714,12714,4
2020-08-11 15:00:33.653,12712,12714,12714,2
2020-08-11 15:00:34.006,12712,12714,12714,2
2020-08-11 15:00:34.615,12712,12714,12713,1
2020-08-11 15:00:34.615,12712,12714,12714,4
2020-08-11 15:00:36.038,12712,12714,12712,2
2020-08-11 15:00:36.649,12712,12714,12712,1
2020-08-11 15:00:36.690,12712,12714,12714,1
2020-08-11 15:00:36.815,12713,12714,12713,2
2020-08-11 15:00:37.044,12712,12713,12712,2
2020-08-11 15:00:37.072,12712,12713,12712,13
2020-08-11 15:00:37.082,12712,12713,12712,1
2020-08-11 15:00:37.473,12711,12713,12713,4
2020-08-11 15:00:38.532,12712,12714,12713,1
2020-08-11 15:00:39.554,12711,12713,12713,1
2020-08-11 15:00:40.227,12712,12713,12712,1
2020-08-11 15:00:40.267,12712,12713,12712,1
2020-08-11 15:00:40.511,12712,12713,12712,1
2020-08-11 15:00:40.511,12712,12713,12711,4
2020-08-11 15:00:41.188,12712,12714,12714,1
2020-08-11 15:00:41.553,12712,12714,12714,1
2020-08-11 15:00:45.447,12712,12713,12713,1
2020-08-11 15:00:45.524,12712,12713,12712,1
2020-08-11 15:00:46.427,12712,12714,12714,3
2020-08-11 15:00:46.718,12712,12714,12714,1
2020-08-11 15:00:47.437,12712,12714,12714,2
2020-08-11 15:00:47.626,12712,12714,12714,5
2020-08-11 15:00:48.357,12713,12714,12713,1
2020-08-11 15:00:50.349,12713,12714,12714,6
2020-08-11 15:00:50.585,12713,12715,12714,1
2020-08-11 15:00:51.382,12713,12715,12713,1
2020-08-11 15:00:53.454,12713,12714,12714,1
2020-08-11 15:00:53.727,12713,12714,12714,1
2020-08-11 15:00:56.272,12713,12714,12714,1
2020-08-11 15:00:56.512,12713,12714,12713,2
2020-08-11 15:00:57.773,12713,12714,12713,4
2020-08-11 15:00:57.773,12713,12714,12712,10
2020-08-11 15:00:57.773,12713,12714,12711,2
2020-08-11 15:00:57.802,12711,12713,12711,2
2020-08-11 15:00:57.803,12711,12713,12711,3
2020-08-11 15:00:57.807,12711,12713,12711,2
2020-08-11 15:00:57.813,12711,12713,12710,3
2020-08-11 15:00:57.835,12711,12713,12713,1
2020-08-11 15:00:57.897,12711,12713,12710,4
2020-08-11 15:00:58.130,12709,12713,12711,1
2020-08-11 15:00:59.115,12709,12711,12709,1
2020-08-11 15:00:59.321,12709,12711,12709,2
2020-08-11 15:00:59.324,12709,12711,12711,3
2020-08-11 15:00:59.353,12709,12711,12709,2
2020-08-11 15:00:59.357,12709,12711,12709,2
2020-08-11 15:00:59.358,12709,12711,12709,2
2020-08-11 15:00:59.366,12709,12711,12709,1
2020-08-11 15:00:59.390,12709,12711,12708,1
2020-08-11 15:00:59.981,12708,12711,12708,1
2020-08-11 15:01:00.012,12708,12711,12708,2
2020-08-11 15:01:00.025,12708,12711,12708,1
2020-08-11 15:01:00.029,12708,12709,12709,2
2020-08-11 15:01:00.033,12708,12709,12708,1
2020-08-11 15:01:00.033,12708,12709,12708,1
2020-08-11 15:01:00.033,12708,12709,12708,3
2020-08-11 15:01:00.042,12708,12709,12707,1
2020-08-11 15:01:00.043,12708,12709,12707,1
2020-08-11 15:01:00.061,12708,12709,12707,1
2020-08-11 15:01:00.070,12708,12709,12707,1
2020-08-11 15:01:00.095,12708,12709,12708,2
2020-08-11 15:01:00.155,12708,12710,12710,1
2020-08-11 15:01:00.156,12708,12710,12710,1
2020-08-11 15:01:00.163,12708,12710,12710,1
2020-08-11 15:01:00.163,12708,12710,12711,1
2020-08-11 15:01:00.164,12708,12710,12711,1
2020-08-11 15:01:00.164,12708,12710,12712,2
2020-08-11 15:01:00.174,12708,12710,12710,1
2020-08-11 15:01:00.181,12708,12710,12709,1
2020-08-11 15:01:00.530,12710,12712,12710,4
2020-08-11 15:01:00.534,12710,12712,12710,1
2020-08-11 15:01:00.534,12710,12712,12709,1
2020-08-11 15:01:00.536,12710,12712,12709,2
2020-08-11 15:01:00.598,12710,12712,12709,1
2020-08-11 15:01:00.598,12710,12712,12708,3
2020-08-11 15:01:00.757,12708,12711,12708,1
2020-08-11 15:01:01.388,12709,12711,12711,1
2020-08-11 15:01:02.421,12709,12711,12711,4
2020-08-11 15:01:02.664,12710,12712,12710,2
2020-08-11 15:01:04.050,12711,12713,12713,1
2020-08-11 15:01:05.071,12712,12714,12712,1
2020-08-11 15:01:05.229,12712,12714,12712,6
2020-08-11 15:01:05.229,12712,12714,12711,2
2020-08-11 15:01:06.046,12711,12712,12712,2
2020-08-11 15:01:06.129,12711,12712,12712,1
2020-08-11 15:01:06.909,12712,12714,12712,1
2020-08-11 15:01:08.326,12711,12712,12711,1
2020-08-11 15:01:10.026,12711,12712,12712,1
2020-08-11 15:01:10.327,12711,12713,12711,1
2020-08-11 15:01:12.108,12711,12712,12712,1
2020-08-11 15:01:13.649,12712,12714,12714,1
2020-08-11 15:01:14.212,12712,12714,12714,1
2020-08-11 15:01:14.341,12713,12714,12713,1
2020-08-11 15:01:14.351,12713,12714,12713,3
2020-08-11 15:01:14.351,12713,12714,12712,9
2020-08-11 15:01:14.704,12711,12713,12711,2
2020-08-11 15:01:17.016,12710,12712,12712,3
2020-08-11 15:01:18.233,12711,12712,12712,1
2020-08-11 15:01:18.253,12711,12712,12712,1
2020-08-11 15:01:18.448,12711,12712,12712,1
2020-08-11 15:01:18.702,12711,12712,12711,1
2020-08-11 15:01:20.847,12711,12712,12712,5
2020-08-11 15:01:23.698,12711,12712,12712,1
2020-08-11 15:01:24.649,12711,12712,12712,1
2020-08-11 15:01:24.776,12712,12713,12713,3
2020-08-11 15:01:29.924,12713,12714,12713,1
2020-08-11 15:01:30.001,12713,12714,12712,1
2020-08-11 15:01:30.233,12711,12713,12713,4
2020-08-11 15:01:31.702,12711,12713,12711,1
2020-08-11 15:01:31.786,12711,12713,12713,1
2020-08-11 15:01:32.207,12711,12713,12713,2
2020-08-11 15:01:32.275,12711,12713,12713,1
2020-08-11 15:01:32.526,12712,12713,12713,1
2020-08-11 15:01:33.026,12712,12713,12713,1
2020-08-11 15:01:33.901,12712,12713,12713,1
2020-08-11 15:01:35.174,12712,12714,12712,4
2020-08-11 15:01:38.244,12713,12714,12713,1
2020-08-11 15:01:41.401,12713,12714,12714,12
2020-08-11 15:01:41.526,12714,12715,12715,5
2020-08-11 15:01:41.527,12714,12715,12715,5
2020-08-11 15:01:41.800,12715,12716,12715,5
2020-08-11 15:01:43.459,12714,12715,12715,1
2020-08-11 15:01:45.720,12714,12715,12715,2
2020-08-11 15:01:47.457,12714,12715,12715,1
2020-08-11 15:01:48.027,12714,12715,12715,1
2020-08-11 15:01:48.696,12714,12715,12715,1
2020-08-11 15:01:48.784,12714,12715,12715,1
2020-08-11 15:01:49.318,12714,12715,12714,2
2020-08-11 15:01:50.343,12713,12715,12715,1
2020-08-11 15:01:51.605,12713,12715,12715,1
2020-08-11 15:01:52.540,12714,12715,12715,1
2020-08-11 15:01:52.691,12714,12715,12715,1
2020-08-11 15:01:53.134,12714,12715,12715,2
2020-08-11 15:01:53.178,12714,12715,12715,1
2020-08-11 15:01:53.747,12715,12716,12716,1
2020-08-11 15:01:54.244,12715,12716,12715,1
2020-08-11 15:01:54.276,12714,12715,12715,2
2020-08-11 15:01:54.327,12714,12715,12715,2
2020-08-11 15:01:54.609,12714,12715,12715,1
2020-08-11 15:01:56.241,12714,12716,12716,17
2020-08-11 15:01:56.241,12714,12716,12717,3
2020-08-11 15:01:56.558,12715,12717,12715,2
2020-08-11 15:01:56.956,12715,12716,12716,1
2020-08-11 15:01:59.578,12715,12716,12716,1
2020-08-11 15:02:00.115,12716,12717,12717,1
2020-08-11 15:02:00.161,12715,12717,12715,1
2020-08-11 15:02:00.233,12715,12717,12715,1
2020-08-11 15:02:00.292,12715,12716,12715,1
2020-08-11 15:02:00.341,12715,12716,12714,7
2020-08-11 15:02:02.283,12714,12716,12716,7
2020-08-11 15:02:02.477,12715,12716,12716,1
2020-08-11 15:02:03.507,12716,12717,12717,1
2020-08-11 15:02:03.914,12716,12717,12717,3
2020-08-11 15:02:03.915,12716,12717,12717,1
2020-08-11 15:02:03.915,12716,12717,12717,1
2020-08-11 15:02:03.915,12716,12717,12717,4
2020-08-11 15:02:07.421,12716,12717,12717,1
2020-08-11 15:02:07.473,12716,12717,12717,1
2020-08-11 15:02:07.863,12717,12718,12718,1
2020-08-11 15:02:07.864,12717,12718,12718,2
2020-08-11 15:02:07.864,12717,12718,12718,9
2020-08-11 15:02:09.407,12717,12719,12719,1
2020-08-11 15:02:09.557,12717,12719,12719,1
2020-08-11 15:02:09.630,12717,12719,12719,11
2020-08-11 15:02:09.630,12717,12719,12720,22
2020-08-11 15:02:09.631,12717,12719,12720,2
2020-08-11 15:02:09.631,12717,12719,12720,1
2020-08-11 15:02:09.632,12717,12719,12720,1
2020-08-11 15:02:09.632,12717,12719,12720,1
2020-08-11 15:02:09.632,12717,12719,12719,1
2020-08-11 15:02:09.725,12719,12720,12719,1
2020-08-11 15:02:09.742,12719,12720,12720,1
2020-08-11 15:02:10.069,12718,12720,12719,1
2020-08-11 15:02:10.479,12718,12720,12720,3
2020-08-11 15:02:10.690,12719,12720,12719,1
2020-08-11 15:02:11.390,12718,12720,12718,3
2020-08-11 15:02:11.554,12718,12720,12720,1
2020-08-11 15:02:11.558,12718,12720,12720,1
2020-08-11 15:02:11.739,12718,12720,12720,1
2020-08-11 15:02:11.793,12717,12719,12719,1
2020-08-11 15:02:14.358,12717,12718,12718,1
2020-08-11 15:02:14.441,12717,12718,12718,1
2020-08-11 15:02:14.727,12717,12718,12718,1
2020-08-11 15:02:15.506,12717,12718,12719,2
2020-08-11 15:02:15.709,12717,12719,12719,1
2020-08-11 15:02:18.017,12717,12718,12718,3
2020-08-11 15:02:19.471,12717,12718,12718,1
2020-08-11 15:02:19.475,12717,12718,12718,2
2020-08-11 15:02:19.624,12717,12718,12718,2
2020-08-11 15:02:20.162,12717,12718,12718,1
2020-08-11 15:02:20.318,12717,12718,12718,4
2020-08-11 15:02:20.318,12717,12718,12719,3
2020-08-11 15:02:20.319,12717,12718,12719,1
2020-08-11 15:02:20.319,12717,12718,12719,5
2020-08-11 15:02:20.319,12717,12718,12719,17
2020-08-11 15:02:20.956,12717,12718,12718,1
2020-08-11 15:02:22.153,12718,12719,12719,1
2020-08-11 15:02:22.529,12718,12720,12720,1
2020-08-11 15:02:23.557,12719,12720,12720,3
2020-08-11 15:02:23.557,12719,12720,12720,1
2020-08-11 15:02:23.626,12719,12720,12721,1
2020-08-11 15:02:23.951,12719,12721,12721,1
2020-08-11 15:02:25.461,12720,12721,12721,1
2020-08-11 15:02:25.551,12720,12721,12721,1
2020-08-11 15:02:26.128,12720,12721,12721,1
2020-08-11 15:02:26.128,12720,12721,12721,2
2020-08-11 15:02:27.094,12721,12722,12722,5
2020-08-11 15:02:27.162,12721,12722,12722,3
2020-08-11 15:02:27.341,12721,12722,12722,1
2020-08-11 15:02:27.342,12721,12722,12722,2
2020-08-11 15:02:27.342,12721,12722,12722,3
2020-08-11 15:02:27.872,12721,12722,12721,4
2020-08-11 15:02:28.500,12720,12722,12722,2
2020-08-11 15:02:29.355,12720,12722,12720,2
2020-08-11 15:02:30.483,12720,12721,12721,4
2020-08-11 15:02:30.901,12720,12721,12720,1
2020-08-11 15:02:31.936,12720,12721,12721,3
2020-08-11 15:02:31.951,12720,12721,12720,1
2020-08-11 15:02:32.794,12720,12722,12722,1
2020-08-11 15:02:33.224,12720,12722,12722,1
2020-08-11 15:02:33.537,12720,12722,12721,1
2020-08-11 15:02:34.600,12720,12722,12722,4
2020-08-11 15:02:34.668,12721,12722,12722,1
2020-08-11 15:02:35.491,12721,12722,12721,1
2020-08-11 15:02:35.740,12721,12722,12722,1
2020-08-11 15:02:38.539,12720,12722,12721,1
2020-08-11 15:02:39.467,12720,12721,12721,1
2020-08-11 15:02:39.857,12720,12722,12722,5
2020-08-11 15:02:40.368,12721,12722,12721,1
2020-08-11 15:02:42.735,12721,12722,12721,1
2020-08-11 15:02:43.464,12721,12722,12721,1
2020-08-11 15:02:43.468,12721,12722,12722,3
2020-08-11 15:02:43.956,12721,12723,12721,1
2020-08-11 15:02:44.876,12721,12723,12721,1
2020-08-11 15:02:46.105,12721,12723,12723,3
2020-08-11 15:02:47.765,12721,12722,12722,1
2020-08-11 15:02:47.776,12722,12723,12723,1
2020-08-11 15:02:48.890,12722,12723,12722,1
2020-08-11 15:02:49.371,12722,12723,12723,1
2020-08-11 15:02:49.487,12722,12723,12722,1
2020-08-11 15:02:51.525,12722,12723,12723,1
2020-08-11 15:02:53.355,12722,12723,12722,4
2020-08-11 15:02:53.833,12721,12723,12723,1
2020-08-11 15:02:54.089,12721,12723,12723,3
2020-08-11 15:02:55.941,12721,12722,12721,3
2020-08-11 15:02:56.046,12721,12722,12721,3
2020-08-11 15:02:56.208,12721,12722,12721,3
2020-08-11 15:02:56.243,12721,12722,12722,1
2020-08-11 15:02:57.352,12720,12721,12721,1
2020-08-11 15:02:57.628,12720,12721,12720,1
2020-08-11 15:03:00.026,12720,12721,12720,24
2020-08-11 15:03:00.026,12720,12721,12720,1
2020-08-11 15:03:00.048,12720,12721,12719,2
2020-08-11 15:03:00.078,12720,12721,12719,1
2020-08-11 15:03:00.292,12719,12720,12719,1
2020-08-11 15:03:00.542,12719,12720,12719,1
2020-08-11 15:03:00.789,12719,12720,12720,1
2020-08-11 15:03:01.453,12719,12720,12720,1
2020-08-11 15:03:01.708,12719,12720,12720,1
2020-08-11 15:03:01.917,12719,12721,12721,1
2020-08-11 15:03:01.999,12719,12721,12719,1
2020-08-11 15:03:02.185,12719,12721,12720,6
2020-08-11 15:03:02.185,12719,12721,12721,2
2020-08-11 15:03:02.365,12719,12721,12719,1
2020-08-11 15:03:03.205,12720,12721,12720,1
2020-08-11 15:03:04.388,12719,12720,12720,1
2020-08-11 15:03:05.012,12719,12720,12719,1
2020-08-11 15:03:06.177,12719,12720,12719,1
2020-08-11 15:03:06.888,12719,12720,12720,3
2020-08-11 15:03:08.575,12719,12720,12720,1
2020-08-11 15:03:09.155,12720,12721,12721,12
2020-08-11 15:03:09.157,12720,12721,12721,1
2020-08-11 15:03:09.422,12721,12722,12721,3
2020-08-11 15:03:13.203,12721,12722,12722,3
2020-08-11 15:03:13.276,12722,12723,12723,4
2020-08-11 15:03:16.032,12722,12724,12724,1
2020-08-11 15:03:18.252,12723,12724,12724,1
2020-08-11 15:03:20.029,12722,12724,12724,1
2020-08-11 15:03:21.500,12722,12723,12723,1
2020-08-11 15:03:21.912,12723,12724,12724,5
2020-08-11 15:03:22.143,12723,12724,12724,1
2020-08-11 15:03:22.984,12724,12725,12724,1
2020-08-11 15:03:23.948,12723,12725,12724,1
2020-08-11 15:03:24.037,12723,12724,12724,3
2020-08-11 15:03:25.474,12724,12725,12724,1
2020-08-11 15:03:25.539,12723,12724,12724,5
2020-08-11 15:03:25.540,12723,12724,12723,1
2020-08-11 15:03:25.768,12723,12725,12725,4
2020-08-11 15:03:26.946,12723,12724,12724,1
2020-08-11 15:03:28.461,12723,12724,12724,1
2020-08-11 15:03:29.270,12723,12724,12724,1
2020-08-11 15:03:29.276,12722,12724,12724,1
2020-08-11 15:03:30.832,12722,12723,12722,5
2020-08-11 15:03:31.363,12721,12723,12723,3
2020-08-11 15:03:31.426,12721,12723,12723,4
2020-08-11 15:03:31.426,12721,12723,12723,1
2020-08-11 15:03:33.937,12723,12724,12723,1
2020-08-11 15:03:35.040,12722,12723,12723,1
2020-08-11 15:03:35.524,12722,12723,12722,1
2020-08-11 15:03:35.624,12721,12723,12723,1
2020-08-11 15:03:36.732,12722,12723,12722,1
2020-08-11 15:03:40.189,12721,12723,12721,3
2020-08-11 15:03:40.629,12721,12722,12722,1
2020-08-11 15:03:45.272,12721,12722,12722,1
2020-08-11 15:03:46.047,12721,12722,12722,1
2020-08-11 15:03:48.181,12721,12723,12722,1
2020-08-11 15:03:50.533,12721,12722,12722,1
2020-08-11 15:03:52.650,12721,12722,12721,13
2020-08-11 15:03:52.753,12720,12721,12720,2
2020-08-11 15:03:52.826,12720,12721,12721,2
2020-08-11 15:03:57.522,12720,12721,12721,1
2020-08-11 15:04:00.510,12720,12721,12721,1
2020-08-11 15:04:00.980,12720,12721,12720,2
2020-08-11 15:04:00.985,12720,12721,12720,7
2020-08-11 15:04:01.345,12719,12721,12719,1
2020-08-11 15:04:02.346,12719,12720,12720,2
2020-08-11 15:04:02.443,12719,12721,12721,9
2020-08-11 15:04:02.444,12719,12721,12720,1
2020-08-11 15:04:03.473,12719,12721,12721,1
2020-08-11 15:04:03.483,12719,12721,12721,1
2020-08-11 15:04:04.976,12719,12721,12719,1
2020-08-11 15:04:08.031,12719,12720,12719,1
2020-08-11 15:04:08.038,12719,12720,12720,1
2020-08-11 15:04:08.221,12719,12720,12720,1
2020-08-11 15:04:08.544,12719,12720,12719,1
2020-08-11 15:04:10.613,12719,12721,12720,3
2020-08-11 15:04:12.401,12719,12720,12719,4
2020-08-11 15:04:12.401,12719,12720,12719,3
2020-08-11 15:04:15.761,12719,12720,12720,1
2020-08-11 15:04:22.938,12719,12720,12719,1
2020-08-11 15:04:23.032,12719,12720,12720,1
2020-08-11 15:04:23.376,12719,12720,12720,1
2020-08-11 15:04:30.117,12719,12720,12719,7
2020-08-11 15:04:37.586,12718,12719,12718,1
2020-08-11 15:04:38.466,12718,12719,12718,13
2020-08-11 15:04:41.329,12717,12719,12718,1
2020-08-11 15:04:43.069,12718,12719,12718,1
2020-08-11 15:04:44.884,12718,12719,12718,1
2020-08-11 15:04:48.244,12717,12718,12718,1
2020-08-11 15:04:48.673,12718,12719,12718,1
2020-08-11 15:04:49.762,12718,12719,12718,1
2020-08-11 15:04:49.762,12718,12719,12717,1
2020-08-11 15:04:49.797,12717,12719,12717,2
2020-08-11 15:04:52.025,12717,12718,12718,1
2020-08-11 15:04:54.997,12717,12718,12717,1
2020-08-11 15:04:57.146,12717,12718,12718,2
2020-08-11 15:05:00.110,12717,12718,12718,3
2020-08-11 15:05:01.188,12717,12718,12717,1
2020-08-11 15:05:01.546,12717,12718,12717,2
2020-08-11 15:05:01.551,12717,12718,12717,1
2020-08-11 15:05:01.760,12717,12718,12717,1
2020-08-11 15:05:01.870,12717,12718,12717,1
2020-08-11 15:05:01.874,12717,12718,12717,1
2020-08-11 15:05:01.874,12717,12718,12717,1
2020-08-11 15:05:01.901,12716,12717,12717,1
2020-08-11 15:05:02.325,12717,12718,12718,6
2020-08-11 15:05:04.632,12718,12719,12718,1
2020-08-11 15:05:06.227,12718,12719,12718,1
2020-08-11 15:05:06.664,12718,12719,12719,3
2020-08-11 15:05:10.361,12719,12720,12720,1
2020-08-11 15:05:11.901,12719,12720,12720,3
2020-08-11 15:05:14.151,12720,12721,12721,3
2020-08-11 15:05:15.680,12720,12722,12722,1
2020-08-11 15:05:19.474,12720,12721,12720,1
2020-08-11 15:05:20.580,12720,12721,12721,1
2020-08-11 15:05:22.833,12720,12721,12721,2
2020-08-11 15:05:24.436,12720,12721,12721,1
2020-08-11 15:05:26.252,12720,12722,12722,1
2020-08-11 15:05:27.678,12720,12722,12721,1
2020-08-11 15:05:29.290,12720,12722,12720,1
2020-08-11 15:05:30.965,12720,12721,12721,1
2020-08-11 15:05:32.517,12720,12722,12722,1
2020-08-11 15:05:32.530,12720,12722,12720,5
2020-08-11 15:05:33.839,12721,12722,12721,1
2020-08-11 15:05:42.943,12720,12721,12720,3
2020-08-11 15:05:42.943,12720,12721,12719,2
2020-08-11 15:05:51.482,12720,12721,12721,1
2020-08-11 15:05:51.548,12720,12721,12721,2
2020-08-11 15:06:00.061,12721,12722,12721,2
2020-08-11 15:06:00.064,12721,12722,12721,1
2020-08-11 15:06:00.065,12721,12722,12721,1
2020-08-11 15:06:00.065,12721,12722,12721,1
2020-08-11 15:06:00.074,12721,12722,12720,1
2020-08-11 15:06:00.088,12721,12722,12720,1
2020-08-11 15:06:01.072,12720,12722,12722,1
2020-08-11 15:06:01.892,12720,12722,12722,1
2020-08-11 15:06:01.930,12720,12722,12722,2
2020-08-11 15:06:02.455,12720,12722,12722,5
2020-08-11 15:06:04.121,12720,12722,12722,1
2020-08-11 15:06:05.151,12721,12722,12722,2
2020-08-11 15:06:07.805,12721,12723,12721,1
2020-08-11 15:06:14.909,12721,12722,12721,1
2020-08-11 15:06:19.630,12720,12721,12721,1
2020-08-11 15:06:20.711,12720,12721,12721,1
2020-08-11 15:06:21.799,12720,12721,12721,1
2020-08-11 15:06:22.934,12720,12721,12720,1
2020-08-11 15:06:23.064,12720,12721,12720,1
2020-08-11 15:06:23.402,12720,12721,12720,3
2020-08-11 15:06:30.337,12720,12721,12720,1
2020-08-11 15:06:30.727,12719,12721,12720,1
2020-08-11 15:06:35.254,12719,12720,12720,1
2020-08-11 15:06:37.242,12719,12720,12720,1
2020-08-11 15:06:38.039,12719,12720,12719,12
2020-08-11 15:06:39.095,12718,12720,12720,6
2020-08-11 15:06:44.576,12719,12721,12720,1
2020-08-11 15:06:48.967,12719,12720,12720,1
2020-08-11 15:06:52.214,12719,12720,12719,1
2020-08-11 15:06:53.001,12719,12720,12720,4
2020-08-11 15:06:53.375,12720,12721,12720,2
2020-08-11 15:06:54.938,12720,12721,12721,2
2020-08-11 15:06:54.939,12720,12721,12721,2
2020-08-11 15:06:56.026,12721,12722,12722,4
2020-08-11 15:06:56.266,12722,12723,12722,5
2020-08-11 15:06:58.756,12721,12723,12722,1
2020-08-11 15:07:01.102,12722,12723,12723,4
2020-08-11 15:07:01.276,12723,12724,12724,5
2020-08-11 15:07:04.146,12723,12724,12724,1
2020-08-11 15:07:04.579,12724,12725,12724,1
2020-08-11 15:07:04.850,12724,12725,12725,1
2020-08-11 15:07:05.424,12724,12725,12724,1
2020-08-11 15:07:06.827,12722,12724,12724,1
2020-08-11 15:07:11.196,12723,12724,12723,1
2020-08-11 15:07:11.259,12723,12724,12724,5
2020-08-11 15:07:12.748,12723,12725,12724,1
2020-08-11 15:07:13.282,12723,12725,12724,1
2020-08-11 15:07:13.282,12723,12725,12724,1
2020-08-11 15:07:13.381,12723,12725,12724,1
2020-08-11 15:07:13.381,12723,12725,12724,1
2020-08-11 15:07:14.491,12724,12725,12724,4
2020-08-11 15:07:19.801,12723,12724,12724,5
2020-08-11 15:07:20.354,12723,12724,12724,1
2020-08-11 15:07:20.750,12723,12724,12724,1
2020-08-11 15:07:20.951,12723,12724,12723,1
2020-08-11 15:07:21.162,12723,12724,12724,1
2020-08-11 15:07:21.558,12723,12724,12724,1
2020-08-11 15:07:21.651,12723,12724,12724,3
2020-08-11 15:07:24.582,12724,12725,12724,1
2020-08-11 15:07:24.909,12724,12725,12724,1
2020-08-11 15:07:25.815,12724,12725,12725,1
2020-08-11 15:07:29.729,12724,12725,12724,1
2020-08-11 15:07:30.357,12724,12725,12724,1
2020-08-11 15:07:30.802,12724,12725,12725,1
2020-08-11 15:07:31.101,12724,12725,12724,1
2020-08-11 15:07:31.690,12724,12725,12724,1
2020-08-11 15:07:31.825,12724,12725,12725,1
2020-08-11 15:07:32.789,12724,12725,12724,1
2020-08-11 15:07:32.789,12724,12725,12724,1
2020-08-11 15:07:33.114,12723,12724,12724,1
2020-08-11 15:07:33.365,12723,12724,12724,1
2020-08-11 15:07:33.365,12723,12724,12725,4
2020-08-11 15:07:35.151,12723,12725,12725,1
2020-08-11 15:07:36.766,12723,12725,12725,1
2020-08-11 15:07:37.969,12723,12724,12723,1
2020-08-11 15:07:37.971,12723,12724,12723,5
2020-08-11 15:07:37.981,12723,12724,12724,1
2020-08-11 15:07:38.028,12722,12724,12724,1
2020-08-11 15:07:39.102,12723,12724,12724,1
2020-08-11 15:07:39.200,12723,12724,12724,1
2020-08-11 15:07:40.353,12723,12725,12725,1
2020-08-11 15:07:40.684,12723,12724,12724,1
2020-08-11 15:07:42.442,12723,12724,12724,1
2020-08-11 15:07:42.491,12723,12724,12724,1
2020-08-11 15:07:47.710,12724,12725,12725,9
2020-08-11 15:07:47.710,12724,12725,12725,30
2020-08-11 15:07:47.710,12724,12725,12725,4
2020-08-11 15:07:47.710,12724,12725,12725,10
2020-08-11 15:07:47.710,12724,12725,12725,8
2020-08-11 15:07:48.732,12724,12725,12725,1
2020-08-11 15:07:49.842,12724,12725,12724,2
2020-08-11 15:07:49.947,12722,12724,12724,1
2020-08-11 15:07:50.283,12722,12724,12723,1
2020-08-11 15:07:52.714,12723,12724,12724,1
2020-08-11 15:07:56.568,12723,12724,12724,1
2020-08-11 15:07:56.585,12723,12724,12724,1
2020-08-11 15:07:58.322,12723,12724,12723,5
2020-08-11 15:07:58.871,12722,12723,12723,1
2020-08-11 15:07:59.273,12722,12723,12722,5
2020-08-11 15:07:59.274,12722,12723,12722,1
2020-08-11 15:07:59.274,12722,12723,12722,2
2020-08-11 15:07:59.274,12722,12723,12722,1
2020-08-11 15:07:59.625,12721,12723,12723,5
2020-08-11 15:07:59.820,12721,12723,12723,8
2020-08-11 15:07:59.820,12721,12723,12724,2
2020-08-11 15:08:06.402,12723,12724,12723,2
2020-08-11 15:08:07.273,12722,12723,12723,1
2020-08-11 15:08:08.394,12722,12723,12723,5
2020-08-11 15:08:10.742,12722,12723,12722,4
2020-08-11 15:08:10.742,12722,12723,12721,1
2020-08-11 15:08:13.198,12721,12722,12721,1
2020-08-11 15:08:14.902,12721,12722,12721,2
2020-08-11 15:08:15.419,12720,12721,12721,1
2020-08-11 15:08:17.350,12720,12721,12721,1
2020-08-11 15:08:17.515,12720,12721,12721,1
2020-08-11 15:08:18.427,12720,12721,12721,1
2020-08-11 15:08:19.747,12720,12721,12721,1
2020-08-11 15:08:19.903,12721,12722,12721,4
2020-08-11 15:08:20.150,12720,12722,12722,1
2020-08-11 15:08:20.647,12720,12722,12720,1
2020-08-11 15:08:22.629,12721,12722,12721,1
2020-08-11 15:08:24.904,12721,12722,12721,2
2020-08-11 15:08:30.134,12720,12721,12720,1
2020-08-11 15:08:30.838,12720,12721,12721,3
2020-08-11 15:08:34.119,12720,12721,12720,12
2020-08-11 15:08:34.464,12719,12721,12719,1
2020-08-11 15:08:35.677,12719,12721,12721,5
2020-08-11 15:08:36.792,12719,12720,12720,1
2020-08-11 15:08:40.214,12719,12721,12719,5
2020-08-11 15:08:40.534,12719,12721,12720,1
2020-08-11 15:08:44.263,12719,12721,12720,1
2020-08-11 15:08:45.394,12720,12721,12720,1
2020-08-11 15:08:45.567,12720,12721,12721,3
2020-08-11 15:08:46.956,12721,12722,12722,6
2020-08-11 15:08:47.076,12722,12723,12722,5
2020-08-11 15:08:48.922,12722,12723,12722,5
2020-08-11 15:08:54.972,12722,12723,12722,1
2020-08-11 15:08:57.697,12722,12723,12722,4
2020-08-11 15:08:58.519,12722,12723,12722,4
2020-08-11 15:08:58.767,12722,12723,12723,1
2020-08-11 15:09:01.180,12722,12723,12722,8
2020-08-11 15:09:04.268,12721,12723,12723,1
2020-08-11 15:09:05.540,12721,12722,12721,2
2020-08-11 15:09:08.334,12719,12721,12721,2
2020-08-11 15:09:17.960,12719,12720,12720,1
2020-08-11 15:09:23.790,12719,12721,12719,1
2020-08-11 15:09:25.300,12719,12721,12720,1
2020-08-11 15:09:25.984,12720,12721,12721,1
2020-08-11 15:09:27.474,12720,12721,12720,1
2020-08-11 15:09:28.852,12719,12721,12721,4
2020-08-11 15:09:31.300,12719,12721,12721,1
2020-08-11 15:09:33.192,12720,12721,12720,1
2020-08-11 15:09:38.193,12719,12720,12720,1
2020-08-11 15:09:42.242,12719,12720,12719,5
2020-08-11 15:09:48.248,12718,12719,12719,1
2020-08-11 15:09:54.890,12719,12720,12720,1
2020-08-11 15:09:56.253,12719,12720,12719,1
2020-08-11 15:10:02.259,12719,12720,12719,2
2020-08-11 15:10:02.412,12719,12720,12720,1
2020-08-11 15:10:02.526,12719,12720,12719,3
2020-08-11 15:10:02.557,12719,12720,12719,1
2020-08-11 15:10:02.754,12718,12720,12718,3
2020-08-11 15:10:02.963,12718,12719,12718,3
2020-08-11 15:10:03.000,12718,12719,12719,1
2020-08-11 15:10:03.219,12718,12719,12719,1
2020-08-11 15:10:04.295,12718,12719,12718,5
2020-08-11 15:10:05.079,12718,12719,12719,1
2020-08-11 15:10:05.328,12719,12720,12720,5
2020-08-11 15:10:07.434,12719,12720,12720,2
2020-08-11 15:10:08.851,12720,12721,12721,3
2020-08-11 15:10:10.461,12721,12722,12721,2
2020-08-11 15:10:11.920,12721,12722,12721,1
2020-08-11 15:10:11.980,12721,12722,12720,1
2020-08-11 15:10:16.972,12721,12722,12722,2
2020-08-11 15:10:18.327,12721,12723,12721,9
2020-08-11 15:10:18.327,12721,12723,12720,1
2020-08-11 15:10:18.401,12721,12722,12721,1
2020-08-11 15:10:23.872,12720,12722,12722,1
2020-08-11 15:10:26.195,12721,12722,12722,2
2020-08-11 15:10:30.071,12722,12723,12722,1
2020-08-11 15:10:30.968,12721,12722,12721,2
2020-08-11 15:10:34.376,12721,12722,12722,1
2020-08-11 15:10:39.776,12721,12722,12722,2
2020-08-11 15:10:40.276,12722,12723,12723,3
2020-08-11 15:10:42.279,12722,12724,12722,1
2020-08-11 15:10:50.433,12722,12723,12722,3
2020-08-11 15:10:50.556,12721,12722,12722,2
2020-08-11 15:10:50.556,12721,12722,12723,3
2020-08-11 15:11:01.221,12721,12722,12721,3
2020-08-11 15:11:02.110,12720,12721,12721,2
2020-08-11 15:11:20.015,12721,12722,12722,2
2020-08-11 15:11:20.016,12721,12722,12722,3
2020-08-11 15:11:20.016,12721,12722,12722,3
2020-08-11 15:11:21.888,12721,12723,12723,1
2020-08-11 15:11:25.186,12723,12724,12724,2
2020-08-11 15:11:25.187,12723,12724,12724,1
2020-08-11 15:11:25.187,12723,12724,12724,1
2020-08-11 15:11:25.187,12723,12724,12724,2
2020-08-11 15:11:25.527,12723,12725,12723,3
2020-08-11 15:11:25.651,12723,12725,12723,2
2020-08-11 15:11:29.069,12723,12725,12723,1
2020-08-11 15:11:31.206,12723,12725,12725,1
2020-08-11 15:11:37.001,12722,12724,12724,1
2020-08-11 15:11:40.852,12723,12724,12724,1
2020-08-11 15:11:46.545,12724,12725,12724,1
2020-08-11 15:11:46.546,12724,12725,12724,2
2020-08-11 15:11:46.546,12724,12725,12724,3
2020-08-11 15:11:47.276,12723,12724,12724,1
2020-08-11 15:11:48.000,12723,12724,12723,1
2020-08-11 15:12:07.276,12723,12724,12724,3
2020-08-11 15:12:07.276,12723,12724,12724,3
2020-08-11 15:12:10.527,12723,12724,12724,1
2020-08-11 15:12:15.660,12724,12725,12725,5
2020-08-11 15:12:21.173,12724,12725,12725,1
2020-08-11 15:12:21.853,12724,12725,12725,4
2020-08-11 15:12:24.370,12725,12726,12725,1
2020-08-11 15:12:24.549,12724,12726,12726,3
2020-08-11 15:12:24.700,12724,12726,12726,1
2020-08-11 15:12:24.745,12724,12726,12726,3
2020-08-11 15:12:24.799,12724,12726,12726,3
2020-08-11 15:12:27.439,12724,12726,12726,1
2020-08-11 15:12:27.596,12724,12726,12725,1
2020-08-11 15:12:33.481,12725,12726,12726,2
2020-08-11 15:12:33.581,12725,12726,12726,2
2020-08-11 15:12:33.582,12725,12726,12726,1
2020-08-11 15:12:33.582,12725,12726,12726,1
2020-08-11 15:12:36.700,12726,12727,12726,1
2020-08-11 15:12:37.188,12726,12727,12726,1
2020-08-11 15:12:37.505,12725,12726,12726,1
2020-08-11 15:12:45.922,12725,12726,12726,1
2020-08-11 15:12:47.355,12725,12726,12726,1
2020-08-11 15:12:47.630,12725,12726,12726,3
2020-08-11 15:12:49.067,12725,12726,12726,1
2020-08-11 15:12:50.375,12725,12726,12726,4
2020-08-11 15:12:50.636,12725,12726,12725,1
2020-08-11 15:12:53.882,12725,12726,12725,1
2020-08-11 15:12:57.008,12725,12726,12726,2
2020-08-11 15:12:57.580,12725,12726,12725,1
2020-08-11 15:12:58.358,12725,12726,12725,6
2020-08-11 15:13:01.723,12724,12725,12724,1
2020-08-11 15:13:01.733,12724,12725,12724,3
2020-08-11 15:13:02.232,12724,12725,12724,1
2020-08-11 15:13:02.543,12724,12725,12724,1
2020-08-11 15:13:02.906,12724,12725,12725,1
2020-08-11 15:13:07.612,12724,12725,12724,1
2020-08-11 15:13:14.631,12724,12725,12725,1
2020-08-11 15:13:14.632,12724,12725,12725,4
2020-08-11 15:13:19.699,12724,12725,12725,3
2020-08-11 15:13:27.246,12725,12726,12726,3
2020-08-11 15:13:27.246,12725,12726,12726,3
2020-08-11 15:13:27.630,12726,12727,12726,1
2020-08-11 15:13:28.481,12726,12727,12727,1
2020-08-11 15:13:28.774,12726,12727,12726,1
2020-08-11 15:13:29.021,12726,12727,12727,3
2020-08-11 15:13:29.021,12726,12727,12727,4
2020-08-11 15:13:31.898,12727,12728,12728,12
2020-08-11 15:13:34.299,12728,12729,12729,1
2020-08-11 15:13:34.563,12728,12729,12728,1
2020-08-11 15:13:34.895,12728,12729,12729,1
2020-08-11 15:13:36.092,12727,12729,12729,1
2020-08-11 15:13:37.110,12727,12729,12727,1
2020-08-11 15:13:40.046,12728,12729,12729,1
2020-08-11 15:13:40.088,12728,12729,12729,2
2020-08-11 15:13:40.453,12728,12729,12729,3
2020-08-11 15:13:40.559,12729,12730,12730,1
2020-08-11 15:13:40.869,12729,12730,12730,1
2020-08-11 15:13:41.467,12729,12730,12730,3
2020-08-11 15:13:42.028,12730,12731,12730,1
2020-08-11 15:13:42.451,12730,12731,12731,1
2020-08-11 15:13:43.153,12730,12732,12730,1
2020-08-11 15:13:43.756,12730,12732,12732,1
2020-08-11 15:13:43.807,12730,12732,12732,4
2020-08-11 15:13:44.093,12731,12732,12732,1
2020-08-11 15:13:44.830,12731,12732,12732,1
2020-08-11 15:13:44.996,12731,12732,12731,2
2020-08-11 15:13:45.034,12731,12732,12732,1
2020-08-11 15:13:45.425,12731,12732,12732,7
2020-08-11 15:13:45.425,12731,12732,12733,12
2020-08-11 15:13:45.425,12731,12732,12734,8
2020-08-11 15:13:45.564,12732,12734,12734,2
2020-08-11 15:13:45.572,12732,12734,12734,2
2020-08-11 15:13:45.573,12732,12734,12733,1
2020-08-11 15:13:46.511,12733,12734,12733,1
2020-08-11 15:13:46.511,12733,12734,12732,2
2020-08-11 15:13:46.597,12732,12734,12734,1
2020-08-11 15:13:46.851,12732,12734,12734,1
2020-08-11 15:13:46.892,12732,12734,12732,1
2020-08-11 15:13:47.799,12732,12733,12733,2
2020-08-11 15:13:48.526,12733,12734,12733,1
2020-08-11 15:13:48.526,12733,12734,12733,1
2020-08-11 15:13:48.686,12732,12734,12732,21
2020-08-11 15:13:48.686,12732,12734,12731,9
2020-08-11 15:13:48.776,12731,12732,12731,1
2020-08-11 15:13:48.776,12731,12732,12731,1
2020-08-11 15:13:48.932,12731,12732,12732,1
2020-08-11 15:13:49.521,12731,12732,12732,2
2020-08-11 15:13:50.638,12731,12732,12732,1
2020-08-11 15:13:50.638,12731,12732,12733,9
2020-08-11 15:13:50.901,12732,12733,12733,3
2020-08-11 15:13:51.151,12732,12733,12733,1
2020-08-11 15:13:51.151,12732,12733,12734,2
2020-08-11 15:13:53.368,12732,12734,12734,1
2020-08-11 15:13:53.706,12732,12734,12732,1
2020-08-11 15:13:54.259,12732,12734,12733,2
2020-08-11 15:13:54.259,12732,12734,12734,1
2020-08-11 15:13:55.549,12733,12734,12734,1
2020-08-11 15:13:56.448,12733,12734,12733,1
2020-08-11 15:13:57.330,12733,12734,12734,2
2020-08-11 15:13:58.022,12733,12735,12733,1
2020-08-11 15:13:58.043,12732,12734,12733,1
2020-08-11 15:13:58.498,12732,12734,12733,1
2020-08-11 15:13:59.489,12732,12734,12734,5
2020-08-11 15:13:59.490,12732,12734,12733,1
2020-08-11 15:14:00.189,12732,12734,12734,1
2020-08-11 15:14:01.531,12732,12734,12733,1
2020-08-11 15:14:01.667,12732,12734,12733,1
2020-08-11 15:14:01.984,12732,12734,12734,1
2020-08-11 15:14:03.090,12732,12734,12733,1
2020-08-11 15:14:03.555,12733,12734,12734,4
2020-08-11 15:14:03.812,12734,12735,12735,1
2020-08-11 15:14:03.962,12734,12735,12735,1
2020-08-11 15:14:04.277,12734,12735,12734,1
2020-08-11 15:14:04.421,12734,12735,12735,6
2020-08-11 15:14:05.131,12734,12735,12735,1
2020-08-11 15:14:06.582,12734,12735,12735,3
2020-08-11 15:14:06.713,12734,12735,12735,2
2020-08-11 15:14:06.713,12734,12735,12735,13
2020-08-11 15:14:07.802,12735,12736,12735,1
2020-08-11 15:14:09.700,12735,12736,12735,1
2020-08-11 15:14:10.799,12735,12736,12736,1
2020-08-11 15:14:10.936,12735,12736,12736,4
2020-08-11 15:14:10.936,12735,12736,12737,1
2020-08-11 15:14:11.065,12735,12737,12735,1
2020-08-11 15:14:11.416,12736,12737,12737,2
2020-08-11 15:14:11.417,12736,12737,12737,2
2020-08-11 15:14:11.418,12736,12737,12737,1
2020-08-11 15:14:11.429,12736,12737,12737,1
2020-08-11 15:14:11.429,12736,12737,12738,1
2020-08-11 15:14:11.434,12736,12737,12738,1
2020-08-11 15:14:11.434,12736,12737,12739,1
2020-08-11 15:14:11.518,12736,12737,12739,1
2020-08-11 15:14:11.587,12737,12739,12737,6
2020-08-11 15:14:11.601,12737,12739,12736,4
2020-08-11 15:14:11.991,12737,12738,12737,1
2020-08-11 15:14:12.084,12737,12738,12738,1
2020-08-11 15:14:13.805,12737,12738,12737,5
2020-08-11 15:14:14.189,12737,12738,12737,5
2020-08-11 15:14:14.189,12737,12738,12737,1
2020-08-11 15:14:14.911,12736,12738,12738,1
2020-08-11 15:14:14.912,12736,12738,12737,1
2020-08-11 15:14:14.912,12736,12738,12737,1
2020-08-11 15:14:15.079,12736,12738,12736,1
2020-08-11 15:14:15.482,12736,12738,12738,2
2020-08-11 15:14:15.483,12736,12738,12737,1
2020-08-11 15:14:16.014,12736,12738,12736,3
2020-08-11 15:14:16.762,12736,12738,12737,1
2020-08-11 15:14:16.762,12736,12738,12737,1
2020-08-11 15:14:16.941,12736,12738,12737,1
2020-08-11 15:14:16.941,12736,12738,12737,1
2020-08-11 15:14:16.942,12736,12738,12737,1
2020-08-11 15:14:16.942,12736,12738,12737,1
2020-08-11 15:14:17.032,12736,12738,12738,1
2020-08-11 15:14:17.033,12736,12738,12737,1
2020-08-11 15:14:17.033,12736,12738,12737,1
2020-08-11 15:14:17.333,12736,12738,12738,3
2020-08-11 15:14:17.411,12737,12738,12737,1
2020-08-11 15:14:17.412,12737,12738,12737,1
2020-08-11 15:14:18.001,12736,12738,12737,1
2020-08-11 15:14:19.075,12737,12738,12738,1
2020-08-11 15:14:19.075,12737,12738,12739,1
2020-08-11 15:14:19.243,12737,12739,12737,1
2020-08-11 15:14:19.646,12737,12739,12737,1
2020-08-11 15:14:19.794,12738,12739,12739,5
2020-08-11 15:14:22.199,12739,12740,12739,1
2020-08-11 15:14:22.315,12739,12740,12739,4
2020-08-11 15:14:22.737,12738,12740,12740,1
2020-08-11 15:14:22.856,12738,12740,12740,3
2020-08-11 15:14:22.943,12738,12740,12740,2
2020-08-11 15:14:23.016,12738,12740,12740,10
2020-08-11 15:14:23.050,12740,12741,12741,1
2020-08-11 15:14:23.218,12740,12741,12741,2
2020-08-11 15:14:23.259,12740,12741,12740,2
2020-08-11 15:14:23.780,12740,12741,12740,1
2020-08-11 15:14:23.782,12740,12741,12740,3
2020-08-11 15:14:23.786,12740,12741,12739,1
2020-08-11 15:14:23.912,12738,12740,12738,1
2020-08-11 15:14:24.324,12738,12739,12739,5
2020-08-11 15:14:24.451,12738,12740,12740,1
2020-08-11 15:14:24.810,12738,12740,12740,1
2020-08-11 15:14:25.164,12738,12740,12738,10
2020-08-11 15:14:25.327,12737,12739,12739,1
2020-08-11 15:14:25.660,12737,12738,12737,4
2020-08-11 15:14:25.660,12737,12738,12737,6
2020-08-11 15:14:27.307,12736,12737,12737,1
2020-08-11 15:14:28.566,12736,12737,12736,4
2020-08-11 15:14:29.628,12735,12736,12736,1
2020-08-11 15:14:29.770,12735,12736,12736,1
2020-08-11 15:14:31.230,12735,12736,12736,2
2020-08-11 15:14:31.471,12735,12737,12737,1
2020-08-11 15:14:33.277,12735,12737,12736,1
2020-08-11 15:14:34.966,12735,12736,12736,1
2020-08-11 15:14:35.328,12735,12737,12737,2
2020-08-11 15:14:37.492,12735,12736,12736,2
2020-08-11 15:14:39.722,12735,12736,12736,2
2020-08-11 15:14:40.524,12735,12736,12736,1
2020-08-11 15:14:40.524,12735,12736,12737,14
2020-08-11 15:14:40.525,12735,12736,12737,5
2020-08-11 15:14:40.536,12737,12738,12738,1
2020-08-11 15:14:42.796,12737,12739,12737,1
2020-08-11 15:14:45.445,12737,12738,12738,1
2020-08-11 15:14:46.197,12738,12739,12738,4
2020-08-11 15:14:46.868,12736,12738,12736,1
2020-08-11 15:14:48.542,12736,12738,12738,1
2020-08-11 15:14:51.312,12737,12738,12738,3
2020-08-11 15:14:51.699,12738,12739,12738,1
2020-08-11 15:14:55.645,12737,12739,12738,1
2020-08-11 15:14:55.688,12738,12739,12739,4
2020-08-11 15:14:55.736,12738,12739,12739,1
2020-08-11 15:14:58.712,12739,12740,12740,1
2020-08-11 15:14:59.705,12739,12740,12739,2
2020-08-11 15:14:59.872,12739,12740,12740,2
2020-08-11 15:15:00.222,12739,12740,12740,1
2020-08-11 15:15:00.659,12739,12740,12740,1
2020-08-11 15:15:00.662,12739,12740,12740,1
2020-08-11 15:15:00.689,12739,12740,12740,1
2020-08-11 15:15:00.775,12739,12740,12741,1
2020-08-11 15:15:00.916,12740,12741,12741,3
2020-08-11 15:15:00.994,12740,12741,12741,1
2020-08-11 15:15:01.022,12740,12741,12741,2
2020-08-11 15:15:01.022,12740,12741,12742,1
2020-08-11 15:15:02.247,12740,12742,12742,4
2020-08-11 15:15:02.334,12740,12742,12741,5
2020-08-11 15:15:02.334,12740,12742,12740,1
2020-08-11 15:15:02.460,12740,12742,12742,1
2020-08-11 15:15:02.471,12740,12742,12742,3
2020-08-11 15:15:02.480,12740,12742,12742,1
2020-08-11 15:15:02.509,12740,12742,12742,2
2020-08-11 15:15:02.523,12740,12742,12742,1
2020-08-11 15:15:02.635,12741,12742,12742,1
2020-08-11 15:15:04.649,12741,12742,12742,1
2020-08-11 15:15:04.680,12741,12742,12742,1
2020-08-11 15:15:04.897,12741,12742,12742,1
2020-08-11 15:15:04.943,12741,12743,12743,2
2020-08-11 15:15:05.393,12742,12743,12743,1
2020-08-11 15:15:06.421,12742,12743,12743,1
2020-08-11 15:15:06.462,12742,12743,12742,1
2020-08-11 15:15:06.798,12742,12743,12743,1
2020-08-11 15:15:06.927,12742,12743,12742,1
2020-08-11 15:15:07.766,12740,12742,12742,5
2020-08-11 15:15:10.363,12740,12741,12741,3
2020-08-11 15:15:10.524,12740,12741,12741,2
2020-08-11 15:15:10.524,12740,12741,12741,2
2020-08-11 15:15:10.768,12740,12741,12741,2
2020-08-11 15:15:11.502,12740,12741,12741,1
2020-08-11 15:15:11.741,12740,12741,12740,1
2020-08-11 15:15:15.227,12740,12741,12741,1
2020-08-11 15:15:15.858,12740,12741,12741,1
2020-08-11 15:15:16.014,12741,12742,12741,1
2020-08-11 15:15:16.853,12741,12742,12741,1
2020-08-11 15:15:18.143,12741,12742,12742,4
2020-08-11 15:15:18.161,12742,12743,12742,1
2020-08-11 15:15:21.016,12742,12743,12742,1
2020-08-11 15:15:21.572,12742,12743,12742,2
2020-08-11 15:15:22.097,12742,12743,12743,5
2020-08-11 15:15:22.098,12742,12743,12743,4
2020-08-11 15:15:22.888,12743,12744,12744,3
2020-08-11 15:15:23.182,12743,12744,12744,2
2020-08-11 15:15:23.274,12743,12744,12743,1
2020-08-11 15:15:23.358,12743,12744,12744,2
2020-08-11 15:15:23.589,12743,12744,12743,2
2020-08-11 15:15:25.284,12743,12744,12744,1
2020-08-11 15:15:25.839,12743,12744,12744,1
2020-08-11 15:15:26.412,12743,12745,12744,1
2020-08-11 15:15:26.865,12743,12745,12745,1
2020-08-11 15:15:27.094,12744,12745,12745,1
2020-08-11 15:15:27.139,12744,12745,12745,1
2020-08-11 15:15:27.240,12744,12745,12745,1
2020-08-11 15:15:27.369,12744,12745,12744,3
2020-08-11 15:15:28.729,12744,12745,12744,1
2020-08-11 15:15:29.219,12743,12744,12744,1
2020-08-11 15:15:29.617,12743,12744,12744,1
2020-08-11 15:15:30.158,12743,12745,12745,2
2020-08-11 15:15:30.407,12743,12745,12745,10
2020-08-11 15:15:31.751,12745,12746,12745,1
2020-08-11 15:15:33.187,12745,12746,12746,1
2020-08-11 15:15:33.670,12745,12746,12745,1
2020-08-11 15:15:33.717,12745,12746,12746,1
2020-08-11 15:15:33.779,12745,12746,12746,1
2020-08-11 15:15:33.941,12745,12746,12746,1
2020-08-11 15:15:34.059,12745,12746,12746,1
2020-08-11 15:15:34.438,12745,12746,12746,1
2020-08-11 15:15:34.633,12745,12746,12746,1
2020-08-11 15:15:34.776,12745,12746,12746,1
2020-08-11 15:15:35.041,12745,12746,12746,2
2020-08-11 15:15:35.057,12745,12746,12746,1
2020-08-11 15:15:35.640,12746,12747,12746,1
2020-08-11 15:15:35.747,12746,12747,12746,1
2020-08-11 15:15:36.013,12746,12747,12746,1
2020-08-11 15:15:36.013,12746,12747,12745,2
2020-08-11 15:15:36.767,12745,12746,12746,1
2020-08-11 15:15:36.932,12745,12746,12746,2
2020-08-11 15:15:36.974,12745,12746,12746,3
2020-08-11 15:15:37.955,12746,12747,12746,2
2020-08-11 15:15:40.303,12746,12747,12746,1
2020-08-11 15:15:41.202,12745,12746,12746,4
2020-08-11 15:15:41.303,12746,12747,12746,1
2020-08-11 15:15:42.926,12745,12746,12745,16
2020-08-11 15:15:43.166,12744,12745,12744,1
2020-08-11 15:15:43.208,12744,12745,12745,1
2020-08-11 15:15:44.106,12743,12745,12744,1
2020-08-11 15:15:48.195,12743,12744,12743,1
2020-08-11 15:15:48.421,12743,12744,12743,2
2020-08-11 15:15:49.794,12743,12744,12744,7
2020-08-11 15:15:49.796,12743,12744,12744,6
2020-08-11 15:15:49.984,12743,12744,12743,1
2020-08-11 15:15:50.487,12743,12744,12743,1
2020-08-11 15:15:50.764,12743,12744,12744,1
2020-08-11 15:15:52.499,12743,12744,12743,1
2020-08-11 15:15:53.184,12743,12744,12743,4
2020-08-11 15:15:53.605,12742,12743,12743,1
2020-08-11 15:15:54.229,12743,12744,12743,1
2020-08-11 15:15:55.228,12742,12743,12742,1
2020-08-11 15:15:55.677,12742,12743,12742,1
2020-08-11 15:15:55.985,12741,12743,12743,1
2020-08-11 15:15:57.054,12741,12743,12743,3
2020-08-11 15:15:58.385,12743,12744,12743,1
2020-08-11 15:16:00.631,12743,12744,12744,3
2020-08-11 15:16:00.736,12743,12745,12745,1
2020-08-11 15:16:00.791,12744,12745,12745,1
2020-08-11 15:16:00.792,12744,12745,12745,1
2020-08-11 15:16:00.805,12744,12745,12746,1
2020-08-11 15:16:00.805,12744,12745,12746,1
2020-08-11 15:16:00.805,12744,12745,12746,2
2020-08-11 15:16:00.944,12745,12746,12746,2
2020-08-11 15:16:00.978,12745,12746,12746,1
2020-08-11 15:16:00.994,12745,12746,12746,2
2020-08-11 15:16:01.027,12745,12746,12746,2
2020-08-11 15:16:01.147,12745,12746,12746,1
2020-08-11 15:16:01.152,12745,12746,12746,2
2020-08-11 15:16:01.152,12745,12746,12746,2
2020-08-11 15:16:02.186,12744,12746,12746,4
2020-08-11 15:16:03.523,12745,12747,12745,1
2020-08-11 15:16:05.614,12745,12747,12747,1
2020-08-11 15:16:05.699,12745,12747,12747,1
2020-08-11 15:16:05.820,12745,12747,12747,1
2020-08-11 15:16:05.862,12745,12747,12747,1
2020-08-11 15:16:07.151,12745,12746,12745,1
2020-08-11 15:16:07.341,12744,12746,12746,1
2020-08-11 15:16:08.310,12744,12746,12744,1
2020-08-11 15:16:08.962,12744,12745,12744,2
2020-08-11 15:16:09.095,12743,12745,12745,1
2020-08-11 15:16:09.166,12743,12745,12743,1
2020-08-11 15:16:10.519,12743,12745,12745,1
2020-08-11 15:16:11.512,12744,12745,12744,1
2020-08-11 15:16:11.512,12744,12745,12743,2
2020-08-11 15:16:12.697,12743,12744,12744,1
2020-08-11 15:16:13.971,12743,12745,12745,5
2020-08-11 15:16:14.396,12744,12745,12744,1
2020-08-11 15:16:15.092,12744,12745,12744,1
2020-08-11 15:16:15.173,12743,12745,12744,1
2020-08-11 15:16:15.972,12744,12745,12744,1
2020-08-11 15:16:16.677,12743,12745,12745,1
2020-08-11 15:16:17.589,12744,12745,12744,1
2020-08-11 15:16:19.985,12743,12745,12743,3
2020-08-11 15:16:22.905,12743,12744,12744,1
2020-08-11 15:16:26.174,12743,12744,12743,2
2020-08-11 15:16:26.462,12743,12744,12744,1
2020-08-11 15:16:26.938,12744,12745,12745,1
2020-08-11 15:16:29.011,12744,12745,12744,3
2020-08-11 15:16:29.348,12743,12744,12744,1
2020-08-11 15:16:30.671,12743,12744,12743,4
2020-08-11 15:16:30.672,12743,12744,12743,12
2020-08-11 15:16:31.468,12742,12744,12744,1
2020-08-11 15:16:34.566,12743,12744,12743,7
2020-08-11 15:16:34.566,12743,12744,12742,20
2020-08-11 15:16:34.567,12743,12744,12743,1
2020-08-11 15:16:34.567,12743,12744,12743,1
2020-08-11 15:16:34.732,12742,12744,12744,1
2020-08-11 15:16:40.585,12742,12743,12742,9
2020-08-11 15:16:40.739,12741,12742,12742,1
2020-08-11 15:16:42.309,12741,12742,12741,1
2020-08-11 15:16:42.751,12741,12742,12741,1
2020-08-11 15:16:42.752,12741,12742,12741,4
2020-08-11 15:16:44.711,12740,12741,12740,3
2020-08-11 15:16:44.711,12740,12741,12740,4
2020-08-11 15:16:45.517,12739,12740,12739,1
2020-08-11 15:16:45.642,12738,12740,12738,3
2020-08-11 15:16:46.077,12738,12740,12738,2
2020-08-11 15:16:48.060,12738,12739,12738,6
2020-08-11 15:16:48.117,12738,12739,12737,1
2020-08-11 15:16:48.860,12737,12739,12737,1
2020-08-11 15:16:50.571,12737,12739,12737,3
2020-08-11 15:16:50.687,12737,12739,12737,1
2020-08-11 15:16:51.342,12737,12738,12737,1
2020-08-11 15:16:53.449,12737,12738,12737,1
2020-08-11 15:17:00.176,12737,12738,12738,1
2020-08-11 15:17:00.298,12737,12738,12738,1
2020-08-11 15:17:00.298,12737,12738,12738,1
2020-08-11 15:17:00.298,12737,12738,12739,1
2020-08-11 15:17:00.298,12737,12738,12739,2
2020-08-11 15:17:00.298,12737,12738,12739,3
2020-08-11 15:17:01.593,12737,12739,12737,2
2020-08-11 15:17:11.082,12737,12738,12738,1
2020-08-11 15:17:15.329,12737,12738,12737,1
2020-08-11 15:17:17.105,12737,12738,12738,2
2020-08-11 15:17:18.323,12738,12739,12738,3
2020-08-11 15:17:20.069,12738,12739,12739,1
2020-08-11 15:17:26.884,12739,12740,12739,1
2020-08-11 15:17:27.129,12738,12739,12739,1
2020-08-11 15:17:27.575,12738,12740,12738,1
2020-08-11 15:17:28.346,12738,12740,12740,2
2020-08-11 15:17:31.420,12739,12740,12740,3
2020-08-11 15:17:31.420,12739,12740,12740,1
2020-08-11 15:17:31.420,12739,12740,12740,13
2020-08-11 15:17:35.096,12740,12741,12740,1
2020-08-11 15:17:35.324,12740,12741,12740,1
2020-08-11 15:17:36.272,12740,12741,12740,1
2020-08-11 15:17:37.318,12739,12740,12739,2
2020-08-11 15:17:37.416,12739,12740,12739,2
2020-08-11 15:17:37.417,12739,12740,12739,3
2020-08-11 15:17:41.565,12738,12739,12739,1
2020-08-11 15:17:41.973,12738,12739,12739,1
2020-08-11 15:17:42.947,12739,12740,12739,1
2020-08-11 15:17:43.060,12738,12739,12739,1
2020-08-11 15:17:46.817,12738,12739,12739,5
2020-08-11 15:17:48.207,12739,12740,12740,4
2020-08-11 15:17:48.208,12739,12740,12740,15
2020-08-11 15:17:51.066,12739,12740,12740,1
2020-08-11 15:17:52.588,12739,12740,12739,1
2020-08-11 15:17:52.770,12739,12740,12739,1
2020-08-11 15:17:52.954,12738,12739,12739,1
2020-08-11 15:17:54.270,12738,12739,12738,10
2020-08-11 15:17:55.481,12737,12739,12739,2
2020-08-11 15:17:56.797,12738,12739,12738,1
2020-08-11 15:17:57.366,12737,12738,12739,1
2020-08-11 15:18:02.229,12738,12740,12738,1
2020-08-11 15:18:02.736,12738,12740,12740,2
2020-08-11 15:18:03.207,12738,12740,12740,1
2020-08-11 15:18:03.603,12739,12740,12740,2
2020-08-11 15:18:15.607,12739,12740,12739,1
2020-08-11 15:18:17.796,12738,12739,12739,1
2020-08-11 15:18:20.114,12738,12739,12738,1
2020-08-11 15:18:20.114,12738,12739,12738,11
2020-08-11 15:18:20.114,12738,12739,12738,4
2020-08-11 15:18:27.173,12737,12738,12737,3
2020-08-11 15:18:27.308,12737,12738,12737,1
2020-08-11 15:18:34.933,12737,12738,12737,1
2020-08-11 15:18:35.701,12737,12738,12737,1
2020-08-11 15:18:39.727,12737,12738,12737,1
2020-08-11 15:18:40.052,12737,12738,12737,1
2020-08-11 15:18:58.959,12737,12738,12737,1
2020-08-11 15:19:00.151,12737,12738,12737,2
2020-08-11 15:19:01.063,12737,12738,12737,3
2020-08-11 15:19:02.785,12736,12738,12738,3
2020-08-11 15:19:02.941,12737,12738,12738,15
2020-08-11 15:19:08.543,12738,12739,12738,7
2020-08-11 15:19:08.544,12738,12739,12738,6
2020-08-11 15:19:14.433,12737,12739,12737,2
2020-08-11 15:19:19.896,12737,12738,12738,2
2020-08-11 15:19:22.667,12738,12739,12739,2
2020-08-11 15:19:22.668,12738,12739,12739,1
2020-08-11 15:19:24.342,12738,12740,12738,1
2020-08-11 15:19:29.366,12738,12740,12738,1
2020-08-11 15:19:32.379,12738,12739,12739,1
2020-08-11 15:19:36.076,12739,12740,12739,1
2020-08-11 15:19:45.070,12738,12740,12738,1
2020-08-11 15:19:51.014,12738,12739,12738,2
2020-08-11 15:19:51.014,12738,12739,12738,4
2020-08-11 15:19:55.883,12738,12739,12739,2
2020-08-11 15:20:01.630,12739,12740,12739,5
2020-08-11 15:20:01.816,12738,12740,12738,2
2020-08-11 15:20:01.860,12738,12740,12738,2
2020-08-11 15:20:01.905,12738,12740,12740,1
2020-08-11 15:20:01.905,12738,12740,12740,1
2020-08-11 15:20:01.906,12738,12740,12740,1
2020-08-11 15:20:01.911,12738,12740,12740,1
2020-08-11 15:20:01.911,12738,12740,12740,1
2020-08-11 15:20:01.911,12738,12740,12740,1
2020-08-11 15:20:01.912,12738,12740,12740,1
2020-08-11 15:20:01.935,12738,12740,12740,13
2020-08-11 15:20:01.935,12738,12740,12741,2
2020-08-11 15:20:04.637,12740,12741,12741,1
2020-08-11 15:20:06.549,12740,12741,12741,3
2020-08-11 15:20:06.549,12740,12741,12741,12
2020-08-11 15:20:07.776,12741,12742,12742,1
2020-08-11 15:20:10.862,12741,12743,12743,1
2020-08-11 15:20:11.168,12741,12743,12743,1
2020-08-11 15:20:12.099,12741,12743,12741,5
2020-08-11 15:20:13.095,12742,12743,12743,2
2020-08-11 15:20:13.786,12742,12743,12743,2
2020-08-11 15:20:13.930,12742,12744,12743,1
2020-08-11 15:20:14.465,12742,12744,12743,2
2020-08-11 15:20:16.086,12743,12744,12744,1
2020-08-11 15:20:18.134,12743,12744,12743,1
2020-08-11 15:20:18.701,12743,12744,12744,3
2020-08-11 15:20:18.701,12743,12744,12744,1
2020-08-11 15:20:19.543,12744,12745,12745,1
2020-08-11 15:20:22.106,12744,12745,12744,1
2020-08-11 15:20:26.828,12744,12745,12745,1
2020-08-11 15:20:28.118,12744,12745,12744,1
2020-08-11 15:20:28.476,12744,12745,12745,8
2020-08-11 15:20:29.204,12745,12746,12745,4
2020-08-11 15:20:29.204,12745,12746,12744,12
2020-08-11 15:20:29.732,12744,12746,12744,1
2020-08-11 15:20:30.659,12744,12746,12746,1
2020-08-11 15:20:31.010,12743,12745,12745,1
2020-08-11 15:20:31.027,12743,12745,12745,1
2020-08-11 15:20:31.517,12743,12745,12746,10
2020-08-11 15:20:32.162,12744,12746,12746,1
2020-08-11 15:20:32.450,12744,12746,12746,1
2020-08-11 15:20:33.849,12745,12746,12745,1
2020-08-11 15:20:33.896,12745,12746,12746,1
2020-08-11 15:20:36.760,12744,12746,12746,1
2020-08-11 15:20:36.941,12744,12746,12746,1
2020-08-11 15:20:37.079,12744,12746,12746,1
2020-08-11 15:20:39.334,12745,12746,12745,2
2020-08-11 15:20:40.039,12744,12745,12745,1
2020-08-11 15:20:41.621,12744,12745,12744,5
2020-08-11 15:20:43.276,12743,12745,12745,1
2020-08-11 15:20:43.548,12743,12745,12745,8
2020-08-11 15:20:43.905,12743,12745,12743,1
2020-08-11 15:20:43.918,12743,12745,12745,1
2020-08-11 15:20:45.227,12743,12745,12745,1
2020-08-11 15:20:46.021,12743,12745,12745,2
2020-08-11 15:20:47.422,12743,12745,12745,1
2020-08-11 15:20:51.132,12744,12745,12745,1
2020-08-11 15:20:52.525,12744,12745,12745,1
2020-08-11 15:20:54.186,12744,12745,12744,1
2020-08-11 15:20:56.465,12744,12745,12744,1
2020-08-11 15:20:56.467,12744,12745,12744,1
2020-08-11 15:20:57.778,12743,12745,12745,1
2020-08-11 15:20:58.548,12743,12745,12745,1
2020-08-11 15:21:02.314,12744,12745,12745,2
2020-08-11 15:21:02.508,12744,12745,12745,1
2020-08-11 15:21:03.039,12745,12746,12745,1
2020-08-11 15:21:03.234,12744,12746,12746,2
2020-08-11 15:21:15.159,12745,12746,12746,1
2020-08-11 15:21:19.963,12745,12746,12746,1
2020-08-11 15:21:20.313,12745,12746,12746,5
2020-08-11 15:21:20.314,12745,12746,12746,2
2020-08-11 15:21:20.383,12745,12746,12746,4
2020-08-11 15:21:20.967,12745,12746,12746,4
2020-08-11 15:21:21.664,12746,12747,12746,1
2020-08-11 15:21:22.278,12745,12747,12747,5
2020-08-11 15:21:22.477,12745,12747,12747,1
2020-08-11 15:21:22.489,12745,12747,12747,1
2020-08-11 15:21:23.329,12746,12747,12747,5
2020-08-11 15:21:23.631,12746,12747,12747,2
2020-08-11 15:21:25.062,12747,12748,12747,1
2020-08-11 15:21:26.173,12747,12748,12748,5
2020-08-11 15:21:26.479,12747,12748,12748,3
2020-08-11 15:21:26.512,12747,12748,12748,1
2020-08-11 15:21:26.515,12747,12748,12748,2
2020-08-11 15:21:26.515,12747,12748,12748,2
2020-08-11 15:21:26.515,12747,12748,12748,11
2020-08-11 15:21:26.516,12747,12748,12748,9
2020-08-11 15:21:27.173,12747,12749,12749,2
2020-08-11 15:21:27.398,12747,12749,12749,5
2020-08-11 15:21:29.386,12748,12749,12749,5
2020-08-11 15:21:29.742,12748,12749,12748,2
2020-08-11 15:21:30.194,12748,12749,12748,3
2020-08-11 15:21:30.263,12748,12749,12748,2
2020-08-11 15:21:30.337,12747,12749,12749,1
2020-08-11 15:21:34.204,12748,12749,12749,1
2020-08-11 15:21:34.644,12748,12749,12749,5
2020-08-11 15:21:34.765,12748,12749,12749,1
2020-08-11 15:21:34.765,12748,12749,12749,2
2020-08-11 15:21:34.765,12748,12749,12749,4
2020-08-11 15:21:34.765,12748,12749,12749,4
2020-08-11 15:21:34.765,12748,12749,12749,3
2020-08-11 15:21:34.766,12748,12749,12749,1
2020-08-11 15:21:34.766,12748,12749,12749,2
2020-08-11 15:21:35.131,12749,12750,12749,1
2020-08-11 15:21:35.940,12749,12750,12750,5
2020-08-11 15:21:36.110,12749,12750,12750,35
2020-08-11 15:21:36.165,12750,12751,12751,1
2020-08-11 15:21:36.305,12750,12751,12751,1
2020-08-11 15:21:36.539,12750,12751,12751,1
2020-08-11 15:21:36.587,12750,12751,12751,1
2020-08-11 15:21:36.618,12750,12751,12751,1
2020-08-11 15:21:36.875,12750,12751,12751,2
2020-08-11 15:21:37.674,12750,12751,12750,1
2020-08-11 15:21:37.682,12750,12751,12750,1
2020-08-11 15:21:38.094,12750,12751,12750,1
2020-08-11 15:21:38.631,12748,12749,12748,1
2020-08-11 15:21:38.684,12748,12749,12749,1
2020-08-11 15:21:38.830,12748,12749,12750,1
2020-08-11 15:21:40.018,12748,12749,12749,1
2020-08-11 15:21:40.534,12748,12749,12749,1
2020-08-11 15:21:41.789,12748,12749,12749,5
2020-08-11 15:21:41.931,12748,12750,12750,4
2020-08-11 15:21:45.071,12748,12750,12750,5
2020-08-11 15:21:45.351,12748,12750,12750,1
2020-08-11 15:21:46.589,12749,12750,12750,1
2020-08-11 15:21:47.017,12749,12750,12750,1
2020-08-11 15:21:47.325,12750,12751,12750,1
2020-08-11 15:21:49.148,12749,12750,12750,1
2020-08-11 15:21:49.376,12749,12750,12750,3
2020-08-11 15:21:50.640,12750,12751,12750,3
2020-08-11 15:21:51.067,12750,12751,12751,3
2020-08-11 15:21:52.430,12751,12752,12751,1
2020-08-11 15:21:52.485,12751,12752,12752,3
2020-08-11 15:21:52.600,12751,12752,12752,1
2020-08-11 15:21:52.778,12751,12752,12751,1
2020-08-11 15:21:52.937,12750,12752,12751,1
2020-08-11 15:21:53.198,12750,12751,12751,2
2020-08-11 15:21:53.238,12750,12751,12751,1
2020-08-11 15:21:54.079,12751,12752,12751,3
2020-08-11 15:21:54.663,12751,12752,12751,2
2020-08-11 15:21:55.000,12750,12751,12751,3
2020-08-11 15:21:55.301,12750,12751,12750,2
2020-08-11 15:21:55.302,12750,12751,12750,2
2020-08-11 15:21:55.645,12749,12751,12751,2
2020-08-11 15:21:55.963,12749,12751,12749,2
2020-08-11 15:21:56.106,12749,12750,12750,4
2020-08-11 15:21:56.106,12749,12750,12751,1
2020-08-11 15:21:56.152,12749,12751,12751,1
2020-08-11 15:21:56.358,12749,12751,12750,1
2020-08-11 15:21:56.813,12749,12751,12751,4
2020-08-11 15:21:56.882,12749,12751,12751,5
2020-08-11 15:21:57.936,12749,12751,12750,1
2020-08-11 15:22:00.096,12749,12751,12751,3
2020-08-11 15:22:00.160,12749,12751,12751,1
2020-08-11 15:22:00.160,12749,12751,12751,1
2020-08-11 15:22:00.161,12749,12751,12751,2
2020-08-11 15:22:00.163,12749,12751,12751,1
2020-08-11 15:22:00.163,12749,12751,12751,1
2020-08-11 15:22:00.163,12749,12751,12751,1
2020-08-11 15:22:00.164,12749,12751,12751,2
2020-08-11 15:22:00.164,12749,12751,12751,2
2020-08-11 15:22:00.164,12749,12751,12751,4
2020-08-11 15:22:00.282,12749,12751,12751,1
2020-08-11 15:22:00.282,12749,12751,12751,1
2020-08-11 15:22:00.283,12749,12751,12751,1
2020-08-11 15:22:00.283,12749,12751,12751,3
2020-08-11 15:22:00.283,12749,12751,12751,2
2020-08-11 15:22:00.283,12749,12751,12752,1
2020-08-11 15:22:00.293,12749,12751,12752,1
2020-08-11 15:22:00.318,12749,12751,12752,1
2020-08-11 15:22:00.318,12749,12751,12752,1
2020-08-11 15:22:00.318,12749,12751,12752,1
2020-08-11 15:22:00.318,12749,12751,12752,1
2020-08-11 15:22:00.319,12749,12751,12752,2
2020-08-11 15:22:01.096,12750,12752,12750,1
2020-08-11 15:22:01.922,12750,12752,12752,1
2020-08-11 15:22:05.297,12750,12751,12751,1
2020-08-11 15:22:05.297,12750,12751,12752,22
2020-08-11 15:22:05.501,12751,12753,12751,1
2020-08-11 15:22:07.189,12751,12753,12753,1
2020-08-11 15:22:07.420,12751,12753,12753,1
2020-08-11 15:22:07.439,12751,12753,12753,2
2020-08-11 15:22:07.446,12751,12753,12753,4
2020-08-11 15:22:07.490,12751,12753,12754,2
2020-08-11 15:22:07.492,12751,12753,12754,2
2020-08-11 15:22:07.719,12752,12754,12754,3
2020-08-11 15:22:07.725,12752,12754,12754,6
2020-08-11 15:22:07.740,12752,12754,12755,6
2020-08-11 15:22:07.777,12754,12755,12754,4
2020-08-11 15:22:07.784,12754,12755,12755,8
2020-08-11 15:22:07.789,12754,12755,12755,2
2020-08-11 15:22:07.911,12754,12755,12755,2
2020-08-11 15:22:07.912,12754,12755,12756,8
2020-08-11 15:22:07.925,12754,12755,12756,4
2020-08-11 15:22:07.926,12754,12755,12756,2
2020-08-11 15:22:08.000,12754,12755,12756,4
2020-08-11 15:22:08.001,12754,12755,12756,2
2020-08-11 15:22:08.048,12754,12756,12756,1
2020-08-11 15:22:08.048,12754,12756,12756,1
2020-08-11 15:22:08.544,12754,12756,12756,1
2020-08-11 15:22:08.674,12754,12756,12756,2
2020-08-11 15:22:08.740,12754,12756,12756,2
2020-08-11 15:22:09.723,12755,12757,12755,2
2020-08-11 15:22:10.347,12754,12756,12755,1
2020-08-11 15:22:11.995,12754,12756,12754,1
2020-08-11 15:22:12.160,12754,12756,12756,1
2020-08-11 15:22:12.428,12754,12756,12754,5
2020-08-11 15:22:14.291,12754,12755,12755,1
2020-08-11 15:22:15.201,12754,12755,12755,3
2020-08-11 15:22:15.633,12754,12755,12755,3
2020-08-11 15:22:16.832,12754,12755,12755,1
2020-08-11 15:22:17.235,12754,12755,12754,1
2020-08-11 15:22:17.434,12753,12755,12755,1
2020-08-11 15:22:17.846,12753,12755,12755,5
2020-08-11 15:22:17.849,12753,12755,12754,2
2020-08-11 15:22:18.047,12753,12755,12754,1
2020-08-11 15:22:18.116,12753,12755,12754,1
2020-08-11 15:22:19.034,12753,12755,12755,1
2020-08-11 15:22:19.275,12753,12755,12755,2
2020-08-11 15:22:20.115,12753,12755,12755,1
2020-08-11 15:22:20.427,12753,12754,12753,3
2020-08-11 15:22:21.309,12752,12754,12754,1
2020-08-11 15:22:22.269,12752,12754,12754,1
2020-08-11 15:22:22.281,12752,12754,12754,1
2020-08-11 15:22:22.281,12752,12754,12754,1
2020-08-11 15:22:22.281,12752,12754,12754,1
2020-08-11 15:22:22.282,12752,12754,12754,1
2020-08-11 15:22:24.792,12752,12754,12753,5
2020-08-11 15:22:26.408,12752,12754,12752,1
2020-08-11 15:22:26.643,12751,12753,12753,3
2020-08-11 15:22:27.308,12751,12753,12753,7
2020-08-11 15:22:27.308,12751,12753,12754,4
2020-08-11 15:22:31.852,12752,12753,12753,1
2020-08-11 15:22:32.241,12752,12754,12754,1
2020-08-11 15:22:32.352,12752,12754,12754,1
2020-08-11 15:22:32.404,12752,12754,12752,1
2020-08-11 15:22:33.664,12752,12754,12752,2
2020-08-11 15:22:34.969,12752,12754,12754,8
2020-08-11 15:22:35.109,12752,12754,12753,1
2020-08-11 15:22:35.739,12752,12754,12752,3
2020-08-11 15:22:36.426,12751,12753,12753,1
2020-08-11 15:22:36.815,12751,12753,12751,1
2020-08-11 15:22:37.139,12751,12753,12752,1
2020-08-11 15:22:38.801,12751,12753,12751,1
2020-08-11 15:22:41.081,12751,12752,12751,3
2020-08-11 15:22:41.596,12751,12752,12752,3
2020-08-11 15:22:45.044,12751,12752,12751,1
2020-08-11 15:22:46.693,12751,12752,12751,1
2020-08-11 15:22:47.579,12751,12752,12751,1
2020-08-11 15:22:47.580,12751,12752,12750,1
2020-08-11 15:22:48.015,12750,12752,12752,2
2020-08-11 15:22:50.054,12751,12752,12751,6
2020-08-11 15:22:55.443,12750,12751,12750,2
2020-08-11 15:22:56.361,12750,12751,12751,8
2020-08-11 15:22:56.362,12750,12751,12751,4
2020-08-11 15:22:58.578,12750,12752,12752,1
2020-08-11 15:23:00.700,12751,12752,12752,1
2020-08-11 15:23:00.701,12751,12752,12752,2
2020-08-11 15:23:00.781,12752,12753,12753,1
2020-08-11 15:23:00.907,12752,12754,12754,1
2020-08-11 15:23:00.907,12752,12754,12754,1
2020-08-11 15:23:00.907,12752,12754,12754,1
2020-08-11 15:23:00.907,12752,12754,12754,1
2020-08-11 15:23:00.912,12752,12754,12754,1
2020-08-11 15:23:00.913,12752,12754,12754,1
2020-08-11 15:23:00.913,12752,12754,12754,2
2020-08-11 15:23:02.436,12752,12754,12752,1
2020-08-11 15:23:03.794,12752,12754,12752,2
2020-08-11 15:23:03.820,12752,12754,12752,2
2020-08-11 15:23:04.115,12752,12754,12752,1
2020-08-11 15:23:16.900,12751,12752,12752,1
2020-08-11 15:23:18.079,12751,12752,12751,1
2020-08-11 15:23:18.951,12751,12752,12752,1
2020-08-11 15:23:19.254,12751,12752,12751,3
2020-08-11 15:23:21.106,12750,12752,12750,5
2020-08-11 15:23:23.621,12750,12751,12750,1
2020-08-11 15:23:25.630,12750,12751,12751,1
2020-08-11 15:23:30.827,12750,12752,12751,1
2020-08-11 15:23:32.356,12751,12752,12751,2
2020-08-11 15:23:35.018,12750,12752,12751,1
2020-08-11 15:23:35.653,12750,12751,12750,9
2020-08-11 15:23:35.653,12750,12751,12749,1
2020-08-11 15:23:36.417,12750,12751,12751,3
2020-08-11 15:23:40.772,12751,12752,12751,1
2020-08-11 15:23:40.828,12751,12752,12751,1
2020-08-11 15:23:42.428,12750,12752,12752,1
2020-08-11 15:23:42.744,12750,12752,12751,1
2020-08-11 15:23:43.058,12751,12752,12752,2
2020-08-11 15:23:44.871,12751,12752,12751,1
2020-08-11 15:23:47.501,12751,12752,12751,1
2020-08-11 15:23:49.734,12751,12752,12751,1
2020-08-11 15:23:50.416,12750,12752,12752,1
2020-08-11 15:23:53.063,12750,12751,12750,3
2020-08-11 15:23:55.351,12749,12751,12750,1
2020-08-11 15:23:57.075,12749,12751,12751,1
2020-08-11 15:24:00.630,12750,12751,12750,1
2020-08-11 15:24:04.746,12749,12750,12750,1
2020-08-11 15:24:06.342,12749,12750,12750,1
2020-08-11 15:24:06.552,12749,12750,12750,4
2020-08-11 15:24:06.553,12749,12750,12750,1
2020-08-11 15:24:12.191,12749,12750,12749,2
2020-08-11 15:24:12.191,12749,12750,12749,12
2020-08-11 15:24:12.359,12748,12749,12749,1
2020-08-11 15:24:13.430,12748,12749,12749,1
2020-08-11 15:24:15.126,12748,12749,12748,5
2020-08-11 15:24:15.718,12748,12749,12748,3
2020-08-11 15:24:17.948,12748,12749,12748,1
2020-08-11 15:24:19.276,12748,12749,12748,4
2020-08-11 15:24:19.696,12747,12749,12747,3
2020-08-11 15:24:20.898,12747,12748,12748,2
2020-08-11 15:24:21.663,12747,12749,12747,1
2020-08-11 15:24:22.072,12747,12749,12749,1
2020-08-11 15:24:24.374,12747,12748,12748,1
2020-08-11 15:24:26.977,12747,12748,12748,1
2020-08-11 15:24:27.996,12747,12748,12747,2
2020-08-11 15:24:29.043,12747,12748,12747,1
2020-08-11 15:24:29.381,12746,12747,12747,1
2020-08-11 15:24:30.177,12746,12747,12747,1
2020-08-11 15:24:30.526,12746,12747,12747,2
2020-08-11 15:24:32.315,12747,12748,12747,1
2020-08-11 15:24:34.891,12747,12748,12747,1
2020-08-11 15:24:37.893,12747,12748,12748,1
2020-08-11 15:24:38.822,12747,12748,12747,6
2020-08-11 15:24:44.799,12747,12748,12748,1
2020-08-11 15:24:50.895,12747,12748,12748,1
2020-08-11 15:24:56.034,12747,12748,12748,1
2020-08-11 15:24:57.419,12747,12748,12747,2
2020-08-11 15:24:57.626,12747,12748,12747,2
2020-08-11 15:24:59.216,12747,12748,12747,1
2020-08-11 15:25:05.135,12747,12748,12748,17
2020-08-11 15:25:06.277,12748,12749,12748,2
2020-08-11 15:25:06.955,12747,12749,12747,1
2020-08-11 15:25:11.161,12747,12748,12748,1
2020-08-11 15:25:13.106,12747,12748,12748,1
2020-08-11 15:25:13.851,12747,12748,12748,1
2020-08-11 15:25:17.930,12747,12748,12748,1
2020-08-11 15:25:18.945,12747,12748,12748,1
2020-08-11 15:25:22.410,12748,12749,12748,1
2020-08-11 15:25:23.455,12748,12749,12749,5
2020-08-11 15:25:23.698,12748,12749,12749,1
2020-08-11 15:25:27.033,12748,12749,12748,1
2020-08-11 15:25:27.387,12747,12748,12748,1
2020-08-11 15:25:33.370,12748,12749,12748,1
2020-08-11 15:25:33.597,12748,12749,12749,1
2020-08-11 15:25:34.964,12748,12749,12749,1
2020-08-11 15:25:35.185,12748,12749,12748,7
2020-08-11 15:25:37.324,12747,12748,12747,9
2020-08-11 15:25:40.633,12746,12748,12746,1
2020-08-11 15:25:41.151,12746,12748,12746,2
2020-08-11 15:25:48.708,12747,12748,12748,1
2020-08-11 15:25:50.671,12747,12748,12747,1
2020-08-11 15:25:51.534,12747,12748,12747,5
2020-08-11 15:25:51.728,12747,12748,12747,1
2020-08-11 15:25:52.477,12747,12748,12748,1
2020-08-11 15:25:53.108,12747,12748,12747,1
2020-08-11 15:25:54.346,12746,12747,12746,1
2020-08-11 15:25:54.486,12746,12747,12747,1
2020-08-11 15:25:57.587,12747,12748,12747,1
2020-08-11 15:26:05.109,12747,12748,12747,1
2020-08-11 15:26:08.416,12747,12748,12748,22
2020-08-11 15:26:10.996,12748,12749,12748,1
2020-08-11 15:26:12.885,12748,12749,12748,1
2020-08-11 15:26:19.379,12747,12749,12749,1
2020-08-11 15:26:21.241,12748,12749,12748,1
2020-08-11 15:26:22.909,12748,12749,12748,1
2020-08-11 15:26:28.283,12748,12749,12748,1
2020-08-11 15:26:29.359,12748,12749,12748,3
2020-08-11 15:26:29.898,12747,12748,12748,1
2020-08-11 15:26:30.868,12747,12748,12747,1
2020-08-11 15:26:41.782,12747,12748,12747,8
2020-08-11 15:26:45.966,12746,12747,12747,1
2020-08-11 15:26:48.193,12747,12748,12747,1
2020-08-11 15:26:54.554,12746,12747,12747,1
2020-08-11 15:26:54.554,12746,12747,12747,4
2020-08-11 15:26:56.267,12746,12747,12746,1
2020-08-11 15:26:56.479,12746,12747,12747,1
2020-08-11 15:26:58.214,12746,12748,12746,1
2020-08-11 15:27:01.811,12746,12747,12747,2
2020-08-11 15:27:02.087,12746,12747,12747,3
2020-08-11 15:27:02.087,12746,12747,12748,1
2020-08-11 15:27:02.453,12746,12747,12747,1
2020-08-11 15:27:02.461,12746,12747,12747,4
2020-08-11 15:27:03.049,12747,12748,12747,1
2020-08-11 15:27:05.326,12746,12748,12748,2
2020-08-11 15:27:10.968,12746,12747,12747,1
2020-08-11 15:27:13.553,12747,12748,12748,1
2020-08-11 15:27:19.411,12746,12748,12746,1
2020-08-11 15:27:19.679,12746,12747,12747,1
2020-08-11 15:27:23.711,12747,12748,12747,1
2020-08-11 15:27:24.084,12747,12748,12748,19
2020-08-11 15:27:33.173,12747,12748,12748,2
2020-08-11 15:27:40.317,12748,12749,12749,1
2020-08-11 15:27:40.318,12748,12749,12749,3
2020-08-11 15:27:40.318,12748,12749,12749,5
2020-08-11 15:27:40.534,12748,12749,12749,1
2020-08-11 15:27:45.588,12749,12750,12749,1
2020-08-11 15:27:49.452,12749,12750,12749,1
2020-08-11 15:27:55.284,12749,12750,12750,3
2020-08-11 15:27:55.284,12749,12750,12750,6
2020-08-11 15:27:55.285,12749,12750,12750,1
2020-08-11 15:27:55.285,12749,12750,12750,3
2020-08-11 15:27:56.034,12749,12751,12749,1
2020-08-11 15:28:04.862,12749,12750,12749,3
2020-08-11 15:28:05.939,12748,12749,12748,1
2020-08-11 15:28:06.194,12747,12749,12749,1
2020-08-11 15:28:12.116,12747,12749,12749,1
2020-08-11 15:28:14.465,12747,12748,12747,4
2020-08-11 15:28:16.109,12746,12748,12747,1
2020-08-11 15:28:19.019,12746,12748,12748,1
2020-08-11 15:28:20.169,12746,12747,12747,1
2020-08-11 15:28:20.870,12746,12748,12748,1
2020-08-11 15:28:23.703,12746,12747,12747,3
2020-08-11 15:28:29.617,12746,12747,12746,8
2020-08-11 15:28:30.694,12746,12747,12746,7
2020-08-11 15:28:41.792,12746,12748,12746,1
2020-08-11 15:28:44.846,12746,12748,12746,1
2020-08-11 15:28:47.598,12746,12748,12747,3
2020-08-11 15:28:51.532,12746,12747,12747,3
2020-08-11 15:28:58.641,12746,12747,12746,1
2020-08-11 15:29:03.765,12745,12746,12745,11
2020-08-11 15:29:04.421,12744,12746,12746,1
2020-08-11 15:29:04.700,12744,12746,12746,3
2020-08-11 15:29:04.711,12744,12746,12746,3
2020-08-11 15:29:07.188,12745,12746,12746,1
2020-08-11 15:29:07.188,12745,12746,12747,1
2020-08-11 15:29:07.287,12745,12746,12746,1
2020-08-11 15:29:07.390,12745,12746,12747,2
2020-08-11 15:29:09.224,12745,12747,12747,2
2020-08-11 15:29:09.225,12745,12747,12747,2
2020-08-11 15:29:09.322,12745,12747,12747,2
2020-08-11 15:29:09.422,12746,12747,12747,1
2020-08-11 15:29:09.422,12746,12747,12748,1
2020-08-11 15:29:09.626,12746,12748,12748,2
2020-08-11 15:29:09.725,12746,12748,12748,4
2020-08-11 15:29:09.827,12746,12747,12747,1
2020-08-11 15:29:09.827,12746,12747,12748,1
2020-08-11 15:29:13.388,12748,12749,12749,36
2020-08-11 15:29:13.388,12748,12749,12749,1
2020-08-11 15:29:13.528,12749,12750,12750,1
2020-08-11 15:29:13.528,12749,12750,12750,1
2020-08-11 15:29:14.187,12749,12750,12749,2
2020-08-11 15:29:15.449,12749,12750,12750,3
2020-08-11 15:29:15.449,12749,12750,12750,1
2020-08-11 15:29:16.311,12749,12750,12750,1
2020-08-11 15:29:16.639,12750,12751,12750,1
2020-08-11 15:29:16.639,12750,12751,12749,1
2020-08-11 15:29:18.963,12749,12750,12749,1
2020-08-11 15:29:21.282,12748,12749,12749,1
2020-08-11 15:29:23.334,12748,12750,12749,1
2020-08-11 15:29:24.221,12748,12750,12748,1
2020-08-11 15:29:27.145,12748,12749,12748,1
2020-08-11 15:29:31.542,12748,12749,12749,1
2020-08-11 15:29:33.976,12748,12749,12748,3
2020-08-11 15:29:41.288,12748,12749,12749,1
2020-08-11 15:29:41.431,12748,12750,12750,1
2020-08-11 15:29:45.491,12748,12750,12748,1
2020-08-11 15:29:46.787,12749,12750,12750,1
2020-08-11 15:29:49.366,12748,12750,12750,1
2020-08-11 15:29:50.472,12748,12749,12749,1
2020-08-11 15:29:51.347,12748,12750,12749,1
2020-08-11 15:29:59.164,12748,12750,12750,1
2020-08-11 15:30:01.517,12749,12750,12750,1
2020-08-11 15:30:01.517,12749,12750,12750,5
2020-08-11 15:30:01.978,12750,12751,12751,1
2020-08-11 15:30:02.312,12750,12751,12750,1
2020-08-11 15:30:02.365,12750,12751,12751,1
2020-08-11 15:30:02.429,12750,12752,12750,7
2020-08-11 15:30:04.736,12750,12751,12751,1
2020-08-11 15:30:05.713,12751,12752,12752,6
2020-08-11 15:30:06.157,12751,12752,12752,4
2020-08-11 15:30:08.830,12751,12753,12751,2
2020-08-11 15:30:10.327,12751,12753,12753,4
2020-08-11 15:30:11.140,12751,12753,12753,1
2020-08-11 15:30:11.142,12751,12753,12753,2
2020-08-11 15:30:12.218,12752,12753,12753,1
2020-08-11 15:30:13.173,12753,12754,12753,1
2020-08-11 15:30:15.942,12753,12754,12753,1
2020-08-11 15:30:16.513,12753,12754,12754,1
2020-08-11 15:30:16.513,12753,12754,12754,9
2020-08-11 15:30:16.514,12753,12754,12754,2
2020-08-11 15:30:16.514,12753,12754,12754,3
2020-08-11 15:30:17.022,12754,12755,12755,1
2020-08-11 15:30:18.014,12754,12755,12755,5
2020-08-11 15:30:18.155,12754,12755,12754,1
2020-08-11 15:30:18.258,12754,12755,12755,1
2020-08-11 15:30:19.436,12753,12754,12754,1
2020-08-11 15:30:19.808,12753,12755,12755,1
2020-08-11 15:30:21.477,12753,12755,12755,1
2020-08-11 15:30:22.404,12753,12755,12754,1
2020-08-11 15:30:24.871,12753,12754,12754,2
2020-08-11 15:30:29.601,12754,12755,12754,1
2020-08-11 15:30:30.142,12754,12755,12754,1
2020-08-11 15:30:30.318,12753,12755,12755,2
2020-08-11 15:30:32.456,12753,12755,12755,1
2020-08-11 15:30:32.733,12753,12755,12753,1
2020-08-11 15:30:32.841,12753,12755,12755,1
2020-08-11 15:30:33.212,12753,12755,12755,1
2020-08-11 15:30:37.819,12754,12755,12755,6
2020-08-11 15:30:38.186,12754,12755,12754,1
2020-08-11 15:30:39.582,12754,12755,12755,1
2020-08-11 15:30:39.868,12754,12755,12755,5
2020-08-11 15:30:42.556,12754,12756,12755,1
2020-08-11 15:30:43.136,12754,12756,12754,2
2020-08-11 15:30:45.169,12753,12755,12755,1
2020-08-11 15:30:45.336,12753,12755,12754,1
2020-08-11 15:30:48.023,12754,12755,12754,2
2020-08-11 15:30:49.224,12753,12754,12754,2
2020-08-11 15:30:53.024,12754,12755,12754,1
2020-08-11 15:30:57.436,12754,12755,12754,4
2020-08-11 15:30:57.436,12754,12755,12754,2
2020-08-11 15:30:57.437,12754,12755,12754,4
2020-08-11 15:31:01.289,12754,12755,12755,1
2020-08-11 15:31:01.289,12754,12755,12755,3
2020-08-11 15:31:03.100,12755,12756,12756,10
2020-08-11 15:31:03.155,12755,12757,12757,1
2020-08-11 15:31:03.155,12755,12757,12757,1
2020-08-11 15:31:03.155,12755,12757,12757,1
2020-08-11 15:31:03.155,12755,12757,12757,1
2020-08-11 15:31:03.155,12755,12757,12757,1
2020-08-11 15:31:03.156,12755,12757,12757,1
2020-08-11 15:31:03.188,12755,12757,12757,1
2020-08-11 15:31:03.210,12755,12757,12755,1
2020-08-11 15:31:03.231,12755,12757,12757,1
2020-08-11 15:31:03.297,12755,12757,12757,2
2020-08-11 15:31:03.301,12755,12757,12757,1
2020-08-11 15:31:03.301,12755,12757,12757,2
2020-08-11 15:31:03.303,12755,12757,12757,1
2020-08-11 15:31:03.316,12755,12757,12757,2
2020-08-11 15:31:03.316,12755,12757,12757,6
2020-08-11 15:31:03.529,12756,12758,12758,1
2020-08-11 15:31:03.542,12756,12758,12758,1
2020-08-11 15:31:03.553,12756,12758,12758,1
2020-08-11 15:31:03.553,12756,12758,12758,1
2020-08-11 15:31:03.653,12756,12758,12758,3
2020-08-11 15:31:03.721,12756,12758,12758,2
2020-08-11 15:31:03.735,12756,12758,12758,1
2020-08-11 15:31:03.760,12756,12758,12758,1
2020-08-11 15:31:03.762,12756,12758,12758,1
2020-08-11 15:31:03.764,12756,12758,12758,3
2020-08-11 15:31:03.807,12756,12758,12758,1
2020-08-11 15:31:03.969,12756,12758,12758,1
2020-08-11 15:31:04.016,12756,12758,12758,1
2020-08-11 15:31:04.051,12756,12758,12758,1
2020-08-11 15:31:04.057,12756,12758,12758,2
2020-08-11 15:31:04.061,12756,12758,12758,2
2020-08-11 15:31:04.093,12756,12758,12758,1
2020-08-11 15:31:04.093,12756,12758,12759,1
2020-08-11 15:31:04.252,12757,12759,12759,1
2020-08-11 15:31:04.288,12757,12759,12758,2
2020-08-11 15:31:04.311,12757,12759,12757,2
2020-08-11 15:31:04.497,12757,12759,12759,1
2020-08-11 15:31:04.704,12757,12758,12758,1
2020-08-11 15:31:04.827,12757,12758,12758,1
2020-08-11 15:31:05.470,12757,12759,12757,1
2020-08-11 15:31:05.541,12756,12757,12757,1
2020-08-11 15:31:06.784,12756,12758,12756,1
2020-08-11 15:31:08.579,12756,12757,12757,2
2020-08-11 15:31:08.583,12756,12757,12758,1
2020-08-11 15:31:08.912,12756,12758,12756,2
2020-08-11 15:31:09.856,12756,12758,12758,1
2020-08-11 15:31:10.541,12756,12757,12756,5
2020-08-11 15:31:10.541,12756,12757,12756,1
2020-08-11 15:31:10.541,12756,12757,12756,1
2020-08-11 15:31:10.860,12755,12757,12757,1
2020-08-11 15:31:12.412,12756,12757,12756,1
2020-08-11 15:31:13.116,12756,12757,12756,1
2020-08-11 15:31:13.480,12755,12756,12755,1
2020-08-11 15:31:13.703,12755,12756,12756,1
2020-08-11 15:31:14.621,12755,12757,12757,1
2020-08-11 15:31:15.428,12755,12757,12757,1
2020-08-11 15:31:15.840,12756,12757,12757,2
2020-08-11 15:31:16.289,12756,12757,12756,1
2020-08-11 15:31:18.757,12756,12757,12756,1
2020-08-11 15:31:21.780,12756,12757,12757,1
2020-08-11 15:31:22.505,12756,12757,12756,1
2020-08-11 15:31:22.912,12756,12758,12758,15
2020-08-11 15:31:24.291,12757,12758,12758,1
2020-08-11 15:31:24.920,12757,12758,12758,4
2020-08-11 15:31:24.920,12757,12758,12758,2
2020-08-11 15:31:25.193,12757,12759,12759,1
2020-08-11 15:31:25.380,12757,12759,12759,1
2020-08-11 15:31:27.407,12757,12758,12757,1
2020-08-11 15:31:27.590,12757,12758,12758,2
2020-08-11 15:31:28.381,12757,12758,12757,1
2020-08-11 15:31:29.434,12757,12758,12758,2
2020-08-11 15:31:30.327,12757,12758,12758,1
2020-08-11 15:31:31.839,12757,12758,12758,10
2020-08-11 15:31:31.840,12757,12758,12758,3
2020-08-11 15:31:32.051,12757,12759,12757,1
2020-08-11 15:31:34.546,12757,12758,12757,2
2020-08-11 15:31:36.763,12757,12758,12757,1
2020-08-11 15:31:39.250,12756,12757,12756,26
2020-08-11 15:31:39.292,12755,12756,12755,5
2020-08-11 15:31:39.292,12755,12756,12755,1
2020-08-11 15:31:39.374,12755,12756,12755,2
2020-08-11 15:31:39.374,12755,12756,12755,2
2020-08-11 15:31:41.778,12753,12755,12755,1
2020-08-11 15:31:42.499,12753,12755,12755,1
2020-08-11 15:31:43.909,12753,12755,12755,1
2020-08-11 15:31:44.090,12753,12755,12753,5
2020-08-11 15:31:44.230,12753,12755,12755,1
2020-08-11 15:31:44.917,12753,12755,12755,1
2020-08-11 15:31:48.510,12755,12756,12755,1
2020-08-11 15:31:48.723,12754,12756,12755,1
2020-08-11 15:31:51.327,12755,12756,12755,1
2020-08-11 15:31:51.327,12755,12756,12755,4
2020-08-11 15:31:53.100,12755,12756,12756,3
2020-08-11 15:31:54.055,12755,12756,12755,1
2020-08-11 15:31:54.070,12755,12756,12755,1
2020-08-11 15:31:54.225,12754,12756,12755,1
2020-08-11 15:31:58.859,12755,12756,12756,1
2020-08-11 15:32:01.367,12755,12756,12755,1
2020-08-11 15:32:01.633,12754,12756,12756,1
2020-08-11 15:32:01.655,12754,12756,12756,1
2020-08-11 15:32:01.655,12754,12756,12756,1
2020-08-11 15:32:01.661,12754,12756,12756,1
2020-08-11 15:32:01.663,12754,12756,12756,1
2020-08-11 15:32:01.942,12755,12756,12756,4
2020-08-11 15:32:01.942,12755,12756,12756,2
2020-08-11 15:32:01.942,12755,12756,12756,2
2020-08-11 15:32:02.462,12756,12757,12756,1
2020-08-11 15:32:02.876,12756,12757,12756,1
2020-08-11 15:32:04.913,12755,12756,12755,1
2020-08-11 15:32:06.291,12754,12755,12755,1
2020-08-11 15:32:09.097,12754,12755,12754,3
2020-08-11 15:32:09.953,12753,12755,12755,1
2020-08-11 15:32:10.160,12753,12755,12753,1
2020-08-11 15:32:11.016,12753,12755,12753,1
2020-08-11 15:32:15.265,12753,12755,12755,1
2020-08-11 15:32:21.583,12754,12755,12755,1
2020-08-11 15:32:26.014,12754,12755,12754,1
2020-08-11 15:32:26.234,12753,12754,12754,4
2020-08-11 15:32:26.651,12753,12755,12755,15
2020-08-11 15:32:35.828,12754,12755,12755,1
2020-08-11 15:32:35.905,12754,12755,12755,1
2020-08-11 15:32:35.906,12754,12755,12755,1
2020-08-11 15:32:35.907,12754,12755,12755,1
2020-08-11 15:32:35.908,12754,12755,12755,1
2020-08-11 15:32:35.908,12754,12755,12756,1
2020-08-11 15:32:37.232,12754,12755,12755,1
2020-08-11 15:32:39.294,12754,12756,12755,3
2020-08-11 15:32:39.417,12754,12756,12754,1
2020-08-11 15:32:39.418,12754,12756,12755,2
2020-08-11 15:32:39.641,12754,12755,12755,3
2020-08-11 15:32:41.398,12754,12755,12755,1
2020-08-11 15:32:43.940,12755,12756,12755,1
2020-08-11 15:32:45.078,12755,12756,12755,1
2020-08-11 15:32:46.713,12755,12756,12755,1
2020-08-11 15:32:48.128,12755,12756,12755,1
2020-08-11 15:32:48.715,12755,12756,12755,12
2020-08-11 15:32:48.716,12755,12756,12755,3
2020-08-11 15:32:48.717,12755,12756,12755,3
2020-08-11 15:32:50.031,12755,12756,12756,1
2020-08-11 15:32:53.689,12755,12756,12756,1
2020-08-11 15:32:54.017,12755,12756,12755,2
2020-08-11 15:32:54.019,12755,12756,12755,1
2020-08-11 15:32:55.089,12754,12756,12755,1
2020-08-11 15:32:55.796,12754,12755,12755,1
2020-08-11 15:32:59.547,12755,12756,12755,1
2020-08-11 15:33:00.491,12754,12755,12755,1
2020-08-11 15:33:02.606,12755,12756,12755,2
2020-08-11 15:33:04.175,12755,12756,12755,12
2020-08-11 15:33:04.491,12754,12755,12755,1
2020-08-11 15:33:05.899,12755,12756,12755,1
2020-08-11 15:33:07.911,12755,12756,12755,1
2020-08-11 15:33:13.576,12755,12756,12755,1
2020-08-11 15:33:15.240,12754,12756,12755,1
2020-08-11 15:33:18.877,12754,12755,12755,2
2020-08-11 15:33:19.815,12754,12755,12755,2
2020-08-11 15:33:19.815,12754,12755,12755,5
2020-08-11 15:33:19.815,12754,12755,12755,1
2020-08-11 15:33:21.668,12755,12756,12755,1
2020-08-11 15:33:22.154,12755,12756,12755,1
2020-08-11 15:33:23.082,12755,12756,12755,1
2020-08-11 15:33:27.452,12755,12756,12756,10
2020-08-11 15:33:27.890,12755,12756,12756,9
2020-08-11 15:33:29.054,12755,12756,12756,10
2020-08-11 15:33:29.151,12755,12756,12756,4
2020-08-11 15:33:29.672,12755,12756,12756,4
2020-08-11 15:33:32.387,12756,12757,12756,1
2020-08-11 15:33:34.800,12756,12757,12756,2
2020-08-11 15:33:37.857,12756,12757,12757,3
2020-08-11 15:33:38.561,12756,12757,12757,1
2020-08-11 15:33:38.561,12756,12757,12757,3
2020-08-11 15:33:38.561,12756,12757,12757,2
2020-08-11 15:33:39.906,12757,12758,12757,1
2020-08-11 15:33:40.765,12757,12758,12757,1
2020-08-11 15:33:40.993,12757,12758,12758,1
2020-08-11 15:33:43.965,12757,12758,12757,5
2020-08-11 15:33:46.386,12756,12757,12756,6
2020-08-11 15:33:47.685,12755,12756,12756,1
2020-08-11 15:33:48.012,12755,12756,12755,5
2020-08-11 15:33:48.012,12755,12756,12755,9
2020-08-11 15:33:49.531,12754,12755,12755,1
2020-08-11 15:33:49.682,12754,12755,12754,2
2020-08-11 15:33:51.166,12753,12754,12753,7
2020-08-11 15:33:54.290,12751,12752,12751,1
2020-08-11 15:33:54.633,12750,12752,12750,1
2020-08-11 15:33:55.868,12750,12751,12750,2
2020-08-11 15:33:55.868,12750,12751,12750,3
2020-08-11 15:33:57.843,12749,12751,12750,1
2020-08-11 15:33:58.311,12749,12750,12750,1
2020-08-11 15:34:01.596,12750,12751,12750,1
2020-08-11 15:34:02.232,12749,12750,12750,1
2020-08-11 15:34:02.429,12750,12751,12750,1
2020-08-11 15:34:03.445,12750,12751,12750,1
2020-08-11 15:34:04.430,12750,12751,12750,1
2020-08-11 15:34:04.591,12749,12751,12749,1
2020-08-11 15:34:04.991,12749,12751,12749,1
2020-08-11 15:34:06.258,12749,12751,12750,2
2020-08-11 15:34:07.597,12749,12751,12749,1
2020-08-11 15:34:09.600,12749,12750,12750,1
2020-08-11 15:34:09.610,12749,12750,12749,15
2020-08-11 15:34:09.620,12749,12750,12750,6
2020-08-11 15:34:09.621,12749,12750,12750,1
2020-08-11 15:34:09.621,12749,12750,12750,5
2020-08-11 15:34:12.161,12749,12750,12749,4
2020-08-11 15:34:12.162,12749,12750,12749,2
2020-08-11 15:34:13.932,12748,12750,12750,1
2020-08-11 15:34:14.880,12748,12750,12749,1
2020-08-11 15:34:19.067,12748,12749,12748,4
2020-08-11 15:34:19.992,12748,12749,12749,1
2020-08-11 15:34:22.299,12748,12750,12748,2
2020-08-11 15:34:26.346,12749,12750,12749,1
2020-08-11 15:34:26.346,12749,12750,12748,1
2020-08-11 15:34:26.958,12748,12750,12748,1
2020-08-11 15:34:29.291,12748,12750,12750,1
2020-08-11 15:34:30.334,12749,12750,12750,5
2020-08-11 15:34:37.381,12749,12750,12750,1
2020-08-11 15:34:39.167,12750,12751,12750,1
2020-08-11 15:34:51.067,12750,12751,12750,1
2020-08-11 15:34:55.031,12750,12751,12751,1
2020-08-11 15:34:55.032,12750,12751,12751,2
2020-08-11 15:34:55.032,12750,12751,12751,1
2020-08-11 15:34:55.032,12750,12751,12751,2
2020-08-11 15:34:55.032,12750,12751,12751,8
2020-08-11 15:34:56.211,12751,12752,12752,2
2020-08-11 15:34:56.648,12752,12753,12751,1
2020-08-11 15:34:58.906,12751,12753,12751,1
2020-08-11 15:35:00.335,12751,12753,12752,1
2020-08-11 15:35:04.476,12752,12753,12753,2
2020-08-11 15:35:04.477,12752,12753,12753,1
2020-08-11 15:35:09.976,12752,12753,12753,1
2020-08-11 15:35:12.181,12752,12753,12753,2
2020-08-11 15:35:14.891,12753,12754,12754,1
2020-08-11 15:35:18.149,12753,12755,12755,1
2020-08-11 15:35:18.185,12753,12755,12755,3
2020-08-11 15:35:22.107,12753,12755,12755,1
2020-08-11 15:35:22.906,12753,12755,12755,3
2020-08-11 15:35:26.717,12753,12755,12755,1
2020-08-11 15:35:28.701,12753,12755,12753,2
2020-08-11 15:35:42.591,12753,12754,12754,1
2020-08-11 15:35:46.364,12753,12755,12755,10
2020-08-11 15:35:46.365,12753,12755,12754,1
2020-08-11 15:35:52.909,12754,12755,12754,10
2020-08-11 15:36:01.980,12753,12754,12754,1
2020-08-11 15:36:02.253,12753,12755,12755,1
2020-08-11 15:36:03.308,12754,12755,12755,2
2020-08-11 15:36:14.657,12754,12755,12755,5
2020-08-11 15:36:14.657,12754,12755,12755,2
2020-08-11 15:36:17.288,12755,12756,12756,1
2020-08-11 15:36:17.288,12755,12756,12756,5
2020-08-11 15:36:17.288,12755,12756,12756,3
2020-08-11 15:36:17.289,12755,12756,12756,1
2020-08-11 15:36:17.289,12755,12756,12756,2
2020-08-11 15:36:17.289,12755,12756,12756,1
2020-08-11 15:36:17.289,12755,12756,12756,8
2020-08-11 15:36:17.541,12756,12757,12757,3
2020-08-11 15:36:17.828,12757,12758,12758,1
2020-08-11 15:36:22.394,12757,12758,12757,2
2020-08-11 15:36:22.917,12757,12758,12758,1
2020-08-11 15:36:25.412,12757,12758,12757,2
2020-08-11 15:36:26.276,12755,12757,12757,1
2020-08-11 15:36:26.851,12755,12757,12757,2
2020-08-11 15:36:27.113,12755,12757,12757,1
2020-08-11 15:36:28.411,12754,12756,12756,1
2020-08-11 15:36:28.592,12754,12756,12756,1
2020-08-11 15:36:32.441,12754,12756,12756,1
2020-08-11 15:36:32.847,12754,12756,12756,4
2020-08-11 15:36:32.847,12754,12756,12757,6
2020-08-11 15:36:33.048,12755,12757,12756,1
2020-08-11 15:36:35.233,12755,12756,12755,1
2020-08-11 15:36:35.889,12754,12755,12755,1
2020-08-11 15:36:36.088,12754,12755,12754,1
2020-08-11 15:36:36.484,12753,12755,12753,1
2020-08-11 15:36:38.480,12753,12755,12755,1
2020-08-11 15:36:42.657,12753,12754,12753,1
2020-08-11 15:36:42.802,12753,12754,12754,1
2020-08-11 15:36:43.644,12753,12754,12753,5
2020-08-11 15:36:45.148,12752,12753,12753,1
2020-08-11 15:36:45.857,12753,12754,12753,3
2020-08-11 15:36:47.579,12752,12753,12752,1
2020-08-11 15:36:47.579,12752,12753,12752,2
2020-08-11 15:36:47.579,12752,12753,12752,4
2020-08-11 15:36:47.579,12752,12753,12752,3
2020-08-11 15:36:50.722,12751,12752,12751,1
2020-08-11 15:36:53.451,12751,12752,12752,7
2020-08-11 15:36:53.451,12751,12752,12752,1
2020-08-11 15:36:53.452,12751,12752,12752,4
2020-08-11 15:36:53.452,12751,12752,12752,13
2020-08-11 15:36:54.675,12751,12753,12751,4
2020-08-11 15:37:02.200,12752,12753,12753,3
2020-08-11 15:37:02.690,12752,12753,12752,1
2020-08-11 15:37:07.009,12752,12753,12752,1
2020-08-11 15:37:07.325,12752,12753,12752,6
2020-08-11 15:37:07.812,12752,12753,12752,5
2020-08-11 15:37:07.812,12752,12753,12752,1
2020-08-11 15:37:07.812,12752,12753,12752,11
2020-08-11 15:37:13.640,12751,12752,12751,1
2020-08-11 15:37:14.136,12750,12752,12750,1
2020-08-11 15:37:16.210,12751,12752,12752,1
2020-08-11 15:37:16.210,12751,12752,12752,2
2020-08-11 15:37:16.210,12751,12752,12752,2
2020-08-11 15:37:16.471,12752,12754,12754,1
2020-08-11 15:37:17.224,12752,12754,12752,1
2020-08-11 15:37:21.721,12752,12754,12752,3
2020-08-11 15:37:24.806,12753,12754,12753,1
2020-08-11 15:37:25.881,12752,12754,12752,1
2020-08-11 15:37:26.649,12752,12754,12752,2
2020-08-11 15:37:33.714,12752,12753,12752,1
2020-08-11 15:37:38.798,12752,12753,12753,2
2020-08-11 15:37:38.798,12752,12753,12754,5
2020-08-11 15:37:41.485,12752,12753,12752,1
2020-08-11 15:37:44.415,12752,12753,12753,1
2020-08-11 15:37:54.005,12752,12753,12753,1
2020-08-11 15:37:57.010,12752,12753,12752,5
2020-08-11 15:37:57.952,12751,12752,12751,1
2020-08-11 15:37:59.357,12751,12752,12752,1
2020-08-11 15:38:07.488,12752,12753,12752,1
2020-08-11 15:38:09.666,12752,12753,12753,2
2020-08-11 15:38:22.612,12753,12754,12753,1
2020-08-11 15:38:26.106,12752,12754,12754,1
2020-08-11 15:38:26.322,12752,12754,12753,1
2020-08-11 15:38:30.800,12752,12753,12753,1
2020-08-11 15:38:36.666,12753,12754,12753,1
2020-08-11 15:38:46.021,12753,12754,12754,4
2020-08-11 15:38:46.310,12754,12755,12754,1
2020-08-11 15:39:09.080,12752,12753,12753,1
2020-08-11 15:39:13.491,12752,12753,12752,3
2020-08-11 15:39:13.815,12751,12752,12752,2
2020-08-11 15:39:18.603,12751,12752,12752,1
2020-08-11 15:39:26.255,12751,12752,12752,1
2020-08-11 15:39:36.309,12751,12752,12752,1
2020-08-11 15:39:50.974,12751,12752,12751,2
2020-08-11 15:39:50.974,12751,12752,12751,18
2020-08-11 15:39:50.975,12751,12752,12751,5
2020-08-11 15:39:50.975,12751,12752,12751,1
2020-08-11 15:39:54.220,12750,12751,12751,1
2020-08-11 15:39:55.714,12750,12752,12750,1
2020-08-11 15:40:05.849,12750,12751,12750,1
2020-08-11 15:40:08.169,12750,12751,12750,1
2020-08-11 15:40:08.362,12750,12751,12750,1
2020-08-11 15:40:10.089,12750,12751,12751,3
2020-08-11 15:40:11.222,12751,12752,12751,1
2020-08-11 15:40:26.760,12751,12752,12751,1
2020-08-11 15:40:31.669,12751,12752,12752,9
2020-08-11 15:40:36.282,12752,12753,12753,3
2020-08-11 15:40:36.282,12752,12753,12753,1
2020-08-11 15:40:40.879,12753,12754,12754,1
2020-08-11 15:40:51.120,12753,12754,12753,1
2020-08-11 15:41:12.316,12753,12754,12753,1
2020-08-11 15:41:22.157,12753,12754,12754,1
2020-08-11 15:41:25.138,12753,12754,12754,1
2020-08-11 15:41:26.359,12753,12754,12753,2
2020-08-11 15:41:26.359,12753,12754,12753,1
2020-08-11 15:41:28.374,12752,12753,12753,1
2020-08-11 15:41:28.472,12752,12753,12753,1
2020-08-11 15:41:29.588,12752,12753,12752,4
2020-08-11 15:41:40.526,12751,12753,12753,1
2020-08-11 15:41:40.755,12751,12753,12753,1
2020-08-11 15:41:43.118,12751,12753,12752,1
2020-08-11 15:41:44.272,12751,12752,12752,1
2020-08-11 15:41:48.964,12752,12753,12752,1
2020-08-11 15:41:56.073,12752,12753,12752,2
2020-08-11 15:42:04.009,12752,12753,12752,4
2020-08-11 15:42:04.009,12752,12753,12752,2
2020-08-11 15:42:04.010,12752,12753,12752,2
2020-08-11 15:42:08.715,12751,12752,12752,1
2020-08-11 15:42:19.232,12752,12753,12752,1
2020-08-11 15:42:32.060,12751,12752,12751,4
2020-08-11 15:42:32.061,12751,12752,12751,2
2020-08-11 15:42:32.061,12751,12752,12751,5
2020-08-11 15:42:32.198,12750,12751,12750,2
2020-08-11 15:42:32.248,12750,12751,12750,2
2020-08-11 15:42:32.277,12750,12751,12750,2
2020-08-11 15:42:32.499,12750,12751,12750,1
2020-08-11 15:42:32.503,12750,12751,12750,2
2020-08-11 15:42:32.591,12750,12751,12750,3
2020-08-11 15:42:32.591,12750,12751,12750,4
2020-08-11 15:42:35.405,12749,12750,12750,1
2020-08-11 15:42:40.555,12750,12751,12750,1
2020-08-11 15:42:41.111,12749,12751,12751,1
2020-08-11 15:42:42.269,12750,12751,12751,4
2020-08-11 15:42:43.203,12750,12751,12751,2
2020-08-11 15:43:02.628,12751,12752,12751,1
2020-08-11 15:43:05.876,12751,12752,12752,1
2020-08-11 15:43:11.195,12751,12752,12752,7
2020-08-11 15:43:16.190,12752,12753,12753,2
2020-08-11 15:43:16.190,12752,12753,12753,2
2020-08-11 15:43:16.190,12752,12753,12753,3
2020-08-11 15:43:16.247,12752,12753,12753,1
2020-08-11 15:43:18.437,12753,12754,12754,8
2020-08-11 15:43:24.251,12754,12755,12754,2
2020-08-11 15:43:29.832,12754,12755,12755,1
2020-08-11 15:43:30.019,12754,12755,12755,1
2020-08-11 15:43:32.468,12754,12755,12755,2
2020-08-11 15:43:32.468,12754,12755,12755,4
2020-08-11 15:43:47.033,12755,12756,12756,1
2020-08-11 15:43:47.363,12755,12756,12756,10
2020-08-11 15:43:49.408,12755,12757,12757,6
2020-08-11 15:43:53.266,12756,12757,12756,1
2020-08-11 15:43:53.956,12756,12757,12757,3
2020-08-11 15:43:53.957,12756,12757,12758,5
2020-08-11 15:43:53.985,12756,12757,12758,1
2020-08-11 15:43:54.398,12757,12758,12757,1
2020-08-11 15:43:56.458,12756,12758,12758,1
2020-08-11 15:43:58.604,12757,12758,12758,3
2020-08-11 15:43:59.285,12757,12758,12757,1
2020-08-11 15:43:59.773,12757,12758,12757,5
2020-08-11 15:44:00.159,12757,12758,12757,1
2020-08-11 15:44:02.654,12757,12758,12757,1
2020-08-11 15:44:02.779,12757,12758,12758,1
2020-08-11 15:44:02.780,12757,12758,12758,1
2020-08-11 15:44:02.780,12757,12758,12758,1
2020-08-11 15:44:02.781,12757,12758,12758,1
2020-08-11 15:44:02.781,12757,12758,12759,1
2020-08-11 15:44:02.781,12757,12758,12759,1
2020-08-11 15:44:02.783,12757,12758,12759,1
2020-08-11 15:44:02.797,12757,12758,12759,1
2020-08-11 15:44:03.334,12757,12759,12759,1
2020-08-11 15:44:04.276,12758,12759,12759,10
2020-08-11 15:44:06.555,12759,12760,12760,1
2020-08-11 15:44:06.568,12759,12760,12760,6
2020-08-11 15:44:06.568,12759,12760,12760,5
2020-08-11 15:44:06.568,12759,12760,12760,4
2020-08-11 15:44:06.568,12759,12760,12760,2
2020-08-11 15:44:06.687,12760,12761,12761,1
2020-08-11 15:44:06.770,12760,12761,12761,1
2020-08-11 15:44:06.878,12760,12761,12761,6
2020-08-11 15:44:06.888,12760,12761,12762,1
2020-08-11 15:44:06.892,12760,12761,12762,2
2020-08-11 15:44:06.966,12761,12762,12762,1
2020-08-11 15:44:06.979,12761,12762,12762,1
2020-08-11 15:44:07.029,12761,12762,12762,2
2020-08-11 15:44:07.396,12761,12763,12763,1
2020-08-11 15:44:07.401,12761,12763,12763,1
2020-08-11 15:44:07.471,12761,12763,12763,12
2020-08-11 15:44:07.660,12762,12764,12764,2
2020-08-11 15:44:07.800,12761,12763,12763,1
2020-08-11 15:44:07.846,12761,12763,12763,1
2020-08-11 15:44:07.866,12761,12763,12761,1
2020-08-11 15:44:08.145,12761,12763,12763,7
2020-08-11 15:44:08.145,12761,12763,12764,1
