2019-09-06,15:00:00.086000,10776,10777,10777,105
2019-09-06,15:00:00.201000,10776,10777,10776,3
2019-09-06,15:00:00.303000,10776,10777,10776,2
2019-09-06,15:00:00.408000,10776,10777,10776,3
2019-09-06,15:00:00.476000,10775,10777,10777,1
2019-09-06,15:00:00.504000,10775,10777,10775,5
2019-09-06,15:00:00.546000,10775,10777,10775,2
2019-09-06,15:00:00.703000,10775,10777,10775,3
2019-09-06,15:00:00.706000,10775,10777,10775,1
2019-09-06,15:00:00.708000,10775,10777,10775,1
2019-09-06,15:00:00.878000,10775,10777,10775,2
2019-09-06,15:00:01.098000,10776,10777,10777,24
2019-09-06,15:00:01.177000,10776,10777,10777,2
2019-09-06,15:00:01.202000,10776,10777,10777,2
2019-09-06,15:00:01.294000,10776,10777,10777,4
2019-09-06,15:00:01.327000,10777,10778,10778,1
2019-09-06,15:00:01.488000,10777,10778,10776,2
2019-09-06,15:00:01.733000,10777,10778,10776,1
2019-09-06,15:00:01.736000,10777,10778,10776,1
2019-09-06,15:00:01.740000,10777,10778,10775,3
2019-09-06,15:00:01.741000,10777,10778,10775,3
2019-09-06,15:00:01.741000,10777,10778,10775,3
2019-09-06,15:00:01.744000,10777,10778,10775,3
2019-09-06,15:00:01.744000,10777,10778,10774,4
2019-09-06,15:00:01.744000,10777,10778,10774,3
2019-09-06,15:00:01.744000,10777,10778,10774,2
2019-09-06,15:00:01.747000,10777,10778,10774,1
2019-09-06,15:00:01.754000,10777,10778,10778,11
2019-09-06,15:00:01.775000,10777,10778,10774,3
2019-09-06,15:00:01.780000,10777,10778,10774,3
2019-09-06,15:00:01.780000,10777,10778,10774,3
2019-09-06,15:00:01.784000,10777,10778,10774,2
2019-09-06,15:00:01.787000,10777,10778,10774,2
2019-09-06,15:00:01.787000,10777,10778,10774,3
2019-09-06,15:00:01.787000,10777,10778,10774,3
2019-09-06,15:00:01.787000,10777,10778,10774,2
2019-09-06,15:00:01.787000,10777,10778,10774,1
2019-09-06,15:00:01.787000,10777,10778,10773,2
2019-09-06,15:00:01.787000,10777,10778,10773,1
2019-09-06,15:00:01.787000,10777,10778,10773,1
2019-09-06,15:00:01.787000,10777,10778,10773,1
2019-09-06,15:00:01.787000,10777,10778,10773,1
2019-09-06,15:00:01.790000,10777,10778,10773,3
2019-09-06,15:00:01.952000,10776,10777,10776,1
2019-09-06,15:00:02.662000,10776,10777,10777,2
2019-09-06,15:00:02.669000,10776,10777,10777,1
2019-09-06,15:00:02.775000,10776,10777,10776,1
2019-09-06,15:00:02.775000,10776,10777,10775,2
2019-09-06,15:00:02.779000,10776,10777,10775,2
2019-09-06,15:00:02.779000,10776,10777,10775,3
2019-09-06,15:00:02.779000,10776,10777,10775,3
2019-09-06,15:00:02.779000,10776,10777,10775,1
2019-09-06,15:00:02.779000,10776,10777,10774,1
2019-09-06,15:00:02.779000,10776,10777,10774,3
2019-09-06,15:00:02.779000,10776,10777,10774,1
2019-09-06,15:00:02.779000,10776,10777,10774,3
2019-09-06,15:00:02.783000,10776,10777,10777,2
2019-09-06,15:00:02.824000,10776,10777,10774,1
2019-09-06,15:00:02.824000,10776,10777,10773,1
2019-09-06,15:00:02.824000,10776,10777,10773,2
2019-09-06,15:00:03.193000,10776,10777,10776,2
2019-09-06,15:00:03.196000,10776,10777,10776,1
2019-09-06,15:00:03.858000,10776,10777,10777,5
2019-09-06,15:00:03.858000,10776,10777,10778,14
2019-09-06,15:00:03.858000,10776,10777,10779,2
2019-09-06,15:00:04.046000,10776,10777,10777,1
2019-09-06,15:00:04.209000,10776,10778,10778,1
2019-09-06,15:00:04.309000,10776,10778,10778,4
2019-09-06,15:00:04.309000,10776,10778,10779,1
2019-09-06,15:00:05.452000,10778,10779,10778,1
2019-09-06,15:00:05.876000,10777,10778,10778,2
2019-09-06,15:00:06.129000,10777,10778,10778,1
2019-09-06,15:00:06.606000,10777,10778,10778,1
2019-09-06,15:00:06.729000,10777,10779,10779,22
2019-09-06,15:00:06.729000,10777,10779,10780,28
2019-09-06,15:00:06.899000,10777,10779,10779,1
2019-09-06,15:00:07.138000,10778,10780,10780,1
2019-09-06,15:00:07.843000,10778,10780,10778,5
2019-09-06,15:00:08.034000,10777,10780,10778,2
2019-09-06,15:00:08.057000,10777,10780,10777,1
2019-09-06,15:00:08.146000,10777,10779,10779,1
2019-09-06,15:00:08.256000,10778,10779,10779,1
2019-09-06,15:00:08.377000,10778,10779,10779,2
2019-09-06,15:00:08.377000,10778,10779,10780,4
2019-09-06,15:00:09.477000,10778,10779,10778,1
2019-09-06,15:00:09.537000,10778,10779,10779,1
2019-09-06,15:00:09.597000,10778,10779,10779,1
2019-09-06,15:00:09.921000,10778,10780,10780,1
2019-09-06,15:00:10.001000,10779,10780,10780,1
2019-09-06,15:00:10.767000,10779,10780,10779,1
2019-09-06,15:00:12.092000,10779,10780,10780,10
2019-09-06,15:00:12.110000,10779,10780,10780,1
2019-09-06,15:00:12.283000,10779,10780,10779,1
2019-09-06,15:00:12.381000,10779,10780,10779,1
2019-09-06,15:00:12.628000,10779,10780,10780,1
2019-09-06,15:00:12.798000,10780,10781,10780,5
2019-09-06,15:00:13.096000,10780,10781,10780,1
2019-09-06,15:00:13.552000,10780,10781,10780,1
2019-09-06,15:00:14.648000,10780,10781,10780,1
2019-09-06,15:00:14.957000,10780,10781,10781,1
2019-09-06,15:00:15.083000,10780,10781,10781,3
2019-09-06,15:00:15.201000,10780,10781,10780,1
2019-09-06,15:00:15.559000,10780,10781,10780,1
2019-09-06,15:00:16.085000,10780,10781,10780,1
2019-09-06,15:00:16.618000,10780,10781,10781,1
2019-09-06,15:00:17.392000,10780,10781,10780,2
2019-09-06,15:00:17.425000,10780,10781,10780,1
2019-09-06,15:00:17.540000,10780,10781,10781,10
2019-09-06,15:00:18.872000,10780,10781,10781,1
2019-09-06,15:00:19.902000,10780,10781,10781,2
2019-09-06,15:00:20.987000,10780,10781,10780,7
2019-09-06,15:00:21.698000,10779,10780,10779,1
2019-09-06,15:00:21.745000,10779,10780,10779,2
2019-09-06,15:00:21.746000,10779,10780,10779,1
2019-09-06,15:00:21.746000,10779,10780,10779,3
2019-09-06,15:00:22.423000,10778,10780,10780,8
2019-09-06,15:00:22.423000,10778,10780,10781,14
2019-09-06,15:00:23.385000,10779,10780,10780,1
2019-09-06,15:00:24.066000,10779,10780,10780,6
2019-09-06,15:00:24.066000,10779,10780,10781,8
2019-09-06,15:00:24.437000,10779,10780,10780,1
2019-09-06,15:00:25.051000,10779,10780,10779,3
2019-09-06,15:00:25.051000,10779,10780,10778,5
2019-09-06,15:00:25.331000,10778,10780,10780,1
2019-09-06,15:00:25.361000,10778,10780,10779,1
2019-09-06,15:00:25.422000,10778,10780,10779,1
2019-09-06,15:00:28.876000,10778,10779,10779,1
2019-09-06,15:00:29.333000,10778,10779,10779,1
2019-09-06,15:00:29.333000,10778,10779,10780,5
2019-09-06,15:00:30.020000,10778,10779,10778,1
2019-09-06,15:00:30.052000,10778,10779,10779,1
2019-09-06,15:00:30.120000,10779,10780,10779,2
2019-09-06,15:00:31.200000,10778,10780,10779,1
2019-09-06,15:00:35.817000,10778,10779,10778,1
2019-09-06,15:00:38.492000,10778,10779,10779,3
2019-09-06,15:00:38.537000,10778,10779,10779,1
2019-09-06,15:00:40.423000,10778,10779,10778,1
2019-09-06,15:00:42.168000,10778,10779,10778,1
2019-09-06,15:00:45.528000,10778,10779,10778,1
2019-09-06,15:00:46.732000,10778,10779,10778,1
2019-09-06,15:00:47.546000,10778,10779,10778,2
2019-09-06,15:00:48.055000,10778,10779,10778,9
2019-09-06,15:00:48.777000,10777,10778,10778,1
2019-09-06,15:00:54.121000,10777,10778,10777,1
2019-09-06,15:00:54.508000,10777,10778,10777,1
2019-09-06,15:00:57.763000,10777,10778,10778,1
2019-09-06,15:00:58.077000,10777,10778,10778,1
2019-09-06,15:00:58.704000,10777,10778,10777,1
2019-09-06,15:00:58.773000,10777,10778,10777,1
2019-09-06,15:01:00.502000,10777,10778,10777,1
2019-09-06,15:01:02.156000,10777,10778,10778,10
2019-09-06,15:01:02.204000,10777,10778,10778,1
2019-09-06,15:01:02.344000,10777,10778,10778,8
2019-09-06,15:01:02.596000,10777,10778,10778,1
2019-09-06,15:01:02.818000,10777,10779,10778,1
2019-09-06,15:01:04.152000,10778,10779,10778,1
2019-09-06,15:01:05.374000,10778,10779,10779,1
2019-09-06,15:01:06.008000,10778,10779,10779,1
2019-09-06,15:01:07.231000,10778,10779,10779,1
2019-09-06,15:01:08.349000,10778,10779,10779,1
2019-09-06,15:01:10.281000,10778,10779,10779,1
2019-09-06,15:01:11.029000,10778,10779,10779,12
2019-09-06,15:01:11.928000,10779,10780,10780,1
2019-09-06,15:01:12.344000,10779,10780,10779,1
2019-09-06,15:01:12.586000,10779,10780,10779,1
2019-09-06,15:01:12.883000,10779,10780,10780,3
2019-09-06,15:01:17.092000,10779,10780,10780,13
2019-09-06,15:01:17.418000,10779,10780,10779,1
2019-09-06,15:01:21.123000,10779,10780,10780,1
2019-09-06,15:01:23.639000,10779,10780,10780,1
2019-09-06,15:01:24.840000,10779,10780,10780,1
2019-09-06,15:01:26.047000,10779,10780,10779,1
2019-09-06,15:01:27.015000,10779,10780,10779,1
2019-09-06,15:01:28.318000,10779,10780,10780,2
2019-09-06,15:01:30.680000,10779,10780,10780,1
2019-09-06,15:01:32.663000,10779,10780,10780,3
2019-09-06,15:01:34.083000,10779,10780,10779,1
2019-09-06,15:01:40.402000,10779,10780,10780,1
2019-09-06,15:01:40.741000,10779,10780,10779,1
2019-09-06,15:01:42.798000,10779,10780,10780,1
2019-09-06,15:01:42.952000,10779,10780,10780,1
2019-09-06,15:01:44.136000,10779,10780,10779,1
2019-09-06,15:01:50.882000,10779,10780,10779,1
2019-09-06,15:01:52.649000,10779,10780,10779,1
2019-09-06,15:01:55.066000,10779,10780,10779,1
2019-09-06,15:01:55.597000,10779,10780,10779,1
2019-09-06,15:01:56.068000,10779,10780,10779,1
2019-09-06,15:01:59.169000,10779,10780,10779,1
2019-09-06,15:02:01.426000,10779,10780,10779,1
2019-09-06,15:02:02.262000,10779,10780,10780,8
2019-09-06,15:02:08.880000,10779,10780,10780,2
2019-09-06,15:02:12.118000,10779,10780,10780,9
2019-09-06,15:02:12.348000,10779,10780,10780,5
2019-09-06,15:02:14.155000,10780,10781,10780,1
2019-09-06,15:02:19.925000,10780,10781,10780,1
2019-09-06,15:02:19.980000,10780,10781,10781,2
2019-09-06,15:02:23.606000,10779,10780,10780,1
2019-09-06,15:02:24.793000,10779,10780,10779,2
2019-09-06,15:02:25.134000,10779,10780,10780,1
2019-09-06,15:02:25.858000,10779,10780,10780,1
2019-09-06,15:02:33.972000,10779,10780,10779,1
2019-09-06,15:02:39.249000,10779,10780,10779,5
2019-09-06,15:02:39.249000,10779,10780,10778,15
2019-09-06,15:02:40.551000,10778,10779,10779,1
2019-09-06,15:02:41.549000,10778,10779,10779,2
2019-09-06,15:02:43.080000,10778,10779,10779,2
2019-09-06,15:02:45.660000,10778,10779,10779,1
2019-09-06,15:02:47.522000,10778,10779,10779,4
2019-09-06,15:02:48.940000,10778,10779,10779,1
2019-09-06,15:02:49.996000,10778,10779,10779,1
2019-09-06,15:02:50.364000,10778,10779,10779,1
2019-09-06,15:02:52.089000,10778,10779,10779,1
2019-09-06,15:02:52.413000,10778,10779,10779,1
2019-09-06,15:02:55.319000,10779,10780,10779,1
2019-09-06,15:02:55.348000,10779,10780,10779,2
2019-09-06,15:02:56.617000,10779,10780,10779,2
2019-09-06,15:02:58.979000,10778,10779,10778,26
2019-09-06,15:03:08.419000,10777,10778,10778,1
2019-09-06,15:03:10.458000,10777,10778,10778,1
2019-09-06,15:03:10.986000,10778,10779,10778,1
2019-09-06,15:03:12.165000,10778,10779,10778,1
2019-09-06,15:03:16.031000,10778,10779,10778,1
2019-09-06,15:03:18.854000,10778,10779,10778,1
2019-09-06,15:03:19.761000,10778,10779,10778,1
2019-09-06,15:03:21.876000,10778,10779,10778,2
2019-09-06,15:03:51.006000,10777,10778,10777,1
2019-09-06,15:03:51.077000,10777,10778,10777,7
2019-09-06,15:03:51.202000,10777,10778,10777,6
2019-09-06,15:03:51.327000,10777,10778,10777,9
2019-09-06,15:03:51.452000,10777,10778,10777,2
2019-09-06,15:03:51.452000,10777,10778,10777,8
2019-09-06,15:03:59.857000,10776,10777,10777,1
2019-09-06,15:04:01.143000,10776,10777,10777,2
2019-09-06,15:04:02.476000,10776,10777,10777,4
2019-09-06,15:04:03.910000,10776,10777,10777,4
2019-09-06,15:04:11.220000,10776,10777,10777,13
2019-09-06,15:04:16.745000,10777,10778,10777,1
2019-09-06,15:04:18.181000,10777,10778,10777,7
2019-09-06,15:04:23.250000,10777,10778,10777,1
2019-09-06,15:04:25.681000,10777,10778,10778,1
2019-09-06,15:04:34.164000,10777,10778,10777,1
2019-09-06,15:04:34.912000,10777,10778,10777,2
2019-09-06,15:04:45.155000,10777,10778,10777,1
2019-09-06,15:04:45.991000,10777,10778,10777,1
2019-09-06,15:04:53.357000,10777,10778,10777,1
2019-09-06,15:04:56.020000,10777,10778,10777,5
2019-09-06,15:04:57.485000,10777,10778,10777,1
2019-09-06,15:05:07.775000,10777,10778,10777,6
2019-09-06,15:05:07.827000,10777,10778,10777,1
2019-09-06,15:05:07.827000,10777,10778,10777,4
2019-09-06,15:05:12.568000,10776,10777,10777,1
2019-09-06,15:05:16.260000,10776,10777,10777,5
2019-09-06,15:05:20.027000,10776,10777,10776,1
2019-09-06,15:05:23.776000,10776,10777,10777,3
2019-09-06,15:05:23.979000,10777,10778,10777,1
2019-09-06,15:05:23.995000,10777,10778,10777,1
2019-09-06,15:05:24.969000,10777,10778,10777,1
2019-09-06,15:05:25.492000,10776,10777,10776,1
2019-09-06,15:05:26.158000,10776,10777,10777,2
2019-09-06,15:05:31.578000,10776,10777,10777,4
2019-09-06,15:06:00.261000,10776,10777,10777,1
2019-09-06,15:06:08.021000,10776,10777,10776,1
2019-09-06,15:06:08.705000,10776,10777,10776,1
2019-09-06,15:06:08.999000,10776,10777,10776,16
2019-09-06,15:06:09.509000,10776,10777,10776,5
2019-09-06,15:06:13.002000,10775,10776,10776,1
2019-09-06,15:06:14.791000,10775,10776,10776,1
2019-09-06,15:06:17.847000,10775,10776,10776,1
2019-09-06,15:06:21.351000,10775,10776,10776,3
2019-09-06,15:06:24.451000,10775,10776,10776,9
2019-09-06,15:06:24.454000,10776,10777,10776,5
2019-09-06,15:06:24.702000,10776,10777,10776,3
2019-09-06,15:06:35.453000,10776,10777,10776,1
2019-09-06,15:06:37.913000,10775,10776,10776,2
2019-09-06,15:06:56.480000,10776,10777,10776,5
2019-09-06,15:07:04.328000,10775,10776,10776,1
2019-09-06,15:07:08.783000,10775,10776,10776,1
2019-09-06,15:07:09.329000,10775,10776,10776,2
2019-09-06,15:07:23.232000,10775,10776,10776,1
2019-09-06,15:07:27.604000,10776,10777,10776,1
2019-09-06,15:07:39.349000,10775,10776,10776,5
2019-09-06,15:07:47.914000,10776,10777,10776,1
2019-09-06,15:08:02.367000,10776,10777,10776,1
2019-09-06,15:08:07.760000,10776,10777,10777,4
2019-09-06,15:08:10.375000,10776,10777,10777,2
2019-09-06,15:08:18.713000,10776,10777,10776,1
2019-09-06,15:08:21.264000,10776,10777,10777,1
2019-09-06,15:08:23.520000,10776,10777,10777,1
2019-09-06,15:08:25.597000,10776,10777,10777,4
2019-09-06,15:08:26.284000,10776,10777,10777,19
2019-09-06,15:08:26.539000,10777,10778,10777,1
2019-09-06,15:08:29.146000,10777,10778,10778,1
2019-09-06,15:08:30.108000,10777,10778,10777,1
2019-09-06,15:08:38.956000,10777,10778,10777,1
2019-09-06,15:08:41.702000,10777,10778,10777,1
2019-09-06,15:08:48.104000,10777,10778,10778,1
2019-09-06,15:09:06.126000,10777,10778,10777,1
2019-09-06,15:09:07.061000,10777,10778,10778,1
2019-09-06,15:09:13.847000,10777,10778,10778,2
2019-09-06,15:09:14.422000,10777,10778,10778,2
2019-09-06,15:09:25.510000,10777,10778,10778,2
2019-09-06,15:09:28.308000,10777,10778,10778,1
2019-09-06,15:09:30.228000,10777,10778,10778,1
2019-09-06,15:09:36.552000,10777,10778,10777,26
2019-09-06,15:10:00.804000,10776,10777,10776,1
2019-09-06,15:10:02.360000,10776,10777,10777,4
2019-09-06,15:10:04.654000,10777,10778,10778,26
2019-09-06,15:10:04.702000,10777,10778,10778,1
2019-09-06,15:10:08.551000,10778,10779,10778,1
2019-09-06,15:10:30.559000,10778,10779,10778,2
2019-09-06,15:10:32.194000,10778,10779,10779,21
2019-09-06,15:10:38.370000,10778,10779,10779,1
2019-09-06,15:10:44.268000,10779,10780,10779,1
2019-09-06,15:10:46.207000,10779,10780,10779,1
2019-09-06,15:10:51.755000,10779,10780,10779,5
2019-09-06,15:11:02.241000,10779,10780,10780,8
2019-09-06,15:11:08.278000,10779,10780,10779,1
2019-09-06,15:11:12.018000,10779,10780,10780,2
2019-09-06,15:11:12.572000,10779,10780,10780,77
2019-09-06,15:11:12.702000,10780,10781,10781,2
2019-09-06,15:11:12.726000,10780,10781,10781,2
2019-09-06,15:11:12.777000,10780,10781,10781,1
2019-09-06,15:11:12.841000,10780,10781,10781,1
2019-09-06,15:11:13.339000,10780,10781,10781,28
2019-09-06,15:11:22.453000,10781,10782,10781,4
2019-09-06,15:11:23.843000,10781,10782,10781,1
2019-09-06,15:11:28.672000,10781,10782,10782,1
2019-09-06,15:11:28.985000,10781,10782,10782,2
2019-09-06,15:11:28.997000,10781,10782,10782,1
2019-09-06,15:11:29.128000,10781,10782,10782,1
2019-09-06,15:11:29.130000,10781,10782,10782,1
2019-09-06,15:11:29.579000,10781,10782,10782,1
2019-09-06,15:11:29.595000,10781,10782,10782,1
2019-09-06,15:11:30.085000,10781,10782,10781,1
2019-09-06,15:11:37.485000,10781,10782,10781,1
2019-09-06,15:11:40.229000,10781,10782,10781,1
2019-09-06,15:11:49.726000,10781,10782,10781,4
2019-09-06,15:11:50.461000,10781,10782,10781,1
2019-09-06,15:11:53.687000,10781,10782,10781,1
2019-09-06,15:11:54.996000,10781,10782,10781,1
2019-09-06,15:11:57.745000,10781,10782,10781,2
2019-09-06,15:11:59.482000,10781,10782,10781,1
2019-09-06,15:11:59.522000,10781,10782,10781,1
2019-09-06,15:11:59.890000,10781,10782,10781,2
2019-09-06,15:11:59.955000,10780,10781,10781,1
2019-09-06,15:12:00.196000,10780,10781,10781,2
2019-09-06,15:12:03.147000,10781,10782,10781,9
2019-09-06,15:12:03.315000,10781,10782,10781,1
2019-09-06,15:12:03.814000,10781,10782,10782,1
2019-09-06,15:12:04.009000,10781,10782,10782,1
2019-09-06,15:12:11.293000,10781,10782,10782,1
2019-09-06,15:12:12.471000,10781,10782,10782,2
2019-09-06,15:12:12.646000,10781,10782,10781,1
2019-09-06,15:12:16.666000,10780,10781,10781,1
2019-09-06,15:12:16.666000,10780,10781,10782,1
2019-09-06,15:12:16.669000,10780,10781,10782,2
2019-09-06,15:12:16.788000,10780,10782,10782,2
2019-09-06,15:12:17.453000,10780,10781,10781,1
2019-09-06,15:12:23.489000,10781,10782,10782,19
2019-09-06,15:12:24.382000,10782,10783,10782,2
2019-09-06,15:12:28.397000,10782,10783,10782,1
2019-09-06,15:12:28.578000,10782,10783,10783,20
2019-09-06,15:12:28.721000,10782,10783,10783,1
2019-09-06,15:12:28.759000,10782,10783,10783,1
2019-09-06,15:12:28.762000,10782,10783,10783,1
2019-09-06,15:12:28.770000,10782,10783,10783,1
2019-09-06,15:12:28.887000,10782,10783,10783,2
2019-09-06,15:12:28.952000,10782,10783,10783,2
2019-09-06,15:12:28.952000,10782,10783,10783,6
2019-09-06,15:12:28.984000,10782,10783,10784,2
2019-09-06,15:12:29.002000,10782,10783,10784,2
2019-09-06,15:12:29.076000,10782,10783,10784,2
2019-09-06,15:12:29.103000,10782,10784,10784,2
2019-09-06,15:12:29.117000,10782,10784,10784,5
2019-09-06,15:12:29.117000,10782,10784,10784,3
2019-09-06,15:12:29.162000,10782,10784,10784,1
2019-09-06,15:12:29.163000,10782,10784,10784,2
2019-09-06,15:12:29.174000,10782,10784,10785,13
2019-09-06,15:12:29.179000,10782,10784,10785,1
2019-09-06,15:12:29.183000,10782,10784,10785,1
2019-09-06,15:12:29.183000,10782,10784,10785,1
2019-09-06,15:12:29.198000,10782,10784,10785,2
2019-09-06,15:12:29.267000,10783,10785,10785,1
2019-09-06,15:12:29.279000,10783,10785,10785,1
2019-09-06,15:12:29.316000,10783,10785,10785,2
2019-09-06,15:12:29.339000,10784,10785,10785,1
2019-09-06,15:12:29.373000,10784,10785,10785,2
2019-09-06,15:12:29.390000,10784,10785,10785,1
2019-09-06,15:12:29.411000,10784,10785,10785,2
2019-09-06,15:12:29.456000,10784,10785,10785,2
2019-09-06,15:12:29.456000,10784,10785,10786,1
2019-09-06,15:12:29.473000,10784,10785,10786,1
2019-09-06,15:12:29.487000,10784,10785,10786,2
2019-09-06,15:12:29.504000,10784,10785,10786,2
2019-09-06,15:12:29.564000,10784,10785,10786,2
2019-09-06,15:12:29.593000,10784,10786,10786,1
2019-09-06,15:12:29.615000,10784,10786,10786,3
2019-09-06,15:12:29.616000,10784,10786,10786,2
2019-09-06,15:12:29.647000,10784,10786,10786,4
2019-09-06,15:12:29.649000,10784,10786,10786,1
2019-09-06,15:12:29.668000,10784,10786,10786,12
2019-09-06,15:12:29.668000,10784,10786,10787,1
2019-09-06,15:12:29.682000,10784,10786,10786,3
2019-09-06,15:12:29.682000,10784,10786,10787,1
2019-09-06,15:12:29.757000,10785,10786,10786,4
2019-09-06,15:12:29.838000,10785,10786,10786,1
2019-09-06,15:12:29.854000,10785,10786,10785,1
2019-09-06,15:12:29.991000,10785,10786,10786,4
2019-09-06,15:12:30,10785,10786,10786,2
2019-09-06,15:12:30,10785,10786,10787,2
2019-09-06,15:12:30.085000,10785,10787,10787,4
2019-09-06,15:12:30.131000,10785,10787,10787,1
2019-09-06,15:12:30.148000,10785,10787,10787,1
2019-09-06,15:12:30.155000,10785,10787,10786,1
2019-09-06,15:12:30.155000,10785,10787,10787,1
2019-09-06,15:12:30.165000,10785,10787,10787,1
2019-09-06,15:12:30.166000,10785,10787,10787,1
2019-09-06,15:12:30.199000,10785,10787,10787,5
2019-09-06,15:12:30.206000,10785,10787,10787,4
2019-09-06,15:12:30.238000,10785,10787,10787,4
2019-09-06,15:12:30.239000,10785,10787,10787,1
2019-09-06,15:12:30.282000,10785,10787,10787,1
2019-09-06,15:12:30.438000,10786,10787,10786,2
2019-09-06,15:12:30.440000,10786,10787,10786,2
2019-09-06,15:12:30.519000,10786,10787,10786,1
2019-09-06,15:12:30.539000,10786,10787,10787,1
2019-09-06,15:12:30.765000,10786,10787,10787,1
2019-09-06,15:12:32.013000,10785,10786,10785,1
2019-09-06,15:12:32.091000,10785,10786,10786,2
2019-09-06,15:12:32.620000,10785,10786,10786,2
2019-09-06,15:12:33.528000,10785,10786,10786,2
2019-09-06,15:12:33.667000,10785,10786,10786,1
2019-09-06,15:12:33.867000,10785,10786,10787,1
2019-09-06,15:12:34.775000,10786,10787,10787,1
2019-09-06,15:12:35.251000,10786,10787,10787,7
2019-09-06,15:12:35.343000,10786,10787,10787,1
2019-09-06,15:12:35.707000,10786,10787,10786,5
2019-09-06,15:12:36.144000,10786,10787,10787,1
2019-09-06,15:12:36.298000,10786,10787,10787,1
2019-09-06,15:12:37.245000,10786,10787,10787,1
2019-09-06,15:12:37.931000,10786,10787,10787,1
2019-09-06,15:12:38.412000,10786,10787,10786,1
2019-09-06,15:12:38.649000,10785,10787,10787,1
2019-09-06,15:12:39.126000,10785,10786,10786,1
2019-09-06,15:12:39.205000,10785,10787,10787,2
2019-09-06,15:12:39.338000,10785,10787,10787,1
2019-09-06,15:12:39.444000,10785,10787,10786,1
2019-09-06,15:12:39.932000,10786,10787,10786,1
2019-09-06,15:12:41.007000,10786,10787,10787,1
2019-09-06,15:12:41.276000,10786,10787,10786,10
2019-09-06,15:12:42.467000,10786,10787,10786,1
2019-09-06,15:12:43.143000,10786,10787,10786,1
2019-09-06,15:12:43.429000,10786,10787,10787,1
2019-09-06,15:12:44.105000,10786,10787,10787,1
2019-09-06,15:12:44.854000,10786,10787,10787,1
2019-09-06,15:12:45.247000,10786,10787,10787,4
2019-09-06,15:12:46.230000,10786,10787,10787,2
2019-09-06,15:12:47.021000,10786,10787,10787,1
2019-09-06,15:12:47.053000,10786,10787,10787,2
2019-09-06,15:12:47.582000,10786,10787,10787,1
2019-09-06,15:12:48.033000,10786,10787,10787,2
2019-09-06,15:12:48.366000,10786,10787,10787,1
2019-09-06,15:12:49.606000,10786,10787,10787,1
2019-09-06,15:12:52.008000,10787,10788,10787,1
2019-09-06,15:12:52.530000,10786,10788,10786,1
2019-09-06,15:12:59.025000,10787,10788,10787,1
2019-09-06,15:12:59.984000,10787,10788,10787,1
2019-09-06,15:13:00.014000,10787,10788,10788,1
2019-09-06,15:13:00.110000,10787,10788,10788,1
2019-09-06,15:13:01.537000,10787,10788,10787,1
2019-09-06,15:13:02.429000,10787,10788,10788,2
2019-09-06,15:13:04.223000,10787,10788,10788,4
2019-09-06,15:13:05.549000,10787,10788,10788,1
2019-09-06,15:13:06.088000,10787,10788,10788,1
2019-09-06,15:13:06.344000,10787,10788,10788,1
2019-09-06,15:13:06.405000,10787,10788,10788,1
2019-09-06,15:13:07.597000,10787,10788,10787,1
2019-09-06,15:13:07.792000,10787,10788,10788,1
2019-09-06,15:13:09.380000,10787,10788,10787,2
2019-09-06,15:13:09.485000,10787,10788,10788,1
2019-09-06,15:13:09.631000,10787,10788,10787,2
2019-09-06,15:13:09.883000,10787,10788,10787,2
2019-09-06,15:13:10.135000,10787,10788,10787,2
2019-09-06,15:13:10.396000,10787,10788,10787,2
2019-09-06,15:13:10.649000,10787,10788,10787,2
2019-09-06,15:13:10.686000,10787,10788,10788,1
2019-09-06,15:13:10.905000,10787,10788,10787,2
2019-09-06,15:13:11.157000,10787,10788,10787,2
2019-09-06,15:13:11.407000,10787,10788,10787,1
2019-09-06,15:13:11.420000,10787,10788,10787,1
2019-09-06,15:13:15.298000,10786,10787,10786,1
2019-09-06,15:13:15.857000,10786,10787,10787,2
2019-09-06,15:13:16.634000,10786,10787,10787,1
2019-09-06,15:13:16.965000,10786,10787,10787,3
2019-09-06,15:13:17.589000,10786,10787,10786,1
2019-09-06,15:13:20.521000,10786,10787,10787,1
2019-09-06,15:13:20.891000,10786,10787,10786,1
2019-09-06,15:13:21.318000,10786,10787,10787,1
2019-09-06,15:13:22.814000,10786,10787,10787,2
2019-09-06,15:13:22.831000,10786,10787,10787,2
2019-09-06,15:13:27.391000,10786,10787,10787,1
2019-09-06,15:13:29.112000,10786,10787,10787,1
2019-09-06,15:13:30.429000,10786,10787,10786,1
2019-09-06,15:13:32.533000,10786,10787,10787,1
2019-09-06,15:13:36.370000,10786,10787,10786,1
2019-09-06,15:13:36.372000,10786,10787,10786,1
2019-09-06,15:13:36.373000,10786,10787,10786,1
2019-09-06,15:13:36.452000,10786,10787,10786,9
2019-09-06,15:13:36.452000,10786,10787,10786,6
2019-09-06,15:13:36.577000,10786,10787,10786,3
2019-09-06,15:13:36.577000,10786,10787,10786,2
2019-09-06,15:13:36.982000,10785,10787,10787,2
2019-09-06,15:13:39.790000,10786,10787,10786,1
2019-09-06,15:13:40.590000,10786,10787,10786,1
2019-09-06,15:13:40.895000,10785,10787,10785,1
2019-09-06,15:13:41.295000,10785,10787,10787,1
2019-09-06,15:13:42.908000,10786,10787,10786,1
2019-09-06,15:13:43.066000,10785,10787,10786,1
2019-09-06,15:13:43.275000,10785,10786,10786,1
2019-09-06,15:13:47.174000,10786,10787,10786,1
2019-09-06,15:13:47.578000,10786,10787,10786,2
2019-09-06,15:13:48.421000,10785,10787,10787,1
2019-09-06,15:13:49.330000,10786,10787,10786,1
2019-09-06,15:13:50.391000,10786,10787,10786,1
2019-09-06,15:13:51.641000,10786,10787,10786,1
2019-09-06,15:13:51.671000,10786,10787,10786,1
2019-09-06,15:13:52.214000,10785,10786,10786,1
2019-09-06,15:13:55.786000,10785,10786,10785,1
2019-09-06,15:13:56.344000,10785,10786,10786,1
2019-09-06,15:13:56.351000,10785,10786,10786,2
2019-09-06,15:14:03.294000,10785,10786,10786,1
2019-09-06,15:14:03.629000,10785,10786,10785,4
2019-09-06,15:14:05.934000,10785,10786,10786,1
2019-09-06,15:14:07.298000,10786,10787,10786,2
2019-09-06,15:14:08.775000,10785,10786,10786,1
2019-09-06,15:14:17.524000,10785,10786,10786,1
2019-09-06,15:14:22.628000,10785,10786,10786,1
2019-09-06,15:14:25.977000,10785,10786,10786,1
2019-09-06,15:14:44.994000,10785,10786,10786,1
2019-09-06,15:14:46.983000,10785,10786,10786,1
2019-09-06,15:14:47.037000,10785,10786,10786,5
2019-09-06,15:14:47.477000,10785,10786,10786,1
2019-09-06,15:14:52.076000,10785,10786,10786,2
2019-09-06,15:14:55.697000,10785,10786,10785,1
2019-09-06,15:14:55.889000,10785,10786,10786,1
2019-09-06,15:14:57.467000,10785,10786,10786,5
2019-09-06,15:14:58.165000,10785,10786,10786,15
2019-09-06,15:14:59.371000,10785,10786,10786,3
2019-09-06,15:14:59.452000,10785,10786,10786,7
2019-09-06,15:15:01.159000,10786,10787,10787,1
2019-09-06,15:15:01.393000,10786,10787,10787,1
2019-09-06,15:15:01.539000,10786,10787,10787,5
2019-09-06,15:15:01.540000,10786,10787,10787,2
2019-09-06,15:15:01.559000,10786,10787,10787,5
2019-09-06,15:15:01.620000,10786,10787,10787,3
2019-09-06,15:15:01.650000,10786,10787,10787,4
2019-09-06,15:15:01.692000,10786,10787,10787,2
2019-09-06,15:15:01.702000,10786,10787,10787,22
2019-09-06,15:15:02.007000,10786,10787,10787,1
2019-09-06,15:15:02.216000,10786,10787,10787,1
2019-09-06,15:15:02.322000,10786,10787,10787,1
2019-09-06,15:15:02.385000,10787,10788,10788,3
2019-09-06,15:15:04.950000,10787,10788,10788,1
2019-09-06,15:15:05.107000,10787,10788,10787,4
2019-09-06,15:15:05.109000,10787,10788,10787,2
2019-09-06,15:15:06.738000,10786,10787,10787,1
2019-09-06,15:15:07.389000,10786,10787,10786,1
2019-09-06,15:15:11.590000,10786,10787,10787,2
2019-09-06,15:15:12.442000,10786,10787,10786,1
2019-09-06,15:15:21.339000,10786,10787,10786,1
2019-09-06,15:15:23.754000,10786,10787,10787,2
2019-09-06,15:15:24.995000,10786,10787,10787,3
2019-09-06,15:15:29.409000,10787,10788,10787,1
2019-09-06,15:15:32.169000,10787,10788,10787,2
2019-09-06,15:15:34.450000,10787,10788,10787,4
2019-09-06,15:15:34.452000,10787,10788,10787,6
2019-09-06,15:15:34.752000,10786,10787,10787,2
2019-09-06,15:15:34.869000,10786,10787,10787,1
2019-09-06,15:15:34.869000,10786,10787,10788,1
2019-09-06,15:15:34.997000,10786,10788,10788,2
2019-09-06,15:15:37.375000,10786,10787,10787,3
2019-09-06,15:15:38.822000,10786,10787,10787,1
2019-09-06,15:15:44.340000,10786,10787,10787,1
2019-09-06,15:15:44.665000,10786,10787,10787,1
2019-09-06,15:15:49.610000,10786,10787,10787,1
2019-09-06,15:15:50.801000,10786,10787,10787,2
2019-09-06,15:15:51.912000,10786,10787,10787,1
2019-09-06,15:15:52.563000,10787,10788,10787,1
2019-09-06,15:15:55.587000,10787,10788,10787,3
2019-09-06,15:15:59.290000,10787,10788,10787,1
2019-09-06,15:16:01.500000,10787,10788,10788,1
2019-09-06,15:16:01.674000,10787,10788,10787,1
2019-09-06,15:16:02.639000,10787,10788,10787,1
2019-09-06,15:16:02.844000,10787,10788,10788,3
2019-09-06,15:16:02.848000,10787,10788,10787,1
2019-09-06,15:16:05.971000,10787,10788,10787,2
2019-09-06,15:16:08.594000,10787,10788,10787,6
2019-09-06,15:16:11.100000,10786,10787,10787,1
2019-09-06,15:16:17.294000,10786,10787,10787,1
2019-09-06,15:16:18.362000,10786,10787,10787,1
2019-09-06,15:16:18.917000,10786,10787,10787,1
2019-09-06,15:16:19.078000,10786,10787,10787,5
2019-09-06,15:16:19.202000,10786,10787,10787,2
2019-09-06,15:16:19.202000,10786,10787,10787,19
2019-09-06,15:16:22.348000,10787,10788,10787,1
2019-09-06,15:16:24.846000,10787,10788,10788,2
2019-09-06,15:16:26.224000,10787,10788,10787,3
2019-09-06,15:16:27.507000,10786,10787,10787,1
2019-09-06,15:16:28.668000,10786,10787,10786,3
2019-09-06,15:16:28.993000,10786,10787,10787,1
2019-09-06,15:16:29.028000,10786,10787,10788,1
2019-09-06,15:16:29.079000,10786,10788,10788,1
2019-09-06,15:16:29.128000,10786,10788,10788,1
2019-09-06,15:16:29.165000,10786,10788,10788,1
2019-09-06,15:16:29.668000,10786,10788,10788,1
2019-09-06,15:16:31.595000,10787,10788,10787,2
2019-09-06,15:16:41.715000,10787,10788,10787,3
2019-09-06,15:16:42.810000,10787,10788,10787,2
2019-09-06,15:16:44.343000,10786,10787,10787,2
2019-09-06,15:16:44.452000,10786,10787,10787,2
2019-09-06,15:16:47.271000,10787,10788,10787,1
2019-09-06,15:16:47.677000,10787,10788,10787,1
2019-09-06,15:16:49.502000,10786,10788,10786,1
2019-09-06,15:16:50.717000,10786,10788,10788,3
2019-09-06,15:17:00.743000,10786,10787,10787,1
2019-09-06,15:17:10.453000,10786,10787,10786,29
2019-09-06,15:17:14.597000,10785,10786,10786,1
2019-09-06,15:17:26.427000,10785,10786,10786,1
2019-09-06,15:17:26.607000,10785,10786,10785,1
2019-09-06,15:17:31.519000,10785,10786,10785,1
2019-09-06,15:17:33.459000,10785,10786,10785,2
2019-09-06,15:17:34.512000,10785,10786,10785,1
2019-09-06,15:17:48.523000,10785,10786,10785,3
2019-09-06,15:17:57.002000,10785,10786,10786,2
2019-09-06,15:18:06.975000,10785,10786,10786,1
2019-09-06,15:18:07.128000,10785,10786,10786,1
2019-09-06,15:18:08.953000,10785,10786,10786,1
2019-09-06,15:18:09.306000,10785,10786,10786,1
2019-09-06,15:18:10.376000,10785,10786,10786,1
2019-09-06,15:18:11.512000,10786,10787,10786,1
2019-09-06,15:18:14.042000,10786,10787,10786,1
2019-09-06,15:18:17.314000,10786,10787,10786,2
2019-09-06,15:18:37.591000,10785,10786,10786,2
2019-09-06,15:18:39.495000,10785,10786,10785,2
2019-09-06,15:18:55.653000,10785,10786,10786,1
2019-09-06,15:18:57.462000,10785,10786,10786,1
2019-09-06,15:19:02.164000,10785,10786,10786,4
2019-09-06,15:19:03.635000,10785,10786,10786,1
2019-09-06,15:19:14.008000,10785,10786,10786,1
2019-09-06,15:19:15.857000,10785,10786,10786,1
2019-09-06,15:19:17.504000,10785,10786,10785,1
2019-09-06,15:19:24.298000,10785,10786,10786,1
2019-09-06,15:19:40.249000,10785,10786,10785,1
2019-09-06,15:19:50.171000,10785,10786,10786,1
2019-09-06,15:19:50.685000,10785,10786,10786,1
2019-09-06,15:19:53.955000,10785,10786,10786,1
2019-09-06,15:20:03.425000,10785,10786,10786,1
2019-09-06,15:20:11.487000,10785,10786,10786,1
2019-09-06,15:20:13.884000,10785,10786,10786,2
2019-09-06,15:20:39.864000,10785,10786,10785,1
2019-09-06,15:20:46.420000,10785,10786,10785,1
2019-09-06,15:20:49.083000,10785,10786,10785,1
2019-09-06,15:20:58.180000,10785,10786,10785,2
2019-09-06,15:21:08.419000,10785,10786,10786,1
2019-09-06,15:21:15.577000,10785,10786,10785,15
2019-09-06,15:21:15.702000,10785,10786,10785,3
2019-09-06,15:21:15.828000,10785,10786,10785,23
2019-09-06,15:21:24.981000,10784,10785,10785,1
2019-09-06,15:21:26.656000,10784,10785,10785,2
2019-09-06,15:21:34.802000,10785,10786,10785,1
2019-09-06,15:21:34.804000,10785,10786,10785,1
2019-09-06,15:21:37.155000,10785,10786,10785,4
2019-09-06,15:21:37.548000,10785,10786,10785,1
2019-09-06,15:21:42.281000,10785,10786,10786,1
2019-09-06,15:21:45.283000,10785,10786,10785,4
2019-09-06,15:21:50.821000,10784,10785,10785,1
2019-09-06,15:21:57.738000,10785,10786,10785,2
2019-09-06,15:21:59.082000,10785,10786,10785,1
2019-09-06,15:22:00.205000,10785,10786,10785,1
2019-09-06,15:22:01.666000,10785,10786,10785,1
2019-09-06,15:22:02.239000,10785,10786,10785,1
2019-09-06,15:22:02.491000,10784,10785,10785,1
2019-09-06,15:22:02.491000,10784,10785,10786,4
2019-09-06,15:22:34.731000,10785,10786,10785,2
2019-09-06,15:22:46.113000,10784,10785,10785,1
2019-09-06,15:22:47.953000,10785,10786,10785,1
2019-09-06,15:22:52.764000,10784,10785,10785,1
2019-09-06,15:22:58.217000,10784,10786,10786,1
2019-09-06,15:23:13.714000,10785,10786,10786,1
2019-09-06,15:23:21.883000,10785,10786,10786,1
2019-09-06,15:23:27.970000,10785,10786,10786,1
2019-09-06,15:23:28.401000,10785,10786,10786,20
2019-09-06,15:23:28.452000,10785,10786,10786,12
2019-09-06,15:23:28.452000,10785,10786,10786,2
2019-09-06,15:23:28.452000,10785,10786,10786,2
2019-09-06,15:23:28.452000,10785,10786,10786,1
2019-09-06,15:23:28.452000,10785,10786,10786,6
2019-09-06,15:23:28.452000,10785,10786,10786,2
2019-09-06,15:23:28.452000,10785,10786,10786,4
2019-09-06,15:23:28.453000,10785,10786,10786,2
2019-09-06,15:23:28.453000,10785,10786,10786,1
2019-09-06,15:23:34.997000,10786,10787,10787,1
2019-09-06,15:23:39.830000,10786,10787,10786,1
2019-09-06,15:23:42.631000,10786,10787,10786,1
2019-09-06,15:24:05.078000,10786,10787,10787,1
2019-09-06,15:24:23.994000,10786,10787,10786,1
2019-09-06,15:24:27.903000,10786,10787,10786,1
2019-09-06,15:24:29.949000,10786,10787,10786,1
2019-09-06,15:24:30.367000,10786,10787,10786,1
2019-09-06,15:24:33.686000,10785,10787,10786,1
2019-09-06,15:25:04.865000,10786,10787,10787,18
2019-09-06,15:25:10.043000,10786,10787,10787,1
2019-09-06,15:25:19.442000,10786,10787,10787,1
2019-09-06,15:25:22.206000,10787,10788,10788,1
2019-09-06,15:25:26.808000,10787,10788,10787,1
2019-09-06,15:25:27.139000,10787,10788,10788,1
2019-09-06,15:25:27.145000,10787,10788,10788,1
2019-09-06,15:25:27.148000,10787,10788,10788,1
2019-09-06,15:25:35.117000,10787,10788,10788,1
2019-09-06,15:25:35.738000,10787,10788,10788,55
2019-09-06,15:25:35.827000,10787,10788,10788,3
2019-09-06,15:25:35.961000,10788,10789,10788,3
2019-09-06,15:25:39.517000,10788,10789,10788,1
2019-09-06,15:25:45.051000,10788,10789,10789,1
2019-09-06,15:25:45.106000,10788,10789,10789,1
2019-09-06,15:25:45.152000,10788,10789,10789,1
2019-09-06,15:25:45.169000,10788,10789,10789,1
2019-09-06,15:25:45.296000,10788,10789,10788,1
2019-09-06,15:25:45.664000,10788,10789,10789,2
2019-09-06,15:25:48.983000,10788,10789,10789,1
2019-09-06,15:25:52.927000,10788,10789,10789,1
2019-09-06,15:25:53.221000,10788,10789,10788,1
2019-09-06,15:25:53.310000,10788,10789,10789,1
2019-09-06,15:25:58.017000,10788,10789,10789,20
2019-09-06,15:25:58.077000,10788,10789,10789,3
2019-09-06,15:25:58.786000,10788,10789,10789,1
2019-09-06,15:25:58.823000,10788,10789,10789,6
2019-09-06,15:25:58.981000,10789,10790,10790,1
2019-09-06,15:25:59.139000,10789,10790,10790,1
2019-09-06,15:25:59.263000,10789,10790,10789,1
2019-09-06,15:25:59.266000,10789,10790,10790,1
2019-09-06,15:25:59.292000,10789,10790,10790,1
2019-09-06,15:25:59.308000,10789,10790,10790,3
2019-09-06,15:25:59.319000,10789,10790,10790,10
2019-09-06,15:25:59.375000,10789,10790,10790,2
2019-09-06,15:25:59.849000,10789,10790,10790,1
2019-09-06,15:26:00.091000,10789,10790,10790,1
2019-09-06,15:26:00.094000,10789,10790,10790,1
2019-09-06,15:26:00.100000,10789,10790,10790,1
2019-09-06,15:26:00.195000,10789,10790,10790,1
2019-09-06,15:26:01.091000,10789,10790,10789,1
2019-09-06,15:26:02.278000,10789,10790,10789,1
2019-09-06,15:26:02.375000,10789,10790,10790,10
2019-09-06,15:26:03.761000,10789,10790,10790,1
2019-09-06,15:26:04.927000,10789,10790,10790,1
2019-09-06,15:26:11.677000,10789,10790,10790,1
2019-09-06,15:26:12.159000,10789,10790,10789,1
2019-09-06,15:26:14.310000,10789,10790,10790,28
2019-09-06,15:26:15.282000,10789,10790,10790,1
2019-09-06,15:26:15.332000,10789,10790,10790,1
2019-09-06,15:26:15.436000,10789,10790,10790,1
2019-09-06,15:26:15.452000,10789,10790,10790,1
2019-09-06,15:26:15.754000,10789,10790,10790,1
2019-09-06,15:26:15.827000,10789,10790,10790,8
2019-09-06,15:26:16.765000,10790,10791,10790,1
2019-09-06,15:26:17.040000,10790,10791,10791,1
2019-09-06,15:26:17.102000,10790,10791,10791,1
2019-09-06,15:26:17.140000,10790,10791,10791,1
2019-09-06,15:26:17.149000,10790,10791,10791,1
2019-09-06,15:26:17.177000,10790,10791,10791,1
2019-09-06,15:26:17.181000,10790,10791,10791,1
2019-09-06,15:26:18.069000,10790,10791,10791,1
2019-09-06,15:26:18.599000,10790,10791,10791,1
2019-09-06,15:26:18.744000,10790,10791,10791,1
2019-09-06,15:26:18.822000,10790,10791,10790,2
2019-09-06,15:26:18.845000,10790,10791,10791,1
2019-09-06,15:26:19.324000,10790,10791,10791,3
2019-09-06,15:26:22.758000,10790,10791,10791,1
2019-09-06,15:26:26.154000,10790,10791,10791,1
2019-09-06,15:26:27.260000,10790,10791,10791,1
2019-09-06,15:26:28.601000,10790,10791,10791,1
2019-09-06,15:26:28.608000,10790,10791,10791,1
2019-09-06,15:26:30.119000,10790,10791,10790,1
2019-09-06,15:26:30.354000,10790,10791,10791,2
2019-09-06,15:26:30.356000,10790,10791,10791,2
2019-09-06,15:26:30.452000,10790,10791,10791,1
2019-09-06,15:26:30.702000,10791,10792,10792,2
2019-09-06,15:26:30.911000,10791,10792,10792,1
2019-09-06,15:26:31.039000,10791,10792,10792,2
2019-09-06,15:26:31.098000,10791,10792,10792,2
2019-09-06,15:26:31.469000,10791,10792,10792,1
2019-09-06,15:26:31.475000,10791,10792,10792,1
2019-09-06,15:26:31.959000,10791,10792,10791,1
2019-09-06,15:26:32.025000,10791,10792,10792,1
2019-09-06,15:26:32.063000,10791,10792,10792,1
2019-09-06,15:26:32.651000,10791,10792,10791,1
2019-09-06,15:26:34.812000,10791,10792,10792,2
2019-09-06,15:26:36.742000,10791,10792,10792,1
2019-09-06,15:26:37.302000,10791,10792,10791,1
2019-09-06,15:26:40.239000,10791,10792,10792,3
2019-09-06,15:26:41.261000,10791,10792,10792,1
2019-09-06,15:26:41.753000,10791,10792,10791,1
2019-09-06,15:26:43.185000,10791,10792,10792,1
2019-09-06,15:26:44.080000,10791,10792,10792,1
2019-09-06,15:26:51.575000,10791,10792,10792,1
2019-09-06,15:26:51.887000,10791,10792,10792,2
2019-09-06,15:26:53.818000,10791,10792,10792,1
2019-09-06,15:26:54.667000,10791,10792,10792,1
2019-09-06,15:26:57.478000,10791,10792,10791,1
2019-09-06,15:26:58.519000,10791,10792,10791,17
2019-09-06,15:27:03.057000,10790,10791,10791,1
2019-09-06,15:27:08.171000,10790,10791,10791,3
2019-09-06,15:27:08.720000,10790,10791,10791,1
2019-09-06,15:27:11.944000,10790,10791,10790,1
2019-09-06,15:27:14.747000,10790,10791,10790,1
2019-09-06,15:27:14.920000,10790,10791,10791,1
2019-09-06,15:27:20.136000,10790,10791,10791,1
2019-09-06,15:27:23.575000,10790,10791,10791,1
2019-09-06,15:27:25.127000,10790,10791,10791,1
2019-09-06,15:27:25.332000,10790,10791,10791,1
2019-09-06,15:27:26.570000,10790,10791,10791,1
2019-09-06,15:27:34.820000,10790,10791,10791,1
2019-09-06,15:27:34.836000,10790,10791,10791,14
2019-09-06,15:27:35.494000,10790,10792,10792,1
2019-09-06,15:27:44.044000,10791,10792,10791,1
2019-09-06,15:27:49.640000,10791,10792,10791,1
2019-09-06,15:27:50.170000,10791,10792,10791,10
2019-09-06,15:27:51.783000,10790,10791,10791,1
2019-09-06,15:27:54.229000,10790,10791,10791,1
2019-09-06,15:27:59.921000,10790,10791,10790,37
2019-09-06,15:28:00.506000,10789,10790,10790,1
2019-09-06,15:28:00.665000,10789,10790,10790,1
2019-09-06,15:28:02.203000,10789,10790,10790,16
2019-09-06,15:28:02.211000,10789,10790,10791,1
2019-09-06,15:28:04.319000,10790,10791,10791,1
2019-09-06,15:28:04.461000,10790,10791,10790,1
2019-09-06,15:28:06.704000,10790,10791,10791,2
2019-09-06,15:28:06.906000,10790,10791,10791,1
2019-09-06,15:28:12.167000,10790,10791,10791,3
2019-09-06,15:28:18.349000,10790,10791,10791,1
2019-09-06,15:28:25.121000,10790,10791,10791,1
2019-09-06,15:28:28.443000,10790,10791,10791,1
2019-09-06,15:28:37.375000,10790,10791,10791,2
2019-09-06,15:28:37.927000,10790,10791,10791,3
2019-09-06,15:28:38.113000,10790,10791,10790,20
2019-09-06,15:28:46.802000,10789,10790,10790,2
2019-09-06,15:28:53.730000,10789,10790,10790,1
2019-09-06,15:28:57.231000,10789,10790,10790,2
2019-09-06,15:28:58.302000,10789,10790,10790,2
2019-09-06,15:29:05.161000,10789,10790,10790,1
2019-09-06,15:29:06.675000,10789,10790,10790,1
2019-09-06,15:29:07.534000,10789,10790,10790,1
2019-09-06,15:29:07.761000,10789,10790,10790,1
2019-09-06,15:29:08.779000,10789,10790,10790,4
2019-09-06,15:29:11.748000,10790,10791,10790,2
2019-09-06,15:29:16.352000,10789,10790,10790,2
2019-09-06,15:29:21.751000,10789,10790,10790,5
2019-09-06,15:29:24.183000,10789,10790,10790,1
2019-09-06,15:29:35.008000,10789,10790,10790,1
2019-09-06,15:29:38.294000,10789,10790,10790,1
2019-09-06,15:29:50.235000,10789,10790,10790,1
2019-09-06,15:29:56.939000,10789,10790,10790,1
2019-09-06,15:30:01.072000,10789,10790,10790,2
2019-09-06,15:30:01.074000,10789,10790,10790,2
2019-09-06,15:30:01.334000,10789,10790,10790,1
2019-09-06,15:30:01.447000,10789,10790,10790,1
2019-09-06,15:30:01.599000,10789,10790,10790,3
2019-09-06,15:30:02.335000,10789,10790,10790,1
2019-09-06,15:30:05.999000,10789,10790,10790,1
2019-09-06,15:30:06.594000,10789,10790,10789,1
2019-09-06,15:30:07.757000,10789,10790,10790,10
2019-09-06,15:30:08.338000,10789,10790,10789,1
2019-09-06,15:30:09.365000,10789,10790,10790,2
2019-09-06,15:30:10.038000,10789,10790,10789,1
2019-09-06,15:30:10.848000,10789,10790,10789,11
2019-09-06,15:30:11.610000,10789,10790,10789,1
2019-09-06,15:30:13.289000,10789,10790,10789,1
2019-09-06,15:30:13.292000,10789,10790,10789,3
2019-09-06,15:30:14.793000,10788,10789,10789,1
2019-09-06,15:30:15.199000,10788,10789,10788,1
2019-09-06,15:30:15.265000,10788,10789,10788,1
2019-09-06,15:30:22.655000,10788,10789,10789,1
2019-09-06,15:30:24.245000,10788,10789,10788,1
2019-09-06,15:30:36.719000,10788,10789,10788,1
2019-09-06,15:30:42.115000,10788,10789,10789,2
2019-09-06,15:30:45.590000,10788,10789,10789,1
2019-09-06,15:30:45.833000,10788,10789,10788,1
2019-09-06,15:30:46.327000,10788,10789,10789,1
2019-09-06,15:30:46.390000,10788,10789,10788,1
2019-09-06,15:30:49.081000,10788,10789,10788,1
2019-09-06,15:30:54.815000,10788,10789,10789,1
2019-09-06,15:30:54.872000,10788,10789,10788,1
2019-09-06,15:30:59.655000,10788,10789,10789,2
2019-09-06,15:31:03.277000,10788,10789,10788,6
2019-09-06,15:31:04.116000,10788,10789,10788,28
2019-09-06,15:31:04.934000,10787,10788,10788,1
2019-09-06,15:31:11.838000,10787,10788,10787,2
2019-09-06,15:31:12.109000,10787,10788,10787,2
2019-09-06,15:31:12.165000,10787,10788,10787,1
2019-09-06,15:31:19.391000,10787,10788,10787,1
2019-09-06,15:31:21.291000,10787,10788,10787,5
2019-09-06,15:31:21.462000,10787,10788,10787,5
2019-09-06,15:31:22.499000,10787,10788,10787,2
2019-09-06,15:31:26.054000,10787,10788,10787,2
2019-09-06,15:31:29.228000,10787,10788,10787,1
2019-09-06,15:31:32.079000,10787,10788,10788,1
2019-09-06,15:31:32.843000,10787,10788,10787,1
2019-09-06,15:31:48.578000,10787,10788,10788,12
2019-09-06,15:31:51.769000,10788,10789,10789,2
2019-09-06,15:32:00.026000,10788,10789,10789,2
2019-09-06,15:32:00.047000,10788,10789,10789,2
2019-09-06,15:32:00.077000,10788,10789,10789,3
2019-09-06,15:32:01.390000,10789,10790,10789,21
2019-09-06,15:32:01.390000,10789,10790,10788,43
2019-09-06,15:32:01.452000,10788,10789,10788,9
2019-09-06,15:32:01.452000,10788,10789,10788,5
2019-09-06,15:32:01.452000,10788,10789,10789,2
2019-09-06,15:32:01.452000,10788,10789,10788,2
2019-09-06,15:32:01.457000,10788,10789,10788,5
2019-09-06,15:32:01.517000,10788,10789,10788,2
2019-09-06,15:32:01.522000,10788,10789,10787,38
2019-09-06,15:32:01.577000,10786,10787,10787,1
2019-09-06,15:32:01.578000,10786,10787,10786,5
2019-09-06,15:32:01.579000,10786,10787,10787,31
2019-09-06,15:32:01.702000,10786,10788,10787,1
2019-09-06,15:32:01.827000,10787,10788,10787,1
2019-09-06,15:32:01.828000,10787,10788,10787,2
2019-09-06,15:32:01.831000,10787,10788,10787,1
2019-09-06,15:32:12.557000,10787,10788,10788,2
2019-09-06,15:32:14.977000,10787,10788,10787,1
2019-09-06,15:32:21.335000,10787,10788,10787,1
2019-09-06,15:32:26.268000,10787,10788,10788,1
2019-09-06,15:32:27.070000,10787,10788,10787,1
2019-09-06,15:32:38.483000,10787,10788,10787,23
2019-09-06,15:32:38.483000,10787,10788,10786,59
2019-09-06,15:32:38.484000,10787,10788,10787,1
2019-09-06,15:32:38.485000,10787,10788,10786,5
2019-09-06,15:32:38.579000,10786,10787,10786,1
2019-09-06,15:32:38.580000,10786,10787,10787,1
2019-09-06,15:32:47.203000,10786,10787,10787,22
2019-09-06,15:32:49.782000,10787,10788,10787,1
2019-09-06,15:32:55.516000,10787,10788,10787,2
2019-09-06,15:32:55.516000,10787,10788,10786,39
2019-09-06,15:32:55.577000,10785,10786,10786,6
2019-09-06,15:32:55.579000,10785,10786,10786,6
2019-09-06,15:32:56.335000,10786,10787,10787,1
2019-09-06,15:32:59.165000,10786,10787,10786,7
2019-09-06,15:32:59.168000,10786,10787,10786,4
2019-09-06,15:32:59.170000,10786,10787,10786,1
2019-09-06,15:32:59.202000,10785,10786,10786,6
2019-09-06,15:33:00.377000,10786,10787,10786,3
2019-09-06,15:33:00.580000,10785,10786,10786,8
2019-09-06,15:33:02.758000,10786,10787,10787,9
2019-09-06,15:33:05.243000,10786,10787,10787,4
2019-09-06,15:33:13.386000,10786,10787,10787,1
2019-09-06,15:33:16.063000,10786,10787,10787,12
2019-09-06,15:33:18.345000,10786,10787,10786,1
2019-09-06,15:33:18.482000,10786,10787,10786,1
2019-09-06,15:33:19.591000,10786,10787,10786,1
2019-09-06,15:33:20.059000,10786,10787,10786,1
2019-09-06,15:33:21.802000,10786,10787,10786,1
2019-09-06,15:33:27.998000,10786,10787,10786,1
2019-09-06,15:33:32.865000,10786,10787,10786,1
2019-09-06,15:33:36.824000,10786,10787,10786,2
2019-09-06,15:33:36.943000,10786,10787,10786,1
2019-09-06,15:33:36.943000,10786,10787,10785,4
2019-09-06,15:33:36.989000,10785,10787,10786,4
2019-09-06,15:33:36.989000,10785,10787,10787,1
2019-09-06,15:33:36.991000,10785,10787,10787,5
2019-09-06,15:33:37.161000,10785,10787,10785,5
2019-09-06,15:33:40.833000,10786,10787,10786,1
2019-09-06,15:33:41.047000,10786,10787,10786,1
2019-09-06,15:33:46.393000,10785,10786,10786,1
2019-09-06,15:33:46.453000,10785,10786,10786,1
2019-09-06,15:33:55.512000,10786,10787,10786,1
2019-09-06,15:34:02.644000,10786,10787,10786,1
2019-09-06,15:34:10.345000,10785,10786,10786,1
2019-09-06,15:34:25.027000,10785,10786,10786,2
2019-09-06,15:34:27.055000,10785,10786,10786,2
2019-09-06,15:34:27.635000,10785,10786,10786,1
2019-09-06,15:34:29.635000,10785,10786,10786,1
2019-09-06,15:34:30.072000,10785,10786,10786,2
2019-09-06,15:34:39.571000,10786,10787,10786,1
2019-09-06,15:34:41.552000,10786,10787,10786,1
2019-09-06,15:34:43.698000,10786,10787,10786,1
2019-09-06,15:34:45.533000,10785,10786,10785,1
2019-09-06,15:34:54.313000,10785,10786,10785,1
2019-09-06,15:34:59.827000,10785,10786,10786,3
2019-09-06,15:35:15.449000,10786,10787,10786,1
2019-09-06,15:35:16.256000,10786,10787,10787,1
2019-09-06,15:35:17.954000,10786,10787,10786,1
2019-09-06,15:35:26.312000,10786,10787,10786,1
2019-09-06,15:35:34.926000,10786,10787,10786,1
2019-09-06,15:35:46.081000,10786,10787,10786,2
2019-09-06,15:35:55.792000,10786,10787,10786,1
2019-09-06,15:36:17.632000,10786,10787,10786,1
2019-09-06,15:36:26.587000,10786,10787,10787,1
2019-09-06,15:36:29.530000,10786,10787,10787,5
2019-09-06,15:36:32.044000,10786,10787,10787,1
2019-09-06,15:36:36.626000,10786,10787,10786,1
2019-09-06,15:36:41.994000,10786,10787,10786,3
2019-09-06,15:36:52.164000,10786,10787,10786,2
2019-09-06,15:37:00.044000,10786,10787,10786,1
2019-09-06,15:37:00.293000,10786,10787,10787,12
2019-09-06,15:37:00.293000,10786,10787,10788,18
2019-09-06,15:37:03.176000,10787,10788,10787,10
2019-09-06,15:37:06.686000,10787,10788,10787,1
2019-09-06,15:37:10.894000,10787,10788,10787,2
2019-09-06,15:37:34.377000,10787,10788,10787,2
2019-09-06,15:37:34.632000,10787,10788,10787,2
2019-09-06,15:37:42.128000,10787,10788,10787,1
2019-09-06,15:38:05.965000,10786,10787,10787,1
2019-09-06,15:38:07.978000,10786,10787,10787,4
2019-09-06,15:38:18.047000,10787,10788,10787,5
2019-09-06,15:38:52.166000,10787,10788,10787,3
2019-09-06,15:38:53.074000,10787,10788,10787,7
2019-09-06,15:39:04.616000,10787,10788,10787,1
2019-09-06,15:39:33.323000,10787,10788,10787,5
2019-09-06,15:39:54.330000,10786,10787,10786,2
2019-09-06,15:39:54.355000,10786,10787,10786,1
2019-09-06,15:40:00.171000,10785,10786,10786,2
2019-09-06,15:40:09.220000,10785,10786,10786,1
2019-09-06,15:40:12.708000,10786,10787,10786,1
2019-09-06,15:40:13.788000,10786,10787,10786,1
2019-09-06,15:40:17.767000,10786,10787,10787,1
2019-09-06,15:40:20.441000,10786,10787,10786,1
2019-09-06,15:40:29.108000,10786,10787,10786,2
2019-09-06,15:40:45.585000,10785,10786,10786,18
2019-09-06,15:40:45.877000,10786,10787,10786,2
2019-09-06,15:40:51.096000,10786,10787,10786,1
2019-09-06,15:41:04.692000,10786,10787,10786,1
2019-09-06,15:41:13.722000,10786,10787,10786,5
2019-09-06,15:41:13.927000,10786,10787,10786,4
2019-09-06,15:41:13.927000,10786,10787,10785,1
2019-09-06,15:41:14.010000,10785,10787,10785,1
2019-09-06,15:41:14.647000,10785,10787,10787,1
2019-09-06,15:41:23.870000,10786,10787,10786,1
2019-09-06,15:42:00.821000,10786,10787,10787,1
2019-09-06,15:42:03.861000,10785,10786,10786,1
2019-09-06,15:42:04.976000,10785,10787,10787,1
2019-09-06,15:42:05.176000,10785,10787,10787,1
2019-09-06,15:42:29.956000,10786,10787,10787,15
2019-09-06,15:42:29.957000,10786,10787,10787,1
2019-09-06,15:42:29.957000,10786,10787,10787,1
2019-09-06,15:42:29.957000,10786,10787,10787,1
2019-09-06,15:42:29.957000,10786,10787,10787,2
2019-09-06,15:42:41.249000,10786,10787,10787,11
2019-09-06,15:42:41.306000,10786,10787,10787,1
2019-09-06,15:42:41.328000,10787,10788,10787,3
2019-09-06,15:42:55.204000,10787,10788,10787,2
2019-09-06,15:42:55.328000,10787,10788,10787,1
2019-09-06,15:43:21.951000,10786,10787,10787,1
2019-09-06,15:43:31.267000,10786,10788,10788,3
2019-09-06,15:43:35.851000,10786,10788,10786,1
2019-09-06,15:43:35.984000,10786,10788,10786,1
2019-09-06,15:43:44.204000,10786,10787,10786,1
2019-09-06,15:43:47.640000,10786,10787,10786,5
2019-09-06,15:43:52.955000,10786,10787,10787,19
2019-09-06,15:43:52.956000,10786,10787,10787,1
2019-09-06,15:44:00.337000,10786,10788,10786,1
2019-09-06,15:44:00.400000,10786,10788,10788,15
2019-09-06,15:44:07.100000,10786,10788,10788,1
2019-09-06,15:44:08.056000,10787,10788,10787,1
2019-09-06,15:44:22.429000,10786,10787,10786,3
2019-09-06,15:44:22.870000,10786,10787,10787,2
2019-09-06,15:44:22.870000,10786,10787,10788,1
2019-09-06,15:44:30.790000,10786,10788,10786,3
2019-09-06,15:44:37.838000,10786,10787,10787,1
2019-09-06,15:45:00.709000,10786,10787,10787,5
2019-09-06,15:45:01.501000,10786,10788,10788,2
2019-09-06,15:45:02.077000,10787,10788,10787,10
2019-09-06,15:45:08.097000,10786,10787,10787,1
2019-09-06,15:45:29.530000,10786,10787,10786,1
2019-09-06,15:45:42.979000,10786,10787,10787,2
2019-09-06,15:45:55.519000,10786,10787,10786,5
2019-09-06,15:45:55.709000,10786,10787,10786,5
2019-09-06,15:45:59.315000,10785,10786,10786,1
2019-09-06,15:46:08.784000,10785,10787,10787,3
2019-09-06,15:46:29.819000,10786,10787,10787,5
2019-09-06,15:46:39.297000,10786,10787,10786,2
2019-09-06,15:46:58.681000,10786,10787,10786,1
2019-09-06,15:47:23.803000,10786,10787,10787,5
2019-09-06,15:47:23.829000,10786,10787,10787,3
2019-09-06,15:47:25.973000,10786,10787,10787,1
2019-09-06,15:47:30.872000,10786,10787,10787,1
2019-09-06,15:47:39.816000,10786,10787,10787,1
2019-09-06,15:48:03.847000,10786,10787,10787,1
2019-09-06,15:48:15.331000,10786,10787,10786,10
2019-09-06,15:48:16.083000,10785,10786,10786,1
2019-09-06,15:48:38.916000,10785,10786,10786,2
2019-09-06,15:48:50.456000,10785,10786,10786,1
2019-09-06,15:48:54.383000,10785,10786,10785,1
2019-09-06,15:48:55.147000,10785,10786,10785,1
2019-09-06,15:49:00.339000,10785,10786,10785,1
2019-09-06,15:49:01.049000,10785,10786,10786,1
2019-09-06,15:49:02.079000,10785,10786,10785,10
2019-09-06,15:49:03.848000,10785,10786,10785,9
2019-09-06,15:49:06.461000,10785,10786,10785,29
2019-09-06,15:49:13.884000,10784,10785,10784,1
2019-09-06,15:49:14.026000,10784,10785,10784,1
2019-09-06,15:49:14.250000,10784,10785,10784,1
2019-09-06,15:49:14.407000,10784,10785,10784,2
2019-09-06,15:49:15.018000,10784,10785,10784,1
2019-09-06,15:49:15.840000,10784,10785,10784,1
2019-09-06,15:49:22.800000,10784,10785,10784,3
2019-09-06,15:49:23.302000,10784,10785,10784,3
2019-09-06,15:49:24.976000,10784,10785,10784,1
2019-09-06,15:49:26.497000,10784,10785,10785,1
2019-09-06,15:49:42.079000,10784,10785,10784,1
2019-09-06,15:49:42.192000,10784,10785,10784,1
2019-09-06,15:49:43.074000,10784,10785,10784,1
2019-09-06,15:49:44.219000,10784,10785,10784,1
2019-09-06,15:49:45.165000,10784,10785,10784,1
2019-09-06,15:49:46.900000,10784,10785,10784,1
2019-09-06,15:49:47.332000,10784,10785,10784,1
2019-09-06,15:49:47.376000,10784,10785,10784,1
2019-09-06,15:49:48.758000,10784,10785,10784,1
2019-09-06,15:49:49.103000,10784,10785,10784,9
2019-09-06,15:49:49.287000,10783,10785,10783,1
2019-09-06,15:49:49.403000,10783,10784,10783,2
2019-09-06,15:49:49.824000,10783,10784,10783,1
2019-09-06,15:49:50.492000,10783,10784,10784,1
2019-09-06,15:49:51.330000,10783,10784,10783,2
2019-09-06,15:49:53.806000,10783,10784,10783,2
2019-09-06,15:49:57.153000,10783,10784,10783,1
2019-09-06,15:49:58.382000,10783,10784,10783,20
2019-09-06,15:50:00.975000,10783,10784,10783,1
2019-09-06,15:50:01.130000,10783,10784,10783,1
2019-09-06,15:50:07.732000,10783,10784,10783,1
2019-09-06,15:50:08.700000,10783,10784,10783,1
2019-09-06,15:50:09.032000,10783,10784,10783,1
2019-09-06,15:50:10.528000,10783,10784,10783,1
2019-09-06,15:50:10.654000,10783,10784,10783,1
2019-09-06,15:50:11.046000,10783,10784,10783,1
2019-09-06,15:50:11.276000,10783,10784,10783,1
2019-09-06,15:50:15.465000,10783,10784,10783,1
2019-09-06,15:50:17.858000,10783,10784,10784,1
2019-09-06,15:50:20.362000,10783,10784,10783,1
2019-09-06,15:50:23.191000,10783,10784,10784,1
2019-09-06,15:50:28.434000,10783,10784,10784,1
2019-09-06,15:50:33.387000,10783,10784,10784,2
2019-09-06,15:50:43.901000,10783,10784,10784,2
2019-09-06,15:51:08.032000,10783,10784,10783,4
2019-09-06,15:51:11.200000,10783,10784,10783,1
2019-09-06,15:51:13.269000,10783,10784,10783,1
2019-09-06,15:51:18.095000,10783,10784,10783,1
2019-09-06,15:51:26.928000,10783,10784,10783,1
2019-09-06,15:51:33.686000,10783,10784,10783,7
2019-09-06,15:51:45.226000,10782,10783,10783,1
2019-09-06,15:51:45.271000,10782,10783,10783,1
2019-09-06,15:51:45.680000,10782,10783,10783,1
2019-09-06,15:51:50.101000,10782,10783,10783,1
2019-09-06,15:52:02.874000,10782,10783,10782,10
2019-09-06,15:52:03.053000,10782,10783,10782,1
2019-09-06,15:52:03.061000,10782,10783,10782,1
2019-09-06,15:52:03.063000,10782,10783,10782,7
2019-09-06,15:52:03.215000,10782,10783,10782,3
2019-09-06,15:52:04.704000,10782,10783,10783,1
2019-09-06,15:52:06.348000,10782,10783,10782,1
2019-09-06,15:52:11.717000,10782,10783,10782,1
2019-09-06,15:52:13.908000,10782,10783,10783,9
2019-09-06,15:52:14.830000,10783,10784,10783,1
2019-09-06,15:52:25.345000,10783,10784,10783,2
2019-09-06,15:52:25.946000,10783,10784,10784,1
2019-09-06,15:52:26.840000,10783,10784,10783,1
2019-09-06,15:52:30.738000,10783,10784,10783,2
2019-09-06,15:52:36.341000,10782,10783,10783,1
2019-09-06,15:52:38.563000,10783,10784,10783,1
2019-09-06,15:52:38.942000,10783,10784,10783,1
2019-09-06,15:52:39.965000,10783,10784,10783,1
2019-09-06,15:52:43.474000,10783,10784,10783,1
2019-09-06,15:52:48.784000,10782,10783,10783,1
2019-09-06,15:52:57.168000,10782,10783,10783,1
2019-09-06,15:53:00.477000,10783,10784,10783,2
2019-09-06,15:53:06.123000,10783,10784,10783,1
2019-09-06,15:53:21.735000,10783,10784,10784,1
2019-09-06,15:53:34.934000,10783,10784,10783,5
2019-09-06,15:53:59.937000,10783,10784,10784,4
2019-09-06,15:54:06.480000,10783,10784,10784,1
2019-09-06,15:54:41.168000,10783,10784,10783,1
2019-09-06,15:54:45.001000,10783,10784,10784,1
2019-09-06,15:54:53.989000,10783,10784,10784,2
2019-09-06,15:54:57.004000,10783,10784,10784,1
2019-09-06,15:55:05.888000,10783,10784,10784,1
2019-09-06,15:55:06.478000,10783,10784,10784,1
2019-09-06,15:55:07.890000,10783,10784,10784,2
2019-09-06,15:55:08.488000,10783,10784,10784,1
2019-09-06,15:55:22.095000,10783,10784,10784,1
2019-09-06,15:55:23.564000,10783,10784,10784,2
2019-09-06,15:55:28.583000,10783,10784,10784,1
2019-09-06,15:55:48.219000,10783,10784,10784,4
2019-09-06,15:55:48.452000,10784,10785,10784,3
2019-09-06,15:56:24.119000,10783,10784,10784,1
2019-09-06,15:56:30.885000,10783,10784,10784,1
2019-09-06,15:56:42.012000,10783,10784,10784,1
2019-09-06,15:57:03.944000,10783,10784,10783,3
2019-09-06,15:57:03.952000,10783,10784,10783,19
2019-09-06,15:57:13.876000,10782,10784,10784,2
2019-09-06,15:57:18.655000,10783,10784,10783,2
2019-09-06,15:57:24.803000,10782,10784,10784,1
2019-09-06,15:57:24.887000,10782,10784,10782,1
2019-09-06,15:57:37.868000,10782,10783,10782,1
2019-09-06,15:57:42.625000,10782,10783,10782,1
2019-09-06,15:57:45.812000,10782,10783,10782,1
2019-09-06,15:57:54.628000,10782,10783,10782,58
2019-09-06,15:57:57.725000,10781,10782,10782,1
2019-09-06,15:58:01.857000,10781,10782,10781,1
2019-09-06,15:58:02.004000,10781,10782,10781,1
2019-09-06,15:58:02.036000,10781,10782,10781,1
2019-09-06,15:58:02.546000,10781,10782,10781,7
2019-09-06,15:58:07.896000,10781,10782,10781,1
2019-09-06,15:58:08.162000,10781,10782,10781,1
2019-09-06,15:58:11.174000,10781,10782,10781,1
2019-09-06,15:58:17.748000,10781,10782,10781,4
2019-09-06,15:58:18.366000,10781,10782,10782,1
2019-09-06,15:58:21.959000,10781,10782,10781,1
2019-09-06,15:58:27.684000,10781,10782,10782,1
2019-09-06,15:58:35.805000,10781,10782,10781,2
2019-09-06,15:58:45.911000,10781,10782,10782,1
2019-09-06,15:58:52.453000,10781,10782,10781,36
2019-09-06,15:58:52.577000,10781,10782,10781,5
2019-09-06,15:58:56.586000,10780,10782,10780,1
2019-09-06,15:58:56.760000,10780,10782,10780,1
2019-09-06,15:58:56.843000,10780,10782,10780,1
2019-09-06,15:59:02.741000,10780,10781,10780,1
2019-09-06,15:59:03.874000,10780,10781,10780,1
2019-09-06,15:59:07.201000,10780,10781,10780,1
2019-09-06,15:59:11.724000,10780,10781,10780,1
2019-09-06,15:59:18.523000,10780,10781,10780,1
2019-09-06,15:59:20.469000,10780,10781,10780,1
2019-09-06,15:59:21.565000,10780,10781,10780,1
2019-09-06,15:59:21.587000,10780,10781,10781,2
2019-09-06,15:59:43.377000,10780,10781,10781,1
2019-09-06,15:59:46.355000,10780,10781,10780,1
2019-09-06,15:59:47.797000,10780,10781,10780,1
2019-09-06,15:59:54.730000,10780,10781,10780,1
2019-09-06,15:59:56.590000,10780,10781,10781,1
2019-09-06,15:59:57.707000,10780,10781,10780,1
2019-09-06,16:00:05.766000,10780,10781,10780,1
2019-09-06,16:00:06.232000,10780,10781,10781,3
2019-09-06,16:00:06.274000,10780,10781,10781,1
2019-09-06,16:00:07.292000,10780,10781,10781,1
2019-09-06,16:00:07.493000,10780,10781,10781,1
2019-09-06,16:00:07.694000,10780,10781,10781,1
2019-09-06,16:00:07.894000,10780,10781,10781,1
2019-09-06,16:00:08.094000,10780,10781,10781,1
2019-09-06,16:00:08.297000,10780,10781,10781,1
2019-09-06,16:00:08.497000,10780,10781,10781,4
2019-09-06,16:00:08.497000,10780,10781,10782,6
2019-09-06,16:00:08.578000,10780,10782,10782,1
2019-09-06,16:00:08.584000,10780,10782,10782,1
2019-09-06,16:00:08.593000,10780,10782,10782,1
2019-09-06,16:00:08.624000,10780,10782,10782,2
2019-09-06,16:00:08.628000,10780,10782,10782,2
2019-09-06,16:00:09.078000,10781,10782,10782,1
2019-09-06,16:00:19.646000,10781,10782,10781,2
2019-09-06,16:00:22.881000,10781,10782,10782,1
2019-09-06,16:01:06.561000,10781,10782,10781,1
2019-09-06,16:01:16.655000,10781,10782,10781,2
2019-09-06,16:01:21.854000,10781,10782,10781,1
2019-09-06,16:01:47.663000,10781,10782,10781,2
2019-09-06,16:01:50.842000,10781,10782,10782,3
2019-09-06,16:02:16.418000,10781,10782,10782,1
2019-09-06,16:02:22.317000,10781,10782,10782,1
2019-09-06,16:02:24.237000,10781,10782,10781,1
2019-09-06,16:02:34.931000,10781,10782,10782,13
2019-09-06,16:02:37.018000,10782,10783,10782,1
2019-09-06,16:02:55.146000,10781,10782,10782,1
2019-09-06,16:03:03.195000,10781,10782,10782,1
2019-09-06,16:03:08.124000,10781,10782,10782,1
2019-09-06,16:03:15.575000,10781,10782,10782,1
2019-09-06,16:03:16.032000,10781,10782,10782,1
2019-09-06,16:03:27.717000,10781,10782,10782,9
2019-09-06,16:03:48.148000,10782,10783,10782,2
2019-09-06,16:03:52.107000,10782,10783,10782,4
2019-09-06,16:03:54.081000,10781,10782,10782,1
2019-09-06,16:04:03.310000,10782,10783,10782,1
2019-09-06,16:04:25.567000,10781,10782,10781,1
2019-09-06,16:04:26.030000,10781,10782,10781,1
2019-09-06,16:04:26.351000,10781,10782,10781,1
2019-09-06,16:04:26.848000,10781,10782,10781,1
2019-09-06,16:04:27.443000,10781,10782,10781,1
2019-09-06,16:04:27.521000,10781,10782,10781,2
2019-09-06,16:04:28.705000,10781,10782,10781,3
2019-09-06,16:04:29.354000,10781,10782,10781,1
2019-09-06,16:04:34.203000,10781,10782,10781,2
2019-09-06,16:04:35.924000,10781,10782,10781,1
2019-09-06,16:04:42.129000,10781,10782,10781,1
2019-09-06,16:04:46.906000,10781,10782,10781,1
2019-09-06,16:04:48.501000,10781,10782,10781,1
2019-09-06,16:04:48.818000,10781,10782,10781,1
2019-09-06,16:04:49.052000,10781,10782,10781,1
2019-09-06,16:04:49.593000,10781,10782,10781,2
2019-09-06,16:04:57.384000,10781,10782,10781,1
2019-09-06,16:05:00.260000,10780,10781,10781,1
2019-09-06,16:05:08.303000,10781,10782,10781,1
2019-09-06,16:05:13.955000,10781,10782,10781,1
2019-09-06,16:05:25.598000,10780,10781,10781,1
2019-09-06,16:05:31.992000,10780,10781,10780,1
2019-09-06,16:05:44.180000,10780,10781,10780,5
2019-09-06,16:05:44.336000,10780,10781,10781,5
2019-09-06,16:05:52.798000,10780,10781,10781,5
2019-09-06,16:06:14.154000,10780,10781,10781,2
2019-09-06,16:06:14.155000,10780,10781,10781,1
2019-09-06,16:06:19.623000,10781,10782,10781,1
2019-09-06,16:06:31.318000,10781,10782,10781,2
2019-09-06,16:06:36.920000,10781,10782,10781,2
2019-09-06,16:06:39.256000,10781,10782,10781,1
2019-09-06,16:06:41.389000,10781,10782,10782,2
2019-09-06,16:06:42.133000,10781,10782,10782,2
2019-09-06,16:06:43.244000,10781,10782,10782,2
2019-09-06,16:06:50.409000,10781,10782,10782,2
2019-09-06,16:06:50.620000,10781,10782,10782,2
2019-09-06,16:06:56.256000,10781,10782,10782,5
2019-09-06,16:07:20.179000,10781,10782,10782,1
2019-09-06,16:07:52.041000,10781,10782,10782,3
2019-09-06,16:08:00.451000,10781,10782,10782,1
2019-09-06,16:08:29.549000,10781,10782,10782,1
2019-09-06,16:08:33.928000,10781,10782,10782,16
2019-09-06,16:08:33.929000,10781,10782,10782,2
2019-09-06,16:08:40.220000,10782,10783,10782,1
2019-09-06,16:08:59.344000,10782,10783,10783,2
2019-09-06,16:09:31.112000,10782,10783,10782,1
2019-09-06,16:09:34.257000,10782,10783,10782,14
2019-09-06,16:09:37.229000,10781,10782,10782,1
2019-09-06,16:09:38.965000,10781,10782,10782,1
2019-09-06,16:09:51.362000,10781,10782,10782,1
2019-09-06,16:10:16.128000,10781,10782,10782,1
2019-09-06,16:10:16.128000,10781,10782,10782,1
2019-09-06,16:10:16.128000,10781,10782,10782,1
2019-09-06,16:10:23.054000,10782,10783,10782,1
2019-09-06,16:10:23.993000,10782,10783,10782,1
2019-09-06,16:10:35.994000,10782,10783,10782,1
2019-09-06,16:10:50.035000,10782,10783,10782,1
2019-09-06,16:10:56.243000,10782,10783,10782,1
2019-09-06,16:10:58.326000,10782,10783,10782,2
2019-09-06,16:11:22.388000,10782,10783,10782,6
2019-09-06,16:12:26.929000,10781,10782,10782,1
2019-09-06,16:12:39.699000,10781,10782,10782,1
2019-09-06,16:12:47.136000,10781,10782,10782,2
2019-09-06,16:13:04.901000,10781,10782,10782,2
2019-09-06,16:13:16.681000,10781,10782,10781,1
2019-09-06,16:13:16.681000,10781,10782,10781,3
2019-09-06,16:13:16.702000,10781,10782,10781,8
2019-09-06,16:13:16.702000,10781,10782,10781,4
2019-09-06,16:13:16.827000,10781,10782,10781,1
2019-09-06,16:13:16.827000,10781,10782,10781,4
2019-09-06,16:13:16.827000,10781,10782,10781,3
2019-09-06,16:13:16.863000,10781,10782,10781,1
2019-09-06,16:13:31.046000,10780,10781,10780,1
2019-09-06,16:13:31.615000,10780,10781,10781,1
2019-09-06,16:13:35.036000,10780,10781,10780,1
2019-09-06,16:13:37.530000,10780,10781,10780,1
2019-09-06,16:13:46.327000,10780,10781,10780,2
2019-09-06,16:13:51.497000,10780,10781,10780,32
2019-09-06,16:13:55.859000,10779,10780,10779,1
2019-09-06,16:13:55.980000,10779,10780,10779,2
2019-09-06,16:13:56.039000,10779,10780,10779,1
2019-09-06,16:13:56.063000,10779,10780,10779,1
2019-09-06,16:13:56.079000,10779,10780,10779,1
2019-09-06,16:13:57.497000,10779,10780,10779,1
2019-09-06,16:13:57.578000,10779,10780,10779,23
2019-09-06,16:13:58.060000,10778,10779,10778,1
2019-09-06,16:13:58.061000,10778,10779,10778,2
2019-09-06,16:13:58.228000,10778,10779,10778,2
2019-09-06,16:13:58.262000,10778,10779,10778,1
2019-09-06,16:13:58.395000,10778,10779,10779,1
2019-09-06,16:13:58.405000,10778,10779,10779,1
2019-09-06,16:14:17.747000,10778,10779,10779,2
2019-09-06,16:14:17.831000,10778,10779,10779,1
2019-09-06,16:14:18.969000,10778,10779,10779,2
2019-09-06,16:14:22.417000,10778,10779,10779,1
2019-09-06,16:14:24.785000,10778,10779,10778,1
2019-09-06,16:14:28.103000,10778,10779,10779,4
2019-09-06,16:14:28.104000,10778,10779,10779,1
2019-09-06,16:14:28.105000,10778,10779,10779,2
2019-09-06,16:14:28.797000,10779,10780,10779,1
2019-09-06,16:14:34.667000,10779,10780,10779,1
2019-09-06,16:14:38.430000,10779,10780,10779,1
2019-09-06,16:14:52.890000,10779,10780,10779,1
2019-09-06,16:14:59.966000,10779,10780,10779,1
2019-09-06,16:15:12.066000,10779,10780,10780,1
2019-09-06,16:15:20.058000,10779,10780,10779,1
2019-09-06,16:15:22.056000,10779,10780,10780,1
2019-09-06,16:15:26.968000,10779,10780,10780,1
2019-09-06,16:15:33.983000,10779,10780,10780,1
2019-09-06,16:15:42.750000,10779,10780,10779,1
2019-09-06,16:15:46.580000,10779,10780,10780,1
2019-09-06,16:16:02.933000,10779,10780,10779,1
2019-09-06,16:16:15.202000,10779,10780,10780,6
2019-09-06,16:16:15.327000,10779,10780,10780,2
2019-09-06,16:16:15.327000,10779,10780,10780,2
2019-09-06,16:16:15.327000,10779,10780,10780,5
2019-09-06,16:16:15.327000,10779,10780,10780,1
2019-09-06,16:16:15.577000,10780,10781,10780,1
2019-09-06,16:16:21.244000,10779,10781,10779,2
2019-09-06,16:16:21.411000,10779,10781,10779,2
2019-09-06,16:16:24.415000,10779,10780,10780,1
2019-09-06,16:16:27.489000,10779,10780,10780,1
2019-09-06,16:16:29.907000,10779,10780,10780,1
2019-09-06,16:16:43.009000,10780,10781,10780,2
2019-09-06,16:16:49.798000,10780,10781,10780,1
2019-09-06,16:16:57.272000,10780,10781,10780,2
2019-09-06,16:16:58.182000,10780,10781,10780,1
2019-09-06,16:17:04.277000,10780,10781,10780,2
2019-09-06,16:17:12.291000,10780,10781,10780,2
2019-09-06,16:17:18.289000,10780,10781,10780,1
2019-09-06,16:17:19.663000,10780,10781,10780,2
2019-09-06,16:18:09.049000,10780,10781,10780,1
2019-09-06,16:18:12.556000,10780,10781,10781,1
2019-09-06,16:18:17.013000,10780,10781,10781,2
2019-09-06,16:18:18.340000,10780,10781,10781,9
2019-09-06,16:18:22.215000,10781,10782,10781,2
2019-09-06,16:18:30.293000,10781,10782,10782,1
2019-09-06,16:18:35.578000,10781,10782,10782,12
2019-09-06,16:19:20.726000,10782,10783,10783,1
2019-09-06,16:19:20.857000,10782,10783,10783,1
2019-09-06,16:19:23.953000,10782,10783,10782,2
2019-09-06,16:19:34.555000,10782,10783,10783,1
2019-09-06,16:19:41.009000,10782,10783,10782,1
2019-09-06,16:20:59.266000,10782,10783,10782,1
2019-09-06,16:21:32.653000,10782,10783,10783,1
2019-09-06,16:21:49.559000,10782,10783,10783,1
2019-09-06,16:21:52.128000,10782,10783,10783,2
2019-09-06,16:21:57.762000,10782,10783,10783,1
2019-09-06,16:22:51.047000,10782,10783,10782,15
2019-09-06,16:23:04.453000,10781,10782,10782,2
2019-09-06,16:23:37.069000,10781,10782,10782,2
2019-09-06,16:23:37.467000,10781,10782,10781,2
2019-09-06,16:23:42.465000,10781,10782,10781,1
2019-09-06,16:23:43.021000,10781,10782,10782,1
2019-09-06,16:23:49.954000,10781,10782,10782,6
2019-09-06,16:23:50.270000,10781,10782,10782,9
2019-09-06,16:23:52.374000,10782,10783,10782,1
2019-09-06,16:24:09.476000,10782,10783,10782,1
2019-09-06,16:24:52.046000,10782,10783,10782,1
2019-09-06,16:25:26.572000,10782,10783,10782,10
2019-09-06,16:25:32.667000,10782,10783,10782,2
2019-09-06,16:25:32.809000,10782,10783,10782,1
2019-09-06,16:25:32.809000,10782,10783,10782,2
2019-09-06,16:25:32.809000,10782,10783,10782,2
2019-09-06,16:25:32.809000,10782,10783,10782,1
2019-09-06,16:25:32.809000,10782,10783,10782,1
2019-09-06,16:25:32.810000,10782,10783,10782,5
2019-09-06,16:25:38.899000,10781,10782,10782,1
2019-09-06,16:25:42.074000,10781,10782,10781,8
2019-09-06,16:25:56.329000,10780,10781,10780,1
2019-09-06,16:25:58.474000,10780,10781,10780,1
2019-09-06,16:25:59.127000,10780,10781,10780,1
2019-09-06,16:26:06.063000,10780,10781,10780,1
2019-09-06,16:26:07.960000,10780,10781,10780,1
2019-09-06,16:26:08.789000,10780,10781,10780,1
2019-09-06,16:26:19.385000,10780,10781,10780,1
2019-09-06,16:26:30.343000,10780,10781,10780,1
2019-09-06,16:26:32.480000,10780,10781,10780,1
2019-09-06,16:26:33.265000,10780,10781,10780,1
2019-09-06,16:26:35.185000,10780,10781,10780,1
2019-09-06,16:26:48.742000,10780,10781,10781,1
2019-09-06,16:26:56.478000,10780,10781,10781,3
2019-09-06,16:26:56.478000,10780,10781,10781,3
2019-09-06,16:26:56.478000,10780,10781,10781,2
2019-09-06,16:26:56.478000,10780,10781,10781,2
2019-09-06,16:26:57.001000,10781,10782,10781,9
2019-09-06,16:26:57.001000,10781,10782,10780,11
2019-09-06,16:27:39.771000,10780,10781,10780,1
2019-09-06,16:27:56.218000,10780,10781,10780,10
2019-09-06,16:28:21.449000,10780,10781,10781,7
2019-09-06,16:28:21.669000,10781,10782,10781,5
2019-09-06,16:28:21.669000,10781,10782,10780,5
2019-09-06,16:28:22.476000,10780,10782,10782,1
2019-09-06,16:28:36.242000,10781,10782,10782,1
2019-09-06,16:28:57.337000,10781,10782,10782,3
2019-09-06,16:29:17.801000,10782,10783,10782,2
2019-09-06,16:29:29.608000,10782,10783,10783,1
2019-09-06,16:29:57.622000,10782,10783,10783,2
2019-09-06,16:30:02.331000,10782,10783,10783,1
2019-09-06,16:30:04.865000,10782,10783,10783,1
2019-09-06,16:30:26.841000,10782,10783,10783,1
2019-09-06,16:30:27.606000,10782,10783,10782,12
2019-09-06,16:30:48.099000,10781,10782,10782,1
2019-09-06,16:30:48.242000,10781,10782,10782,22
2019-09-06,16:30:54.724000,10782,10783,10782,2
2019-09-06,16:31:29.583000,10782,10783,10783,5
2019-09-06,16:31:37.854000,10782,10783,10783,2
2019-09-06,16:31:53.889000,10782,10783,10782,2
2019-09-06,16:31:55.541000,10781,10782,10782,1
2019-09-06,16:32:03.383000,10781,10782,10782,15
2019-09-06,16:32:19.494000,10781,10782,10782,4
2019-09-06,16:32:35.347000,10781,10782,10782,1
2019-09-06,16:32:39.179000,10781,10782,10782,1
2019-09-06,16:32:42.609000,10781,10782,10782,2
2019-09-06,16:32:53.436000,10782,10783,10782,2
2019-09-06,16:33:07.060000,10782,10783,10782,2
2019-09-06,16:33:39.910000,10781,10782,10781,10
2019-09-06,16:33:46.142000,10781,10782,10781,1
2019-09-06,16:34:26.323000,10780,10781,10781,1
2019-09-06,16:34:55.791000,10780,10781,10781,3
2019-09-06,16:35:07.480000,10781,10782,10782,3
2019-09-06,16:35:34.379000,10782,10783,10782,1
2019-09-06,16:36:27.770000,10781,10782,10781,15
2019-09-06,16:36:48.415000,10781,10782,10782,3
2019-09-06,16:36:50.348000,10781,10782,10781,4
2019-09-06,16:37:17.948000,10781,10782,10781,2
2019-09-06,16:38:19.726000,10781,10782,10781,1
2019-09-06,16:38:21.470000,10781,10782,10781,1
2019-09-06,16:38:21.470000,10781,10782,10781,2
2019-09-06,16:38:21.470000,10781,10782,10781,1
2019-09-06,16:38:29.720000,10781,10782,10781,10
2019-09-06,16:38:57.274000,10781,10782,10782,1
2019-09-06,16:39:14.344000,10781,10782,10782,1
2019-09-06,16:39:15.338000,10781,10782,10782,2
2019-09-06,16:39:15.716000,10782,10783,10782,1
2019-09-06,16:39:29.067000,10781,10782,10782,2
2019-09-06,16:39:53.172000,10782,10783,10783,1
2019-09-06,16:39:54.634000,10782,10783,10782,1
2019-09-06,16:40:26.004000,10782,10783,10782,5
2019-09-06,16:40:34.701000,10781,10783,10781,3
2019-09-06,16:40:52.081000,10781,10782,10782,1
2019-09-06,16:41:31.869000,10781,10782,10782,1
2019-09-06,16:41:34.053000,10781,10782,10782,1
2019-09-06,16:41:41.873000,10781,10782,10781,4
2019-09-06,16:42:07.574000,10781,10782,10782,2
2019-09-06,16:42:08.020000,10781,10782,10781,1
2019-09-06,16:42:08.278000,10781,10782,10782,2
2019-09-06,16:42:17.928000,10781,10782,10782,5
2019-09-06,16:42:23.917000,10782,10783,10782,1
2019-09-06,16:43:02.250000,10781,10782,10782,1
2019-09-06,16:44:20.737000,10782,10783,10782,1
2019-09-06,16:45:02.771000,10781,10782,10782,1
2019-09-06,16:45:02.771000,10781,10782,10783,2
2019-09-06,16:45:54.351000,10782,10783,10782,1
2019-09-06,16:45:58.525000,10782,10783,10783,1
2019-09-06,16:46:02.437000,10782,10783,10783,1
2019-09-06,16:46:12.309000,10782,10783,10783,1
2019-09-06,16:46:27.531000,10782,10783,10783,1
2019-09-06,16:46:57.008000,10782,10783,10783,1
2019-09-06,16:47:03.091000,10782,10783,10783,1
2019-09-06,16:47:18.573000,10782,10783,10783,1
2019-09-06,16:47:24.268000,10782,10783,10783,12
2019-09-06,16:47:30.042000,10782,10783,10783,2
2019-09-06,16:47:31.348000,10782,10783,10783,1
2019-09-06,16:47:48.024000,10782,10783,10783,4
2019-09-06,16:47:49.475000,10782,10783,10783,2
2019-09-06,16:48:24.250000,10782,10783,10783,1
2019-09-06,16:48:42.206000,10783,10784,10784,1
2019-09-06,16:49:53.982000,10783,10784,10783,1
2019-09-06,16:49:59.644000,10783,10784,10783,1
2019-09-06,16:50:38.402000,10783,10784,10784,3
2019-09-06,16:50:44.386000,10783,10784,10784,1
2019-09-06,16:50:53.444000,10783,10784,10783,1
2019-09-06,16:50:57.829000,10783,10784,10784,1
2019-09-06,16:51:15.880000,10783,10784,10784,1
2019-09-06,16:51:29.102000,10783,10784,10784,2
2019-09-06,16:52:10.430000,10783,10784,10784,1
2019-09-06,16:52:39.292000,10783,10784,10784,1
2019-09-06,16:52:51.460000,10783,10784,10784,1
2019-09-06,16:52:52.668000,10783,10784,10784,1
2019-09-06,16:52:56.323000,10783,10784,10784,1
2019-09-06,16:53:02.796000,10783,10784,10784,2
2019-09-06,16:53:26.307000,10783,10784,10784,1
2019-09-06,16:53:46.049000,10783,10784,10783,8
2019-09-06,16:53:46.049000,10783,10784,10783,2
2019-09-06,16:53:46.053000,10783,10784,10783,5
2019-09-06,16:53:46.053000,10783,10784,10783,1
2019-09-06,16:53:46.054000,10783,10784,10783,2
2019-09-06,16:53:46.054000,10783,10784,10783,1
2019-09-06,16:54:02.907000,10782,10783,10783,1
2019-09-06,16:54:03.160000,10782,10783,10783,1
2019-09-06,16:54:28.582000,10782,10783,10783,3
2019-09-06,16:54:59.029000,10782,10783,10783,2
2019-09-06,16:54:59.029000,10782,10783,10784,2
2019-09-06,16:55:17.683000,10782,10783,10782,1
2019-09-06,16:55:20.174000,10782,10784,10782,1
2019-09-06,16:56:03.279000,10783,10784,10783,1
2019-09-06,16:56:13.827000,10782,10783,10783,1
2019-09-06,16:56:23.202000,10782,10783,10783,1
2019-09-06,16:56:23.452000,10782,10783,10783,1
2019-09-06,16:56:23.702000,10782,10783,10783,1
2019-09-06,16:56:28.202000,10782,10783,10783,1
2019-09-06,16:56:37.975000,10782,10784,10782,1
2019-09-06,16:56:52.036000,10782,10784,10782,1
2019-09-06,16:57:08.702000,10782,10783,10783,1
2019-09-06,16:57:44.022000,10783,10784,10784,1
2019-09-06,16:58:18.053000,10783,10784,10784,3
2019-09-06,16:58:23.873000,10783,10784,10784,1
2019-09-06,16:58:54.518000,10783,10784,10783,2
2019-09-06,16:58:54.577000,10782,10783,10783,3
2019-09-06,16:59:17.735000,10782,10783,10782,1
2019-09-06,16:59:19.795000,10782,10783,10783,3
2019-09-06,16:59:35.501000,10782,10783,10782,1
2019-09-06,16:59:56.004000,10782,10783,10783,2
2019-09-06,17:00:01.013000,10782,10783,10783,2
2019-09-06,17:00:01.459000,10782,10783,10783,2
2019-09-06,17:00:06.506000,10782,10783,10783,2
2019-09-06,17:00:11.791000,10782,10783,10782,2
2019-09-06,17:00:33.191000,10782,10783,10782,1
2019-09-06,17:00:40.599000,10782,10783,10782,1
2019-09-06,17:00:43.350000,10782,10783,10782,1
2019-09-06,17:01:09.090000,10781,10782,10782,1
2019-09-06,17:01:15.845000,10781,10782,10782,1
2019-09-06,17:01:22.131000,10781,10782,10782,1
2019-09-06,17:01:26.458000,10782,10783,10782,1
2019-09-06,17:02:09.310000,10782,10783,10782,1
2019-09-06,17:02:28.575000,10782,10783,10782,1
2019-09-06,17:02:52.267000,10782,10783,10782,1
2019-09-06,17:02:54.248000,10782,10783,10782,1
2019-09-06,17:03:25.110000,10782,10783,10782,2
2019-09-06,17:03:25.191000,10782,10783,10782,2
2019-09-06,17:04:03.048000,10782,10783,10783,1
2019-09-06,17:04:13.937000,10782,10783,10783,1
2019-09-06,17:04:17.558000,10782,10783,10783,1
2019-09-06,17:04:32.388000,10782,10783,10783,6
2019-09-06,17:04:40.416000,10782,10783,10783,1
2019-09-06,17:04:48.170000,10782,10783,10783,5
2019-09-06,17:04:48.423000,10783,10784,10783,2
2019-09-06,17:04:48.673000,10783,10784,10783,1
2019-09-06,17:04:49.203000,10782,10783,10783,1
2019-09-06,17:04:59.614000,10782,10783,10783,1
2019-09-06,17:05:55.660000,10783,10784,10783,1
2019-09-06,17:05:56.237000,10783,10784,10784,2
2019-09-06,17:06:55.133000,10783,10784,10783,1
2019-09-06,17:08:02.497000,10783,10784,10784,1
2019-09-06,17:09:59.717000,10783,10784,10784,1
2019-09-06,17:11:47.907000,10783,10784,10784,8
2019-09-06,17:11:47.907000,10783,10784,10784,5
2019-09-06,17:11:47.952000,10783,10784,10784,20
2019-09-06,17:11:58.099000,10784,10785,10785,2
2019-09-06,17:11:58.111000,10784,10785,10785,1
2019-09-06,17:11:58.133000,10784,10785,10785,1
2019-09-06,17:11:58.136000,10784,10785,10785,58
2019-09-06,17:11:58.216000,10785,10786,10786,1
2019-09-06,17:11:58.243000,10785,10786,10786,1
2019-09-06,17:11:58.327000,10785,10786,10786,2
2019-09-06,17:11:58.354000,10785,10786,10786,1
2019-09-06,17:11:58.374000,10785,10786,10786,2
2019-09-06,17:11:58.421000,10785,10786,10786,14
2019-09-06,17:11:58.679000,10785,10786,10786,2
2019-09-06,17:12:00.997000,10785,10786,10786,1
2019-09-06,17:12:04.389000,10785,10786,10786,30
2019-09-06,17:12:04.579000,10786,10787,10787,1
2019-09-06,17:12:04.792000,10786,10787,10787,13
2019-09-06,17:12:04.912000,10786,10787,10787,1
2019-09-06,17:12:05.031000,10786,10787,10787,1
2019-09-06,17:12:05.411000,10786,10787,10787,5
2019-09-06,17:12:09.342000,10786,10787,10786,1
2019-09-06,17:12:11.901000,10786,10787,10786,1
2019-09-06,17:12:19.887000,10786,10787,10787,6
2019-09-06,17:12:23.201000,10786,10787,10786,1
2019-09-06,17:12:24.837000,10786,10787,10786,5
2019-09-06,17:12:33.429000,10786,10787,10786,1
2019-09-06,17:12:35.809000,10786,10787,10787,5
2019-09-06,17:12:44.485000,10786,10787,10787,1
2019-09-06,17:12:50.036000,10786,10787,10787,1
2019-09-06,17:12:56.444000,10786,10787,10787,1
2019-09-06,17:13:05.712000,10786,10787,10787,2
2019-09-06,17:13:14.121000,10786,10787,10787,3
2019-09-06,17:13:14.726000,10786,10787,10787,1
2019-09-06,17:13:14.878000,10786,10787,10787,4
2019-09-06,17:13:16.613000,10787,10788,10787,1
2019-09-06,17:13:18.220000,10787,10788,10787,2
2019-09-06,17:13:20.992000,10787,10788,10787,1
2019-09-06,17:13:21.696000,10787,10788,10787,8
2019-09-06,17:13:27.870000,10786,10787,10787,3
2019-09-06,17:13:29.851000,10786,10787,10787,3
2019-09-06,17:13:38.757000,10786,10787,10787,1
2019-09-06,17:13:40.411000,10786,10787,10787,1
2019-09-06,17:14:03.746000,10786,10787,10787,1
2019-09-06,17:14:04.789000,10786,10787,10787,1
2019-09-06,17:14:06.482000,10786,10787,10787,1
2019-09-06,17:14:50.934000,10787,10788,10787,1
2019-09-06,17:14:54.527000,10787,10788,10787,2
2019-09-06,17:14:58.225000,10787,10788,10787,2
2019-09-06,17:15:00.101000,10787,10788,10788,15
2019-09-06,17:15:03.697000,10787,10788,10788,3
2019-09-06,17:15:03.744000,10787,10788,10788,1
2019-09-06,17:15:04.348000,10787,10788,10788,1
2019-09-06,17:15:04.802000,10787,10788,10788,2
2019-09-06,17:15:04.897000,10787,10788,10788,2
2019-09-06,17:15:04.987000,10787,10788,10788,1
2019-09-06,17:15:05.063000,10787,10788,10788,2
2019-09-06,17:15:05.078000,10787,10788,10788,1
2019-09-06,17:15:05.082000,10787,10788,10788,1
2019-09-06,17:15:05.100000,10787,10788,10788,1
2019-09-06,17:15:05.167000,10787,10788,10788,2
2019-09-06,17:15:05.217000,10787,10788,10788,1
2019-09-06,17:15:05.273000,10787,10788,10788,1
2019-09-06,17:15:05.386000,10787,10788,10788,1
2019-09-06,17:15:05.705000,10787,10788,10788,1
2019-09-06,17:15:05.911000,10787,10788,10788,29
2019-09-06,17:15:06.543000,10788,10789,10788,2
2019-09-06,17:15:10.243000,10788,10789,10789,1
2019-09-06,17:15:10.386000,10788,10789,10789,13
2019-09-06,17:15:13.502000,10788,10789,10789,1
2019-09-06,17:15:14.686000,10788,10789,10789,1
2019-09-06,17:15:20.669000,10788,10789,10789,4
2019-09-06,17:15:21.709000,10788,10789,10788,4
2019-09-06,17:15:23.180000,10788,10789,10788,1
2019-09-06,17:15:23.202000,10788,10789,10788,1
2019-09-06,17:15:24.678000,10788,10789,10789,1
2019-09-06,17:15:34.015000,10788,10789,10789,2
2019-09-06,17:15:39.775000,10788,10789,10788,1
2019-09-06,17:15:43.878000,10788,10789,10788,1
2019-09-06,17:15:46.450000,10788,10789,10788,1
2019-09-06,17:15:51.573000,10788,10789,10789,4
2019-09-06,17:15:54.130000,10788,10789,10788,1
2019-09-06,17:15:55.229000,10788,10789,10789,4
2019-09-06,17:16:02.299000,10788,10789,10788,1
2019-09-06,17:16:02.382000,10788,10789,10789,3
2019-09-06,17:16:03.029000,10788,10789,10789,1
2019-09-06,17:16:03.228000,10788,10789,10789,1
2019-09-06,17:16:04.929000,10788,10789,10789,1
2019-09-06,17:16:09.890000,10788,10789,10789,3
2019-09-06,17:16:14.364000,10788,10789,10788,5
2019-09-06,17:16:14.675000,10787,10789,10789,2
2019-09-06,17:16:18.475000,10787,10788,10787,2
2019-09-06,17:16:18.729000,10787,10788,10787,2
2019-09-06,17:16:18.979000,10787,10788,10787,2
2019-09-06,17:16:19.229000,10787,10788,10787,1
2019-09-06,17:16:20.076000,10787,10788,10787,1
2019-09-06,17:16:45.641000,10786,10787,10787,13
2019-09-06,17:16:45.641000,10786,10787,10788,2
2019-09-06,17:16:47.445000,10786,10788,10788,3
2019-09-06,17:16:47.798000,10787,10788,10787,1
2019-09-06,17:16:56.974000,10787,10788,10787,2
2019-09-06,17:17:15.001000,10787,10788,10787,1
2019-09-06,17:17:21.258000,10786,10787,10787,1
2019-09-06,17:17:28.517000,10786,10788,10786,1
2019-09-06,17:17:37.846000,10786,10787,10787,1
2019-09-06,17:17:45.413000,10786,10787,10786,1
2019-09-06,17:17:49.599000,10786,10787,10787,5
2019-09-06,17:17:58.873000,10786,10787,10787,1
2019-09-06,17:18:06.419000,10786,10787,10787,1
2019-09-06,17:18:14.090000,10786,10787,10787,1
2019-09-06,17:19:09.569000,10786,10787,10787,1
2019-09-06,17:19:39.886000,10786,10787,10786,1
2019-09-06,17:20:12.998000,10786,10787,10787,1
2019-09-06,17:20:13.516000,10786,10787,10786,1
2019-09-06,17:20:46.825000,10786,10787,10786,2
2019-09-06,17:21:46.474000,10786,10787,10787,1
2019-09-06,17:21:51.262000,10786,10787,10787,3
2019-09-06,17:22:01.777000,10786,10787,10787,1
2019-09-06,17:22:08.489000,10786,10787,10787,1
2019-09-06,17:22:14.882000,10786,10787,10787,1
2019-09-06,17:22:17.359000,10786,10787,10787,3
2019-09-06,17:22:17.419000,10786,10787,10787,7
2019-09-06,17:22:21.087000,10786,10787,10787,1
2019-09-06,17:22:21.202000,10786,10787,10787,1
2019-09-06,17:22:24.537000,10786,10787,10787,1
2019-09-06,17:22:25.783000,10786,10787,10787,1
2019-09-06,17:22:30.585000,10786,10787,10787,1
2019-09-06,17:22:36.883000,10786,10787,10787,1
2019-09-06,17:23:26.320000,10786,10787,10787,1
2019-09-06,17:23:55.100000,10786,10787,10787,7
2019-09-06,17:23:55.100000,10786,10787,10787,7
2019-09-06,17:23:55.100000,10786,10787,10787,4
2019-09-06,17:23:55.334000,10787,10788,10787,2
2019-09-06,17:23:57.451000,10787,10788,10788,12
2019-09-06,17:23:57.497000,10787,10789,10788,3
2019-09-06,17:23:57.497000,10787,10789,10787,2
2019-09-06,17:23:57.805000,10787,10789,10787,5
2019-09-06,17:23:58.106000,10788,10789,10788,1
2019-09-06,17:23:58.118000,10788,10789,10788,1
2019-09-06,17:23:58.432000,10788,10789,10789,6
2019-09-06,17:23:58.440000,10788,10789,10789,1
2019-09-06,17:23:58.440000,10788,10789,10789,3
2019-09-06,17:23:58.440000,10788,10789,10789,1
2019-09-06,17:23:58.440000,10788,10789,10789,1
2019-09-06,17:23:58.440000,10788,10789,10789,1
2019-09-06,17:23:58.644000,10788,10790,10790,7
2019-09-06,17:23:58.645000,10788,10790,10790,1
2019-09-06,17:23:58.645000,10788,10790,10790,1
2019-09-06,17:23:58.645000,10788,10790,10790,18
2019-09-06,17:23:58.677000,10788,10790,10789,2
2019-09-06,17:23:58.702000,10789,10790,10789,2
2019-09-06,17:23:58.704000,10789,10790,10789,1
2019-09-06,17:23:58.867000,10789,10790,10790,8
2019-09-06,17:23:59.241000,10789,10790,10789,2
2019-09-06,17:23:59.366000,10789,10790,10790,1
2019-09-06,17:23:59.417000,10789,10790,10789,2
2019-09-06,17:23:59.419000,10789,10790,10789,2
2019-09-06,17:23:59.420000,10789,10790,10789,2
2019-09-06,17:23:59.421000,10789,10790,10789,2
2019-09-06,17:23:59.452000,10788,10790,10789,2
2019-09-06,17:23:59.494000,10788,10790,10789,1
2019-09-06,17:23:59.605000,10788,10790,10789,2
2019-09-06,17:23:59.921000,10789,10790,10789,1
2019-09-06,17:24:00.010000,10789,10790,10789,1
2019-09-06,17:24:00.643000,10788,10789,10789,1
2019-09-06,17:24:02.251000,10789,10790,10790,4
2019-09-06,17:24:04.720000,10789,10790,10790,1
2019-09-06,17:24:04.863000,10789,10790,10790,9
2019-09-06,17:24:05.202000,10789,10790,10790,2
2019-09-06,17:24:05.655000,10789,10790,10790,1
2019-09-06,17:24:06.776000,10789,10790,10789,2
2019-09-06,17:24:08.379000,10789,10791,10790,1
2019-09-06,17:24:10.077000,10790,10791,10790,1
2019-09-06,17:24:13.580000,10790,10791,10791,7
2019-09-06,17:24:13.605000,10790,10791,10790,5
2019-09-06,17:24:13.702000,10790,10791,10791,4
2019-09-06,17:24:13.731000,10790,10791,10791,1
2019-09-06,17:24:14.392000,10790,10791,10791,5
2019-09-06,17:24:16.618000,10790,10791,10791,1
2019-09-06,17:24:16.795000,10790,10791,10791,3
2019-09-06,17:24:17.108000,10790,10791,10790,3
2019-09-06,17:24:17.108000,10790,10791,10790,1
2019-09-06,17:24:19.192000,10789,10790,10789,1
2019-09-06,17:24:19.593000,10789,10790,10789,1
2019-09-06,17:24:20.941000,10789,10790,10790,1
2019-09-06,17:24:24.081000,10789,10790,10789,2
2019-09-06,17:24:24.081000,10789,10790,10789,1
2019-09-06,17:24:25.118000,10788,10789,10788,1
2019-09-06,17:24:25.577000,10787,10788,10787,9
2019-09-06,17:24:25.702000,10787,10788,10787,3
2019-09-06,17:24:26.063000,10787,10788,10787,3
2019-09-06,17:24:26.705000,10786,10787,10787,5
2019-09-06,17:24:27.010000,10786,10787,10787,2
2019-09-06,17:24:27.024000,10786,10787,10787,1
2019-09-06,17:24:27.081000,10786,10787,10786,6
2019-09-06,17:24:27.321000,10786,10787,10786,8
2019-09-06,17:24:27.327000,10786,10787,10786,21
2019-09-06,17:24:27.677000,10785,10786,10786,2
2019-09-06,17:24:27.677000,10785,10786,10786,2
2019-09-06,17:24:28.402000,10785,10787,10787,2
2019-09-06,17:24:28.402000,10785,10787,10787,10
2019-09-06,17:24:28.452000,10786,10787,10787,1
2019-09-06,17:24:34.270000,10787,10788,10787,1
2019-09-06,17:24:37.619000,10786,10787,10786,10
2019-09-06,17:24:40.259000,10786,10787,10787,1
2019-09-06,17:24:42.294000,10787,10788,10787,6
2019-09-06,17:24:42.294000,10787,10788,10786,4
2019-09-06,17:24:48.422000,10787,10788,10787,4
2019-09-06,17:24:48.422000,10787,10788,10786,6
2019-09-06,17:24:49.315000,10786,10788,10786,1
2019-09-06,17:24:55.241000,10786,10787,10787,1
2019-09-06,17:24:55.854000,10787,10788,10787,6
2019-09-06,17:24:56.833000,10786,10787,10787,1
2019-09-06,17:25:02.359000,10787,10788,10788,5
2019-09-06,17:25:02.579000,10787,10788,10788,2
2019-09-06,17:25:02.788000,10787,10788,10788,1
2019-09-06,17:25:02.793000,10787,10788,10788,1
2019-09-06,17:25:07.182000,10787,10788,10787,5
2019-09-06,17:25:11.407000,10786,10787,10787,1
2019-09-06,17:25:14.545000,10786,10787,10787,1
2019-09-06,17:25:18.675000,10787,10788,10787,1
2019-09-06,17:25:22.714000,10787,10788,10787,1
2019-09-06,17:25:23.157000,10787,10788,10787,1
2019-09-06,17:25:35.687000,10787,10788,10787,1
2019-09-06,17:25:35.688000,10787,10788,10787,1
2019-09-06,17:25:35.688000,10787,10788,10787,3
2019-09-06,17:25:36.586000,10786,10787,10787,3
2019-09-06,17:25:47.593000,10787,10788,10788,1
2019-09-06,17:25:52.952000,10788,10789,10789,4
2019-09-06,17:25:55.611000,10788,10789,10789,1
2019-09-06,17:25:55.883000,10788,10789,10789,1
2019-09-06,17:26:01.799000,10788,10789,10789,2
2019-09-06,17:26:02.465000,10788,10789,10789,10
2019-09-06,17:26:02.652000,10788,10789,10789,6
2019-09-06,17:26:11.981000,10789,10790,10790,1
2019-09-06,17:26:14.865000,10789,10790,10789,3
2019-09-06,17:26:16.216000,10789,10790,10790,1
2019-09-06,17:26:20.292000,10789,10790,10789,1
2019-09-06,17:26:22.447000,10789,10790,10789,1
2019-09-06,17:26:22.552000,10788,10790,10789,1
2019-09-06,17:26:23.712000,10788,10790,10790,1
2019-09-06,17:26:29.660000,10789,10790,10789,4
2019-09-06,17:26:30.284000,10788,10790,10789,1
2019-09-06,17:26:33.991000,10788,10790,10790,1
2019-09-06,17:26:50.317000,10789,10790,10790,1
2019-09-06,17:26:52.917000,10789,10790,10790,1
2019-09-06,17:26:54.022000,10789,10790,10790,1
2019-09-06,17:27:09.989000,10789,10790,10790,1
2019-09-06,17:27:10.463000,10789,10790,10789,1
2019-09-06,17:27:11.842000,10789,10790,10790,1
2019-09-06,17:27:14.185000,10789,10790,10790,1
2019-09-06,17:27:16.316000,10789,10790,10790,1
2019-09-06,17:27:17.996000,10789,10790,10789,1
2019-09-06,17:27:20.344000,10789,10790,10790,1
2019-09-06,17:27:27.827000,10789,10790,10790,8
2019-09-06,17:27:27.827000,10789,10790,10790,9
2019-09-06,17:27:28.996000,10790,10791,10790,1
2019-09-06,17:27:29.458000,10790,10791,10790,1
2019-09-06,17:27:36.069000,10790,10791,10790,5
2019-09-06,17:27:39.586000,10790,10791,10790,1
2019-09-06,17:27:43.646000,10790,10791,10790,1
2019-09-06,17:27:44.429000,10790,10791,10790,1
2019-09-06,17:27:52.694000,10790,10791,10791,2
2019-09-06,17:27:55.218000,10790,10791,10790,1
2019-09-06,17:28:01.962000,10790,10791,10790,2
2019-09-06,17:28:06.318000,10789,10790,10790,1
2019-09-06,17:28:09.840000,10790,10791,10790,1
2019-09-06,17:28:16.360000,10790,10791,10791,5
2019-09-06,17:28:23.405000,10790,10791,10791,1
2019-09-06,17:28:32.553000,10790,10791,10790,1
2019-09-06,17:28:58.604000,10790,10791,10791,1
2019-09-06,17:29:00.534000,10790,10791,10790,2
2019-09-06,17:29:01.370000,10790,10791,10791,1
2019-09-06,17:29:06.411000,10790,10791,10790,1
2019-09-06,17:29:09.609000,10790,10791,10790,1
2019-09-06,17:29:13.011000,10789,10790,10790,1
2019-09-06,17:29:14.810000,10790,10791,10790,1
2019-09-06,17:29:18.327000,10790,10791,10790,6
2019-09-06,17:29:19.003000,10789,10790,10790,5
2019-09-06,17:29:33.580000,10789,10790,10790,1
2019-09-06,17:29:46.826000,10789,10790,10790,1
2019-09-06,17:30:08.249000,10789,10790,10789,2
2019-09-06,17:30:08.250000,10789,10790,10789,5
2019-09-06,17:30:08.762000,10788,10789,10788,2
2019-09-06,17:30:08.898000,10787,10788,10788,1
2019-09-06,17:30:09.218000,10788,10789,10788,2
2019-09-06,17:30:09.332000,10787,10789,10789,1
2019-09-06,17:30:09.357000,10787,10789,10789,1
2019-09-06,17:30:09.423000,10787,10789,10789,1
2019-09-06,17:30:09.440000,10787,10789,10789,1
2019-09-06,17:30:09.449000,10787,10789,10789,1
2019-09-06,17:30:11.295000,10788,10789,10788,1
2019-09-06,17:30:11.562000,10788,10789,10788,1
2019-09-06,17:30:11.949000,10788,10789,10789,1
2019-09-06,17:30:12.468000,10788,10789,10789,1
2019-09-06,17:30:13.732000,10789,10790,10789,1
2019-09-06,17:30:28.848000,10788,10789,10788,1
2019-09-06,17:30:30.721000,10788,10789,10788,1
2019-09-06,17:30:31.665000,10787,10788,10788,1
2019-09-06,17:30:34.214000,10787,10788,10788,1
2019-09-06,17:30:34.214000,10787,10788,10788,3
2019-09-06,17:30:46.481000,10787,10788,10788,1
2019-09-06,17:30:50.890000,10787,10788,10788,1
2019-09-06,17:30:50.890000,10787,10788,10788,3
2019-09-06,17:30:54.758000,10787,10789,10789,1
2019-09-06,17:30:57.254000,10787,10789,10789,1
2019-09-06,17:31:01.890000,10788,10789,10788,1
2019-09-06,17:31:11.832000,10787,10788,10788,3
2019-09-06,17:31:18.899000,10787,10788,10787,1
2019-09-06,17:31:21.545000,10787,10788,10787,1
2019-09-06,17:31:22.973000,10787,10788,10787,1
2019-09-06,17:31:24.232000,10787,10788,10787,1
2019-09-06,17:31:26.041000,10787,10788,10787,1
2019-09-06,17:31:27.976000,10787,10788,10788,1
2019-09-06,17:31:28.044000,10787,10788,10788,1
2019-09-06,17:31:28.057000,10787,10788,10788,2
2019-09-06,17:31:28.057000,10787,10788,10788,2
2019-09-06,17:31:32.910000,10788,10789,10788,1
2019-09-06,17:31:41.591000,10788,10789,10788,1
2019-09-06,17:31:52.231000,10788,10789,10788,1
2019-09-06,17:31:53.498000,10788,10789,10788,1
2019-09-06,17:31:56.826000,10788,10789,10788,1
2019-09-06,17:32:09.267000,10787,10788,10788,8
2019-09-06,17:32:26.363000,10788,10789,10788,2
2019-09-06,17:32:28.458000,10788,10789,10789,1
2019-09-06,17:32:35.078000,10788,10789,10788,1
2019-09-06,17:32:48.058000,10788,10789,10789,1
2019-09-06,17:32:55.753000,10788,10789,10788,3
2019-09-06,17:33:05.952000,10788,10789,10789,2
2019-09-06,17:33:06.413000,10788,10789,10788,1
2019-09-06,17:33:08.802000,10788,10789,10789,2
2019-09-06,17:33:16.582000,10788,10789,10788,2
2019-09-06,17:33:29.611000,10788,10789,10789,2
2019-09-06,17:34:30.684000,10788,10789,10788,1
2019-09-06,17:34:39.164000,10788,10789,10789,1
2019-09-06,17:34:42.507000,10788,10789,10789,7
2019-09-06,17:34:42.737000,10789,10790,10789,1
2019-09-06,17:34:45.125000,10788,10789,10789,1
2019-09-06,17:34:45.359000,10789,10790,10789,1
2019-09-06,17:34:50.502000,10788,10789,10789,1
2019-09-06,17:34:52.064000,10788,10789,10789,2
2019-09-06,17:34:54.686000,10789,10790,10789,1
2019-09-06,17:34:56.502000,10788,10789,10789,1
2019-09-06,17:35:03.529000,10788,10789,10789,1
2019-09-06,17:35:12.874000,10789,10790,10789,1
2019-09-06,17:35:41.465000,10789,10790,10789,1
2019-09-06,17:35:49.745000,10789,10790,10789,1
2019-09-06,17:36:02.586000,10788,10789,10789,6
2019-09-06,17:36:11.508000,10788,10790,10790,1
2019-09-06,17:36:15.950000,10789,10790,10790,3
2019-09-06,17:36:22.074000,10789,10790,10789,1
2019-09-06,17:36:24.323000,10789,10790,10789,1
2019-09-06,17:36:30.590000,10789,10790,10789,1
2019-09-06,17:36:33.115000,10789,10790,10790,1
2019-09-06,17:36:34.396000,10789,10790,10789,1
2019-09-06,17:36:41.502000,10789,10790,10789,1
2019-09-06,17:36:54.160000,10789,10790,10789,1
2019-09-06,17:36:54.487000,10788,10790,10790,1
2019-09-06,17:37:07.426000,10789,10790,10790,1
2019-09-06,17:37:12.152000,10789,10790,10789,1
2019-09-06,17:37:21.812000,10789,10790,10790,6
2019-09-06,17:37:21.827000,10789,10790,10790,12
2019-09-06,17:37:33.247000,10789,10790,10790,2
2019-09-06,17:38:41.943000,10789,10790,10790,12
2019-09-06,17:38:46.579000,10789,10790,10790,1
2019-09-06,17:39:02.943000,10789,10790,10789,3
2019-09-06,17:39:06.377000,10789,10790,10790,1
2019-09-06,17:39:23.093000,10789,10790,10790,3
2019-09-06,17:39:29.542000,10789,10790,10790,1
2019-09-06,17:39:41.380000,10789,10790,10790,1
2019-09-06,17:39:45.899000,10789,10790,10790,1
2019-09-06,17:39:49.606000,10789,10790,10790,1
2019-09-06,17:39:53.140000,10789,10790,10789,1
2019-09-06,17:40:22.823000,10789,10790,10790,4
2019-09-06,17:40:23.184000,10790,10791,10791,2
2019-09-06,17:40:23.359000,10790,10791,10791,1
2019-09-06,17:40:23.624000,10789,10791,10791,1
2019-09-06,17:40:23.629000,10789,10791,10791,1
2019-09-06,17:40:38.862000,10790,10791,10791,6
2019-09-06,17:40:48.729000,10790,10791,10791,1
2019-09-06,17:40:51.184000,10790,10791,10790,1
2019-09-06,17:40:53.769000,10789,10790,10789,3
2019-09-06,17:40:53.849000,10789,10790,10789,1
2019-09-06,17:41:25.455000,10789,10790,10789,30
2019-09-06,17:41:25.694000,10788,10790,10788,3
2019-09-06,17:41:30.881000,10788,10789,10788,3
2019-09-06,17:41:40.329000,10788,10789,10788,1
2019-09-06,17:41:40.329000,10788,10789,10788,1
2019-09-06,17:41:40.329000,10788,10789,10788,2
2019-09-06,17:41:40.329000,10788,10789,10788,6
2019-09-06,17:41:40.829000,10787,10788,10787,1
2019-09-06,17:41:41.728000,10787,10788,10788,1
2019-09-06,17:41:42.519000,10787,10788,10788,2
2019-09-06,17:41:42.519000,10787,10788,10788,2
2019-09-06,17:41:42.519000,10787,10788,10788,1
2019-09-06,17:41:42.519000,10787,10788,10788,2
2019-09-06,17:41:55.093000,10788,10789,10789,6
2019-09-06,17:42:13.290000,10789,10790,10789,2
2019-09-06,17:42:17.506000,10788,10789,10790,1
2019-09-06,17:42:40.997000,10788,10789,10788,1
2019-09-06,17:42:41.012000,10788,10789,10787,1
2019-09-06,17:42:41.030000,10788,10789,10787,1
2019-09-06,17:42:59.436000,10788,10789,10788,1
2019-09-06,17:43:02.385000,10788,10789,10788,9
2019-09-06,17:43:03.488000,10788,10789,10789,2
2019-09-06,17:43:19.094000,10788,10789,10788,3
2019-09-06,17:43:19.266000,10787,10788,10787,1
2019-09-06,17:43:19.290000,10787,10788,10787,2
2019-09-06,17:43:22.843000,10787,10788,10788,2
2019-09-06,17:43:29.321000,10787,10788,10788,3
2019-09-06,17:43:29.321000,10787,10788,10789,4
2019-09-06,17:43:33.468000,10787,10788,10788,1
2019-09-06,17:43:33.579000,10788,10789,10788,1
2019-09-06,17:43:53.340000,10787,10788,10788,1
2019-09-06,17:44:02.490000,10787,10788,10787,10
2019-09-06,17:44:07.138000,10787,10788,10787,1
2019-09-06,17:44:07.139000,10787,10788,10787,1
2019-09-06,17:44:07.139000,10787,10788,10787,1
2019-09-06,17:44:07.169000,10787,10788,10787,4
2019-09-06,17:44:07.202000,10787,10788,10787,3
2019-09-06,17:44:07.578000,10787,10788,10787,1
2019-09-06,17:44:14.704000,10787,10788,10788,2
2019-09-06,17:44:14.704000,10787,10788,10788,2
2019-09-06,17:44:23.216000,10787,10788,10788,1
2019-09-06,17:44:25.162000,10787,10788,10788,1
2019-09-06,17:44:42.647000,10787,10788,10787,1
2019-09-06,17:44:49.220000,10787,10788,10787,1
2019-09-06,17:44:53.576000,10787,10788,10787,1
2019-09-06,17:45:02.603000,10787,10788,10787,1
2019-09-06,17:45:03.790000,10787,10788,10787,1
2019-09-06,17:45:03.824000,10787,10788,10787,1
2019-09-06,17:45:03.828000,10786,10788,10788,1
2019-09-06,17:45:08.116000,10786,10787,10786,1
2019-09-06,17:45:20.754000,10786,10787,10786,1
2019-09-06,17:45:28.612000,10786,10787,10787,1
2019-09-06,17:46:02.710000,10786,10787,10787,5
2019-09-06,17:46:20.607000,10786,10787,10787,1
2019-09-06,17:46:20.607000,10786,10787,10787,3
2019-09-06,17:46:20.607000,10786,10787,10787,2
2019-09-06,17:46:20.608000,10786,10787,10787,1
2019-09-06,17:46:41.114000,10787,10788,10787,1
2019-09-06,17:47:02.825000,10786,10787,10786,10
2019-09-06,17:47:03.013000,10786,10787,10786,4
2019-09-06,17:47:17.081000,10786,10787,10786,18
2019-09-06,17:47:17.202000,10786,10787,10786,1
2019-09-06,17:47:20.862000,10786,10787,10786,2
2019-09-06,17:47:27.404000,10786,10787,10786,6
2019-09-06,17:47:35.941000,10786,10787,10786,1
2019-09-06,17:47:38.964000,10786,10787,10786,1
2019-09-06,17:47:39.445000,10786,10787,10786,1
2019-09-06,17:47:39.921000,10786,10787,10786,1
2019-09-06,17:47:42.019000,10786,10787,10786,2
2019-09-06,17:47:45.561000,10786,10787,10787,1
2019-09-06,17:47:47.873000,10786,10787,10786,4
2019-09-06,17:47:49.543000,10785,10786,10785,1
2019-09-06,17:47:52.194000,10785,10786,10786,1
2019-09-06,17:48:18.648000,10785,10786,10785,1
2019-09-06,17:48:18.711000,10785,10786,10785,61
2019-09-06,17:48:18.930000,10784,10785,10785,1
2019-09-06,17:48:30.158000,10784,10785,10785,2
2019-09-06,17:48:51.414000,10784,10785,10784,1
2019-09-06,17:48:53.275000,10784,10785,10785,15
2019-09-06,17:48:53.327000,10784,10785,10785,5
2019-09-06,17:48:53.883000,10785,10786,10785,4
2019-09-06,17:49:11.945000,10785,10786,10785,6
2019-09-06,17:49:49.279000,10784,10785,10785,1
2019-09-06,17:49:52.549000,10784,10785,10784,1
2019-09-06,17:50:01.017000,10784,10785,10784,2
2019-09-06,17:50:03.339000,10784,10785,10784,2
2019-09-06,17:50:09.925000,10784,10785,10784,2
2019-09-06,17:50:15.235000,10784,10785,10784,6
2019-09-06,17:50:17.290000,10784,10785,10784,1
2019-09-06,17:50:18.322000,10784,10785,10784,3
2019-09-06,17:50:20.313000,10784,10785,10784,1
2019-09-06,17:50:23.452000,10784,10785,10784,14
2019-09-06,17:50:23.577000,10784,10785,10784,1
2019-09-06,17:50:24.053000,10783,10784,10783,1
2019-09-06,17:50:24.343000,10783,10784,10783,2
2019-09-06,17:50:24.392000,10783,10784,10784,1
2019-09-06,17:50:28.054000,10783,10784,10783,1
2019-09-06,17:50:38.439000,10783,10784,10784,2
2019-09-06,17:50:46.093000,10783,10784,10784,1
2019-09-06,17:50:49.131000,10783,10784,10784,2
2019-09-06,17:50:51.870000,10783,10784,10784,1
2019-09-06,17:50:51.952000,10783,10784,10784,5
2019-09-06,17:50:55.443000,10783,10785,10785,1
2019-09-06,17:51:15.518000,10784,10785,10785,2
2019-09-06,17:51:26.392000,10784,10785,10785,1
2019-09-06,17:51:56.376000,10784,10785,10785,4
2019-09-06,17:51:56.452000,10784,10785,10785,2
2019-09-06,17:51:57.350000,10784,10786,10784,1
2019-09-06,17:52:09.591000,10784,10785,10784,1
2019-09-06,17:52:15.342000,10784,10785,10785,1
2019-09-06,17:52:15.343000,10784,10785,10785,2
2019-09-06,17:52:27.423000,10785,10786,10785,1
2019-09-06,17:52:33.027000,10785,10786,10785,1
2019-09-06,17:52:38.840000,10785,10786,10785,1
2019-09-06,17:52:57.033000,10784,10785,10784,1
2019-09-06,17:53:23.120000,10784,10785,10785,1
2019-09-06,17:53:24.717000,10784,10785,10785,1
2019-09-06,17:53:25.574000,10784,10785,10785,1
2019-09-06,17:53:31.802000,10784,10785,10785,1
