2020-09-18 15:00:00.045,12829,12830,12832,38
2020-09-18 15:00:00.220,12832,12834,12834,1
2020-09-18 15:00:00.238,12832,12834,12834,1
2020-09-18 15:00:00.255,12832,12834,12834,1
2020-09-18 15:00:00.349,12833,12835,12835,2
2020-09-18 15:00:00.429,12833,12835,12835,3
2020-09-18 15:00:00.496,12833,12835,12835,3
2020-09-18 15:00:00.503,12833,12835,12835,1
2020-09-18 15:00:00.508,12833,12835,12835,2
2020-09-18 15:00:00.592,12833,12835,12835,1
2020-09-18 15:00:00.711,12833,12835,12835,1
2020-09-18 15:00:00.721,12833,12835,12835,1
2020-09-18 15:00:00.721,12833,12835,12836,2
2020-09-18 15:00:00.740,12833,12835,12833,1
2020-09-18 15:00:01.098,12834,12835,12834,2
2020-09-18 15:00:01.225,12834,12835,12835,1
2020-09-18 15:00:01.277,12834,12835,12835,1
2020-09-18 15:00:01.556,12834,12835,12835,2
2020-09-18 15:00:01.603,12834,12835,12834,1
2020-09-18 15:00:01.613,12834,12835,12834,1
2020-09-18 15:00:01.636,12834,12835,12835,1
2020-09-18 15:00:01.636,12834,12835,12836,1
2020-09-18 15:00:02.331,12835,12836,12835,1
2020-09-18 15:00:02.331,12835,12836,12835,1
2020-09-18 15:00:03.675,12835,12836,12835,2
2020-09-18 15:00:03.727,12835,12836,12836,2
2020-09-18 15:00:04.807,12835,12836,12836,2
2020-09-18 15:00:04.896,12835,12836,12836,12
2020-09-18 15:00:05.568,12836,12837,12837,2
2020-09-18 15:00:05.751,12836,12837,12837,1
2020-09-18 15:00:05.890,12836,12837,12836,5
2020-09-18 15:00:06.448,12836,12837,12836,1
2020-09-18 15:00:06.760,12836,12837,12836,1
2020-09-18 15:00:06.761,12836,12837,12836,2
2020-09-18 15:00:06.761,12836,12837,12836,1
2020-09-18 15:00:06.947,12836,12837,12837,2
2020-09-18 15:00:07.267,12836,12837,12837,1
2020-09-18 15:00:07.324,12836,12837,12836,1
2020-09-18 15:00:07.386,12836,12837,12836,1
2020-09-18 15:00:07.386,12836,12837,12835,4
2020-09-18 15:00:09.028,12835,12836,12836,2
2020-09-18 15:00:09.462,12835,12836,12836,1
2020-09-18 15:00:10.353,12835,12836,12835,1
2020-09-18 15:00:10.561,12835,12836,12835,1
2020-09-18 15:00:10.594,12835,12836,12836,1
2020-09-18 15:00:12.235,12835,12836,12836,2
2020-09-18 15:00:12.239,12835,12836,12835,1
2020-09-18 15:00:12.489,12835,12836,12836,2
2020-09-18 15:00:12.960,12835,12836,12836,1
2020-09-18 15:00:12.995,12835,12836,12836,1
2020-09-18 15:00:14.495,12835,12836,12835,1
2020-09-18 15:00:14.495,12835,12836,12835,3
2020-09-18 15:00:14.718,12834,12835,12835,1
2020-09-18 15:00:15.373,12834,12835,12835,1
2020-09-18 15:00:15.732,12834,12835,12834,3
2020-09-18 15:00:16.091,12833,12834,12833,1
2020-09-18 15:00:16.726,12833,12834,12833,2
2020-09-18 15:00:17.063,12832,12834,12834,1
2020-09-18 15:00:17.554,12832,12834,12834,1
2020-09-18 15:00:18.649,12832,12834,12832,1
2020-09-18 15:00:19.370,12832,12834,12833,1
2020-09-18 15:00:19.419,12832,12834,12833,1
2020-09-18 15:00:21.896,12832,12833,12833,1
2020-09-18 15:00:23.262,12832,12833,12833,1
2020-09-18 15:00:23.270,12832,12833,12833,1
2020-09-18 15:00:24.407,12832,12834,12834,1
2020-09-18 15:00:29.970,12833,12834,12834,1
2020-09-18 15:00:31.309,12833,12834,12834,1
2020-09-18 15:00:31.665,12833,12835,12835,1
2020-09-18 15:00:34.088,12833,12834,12834,1
2020-09-18 15:00:34.754,12833,12835,12833,1
2020-09-18 15:00:37.593,12833,12835,12833,1
2020-09-18 15:00:39.185,12833,12835,12833,1
2020-09-18 15:00:44.524,12834,12835,12835,1
2020-09-18 15:00:48.481,12834,12835,12835,1
2020-09-18 15:00:49.295,12834,12835,12834,1
2020-09-18 15:00:49.295,12834,12835,12834,1
2020-09-18 15:00:49.418,12833,12834,12834,1
2020-09-18 15:00:53.176,12833,12834,12834,1
2020-09-18 15:00:54.183,12833,12834,12834,1
2020-09-18 15:00:54.538,12833,12834,12833,1
2020-09-18 15:00:55.941,12833,12834,12834,1
2020-09-18 15:00:59.110,12833,12834,12834,1
2020-09-18 15:01:00.137,12833,12834,12834,1
2020-09-18 15:01:00.887,12833,12834,12833,16
2020-09-18 15:01:00.887,12833,12834,12833,1
2020-09-18 15:01:00.887,12833,12834,12833,11
2020-09-18 15:01:01.008,12832,12833,12833,1
2020-09-18 15:01:03.067,12832,12833,12832,1
2020-09-18 15:01:04.003,12832,12833,12833,1
2020-09-18 15:01:05.780,12832,12833,12832,1
2020-09-18 15:01:09.845,12832,12833,12833,1
2020-09-18 15:01:09.884,12832,12833,12833,1
2020-09-18 15:01:11.413,12833,12834,12833,1
2020-09-18 15:01:12.891,12832,12833,12833,1
2020-09-18 15:01:12.891,12832,12833,12834,1
2020-09-18 15:01:13.190,12832,12834,12832,1
2020-09-18 15:01:14.660,12832,12833,12832,2
2020-09-18 15:01:17.003,12832,12833,12832,1
2020-09-18 15:01:17.049,12832,12833,12832,1
2020-09-18 15:01:17.221,12832,12833,12832,1
2020-09-18 15:01:17.877,12832,12833,12832,1
2020-09-18 15:01:18.659,12832,12833,12832,1
2020-09-18 15:01:19.891,12832,12833,12832,12
2020-09-18 15:01:21.214,12831,12832,12832,4
2020-09-18 15:01:22.371,12831,12832,12831,2
2020-09-18 15:01:22.371,12831,12832,12831,1
2020-09-18 15:01:22.371,12831,12832,12831,2
2020-09-18 15:01:22.605,12830,12832,12830,1
2020-09-18 15:01:22.642,12830,12832,12832,5
2020-09-18 15:01:22.642,12830,12832,12832,6
2020-09-18 15:01:22.883,12831,12832,12831,1
2020-09-18 15:01:24.550,12831,12832,12831,1
2020-09-18 15:01:26.864,12830,12831,12831,1
2020-09-18 15:01:27.361,12830,12831,12830,1
2020-09-18 15:01:30.217,12830,12831,12830,1
2020-09-18 15:01:32.283,12830,12831,12831,8
2020-09-18 15:01:32.285,12830,12831,12831,2
2020-09-18 15:01:33.144,12830,12832,12830,1
2020-09-18 15:01:35.322,12830,12831,12831,1
2020-09-18 15:01:35.876,12831,12832,12832,1
2020-09-18 15:01:39.230,12831,12832,12831,1
2020-09-18 15:01:39.326,12831,12832,12831,1
2020-09-18 15:01:39.544,12831,12832,12831,1
2020-09-18 15:01:39.606,12831,12832,12831,2
2020-09-18 15:01:40.520,12830,12831,12831,1
2020-09-18 15:01:42.380,12830,12831,12831,1
2020-09-18 15:01:47.803,12830,12831,12831,1
2020-09-18 15:01:49.808,12830,12831,12831,1
2020-09-18 15:01:51.442,12830,12831,12831,1
2020-09-18 15:01:52.687,12830,12831,12830,1
2020-09-18 15:01:58.961,12830,12831,12830,1
2020-09-18 15:02:03.769,12830,12831,12830,1
2020-09-18 15:02:03.961,12830,12831,12831,1
2020-09-18 15:02:04.956,12830,12831,12831,1
2020-09-18 15:02:15.867,12830,12831,12831,1
2020-09-18 15:02:16.545,12830,12831,12831,2
2020-09-18 15:02:16.545,12830,12831,12831,1
2020-09-18 15:02:16.545,12830,12831,12831,2
2020-09-18 15:02:18.168,12831,12832,12832,1
2020-09-18 15:02:18.169,12831,12832,12832,2
2020-09-18 15:02:18.169,12831,12832,12832,2
2020-09-18 15:02:18.179,12831,12832,12833,2
2020-09-18 15:02:26.487,12831,12832,12832,1
2020-09-18 15:02:31.011,12832,12833,12832,1
2020-09-18 15:02:31.012,12832,12833,12832,1
2020-09-18 15:02:34.714,12832,12833,12832,1
2020-09-18 15:02:37.708,12832,12833,12832,1
2020-09-18 15:02:50.594,12832,12833,12832,1
2020-09-18 15:02:55.424,12832,12833,12832,1
2020-09-18 15:03:00.312,12832,12833,12833,1
2020-09-18 15:03:00.853,12832,12833,12833,3
2020-09-18 15:03:00.853,12832,12833,12833,4
2020-09-18 15:03:00.854,12832,12833,12833,8
2020-09-18 15:03:02.457,12833,12834,12833,1
2020-09-18 15:03:02.637,12833,12834,12833,1
2020-09-18 15:03:02.824,12833,12834,12833,3
2020-09-18 15:03:02.825,12833,12834,12833,1
2020-09-18 15:03:02.974,12832,12834,12832,1
2020-09-18 15:03:06.563,12832,12833,12833,1
2020-09-18 15:03:07.624,12832,12834,12834,1
2020-09-18 15:03:10.479,12832,12833,12832,1
2020-09-18 15:03:11.323,12832,12833,12833,1
2020-09-18 15:03:19.642,12832,12833,12833,1
2020-09-18 15:03:25.550,12832,12833,12833,2
2020-09-18 15:03:28.655,12832,12833,12832,1
2020-09-18 15:03:30.952,12832,12833,12833,3
2020-09-18 15:03:30.952,12832,12833,12833,1
2020-09-18 15:03:36.590,12833,12834,12833,1
2020-09-18 15:03:36.651,12833,12834,12833,4
2020-09-18 15:03:37.079,12832,12833,12832,1
2020-09-18 15:03:41.278,12832,12833,12832,2
2020-09-18 15:03:42.282,12832,12833,12833,9
2020-09-18 15:03:45.359,12832,12833,12832,1
2020-09-18 15:03:45.359,12832,12833,12832,6
2020-09-18 15:03:45.359,12832,12833,12832,1
2020-09-18 15:03:45.359,12832,12833,12832,8
2020-09-18 15:03:50.467,12832,12833,12832,1
2020-09-18 15:03:53.051,12832,12833,12832,1
2020-09-18 15:03:56.521,12832,12833,12833,1
2020-09-18 15:03:59.843,12833,12834,12834,2
2020-09-18 15:03:59.844,12833,12834,12834,22
2020-09-18 15:04:01.555,12834,12835,12834,1
2020-09-18 15:04:02.174,12834,12835,12835,1
2020-09-18 15:04:02.381,12834,12835,12834,1
2020-09-18 15:04:07.101,12834,12835,12834,1
2020-09-18 15:04:08.565,12834,12835,12835,2
2020-09-18 15:04:08.748,12834,12835,12834,1
2020-09-18 15:04:11.020,12834,12835,12834,1
2020-09-18 15:04:11.021,12834,12835,12834,1
2020-09-18 15:04:14.174,12834,12835,12834,1
2020-09-18 15:04:15.389,12833,12834,12834,3
2020-09-18 15:04:15.389,12833,12834,12835,1
2020-09-18 15:04:21.802,12834,12835,12835,1
2020-09-18 15:04:22.817,12834,12835,12834,4
2020-09-18 15:04:25.458,12833,12834,12833,1
2020-09-18 15:04:40.876,12833,12834,12833,2
2020-09-18 15:04:44.092,12833,12834,12833,1
2020-09-18 15:04:51.257,12833,12834,12834,2
2020-09-18 15:04:54.929,12833,12834,12834,2
2020-09-18 15:04:55.132,12833,12834,12833,2
2020-09-18 15:04:59.430,12833,12834,12834,1
2020-09-18 15:05:00.515,12833,12834,12834,2
2020-09-18 15:05:00.515,12833,12834,12834,1
2020-09-18 15:05:00.515,12833,12834,12834,1
2020-09-18 15:05:02.377,12834,12835,12835,2
2020-09-18 15:05:15.387,12834,12835,12835,2
2020-09-18 15:05:18.331,12834,12835,12835,10
2020-09-18 15:05:18.332,12834,12835,12835,4
2020-09-18 15:05:18.673,12835,12836,12835,1
2020-09-18 15:05:22.547,12835,12836,12835,1
2020-09-18 15:05:22.666,12835,12836,12835,1
2020-09-18 15:05:32.493,12835,12836,12836,1
2020-09-18 15:05:32.708,12835,12836,12836,4
2020-09-18 15:05:33.485,12835,12836,12835,1
2020-09-18 15:05:34.574,12835,12836,12836,1
2020-09-18 15:05:35.512,12835,12836,12836,2
2020-09-18 15:05:35.798,12835,12836,12835,1
2020-09-18 15:05:37.518,12835,12836,12836,1
2020-09-18 15:05:40.739,12835,12836,12836,10
2020-09-18 15:05:47.170,12835,12836,12836,20
2020-09-18 15:05:48.082,12836,12837,12837,1
2020-09-18 15:05:49.861,12836,12837,12836,2
2020-09-18 15:05:51.065,12836,12837,12837,1
2020-09-18 15:05:56.591,12836,12837,12837,11
2020-09-18 15:06:00.032,12837,12838,12837,1
2020-09-18 15:06:00.042,12837,12838,12837,1
2020-09-18 15:06:00.052,12837,12838,12837,1
2020-09-18 15:06:00.064,12837,12838,12837,1
2020-09-18 15:06:00.083,12837,12838,12837,1
2020-09-18 15:06:00.657,12837,12838,12838,2
2020-09-18 15:06:01.325,12837,12838,12837,1
2020-09-18 15:06:02.419,12837,12838,12838,3
2020-09-18 15:06:03.016,12837,12838,12838,1
2020-09-18 15:06:03.280,12837,12838,12837,1
2020-09-18 15:06:04.511,12837,12838,12838,13
2020-09-18 15:06:06.595,12838,12839,12838,1
2020-09-18 15:06:07.008,12838,12839,12838,1
2020-09-18 15:06:07.782,12838,12839,12839,11
2020-09-18 15:06:07.782,12838,12839,12839,2
2020-09-18 15:06:07.844,12838,12840,12840,2
2020-09-18 15:06:08.355,12839,12840,12839,1
2020-09-18 15:06:10.699,12839,12840,12840,1
2020-09-18 15:06:11.309,12839,12840,12839,1
2020-09-18 15:06:13.868,12839,12840,12840,3
2020-09-18 15:06:18.736,12839,12840,12840,1
2020-09-18 15:06:21.662,12839,12840,12840,1
2020-09-18 15:06:24.250,12839,12840,12840,7
2020-09-18 15:06:24.690,12840,12841,12840,1
2020-09-18 15:06:25.583,12840,12841,12840,1
2020-09-18 15:06:27.203,12840,12841,12841,1
2020-09-18 15:06:27.498,12840,12841,12841,1
2020-09-18 15:06:27.885,12840,12841,12841,2
2020-09-18 15:06:28.007,12840,12841,12841,3
2020-09-18 15:06:28.007,12840,12841,12841,1
2020-09-18 15:06:28.417,12841,12842,12841,1
2020-09-18 15:06:28.669,12841,12842,12842,1
2020-09-18 15:06:28.729,12841,12842,12841,2
2020-09-18 15:06:29.203,12841,12842,12842,1
2020-09-18 15:06:31.316,12841,12842,12842,7
2020-09-18 15:06:31.447,12841,12843,12843,2
2020-09-18 15:06:31.546,12841,12843,12842,1
2020-09-18 15:06:31.650,12841,12843,12843,1
2020-09-18 15:06:32.735,12842,12843,12843,2
2020-09-18 15:06:32.759,12842,12843,12842,1
2020-09-18 15:06:33.161,12842,12843,12842,1
2020-09-18 15:06:33.574,12841,12843,12843,1
2020-09-18 15:06:34.244,12842,12843,12842,1
2020-09-18 15:06:34.994,12841,12843,12843,1
2020-09-18 15:06:35.140,12841,12843,12843,1
2020-09-18 15:06:36.737,12841,12842,12842,1
2020-09-18 15:06:36.737,12841,12842,12843,1
2020-09-18 15:06:37.988,12841,12842,12842,1
2020-09-18 15:06:38.337,12841,12842,12841,1
2020-09-18 15:06:38.337,12841,12842,12841,1
2020-09-18 15:06:38.337,12841,12842,12841,1
2020-09-18 15:06:38.581,12840,12841,12841,1
2020-09-18 15:06:42.920,12840,12841,12841,5
2020-09-18 15:06:43.800,12841,12842,12841,1
2020-09-18 15:06:45.754,12841,12842,12841,4
2020-09-18 15:06:46.876,12840,12841,12840,9
2020-09-18 15:06:46.877,12840,12841,12840,1
2020-09-18 15:06:48.415,12839,12840,12840,1
2020-09-18 15:06:50.299,12839,12841,12840,1
2020-09-18 15:06:53.449,12839,12840,12840,1
2020-09-18 15:06:54.744,12839,12840,12840,1
2020-09-18 15:06:55.499,12839,12840,12840,1
2020-09-18 15:06:56.761,12840,12841,12840,1
2020-09-18 15:06:58.427,12840,12841,12840,1
2020-09-18 15:07:00.783,12839,12841,12840,3
2020-09-18 15:07:02.179,12840,12841,12841,2
2020-09-18 15:07:04.084,12840,12841,12840,5
2020-09-18 15:07:08.738,12840,12841,12841,1
2020-09-18 15:07:10.007,12840,12841,12840,4
2020-09-18 15:07:11.702,12839,12840,12840,1
2020-09-18 15:07:12.205,12839,12840,12840,1
2020-09-18 15:07:12.939,12839,12840,12840,1
2020-09-18 15:07:14.978,12839,12840,12840,2
2020-09-18 15:07:18.505,12839,12840,12840,1
2020-09-18 15:07:26.485,12839,12840,12840,1
2020-09-18 15:07:27.775,12839,12840,12839,4
2020-09-18 15:07:29.662,12839,12840,12839,1
2020-09-18 15:07:30.688,12839,12840,12839,1
2020-09-18 15:07:31.026,12839,12840,12840,8
2020-09-18 15:07:31.026,12839,12840,12841,10
2020-09-18 15:07:34.050,12840,12841,12840,1
2020-09-18 15:07:45.070,12840,12841,12841,1
2020-09-18 15:07:45.070,12840,12841,12841,6
2020-09-18 15:07:45.071,12840,12841,12841,1
2020-09-18 15:07:56.640,12840,12841,12841,1
2020-09-18 15:07:59.539,12840,12841,12841,1
2020-09-18 15:08:02.335,12840,12841,12841,1
2020-09-18 15:08:03.869,12840,12841,12840,2
2020-09-18 15:08:04.644,12840,12841,12840,1
2020-09-18 15:08:04.645,12840,12841,12840,6
2020-09-18 15:08:05.907,12839,12840,12840,1
2020-09-18 15:08:06.084,12839,12840,12839,1
2020-09-18 15:08:06.420,12839,12840,12839,1
2020-09-18 15:08:06.588,12838,12839,12839,1
2020-09-18 15:08:08.420,12839,12840,12839,1
2020-09-18 15:08:08.840,12838,12839,12839,1
2020-09-18 15:08:10.537,12839,12840,12839,1
2020-09-18 15:08:14.922,12839,12840,12839,1
2020-09-18 15:08:15.620,12838,12840,12840,1
2020-09-18 15:08:27.395,12839,12840,12839,10
2020-09-18 15:08:36.336,12838,12839,12839,1
2020-09-18 15:08:46.579,12838,12839,12839,1
2020-09-18 15:08:47.154,12838,12839,12838,7
2020-09-18 15:08:50.591,12837,12838,12838,1
2020-09-18 15:08:50.591,12837,12838,12838,3
2020-09-18 15:08:58.331,12837,12838,12837,1
2020-09-18 15:08:59.024,12836,12837,12836,1
2020-09-18 15:09:01.598,12836,12838,12838,1
2020-09-18 15:09:11.451,12837,12838,12837,2
2020-09-18 15:09:23.258,12837,12838,12837,1
2020-09-18 15:09:25.101,12837,12838,12837,3
2020-09-18 15:09:29.696,12837,12838,12837,6
2020-09-18 15:09:34.301,12836,12837,12836,3
2020-09-18 15:09:34.301,12836,12837,12836,1
2020-09-18 15:09:36.324,12835,12836,12836,1
2020-09-18 15:09:42.597,12835,12836,12835,10
2020-09-18 15:09:45.291,12834,12835,12835,1
2020-09-18 15:09:46.358,12834,12835,12834,6
2020-09-18 15:09:46.581,12833,12834,12834,1
2020-09-18 15:09:46.651,12833,12834,12834,1
2020-09-18 15:09:46.651,12833,12834,12835,5
2020-09-18 15:09:46.661,12833,12834,12835,4
2020-09-18 15:09:47.608,12833,12834,12833,39
2020-09-18 15:09:51.560,12832,12833,12833,1
2020-09-18 15:09:51.560,12832,12833,12833,2
2020-09-18 15:09:51.560,12832,12833,12833,1
2020-09-18 15:09:53.808,12832,12834,12833,2
2020-09-18 15:09:54.256,12832,12833,12832,3
2020-09-18 15:09:54.256,12832,12833,12832,6
2020-09-18 15:09:56.803,12832,12833,12832,1
2020-09-18 15:09:59.909,12831,12832,12832,3
2020-09-18 15:10:00.420,12831,12832,12831,2
2020-09-18 15:10:00.457,12831,12832,12831,1
2020-09-18 15:10:01.064,12831,12832,12832,3
2020-09-18 15:10:03.270,12831,12832,12831,1
2020-09-18 15:10:03.828,12831,12832,12831,7
2020-09-18 15:10:04.815,12830,12831,12830,1
2020-09-18 15:10:05.124,12830,12831,12830,1
2020-09-18 15:10:05.489,12830,12831,12831,1
2020-09-18 15:10:08.351,12831,12832,12832,1
2020-09-18 15:10:09.271,12831,12832,12832,1
2020-09-18 15:10:17.978,12832,12834,12832,2
2020-09-18 15:10:28.241,12832,12833,12833,1
2020-09-18 15:10:29.090,12832,12833,12833,1
2020-09-18 15:10:29.090,12832,12833,12833,2
2020-09-18 15:10:30.204,12833,12834,12833,1
2020-09-18 15:10:34.644,12833,12834,12833,1
2020-09-18 15:10:35.439,12833,12834,12833,1
2020-09-18 15:10:38.169,12833,12834,12833,1
2020-09-18 15:10:42.646,12832,12833,12833,1
2020-09-18 15:10:46.276,12833,12834,12834,1
2020-09-18 15:10:47.086,12833,12834,12833,1
2020-09-18 15:10:49.181,12833,12834,12833,1
2020-09-18 15:10:56.515,12833,12834,12833,1
2020-09-18 15:11:02.345,12833,12834,12833,1
2020-09-18 15:11:09.300,12832,12833,12833,2
2020-09-18 15:11:09.536,12832,12833,12833,3
2020-09-18 15:11:16.126,12832,12833,12833,3
2020-09-18 15:11:17.350,12833,12834,12833,2
2020-09-18 15:11:18.081,12833,12834,12834,18
2020-09-18 15:11:18.082,12833,12834,12834,5
2020-09-18 15:11:21.096,12834,12835,12835,1
2020-09-18 15:11:21.096,12834,12835,12835,3
2020-09-18 15:11:21.096,12834,12835,12835,1
2020-09-18 15:11:21.556,12835,12837,12835,10
2020-09-18 15:11:29.374,12835,12837,12835,2
2020-09-18 15:11:31.903,12836,12837,12836,4
2020-09-18 15:11:32.940,12835,12836,12836,1
2020-09-18 15:11:33.420,12835,12836,12835,1
2020-09-18 15:11:33.468,12834,12835,12835,1
2020-09-18 15:11:44.395,12835,12836,12835,2
2020-09-18 15:11:44.745,12834,12835,12834,1
2020-09-18 15:11:46.827,12834,12835,12835,5
2020-09-18 15:11:47.120,12834,12836,12835,1
2020-09-18 15:12:01.450,12834,12835,12834,5
2020-09-18 15:12:01.588,12833,12835,12835,1
2020-09-18 15:12:01.588,12833,12835,12835,10
2020-09-18 15:12:01.588,12833,12835,12836,15
2020-09-18 15:12:01.603,12833,12835,12835,4
2020-09-18 15:12:01.603,12833,12835,12836,8
2020-09-18 15:12:01.679,12833,12835,12836,1
2020-09-18 15:12:01.679,12833,12835,12836,2
2020-09-18 15:12:01.784,12835,12836,12836,2
2020-09-18 15:12:04.556,12835,12836,12835,1
2020-09-18 15:12:07.296,12835,12836,12835,1
2020-09-18 15:12:07.890,12834,12835,12835,1
2020-09-18 15:12:13.608,12834,12835,12834,8
2020-09-18 15:12:17.368,12833,12834,12833,7
2020-09-18 15:12:17.963,12832,12833,12832,1
2020-09-18 15:12:26.852,12832,12833,12832,1
2020-09-18 15:12:28.755,12832,12833,12832,5
2020-09-18 15:12:29.247,12832,12833,12833,1
2020-09-18 15:12:29.631,12832,12833,12832,1
2020-09-18 15:12:32.597,12832,12833,12832,10
2020-09-18 15:12:32.597,12832,12833,12832,1
2020-09-18 15:12:32.597,12832,12833,12832,1
2020-09-18 15:12:38.037,12831,12832,12832,1
2020-09-18 15:12:38.419,12832,12833,12832,1
2020-09-18 15:12:39.388,12831,12832,12832,1
2020-09-18 15:12:40.767,12832,12833,12832,1
2020-09-18 15:12:43.003,12832,12834,12832,1
2020-09-18 15:12:43.419,12831,12833,12831,2
2020-09-18 15:12:43.656,12831,12833,12833,4
2020-09-18 15:12:50.036,12831,12832,12831,1
2020-09-18 15:12:55.873,12831,12832,12831,1
2020-09-18 15:12:57.203,12831,12832,12831,1
2020-09-18 15:12:58.034,12831,12832,12832,1
2020-09-18 15:13:00.938,12831,12832,12832,1
2020-09-18 15:13:07.656,12832,12833,12832,1
2020-09-18 15:13:07.657,12832,12833,12832,4
2020-09-18 15:13:07.657,12832,12833,12832,1
2020-09-18 15:13:13.215,12832,12833,12832,2
2020-09-18 15:13:14.148,12832,12833,12833,1
2020-09-18 15:13:21.922,12832,12833,12832,1
2020-09-18 15:13:22.785,12832,12833,12832,1
2020-09-18 15:13:23.029,12831,12832,12832,1
2020-09-18 15:13:24.416,12832,12833,12832,2
2020-09-18 15:13:25.930,12832,12833,12832,2
2020-09-18 15:13:29.909,12832,12833,12832,1
2020-09-18 15:13:36.338,12831,12832,12832,1
2020-09-18 15:13:40.480,12832,12833,12832,1
2020-09-18 15:13:44.081,12832,12833,12833,8
2020-09-18 15:13:51.581,12832,12833,12833,1
2020-09-18 15:13:57.532,12833,12834,12833,1
2020-09-18 15:14:03.935,12833,12834,12833,1
2020-09-18 15:14:10.214,12832,12833,12833,1
2020-09-18 15:14:10.547,12833,12834,12833,1
2020-09-18 15:14:10.653,12833,12834,12833,1
2020-09-18 15:14:10.654,12833,12834,12833,2
2020-09-18 15:14:20.925,12833,12834,12833,1
2020-09-18 15:14:36.375,12832,12833,12833,2
2020-09-18 15:14:58.330,12832,12833,12833,3
2020-09-18 15:14:58.696,12833,12834,12833,1
2020-09-18 15:15:00.057,12833,12834,12833,1
2020-09-18 15:15:00.770,12832,12833,12833,1
2020-09-18 15:15:05.876,12833,12834,12833,2
2020-09-18 15:15:05.954,12832,12833,12833,1
2020-09-18 15:15:16.384,12832,12833,12832,1
2020-09-18 15:15:18.660,12832,12833,12833,1
2020-09-18 15:15:18.661,12832,12833,12833,1
2020-09-18 15:15:21.053,12833,12834,12833,1
2020-09-18 15:15:24.881,12832,12833,12832,1
2020-09-18 15:15:25.112,12832,12833,12833,1
2020-09-18 15:15:25.112,12832,12833,12834,1
2020-09-18 15:15:25.806,12832,12834,12832,1
2020-09-18 15:15:25.806,12832,12834,12832,1
2020-09-18 15:15:25.806,12832,12834,12832,2
2020-09-18 15:15:25.806,12832,12834,12832,1
2020-09-18 15:15:25.806,12832,12834,12832,6
2020-09-18 15:15:25.925,12832,12834,12831,1
2020-09-18 15:15:25.925,12832,12834,12831,1
2020-09-18 15:15:25.951,12831,12832,12831,2
2020-09-18 15:15:25.958,12831,12832,12831,2
2020-09-18 15:15:29.990,12831,12832,12832,1
2020-09-18 15:15:29.990,12831,12832,12832,1
2020-09-18 15:15:37.650,12831,12832,12831,1
2020-09-18 15:15:40.225,12832,12833,12832,1
2020-09-18 15:15:41.475,12832,12833,12832,1
2020-09-18 15:15:42.506,12831,12832,12831,2
2020-09-18 15:15:42.858,12831,12832,12831,1
2020-09-18 15:15:51.577,12831,12832,12831,1
2020-09-18 15:15:56.153,12831,12832,12832,1
2020-09-18 15:15:57.787,12831,12832,12832,1
2020-09-18 15:15:57.787,12831,12832,12832,1
2020-09-18 15:15:57.788,12831,12832,12832,1
2020-09-18 15:15:57.788,12831,12832,12832,1
2020-09-18 15:16:00.368,12832,12833,12833,1
2020-09-18 15:16:04.881,12833,12834,12834,10
2020-09-18 15:16:04.881,12833,12834,12834,8
2020-09-18 15:16:04.881,12833,12834,12834,4
2020-09-18 15:16:04.881,12833,12834,12834,1
2020-09-18 15:16:04.881,12833,12834,12834,2
2020-09-18 15:16:08.045,12834,12835,12835,8
2020-09-18 15:16:09.958,12835,12836,12836,1
2020-09-18 15:16:14.530,12836,12837,12836,1
2020-09-18 15:16:16.897,12836,12837,12836,1
2020-09-18 15:16:31.423,12835,12836,12835,2
2020-09-18 15:16:37.729,12835,12836,12836,1
2020-09-18 15:16:42.122,12835,12836,12836,6
2020-09-18 15:16:42.955,12836,12837,12836,1
2020-09-18 15:16:50.580,12835,12836,12836,3
2020-09-18 15:16:56.698,12836,12837,12836,3
2020-09-18 15:16:57.757,12836,12837,12837,1
2020-09-18 15:17:02.341,12836,12837,12837,1
2020-09-18 15:17:07.032,12836,12837,12836,2
2020-09-18 15:17:32.117,12835,12836,12835,4
2020-09-18 15:17:45.820,12834,12835,12835,4
2020-09-18 15:17:54.799,12835,12836,12835,1
2020-09-18 15:18:09.512,12834,12835,12835,1
2020-09-18 15:18:18.645,12834,12835,12835,2
2020-09-18 15:18:32.336,12834,12835,12834,1
2020-09-18 15:18:39.279,12834,12835,12835,2
2020-09-18 15:18:42.047,12834,12835,12835,2
2020-09-18 15:18:47.181,12834,12835,12835,11
2020-09-18 15:18:53.553,12835,12836,12835,1
2020-09-18 15:19:10.839,12835,12836,12835,1
2020-09-18 15:19:10.840,12835,12836,12835,1
2020-09-18 15:19:13.243,12835,12836,12836,2
2020-09-18 15:19:13.243,12835,12836,12836,2
2020-09-18 15:19:13.243,12835,12836,12836,2
2020-09-18 15:19:13.243,12835,12836,12836,3
2020-09-18 15:19:26.923,12835,12836,12835,1
2020-09-18 15:19:35.030,12835,12836,12835,1
2020-09-18 15:19:40.489,12835,12836,12836,2
2020-09-18 15:19:41.152,12835,12836,12836,2
2020-09-18 15:19:42.621,12836,12837,12836,2
2020-09-18 15:19:42.914,12835,12836,12836,3
2020-09-18 15:19:58.116,12835,12836,12835,9
2020-09-18 15:19:58.118,12835,12836,12835,1
2020-09-18 15:20:01.166,12835,12836,12836,11
2020-09-18 15:20:04.132,12836,12837,12836,1
2020-09-18 15:20:05.010,12836,12837,12836,1
2020-09-18 15:20:05.011,12836,12837,12836,1
2020-09-18 15:20:05.011,12836,12837,12836,1
2020-09-18 15:20:14.210,12836,12837,12836,1
2020-09-18 15:20:16.088,12836,12837,12837,2
2020-09-18 15:20:29.917,12836,12837,12836,2
2020-09-18 15:20:31.132,12835,12836,12835,2
2020-09-18 15:20:31.133,12835,12836,12835,3
2020-09-18 15:20:37.601,12834,12836,12836,1
2020-09-18 15:20:39.010,12835,12836,12836,1
2020-09-18 15:20:50.662,12835,12836,12835,1
2020-09-18 15:20:50.663,12835,12836,12835,2
2020-09-18 15:21:11.360,12834,12835,12834,1
2020-09-18 15:21:22.379,12834,12835,12835,2
2020-09-18 15:21:25.862,12834,12835,12834,1
2020-09-18 15:21:42.331,12834,12835,12834,5
2020-09-18 15:21:53.424,12833,12834,12834,1
2020-09-18 15:21:54.737,12833,12834,12834,1
2020-09-18 15:21:58.425,12833,12834,12834,2
2020-09-18 15:22:00.783,12833,12834,12834,1
2020-09-18 15:22:03.864,12833,12834,12834,1
2020-09-18 15:22:09.253,12833,12834,12833,16
2020-09-18 15:22:14.673,12832,12833,12833,1
2020-09-18 15:22:23.884,12832,12833,12833,1
2020-09-18 15:22:23.884,12832,12833,12833,2
2020-09-18 15:22:23.884,12832,12833,12833,1
2020-09-18 15:22:34.600,12832,12833,12833,1
2020-09-18 15:22:34.601,12832,12833,12833,1
2020-09-18 15:22:35.628,12832,12833,12833,1
2020-09-18 15:22:36.347,12832,12833,12833,1
2020-09-18 15:22:37.925,12833,12835,12833,2
2020-09-18 15:22:48.075,12833,12834,12833,5
2020-09-18 15:22:49.169,12833,12834,12833,1
2020-09-18 15:22:50.696,12832,12833,12832,5
2020-09-18 15:22:53.267,12832,12833,12833,1
2020-09-18 15:22:57.054,12832,12833,12832,5
2020-09-18 15:22:57.721,12832,12833,12832,1
2020-09-18 15:22:58.313,12832,12833,12833,5
2020-09-18 15:23:00.091,12833,12834,12833,2
2020-09-18 15:23:01.966,12833,12834,12834,1
2020-09-18 15:23:03.214,12834,12835,12834,1
2020-09-18 15:23:04.000,12834,12835,12834,3
2020-09-18 15:23:04.715,12834,12835,12834,1
2020-09-18 15:23:10.397,12834,12835,12834,2
2020-09-18 15:23:13.076,12834,12835,12835,1
2020-09-18 15:23:13.076,12834,12835,12835,2
2020-09-18 15:23:13.076,12834,12835,12835,3
2020-09-18 15:23:17.023,12835,12836,12835,1
2020-09-18 15:23:17.202,12835,12836,12836,8
2020-09-18 15:23:17.748,12836,12837,12837,20
2020-09-18 15:23:17.748,12836,12837,12838,14
2020-09-18 15:23:17.748,12836,12837,12839,66
2020-09-18 15:23:17.750,12836,12837,12839,4
2020-09-18 15:23:17.751,12836,12837,12839,1
2020-09-18 15:23:17.838,12838,12840,12840,2
2020-09-18 15:23:18.069,12839,12840,12840,4
2020-09-18 15:23:20.187,12839,12840,12840,1
2020-09-18 15:23:21.175,12839,12840,12839,1
2020-09-18 15:23:27.559,12839,12840,12839,7
2020-09-18 15:23:27.560,12839,12840,12839,2
2020-09-18 15:23:27.778,12838,12840,12839,1
2020-09-18 15:23:31.686,12838,12839,12839,1
2020-09-18 15:23:33.370,12838,12839,12839,1
2020-09-18 15:23:33.427,12838,12839,12839,1
2020-09-18 15:23:33.740,12838,12839,12839,1
2020-09-18 15:23:34.597,12838,12839,12838,1
2020-09-18 15:23:41.436,12838,12839,12838,1
2020-09-18 15:23:42.205,12838,12839,12838,1
2020-09-18 15:23:51.595,12838,12839,12839,1
2020-09-18 15:23:51.712,12838,12839,12838,16
2020-09-18 15:23:51.712,12838,12839,12838,1
2020-09-18 15:23:51.712,12838,12839,12838,3
2020-09-18 15:23:53.047,12837,12838,12837,1
2020-09-18 15:23:53.841,12836,12837,12837,1
2020-09-18 15:23:54.108,12836,12838,12838,2
2020-09-18 15:23:55.282,12836,12838,12838,1
2020-09-18 15:24:01.120,12836,12837,12836,1
2020-09-18 15:24:01.120,12836,12837,12836,1
2020-09-18 15:24:01.120,12836,12837,12836,1
2020-09-18 15:24:03.258,12836,12837,12836,1
2020-09-18 15:24:03.462,12836,12837,12836,1
2020-09-18 15:24:03.462,12836,12837,12836,1
2020-09-18 15:24:08.938,12835,12836,12835,1
2020-09-18 15:24:17.949,12835,12836,12836,2
2020-09-18 15:24:18.888,12836,12837,12836,2
2020-09-18 15:24:25.030,12835,12836,12836,1
2020-09-18 15:24:40.940,12836,12837,12836,1
2020-09-18 15:24:46.799,12836,12837,12837,2
2020-09-18 15:24:47.951,12837,12838,12837,1
2020-09-18 15:24:58.661,12837,12838,12837,1
2020-09-18 15:25:00.114,12837,12838,12838,2
2020-09-18 15:25:00.331,12837,12838,12838,1
2020-09-18 15:25:00.351,12837,12838,12839,1
2020-09-18 15:25:00.999,12837,12838,12838,1
2020-09-18 15:25:07.580,12838,12839,12838,1
2020-09-18 15:25:10.133,12838,12839,12838,1
2020-09-18 15:25:12.070,12837,12838,12838,5
2020-09-18 15:25:12.151,12837,12838,12837,1
2020-09-18 15:25:12.151,12837,12838,12837,1
2020-09-18 15:25:14.634,12836,12837,12837,5
2020-09-18 15:25:14.769,12836,12838,12838,3
2020-09-18 15:25:18.127,12837,12838,12838,5
2020-09-18 15:25:21.168,12838,12839,12838,5
2020-09-18 15:25:23.174,12837,12838,12838,1
2020-09-18 15:25:23.282,12838,12839,12838,1
2020-09-18 15:25:23.282,12838,12839,12838,3
2020-09-18 15:25:26.089,12837,12838,12838,4
2020-09-18 15:25:26.823,12837,12838,12838,1
2020-09-18 15:25:28.544,12837,12839,12837,1
2020-09-18 15:25:28.568,12837,12839,12837,1
2020-09-18 15:25:28.596,12837,12839,12837,1
2020-09-18 15:25:28.598,12837,12839,12836,2
2020-09-18 15:25:37.043,12837,12838,12838,1
2020-09-18 15:25:45.492,12836,12838,12838,1
2020-09-18 15:25:49.708,12836,12837,12837,2
2020-09-18 15:25:49.794,12836,12837,12836,1
2020-09-18 15:25:50.874,12835,12837,12837,1
2020-09-18 15:25:51.440,12836,12837,12836,1
2020-09-18 15:25:55.580,12835,12837,12835,1
2020-09-18 15:25:55.581,12835,12837,12835,1
2020-09-18 15:25:55.617,12835,12837,12835,1
2020-09-18 15:25:55.660,12835,12837,12835,2
2020-09-18 15:25:57.944,12835,12836,12836,1
2020-09-18 15:26:00.434,12835,12836,12836,2
2020-09-18 15:26:02.318,12835,12836,12835,1
2020-09-18 15:26:03.917,12834,12836,12836,2
2020-09-18 15:26:19.096,12835,12837,12835,1
2020-09-18 15:26:40.445,12836,12837,12836,1
2020-09-18 15:26:44.226,12836,12837,12837,1
2020-09-18 15:26:44.226,12836,12837,12837,5
2020-09-18 15:26:48.923,12837,12838,12837,1
2020-09-18 15:26:54.261,12836,12837,12837,1
2020-09-18 15:26:54.561,12837,12838,12838,1
2020-09-18 15:27:09.134,12836,12837,12836,2
2020-09-18 15:27:18.369,12835,12836,12836,2
2020-09-18 15:27:18.369,12835,12836,12836,1
2020-09-18 15:27:20.236,12836,12837,12837,1
2020-09-18 15:27:47.056,12836,12837,12836,1
2020-09-18 15:27:54.564,12836,12837,12837,2
2020-09-18 15:28:50.725,12836,12837,12836,1
2020-09-18 15:28:52.763,12835,12837,12837,4
2020-09-18 15:28:52.763,12835,12837,12838,1
2020-09-18 15:28:52.901,12836,12838,12838,5
2020-09-18 15:28:53.040,12837,12838,12838,1
2020-09-18 15:28:58.961,12836,12838,12838,1
2020-09-18 15:29:03.794,12836,12837,12837,1
2020-09-18 15:29:09.601,12837,12838,12838,2
2020-09-18 15:29:24.661,12837,12838,12838,1
2020-09-18 15:29:28.833,12837,12838,12838,1
2020-09-18 15:29:36.855,12837,12838,12837,1
2020-09-18 15:29:36.855,12837,12838,12837,1
2020-09-18 15:29:37.552,12836,12837,12836,1
2020-09-18 15:29:37.873,12835,12836,12836,1
2020-09-18 15:29:49.342,12835,12836,12836,1
2020-09-18 15:29:49.342,12835,12836,12836,1
2020-09-18 15:29:57.389,12835,12837,12837,1
2020-09-18 15:30:00.227,12835,12836,12836,1
2020-09-18 15:30:01.175,12836,12837,12836,1
2020-09-18 15:30:01.329,12836,12837,12837,1
2020-09-18 15:30:01.394,12836,12837,12837,1
2020-09-18 15:30:01.422,12836,12837,12836,1
2020-09-18 15:30:01.456,12836,12837,12837,5
2020-09-18 15:30:01.456,12836,12837,12838,5
2020-09-18 15:30:01.509,12836,12837,12838,1
2020-09-18 15:30:03.222,12837,12838,12838,1
2020-09-18 15:30:03.222,12837,12838,12839,4
2020-09-18 15:30:03.400,12837,12839,12839,1
2020-09-18 15:30:03.561,12837,12839,12839,5
2020-09-18 15:30:10.600,12837,12838,12837,1
2020-09-18 15:30:10.601,12837,12838,12837,4
2020-09-18 15:30:10.602,12837,12838,12836,3
2020-09-18 15:30:12.823,12835,12836,12835,2
2020-09-18 15:30:12.823,12835,12836,12835,1
2020-09-18 15:30:12.823,12835,12836,12835,3
2020-09-18 15:30:12.823,12835,12836,12835,4
2020-09-18 15:30:12.825,12835,12836,12835,2
2020-09-18 15:30:12.937,12834,12836,12836,1
2020-09-18 15:30:12.937,12834,12836,12836,1
2020-09-18 15:30:12.994,12834,12836,12835,1
2020-09-18 15:30:13.001,12834,12836,12835,1
2020-09-18 15:30:13.007,12834,12836,12834,3
2020-09-18 15:30:13.119,12834,12836,12834,1
2020-09-18 15:30:17.134,12835,12836,12835,1
2020-09-18 15:30:33.933,12834,12835,12834,1
2020-09-18 15:30:33.934,12834,12835,12834,5
2020-09-18 15:30:33.934,12834,12835,12834,1
2020-09-18 15:30:34.075,12833,12834,12833,5
2020-09-18 15:30:34.185,12833,12834,12834,1
2020-09-18 15:30:40.381,12833,12834,12833,5
2020-09-18 15:30:44.321,12833,12834,12834,1
2020-09-18 15:30:49.545,12834,12835,12835,2
2020-09-18 15:30:51.094,12834,12836,12836,2
2020-09-18 15:30:54.669,12834,12836,12835,2
2020-09-18 15:31:03.669,12834,12835,12834,1
2020-09-18 15:31:03.905,12833,12835,12835,2
2020-09-18 15:31:16.610,12833,12834,12834,1
2020-09-18 15:31:17.149,12833,12834,12833,1
2020-09-18 15:31:19.801,12833,12834,12833,2
2020-09-18 15:31:20.565,12833,12834,12833,2
2020-09-18 15:31:21.949,12833,12834,12833,1
2020-09-18 15:31:21.949,12833,12834,12833,3
2020-09-18 15:31:21.949,12833,12834,12833,4
2020-09-18 15:31:22.007,12833,12834,12832,14
2020-09-18 15:31:22.110,12831,12832,12831,1
2020-09-18 15:31:22.111,12831,12832,12831,1
2020-09-18 15:31:22.127,12831,12832,12831,3
2020-09-18 15:31:23.642,12831,12832,12831,1
2020-09-18 15:31:23.668,12831,12832,12832,1
2020-09-18 15:31:27.513,12831,12832,12832,1
2020-09-18 15:31:27.513,12831,12832,12832,1
2020-09-18 15:31:27.513,12831,12832,12832,2
2020-09-18 15:31:29.694,12831,12832,12832,1
2020-09-18 15:31:30.156,12832,12833,12833,1
2020-09-18 15:31:35.737,12831,12832,12832,1
2020-09-18 15:31:37.335,12831,12832,12832,1
2020-09-18 15:31:38.626,12831,12832,12831,24
2020-09-18 15:31:38.777,12830,12831,12830,1
2020-09-18 15:31:38.844,12830,12831,12830,1
2020-09-18 15:31:38.871,12830,12831,12830,3
2020-09-18 15:31:39.044,12830,12831,12830,1
2020-09-18 15:31:39.790,12830,12832,12830,1
2020-09-18 15:31:39.919,12830,12832,12830,1
2020-09-18 15:31:39.954,12830,12832,12830,1
2020-09-18 15:31:44.577,12830,12831,12830,2
2020-09-18 15:31:44.970,12830,12831,12830,35
2020-09-18 15:31:45.119,12829,12830,12829,5
2020-09-18 15:31:45.895,12829,12830,12829,2
2020-09-18 15:31:46.368,12829,12830,12830,1
2020-09-18 15:31:46.401,12829,12830,12829,2
2020-09-18 15:31:46.419,12829,12830,12829,2
2020-09-18 15:31:49.654,12829,12830,12830,1
2020-09-18 15:31:50.330,12829,12830,12829,14
2020-09-18 15:31:51.716,12828,12829,12828,1
2020-09-18 15:31:51.837,12828,12829,12828,3
2020-09-18 15:31:55.718,12828,12829,12828,18
2020-09-18 15:31:55.718,12828,12829,12828,2
2020-09-18 15:31:57.016,12827,12829,12828,1
2020-09-18 15:31:58.116,12827,12828,12827,1
2020-09-18 15:32:02.264,12827,12828,12828,1
2020-09-18 15:32:02.551,12827,12828,12827,1
2020-09-18 15:32:03.496,12827,12828,12827,1
2020-09-18 15:32:03.814,12827,12828,12827,6
2020-09-18 15:32:03.950,12826,12827,12826,4
2020-09-18 15:32:03.998,12826,12827,12826,1
2020-09-18 15:32:04.343,12826,12827,12826,1
2020-09-18 15:32:05.336,12826,12827,12827,1
2020-09-18 15:32:05.557,12826,12827,12826,1
2020-09-18 15:32:06.038,12826,12827,12826,1
2020-09-18 15:32:06.385,12826,12827,12827,6
2020-09-18 15:32:11.660,12827,12828,12827,2
2020-09-18 15:32:21.105,12826,12827,12826,1
2020-09-18 15:32:21.106,12826,12827,12826,6
2020-09-18 15:32:22.109,12825,12826,12826,1
2020-09-18 15:32:22.143,12825,12826,12826,1
2020-09-18 15:32:23.882,12826,12827,12826,1
2020-09-18 15:32:23.882,12826,12827,12826,1
2020-09-18 15:32:25.610,12825,12826,12825,2
2020-09-18 15:32:25.859,12825,12826,12825,1
2020-09-18 15:32:26.309,12825,12826,12826,5
2020-09-18 15:32:27.596,12826,12827,12826,2
2020-09-18 15:32:27.786,12826,12827,12826,1
2020-09-18 15:32:27.786,12826,12827,12826,2
2020-09-18 15:32:30.194,12825,12826,12826,1
2020-09-18 15:32:31.315,12825,12826,12825,3
2020-09-18 15:32:31.323,12825,12826,12825,2
2020-09-18 15:32:33.577,12825,12826,12826,1
2020-09-18 15:32:34.069,12826,12827,12826,2
2020-09-18 15:32:34.121,12826,12827,12826,1
2020-09-18 15:32:34.991,12826,12827,12826,1
2020-09-18 15:32:35.559,12826,12827,12827,4
2020-09-18 15:32:37.508,12827,12828,12827,1
2020-09-18 15:32:38.193,12826,12827,12826,1
2020-09-18 15:32:46.724,12826,12827,12826,1
2020-09-18 15:32:48.235,12826,12827,12827,1
2020-09-18 15:32:48.235,12826,12827,12827,1
2020-09-18 15:32:49.481,12827,12828,12827,1
2020-09-18 15:32:52.179,12827,12828,12828,1
2020-09-18 15:32:56.408,12827,12828,12828,5
2020-09-18 15:32:56.734,12827,12829,12829,1
2020-09-18 15:33:02.789,12827,12828,12828,1
2020-09-18 15:33:08.396,12827,12828,12828,1
2020-09-18 15:33:10.385,12827,12828,12828,1
2020-09-18 15:33:13.200,12827,12828,12827,1
2020-09-18 15:33:13.200,12827,12828,12827,6
2020-09-18 15:33:13.200,12827,12828,12827,2
2020-09-18 15:33:13.729,12826,12827,12826,1
2020-09-18 15:33:15.491,12826,12827,12827,1
2020-09-18 15:33:18.226,12826,12827,12826,1
2020-09-18 15:33:20.044,12826,12827,12826,1
2020-09-18 15:33:23.620,12826,12827,12826,2
2020-09-18 15:33:29.744,12826,12827,12826,1
2020-09-18 15:33:38.694,12826,12827,12826,1
2020-09-18 15:33:38.937,12826,12827,12826,2
2020-09-18 15:33:38.937,12826,12827,12826,1
2020-09-18 15:33:50.358,12825,12826,12826,1
2020-09-18 15:33:53.151,12825,12826,12826,1
2020-09-18 15:33:54.541,12826,12827,12826,1
2020-09-18 15:33:55.508,12825,12826,12826,1
2020-09-18 15:33:58.048,12825,12826,12826,1
2020-09-18 15:33:59.377,12826,12827,12827,1
2020-09-18 15:33:59.946,12826,12827,12826,1
2020-09-18 15:34:01.529,12826,12827,12826,1
2020-09-18 15:34:01.795,12826,12827,12826,2
2020-09-18 15:34:05.214,12825,12826,12825,1
2020-09-18 15:34:05.907,12825,12826,12826,1
2020-09-18 15:34:05.981,12825,12826,12826,1
2020-09-18 15:34:05.981,12825,12826,12826,2
2020-09-18 15:34:05.981,12825,12826,12826,1
2020-09-18 15:34:05.997,12825,12826,12826,1
2020-09-18 15:34:06.008,12825,12826,12826,2
2020-09-18 15:34:11.467,12826,12827,12827,11
2020-09-18 15:34:15.716,12827,12828,12828,2
2020-09-18 15:34:15.716,12827,12828,12828,1
2020-09-18 15:34:15.811,12827,12829,12827,1
2020-09-18 15:34:16.872,12828,12829,12828,1
2020-09-18 15:34:16.873,12828,12829,12828,1
2020-09-18 15:34:18.919,12827,12829,12829,1
2020-09-18 15:34:22.231,12827,12829,12829,1
2020-09-18 15:34:24.559,12828,12829,12828,1
2020-09-18 15:34:26.007,12827,12829,12827,1
2020-09-18 15:34:26.907,12827,12829,12829,1
2020-09-18 15:34:36.280,12828,12829,12829,1
2020-09-18 15:34:38.948,12828,12829,12828,1
2020-09-18 15:34:39.119,12827,12828,12827,1
2020-09-18 15:34:39.119,12827,12828,12827,1
2020-09-18 15:34:42.912,12826,12828,12828,1
2020-09-18 15:35:02.573,12827,12828,12827,3
2020-09-18 15:35:11.586,12827,12828,12827,1
2020-09-18 15:35:14.129,12827,12828,12827,1
2020-09-18 15:35:15.036,12827,12828,12827,1
2020-09-18 15:35:16.832,12827,12828,12827,1
2020-09-18 15:35:20.077,12827,12828,12827,1
2020-09-18 15:35:21.309,12827,12828,12827,1
2020-09-18 15:35:21.719,12827,12828,12827,1
2020-09-18 15:35:22.958,12827,12828,12827,1
2020-09-18 15:35:23.712,12827,12828,12827,1
2020-09-18 15:35:30.351,12827,12828,12827,1
2020-09-18 15:35:32.750,12826,12827,12827,1
2020-09-18 15:35:38.143,12826,12827,12827,1
2020-09-18 15:35:38.143,12826,12827,12827,1
2020-09-18 15:35:42.349,12827,12828,12828,2
2020-09-18 15:35:42.350,12827,12828,12828,1
2020-09-18 15:35:42.350,12827,12828,12828,4
2020-09-18 15:35:50.747,12827,12829,12828,1
2020-09-18 15:35:53.653,12828,12829,12828,1
2020-09-18 15:36:05.758,12827,12828,12828,1
2020-09-18 15:36:06.678,12827,12828,12828,1
2020-09-18 15:36:12.574,12828,12829,12828,1
2020-09-18 15:36:19.927,12828,12829,12829,2
2020-09-18 15:36:20.846,12828,12829,12829,1
2020-09-18 15:36:21.634,12828,12829,12829,1
2020-09-18 15:36:24.786,12828,12829,12829,1
2020-09-18 15:36:28.002,12828,12829,12828,2
2020-09-18 15:36:31.340,12828,12829,12829,1
2020-09-18 15:36:50.329,12828,12829,12829,1
2020-09-18 15:36:52.235,12828,12829,12829,1
2020-09-18 15:36:55.316,12828,12829,12829,1
2020-09-18 15:37:10.047,12829,12830,12829,1
2020-09-18 15:37:22.262,12828,12830,12830,2
2020-09-18 15:37:27.961,12828,12829,12828,1
2020-09-18 15:37:30.802,12828,12829,12829,1
2020-09-18 15:37:33.504,12828,12829,12829,1
2020-09-18 15:37:34.332,12828,12829,12829,1
2020-09-18 15:37:37.375,12828,12829,12829,1
2020-09-18 15:37:39.093,12828,12829,12828,3
2020-09-18 15:37:39.093,12828,12829,12828,2
2020-09-18 15:37:39.093,12828,12829,12828,17
2020-09-18 15:37:39.096,12828,12829,12827,2
2020-09-18 15:37:46.838,12827,12828,12828,1
2020-09-18 15:37:55.846,12827,12829,12827,1
2020-09-18 15:38:02.204,12827,12828,12827,1
2020-09-18 15:38:08.517,12827,12828,12827,1
2020-09-18 15:38:09.462,12827,12828,12828,1
2020-09-18 15:38:12.843,12828,12829,12829,4
2020-09-18 15:38:19.058,12829,12830,12829,1
2020-09-18 15:38:24.642,12828,12830,12828,2
2020-09-18 15:38:32.953,12829,12830,12830,1
2020-09-18 15:38:35.119,12829,12830,12830,3
2020-09-18 15:38:35.119,12829,12830,12830,10
2020-09-18 15:38:37.080,12830,12831,12831,2
2020-09-18 15:38:37.089,12830,12831,12832,1
2020-09-18 15:38:42.682,12831,12832,12831,2
2020-09-18 15:38:42.973,12831,12832,12831,3
2020-09-18 15:38:46.403,12830,12831,12830,1
2020-09-18 15:39:02.826,12830,12831,12831,1
2020-09-18 15:39:03.088,12830,12831,12830,1
2020-09-18 15:39:21.664,12829,12830,12829,3
2020-09-18 15:39:21.780,12828,12830,12828,3
2020-09-18 15:39:21.957,12828,12829,12828,2
2020-09-18 15:39:22.108,12828,12829,12828,1
2020-09-18 15:39:36.347,12828,12829,12829,1
2020-09-18 15:40:02.309,12828,12829,12829,1
2020-09-18 15:40:07.489,12828,12829,12828,1
2020-09-18 15:40:07.489,12828,12829,12828,2
2020-09-18 15:40:07.489,12828,12829,12828,3
2020-09-18 15:40:07.489,12828,12829,12828,8
2020-09-18 15:40:11.758,12827,12828,12827,1
2020-09-18 15:40:11.801,12827,12828,12827,2
2020-09-18 15:40:11.801,12827,12828,12827,4
2020-09-18 15:40:11.801,12827,12828,12827,1
2020-09-18 15:40:11.992,12826,12828,12826,1
2020-09-18 15:40:12.063,12826,12828,12826,1
2020-09-18 15:40:12.110,12826,12828,12826,3
2020-09-18 15:40:26.679,12826,12828,12826,1
2020-09-18 15:40:35.452,12826,12827,12827,1
2020-09-18 15:40:36.917,12826,12827,12827,2
2020-09-18 15:40:41.512,12826,12827,12827,2
2020-09-18 15:40:41.512,12826,12827,12827,2
2020-09-18 15:40:43.226,12827,12828,12827,4
2020-09-18 15:40:45.399,12826,12827,12827,1
2020-09-18 15:40:48.757,12826,12827,12827,1
2020-09-18 15:40:50.229,12826,12827,12827,1
2020-09-18 15:40:54.423,12827,12828,12828,10
2020-09-18 15:40:58.941,12827,12829,12827,1
2020-09-18 15:41:01.548,12827,12828,12828,1
2020-09-18 15:41:05.227,12828,12829,12829,2
2020-09-18 15:41:05.228,12828,12829,12829,2
2020-09-18 15:41:05.228,12828,12829,12829,1
2020-09-18 15:41:06.738,12829,12830,12830,1
2020-09-18 15:41:06.896,12829,12830,12829,1
2020-09-18 15:41:08.356,12829,12830,12829,1
2020-09-18 15:41:09.315,12829,12830,12829,4
2020-09-18 15:41:12.851,12828,12829,12829,1
2020-09-18 15:41:30.578,12829,12830,12830,3
2020-09-18 15:41:30.578,12829,12830,12830,2
2020-09-18 15:41:33.572,12829,12831,12830,1
2020-09-18 15:41:47.040,12830,12831,12830,2
2020-09-18 15:41:54.576,12830,12831,12831,1
2020-09-18 15:41:54.576,12830,12831,12831,2
2020-09-18 15:41:55.813,12831,12832,12831,2
2020-09-18 15:42:15.258,12831,12832,12832,1
2020-09-18 15:42:15.258,12831,12832,12832,8
2020-09-18 15:42:15.258,12831,12832,12832,1
2020-09-18 15:42:15.258,12831,12832,12832,3
2020-09-18 15:42:15.258,12831,12832,12832,1
2020-09-18 15:42:25.104,12831,12832,12832,1
2020-09-18 15:42:57.300,12831,12832,12831,7
2020-09-18 15:42:59.805,12830,12831,12830,4
2020-09-18 15:42:59.805,12829,12830,12830,4
2020-09-18 15:42:59.805,12829,12830,12830,1
2020-09-18 15:42:59.805,12829,12830,12830,14
2020-09-18 15:42:59.805,12829,12830,12830,4
2020-09-18 15:43:22.669,12829,12830,12829,5
2020-09-18 15:43:29.255,12829,12830,12829,1
2020-09-18 15:43:36.203,12829,12830,12829,2
2020-09-18 15:43:37.636,12828,12829,12828,1
2020-09-18 15:43:37.636,12828,12829,12828,2
2020-09-18 15:43:39.326,12827,12829,12829,3
2020-09-18 15:43:49.066,12827,12829,12829,1
2020-09-18 15:44:02.168,12827,12828,12827,1
2020-09-18 15:44:02.252,12827,12828,12828,1
2020-09-18 15:44:22.678,12828,12829,12828,1
2020-09-18 15:44:28.061,12828,12829,12829,1
2020-09-18 15:44:44.109,12828,12829,12829,2
2020-09-18 15:44:44.110,12828,12829,12829,4
2020-09-18 15:45:01.342,12829,12830,12829,1
2020-09-18 15:45:02.290,12829,12830,12829,1
2020-09-18 15:45:02.290,12829,12830,12828,1
2020-09-18 15:45:05.512,12828,12829,12828,2
2020-09-18 15:45:10.336,12828,12829,12828,4
2020-09-18 15:45:11.339,12827,12828,12828,1
2020-09-18 15:45:11.656,12827,12828,12827,4
2020-09-18 15:45:17.782,12826,12828,12826,1
2020-09-18 15:45:18.527,12826,12828,12826,2
2020-09-18 15:45:30.030,12827,12828,12828,2
2020-09-18 15:45:35.176,12828,12829,12829,1
2020-09-18 15:45:45.539,12828,12830,12828,2
2020-09-18 15:46:02.567,12827,12828,12827,1
2020-09-18 15:46:07.855,12826,12827,12827,1
2020-09-18 15:46:28.356,12826,12827,12827,1
2020-09-18 15:46:28.436,12826,12828,12828,1
2020-09-18 15:46:54.498,12827,12828,12827,1
2020-09-18 15:47:03.263,12827,12828,12827,1
2020-09-18 15:47:03.594,12826,12827,12826,1
2020-09-18 15:47:03.621,12826,12827,12826,2
2020-09-18 15:47:03.626,12826,12827,12826,1
2020-09-18 15:47:03.630,12826,12827,12826,1
2020-09-18 15:47:04.822,12826,12827,12826,5
2020-09-18 15:47:06.741,12826,12827,12827,1
2020-09-18 15:47:12.490,12826,12827,12827,2
2020-09-18 15:47:27.821,12826,12827,12826,1
2020-09-18 15:47:33.442,12826,12827,12827,1
2020-09-18 15:47:33.442,12826,12827,12827,1
2020-09-18 15:47:47.320,12827,12828,12827,3
2020-09-18 15:48:04.053,12826,12827,12827,1
2020-09-18 15:48:04.068,12826,12827,12827,1
2020-09-18 15:48:04.279,12826,12827,12827,1
2020-09-18 15:48:04.980,12827,12828,12827,1
2020-09-18 15:48:10.380,12827,12828,12827,1
2020-09-18 15:48:39.104,12827,12828,12827,1
2020-09-18 15:48:41.185,12827,12828,12828,4
2020-09-18 15:49:26.118,12828,12829,12828,1
2020-09-18 15:49:40.423,12828,12829,12828,1
2020-09-18 15:49:49.994,12828,12829,12828,2
2020-09-18 15:49:54.130,12828,12829,12828,1
2020-09-18 15:49:58.154,12827,12828,12828,1
2020-09-18 15:49:58.154,12827,12828,12828,1
2020-09-18 15:50:03.038,12828,12829,12829,8
2020-09-18 15:50:14.092,12828,12830,12829,1
2020-09-18 15:50:36.780,12828,12829,12829,1
2020-09-18 15:50:49.792,12829,12830,12829,1
2020-09-18 15:51:06.165,12829,12830,12829,1
2020-09-18 15:51:06.165,12829,12830,12829,1
2020-09-18 15:51:06.165,12829,12830,12829,1
2020-09-18 15:51:06.165,12829,12830,12829,1
2020-09-18 15:51:06.165,12829,12830,12829,2
2020-09-18 15:51:06.393,12828,12829,12828,1
2020-09-18 15:51:06.393,12828,12829,12827,2
2020-09-18 15:51:06.404,12828,12829,12827,1
2020-09-18 15:51:06.432,12828,12829,12827,1
2020-09-18 15:51:17.350,12827,12829,12827,1
2020-09-18 15:51:39.773,12827,12828,12827,2
2020-09-18 15:51:39.774,12827,12828,12827,2
2020-09-18 15:51:43.261,12826,12827,12827,1
2020-09-18 15:51:46.941,12826,12827,12827,1
2020-09-18 15:51:46.942,12826,12827,12827,2
2020-09-18 15:51:46.942,12826,12827,12827,3
2020-09-18 15:51:52.354,12827,12828,12827,1
2020-09-18 15:51:59.017,12827,12828,12827,1
2020-09-18 15:52:05.258,12827,12828,12827,1
2020-09-18 15:52:07.140,12827,12828,12827,1
2020-09-18 15:52:07.140,12827,12828,12827,1
2020-09-18 15:52:27.569,12827,12828,12827,1
2020-09-18 15:52:31.577,12827,12828,12827,1
2020-09-18 15:52:31.577,12827,12828,12827,1
2020-09-18 15:52:31.577,12827,12828,12827,1
2020-09-18 15:52:37.508,12826,12827,12826,4
2020-09-18 15:52:37.508,12826,12827,12826,8
2020-09-18 15:52:49.660,12825,12826,12826,1
2020-09-18 15:52:58.118,12825,12826,12826,1
2020-09-18 15:52:58.899,12826,12827,12826,1
2020-09-18 15:53:02.348,12826,12827,12826,1
2020-09-18 15:53:09.652,12826,12827,12827,1
2020-09-18 15:53:09.712,12827,12828,12827,1
2020-09-18 15:53:13.652,12826,12828,12827,5
2020-09-18 15:53:37.561,12827,12828,12827,1
2020-09-18 15:53:53.886,12826,12827,12826,1
2020-09-18 15:53:55.717,12826,12827,12826,1
2020-09-18 15:53:55.717,12826,12827,12826,4
2020-09-18 15:53:55.718,12826,12827,12826,2
2020-09-18 15:53:56.919,12825,12826,12826,1
2020-09-18 15:54:00.634,12825,12826,12826,1
2020-09-18 15:54:02.226,12825,12827,12825,2
2020-09-18 15:54:09.044,12825,12826,12826,1
2020-09-18 15:54:11.616,12825,12827,12826,1
2020-09-18 15:54:34.268,12825,12826,12826,1
2020-09-18 15:54:39.851,12826,12827,12826,1
2020-09-18 15:54:48.152,12826,12827,12826,1
2020-09-18 15:54:58.329,12825,12826,12826,1
2020-09-18 15:54:58.436,12825,12826,12826,1
2020-09-18 15:55:02.712,12825,12826,12826,1
2020-09-18 15:55:06.172,12825,12826,12826,1
2020-09-18 15:55:26.454,12826,12827,12826,1
2020-09-18 15:55:27.086,12825,12826,12826,1
2020-09-18 15:55:30.386,12825,12826,12826,1
2020-09-18 15:55:30.729,12825,12826,12825,2
2020-09-18 15:55:30.904,12825,12826,12825,2
2020-09-18 15:55:31.423,12825,12826,12825,2
2020-09-18 15:55:31.423,12825,12826,12825,4
2020-09-18 15:55:31.423,12825,12826,12825,7
2020-09-18 15:55:31.424,12825,12826,12825,2
2020-09-18 15:55:31.424,12825,12826,12825,3
2020-09-18 15:55:32.010,12824,12825,12825,1
2020-09-18 15:55:46.181,12824,12825,12825,1
2020-09-18 15:55:46.437,12824,12825,12824,1
2020-09-18 15:55:46.711,12824,12825,12824,1
2020-09-18 15:55:46.762,12824,12825,12825,4
2020-09-18 15:55:47.421,12824,12825,12824,1
2020-09-18 15:55:47.795,12824,12825,12824,1
2020-09-18 15:55:50.944,12824,12825,12824,8
2020-09-18 15:55:54.202,12823,12824,12824,1
2020-09-18 15:56:00.353,12823,12824,12823,1
2020-09-18 15:56:02.632,12823,12824,12824,2
2020-09-18 15:56:03.689,12823,12824,12823,1
2020-09-18 15:56:04.015,12823,12824,12823,3
2020-09-18 15:56:04.876,12823,12824,12823,1
2020-09-18 15:56:08.846,12823,12824,12823,1
2020-09-18 15:56:09.461,12823,12824,12823,1
2020-09-18 15:56:09.901,12823,12824,12823,1
2020-09-18 15:56:10.500,12823,12824,12823,1
2020-09-18 15:56:10.660,12823,12824,12823,1
2020-09-18 15:56:12.174,12823,12824,12823,1
2020-09-18 15:56:18.698,12823,12824,12824,5
2020-09-18 15:56:18.698,12823,12824,12824,4
2020-09-18 15:56:22.194,12824,12825,12825,1
2020-09-18 15:56:22.195,12824,12825,12825,1
2020-09-18 15:56:22.195,12824,12825,12825,5
2020-09-18 15:56:22.195,12824,12825,12825,1
2020-09-18 15:56:22.195,12824,12825,12825,2
2020-09-18 15:56:22.195,12824,12825,12825,3
2020-09-18 15:56:27.416,12825,12826,12826,3
2020-09-18 15:56:27.416,12825,12826,12827,1
2020-09-18 15:56:27.720,12825,12827,12827,1
2020-09-18 15:56:30.666,12825,12827,12825,1
2020-09-18 15:56:32.560,12824,12826,12824,1
2020-09-18 15:56:33.408,12824,12826,12824,1
2020-09-18 15:56:36.436,12824,12825,12824,1
2020-09-18 15:56:37.899,12824,12825,12824,2
2020-09-18 15:56:41.443,12824,12826,12824,1
2020-09-18 15:57:04.856,12825,12826,12825,1
2020-09-18 15:57:11.857,12825,12826,12825,1
2020-09-18 15:57:12.718,12825,12826,12825,1
2020-09-18 15:57:17.475,12825,12826,12826,1
2020-09-18 15:57:19.093,12826,12827,12826,1
2020-09-18 15:57:21.190,12826,12827,12826,1
2020-09-18 15:57:25.706,12825,12826,12825,2
2020-09-18 15:57:30.867,12825,12826,12825,2
2020-09-18 15:57:31.953,12825,12826,12825,1
2020-09-18 15:57:32.195,12824,12825,12825,1
2020-09-18 15:57:37.542,12825,12826,12826,2
2020-09-18 15:57:42.529,12825,12826,12825,2
2020-09-18 15:57:43.018,12825,12826,12825,2
2020-09-18 15:57:43.928,12825,12826,12825,2
2020-09-18 15:57:44.665,12825,12826,12825,2
2020-09-18 15:57:54.923,12825,12826,12825,2
2020-09-18 15:57:54.959,12825,12826,12825,2
2020-09-18 15:57:55.970,12825,12826,12825,1
2020-09-18 15:58:00.041,12824,12825,12825,1
2020-09-18 15:58:05.405,12824,12825,12825,6
2020-09-18 15:58:06.030,12825,12826,12826,1
2020-09-18 15:58:06.168,12825,12826,12825,1
2020-09-18 15:58:08.784,12825,12826,12825,2
2020-09-18 15:58:22.673,12825,12826,12826,9
2020-09-18 15:58:23.087,12825,12827,12826,1
2020-09-18 15:58:30.764,12826,12827,12826,1
2020-09-18 15:58:33.493,12826,12827,12827,5
2020-09-18 15:58:39.256,12826,12828,12827,2
2020-09-18 15:58:45.679,12827,12828,12827,2
2020-09-18 15:58:52.161,12827,12828,12828,1
2020-09-18 15:58:56.043,12827,12828,12827,2
2020-09-18 15:58:57.815,12827,12828,12828,2
2020-09-18 15:58:58.298,12827,12828,12828,1
2020-09-18 15:58:58.347,12827,12828,12828,1
2020-09-18 15:59:17.096,12827,12828,12827,2
2020-09-18 15:59:17.096,12827,12828,12827,2
2020-09-18 15:59:17.096,12827,12828,12827,3
2020-09-18 15:59:17.278,12826,12827,12826,3
2020-09-18 15:59:31.904,12826,12827,12826,1
2020-09-18 15:59:32.775,12826,12827,12826,3
2020-09-18 15:59:42.652,12825,12827,12827,1
2020-09-18 15:59:47.816,12826,12827,12826,1
2020-09-18 16:00:03.411,12825,12826,12825,1
2020-09-18 16:00:03.411,12825,12826,12825,5
2020-09-18 16:00:03.411,12825,12826,12825,1
2020-09-18 16:00:03.941,12824,12825,12824,6
2020-09-18 16:00:03.941,12824,12825,12824,3
2020-09-18 16:00:06.244,12824,12825,12825,2
2020-09-18 16:00:08.615,12824,12825,12825,1
2020-09-18 16:00:14.848,12824,12825,12824,2
2020-09-18 16:00:19.286,12824,12825,12824,1
2020-09-18 16:00:19.476,12824,12825,12824,1
2020-09-18 16:00:21.926,12824,12825,12824,1
2020-09-18 16:00:27.027,12824,12825,12824,1
2020-09-18 16:00:39.703,12824,12825,12824,1
2020-09-18 16:00:44.359,12824,12825,12824,2
2020-09-18 16:00:44.359,12824,12825,12823,18
2020-09-18 16:00:44.460,12823,12825,12825,3
2020-09-18 16:00:48.193,12824,12825,12824,1
2020-09-18 16:00:58.187,12824,12825,12824,1
2020-09-18 16:01:00.321,12824,12825,12824,1
2020-09-18 16:01:03.696,12824,12825,12825,1
2020-09-18 16:01:03.696,12824,12825,12825,1
2020-09-18 16:01:14.874,12825,12826,12826,1
2020-09-18 16:01:26.086,12826,12827,12826,5
2020-09-18 16:01:30.895,12826,12827,12826,1
2020-09-18 16:01:46.840,12826,12827,12826,1
2020-09-18 16:02:06.289,12825,12826,12826,1
2020-09-18 16:02:06.289,12825,12826,12826,1
2020-09-18 16:02:07.789,12826,12827,12826,1
2020-09-18 16:02:12.615,12826,12827,12826,1
2020-09-18 16:02:28.200,12826,12827,12827,1
2020-09-18 16:02:48.149,12826,12827,12827,1
2020-09-18 16:02:48.150,12826,12827,12827,9
2020-09-18 16:02:59.251,12827,12828,12828,3
2020-09-18 16:03:02.333,12828,12829,12828,1
2020-09-18 16:03:02.633,12828,12829,12828,2
2020-09-18 16:03:19.628,12828,12829,12828,2
2020-09-18 16:03:19.629,12828,12829,12828,4
2020-09-18 16:03:19.629,12828,12829,12828,3
2020-09-18 16:03:45.780,12828,12829,12829,2
2020-09-18 16:03:45.780,12828,12829,12829,3
2020-09-18 16:03:59.928,12829,12830,12829,1
2020-09-18 16:03:59.928,12829,12830,12829,2
2020-09-18 16:04:22.205,12828,12829,12828,6
2020-09-18 16:04:22.346,12827,12828,12828,2
2020-09-18 16:04:24.047,12828,12829,12828,1
2020-09-18 16:04:28.600,12827,12829,12829,1
2020-09-18 16:04:56.134,12828,12829,12828,1
2020-09-18 16:04:57.558,12828,12829,12828,1
2020-09-18 16:05:09.064,12827,12828,12828,1
2020-09-18 16:05:09.587,12827,12829,12827,1
2020-09-18 16:05:09.897,12827,12829,12827,4
2020-09-18 16:05:09.915,12827,12829,12827,2
2020-09-18 16:05:15.564,12826,12827,12827,1
2020-09-18 16:05:15.564,12826,12827,12827,1
2020-09-18 16:05:36.627,12827,12828,12827,2
2020-09-18 16:05:57.667,12827,12828,12828,1
2020-09-18 16:06:06.623,12828,12829,12828,1
2020-09-18 16:06:09.699,12827,12828,12828,1
2020-09-18 16:06:24.176,12828,12829,12828,1
2020-09-18 16:06:51.518,12827,12828,12828,1
2020-09-18 16:06:54.132,12827,12828,12828,1
2020-09-18 16:07:07.766,12827,12828,12828,1
2020-09-18 16:07:13.079,12827,12828,12828,1
2020-09-18 16:07:25.156,12827,12828,12828,2
2020-09-18 16:07:31.141,12827,12828,12828,1
2020-09-18 16:07:44.408,12827,12828,12827,2
2020-09-18 16:07:44.408,12827,12828,12827,2
2020-09-18 16:07:44.710,12826,12827,12826,1
2020-09-18 16:07:55.644,12827,12828,12828,1
2020-09-18 16:07:55.924,12827,12829,12829,1
2020-09-18 16:08:18.408,12827,12828,12828,1
2020-09-18 16:08:18.604,12827,12828,12828,2
2020-09-18 16:08:21.340,12827,12828,12828,1
2020-09-18 16:08:32.073,12827,12828,12828,1
2020-09-18 16:08:47.116,12828,12829,12828,1
2020-09-18 16:09:04.030,12828,12829,12829,13
2020-09-18 16:09:04.030,12828,12829,12830,21
2020-09-18 16:09:04.282,12830,12831,12831,1
2020-09-18 16:09:04.536,12830,12831,12830,4
2020-09-18 16:09:07.632,12830,12831,12830,11
2020-09-18 16:09:16.535,12830,12831,12830,1
2020-09-18 16:09:17.989,12830,12831,12830,3
2020-09-18 16:09:34.950,12830,12831,12830,1
2020-09-18 16:09:37.483,12830,12831,12830,1
2020-09-18 16:09:43.015,12830,12831,12830,1
2020-09-18 16:09:54.599,12830,12831,12830,1
2020-09-18 16:09:59.282,12830,12831,12831,1
2020-09-18 16:10:05.358,12830,12831,12830,1
2020-09-18 16:10:05.428,12830,12831,12830,2
2020-09-18 16:10:05.994,12829,12830,12829,1
2020-09-18 16:10:06.024,12829,12830,12830,2
2020-09-18 16:10:15.831,12829,12830,12830,1
2020-09-18 16:10:18.142,12829,12830,12829,2
2020-09-18 16:10:18.143,12829,12830,12829,1
2020-09-18 16:10:28.510,12828,12829,12829,1
2020-09-18 16:10:30.000,12828,12829,12828,2
2020-09-18 16:10:35.546,12828,12829,12829,1
2020-09-18 16:10:35.546,12828,12829,12829,1
2020-09-18 16:10:39.507,12829,12830,12830,1
2020-09-18 16:10:39.507,12829,12830,12830,1
2020-09-18 16:10:43.547,12829,12830,12830,1
2020-09-18 16:10:44.433,12830,12831,12830,2
2020-09-18 16:10:51.710,12830,12831,12831,2
2020-09-18 16:10:55.679,12830,12831,12831,2
2020-09-18 16:10:55.680,12830,12831,12831,2
2020-09-18 16:10:55.680,12830,12831,12831,3
2020-09-18 16:10:56.497,12831,12832,12831,1
2020-09-18 16:10:57.231,12831,12832,12831,1
2020-09-18 16:11:07.399,12830,12831,12831,3
2020-09-18 16:11:09.833,12831,12832,12832,5
2020-09-18 16:11:09.833,12831,12832,12832,5
2020-09-18 16:11:10.049,12831,12833,12833,1
2020-09-18 16:11:10.485,12832,12833,12833,5
2020-09-18 16:11:10.677,12832,12833,12832,2
2020-09-18 16:11:10.839,12832,12833,12833,4
2020-09-18 16:11:11.316,12832,12833,12832,1
2020-09-18 16:11:17.361,12832,12833,12832,1
2020-09-18 16:11:18.660,12832,12833,12832,1
2020-09-18 16:11:24.898,12832,12833,12832,1
2020-09-18 16:11:29.196,12832,12833,12832,1
2020-09-18 16:11:29.512,12831,12833,12831,1
2020-09-18 16:12:06.904,12832,12833,12832,1
2020-09-18 16:12:06.905,12832,12833,12832,2
2020-09-18 16:12:17.278,12831,12832,12832,1
2020-09-18 16:12:23.726,12832,12833,12832,1
2020-09-18 16:12:36.509,12831,12832,12832,2
2020-09-18 16:12:41.318,12832,12833,12832,2
2020-09-18 16:13:00.546,12832,12833,12833,5
2020-09-18 16:13:02.228,12832,12833,12833,2
2020-09-18 16:13:06.636,12832,12833,12832,5
2020-09-18 16:13:17.649,12832,12833,12832,1
2020-09-18 16:13:18.651,12832,12833,12833,2
2020-09-18 16:13:18.652,12832,12833,12833,2
2020-09-18 16:13:18.652,12832,12833,12833,1
2020-09-18 16:13:55.505,12833,12834,12833,6
2020-09-18 16:13:55.505,12833,12834,12833,2
2020-09-18 16:14:14.322,12833,12834,12834,1
2020-09-18 16:14:29.112,12833,12834,12834,1
2020-09-18 16:14:44.677,12833,12834,12833,1
2020-09-18 16:14:56.208,12833,12834,12834,1
2020-09-18 16:14:57.274,12833,12834,12834,3
2020-09-18 16:14:57.274,12833,12834,12834,4
2020-09-18 16:14:57.274,12833,12834,12834,1
2020-09-18 16:14:57.274,12833,12834,12834,13
2020-09-18 16:15:01.030,12834,12835,12834,1
2020-09-18 16:15:11.950,12834,12835,12835,1
2020-09-18 16:15:11.951,12834,12835,12835,3
2020-09-18 16:15:11.951,12834,12835,12835,1
2020-09-18 16:15:11.951,12834,12835,12835,4
2020-09-18 16:15:11.951,12834,12835,12835,9
2020-09-18 16:15:19.432,12835,12836,12836,1
2020-09-18 16:15:21.768,12835,12836,12836,1
2020-09-18 16:15:28.493,12835,12836,12836,1
2020-09-18 16:15:37.063,12835,12836,12836,1
2020-09-18 16:15:37.147,12835,12836,12836,1
2020-09-18 16:15:44.085,12835,12836,12836,1
2020-09-18 16:15:46.118,12835,12836,12835,1
2020-09-18 16:15:53.109,12835,12836,12836,1
2020-09-18 16:16:01.958,12835,12836,12836,16
2020-09-18 16:16:01.959,12835,12836,12836,3
2020-09-18 16:16:06.313,12836,12837,12836,2
2020-09-18 16:16:10.923,12836,12837,12836,2
2020-09-18 16:16:11.056,12835,12836,12836,2
2020-09-18 16:16:16.522,12835,12836,12835,16
2020-09-18 16:16:16.672,12834,12835,12834,1
2020-09-18 16:16:16.705,12834,12835,12834,2
2020-09-18 16:16:16.705,12834,12835,12833,2
2020-09-18 16:16:17.324,12833,12835,12835,1
2020-09-18 16:16:18.489,12833,12835,12835,5
2020-09-18 16:16:18.489,12833,12835,12836,10
2020-09-18 16:16:18.492,12833,12835,12836,1
2020-09-18 16:16:24.176,12834,12836,12834,1
2020-09-18 16:16:28.101,12835,12836,12835,1
2020-09-18 16:16:34.073,12834,12835,12835,1
2020-09-18 16:16:39.858,12834,12836,12836,1
2020-09-18 16:16:58.493,12834,12836,12836,1
2020-09-18 16:17:02.332,12835,12836,12836,1
2020-09-18 16:17:07.147,12834,12836,12834,1
2020-09-18 16:17:14.509,12835,12836,12835,2
2020-09-18 16:17:17.931,12834,12835,12835,3
2020-09-18 16:17:17.932,12834,12835,12835,1
2020-09-18 16:17:37.484,12835,12836,12835,1
2020-09-18 16:17:42.479,12835,12836,12835,1
2020-09-18 16:17:44.979,12835,12836,12835,3
2020-09-18 16:17:44.979,12835,12836,12835,1
2020-09-18 16:17:44.980,12835,12836,12835,2
2020-09-18 16:17:44.980,12835,12836,12835,3
2020-09-18 16:17:44.980,12835,12836,12835,3
2020-09-18 16:17:45.692,12834,12835,12835,1
2020-09-18 16:17:58.190,12835,12836,12835,1
2020-09-18 16:17:58.841,12834,12835,12835,1
2020-09-18 16:18:31.349,12835,12836,12836,1
2020-09-18 16:18:31.349,12835,12836,12836,12
2020-09-18 16:18:31.349,12835,12836,12836,3
2020-09-18 16:18:31.350,12835,12836,12836,4
2020-09-18 16:18:31.350,12835,12836,12836,1
2020-09-18 16:18:33.684,12836,12837,12836,2
2020-09-18 16:18:46.186,12836,12837,12836,1
2020-09-18 16:18:54.245,12836,12837,12836,2
2020-09-18 16:18:54.245,12836,12837,12836,2
2020-09-18 16:18:54.399,12835,12836,12836,2
2020-09-18 16:18:54.868,12835,12837,12836,1
2020-09-18 16:18:59.283,12835,12836,12836,5
2020-09-18 16:19:00.634,12835,12836,12836,1
2020-09-18 16:19:07.693,12835,12836,12836,2
2020-09-18 16:19:23.497,12835,12837,12835,1
2020-09-18 16:19:47.379,12835,12836,12836,1
2020-09-18 16:20:02.454,12835,12836,12836,2
2020-09-18 16:20:03.017,12835,12836,12836,2
2020-09-18 16:20:05.587,12835,12836,12836,1
2020-09-18 16:20:12.925,12835,12836,12835,1
2020-09-18 16:20:12.925,12835,12836,12835,9
2020-09-18 16:20:31.085,12834,12835,12835,1
2020-09-18 16:20:43.614,12834,12835,12834,1
2020-09-18 16:20:43.614,12834,12835,12834,6
2020-09-18 16:20:45.486,12833,12834,12833,1
2020-09-18 16:20:45.558,12833,12834,12833,1
2020-09-18 16:20:45.581,12833,12834,12833,2
2020-09-18 16:20:45.617,12833,12834,12833,1
2020-09-18 16:20:45.823,12833,12834,12834,4
2020-09-18 16:20:51.671,12833,12834,12833,1
2020-09-18 16:20:55.280,12832,12833,12832,2
2020-09-18 16:20:59.240,12832,12833,12833,1
2020-09-18 16:20:59.240,12832,12833,12833,2
2020-09-18 16:20:59.241,12832,12833,12833,2
2020-09-18 16:21:01.391,12833,12834,12833,1
2020-09-18 16:21:01.734,12833,12834,12833,4
2020-09-18 16:21:01.736,12833,12834,12833,2
2020-09-18 16:21:07.207,12832,12833,12833,1
2020-09-18 16:21:08.722,12832,12833,12833,1
2020-09-18 16:21:18.177,12833,12834,12833,1
2020-09-18 16:21:23.200,12833,12834,12833,1
2020-09-18 16:21:23.200,12833,12834,12833,1
2020-09-18 16:21:23.200,12833,12834,12833,1
2020-09-18 16:21:30.369,12833,12834,12833,1
2020-09-18 16:21:31.181,12833,12834,12834,3
2020-09-18 16:21:39.680,12833,12834,12834,1
2020-09-18 16:21:57.324,12833,12835,12835,5
2020-09-18 16:21:59.026,12834,12835,12834,1
2020-09-18 16:21:59.062,12834,12835,12835,1
2020-09-18 16:22:02.237,12833,12834,12834,1
2020-09-18 16:22:04.392,12833,12835,12835,1
2020-09-18 16:22:26.760,12834,12835,12834,1
2020-09-18 16:22:29.730,12834,12835,12834,1
2020-09-18 16:22:31.811,12833,12834,12834,1
2020-09-18 16:22:45.063,12833,12834,12833,2
2020-09-18 16:22:47.635,12832,12834,12833,1
2020-09-18 16:22:52.779,12833,12834,12833,1
2020-09-18 16:22:58.004,12833,12834,12833,2
2020-09-18 16:22:58.004,12833,12834,12833,5
2020-09-18 16:22:58.004,12833,12834,12833,1
2020-09-18 16:22:58.004,12833,12834,12833,1
2020-09-18 16:22:59.515,12832,12833,12832,1
2020-09-18 16:23:01.439,12832,12833,12833,1
2020-09-18 16:23:10.444,12832,12833,12833,1
2020-09-18 16:23:39.488,12832,12833,12832,5
2020-09-18 16:23:39.488,12832,12833,12832,1
2020-09-18 16:23:39.488,12832,12833,12832,8
2020-09-18 16:23:41.196,12831,12832,12832,1
2020-09-18 16:23:43.479,12831,12832,12832,1
2020-09-18 16:23:44.467,12832,12833,12832,2
2020-09-18 16:23:44.467,12832,12833,12832,2
2020-09-18 16:23:44.467,12832,12833,12832,1
2020-09-18 16:23:44.467,12832,12833,12832,1
2020-09-18 16:23:45.140,12831,12832,12831,1
2020-09-18 16:23:46.991,12831,12832,12831,3
2020-09-18 16:23:46.991,12831,12832,12831,2
2020-09-18 16:23:46.992,12831,12832,12831,2
2020-09-18 16:23:46.992,12831,12832,12831,2
2020-09-18 16:23:59.588,12830,12832,12830,2
2020-09-18 16:24:13.995,12831,12832,12832,1
2020-09-18 16:24:16.414,12832,12833,12832,2
2020-09-18 16:24:16.436,12832,12833,12833,1
2020-09-18 16:24:30.025,12832,12833,12833,2
2020-09-18 16:24:30.025,12832,12833,12833,2
2020-09-18 16:24:36.274,12832,12834,12832,2
2020-09-18 16:24:36.331,12832,12834,12832,2
2020-09-18 16:24:47.093,12832,12833,12833,1
2020-09-18 16:24:47.093,12832,12833,12834,1
2020-09-18 16:24:53.589,12833,12834,12833,1
2020-09-18 16:24:54.229,12832,12834,12833,1
2020-09-18 16:24:59.019,12832,12833,12833,1
2020-09-18 16:25:07.053,12833,12834,12833,1
2020-09-18 16:25:12.635,12833,12834,12833,1
2020-09-18 16:25:28.131,12833,12834,12833,1
2020-09-18 16:25:43.913,12832,12833,12833,2
2020-09-18 16:25:43.913,12832,12833,12833,1
2020-09-18 16:26:14.830,12832,12833,12832,1
2020-09-18 16:26:16.542,12832,12833,12832,1
2020-09-18 16:26:16.543,12832,12833,12832,1
2020-09-18 16:26:16.543,12832,12833,12832,2
2020-09-18 16:26:16.543,12832,12833,12832,4
2020-09-18 16:26:16.543,12832,12833,12832,5
2020-09-18 16:26:16.543,12832,12833,12832,1
2020-09-18 16:26:16.543,12832,12833,12832,5
2020-09-18 16:26:16.684,12831,12832,12831,1
2020-09-18 16:26:16.697,12831,12832,12831,1
2020-09-18 16:26:16.737,12831,12832,12831,2
2020-09-18 16:26:30.104,12831,12832,12832,3
2020-09-18 16:26:30.104,12831,12832,12832,1
2020-09-18 16:26:33.217,12832,12833,12832,1
2020-09-18 16:27:06.533,12832,12833,12832,1
2020-09-18 16:27:46.066,12832,12833,12832,3
2020-09-18 16:27:54.826,12832,12833,12833,1
2020-09-18 16:27:54.826,12832,12833,12833,3
2020-09-18 16:27:54.826,12832,12833,12833,1
2020-09-18 16:28:04.695,12833,12834,12833,5
2020-09-18 16:28:06.761,12832,12833,12833,4
2020-09-18 16:28:06.761,12832,12833,12833,1
2020-09-18 16:28:16.412,12833,12834,12833,1
2020-09-18 16:28:19.809,12833,12834,12833,3
2020-09-18 16:28:27.210,12832,12833,12833,3
2020-09-18 16:28:31.372,12832,12833,12833,2
2020-09-18 16:28:36.621,12832,12833,12833,1
2020-09-18 16:28:36.922,12833,12834,12833,1
2020-09-18 16:28:38.703,12832,12833,12833,1
2020-09-18 16:29:26.735,12833,12834,12834,15
2020-09-18 16:29:26.735,12833,12834,12834,6
2020-09-18 16:29:46.910,12834,12835,12835,1
2020-09-18 16:29:46.937,12834,12835,12835,1
2020-09-18 16:29:46.938,12834,12835,12835,9
2020-09-18 16:29:46.938,12834,12835,12835,1
2020-09-18 16:29:58.438,12834,12836,12836,5
2020-09-18 16:30:04.274,12835,12836,12835,1
2020-09-18 16:30:05.327,12835,12836,12835,1
2020-09-18 16:30:05.380,12835,12836,12835,1
2020-09-18 16:30:05.629,12834,12836,12836,1
2020-09-18 16:30:06.072,12834,12836,12836,1
2020-09-18 16:30:06.076,12834,12836,12836,1
2020-09-18 16:30:06.076,12834,12836,12836,1
2020-09-18 16:30:06.081,12834,12836,12836,1
2020-09-18 16:30:06.085,12834,12836,12836,1
2020-09-18 16:30:06.093,12834,12836,12836,1
2020-09-18 16:30:06.093,12834,12836,12836,1
2020-09-18 16:30:06.093,12834,12836,12836,1
2020-09-18 16:30:06.159,12834,12836,12835,1
2020-09-18 16:30:06.237,12834,12836,12834,1
2020-09-18 16:30:09.442,12834,12835,12834,2
2020-09-18 16:30:09.561,12833,12835,12835,1
2020-09-18 16:30:47.150,12833,12835,12835,1
2020-09-18 16:31:06.071,12833,12834,12834,1
2020-09-18 16:31:58.138,12833,12834,12834,1
2020-09-18 16:32:38.246,12833,12834,12833,2
2020-09-18 16:32:38.246,12833,12834,12833,2
2020-09-18 16:32:38.363,12832,12833,12833,2
2020-09-18 16:32:45.957,12832,12833,12833,1
2020-09-18 16:32:52.973,12832,12833,12833,1
2020-09-18 16:33:02.713,12832,12833,12833,2
2020-09-18 16:33:02.714,12832,12833,12833,1
2020-09-18 16:33:04.675,12832,12833,12833,3
2020-09-18 16:33:11.457,12832,12833,12832,1
2020-09-18 16:33:18.374,12832,12833,12832,2
2020-09-18 16:33:19.444,12832,12833,12832,1
2020-09-18 16:33:23.128,12832,12833,12832,1
2020-09-18 16:33:23.128,12832,12833,12832,4
2020-09-18 16:33:26.143,12831,12832,12831,3
2020-09-18 16:33:26.414,12831,12832,12831,1
2020-09-18 16:33:26.654,12831,12832,12831,3
2020-09-18 16:33:48.773,12831,12832,12831,1
2020-09-18 16:34:35.596,12831,12832,12831,2
2020-09-18 16:34:36.099,12831,12832,12831,3
2020-09-18 16:34:36.099,12831,12832,12830,2
2020-09-18 16:34:36.121,12831,12832,12830,2
2020-09-18 16:34:36.234,12830,12832,12830,1
2020-09-18 16:35:12.577,12830,12831,12831,1
2020-09-18 16:35:17.953,12830,12831,12831,1
2020-09-18 16:35:22.300,12830,12831,12831,1
2020-09-18 16:35:24.232,12830,12831,12830,2
2020-09-18 16:35:24.232,12830,12831,12830,1
2020-09-18 16:35:24.232,12830,12831,12830,1
2020-09-18 16:35:24.233,12830,12831,12830,16
2020-09-18 16:35:24.233,12830,12831,12830,1
2020-09-18 16:35:26.032,12829,12831,12831,1
2020-09-18 16:35:45.759,12829,12831,12831,9
2020-09-18 16:35:45.759,12829,12831,12831,2
2020-09-18 16:36:39.385,12830,12832,12831,1
2020-09-18 16:36:52.473,12830,12831,12831,1
2020-09-18 16:37:03.333,12830,12831,12831,1
2020-09-18 16:37:22.962,12830,12832,12830,1
2020-09-18 16:37:57.426,12831,12832,12832,2
2020-09-18 16:37:57.426,12831,12832,12832,2
2020-09-18 16:38:09.659,12831,12832,12832,1
2020-09-18 16:38:09.875,12831,12833,12831,2
2020-09-18 16:38:59.181,12832,12833,12833,10
2020-09-18 16:39:09.188,12833,12834,12834,5
2020-09-18 16:39:09.772,12833,12834,12834,1
2020-09-18 16:39:10.652,12833,12834,12834,2
2020-09-18 16:39:13.843,12834,12835,12834,1
2020-09-18 16:39:14.201,12834,12835,12834,2
2020-09-18 16:39:51.199,12834,12835,12834,4
2020-09-18 16:40:05.515,12834,12835,12834,1
2020-09-18 16:40:18.308,12834,12835,12835,5
2020-09-18 16:40:19.799,12834,12835,12835,5
2020-09-18 16:40:25.615,12834,12835,12835,1
2020-09-18 16:40:26.527,12834,12835,12835,1
2020-09-18 16:40:27.680,12834,12835,12834,1
2020-09-18 16:41:44.971,12834,12835,12834,1
2020-09-18 16:41:44.972,12834,12835,12834,4
2020-09-18 16:41:44.972,12834,12835,12834,2
2020-09-18 16:43:09.818,12833,12834,12834,2
2020-09-18 16:43:39.675,12833,12834,12834,1
2020-09-18 16:43:44.018,12833,12834,12834,1
2020-09-18 16:44:41.458,12833,12834,12833,1
2020-09-18 16:44:54.062,12833,12834,12833,1
2020-09-18 16:45:05.230,12833,12834,12833,1
2020-09-18 16:45:05.230,12833,12834,12833,2
2020-09-18 16:45:05.324,12832,12833,12832,1
2020-09-18 16:45:05.426,12832,12833,12831,1
2020-09-18 16:45:05.426,12832,12833,12831,1
2020-09-18 16:45:06.609,12831,12833,12831,1
2020-09-18 16:45:06.864,12831,12833,12833,1
2020-09-18 16:45:53.118,12832,12833,12832,1
2020-09-18 16:46:17.443,12831,12832,12831,1
2020-09-18 16:46:17.561,12831,12832,12832,1
2020-09-18 16:46:17.562,12831,12832,12832,1
2020-09-18 16:46:17.562,12831,12832,12832,1
2020-09-18 16:46:17.562,12831,12832,12832,1
2020-09-18 16:46:17.563,12831,12832,12832,1
2020-09-18 16:46:17.563,12831,12832,12832,1
2020-09-18 16:46:17.563,12831,12832,12832,1
2020-09-18 16:46:17.563,12831,12832,12833,1
2020-09-18 16:46:17.563,12831,12832,12833,1
2020-09-18 16:46:17.564,12831,12832,12833,1
2020-09-18 16:46:17.564,12831,12832,12833,1
2020-09-18 16:46:17.746,12831,12832,12832,1
2020-09-18 16:46:17.779,12831,12832,12832,2
2020-09-18 16:46:28.265,12832,12833,12832,1
2020-09-18 16:46:44.114,12832,12833,12832,1
2020-09-18 16:47:03.197,12832,12833,12833,2
2020-09-18 16:47:03.197,12832,12833,12833,1
2020-09-18 16:48:31.585,12832,12833,12833,2
2020-09-18 16:48:31.879,12832,12833,12832,2
2020-09-18 16:48:36.778,12832,12833,12832,1
2020-09-18 16:49:24.672,12832,12833,12832,2
2020-09-18 16:49:46.198,12831,12832,12832,1
2020-09-18 16:49:46.198,12831,12832,12832,1
2020-09-18 16:50:23.683,12832,12833,12832,1
2020-09-18 16:50:55.637,12831,12832,12832,1
2020-09-18 16:51:04.496,12831,12832,12832,1
2020-09-18 16:51:44.242,12831,12832,12832,1
2020-09-18 16:51:49.492,12831,12832,12832,1
2020-09-18 16:51:49.796,12832,12833,12832,1
2020-09-18 16:51:54.938,12832,12833,12832,1
2020-09-18 16:52:03.531,12831,12832,12831,1
2020-09-18 16:52:20.469,12831,12833,12831,1
2020-09-18 16:52:32.404,12831,12832,12832,1
2020-09-18 16:52:58.451,12831,12832,12832,1
2020-09-18 16:52:58.451,12831,12832,12832,1
2020-09-18 16:53:02.859,12832,12833,12832,2
2020-09-18 16:53:02.859,12832,12833,12832,2
2020-09-18 16:53:25.304,12832,12833,12832,1
2020-09-18 16:53:44.201,12832,12833,12833,3
2020-09-18 16:53:54.930,12832,12833,12832,15
2020-09-18 16:53:54.931,12832,12833,12832,1
2020-09-18 16:54:02.779,12832,12833,12833,1
2020-09-18 16:54:07.658,12832,12833,12833,3
2020-09-18 16:54:35.275,12832,12833,12832,1
2020-09-18 16:54:56.159,12831,12832,12831,1
2020-09-18 16:54:56.739,12831,12832,12831,1
2020-09-18 16:55:02.990,12831,12832,12831,1
2020-09-18 16:55:20.429,12831,12832,12831,1
2020-09-18 16:55:52.396,12831,12832,12832,1
2020-09-18 16:55:52.401,12831,12832,12832,1
2020-09-18 16:55:52.402,12831,12832,12832,2
2020-09-18 16:55:52.402,12831,12832,12832,1
2020-09-18 16:55:52.402,12831,12832,12832,1
2020-09-18 16:55:52.402,12831,12832,12832,1
2020-09-18 16:55:52.402,12831,12832,12832,1
2020-09-18 16:55:52.402,12831,12832,12832,2
2020-09-18 16:55:52.402,12831,12832,12832,4
2020-09-18 16:55:56.903,12831,12833,12831,10
2020-09-18 16:55:57.057,12831,12833,12831,1
2020-09-18 16:56:06.603,12831,12833,12831,9
2020-09-18 16:56:06.604,12831,12833,12831,1
2020-09-18 16:56:32.492,12830,12831,12831,1
2020-09-18 16:56:39.246,12830,12831,12830,1
2020-09-18 16:56:46.972,12830,12831,12830,10
2020-09-18 16:56:48.543,12829,12830,12830,2
2020-09-18 16:57:01.959,12829,12830,12829,1
2020-09-18 16:57:02.086,12829,12830,12829,1
2020-09-18 16:57:03.072,12829,12830,12829,1
2020-09-18 16:57:03.485,12829,12830,12830,1
2020-09-18 16:57:05.802,12829,12830,12830,1
2020-09-18 16:57:08.121,12829,12830,12829,1
2020-09-18 16:57:08.632,12829,12830,12829,2
2020-09-18 16:57:10.616,12829,12830,12829,1
2020-09-18 16:57:13.905,12829,12830,12829,1
2020-09-18 16:57:26.315,12829,12830,12829,1
2020-09-18 16:57:37.390,12829,12830,12829,6
2020-09-18 16:57:37.391,12829,12830,12829,3
2020-09-18 16:57:37.392,12829,12830,12829,1
2020-09-18 16:57:51.924,12828,12829,12828,1
2020-09-18 16:57:53.247,12828,12829,12828,1
2020-09-18 16:58:02.648,12828,12829,12828,10
2020-09-18 16:58:08.846,12828,12829,12828,10
2020-09-18 16:58:13.094,12828,12829,12829,12
2020-09-18 16:58:15.024,12829,12830,12829,1
2020-09-18 16:58:15.145,12829,12830,12829,1
2020-09-18 16:58:15.145,12829,12830,12828,2
2020-09-18 16:58:21.051,12829,12830,12829,3
2020-09-18 16:58:21.052,12829,12830,12829,6
2020-09-18 16:58:34.253,12829,12830,12829,1
2020-09-18 16:58:42.692,12829,12830,12830,4
2020-09-18 16:58:45.071,12829,12830,12830,2
2020-09-18 16:58:58.207,12829,12830,12830,4
2020-09-18 16:59:03.738,12829,12830,12830,5
2020-09-18 16:59:03.738,12829,12830,12830,1
2020-09-18 16:59:14.556,12830,12831,12830,3
2020-09-18 16:59:45.017,12829,12831,12829,1
2020-09-18 17:00:03.085,12829,12830,12829,3
2020-09-18 17:00:03.085,12829,12830,12828,5
2020-09-18 17:00:03.253,12829,12830,12829,2
2020-09-18 17:00:03.430,12829,12830,12830,1
2020-09-18 17:00:03.430,12829,12830,12830,1
2020-09-18 17:00:03.451,12829,12830,12830,1
2020-09-18 17:00:03.588,12829,12831,12831,1
2020-09-18 17:00:03.864,12829,12831,12831,1
2020-09-18 17:00:04.191,12829,12831,12831,1
2020-09-18 17:00:29.196,12830,12831,12831,2
2020-09-18 17:00:55.452,12831,12832,12831,1
2020-09-18 17:00:57.024,12831,12832,12831,1
2020-09-18 17:01:00.338,12831,12833,12831,1
2020-09-18 17:01:01.469,12832,12833,12832,1
2020-09-18 17:01:28.236,12832,12833,12832,2
2020-09-18 17:01:28.236,12832,12833,12832,2
2020-09-18 17:01:28.236,12832,12833,12832,1
2020-09-18 17:01:29.754,12831,12832,12831,6
2020-09-18 17:02:02.268,12831,12832,12832,1
2020-09-18 17:02:05.319,12831,12832,12831,1
2020-09-18 17:02:05.319,12831,12832,12830,3
2020-09-18 17:02:14.833,12830,12832,12830,5
2020-09-18 17:02:27.572,12830,12831,12830,1
2020-09-18 17:02:28.820,12829,12830,12829,1
2020-09-18 17:02:29.439,12829,12830,12829,5
2020-09-18 17:02:30.078,12828,12830,12828,4
2020-09-18 17:02:37.452,12828,12830,12828,5
2020-09-18 17:02:44.519,12828,12830,12828,5
2020-09-18 17:02:50.595,12828,12829,12828,5
2020-09-18 17:02:59.026,12828,12829,12829,1
2020-09-18 17:02:59.114,12828,12830,12828,5
2020-09-18 17:03:10.126,12829,12830,12829,4
2020-09-18 17:03:10.126,12829,12830,12828,1
2020-09-18 17:03:21.367,12828,12829,12829,5
2020-09-18 17:03:21.430,12828,12829,12829,1
2020-09-18 17:03:21.430,12828,12829,12828,4
2020-09-18 17:03:32.379,12830,12831,12831,1
2020-09-18 17:03:48.148,12831,12832,12832,7
2020-09-18 17:04:15.578,12832,12833,12832,1
2020-09-18 17:04:15.770,12832,12833,12832,3
2020-09-18 17:04:18.642,12832,12833,12833,14
2020-09-18 17:04:28.264,12833,12834,12834,1
2020-09-18 17:04:28.269,12833,12834,12834,5
2020-09-18 17:04:28.269,12833,12834,12834,1
2020-09-18 17:04:28.269,12833,12834,12834,4
2020-09-18 17:04:28.269,12833,12834,12834,2
2020-09-18 17:04:28.269,12833,12834,12834,17
2020-09-18 17:04:33.394,12834,12835,12834,2
2020-09-18 17:04:37.401,12834,12835,12834,1
2020-09-18 17:04:37.402,12834,12835,12834,2
2020-09-18 17:04:44.979,12833,12834,12833,1
2020-09-18 17:04:44.979,12833,12834,12833,1
2020-09-18 17:04:44.979,12833,12834,12833,2
2020-09-18 17:04:44.979,12833,12834,12833,7
2020-09-18 17:04:46.822,12832,12833,12833,1
2020-09-18 17:04:47.635,12832,12834,12832,9
2020-09-18 17:04:47.635,12832,12834,12832,2
2020-09-18 17:04:47.636,12832,12834,12832,10
2020-09-18 17:05:03.118,12832,12833,12832,1
2020-09-18 17:05:16.644,12831,12833,12833,1
2020-09-18 17:05:42.388,12832,12833,12832,1
2020-09-18 17:05:43.671,12831,12832,12831,1
2020-09-18 17:06:08.952,12829,12830,12829,1
2020-09-18 17:06:10.269,12829,12830,12829,2
2020-09-18 17:06:10.269,12829,12830,12829,2
2020-09-18 17:06:35.372,12829,12830,12829,8
2020-09-18 17:06:49.804,12828,12829,12829,1
2020-09-18 17:06:49.804,12828,12829,12829,1
2020-09-18 17:06:49.804,12828,12829,12829,1
2020-09-18 17:06:49.804,12828,12829,12829,3
2020-09-18 17:06:49.805,12828,12829,12829,1
2020-09-18 17:06:50.048,12829,12830,12829,1
2020-09-18 17:06:58.720,12829,12830,12829,1
2020-09-18 17:07:10.987,12829,12830,12829,1
2020-09-18 17:07:30.492,12828,12830,12829,1
2020-09-18 17:07:38.701,12829,12830,12829,1
2020-09-18 17:08:55.565,12831,12832,12831,2
2020-09-18 17:09:12.371,12830,12831,12831,3
2020-09-18 17:09:15.114,12831,12832,12831,2
2020-09-18 17:10:11.479,12831,12832,12831,1
2020-09-18 17:10:36.341,12831,12832,12832,9
2020-09-18 17:10:44.065,12832,12833,12832,1
2020-09-18 17:10:44.079,12832,12833,12832,1
2020-09-18 17:10:44.117,12832,12833,12832,1
2020-09-18 17:10:44.136,12832,12833,12832,1
2020-09-18 17:10:44.146,12832,12833,12832,1
2020-09-18 17:10:44.691,12832,12833,12833,2
2020-09-18 17:10:45.468,12832,12833,12833,2
2020-09-18 17:10:47.447,12832,12833,12833,5
2020-09-18 17:10:48.956,12832,12833,12833,2
2020-09-18 17:10:51.275,12832,12833,12833,2
2020-09-18 17:10:51.309,12832,12833,12833,1
2020-09-18 17:10:55.604,12833,12834,12833,2
2020-09-18 17:11:00.104,12832,12833,12832,1
2020-09-18 17:11:01.114,12831,12832,12832,1
2020-09-18 17:11:01.593,12831,12832,12832,5
2020-09-18 17:11:01.702,12831,12832,12832,5
2020-09-18 17:11:01.702,12831,12832,12832,1
2020-09-18 17:11:01.815,12831,12833,12833,1
2020-09-18 17:11:15.952,12833,12834,12833,1
2020-09-18 17:11:15.952,12833,12834,12833,1
2020-09-18 17:11:29.220,12832,12833,12833,1
2020-09-18 17:11:34.206,12832,12833,12833,2
2020-09-18 17:11:34.206,12832,12833,12833,2
2020-09-18 17:11:36.603,12833,12834,12833,1
2020-09-18 17:11:43.579,12833,12834,12834,2
2020-09-18 17:12:11.861,12833,12834,12834,1
2020-09-18 17:12:26.551,12833,12834,12833,1
2020-09-18 17:12:26.551,12833,12834,12833,1
2020-09-18 17:12:26.551,12833,12834,12833,3
2020-09-18 17:12:26.551,12833,12834,12833,1
2020-09-18 17:12:27.639,12832,12834,12834,1
2020-09-18 17:12:28.494,12832,12834,12834,1
2020-09-18 17:12:39.884,12832,12833,12833,1
2020-09-18 17:13:05.767,12833,12834,12833,8
2020-09-18 17:13:12.098,12832,12833,12833,7
2020-09-18 17:13:18.291,12833,12834,12834,1
2020-09-18 17:13:20.700,12833,12834,12834,1
2020-09-18 17:13:37.128,12833,12834,12834,1
2020-09-18 17:13:39.926,12833,12834,12834,1
2020-09-18 17:13:39.926,12833,12834,12834,1
2020-09-18 17:13:39.926,12833,12834,12834,2
2020-09-18 17:13:39.926,12833,12834,12834,2
2020-09-18 17:13:39.927,12833,12834,12834,4
2020-09-18 17:13:39.927,12833,12834,12834,1
2020-09-18 17:14:04.872,12834,12835,12835,3
2020-09-18 17:14:04.872,12834,12835,12835,3
2020-09-18 17:14:04.872,12834,12835,12835,1
2020-09-18 17:14:04.872,12834,12835,12835,4
2020-09-18 17:14:04.872,12834,12835,12835,2
2020-09-18 17:14:04.872,12834,12835,12835,8
2020-09-18 17:14:07.568,12835,12836,12836,1
2020-09-18 17:14:07.711,12835,12836,12836,1
2020-09-18 17:14:08.123,12835,12836,12836,2
2020-09-18 17:14:08.221,12835,12836,12836,1
2020-09-18 17:14:08.357,12835,12836,12836,2
2020-09-18 17:14:08.357,12835,12836,12836,1
2020-09-18 17:14:08.357,12835,12836,12836,2
2020-09-18 17:14:08.357,12835,12836,12836,3
2020-09-18 17:14:08.358,12835,12836,12836,6
2020-09-18 17:14:08.358,12835,12836,12836,4
2020-09-18 17:14:08.358,12835,12836,12836,5
2020-09-18 17:14:08.405,12835,12836,12837,1
2020-09-18 17:14:08.468,12836,12837,12837,1
2020-09-18 17:14:08.514,12836,12837,12837,1
2020-09-18 17:14:08.798,12836,12837,12837,1
2020-09-18 17:14:17.184,12836,12837,12837,4
2020-09-18 17:14:17.394,12836,12837,12837,1
2020-09-18 17:14:18.276,12836,12837,12837,1
2020-09-18 17:14:19.047,12836,12837,12837,1
2020-09-18 17:14:23.341,12836,12837,12836,1
2020-09-18 17:14:23.342,12836,12837,12836,4
2020-09-18 17:14:23.342,12836,12837,12836,8
2020-09-18 17:14:24.979,12835,12836,12836,2
2020-09-18 17:14:28.209,12836,12837,12836,1
2020-09-18 17:14:28.209,12836,12837,12836,1
2020-09-18 17:14:34.236,12835,12836,12836,1
2020-09-18 17:14:40.808,12836,12837,12836,1
2020-09-18 17:14:47.133,12836,12837,12837,1
2020-09-18 17:15:00.137,12836,12837,12836,8
2020-09-18 17:15:00.509,12835,12836,12836,1
2020-09-18 17:15:01.509,12835,12837,12837,2
2020-09-18 17:15:19.874,12836,12837,12836,1
2020-09-18 17:15:24.327,12835,12836,12836,1
2020-09-18 17:15:25.365,12836,12837,12836,1
2020-09-18 17:15:25.555,12835,12837,12837,1
2020-09-18 17:15:27.525,12835,12837,12835,1
2020-09-18 17:15:27.540,12835,12837,12835,2
2020-09-18 17:15:27.574,12835,12836,12835,2
2020-09-18 17:15:44.853,12835,12837,12835,1
2020-09-18 17:16:04.805,12836,12837,12837,1
2020-09-18 17:16:05.651,12836,12837,12837,1
2020-09-18 17:16:05.651,12836,12837,12837,8
2020-09-18 17:16:05.651,12836,12837,12837,3
2020-09-18 17:16:08.660,12836,12838,12836,1
2020-09-18 17:16:32.217,12836,12837,12836,1
2020-09-18 17:16:46.294,12836,12837,12836,1
2020-09-18 17:16:48.787,12836,12837,12836,1
2020-09-18 17:16:48.788,12836,12837,12836,1
2020-09-18 17:16:52.617,12835,12836,12836,3
2020-09-18 17:16:52.882,12836,12837,12836,1
2020-09-18 17:17:05.752,12836,12837,12836,2
2020-09-18 17:17:12.734,12836,12837,12836,1
2020-09-18 17:17:27.963,12836,12837,12836,1
2020-09-18 17:18:22.452,12836,12837,12836,8
2020-09-18 17:18:29.647,12835,12836,12835,1
2020-09-18 17:18:33.840,12835,12836,12836,1
2020-09-18 17:18:33.841,12835,12836,12836,2
2020-09-18 17:18:33.841,12835,12836,12836,1
2020-09-18 17:18:42.324,12835,12836,12835,5
2020-09-18 17:18:42.325,12835,12836,12835,5
2020-09-18 17:18:42.325,12835,12836,12835,1
2020-09-18 17:18:42.325,12835,12836,12835,8
2020-09-18 17:18:57.080,12834,12835,12835,1
2020-09-18 17:18:58.081,12835,12836,12835,1
2020-09-18 17:19:13.354,12835,12836,12836,1
2020-09-18 17:19:18.771,12835,12836,12835,1
2020-09-18 17:19:29.041,12835,12836,12836,5
2020-09-18 17:19:37.055,12835,12836,12835,1
2020-09-18 17:20:29.924,12835,12836,12835,7
2020-09-18 17:20:32.220,12834,12835,12835,2
2020-09-18 17:20:41.773,12834,12835,12835,2
2020-09-18 17:22:04.317,12835,12836,12835,1
2020-09-18 17:22:13.448,12835,12836,12835,2
2020-09-18 17:22:18.098,12834,12835,12835,2
2020-09-18 17:22:21.766,12834,12835,12835,2
2020-09-18 17:22:23.369,12834,12835,12835,1
2020-09-18 17:22:37.189,12835,12836,12835,1
2020-09-18 17:22:59.799,12835,12836,12835,2
2020-09-18 17:23:11.460,12835,12836,12835,1
2020-09-18 17:23:11.900,12835,12836,12835,1
2020-09-18 17:23:15.770,12835,12836,12835,2
2020-09-18 17:23:48.263,12835,12836,12835,10
2020-09-18 17:23:48.263,12835,12836,12835,4
2020-09-18 17:23:48.263,12835,12836,12835,1
2020-09-18 17:23:48.263,12835,12836,12835,1
2020-09-18 17:23:48.263,12835,12836,12835,4
2020-09-18 17:23:54.445,12834,12835,12835,2
2020-09-18 17:23:55.596,12834,12835,12835,1
2020-09-18 17:24:06.222,12835,12836,12835,2
2020-09-18 17:24:20.172,12835,12836,12835,2
2020-09-18 17:24:30.566,12835,12836,12835,2
2020-09-18 17:24:50.505,12835,12836,12835,1
2020-09-18 17:25:09.674,12835,12836,12835,1
2020-09-18 17:25:18.823,12835,12836,12836,3
2020-09-18 17:26:02.256,12835,12836,12836,1
2020-09-18 17:26:03.267,12835,12836,12836,1
2020-09-18 17:26:26.081,12835,12836,12836,23
2020-09-18 17:26:32.869,12835,12836,12836,1
2020-09-18 17:26:40.032,12835,12836,12836,2
2020-09-18 17:26:40.647,12835,12836,12835,1
2020-09-18 17:26:46.168,12835,12836,12836,2
2020-09-18 17:26:48.943,12835,12836,12836,1
2020-09-18 17:26:55.552,12835,12836,12835,1
2020-09-18 17:26:59.453,12835,12836,12836,1
2020-09-18 17:27:04.036,12835,12836,12836,1
2020-09-18 17:27:04.269,12836,12837,12837,2
2020-09-18 17:27:08.420,12836,12837,12837,2
2020-09-18 17:27:08.421,12836,12837,12837,1
2020-09-18 17:27:22.256,12837,12838,12837,1
2020-09-18 17:27:22.548,12837,12838,12837,2
2020-09-18 17:27:34.295,12837,12838,12837,1
2020-09-18 17:27:34.295,12837,12838,12837,1
2020-09-18 17:27:57.010,12836,12837,12837,2
2020-09-18 17:27:59.145,12836,12837,12837,2
2020-09-18 17:28:02.315,12836,12837,12837,1
2020-09-18 17:28:03.129,12836,12837,12837,2
2020-09-18 17:28:19.450,12836,12837,12837,1
2020-09-18 17:28:19.450,12836,12837,12837,1
2020-09-18 17:28:19.450,12836,12837,12837,1
2020-09-18 17:28:19.450,12836,12837,12837,1
2020-09-18 17:28:19.450,12836,12837,12837,2
2020-09-18 17:28:19.450,12836,12837,12837,1
2020-09-18 17:28:25.831,12837,12838,12838,1
2020-09-18 17:28:26.594,12837,12838,12838,1
2020-09-18 17:28:26.602,12837,12838,12838,1
2020-09-18 17:28:26.608,12837,12838,12838,1
2020-09-18 17:28:26.608,12837,12838,12838,6
2020-09-18 17:28:26.608,12837,12838,12838,20
2020-09-18 17:28:26.613,12837,12838,12839,1
2020-09-18 17:28:26.620,12837,12838,12839,1
2020-09-18 17:28:26.992,12838,12839,12839,1
2020-09-18 17:28:27.007,12838,12839,12839,1
2020-09-18 17:28:28.061,12838,12839,12839,2
2020-09-18 17:28:28.061,12838,12839,12839,13
2020-09-18 17:28:33.678,12837,12838,12838,1
2020-09-18 17:28:41.976,12838,12839,12839,1
2020-09-18 17:28:45.118,12838,12839,12839,16
2020-09-18 17:28:46.906,12839,12840,12839,1
2020-09-18 17:28:52.500,12838,12839,12839,1
2020-09-18 17:28:56.581,12838,12839,12839,1
2020-09-18 17:29:02.216,12838,12839,12839,3
2020-09-18 17:29:02.666,12838,12839,12838,1
2020-09-18 17:29:15.073,12838,12839,12838,4
2020-09-18 17:29:16.306,12837,12838,12838,2
2020-09-18 17:29:17.856,12837,12838,12837,1
2020-09-18 17:29:27.681,12837,12839,12838,1
2020-09-18 17:29:28.800,12837,12839,12837,1
2020-09-18 17:29:33.756,12837,12838,12838,1
2020-09-18 17:29:35.489,12838,12839,12838,1
2020-09-18 17:29:49.617,12837,12838,12837,1
2020-09-18 17:29:58.503,12837,12838,12837,1
2020-09-18 17:29:58.504,12837,12838,12837,1
2020-09-18 17:29:58.504,12837,12838,12837,4
2020-09-18 17:30:02.053,12836,12837,12837,1
2020-09-18 17:30:02.506,12837,12838,12838,1
2020-09-18 17:30:06.471,12837,12838,12837,1
2020-09-18 17:30:08.408,12837,12838,12838,1
2020-09-18 17:30:15.002,12837,12838,12837,1
2020-09-18 17:30:24.271,12837,12838,12838,1
2020-09-18 17:30:28.830,12837,12838,12837,1
2020-09-18 17:30:28.830,12837,12838,12837,2
2020-09-18 17:30:28.830,12837,12838,12837,3
2020-09-18 17:30:28.830,12837,12838,12837,3
2020-09-18 17:30:28.830,12837,12838,12837,1
2020-09-18 17:30:28.830,12837,12838,12837,12
2020-09-18 17:30:40.846,12836,12837,12836,1
2020-09-18 17:30:55.316,12836,12837,12837,1
2020-09-18 17:30:57.773,12836,12838,12836,1
2020-09-18 17:31:14.004,12836,12837,12836,1
2020-09-18 17:31:30.662,12836,12837,12837,1
2020-09-18 17:31:43.605,12837,12838,12838,3
2020-09-18 17:31:43.605,12837,12838,12838,10
2020-09-18 17:31:51.750,12838,12839,12838,2
2020-09-18 17:31:51.751,12838,12839,12838,1
2020-09-18 17:31:54.572,12838,12839,12838,1
2020-09-18 17:32:16.571,12838,12839,12838,1
2020-09-18 17:32:21.616,12838,12839,12838,1
2020-09-18 17:32:28.359,12838,12839,12838,2
2020-09-18 17:32:33.727,12838,12839,12838,1
2020-09-18 17:32:37.568,12838,12839,12838,1
2020-09-18 17:32:54.707,12837,12838,12837,1
2020-09-18 17:33:04.367,12837,12838,12838,1
2020-09-18 17:33:06.013,12837,12838,12837,1
2020-09-18 17:33:18.102,12837,12838,12838,1
2020-09-18 17:33:37.896,12837,12838,12837,1
2020-09-18 17:33:52.596,12837,12838,12837,1
2020-09-18 17:34:08.340,12837,12838,12837,2
2020-09-18 17:34:15.710,12837,12838,12838,1
2020-09-18 17:34:15.710,12837,12838,12838,3
2020-09-18 17:34:15.710,12837,12838,12838,3
2020-09-18 17:34:15.710,12837,12838,12838,1
2020-09-18 17:34:17.160,12838,12839,12839,1
2020-09-18 17:34:17.160,12838,12839,12839,2
2020-09-18 17:34:17.160,12838,12839,12839,1
2020-09-18 17:34:17.161,12838,12839,12839,1
2020-09-18 17:34:17.161,12838,12839,12839,8
2020-09-18 17:34:17.161,12838,12839,12839,5
2020-09-18 17:34:17.705,12838,12840,12840,2
2020-09-18 17:34:17.744,12838,12840,12840,2
2020-09-18 17:34:20.301,12839,12840,12839,1
2020-09-18 17:34:20.524,12839,12840,12839,1
2020-09-18 17:34:21.524,12839,12840,12839,1
2020-09-18 17:34:24.330,12839,12840,12839,1
2020-09-18 17:34:29.094,12838,12839,12839,1
2020-09-18 17:34:36.633,12838,12839,12838,1
2020-09-18 17:34:43.526,12838,12839,12838,1
2020-09-18 17:34:43.527,12838,12839,12838,1
2020-09-18 17:34:43.527,12838,12839,12838,2
2020-09-18 17:34:52.129,12838,12839,12838,1
2020-09-18 17:34:58.291,12837,12838,12838,1
2020-09-18 17:35:02.095,12838,12839,12838,2
2020-09-18 17:35:02.095,12838,12839,12838,6
2020-09-18 17:35:02.996,12837,12838,12838,1
2020-09-18 17:35:05.221,12837,12838,12838,1
2020-09-18 17:35:50.246,12837,12838,12838,1
2020-09-18 17:36:14.983,12837,12838,12838,3
2020-09-18 17:36:15.428,12837,12838,12838,1
2020-09-18 17:36:15.690,12837,12838,12838,1
2020-09-18 17:36:16.423,12837,12838,12838,2
2020-09-18 17:36:16.423,12837,12838,12838,1
2020-09-18 17:36:16.511,12837,12838,12838,1
2020-09-18 17:36:24.456,12838,12839,12838,4
2020-09-18 17:36:24.457,12838,12839,12838,1
2020-09-18 17:36:37.285,12838,12839,12839,2
2020-09-18 17:36:37.286,12838,12839,12839,3
2020-09-18 17:36:41.798,12838,12839,12839,1
2020-09-18 17:36:42.370,12838,12840,12838,1
2020-09-18 17:37:02.406,12839,12840,12840,2
2020-09-18 17:37:04.840,12839,12840,12840,2
2020-09-18 17:37:11.610,12839,12840,12840,2
2020-09-18 17:37:30.967,12839,12840,12840,1
2020-09-18 17:37:39.085,12839,12840,12840,3
2020-09-18 17:37:42.109,12839,12840,12840,12
2020-09-18 17:37:44.215,12840,12841,12841,1
2020-09-18 17:37:44.342,12840,12841,12841,1
2020-09-18 17:37:44.622,12840,12841,12841,2
2020-09-18 17:37:46.813,12840,12841,12841,1
2020-09-18 17:37:51.329,12840,12841,12840,1
2020-09-18 17:38:03.222,12840,12841,12841,1
2020-09-18 17:38:28.307,12840,12841,12841,1
2020-09-18 17:38:35.354,12840,12841,12841,3
2020-09-18 17:38:37.410,12840,12841,12841,3
2020-09-18 17:38:37.997,12840,12841,12841,2
2020-09-18 17:38:50.755,12840,12841,12840,1
2020-09-18 17:38:56.412,12840,12841,12841,1
2020-09-18 17:38:57.230,12840,12841,12841,1
2020-09-18 17:39:01.812,12840,12841,12840,1
2020-09-18 17:39:02.325,12840,12841,12841,1
2020-09-18 17:39:03.348,12840,12841,12841,1
2020-09-18 17:39:03.867,12840,12841,12841,2
2020-09-18 17:39:04.203,12840,12841,12841,1
2020-09-18 17:39:07.739,12840,12841,12841,1
2020-09-18 17:39:07.971,12841,12842,12842,1
2020-09-18 17:39:18.575,12841,12842,12841,1
2020-09-18 17:39:20.120,12840,12842,12841,1
2020-09-18 17:39:22.096,12840,12842,12842,1
2020-09-18 17:39:28.506,12840,12842,12842,1
2020-09-18 17:39:28.548,12840,12842,12842,1
2020-09-18 17:39:33.976,12840,12841,12841,1
2020-09-18 17:39:40.576,12841,12842,12842,3
2020-09-18 17:39:49.398,12841,12842,12841,1
2020-09-18 17:39:50.392,12841,12842,12842,1
2020-09-18 17:39:53.576,12841,12842,12842,2
2020-09-18 17:40:02.186,12841,12842,12842,1
2020-09-18 17:40:03.239,12841,12842,12842,4
2020-09-18 17:40:11.216,12841,12842,12841,1
2020-09-18 17:40:12.336,12841,12842,12842,1
2020-09-18 17:40:17.866,12841,12842,12841,1
2020-09-18 17:40:21.633,12841,12842,12842,1
2020-09-18 17:40:34.355,12841,12842,12842,1
2020-09-18 17:40:35.760,12841,12842,12841,1
2020-09-18 17:40:38.231,12841,12842,12841,2
2020-09-18 17:40:47.773,12840,12841,12841,1
2020-09-18 17:41:00.887,12840,12841,12840,11
2020-09-18 17:41:11.392,12839,12840,12839,2
2020-09-18 17:41:11.392,12839,12840,12839,1
2020-09-18 17:41:13.027,12838,12840,12840,1
2020-09-18 17:41:15.926,12838,12839,12839,1
2020-09-18 17:41:29.715,12838,12839,12839,1
2020-09-18 17:42:03.409,12838,12839,12839,2
2020-09-18 17:42:03.831,12838,12839,12839,1
2020-09-18 17:42:08.873,12839,12840,12839,1
2020-09-18 17:42:35.639,12839,12840,12839,1
2020-09-18 17:43:15.852,12838,12839,12839,1
2020-09-18 17:43:15.852,12838,12839,12839,1
2020-09-18 17:43:24.319,12839,12840,12839,1
2020-09-18 17:43:28.716,12839,12840,12840,2
2020-09-18 17:43:36.895,12839,12840,12839,1
2020-09-18 17:43:36.895,12839,12840,12839,1
2020-09-18 17:44:04.092,12839,12840,12839,1
2020-09-18 17:44:21.840,12839,12840,12839,3
2020-09-18 17:44:31.302,12838,12839,12839,1
2020-09-18 17:45:24.910,12838,12839,12838,2
2020-09-18 17:45:24.910,12838,12839,12838,2
2020-09-18 17:45:24.910,12838,12839,12838,5
2020-09-18 17:45:24.964,12837,12838,12837,1
2020-09-18 17:45:43.659,12837,12838,12837,1
2020-09-18 17:45:52.132,12837,12838,12838,1
2020-09-18 17:45:55.535,12838,12839,12838,2
2020-09-18 17:46:03.923,12838,12839,12839,1
2020-09-18 17:46:03.923,12838,12839,12839,7
2020-09-18 17:46:03.923,12838,12839,12839,1
2020-09-18 17:46:10.102,12838,12839,12839,1
2020-09-18 17:46:45.066,12838,12839,12838,1
2020-09-18 17:47:01.437,12838,12839,12838,1
2020-09-18 17:47:10.474,12838,12839,12838,1
2020-09-18 17:47:15.544,12837,12838,12837,1
2020-09-18 17:47:32.081,12837,12838,12838,1
2020-09-18 17:47:32.082,12837,12838,12838,2
2020-09-18 17:47:32.082,12837,12838,12838,5
2020-09-18 17:47:32.082,12837,12838,12838,3
2020-09-18 17:47:33.772,12838,12839,12838,1
2020-09-18 17:48:22.759,12837,12838,12837,1
2020-09-18 17:48:22.760,12837,12838,12837,2
2020-09-18 17:48:22.760,12837,12838,12837,18
2020-09-18 17:48:22.760,12837,12838,12837,4
2020-09-18 17:48:22.777,12837,12838,12836,4
2020-09-18 17:48:22.816,12836,12837,12836,1
2020-09-18 17:48:22.859,12836,12837,12836,1
2020-09-18 17:48:22.893,12836,12837,12836,3
2020-09-18 17:48:23.327,12836,12837,12837,2
2020-09-18 17:48:23.746,12836,12837,12837,3
2020-09-18 17:48:32.787,12836,12837,12837,1
2020-09-18 17:48:34.712,12836,12837,12836,1
2020-09-18 17:48:35.977,12835,12837,12835,1
2020-09-18 17:48:40.495,12835,12836,12836,1
2020-09-18 17:48:47.732,12835,12836,12836,1
2020-09-18 17:48:51.789,12836,12837,12836,1
2020-09-18 17:48:55.379,12836,12837,12836,1
2020-09-18 17:49:07.283,12836,12837,12836,1
2020-09-18 17:49:07.466,12836,12837,12836,1
2020-09-18 17:49:07.830,12835,12837,12837,2
2020-09-18 17:49:07.830,12835,12837,12838,2
2020-09-18 17:49:08.185,12836,12838,12838,1
2020-09-18 17:49:27.841,12836,12838,12836,1
2020-09-18 17:49:27.861,12836,12838,12836,1
2020-09-18 17:49:27.896,12836,12838,12836,1
2020-09-18 17:49:27.908,12836,12838,12836,1
2020-09-18 17:49:27.912,12836,12838,12836,1
2020-09-18 17:49:34.859,12837,12838,12837,1
2020-09-18 17:49:59.896,12837,12838,12838,3
2020-09-18 17:50:00.262,12838,12839,12837,1
2020-09-18 17:50:00.653,12837,12839,12839,1
2020-09-18 17:50:09.132,12837,12838,12837,1
2020-09-18 17:50:09.132,12837,12838,12837,3
2020-09-18 17:50:09.132,12837,12838,12837,3
2020-09-18 17:50:09.132,12837,12838,12837,2
2020-09-18 17:50:09.132,12837,12838,12837,3
2020-09-18 17:50:09.237,12835,12836,12835,3
2020-09-18 17:50:09.360,12835,12836,12835,1
2020-09-18 17:50:09.361,12835,12836,12835,2
2020-09-18 17:50:09.474,12835,12836,12835,1
2020-09-18 17:50:09.479,12835,12836,12835,1
2020-09-18 17:50:09.556,12835,12836,12836,1
2020-09-18 17:50:09.834,12835,12836,12835,2
2020-09-18 17:50:09.834,12835,12836,12835,2
2020-09-18 17:50:10.476,12834,12835,12834,3
2020-09-18 17:50:10.476,12834,12835,12834,1
2020-09-18 17:50:10.674,12833,12834,12833,1
2020-09-18 17:50:10.714,12833,12834,12833,1
2020-09-18 17:50:10.802,12833,12834,12833,1
2020-09-18 17:50:10.809,12833,12834,12833,2
2020-09-18 17:50:19.338,12835,12836,12835,2
2020-09-18 17:50:28.285,12834,12835,12834,1
2020-09-18 17:50:29.969,12833,12834,12834,4
2020-09-18 17:50:29.969,12833,12834,12835,1
2020-09-18 17:50:38.481,12833,12835,12833,1
2020-09-18 17:50:38.965,12834,12835,12834,1
2020-09-18 17:50:48.906,12834,12835,12834,1
2020-09-18 17:50:56.812,12834,12835,12835,3
2020-09-18 17:50:57.627,12834,12836,12834,3
2020-09-18 17:51:07.797,12834,12835,12834,1
2020-09-18 17:51:08.635,12834,12835,12834,1
2020-09-18 17:51:21.321,12834,12835,12834,1
2020-09-18 17:51:24.434,12833,12834,12833,2
2020-09-18 17:51:27.019,12833,12834,12833,1
2020-09-18 17:51:36.482,12833,12834,12834,2
2020-09-18 17:51:51.348,12834,12835,12834,1
2020-09-18 17:51:58.306,12834,12835,12834,2
2020-09-18 17:52:06.555,12834,12835,12835,1
2020-09-18 17:52:06.796,12835,12836,12835,1
2020-09-18 17:52:06.796,12835,12836,12834,1
2020-09-18 17:52:30.506,12834,12835,12835,1
2020-09-18 17:52:37.560,12834,12835,12835,1
2020-09-18 17:52:40.107,12834,12835,12835,1
2020-09-18 17:52:46.764,12834,12835,12835,14
2020-09-18 17:53:39.469,12835,12836,12835,2
2020-09-18 17:54:20.954,12835,12836,12835,1
2020-09-18 17:54:58.123,12835,12836,12836,2
2020-09-18 17:54:58.123,12835,12836,12836,2
2020-09-18 17:54:58.123,12835,12836,12836,1
2020-09-18 17:55:10.893,12836,12838,12836,1
2020-09-18 17:55:38.305,12836,12837,12836,1
2020-09-18 17:55:45.943,12836,12837,12837,1
2020-09-18 17:56:03.974,12836,12837,12837,1
2020-09-18 17:56:32.516,12837,12838,12837,1
2020-09-18 17:56:32.516,12837,12838,12837,2
2020-09-18 17:57:08.895,12836,12837,12836,2
2020-09-18 17:57:36.529,12834,12836,12836,1
2020-09-18 17:57:40.419,12834,12835,12834,3
2020-09-18 17:57:40.604,12833,12835,12833,1
2020-09-18 17:57:40.604,12833,12835,12833,1
2020-09-18 17:57:40.607,12833,12835,12833,1
2020-09-18 17:57:40.615,12833,12835,12833,1
2020-09-18 17:57:40.626,12833,12835,12833,1
2020-09-18 17:57:57.184,12833,12834,12833,1
2020-09-18 17:57:59.469,12833,12834,12833,1
2020-09-18 17:57:59.469,12833,12834,12833,1
2020-09-18 17:57:59.469,12833,12834,12833,9
2020-09-18 17:57:59.638,12832,12833,12832,5
2020-09-18 17:58:06.887,12832,12833,12833,1
2020-09-18 17:58:07.243,12832,12834,12832,1
2020-09-18 17:58:10.777,12832,12833,12833,1
2020-09-18 17:58:20.101,12833,12834,12833,2
2020-09-18 17:58:26.478,12833,12834,12833,1
2020-09-18 17:58:27.380,12833,12834,12833,1
2020-09-18 17:58:36.324,12832,12833,12832,1
2020-09-18 17:58:55.802,12832,12833,12832,1
2020-09-18 17:58:57.945,12832,12833,12832,3
2020-09-18 17:58:57.945,12832,12833,12832,1
2020-09-18 17:58:57.945,12832,12833,12832,2
2020-09-18 17:59:13.864,12831,12832,12832,3
2020-09-18 17:59:29.092,12832,12833,12833,1
2020-09-18 17:59:50.741,12833,12834,12833,1
2020-09-18 17:59:51.781,12832,12834,12832,1
2020-09-18 17:59:55.845,12833,12834,12833,1
2020-09-18 17:59:58.383,12833,12834,12833,1
2020-09-18 18:00:12.262,12833,12834,12833,2
2020-09-18 18:00:30.822,12832,12833,12832,2
2020-09-18 18:00:45.538,12832,12833,12832,5
2020-09-18 18:00:45.538,12832,12833,12832,1
2020-09-18 18:00:45.538,12832,12833,12832,3
2020-09-18 18:01:02.172,12831,12832,12831,3
2020-09-18 18:01:02.475,12831,12832,12831,2
2020-09-18 18:01:08.144,12831,12832,12832,2
2020-09-18 18:01:08.144,12831,12832,12832,2
2020-09-18 18:01:34.450,12832,12833,12832,1
2020-09-18 18:01:36.055,12832,12833,12832,1
2020-09-18 18:02:10.751,12832,12833,12832,1
2020-09-18 18:02:32.269,12832,12833,12832,1
2020-09-18 18:02:40.468,12832,12833,12833,2
2020-09-18 18:02:40.468,12832,12833,12833,2
2020-09-18 18:02:53.488,12832,12833,12833,1
2020-09-18 18:03:03.573,12832,12833,12833,1
2020-09-18 18:03:09.391,12833,12834,12834,1
2020-09-18 18:03:09.391,12833,12834,12834,5
2020-09-18 18:03:09.391,12833,12834,12834,3
2020-09-18 18:03:25.375,12832,12834,12832,1
2020-09-18 18:03:57.214,12833,12834,12834,1
2020-09-18 18:04:48.840,12832,12833,12833,1
2020-09-18 18:04:51.801,12832,12833,12833,1
2020-09-18 18:04:51.841,12832,12833,12833,1
2020-09-18 18:04:59.158,12832,12833,12833,1
2020-09-18 18:05:17.798,12833,12834,12833,1
