2019-12-20,15:00:00.066000,11977,11978,11977,34
2019-12-20,15:00:00.246000,11977,11978,11977,5
2019-12-20,15:00:00.267000,11977,11978,11977,3
2019-12-20,15:00:00.285000,11977,11978,11977,1
2019-12-20,15:00:00.343000,11977,11978,11977,9
2019-12-20,15:00:00.359000,11977,11978,11976,1
2019-12-20,15:00:00.383000,11977,11978,11976,1
2019-12-20,15:00:00.435000,11976,11977,11976,1
2019-12-20,15:00:00.446000,11976,11977,11976,6
2019-12-20,15:00:00.446000,11976,11977,11975,4
2019-12-20,15:00:00.452000,11976,11977,11975,4
2019-12-20,15:00:00.479000,11976,11977,11975,1
2019-12-20,15:00:00.490000,11976,11977,11975,1
2019-12-20,15:00:00.578000,11974,11977,11974,1
2019-12-20,15:00:00.583000,11974,11977,11974,1
2019-12-20,15:00:00.612000,11974,11977,11974,1
2019-12-20,15:00:00.634000,11974,11977,11974,2
2019-12-20,15:00:00.788000,11974,11976,11976,2
2019-12-20,15:00:00.828000,11974,11976,11974,1
2019-12-20,15:00:01.283000,11973,11975,11975,4
2019-12-20,15:00:01.354000,11973,11975,11975,4
2019-12-20,15:00:01.510000,11974,11975,11975,1
2019-12-20,15:00:01.546000,11974,11975,11974,1
2019-12-20,15:00:01.636000,11974,11975,11975,2
2019-12-20,15:00:02.448000,11975,11976,11976,5
2019-12-20,15:00:02.540000,11975,11976,11977,2
2019-12-20,15:00:06.430000,11975,11977,11975,1
2019-12-20,15:00:09.917000,11976,11977,11976,1
2019-12-20,15:00:10.033000,11976,11977,11976,1
2019-12-20,15:00:10.463000,11975,11977,11977,20
2019-12-20,15:00:14.109000,11976,11977,11976,2
2019-12-20,15:00:14.585000,11976,11977,11977,1
2019-12-20,15:00:14.620000,11976,11977,11976,3
2019-12-20,15:00:16.829000,11976,11977,11977,2
2019-12-20,15:00:19.814000,11976,11977,11976,1
2019-12-20,15:00:20.800000,11976,11977,11976,1
2019-12-20,15:00:21.651000,11976,11977,11976,1
2019-12-20,15:00:22.461000,11976,11977,11976,4
2019-12-20,15:00:22.945000,11976,11977,11976,2
2019-12-20,15:00:24.631000,11975,11976,11976,1
2019-12-20,15:00:26.298000,11975,11977,11975,2
2019-12-20,15:00:29.631000,11975,11976,11976,1
2019-12-20,15:00:30.152000,11975,11976,11975,7
2019-12-20,15:00:30.386000,11975,11976,11975,4
2019-12-20,15:00:30.386000,11975,11976,11975,3
2019-12-20,15:00:30.511000,11975,11976,11975,2
2019-12-20,15:00:30.511000,11975,11976,11975,1
2019-12-20,15:00:30.511000,11975,11976,11975,1
2019-12-20,15:00:30.626000,11975,11976,11975,2
2019-12-20,15:00:30.731000,11974,11975,11974,8
2019-12-20,15:00:30.761000,11974,11975,11974,3
2019-12-20,15:00:30.865000,11974,11975,11974,1
2019-12-20,15:00:30.865000,11974,11975,11975,1
2019-12-20,15:00:31.136000,11973,11974,11973,5
2019-12-20,15:00:31.339000,11973,11974,11973,2
2019-12-20,15:00:32.115000,11972,11974,11974,1
2019-12-20,15:00:35.401000,11973,11974,11973,1
2019-12-20,15:00:37.964000,11973,11974,11973,4
2019-12-20,15:00:38.041000,11973,11974,11973,1
2019-12-20,15:00:38.591000,11973,11974,11973,1
2019-12-20,15:00:39.511000,11973,11974,11973,4
2019-12-20,15:00:40.281000,11972,11973,11973,1
2019-12-20,15:00:41.352000,11972,11973,11972,1
2019-12-20,15:00:42.776000,11972,11973,11972,16
2019-12-20,15:00:43.458000,11971,11972,11971,1
2019-12-20,15:00:43.809000,11971,11972,11971,1
2019-12-20,15:00:44.055000,11971,11972,11971,2
2019-12-20,15:00:44.136000,11971,11972,11971,1
2019-12-20,15:00:44.136000,11971,11972,11971,1
2019-12-20,15:00:44.151000,11971,11972,11971,3
2019-12-20,15:00:44.170000,11971,11972,11972,1
2019-12-20,15:00:44.332000,11970,11972,11971,2
2019-12-20,15:00:44.403000,11970,11971,11971,5
2019-12-20,15:00:44.403000,11970,11971,11972,5
2019-12-20,15:00:44.655000,11970,11972,11971,2
2019-12-20,15:00:44.753000,11970,11972,11971,2
2019-12-20,15:00:45.013000,11970,11971,11970,2
2019-12-20,15:00:45.066000,11970,11971,11970,1
2019-12-20,15:00:45.524000,11970,11971,11971,1
2019-12-20,15:00:45.770000,11970,11971,11971,6
2019-12-20,15:00:45.822000,11970,11971,11971,2
2019-12-20,15:00:46.929000,11970,11971,11970,1
2019-12-20,15:00:47.156000,11970,11971,11971,1
2019-12-20,15:00:47.876000,11970,11971,11971,4
2019-12-20,15:00:47.876000,11970,11971,11972,7
2019-12-20,15:00:47.956000,11970,11972,11971,1
2019-12-20,15:00:49.455000,11971,11972,11971,1
2019-12-20,15:00:49.586000,11971,11972,11971,1
2019-12-20,15:00:49.674000,11971,11972,11971,6
2019-12-20,15:00:50.091000,11971,11972,11971,4
2019-12-20,15:00:50.189000,11971,11972,11971,1
2019-12-20,15:00:51.135000,11971,11972,11971,1
2019-12-20,15:00:52.670000,11971,11972,11971,2
2019-12-20,15:00:52.817000,11970,11972,11971,1
2019-12-20,15:00:52.842000,11970,11972,11971,1
2019-12-20,15:00:53.083000,11970,11971,11971,2
2019-12-20,15:00:53.616000,11970,11971,11971,1
2019-12-20,15:00:53.640000,11970,11971,11971,1
2019-12-20,15:00:54.428000,11970,11971,11971,6
2019-12-20,15:00:54.598000,11970,11972,11972,2
2019-12-20,15:00:55.171000,11971,11972,11971,1
2019-12-20,15:00:56.653000,11971,11972,11971,10
2019-12-20,15:00:57.815000,11971,11972,11971,2
2019-12-20,15:00:58.284000,11971,11972,11971,1
2019-12-20,15:00:58.953000,11971,11972,11972,6
2019-12-20,15:01:00.070000,11972,11973,11972,1
2019-12-20,15:01:00.302000,11972,11973,11972,1
2019-12-20,15:01:03.193000,11972,11973,11972,2
2019-12-20,15:01:03.403000,11972,11973,11972,1
2019-12-20,15:01:05.950000,11972,11973,11973,1
2019-12-20,15:01:10.478000,11973,11974,11974,1
2019-12-20,15:01:11.784000,11973,11974,11974,1
2019-12-20,15:01:12.323000,11973,11974,11974,3
2019-12-20,15:01:15.496000,11974,11975,11974,11
2019-12-20,15:01:17.849000,11974,11975,11974,1
2019-12-20,15:01:18.311000,11974,11975,11974,3
2019-12-20,15:01:20.371000,11974,11975,11974,1
2019-12-20,15:01:21.898000,11974,11975,11974,4
2019-12-20,15:01:23.113000,11974,11975,11975,1
2019-12-20,15:01:24.133000,11974,11975,11974,1
2019-12-20,15:01:29.628000,11974,11975,11974,5
2019-12-20,15:01:33.158000,11974,11975,11974,1
2019-12-20,15:01:33.381000,11974,11975,11975,1
2019-12-20,15:01:34.116000,11974,11975,11975,1
2019-12-20,15:01:35.698000,11974,11975,11975,2
2019-12-20,15:01:35.777000,11974,11975,11974,3
2019-12-20,15:01:36.075000,11974,11975,11975,2
2019-12-20,15:01:42.227000,11974,11975,11974,5
2019-12-20,15:01:43.534000,11974,11975,11974,5
2019-12-20,15:01:44.490000,11974,11975,11974,3
2019-12-20,15:01:48.720000,11973,11974,11974,1
2019-12-20,15:01:52.224000,11973,11974,11974,6
2019-12-20,15:01:53.232000,11973,11974,11974,1
2019-12-20,15:01:54.277000,11973,11974,11974,1
2019-12-20,15:01:59.414000,11973,11974,11973,1
2019-12-20,15:01:59.523000,11973,11974,11974,1
2019-12-20,15:01:59.560000,11973,11974,11973,2
2019-12-20,15:02:04.226000,11973,11974,11973,19
2019-12-20,15:02:04.258000,11973,11974,11974,1
2019-12-20,15:02:05.876000,11972,11973,11973,4
2019-12-20,15:02:07.022000,11972,11973,11973,1
2019-12-20,15:02:08.382000,11972,11973,11973,1
2019-12-20,15:02:09.373000,11973,11974,11974,1
2019-12-20,15:02:10.622000,11973,11974,11973,5
2019-12-20,15:02:10.960000,11972,11973,11973,1
2019-12-20,15:02:13.246000,11972,11973,11973,1
2019-12-20,15:02:14.412000,11972,11973,11973,1
2019-12-20,15:02:14.795000,11972,11973,11973,2
2019-12-20,15:02:17.390000,11973,11974,11973,6
2019-12-20,15:02:18.942000,11973,11974,11973,2
2019-12-20,15:02:26.095000,11973,11974,11973,3
2019-12-20,15:02:38.528000,11972,11973,11973,1
2019-12-20,15:02:39.723000,11972,11973,11973,1
2019-12-20,15:02:45.444000,11972,11973,11973,2
2019-12-20,15:02:46.427000,11972,11973,11973,1
2019-12-20,15:02:46.771000,11972,11973,11973,1
2019-12-20,15:02:50.242000,11972,11973,11972,3
2019-12-20,15:02:51.279000,11972,11973,11972,1
2019-12-20,15:02:51.279000,11972,11973,11972,1
2019-12-20,15:02:51.279000,11972,11973,11972,1
2019-12-20,15:02:51.279000,11972,11973,11972,3
2019-12-20,15:02:51.280000,11972,11973,11972,3
2019-12-20,15:02:51.280000,11972,11973,11972,1
2019-12-20,15:02:51.280000,11972,11973,11972,3
2019-12-20,15:02:51.280000,11972,11973,11972,10
2019-12-20,15:02:51.280000,11972,11973,11972,1
2019-12-20,15:02:51.386000,11972,11973,11972,2
2019-12-20,15:02:51.386000,11972,11973,11972,2
2019-12-20,15:02:51.386000,11972,11973,11972,4
2019-12-20,15:02:51.386000,11972,11973,11972,4
2019-12-20,15:02:57.799000,11971,11972,11972,1
2019-12-20,15:02:58.355000,11971,11972,11972,5
2019-12-20,15:03:06.756000,11972,11973,11973,2
2019-12-20,15:03:06.849000,11972,11973,11972,1
2019-12-20,15:03:07.538000,11972,11973,11972,1
2019-12-20,15:03:07.610000,11972,11973,11972,1
2019-12-20,15:03:08.458000,11972,11973,11972,1
2019-12-20,15:03:09.214000,11972,11973,11972,1
2019-12-20,15:03:09.387000,11972,11973,11973,15
2019-12-20,15:03:09.511000,11973,11974,11973,4
2019-12-20,15:03:09.511000,11973,11974,11973,2
2019-12-20,15:03:10.146000,11972,11974,11972,5
2019-12-20,15:03:10.866000,11972,11974,11972,1
2019-12-20,15:03:14.728000,11973,11974,11973,10
2019-12-20,15:03:16.787000,11973,11974,11973,1
2019-12-20,15:03:17.028000,11973,11974,11973,1
2019-12-20,15:03:17.179000,11973,11974,11973,2
2019-12-20,15:03:17.979000,11972,11973,11973,1
2019-12-20,15:03:19.367000,11972,11973,11972,2
2019-12-20,15:03:27.303000,11972,11973,11973,2
2019-12-20,15:03:30.724000,11973,11974,11973,1
2019-12-20,15:03:30.872000,11972,11973,11973,2
2019-12-20,15:03:33.422000,11973,11974,11973,1
2019-12-20,15:03:37.259000,11973,11974,11973,1
2019-12-20,15:03:46.687000,11973,11974,11973,5
2019-12-20,15:03:48.332000,11973,11974,11973,2
2019-12-20,15:03:49.440000,11973,11974,11973,1
2019-12-20,15:03:52.191000,11973,11974,11973,1
2019-12-20,15:03:56.666000,11973,11974,11973,1
2019-12-20,15:03:56.766000,11973,11974,11973,1
2019-12-20,15:03:58.801000,11973,11974,11973,1
2019-12-20,15:04:00.194000,11973,11974,11973,1
2019-12-20,15:04:03.255000,11972,11973,11972,5
2019-12-20,15:04:14.532000,11972,11973,11972,1
2019-12-20,15:04:24.824000,11972,11973,11972,1
2019-12-20,15:04:32.355000,11972,11973,11972,1
2019-12-20,15:04:36.100000,11972,11973,11973,1
2019-12-20,15:04:37.317000,11972,11973,11973,14
2019-12-20,15:04:37.317000,11972,11973,11974,18
2019-12-20,15:04:37.467000,11973,11974,11974,3
2019-12-20,15:04:38.155000,11973,11974,11973,5
2019-12-20,15:04:42.998000,11973,11974,11974,1
2019-12-20,15:04:43.042000,11973,11974,11973,2
2019-12-20,15:04:44.810000,11973,11974,11973,1
2019-12-20,15:04:52.172000,11973,11974,11974,3
2019-12-20,15:04:52.261000,11973,11974,11974,6
2019-12-20,15:04:52.386000,11973,11974,11974,2
2019-12-20,15:04:52.551000,11974,11975,11973,1
2019-12-20,15:04:52.815000,11973,11975,11973,1
2019-12-20,15:04:57.211000,11974,11975,11974,1
2019-12-20,15:04:57.885000,11974,11975,11974,1
2019-12-20,15:04:59.644000,11974,11975,11975,1
2019-12-20,15:04:59.784000,11974,11975,11974,1
2019-12-20,15:05:04.040000,11974,11975,11974,5
2019-12-20,15:05:10.154000,11974,11975,11974,3
2019-12-20,15:05:10.324000,11974,11975,11974,1
2019-12-20,15:05:11.817000,11974,11975,11974,1
2019-12-20,15:05:18.198000,11974,11975,11975,1
2019-12-20,15:05:18.692000,11974,11975,11975,13
2019-12-20,15:05:18.761000,11974,11975,11975,3
2019-12-20,15:05:18.761000,11974,11975,11975,6
2019-12-20,15:05:18.786000,11974,11975,11975,2
2019-12-20,15:05:18.811000,11974,11975,11975,2
2019-12-20,15:05:18.837000,11974,11975,11975,2
2019-12-20,15:05:18.862000,11974,11975,11975,1
2019-12-20,15:05:18.862000,11974,11975,11975,1
2019-12-20,15:05:23.516000,11975,11976,11976,1
2019-12-20,15:05:23.589000,11975,11976,11976,2
2019-12-20,15:05:23.795000,11975,11976,11976,10
2019-12-20,15:05:23.928000,11975,11976,11976,2
2019-12-20,15:05:24.012000,11975,11976,11976,2
2019-12-20,15:05:24.075000,11975,11976,11976,2
2019-12-20,15:05:24.745000,11976,11977,11976,1
2019-12-20,15:05:24.955000,11975,11977,11977,1
2019-12-20,15:05:34.306000,11976,11977,11977,1
2019-12-20,15:05:34.820000,11976,11977,11977,1
2019-12-20,15:05:37.784000,11976,11977,11977,1
2019-12-20,15:05:46.257000,11976,11977,11977,1
2019-12-20,15:05:48.549000,11976,11977,11977,1
2019-12-20,15:05:58.540000,11976,11977,11977,1
2019-12-20,15:06:03.003000,11976,11977,11977,1
2019-12-20,15:06:09.093000,11976,11977,11977,1
2019-12-20,15:06:14.950000,11976,11977,11976,1
2019-12-20,15:06:26.676000,11976,11977,11976,1
2019-12-20,15:06:28.041000,11976,11977,11977,1
2019-12-20,15:06:28.705000,11976,11977,11976,16
2019-12-20,15:06:28.989000,11975,11976,11976,2
2019-12-20,15:06:33.464000,11975,11976,11976,1
2019-12-20,15:06:46.005000,11975,11976,11976,1
2019-12-20,15:06:49.318000,11975,11976,11976,1
2019-12-20,15:06:55.159000,11975,11976,11976,1
2019-12-20,15:06:55.451000,11975,11976,11976,2
2019-12-20,15:06:55.605000,11975,11976,11976,1
2019-12-20,15:06:55.753000,11975,11976,11976,1
2019-12-20,15:07:10.746000,11975,11976,11976,2
2019-12-20,15:07:18.170000,11975,11976,11976,3
2019-12-20,15:07:20.358000,11975,11976,11976,1
2019-12-20,15:07:20.614000,11976,11977,11976,1
2019-12-20,15:07:30.524000,11976,11977,11976,1
2019-12-20,15:07:36.139000,11976,11977,11976,1
2019-12-20,15:07:36.139000,11976,11977,11976,2
2019-12-20,15:07:38.050000,11975,11976,11976,1
2019-12-20,15:07:50.856000,11975,11976,11975,1
2019-12-20,15:07:51.079000,11975,11976,11976,2
2019-12-20,15:08:11.548000,11975,11976,11976,5
2019-12-20,15:08:35.171000,11975,11976,11975,1
2019-12-20,15:08:45.802000,11975,11976,11975,1
2019-12-20,15:08:45.929000,11975,11976,11975,1
2019-12-20,15:08:59.321000,11975,11976,11975,1
2019-12-20,15:09:04.606000,11975,11976,11975,1
2019-12-20,15:09:07.164000,11975,11976,11975,1
2019-12-20,15:09:09.882000,11975,11976,11975,1
2019-12-20,15:09:11.167000,11975,11976,11975,1
2019-12-20,15:09:18.570000,11975,11976,11975,1
2019-12-20,15:09:22.330000,11975,11976,11976,1
2019-12-20,15:09:26.057000,11975,11976,11976,10
2019-12-20,15:09:26.136000,11975,11976,11976,4
2019-12-20,15:09:26.136000,11975,11976,11976,3
2019-12-20,15:09:30.667000,11976,11977,11977,2
2019-12-20,15:09:30.667000,11976,11977,11977,2
2019-12-20,15:09:30.761000,11976,11977,11977,10
2019-12-20,15:09:30.761000,11976,11977,11977,1
2019-12-20,15:09:30.886000,11976,11977,11977,1
2019-12-20,15:09:31.011000,11976,11977,11977,1
2019-12-20,15:09:31.136000,11976,11977,11977,1
2019-12-20,15:09:31.261000,11976,11977,11977,1
2019-12-20,15:09:51.288000,11977,11978,11977,1
2019-12-20,15:09:54.437000,11977,11978,11977,10
2019-12-20,15:10:03.767000,11977,11978,11977,2
2019-12-20,15:10:13.511000,11977,11978,11977,1
2019-12-20,15:10:13.519000,11977,11978,11977,2
2019-12-20,15:10:15.413000,11977,11978,11977,1
2019-12-20,15:10:15.535000,11977,11978,11977,1
2019-12-20,15:10:22.378000,11977,11978,11977,6
2019-12-20,15:10:24.478000,11977,11978,11977,2
2019-12-20,15:10:24.478000,11977,11978,11977,2
2019-12-20,15:10:24.479000,11977,11978,11977,1
2019-12-20,15:10:39.986000,11976,11977,11977,5
2019-12-20,15:10:48.697000,11976,11977,11977,1
2019-12-20,15:10:52.715000,11976,11977,11976,1
2019-12-20,15:10:52.740000,11976,11977,11977,1
2019-12-20,15:10:54.845000,11976,11977,11977,1
2019-12-20,15:10:55.373000,11976,11977,11977,1
2019-12-20,15:11:14.494000,11976,11977,11977,2
2019-12-20,15:11:14.741000,11976,11977,11977,1
2019-12-20,15:11:21.488000,11976,11977,11977,1
2019-12-20,15:11:24.257000,11976,11977,11977,2
2019-12-20,15:11:24.258000,11976,11977,11977,3
2019-12-20,15:11:29.248000,11977,11978,11978,5
2019-12-20,15:11:29.386000,11977,11978,11978,5
2019-12-20,15:11:34.479000,11977,11978,11978,2
2019-12-20,15:11:34.512000,11977,11978,11978,7
2019-12-20,15:11:36.477000,11978,11979,11978,1
2019-12-20,15:11:40.590000,11978,11979,11979,1
2019-12-20,15:11:40.745000,11978,11979,11979,1
2019-12-20,15:11:43.367000,11978,11979,11979,1
2019-12-20,15:11:45.672000,11978,11979,11979,1
2019-12-20,15:11:45.762000,11978,11979,11979,25
2019-12-20,15:11:47.579000,11979,11980,11980,5
2019-12-20,15:11:47.668000,11979,11980,11980,1
2019-12-20,15:11:47.773000,11979,11980,11980,1
2019-12-20,15:11:47.892000,11979,11980,11980,13
2019-12-20,15:11:47.892000,11979,11980,11981,7
2019-12-20,15:11:48.039000,11980,11981,11980,1
2019-12-20,15:11:48.054000,11980,11981,11981,5
2019-12-20,15:11:48.934000,11980,11981,11981,2
2019-12-20,15:11:50.011000,11981,11982,11982,1
2019-12-20,15:11:50.043000,11981,11982,11982,1
2019-12-20,15:11:50.136000,11981,11982,11982,1
2019-12-20,15:11:50.136000,11981,11982,11982,3
2019-12-20,15:11:50.136000,11981,11982,11982,6
2019-12-20,15:11:50.516000,11982,11983,11983,1
2019-12-20,15:11:50.752000,11982,11983,11983,1
2019-12-20,15:11:50.770000,11982,11983,11983,5
2019-12-20,15:11:50.787000,11982,11983,11983,1
2019-12-20,15:11:52.912000,11983,11984,11984,2
2019-12-20,15:11:54.603000,11983,11984,11984,2
2019-12-20,15:11:54.732000,11983,11984,11984,1
2019-12-20,15:11:55.498000,11983,11984,11983,1
2019-12-20,15:11:55.682000,11983,11984,11984,1
2019-12-20,15:11:56.346000,11983,11984,11984,1
2019-12-20,15:11:56.624000,11983,11984,11984,2
2019-12-20,15:11:56.625000,11983,11984,11983,2
2019-12-20,15:11:57.668000,11983,11984,11984,1
2019-12-20,15:11:58.181000,11983,11984,11984,1
2019-12-20,15:11:58.554000,11983,11984,11984,1
2019-12-20,15:12:01.226000,11983,11984,11984,2
2019-12-20,15:12:02.009000,11983,11984,11984,1
2019-12-20,15:12:02.182000,11983,11984,11983,1
2019-12-20,15:12:02.701000,11983,11984,11984,1
2019-12-20,15:12:03.686000,11983,11984,11984,4
2019-12-20,15:12:09.164000,11984,11985,11985,3
2019-12-20,15:12:10.118000,11984,11985,11984,1
2019-12-20,15:12:11.666000,11984,11985,11984,1
2019-12-20,15:12:12.738000,11984,11985,11984,1
2019-12-20,15:12:12.882000,11984,11985,11984,1
2019-12-20,15:12:13.453000,11983,11984,11984,2
2019-12-20,15:12:14.070000,11984,11985,11984,1
2019-12-20,15:12:14.327000,11984,11985,11984,1
2019-12-20,15:12:15.091000,11984,11985,11985,2
2019-12-20,15:12:17.277000,11984,11985,11985,1
2019-12-20,15:12:17.340000,11984,11985,11984,1
2019-12-20,15:12:17.733000,11984,11985,11985,1
2019-12-20,15:12:17.861000,11984,11985,11984,1
2019-12-20,15:12:17.971000,11984,11985,11985,1
2019-12-20,15:12:19.005000,11984,11985,11985,2
2019-12-20,15:12:20.575000,11984,11985,11985,1
2019-12-20,15:12:21.467000,11984,11985,11985,1
2019-12-20,15:12:21.490000,11984,11985,11985,1
2019-12-20,15:12:22.433000,11984,11985,11985,5
2019-12-20,15:12:22.458000,11984,11985,11985,1
2019-12-20,15:12:23.443000,11984,11985,11985,2
2019-12-20,15:12:24.675000,11985,11986,11985,1
2019-12-20,15:12:25.244000,11985,11986,11986,1
2019-12-20,15:12:25.520000,11985,11986,11986,1
2019-12-20,15:12:25.562000,11985,11986,11986,1
2019-12-20,15:12:25.586000,11985,11986,11986,2
2019-12-20,15:12:25.838000,11985,11986,11986,1
2019-12-20,15:12:25.934000,11985,11986,11985,1
2019-12-20,15:12:25.999000,11985,11986,11986,1
2019-12-20,15:12:26.245000,11985,11986,11986,1
2019-12-20,15:12:26.471000,11985,11986,11985,18
2019-12-20,15:12:26.551000,11984,11985,11985,1
2019-12-20,15:12:26.889000,11984,11985,11985,1
2019-12-20,15:12:26.921000,11984,11985,11985,1
2019-12-20,15:12:27.984000,11984,11985,11985,2
2019-12-20,15:12:28.243000,11984,11985,11984,1
2019-12-20,15:12:33.581000,11984,11985,11985,1
2019-12-20,15:12:36.288000,11984,11985,11985,1
2019-12-20,15:12:36.375000,11984,11985,11985,6
2019-12-20,15:12:36.779000,11984,11985,11985,3
2019-12-20,15:12:41.364000,11984,11985,11985,1
2019-12-20,15:12:43.618000,11984,11985,11985,1
2019-12-20,15:12:45.462000,11984,11985,11984,2
2019-12-20,15:12:46.695000,11984,11985,11985,1
2019-12-20,15:12:48.070000,11984,11985,11985,2
2019-12-20,15:12:48.427000,11984,11985,11985,1
2019-12-20,15:12:49.301000,11984,11985,11985,1
2019-12-20,15:12:52.444000,11984,11985,11985,5
2019-12-20,15:12:54.573000,11984,11985,11985,2
2019-12-20,15:12:58.411000,11984,11985,11985,1
2019-12-20,15:12:58.617000,11984,11985,11985,1
2019-12-20,15:12:59.790000,11984,11985,11985,2
2019-12-20,15:13:01.401000,11984,11985,11985,1
2019-12-20,15:13:03.306000,11984,11985,11985,2
2019-12-20,15:13:04.703000,11984,11985,11985,4
2019-12-20,15:13:10.900000,11984,11985,11985,1
2019-12-20,15:13:16.641000,11984,11985,11985,1
2019-12-20,15:13:25.311000,11984,11985,11985,1
2019-12-20,15:13:30.586000,11984,11985,11985,1
2019-12-20,15:13:32.888000,11984,11985,11985,1
2019-12-20,15:13:36.638000,11984,11985,11985,3
2019-12-20,15:13:36.681000,11984,11985,11985,1
2019-12-20,15:13:38.283000,11984,11985,11984,4
2019-12-20,15:13:44.580000,11984,11985,11984,1
2019-12-20,15:13:44.636000,11984,11985,11984,23
2019-12-20,15:13:44.761000,11984,11985,11984,4
2019-12-20,15:13:44.761000,11984,11985,11984,18
2019-12-20,15:13:44.761000,11984,11985,11984,4
2019-12-20,15:13:44.886000,11984,11985,11984,13
2019-12-20,15:13:47.916000,11983,11984,11983,2
2019-12-20,15:13:48.177000,11983,11984,11983,1
2019-12-20,15:13:48.398000,11983,11984,11983,2
2019-12-20,15:13:50.510000,11983,11984,11983,1
2019-12-20,15:13:53.218000,11983,11984,11983,2
2019-12-20,15:13:53.514000,11983,11984,11984,1
2019-12-20,15:13:53.940000,11983,11984,11983,1
2019-12-20,15:13:55.393000,11983,11984,11983,1
2019-12-20,15:13:55.587000,11983,11984,11984,1
2019-12-20,15:13:59.600000,11983,11984,11984,2
2019-12-20,15:14:02.119000,11983,11984,11984,2
2019-12-20,15:14:02.853000,11983,11984,11983,2
2019-12-20,15:14:12.476000,11983,11984,11984,2
2019-12-20,15:14:12.898000,11983,11984,11983,1
2019-12-20,15:14:15.155000,11983,11984,11983,1
2019-12-20,15:14:17.890000,11983,11984,11983,1
2019-12-20,15:14:23.565000,11983,11984,11983,2
2019-12-20,15:14:25.523000,11983,11984,11984,4
2019-12-20,15:14:27.136000,11983,11984,11984,17
2019-12-20,15:14:41.611000,11984,11985,11984,1
2019-12-20,15:14:43.568000,11984,11985,11984,1
2019-12-20,15:14:45.118000,11984,11985,11984,2
2019-12-20,15:14:55.809000,11984,11985,11984,1
2019-12-20,15:14:57.714000,11984,11985,11984,1
2019-12-20,15:15:01.249000,11984,11985,11984,5
2019-12-20,15:15:01.388000,11984,11985,11984,1
2019-12-20,15:15:01.519000,11983,11984,11983,38
2019-12-20,15:15:01.528000,11983,11984,11983,3
2019-12-20,15:15:01.631000,11983,11984,11982,2
2019-12-20,15:15:01.640000,11982,11983,11982,1
2019-12-20,15:15:01.767000,11982,11983,11982,2
2019-12-20,15:15:02.891000,11982,11983,11983,1
2019-12-20,15:15:10.899000,11982,11983,11982,1
2019-12-20,15:15:11.491000,11982,11983,11982,2
2019-12-20,15:15:11.900000,11982,11983,11982,1
2019-12-20,15:15:12.776000,11982,11983,11982,1
2019-12-20,15:15:16.341000,11982,11983,11982,1
2019-12-20,15:15:16.911000,11982,11983,11982,1
2019-12-20,15:15:17.210000,11982,11983,11983,5
2019-12-20,15:15:17.517000,11982,11983,11982,1
2019-12-20,15:15:23.568000,11982,11983,11982,1
2019-12-20,15:15:26.363000,11982,11983,11982,1
2019-12-20,15:15:29.483000,11982,11983,11983,3
2019-12-20,15:15:41.633000,11982,11983,11982,2
2019-12-20,15:15:46.881000,11982,11983,11983,3
2019-12-20,15:16:01.678000,11982,11983,11983,1
2019-12-20,15:16:03.496000,11982,11983,11982,1
2019-12-20,15:16:04.148000,11982,11983,11982,1
2019-12-20,15:16:04.268000,11982,11983,11983,2
2019-12-20,15:16:04.270000,11982,11983,11983,1
2019-12-20,15:16:04.270000,11982,11983,11983,2
2019-12-20,15:16:04.271000,11982,11983,11983,1
2019-12-20,15:16:04.271000,11982,11983,11983,2
2019-12-20,15:16:04.271000,11982,11983,11983,1
2019-12-20,15:16:04.271000,11982,11983,11983,2
2019-12-20,15:16:04.272000,11982,11983,11983,3
2019-12-20,15:16:04.272000,11982,11983,11983,2
2019-12-20,15:16:04.272000,11982,11983,11983,2
2019-12-20,15:16:04.272000,11982,11983,11983,2
2019-12-20,15:16:04.277000,11982,11983,11983,1
2019-12-20,15:16:04.278000,11982,11983,11984,2
2019-12-20,15:16:04.279000,11982,11983,11984,3
2019-12-20,15:16:04.279000,11982,11983,11984,2
2019-12-20,15:16:04.279000,11982,11983,11984,2
2019-12-20,15:16:04.769000,11983,11984,11983,2
2019-12-20,15:16:25.216000,11983,11984,11983,1
2019-12-20,15:16:30.297000,11983,11984,11984,5
2019-12-20,15:16:32.275000,11983,11984,11983,1
2019-12-20,15:16:47.011000,11983,11984,11984,2
2019-12-20,15:16:47.136000,11983,11984,11984,8
2019-12-20,15:16:47.261000,11983,11984,11984,10
2019-12-20,15:16:47.261000,11983,11984,11984,2
2019-12-20,15:16:47.403000,11984,11985,11984,1
2019-12-20,15:16:49.244000,11984,11985,11984,5
2019-12-20,15:16:50.491000,11984,11985,11984,1
2019-12-20,15:16:56.303000,11984,11985,11985,1
2019-12-20,15:16:57.854000,11984,11985,11984,4
2019-12-20,15:16:59.273000,11984,11985,11985,1
2019-12-20,15:16:59.433000,11984,11985,11985,2
2019-12-20,15:17:21.548000,11984,11985,11985,1
2019-12-20,15:17:23.098000,11984,11985,11985,1
2019-12-20,15:17:34.674000,11984,11985,11985,1
2019-12-20,15:17:53.906000,11984,11985,11984,1
2019-12-20,15:17:53.906000,11984,11985,11984,2
2019-12-20,15:17:53.906000,11984,11985,11984,1
2019-12-20,15:17:53.906000,11984,11985,11984,5
2019-12-20,15:17:54.236000,11983,11984,11984,1
2019-12-20,15:18:09.118000,11983,11984,11984,5
2019-12-20,15:18:10.599000,11983,11984,11984,3
2019-12-20,15:18:17.074000,11983,11984,11984,1
2019-12-20,15:18:18.317000,11983,11984,11984,1
2019-12-20,15:18:22.888000,11983,11985,11985,1
2019-12-20,15:18:33.051000,11984,11985,11985,5
2019-12-20,15:18:35.074000,11984,11985,11984,1
2019-12-20,15:18:47.278000,11984,11985,11984,1
2019-12-20,15:19:04.271000,11984,11985,11984,1
2019-12-20,15:19:04.376000,11984,11985,11984,1
2019-12-20,15:19:30.234000,11983,11984,11984,1
2019-12-20,15:19:32.472000,11983,11984,11984,5
2019-12-20,15:19:34.779000,11983,11984,11984,1
2019-12-20,15:19:35.021000,11983,11984,11983,1
2019-12-20,15:19:39.629000,11983,11984,11984,1
2019-12-20,15:19:41.695000,11984,11985,11984,1
2019-12-20,15:19:41.695000,11984,11985,11983,8
2019-12-20,15:19:44.445000,11983,11984,11984,1
2019-12-20,15:19:47.483000,11984,11985,11984,1
2019-12-20,15:19:48.565000,11983,11985,11983,1
2019-12-20,15:19:49.399000,11983,11985,11983,1
2019-12-20,15:19:51.146000,11983,11985,11983,1
2019-12-20,15:19:58.703000,11983,11984,11984,1
2019-12-20,15:19:59.634000,11983,11984,11983,2
2019-12-20,15:20:02.179000,11983,11984,11983,1
2019-12-20,15:20:02.952000,11983,11984,11984,1
2019-12-20,15:20:06.115000,11983,11984,11984,1
2019-12-20,15:20:19.645000,11983,11984,11984,1
2019-12-20,15:20:20.983000,11984,11985,11984,1
2019-12-20,15:20:39.013000,11983,11984,11983,1
2019-12-20,15:20:49.886000,11983,11984,11983,4
2019-12-20,15:21:03.553000,11982,11983,11983,1
2019-12-20,15:21:12.422000,11982,11983,11982,1
2019-12-20,15:21:21.725000,11982,11983,11982,1
2019-12-20,15:21:21.769000,11982,11983,11983,1
2019-12-20,15:21:34.690000,11982,11983,11982,9
2019-12-20,15:21:34.804000,11982,11983,11982,10
2019-12-20,15:21:36.104000,11981,11982,11982,1
2019-12-20,15:21:36.328000,11982,11983,11982,4
2019-12-20,15:21:39.312000,11981,11982,11982,1
2019-12-20,15:21:39.638000,11982,11983,11982,2
2019-12-20,15:21:39.986000,11982,11983,11983,2
2019-12-20,15:21:40.261000,11982,11983,11983,9
2019-12-20,15:21:40.261000,11982,11983,11983,4
2019-12-20,15:21:40.410000,11983,11984,11984,3
2019-12-20,15:21:43.261000,11983,11984,11983,1
2019-12-20,15:21:48.047000,11983,11984,11984,8
2019-12-20,15:21:48.047000,11983,11984,11984,1
2019-12-20,15:21:48.047000,11983,11984,11984,5
2019-12-20,15:21:48.047000,11983,11984,11984,2
2019-12-20,15:21:48.136000,11984,11985,11985,10
2019-12-20,15:21:48.160000,11984,11985,11985,3
2019-12-20,15:21:48.162000,11984,11985,11985,3
2019-12-20,15:21:48.261000,11984,11985,11985,2
2019-12-20,15:21:48.261000,11984,11985,11985,8
2019-12-20,15:21:48.261000,11984,11985,11985,3
2019-12-20,15:21:48.261000,11984,11985,11985,2
2019-12-20,15:21:48.261000,11984,11985,11985,2
2019-12-20,15:21:48.261000,11984,11985,11985,1
2019-12-20,15:21:48.261000,11984,11985,11985,2
2019-12-20,15:21:48.586000,11985,11986,11986,3
2019-12-20,15:21:48.597000,11985,11986,11986,3
2019-12-20,15:21:49.161000,11985,11986,11986,4
2019-12-20,15:21:49.327000,11985,11986,11986,1
2019-12-20,15:21:53.057000,11985,11986,11986,8
2019-12-20,15:21:53.463000,11986,11987,11987,5
2019-12-20,15:21:53.694000,11986,11987,11986,1
2019-12-20,15:22:04.748000,11986,11987,11986,1
2019-12-20,15:22:05.766000,11985,11986,11986,1
2019-12-20,15:22:15.725000,11985,11986,11986,5
2019-12-20,15:22:17.923000,11985,11986,11986,1
2019-12-20,15:22:18.962000,11985,11986,11986,2
2019-12-20,15:22:21.553000,11985,11986,11986,5
2019-12-20,15:22:23.079000,11986,11987,11986,1
2019-12-20,15:22:25.466000,11986,11987,11986,3
2019-12-20,15:22:44.568000,11986,11987,11986,5
2019-12-20,15:22:45.247000,11986,11987,11987,15
2019-12-20,15:22:49.251000,11986,11987,11987,3
2019-12-20,15:22:49.251000,11986,11987,11988,3
2019-12-20,15:22:49.300000,11986,11988,11988,1
2019-12-20,15:22:49.707000,11987,11988,11988,1
2019-12-20,15:22:55.828000,11987,11988,11988,1
2019-12-20,15:22:56.045000,11987,11988,11988,1
2019-12-20,15:22:57.263000,11987,11988,11987,1
2019-12-20,15:22:57.470000,11987,11988,11988,1
2019-12-20,15:23:01.561000,11987,11988,11988,1
2019-12-20,15:23:01.886000,11987,11988,11987,17
2019-12-20,15:23:01.886000,11987,11988,11986,5
2019-12-20,15:23:02.152000,11986,11988,11988,3
2019-12-20,15:23:02.838000,11987,11988,11988,1
2019-12-20,15:23:06.405000,11987,11988,11987,2
2019-12-20,15:23:08.362000,11987,11988,11988,5
2019-12-20,15:23:09.884000,11987,11988,11987,1
2019-12-20,15:23:17.774000,11987,11988,11987,5
2019-12-20,15:23:18.787000,11986,11987,11986,1
2019-12-20,15:23:19.433000,11986,11987,11987,1
2019-12-20,15:23:19.479000,11986,11987,11987,10
2019-12-20,15:23:24.217000,11986,11987,11987,1
2019-12-20,15:23:25.261000,11986,11987,11987,3
2019-12-20,15:23:27.170000,11987,11988,11987,5
2019-12-20,15:23:27.191000,11987,11988,11986,1
2019-12-20,15:23:27.326000,11986,11987,11987,1
2019-12-20,15:23:27.546000,11986,11987,11987,2
2019-12-20,15:23:32.146000,11986,11987,11987,1
2019-12-20,15:23:57.724000,11986,11987,11987,1
2019-12-20,15:24:13.098000,11986,11987,11987,1
2019-12-20,15:24:19.833000,11986,11987,11987,1
2019-12-20,15:24:22.096000,11986,11987,11986,3
2019-12-20,15:24:29.578000,11986,11987,11987,1
2019-12-20,15:24:33.169000,11986,11987,11987,1
2019-12-20,15:24:34.553000,11986,11987,11987,2
2019-12-20,15:24:35.037000,11986,11987,11987,2
2019-12-20,15:24:35.497000,11986,11987,11987,2
2019-12-20,15:24:36.548000,11986,11987,11987,2
2019-12-20,15:24:37.297000,11986,11987,11987,1
2019-12-20,15:24:37.367000,11986,11987,11987,1
2019-12-20,15:24:37.386000,11986,11987,11987,1
2019-12-20,15:24:44.992000,11987,11988,11987,2
2019-12-20,15:24:55.832000,11987,11988,11987,2
2019-12-20,15:24:58.123000,11987,11988,11987,1
2019-12-20,15:25:29.025000,11987,11988,11987,2
2019-12-20,15:25:30.169000,11987,11988,11988,1
2019-12-20,15:25:33.874000,11987,11988,11988,1
2019-12-20,15:25:38.242000,11987,11988,11988,1
2019-12-20,15:25:40.949000,11987,11988,11988,8
2019-12-20,15:25:43.549000,11987,11988,11987,1
2019-12-20,15:25:50.343000,11987,11988,11988,3
2019-12-20,15:25:56.046000,11987,11988,11988,1
2019-12-20,15:25:58.359000,11987,11988,11988,2
2019-12-20,15:25:59.257000,11987,11988,11988,2
2019-12-20,15:26:01.070000,11987,11988,11988,1
2019-12-20,15:26:02.217000,11987,11988,11987,4
2019-12-20,15:26:04.351000,11987,11988,11988,1
2019-12-20,15:26:17.700000,11987,11988,11988,1
2019-12-20,15:26:20.080000,11987,11988,11988,1
2019-12-20,15:26:20.582000,11987,11988,11988,2
2019-12-20,15:26:21.990000,11987,11988,11988,1
2019-12-20,15:26:27.972000,11987,11988,11988,5
2019-12-20,15:26:45.608000,11987,11988,11987,19
2019-12-20,15:26:45.636000,11987,11988,11987,6
2019-12-20,15:26:45.636000,11987,11988,11987,1
2019-12-20,15:26:45.636000,11987,11988,11987,3
2019-12-20,15:26:45.636000,11987,11988,11987,3
2019-12-20,15:26:59.133000,11986,11987,11987,1
2019-12-20,15:27:06.118000,11986,11987,11987,3
2019-12-20,15:27:10.909000,11986,11987,11987,2
2019-12-20,15:27:12.551000,11986,11987,11987,1
2019-12-20,15:27:16.674000,11986,11987,11986,1
2019-12-20,15:27:34.934000,11986,11987,11987,2
2019-12-20,15:27:35.322000,11986,11987,11987,2
2019-12-20,15:27:38.327000,11986,11987,11987,2
2019-12-20,15:27:38.721000,11986,11987,11987,2
2019-12-20,15:27:40.421000,11986,11987,11987,2
2019-12-20,15:27:40.866000,11986,11987,11987,2
2019-12-20,15:28:15.734000,11986,11987,11986,1
2019-12-20,15:28:25.261000,11986,11987,11986,3
2019-12-20,15:28:35.075000,11986,11987,11986,2
2019-12-20,15:28:36.024000,11986,11987,11987,1
2019-12-20,15:28:46.436000,11986,11987,11986,5
2019-12-20,15:28:52.158000,11986,11987,11986,1
2019-12-20,15:28:54.703000,11986,11987,11986,1
2019-12-20,15:28:57.939000,11986,11987,11986,1
2019-12-20,15:29:00.062000,11986,11987,11986,1
2019-12-20,15:29:00.062000,11986,11987,11986,2
2019-12-20,15:29:00.062000,11986,11987,11986,3
2019-12-20,15:29:00.062000,11986,11987,11986,3
2019-12-20,15:29:02.237000,11985,11986,11986,1
2019-12-20,15:29:04.898000,11985,11986,11986,1
2019-12-20,15:29:08.797000,11985,11986,11986,1
2019-12-20,15:29:13.377000,11985,11986,11986,2
2019-12-20,15:29:20.757000,11985,11986,11986,2
2019-12-20,15:29:49.282000,11985,11986,11985,3
2019-12-20,15:30:07.691000,11985,11986,11985,10
2019-12-20,15:30:08.112000,11985,11986,11985,9
2019-12-20,15:30:08.136000,11984,11985,11985,1
2019-12-20,15:30:08.926000,11985,11986,11986,3
2019-12-20,15:30:11.369000,11985,11986,11985,1
2019-12-20,15:30:21.128000,11984,11985,11984,1
2019-12-20,15:30:21.170000,11984,11985,11984,2
2019-12-20,15:30:21.171000,11984,11985,11984,7
2019-12-20,15:30:55.705000,11983,11984,11983,1
2019-12-20,15:31:08.568000,11983,11984,11983,1
2019-12-20,15:31:13.275000,11983,11984,11983,2
2019-12-20,15:31:20.297000,11983,11984,11983,2
2019-12-20,15:31:32.269000,11983,11984,11983,1
2019-12-20,15:31:32.503000,11983,11984,11983,1
2019-12-20,15:31:45.624000,11983,11984,11984,1
2019-12-20,15:31:47.220000,11983,11984,11983,1
2019-12-20,15:31:48.900000,11983,11984,11984,1
2019-12-20,15:32:14.976000,11983,11984,11984,1
2019-12-20,15:32:34.001000,11983,11984,11984,5
2019-12-20,15:32:42.172000,11983,11984,11984,1
2019-12-20,15:33:00.038000,11983,11984,11984,1
2019-12-20,15:33:10.806000,11983,11984,11984,1
2019-12-20,15:33:23.609000,11983,11984,11984,16
2019-12-20,15:33:42.370000,11984,11985,11984,2
2019-12-20,15:33:48.089000,11984,11985,11984,4
2019-12-20,15:33:48.905000,11984,11985,11984,1
2019-12-20,15:33:49.673000,11984,11985,11984,5
2019-12-20,15:33:55.945000,11983,11984,11984,5
2019-12-20,15:34:05.182000,11983,11984,11984,1
2019-12-20,15:34:12.353000,11983,11984,11984,1
2019-12-20,15:34:43.386000,11983,11984,11983,5
2019-12-20,15:34:43.511000,11983,11984,11983,9
2019-12-20,15:34:43.511000,11983,11984,11983,1
2019-12-20,15:34:54.599000,11982,11983,11983,2
2019-12-20,15:34:56.284000,11982,11983,11982,5
2019-12-20,15:34:58.886000,11982,11983,11982,1
2019-12-20,15:35:01.607000,11982,11983,11982,1
2019-12-20,15:35:13.654000,11981,11982,11981,5
2019-12-20,15:35:13.781000,11981,11982,11980,1
2019-12-20,15:35:13.858000,11981,11982,11980,1
2019-12-20,15:35:13.905000,11980,11981,11980,1
2019-12-20,15:35:13.906000,11980,11981,11980,1
2019-12-20,15:35:13.906000,11980,11981,11980,2
2019-12-20,15:35:14.098000,11980,11981,11980,2
2019-12-20,15:35:14.136000,11980,11981,11980,7
2019-12-20,15:35:14.167000,11980,11981,11980,1
2019-12-20,15:35:15.727000,11980,11981,11980,1
2019-12-20,15:35:16.388000,11980,11981,11980,1
2019-12-20,15:35:17.528000,11980,11981,11980,4
2019-12-20,15:35:18.099000,11980,11981,11981,3
2019-12-20,15:35:19.604000,11980,11981,11980,1
2019-12-20,15:35:23.413000,11980,11981,11981,2
2019-12-20,15:35:23.493000,11980,11981,11980,1
2019-12-20,15:35:23.694000,11980,11981,11981,1
2019-12-20,15:35:25.063000,11980,11981,11980,1
2019-12-20,15:35:25.807000,11980,11981,11981,1
2019-12-20,15:35:29.112000,11980,11981,11981,1
2019-12-20,15:35:32.001000,11980,11981,11980,2
2019-12-20,15:35:33.982000,11980,11981,11981,4
2019-12-20,15:35:36.533000,11981,11982,11981,1
2019-12-20,15:35:37.547000,11980,11981,11981,4
2019-12-20,15:35:41.879000,11981,11982,11981,1
2019-12-20,15:35:43.077000,11981,11982,11981,2
2019-12-20,15:35:43.102000,11981,11982,11981,1
2019-12-20,15:35:44.099000,11981,11982,11981,2
2019-12-20,15:35:53.780000,11980,11982,11980,1
2019-12-20,15:35:56.962000,11980,11981,11981,1
2019-12-20,15:36:12.240000,11981,11982,11981,1
2019-12-20,15:36:14.183000,11981,11982,11981,1
2019-12-20,15:36:17.927000,11981,11982,11981,1
2019-12-20,15:36:18.991000,11981,11982,11981,1
2019-12-20,15:36:31.103000,11981,11982,11981,1
2019-12-20,15:36:37.255000,11981,11982,11982,1
2019-12-20,15:36:38.719000,11981,11982,11982,1
2019-12-20,15:36:46.368000,11981,11982,11982,1
2019-12-20,15:36:58.455000,11981,11982,11982,2
2019-12-20,15:37:13.132000,11981,11982,11982,1
2019-12-20,15:37:18.596000,11981,11982,11981,1
2019-12-20,15:37:47.812000,11981,11982,11982,10
2019-12-20,15:37:47.928000,11981,11982,11982,5
2019-12-20,15:37:54.511000,11982,11983,11983,7
2019-12-20,15:38:03.777000,11983,11984,11984,1
2019-12-20,15:38:12.881000,11983,11984,11984,1
2019-12-20,15:38:21.063000,11983,11984,11984,4
2019-12-20,15:38:21.145000,11983,11984,11984,1
2019-12-20,15:38:21.146000,11983,11984,11984,1
2019-12-20,15:38:21.146000,11983,11984,11984,1
2019-12-20,15:38:21.146000,11983,11984,11984,1
2019-12-20,15:38:21.147000,11983,11984,11984,2
2019-12-20,15:38:21.153000,11983,11984,11984,1
2019-12-20,15:38:21.153000,11983,11984,11984,1
2019-12-20,15:38:21.158000,11983,11984,11984,1
2019-12-20,15:38:21.158000,11983,11984,11984,1
2019-12-20,15:38:21.158000,11983,11984,11984,1
2019-12-20,15:38:21.160000,11983,11984,11984,1
2019-12-20,15:38:21.160000,11983,11984,11984,2
2019-12-20,15:38:35.683000,11983,11984,11984,5
2019-12-20,15:39:07.283000,11984,11985,11984,4
2019-12-20,15:39:14.869000,11984,11985,11984,1
2019-12-20,15:39:28.877000,11984,11985,11984,3
2019-12-20,15:39:28.899000,11983,11984,11984,1
2019-12-20,15:39:31.644000,11983,11984,11984,1
2019-12-20,15:39:40.586000,11984,11985,11984,1
2019-12-20,15:39:52.871000,11984,11985,11984,1
2019-12-20,15:39:55.607000,11984,11985,11984,1
2019-12-20,15:40:43.797000,11984,11985,11984,1
2019-12-20,15:41:01.761000,11984,11985,11985,8
2019-12-20,15:41:01.886000,11984,11985,11985,8
2019-12-20,15:41:01.979000,11984,11985,11986,1
2019-12-20,15:41:16.112000,11985,11986,11985,2
2019-12-20,15:41:44.629000,11985,11986,11985,1
2019-12-20,15:42:21.464000,11985,11986,11986,2
2019-12-20,15:42:39.053000,11985,11986,11986,1
2019-12-20,15:42:54.033000,11985,11986,11986,1
2019-12-20,15:42:54.637000,11985,11986,11985,2
2019-12-20,15:42:54.803000,11985,11986,11985,9
2019-12-20,15:43:14.624000,11984,11985,11985,1
2019-12-20,15:43:17.308000,11984,11985,11985,1
2019-12-20,15:43:20.959000,11984,11985,11985,1
2019-12-20,15:43:25.659000,11984,11985,11985,1
2019-12-20,15:43:36.175000,11984,11985,11984,9
2019-12-20,15:43:36.175000,11984,11985,11984,1
2019-12-20,15:43:36.176000,11984,11985,11984,2
2019-12-20,15:43:36.176000,11984,11985,11984,4
2019-12-20,15:43:36.177000,11984,11985,11984,3
2019-12-20,15:44:49.102000,11983,11984,11984,1
2019-12-20,15:44:50.613000,11983,11984,11984,2
2019-12-20,15:45:37.420000,11983,11984,11984,1
2019-12-20,15:45:43.300000,11984,11985,11984,1
2019-12-20,15:45:43.411000,11984,11985,11984,1
2019-12-20,15:45:57.886000,11984,11985,11984,1
2019-12-20,15:46:04.237000,11983,11984,11983,1
2019-12-20,15:46:05.746000,11983,11984,11983,3
2019-12-20,15:46:38.188000,11983,11984,11983,1
2019-12-20,15:46:41.297000,11983,11984,11983,1
2019-12-20,15:46:48.952000,11983,11984,11983,2
2019-12-20,15:46:57.574000,11983,11984,11983,1
2019-12-20,15:47:01.511000,11983,11984,11983,1
2019-12-20,15:47:26.790000,11983,11984,11983,1
2019-12-20,15:47:51.833000,11983,11984,11983,1
2019-12-20,15:48:14.219000,11983,11984,11984,1
2019-12-20,15:48:19.908000,11983,11984,11983,1
2019-12-20,15:48:53.354000,11983,11984,11984,1
2019-12-20,15:48:53.394000,11983,11984,11984,1
2019-12-20,15:48:54.413000,11983,11984,11984,2
2019-12-20,15:48:56.499000,11984,11985,11984,1
2019-12-20,15:48:58.264000,11984,11985,11984,1
2019-12-20,15:49:20.132000,11984,11985,11985,15
2019-12-20,15:49:20.132000,11984,11985,11986,28
2019-12-20,15:49:20.136000,11985,11986,11986,1
2019-12-20,15:49:21.701000,11985,11986,11986,3
2019-12-20,15:49:21.761000,11985,11986,11986,1
2019-12-20,15:49:21.886000,11985,11986,11986,2
2019-12-20,15:49:26.154000,11986,11987,11986,1
2019-12-20,15:49:31.654000,11986,11987,11987,1
2019-12-20,15:49:37.139000,11986,11987,11987,42
2019-12-20,15:49:38.333000,11987,11988,11988,1
2019-12-20,15:49:39.520000,11987,11988,11987,1
2019-12-20,15:49:41.398000,11987,11988,11988,2
2019-12-20,15:49:41.999000,11987,11988,11987,1
2019-12-20,15:49:47.265000,11987,11988,11988,2
2019-12-20,15:50:01.980000,11987,11988,11988,2
2019-12-20,15:50:06.900000,11987,11988,11988,1
2019-12-20,15:50:11.113000,11987,11988,11988,1
2019-12-20,15:50:12.275000,11987,11988,11988,10
2019-12-20,15:50:12.386000,11987,11988,11988,4
2019-12-20,15:50:15.016000,11987,11988,11988,1
2019-12-20,15:50:17.387000,11987,11988,11988,1
2019-12-20,15:50:20.860000,11987,11988,11988,4
2019-12-20,15:50:21.264000,11987,11988,11988,1
2019-12-20,15:50:24.372000,11987,11988,11988,1
2019-12-20,15:50:26.520000,11987,11988,11988,2
2019-12-20,15:50:58.512000,11987,11988,11987,2
2019-12-20,15:51:08.379000,11987,11988,11988,1
2019-12-20,15:51:12.752000,11987,11988,11988,5
2019-12-20,15:51:12.752000,11987,11988,11988,2
2019-12-20,15:51:12.761000,11987,11988,11988,4
2019-12-20,15:51:13.011000,11987,11988,11988,1
2019-12-20,15:51:15.162000,11987,11988,11988,1
2019-12-20,15:51:15.883000,11987,11988,11988,1
2019-12-20,15:51:20.125000,11988,11989,11988,1
2019-12-20,15:51:49.441000,11987,11988,11987,2
2019-12-20,15:51:49.441000,11987,11988,11987,1
2019-12-20,15:51:49.441000,11987,11988,11987,1
2019-12-20,15:51:49.442000,11987,11988,11987,1
2019-12-20,15:51:49.442000,11987,11988,11987,1
2019-12-20,15:51:49.483000,11987,11988,11987,2
2019-12-20,15:51:49.511000,11987,11988,11987,3
2019-12-20,15:52:04.423000,11986,11987,11986,1
2019-12-20,15:52:05.761000,11986,11987,11986,3
2019-12-20,15:52:05.761000,11986,11987,11986,1
2019-12-20,15:52:05.761000,11986,11987,11986,2
2019-12-20,15:52:05.762000,11986,11987,11986,1
2019-12-20,15:52:05.886000,11986,11987,11986,1
2019-12-20,15:52:08.102000,11985,11986,11986,1
2019-12-20,15:52:21.966000,11985,11986,11985,2
2019-12-20,15:52:22.886000,11985,11986,11985,1
2019-12-20,15:52:40.050000,11985,11986,11985,1
2019-12-20,15:52:49.279000,11984,11985,11984,1
2019-12-20,15:52:55.502000,11983,11985,11985,1
2019-12-20,15:52:58.687000,11983,11984,11984,1
2019-12-20,15:53:08.275000,11984,11985,11984,1
2019-12-20,15:53:14.015000,11983,11984,11983,1
2019-12-20,15:53:27.578000,11983,11984,11983,1
2019-12-20,15:53:29.683000,11983,11984,11983,1
2019-12-20,15:53:48.795000,11983,11984,11983,1
2019-12-20,15:54:05.268000,11983,11984,11983,2
2019-12-20,15:54:06.955000,11983,11984,11983,2
2019-12-20,15:54:09.063000,11983,11984,11983,2
2019-12-20,15:54:09.290000,11983,11984,11983,2
2019-12-20,15:54:11.106000,11983,11984,11983,1
2019-12-20,15:54:31.695000,11983,11984,11983,3
2019-12-20,15:54:33.085000,11983,11984,11983,1
2019-12-20,15:54:36.455000,11983,11984,11983,2
2019-12-20,15:55:10.136000,11983,11984,11984,4
2019-12-20,15:55:10.198000,11983,11984,11983,3
2019-12-20,15:55:10.261000,11983,11984,11984,12
2019-12-20,15:55:13.600000,11984,11985,11984,2
2019-12-20,15:55:15.645000,11983,11984,11984,1
2019-12-20,15:55:16.477000,11983,11984,11984,1
2019-12-20,15:55:23.662000,11983,11984,11984,1
2019-12-20,15:55:27.761000,11983,11984,11984,2
2019-12-20,15:55:31.470000,11984,11985,11985,5
2019-12-20,15:55:33.205000,11984,11985,11985,2
2019-12-20,15:55:33.206000,11984,11985,11985,3
2019-12-20,15:55:33.391000,11985,11986,11985,1
2019-12-20,15:55:35.150000,11985,11986,11985,1
2019-12-20,15:55:38.711000,11985,11986,11986,5
2019-12-20,15:55:44.872000,11985,11986,11986,5
2019-12-20,15:56:09.987000,11985,11986,11986,1
2019-12-20,15:56:24.539000,11985,11986,11986,1
2019-12-20,15:56:33.332000,11985,11986,11986,1
2019-12-20,15:56:42.152000,11986,11987,11987,1
2019-12-20,15:56:47.244000,11986,11987,11987,1
2019-12-20,15:56:53.006000,11986,11987,11987,1
2019-12-20,15:56:53.255000,11986,11987,11987,1
2019-12-20,15:56:53.481000,11986,11987,11987,1
2019-12-20,15:56:57.749000,11986,11987,11987,2
2019-12-20,15:57:01.600000,11986,11987,11987,5
2019-12-20,15:57:15.019000,11986,11987,11987,4
2019-12-20,15:57:15.019000,11986,11987,11988,1
2019-12-20,15:57:15.313000,11986,11988,11988,1
2019-12-20,15:57:15.393000,11986,11988,11988,1
2019-12-20,15:57:23.798000,11986,11988,11988,5
2019-12-20,15:57:24.990000,11987,11988,11988,5
2019-12-20,15:57:26.251000,11987,11988,11988,1
2019-12-20,15:57:26.403000,11987,11988,11988,1
2019-12-20,15:57:26.567000,11987,11988,11988,1
2019-12-20,15:57:29.003000,11987,11988,11988,1
2019-12-20,15:57:36.011000,11987,11988,11988,4
2019-12-20,15:57:36.779000,11988,11989,11988,1
2019-12-20,15:57:41.552000,11988,11989,11988,10
2019-12-20,15:57:43.636000,11988,11989,11988,1
2019-12-20,15:57:45.440000,11988,11989,11988,2
2019-12-20,15:57:47.216000,11987,11989,11989,1
2019-12-20,15:57:47.458000,11987,11989,11989,1
2019-12-20,15:57:47.511000,11987,11989,11989,1
2019-12-20,15:57:47.939000,11988,11989,11988,2
2019-12-20,15:57:51.885000,11988,11989,11989,1
2019-12-20,15:57:54.145000,11988,11989,11989,5
2019-12-20,15:57:59.490000,11989,11990,11990,5
2019-12-20,15:57:59.542000,11989,11990,11990,1
2019-12-20,15:57:59.562000,11989,11990,11990,1
2019-12-20,15:57:59.691000,11989,11990,11990,2
2019-12-20,15:57:59.711000,11989,11990,11990,2
2019-12-20,15:58:02.301000,11989,11990,11990,3
2019-12-20,15:58:05.573000,11989,11990,11990,1
2019-12-20,15:58:08.669000,11989,11990,11990,1
2019-12-20,15:58:08.877000,11989,11990,11990,1
2019-12-20,15:58:09.850000,11989,11990,11990,1
2019-12-20,15:58:13.354000,11989,11990,11990,1
2019-12-20,15:58:18.595000,11989,11990,11990,1
2019-12-20,15:58:24.408000,11989,11990,11990,1
2019-12-20,15:58:26.550000,11989,11990,11990,1
2019-12-20,15:58:44.643000,11989,11990,11989,1
2019-12-20,15:58:45.667000,11989,11990,11989,1
2019-12-20,15:58:48.337000,11989,11990,11989,5
2019-12-20,15:58:48.753000,11988,11989,11988,4
2019-12-20,15:58:56.361000,11987,11988,11988,1
2019-12-20,15:59:06.387000,11988,11989,11988,1
2019-12-20,15:59:08.461000,11988,11989,11988,1
2019-12-20,15:59:09.353000,11988,11989,11989,1
2019-12-20,15:59:10.272000,11988,11989,11989,2
2019-12-20,15:59:16.835000,11988,11989,11989,1
2019-12-20,15:59:17.682000,11988,11989,11989,1
2019-12-20,15:59:20.091000,11988,11989,11989,1
2019-12-20,15:59:22.675000,11988,11989,11989,2
2019-12-20,15:59:27.609000,11988,11990,11990,1
2019-12-20,15:59:32.305000,11988,11990,11988,1
2019-12-20,15:59:39.438000,11988,11989,11988,1
2019-12-20,15:59:40.687000,11988,11989,11989,1
2019-12-20,15:59:41.966000,11989,11990,11989,2
2019-12-20,15:59:43.913000,11989,11990,11989,2
2019-12-20,15:59:47.128000,11988,11989,11989,2
2019-12-20,15:59:48.941000,11988,11989,11988,3
2019-12-20,15:59:49.276000,11988,11989,11988,1
2019-12-20,15:59:51.069000,11988,11989,11989,2
2019-12-20,16:00:02.107000,11988,11989,11989,1
2019-12-20,16:00:02.840000,11988,11989,11988,1
2019-12-20,16:00:03.741000,11988,11989,11988,2
2019-12-20,16:00:03.943000,11988,11989,11988,1
2019-12-20,16:00:04.142000,11988,11989,11988,10
2019-12-20,16:00:04.345000,11987,11989,11987,1
2019-12-20,16:00:04.544000,11987,11988,11987,1
2019-12-20,16:00:04.745000,11987,11988,11987,1
2019-12-20,16:00:05.146000,11987,11988,11987,1
2019-12-20,16:00:05.348000,11987,11988,11987,1
2019-12-20,16:00:05.465000,11987,11988,11987,2
2019-12-20,16:00:05.481000,11987,11988,11987,2
2019-12-20,16:00:05.632000,11987,11988,11987,1
2019-12-20,16:00:06.098000,11987,11988,11987,1
2019-12-20,16:00:06.149000,11987,11988,11987,1
2019-12-20,16:00:39.036000,11988,11989,11989,8
2019-12-20,16:00:39.154000,11989,11990,11990,5
2019-12-20,16:00:39.156000,11989,11990,11990,5
2019-12-20,16:00:39.261000,11989,11990,11990,19
2019-12-20,16:00:39.389000,11989,11990,11990,1
2019-12-20,16:00:39.910000,11990,11991,11991,1
2019-12-20,16:00:40.165000,11990,11991,11991,1
2019-12-20,16:00:40.636000,11990,11991,11991,5
2019-12-20,16:00:40.761000,11990,11991,11991,4
2019-12-20,16:00:41.679000,11990,11991,11990,1
2019-12-20,16:01:04.270000,11990,11991,11990,1
2019-12-20,16:01:07.672000,11990,11991,11990,1
2019-12-20,16:01:10.114000,11990,11991,11991,2
2019-12-20,16:01:10.306000,11990,11991,11991,4
2019-12-20,16:01:10.306000,11990,11991,11991,4
2019-12-20,16:01:10.386000,11990,11991,11991,3
2019-12-20,16:01:25.176000,11991,11992,11991,1
2019-12-20,16:01:29.580000,11991,11992,11991,1
2019-12-20,16:01:32.272000,11991,11992,11992,1
2019-12-20,16:01:33.239000,11991,11992,11992,2
2019-12-20,16:01:33.530000,11991,11992,11992,2
2019-12-20,16:01:34.524000,11991,11992,11992,1
2019-12-20,16:01:34.549000,11991,11992,11991,1
2019-12-20,16:01:35.501000,11991,11992,11992,5
2019-12-20,16:01:35.891000,11991,11992,11992,5
2019-12-20,16:01:36.918000,11991,11992,11992,2
2019-12-20,16:01:37.136000,11991,11992,11992,28
2019-12-20,16:01:37.906000,11992,11993,11993,1
2019-12-20,16:01:43.213000,11992,11993,11993,15
2019-12-20,16:01:43.213000,11992,11993,11993,4
2019-12-20,16:01:43.977000,11993,11994,11993,7
2019-12-20,16:01:47.636000,11992,11993,11993,3
2019-12-20,16:01:49.060000,11992,11993,11993,1
2019-12-20,16:01:50.640000,11992,11993,11993,4
2019-12-20,16:01:51.979000,11992,11993,11992,11
2019-12-20,16:01:51.979000,11992,11993,11992,1
2019-12-20,16:02:00.539000,11991,11992,11992,1
2019-12-20,16:02:06.042000,11991,11992,11992,5
2019-12-20,16:02:07.044000,11991,11992,11992,5
2019-12-20,16:02:12.419000,11991,11992,11992,4
2019-12-20,16:02:15.871000,11992,11993,11992,1
2019-12-20,16:02:19.716000,11992,11993,11992,1
2019-12-20,16:02:20.661000,11992,11993,11993,2
2019-12-20,16:02:24.569000,11992,11993,11992,1
2019-12-20,16:02:26.391000,11992,11993,11992,1
2019-12-20,16:02:31.158000,11992,11993,11993,1
2019-12-20,16:02:35.960000,11992,11993,11992,16
2019-12-20,16:02:39.764000,11991,11992,11992,1
2019-12-20,16:02:40.154000,11991,11992,11991,6
2019-12-20,16:02:43.352000,11990,11991,11990,1
2019-12-20,16:02:43.376000,11990,11991,11990,1
2019-12-20,16:02:43.393000,11990,11991,11990,1
2019-12-20,16:02:49.844000,11990,11991,11991,1
2019-12-20,16:02:50.414000,11991,11992,11991,1
2019-12-20,16:02:52.482000,11991,11992,11991,1
2019-12-20,16:02:53.046000,11991,11992,11992,1
2019-12-20,16:02:56.454000,11991,11992,11992,1
2019-12-20,16:02:57.342000,11991,11992,11992,1
2019-12-20,16:02:57.761000,11991,11992,11992,2
2019-12-20,16:03:02.327000,11992,11993,11993,1
2019-12-20,16:03:12.305000,11992,11993,11993,5
2019-12-20,16:03:14.566000,11992,11993,11992,1
2019-12-20,16:03:30.307000,11992,11993,11992,1
2019-12-20,16:03:36.171000,11992,11993,11993,3
2019-12-20,16:03:37.439000,11992,11993,11992,1
2019-12-20,16:03:37.962000,11992,11993,11993,2
2019-12-20,16:03:40.266000,11992,11993,11993,1
2019-12-20,16:03:43.385000,11992,11993,11993,1
2019-12-20,16:03:50.111000,11992,11993,11992,1
2019-12-20,16:04:01.619000,11992,11993,11993,2
2019-12-20,16:04:02.266000,11992,11993,11993,1
2019-12-20,16:04:03.738000,11992,11993,11993,2
2019-12-20,16:04:04.687000,11992,11993,11993,5
2019-12-20,16:04:13.396000,11992,11993,11992,1
2019-12-20,16:04:16.070000,11992,11993,11992,1
2019-12-20,16:04:16.248000,11992,11993,11992,1
2019-12-20,16:04:16.408000,11992,11993,11992,1
2019-12-20,16:04:16.552000,11992,11993,11992,1
2019-12-20,16:04:16.637000,11992,11993,11992,7
2019-12-20,16:04:16.711000,11992,11993,11991,1
2019-12-20,16:04:16.847000,11991,11992,11991,1
2019-12-20,16:04:17.009000,11991,11992,11991,1
2019-12-20,16:04:17.154000,11991,11992,11991,1
2019-12-20,16:04:17.335000,11991,11992,11991,1
2019-12-20,16:04:17.475000,11991,11992,11991,1
2019-12-20,16:04:17.630000,11991,11992,11991,1
2019-12-20,16:04:17.830000,11991,11992,11991,2
2019-12-20,16:04:18.551000,11990,11992,11992,2
2019-12-20,16:04:30.191000,11991,11992,11991,1
2019-12-20,16:04:30.456000,11991,11992,11992,1
2019-12-20,16:04:39.011000,11991,11992,11991,3
2019-12-20,16:04:40.455000,11990,11991,11991,5
2019-12-20,16:04:40.878000,11990,11991,11991,2
2019-12-20,16:04:40.887000,11991,11992,11991,3
2019-12-20,16:04:43.049000,11990,11991,11991,1
2019-12-20,16:04:45.282000,11990,11991,11990,27
2019-12-20,16:04:53.813000,11989,11990,11989,2
2019-12-20,16:05:02.138000,11989,11990,11990,1
2019-12-20,16:05:04.566000,11989,11990,11990,1
2019-12-20,16:05:15.756000,11989,11990,11989,1
2019-12-20,16:05:18.144000,11989,11990,11990,5
2019-12-20,16:05:20.590000,11989,11990,11990,5
2019-12-20,16:05:30.564000,11989,11990,11989,1
2019-12-20,16:05:34.129000,11989,11990,11989,1
2019-12-20,16:05:39.317000,11989,11990,11990,5
2019-12-20,16:05:40.403000,11989,11990,11990,2
2019-12-20,16:05:40.640000,11989,11990,11990,1
2019-12-20,16:05:49.516000,11989,11990,11990,1
2019-12-20,16:06:00.230000,11989,11990,11989,17
2019-12-20,16:06:01.120000,11988,11989,11989,1
2019-12-20,16:06:01.640000,11988,11989,11988,7
2019-12-20,16:06:02.329000,11987,11988,11988,1
2019-12-20,16:06:06.119000,11987,11988,11988,1
2019-12-20,16:06:07.001000,11987,11988,11988,2
2019-12-20,16:06:07.001000,11987,11988,11988,3
2019-12-20,16:06:07.177000,11988,11989,11988,3
2019-12-20,16:06:08.968000,11988,11989,11988,1
2019-12-20,16:06:12.784000,11988,11989,11988,1
2019-12-20,16:06:14.640000,11988,11989,11988,1
2019-12-20,16:06:14.640000,11988,11989,11988,2
2019-12-20,16:06:14.640000,11988,11989,11988,1
2019-12-20,16:06:22.110000,11987,11988,11987,1
2019-12-20,16:06:25.238000,11987,11988,11988,1
2019-12-20,16:06:37.847000,11988,11989,11988,1
2019-12-20,16:06:52.261000,11988,11989,11988,3
2019-12-20,16:06:53.647000,11988,11989,11988,1
2019-12-20,16:06:55.444000,11988,11989,11988,1
2019-12-20,16:06:55.444000,11988,11989,11988,1
2019-12-20,16:07:02.195000,11987,11988,11988,1
2019-12-20,16:07:20.567000,11988,11989,11988,1
2019-12-20,16:07:28.146000,11988,11989,11988,10
2019-12-20,16:07:30.977000,11987,11989,11987,1
2019-12-20,16:07:40.549000,11987,11989,11987,1
2019-12-20,16:07:49.309000,11987,11988,11987,1
2019-12-20,16:07:55.438000,11987,11988,11988,1
2019-12-20,16:07:55.750000,11987,11988,11987,1
2019-12-20,16:07:56.297000,11987,11988,11987,1
2019-12-20,16:08:08.234000,11987,11989,11987,1
2019-12-20,16:08:08.832000,11988,11989,11989,1
2019-12-20,16:08:27.461000,11988,11989,11988,1
2019-12-20,16:08:35.293000,11988,11989,11989,1
2019-12-20,16:08:40.833000,11988,11989,11988,2
2019-12-20,16:09:09.536000,11987,11988,11988,3
2019-12-20,16:09:27.550000,11988,11989,11988,1
2019-12-20,16:09:31.038000,11988,11989,11988,4
2019-12-20,16:09:31.230000,11987,11988,11988,18
2019-12-20,16:09:31.230000,11987,11988,11989,32
2019-12-20,16:09:31.261000,11988,11989,11989,2
2019-12-20,16:09:31.386000,11988,11990,11989,1
2019-12-20,16:09:31.399000,11988,11990,11989,1
2019-12-20,16:09:31.399000,11988,11990,11989,1
2019-12-20,16:09:36.382000,11989,11990,11990,5
2019-12-20,16:09:37.525000,11989,11990,11989,1
2019-12-20,16:09:37.635000,11989,11990,11990,5
2019-12-20,16:09:56.703000,11989,11990,11989,1
2019-12-20,16:09:58.183000,11988,11989,11988,5
2019-12-20,16:09:58.726000,11988,11989,11988,2
2019-12-20,16:10:09.242000,11989,11990,11990,1
2019-12-20,16:10:09.536000,11990,11991,11990,1
2019-12-20,16:10:13,11989,11990,11990,2
2019-12-20,16:10:16.310000,11990,11991,11990,1
2019-12-20,16:10:16.792000,11990,11991,11991,2
2019-12-20,16:10:16.792000,11990,11991,11991,12
2019-12-20,16:10:16.792000,11990,11991,11991,3
2019-12-20,16:10:16.930000,11991,11992,11991,1
2019-12-20,16:10:17.326000,11991,11992,11991,1
2019-12-20,16:10:22.717000,11991,11992,11991,1
2019-12-20,16:10:24.366000,11991,11992,11991,1
2019-12-20,16:10:27.322000,11991,11992,11991,1
2019-12-20,16:10:30.509000,11991,11992,11991,1
2019-12-20,16:10:32.014000,11991,11992,11991,1
2019-12-20,16:10:32.922000,11991,11992,11992,1
2019-12-20,16:10:33.322000,11991,11992,11992,1
2019-12-20,16:10:33.578000,11991,11992,11992,1
2019-12-20,16:10:34.866000,11991,11992,11991,8
2019-12-20,16:10:34.869000,11991,11992,11991,2
2019-12-20,16:10:34.886000,11991,11992,11991,1
2019-12-20,16:10:37.273000,11990,11991,11990,1
2019-12-20,16:10:37.927000,11990,11991,11991,1
2019-12-20,16:10:56.671000,11990,11991,11990,1
2019-12-20,16:11:02.917000,11990,11991,11990,3
2019-12-20,16:11:04.447000,11989,11990,11990,1
2019-12-20,16:11:11.734000,11989,11990,11989,4
2019-12-20,16:11:54.364000,11989,11990,11989,2
2019-12-20,16:12:01.105000,11989,11990,11989,1
2019-12-20,16:12:02.156000,11989,11990,11989,1
2019-12-20,16:12:06.860000,11988,11989,11989,1
2019-12-20,16:12:19.659000,11988,11989,11989,1
2019-12-20,16:12:59.351000,11988,11989,11988,1
2019-12-20,16:13:00.211000,11988,11989,11988,1
2019-12-20,16:13:44.768000,11988,11989,11988,2
2019-12-20,16:13:51.193000,11988,11989,11988,2
2019-12-20,16:14:00.449000,11988,11989,11988,1
2019-12-20,16:14:31.908000,11988,11989,11988,1
2019-12-20,16:14:31.909000,11988,11989,11988,1
2019-12-20,16:14:32.011000,11988,11989,11988,4
2019-12-20,16:14:32.136000,11988,11989,11988,3
2019-12-20,16:14:37.055000,11987,11988,11988,8
2019-12-20,16:14:37.055000,11987,11988,11988,1
2019-12-20,16:14:37.055000,11987,11988,11988,1
2019-12-20,16:14:37.372000,11988,11989,11988,2
2019-12-20,16:14:37.372000,11988,11989,11988,3
2019-12-20,16:14:37.372000,11988,11989,11988,18
2019-12-20,16:14:37.372000,11988,11989,11988,1
2019-12-20,16:14:37.373000,11988,11989,11988,2
2019-12-20,16:14:37.373000,11988,11989,11988,3
2019-12-20,16:14:37.373000,11988,11989,11988,2
2019-12-20,16:14:37.373000,11988,11989,11988,3
2019-12-20,16:14:37.374000,11988,11989,11988,1
2019-12-20,16:14:37.374000,11988,11989,11988,1
2019-12-20,16:14:37.386000,11988,11989,11988,1
2019-12-20,16:14:37.386000,11988,11989,11988,3
2019-12-20,16:14:52.388000,11987,11988,11987,4
2019-12-20,16:14:52.572000,11987,11988,11987,8
2019-12-20,16:14:52.578000,11987,11988,11987,2
2019-12-20,16:14:52.578000,11987,11988,11986,1
2019-12-20,16:14:52.742000,11986,11987,11986,1
2019-12-20,16:14:58.723000,11987,11988,11987,1
2019-12-20,16:15:15.449000,11987,11988,11987,1
2019-12-20,16:15:18.075000,11987,11988,11987,1
2019-12-20,16:15:21.772000,11987,11988,11987,1
2019-12-20,16:15:23.327000,11987,11988,11987,1
2019-12-20,16:15:31.454000,11987,11988,11988,24
2019-12-20,16:15:35.045000,11988,11989,11989,5
2019-12-20,16:15:45.910000,11989,11990,11989,1
2019-12-20,16:16:25.213000,11989,11990,11989,1
2019-12-20,16:16:54.332000,11989,11990,11989,1
2019-12-20,16:17:00.876000,11989,11990,11989,2
2019-12-20,16:17:23.331000,11988,11989,11988,1
2019-12-20,16:17:33.292000,11988,11989,11988,1
2019-12-20,16:17:41.204000,11988,11989,11988,2
2019-12-20,16:17:41.928000,11988,11989,11988,1
2019-12-20,16:18:25.019000,11988,11989,11989,1
2019-12-20,16:18:41.468000,11988,11989,11989,1
2019-12-20,16:18:43.599000,11989,11990,11989,1
2019-12-20,16:18:46.509000,11988,11989,11989,1
2019-12-20,16:19:15.172000,11988,11989,11989,1
2019-12-20,16:19:25.722000,11988,11989,11988,8
2019-12-20,16:19:25.840000,11988,11989,11989,1
2019-12-20,16:19:52.652000,11988,11989,11988,7
2019-12-20,16:19:55.665000,11988,11989,11989,4
2019-12-20,16:19:55.762000,11989,11990,11990,1
2019-12-20,16:20:03.805000,11988,11989,11989,4
2019-12-20,16:20:18.032000,11988,11989,11989,1
2019-12-20,16:20:23.595000,11988,11989,11989,1
2019-12-20,16:20:33.833000,11988,11989,11989,1
2019-12-20,16:20:48.687000,11989,11990,11990,1
2019-12-20,16:20:49.114000,11989,11990,11990,15
2019-12-20,16:20:49.136000,11989,11990,11990,1
2019-12-20,16:20:55.295000,11989,11991,11991,1
2019-12-20,16:21:01.539000,11990,11991,11991,1
2019-12-20,16:21:13.737000,11990,11991,11990,1
2019-12-20,16:21:22.442000,11990,11991,11990,1
2019-12-20,16:21:28.268000,11990,11991,11990,2
2019-12-20,16:21:32.958000,11990,11991,11990,1
2019-12-20,16:21:34.364000,11990,11991,11990,1
2019-12-20,16:21:50.560000,11990,11991,11990,2
2019-12-20,16:21:57.497000,11990,11991,11991,9
2019-12-20,16:22:02.389000,11991,11992,11991,10
2019-12-20,16:22:05.353000,11990,11992,11992,1
2019-12-20,16:22:05.416000,11990,11992,11992,2
2019-12-20,16:22:07.826000,11991,11992,11991,1
2019-12-20,16:22:16.329000,11991,11992,11991,1
2019-12-20,16:22:23.949000,11991,11992,11991,1
2019-12-20,16:22:37.332000,11991,11992,11991,2
2019-12-20,16:22:37.369000,11991,11992,11991,2
2019-12-20,16:22:40.315000,11991,11992,11992,29
2019-12-20,16:22:45.178000,11991,11992,11992,1
2019-12-20,16:22:46.182000,11991,11992,11992,1
2019-12-20,16:23:14.053000,11991,11992,11991,16
2019-12-20,16:23:14.054000,11991,11992,11991,3
2019-12-20,16:23:14.054000,11991,11992,11991,1
2019-12-20,16:23:15.321000,11991,11992,11992,3
2019-12-20,16:23:52.700000,11991,11992,11992,1
2019-12-20,16:24:11.758000,11991,11992,11991,1
2019-12-20,16:24:23.282000,11991,11992,11991,1
2019-12-20,16:24:23.859000,11991,11992,11992,5
2019-12-20,16:24:23.871000,11991,11992,11992,5
2019-12-20,16:24:23.882000,11991,11992,11992,2
2019-12-20,16:24:23.915000,11991,11992,11992,2
2019-12-20,16:24:30.446000,11991,11992,11992,1
2019-12-20,16:24:38.281000,11991,11992,11992,1
2019-12-20,16:25:17.905000,11991,11992,11992,3
2019-12-20,16:25:26.851000,11992,11993,11992,1
2019-12-20,16:25:55.256000,11991,11992,11992,2
2019-12-20,16:26:43.729000,11991,11992,11991,4
2019-12-20,16:26:59.200000,11991,11992,11991,5
2019-12-20,16:27:11.083000,11991,11992,11991,1
2019-12-20,16:27:14.865000,11991,11992,11991,4
2019-12-20,16:27:26.870000,11990,11991,11991,1
2019-12-20,16:27:27.349000,11991,11992,11991,2
2019-12-20,16:27:49.933000,11990,11991,11990,6
2019-12-20,16:27:50.395000,11989,11990,11989,1
2019-12-20,16:27:52.589000,11989,11990,11990,1
2019-12-20,16:28:07.071000,11989,11990,11990,1
2019-12-20,16:28:15.273000,11989,11990,11990,1
2019-12-20,16:29:06.078000,11989,11990,11990,10
2019-12-20,16:29:07.330000,11990,11991,11990,1
2019-12-20,16:29:07.882000,11990,11991,11990,2
2019-12-20,16:29:15.707000,11990,11991,11991,1
2019-12-20,16:29:15.761000,11990,11991,11991,4
2019-12-20,16:29:59.565000,11990,11991,11991,3
2019-12-20,16:30:01.034000,11990,11991,11990,1
2019-12-20,16:30:01.409000,11990,11991,11990,1
2019-12-20,16:30:01.414000,11990,11991,11990,1
2019-12-20,16:30:21.138000,11990,11991,11990,1
2019-12-20,16:30:32.623000,11990,11991,11990,4
2019-12-20,16:30:44.774000,11989,11990,11990,1
2019-12-20,16:31:24.068000,11989,11990,11990,5
2019-12-20,16:32:09.433000,11990,11991,11990,5
2019-12-20,16:33:12.706000,11990,11991,11990,1
2019-12-20,16:33:13.467000,11990,11991,11991,1
2019-12-20,16:34:00.669000,11990,11991,11991,2
2019-12-20,16:34:07.630000,11990,11991,11991,3
2019-12-20,16:34:13.092000,11991,11992,11991,4
2019-12-20,16:34:15.417000,11991,11992,11991,1
2019-12-20,16:34:15.864000,11991,11992,11992,5
2019-12-20,16:34:15.916000,11991,11992,11992,2
2019-12-20,16:34:26.357000,11991,11992,11992,11
2019-12-20,16:34:30.666000,11992,11993,11993,25
2019-12-20,16:34:30.761000,11992,11993,11993,4
2019-12-20,16:34:30.761000,11992,11993,11993,1
2019-12-20,16:34:30.922000,11992,11994,11994,1
2019-12-20,16:34:30.943000,11992,11994,11994,1
2019-12-20,16:34:31.078000,11993,11994,11994,2
2019-12-20,16:34:31.081000,11993,11994,11994,1
2019-12-20,16:34:31.156000,11993,11994,11994,1
2019-12-20,16:34:31.165000,11993,11994,11994,3
2019-12-20,16:34:31.167000,11993,11994,11994,2
2019-12-20,16:34:31.170000,11993,11994,11994,1
2019-12-20,16:34:31.174000,11993,11994,11994,1
2019-12-20,16:34:31.263000,11993,11994,11994,1
2019-12-20,16:34:31.306000,11993,11994,11994,1
2019-12-20,16:34:31.331000,11993,11994,11994,2
2019-12-20,16:34:31.347000,11993,11994,11994,1
2019-12-20,16:34:31.806000,11993,11994,11993,1
2019-12-20,16:34:31.873000,11993,11994,11994,4
2019-12-20,16:34:31.873000,11993,11994,11995,1
2019-12-20,16:34:31.922000,11993,11995,11995,1
2019-12-20,16:34:31.941000,11993,11995,11995,8
2019-12-20,16:34:32.074000,11994,11995,11995,3
2019-12-20,16:34:32.548000,11994,11995,11994,1
2019-12-20,16:34:34.784000,11994,11995,11994,1
2019-12-20,16:34:34.897000,11994,11995,11994,3
2019-12-20,16:34:36.438000,11993,11994,11994,1
2019-12-20,16:34:36.933000,11993,11994,11994,1
2019-12-20,16:34:38.070000,11993,11994,11994,3
2019-12-20,16:34:38.070000,11993,11994,11995,15
2019-12-20,16:34:39.415000,11994,11995,11994,2
2019-12-20,16:34:41.699000,11993,11994,11994,5
2019-12-20,16:34:41.699000,11993,11994,11995,13
2019-12-20,16:34:42.292000,11994,11995,11994,3
2019-12-20,16:34:42.543000,11994,11995,11994,6
2019-12-20,16:34:44.783000,11993,11994,11994,1
2019-12-20,16:34:46.287000,11993,11994,11994,6
2019-12-20,16:34:48.393000,11993,11994,11993,1
2019-12-20,16:34:51.824000,11993,11994,11993,5
2019-12-20,16:34:54.156000,11993,11994,11993,2
2019-12-20,16:34:58.853000,11993,11994,11993,1
2019-12-20,16:35:00.351000,11993,11994,11993,1
2019-12-20,16:35:01.423000,11993,11994,11993,1
2019-12-20,16:35:03.272000,11993,11994,11993,2
2019-12-20,16:35:08.789000,11993,11994,11994,2
2019-12-20,16:35:09.527000,11994,11995,11995,4
2019-12-20,16:35:09.626000,11994,11995,11994,5
2019-12-20,16:35:12.548000,11994,11995,11994,2
2019-12-20,16:35:34.700000,11994,11995,11995,4
2019-12-20,16:35:34.700000,11994,11995,11996,63
2019-12-20,16:35:34.967000,11996,11997,11997,5
2019-12-20,16:35:35.040000,11996,11997,11996,10
2019-12-20,16:35:35.461000,11996,11997,11997,1
2019-12-20,16:35:35.463000,11996,11997,11997,1
2019-12-20,16:35:42.468000,11996,11997,11997,2
2019-12-20,16:35:49.928000,11996,11997,11997,1
2019-12-20,16:36:00.812000,11996,11997,11996,1
2019-12-20,16:36:01.230000,11996,11997,11996,5
2019-12-20,16:36:01.261000,11996,11997,11996,5
2019-12-20,16:36:01.937000,11995,11996,11996,1
2019-12-20,16:36:02.658000,11995,11997,11997,3
2019-12-20,16:36:03.151000,11995,11997,11997,1
2019-12-20,16:36:13.377000,11996,11997,11997,1
2019-12-20,16:36:14.785000,11996,11997,11996,1
2019-12-20,16:36:15.266000,11995,11996,11996,1
2019-12-20,16:36:22.233000,11995,11996,11996,1
2019-12-20,16:36:25.388000,11995,11996,11996,2
2019-12-20,16:36:25.388000,11995,11996,11996,1
2019-12-20,16:36:25.388000,11995,11996,11996,6
2019-12-20,16:36:25.388000,11995,11996,11996,2
2019-12-20,16:36:25.561000,11996,11997,11996,2
2019-12-20,16:36:25.636000,11996,11997,11997,1
2019-12-20,16:36:25.699000,11996,11997,11997,4
2019-12-20,16:36:25.761000,11996,11997,11997,15
2019-12-20,16:36:25.998000,11997,11998,11998,1
2019-12-20,16:36:26.326000,11997,11998,11998,1
2019-12-20,16:36:30.182000,11997,11998,11997,3
2019-12-20,16:36:33.539000,11997,11998,11997,1
2019-12-20,16:36:34.567000,11997,11998,11998,1
2019-12-20,16:36:40.672000,11997,11998,11998,1
2019-12-20,16:36:44.549000,11997,11998,11998,1
2019-12-20,16:36:45.605000,11997,11998,11998,2
2019-12-20,16:36:45.859000,11997,11998,11998,1
2019-12-20,16:36:46.747000,11997,11998,11998,5
2019-12-20,16:36:48.185000,11997,11998,11998,10
2019-12-20,16:36:51.430000,11997,11998,11998,1
2019-12-20,16:36:51.853000,11997,11998,11998,1
2019-12-20,16:36:51.882000,11997,11998,11998,1
2019-12-20,16:36:52.413000,11997,11998,11998,1
2019-12-20,16:36:55.809000,11997,11998,11998,2
2019-12-20,16:36:58.648000,11997,11998,11998,1
2019-12-20,16:37:00.851000,11997,11998,11998,2
2019-12-20,16:37:01.928000,11997,11998,11998,2
2019-12-20,16:37:02.989000,11997,11998,11998,9
2019-12-20,16:37:03.074000,11997,11998,11998,1
2019-12-20,16:37:03.796000,11997,11998,11998,1
2019-12-20,16:37:05.162000,11997,11998,11998,1
2019-12-20,16:37:05.283000,11997,11998,11998,2
2019-12-20,16:37:05.544000,11997,11998,11998,1
2019-12-20,16:37:08.845000,11997,11998,11998,7
2019-12-20,16:37:09.430000,11998,11999,11998,1
2019-12-20,16:37:10.511000,11998,11999,11999,5
2019-12-20,16:37:10.636000,11998,11999,11999,6
2019-12-20,16:37:10.722000,11998,11999,11999,1
2019-12-20,16:37:10.724000,11998,11999,11999,10
2019-12-20,16:37:10.739000,11998,11999,11999,4
2019-12-20,16:37:10.761000,11998,11999,11999,9
2019-12-20,16:37:10.789000,11998,11999,12000,4
2019-12-20,16:37:10.850000,11998,11999,12000,1
2019-12-20,16:37:12.712000,11999,12000,11999,1
2019-12-20,16:37:16.119000,11998,12000,12000,1
2019-12-20,16:37:16.194000,11998,12000,12000,1
2019-12-20,16:37:20.460000,11998,11999,11999,2
2019-12-20,16:37:21.532000,11998,11999,11999,2
2019-12-20,16:37:21.970000,11998,11999,11998,1
2019-12-20,16:37:21.971000,11998,11999,11998,2
2019-12-20,16:37:21.971000,11998,11999,11998,5
2019-12-20,16:37:21.971000,11998,11999,11998,7
2019-12-20,16:37:22.011000,11998,11999,11998,4
2019-12-20,16:37:22.038000,11998,11999,11998,2
2019-12-20,16:37:22.038000,11998,11999,11998,2
2019-12-20,16:37:22.367000,11997,11998,11998,1
2019-12-20,16:37:25.804000,11997,11998,11998,2
2019-12-20,16:37:43.069000,11998,11999,11999,3
2019-12-20,16:37:43.655000,11998,11999,11999,10
2019-12-20,16:37:46.944000,11998,11999,11999,1
2019-12-20,16:37:48.187000,11998,11999,11998,2
2019-12-20,16:37:57.653000,11998,11999,11999,5
2019-12-20,16:37:57.806000,11998,11999,11999,3
2019-12-20,16:37:59.961000,11998,11999,11999,3
2019-12-20,16:38:01.231000,11998,11999,11998,2
2019-12-20,16:38:02.627000,11998,11999,11998,1
2019-12-20,16:38:12.736000,11998,11999,11999,2
2019-12-20,16:38:12.736000,11998,11999,11999,4
2019-12-20,16:38:12.761000,11998,11999,11999,9
2019-12-20,16:38:13.060000,11999,12000,12000,1
2019-12-20,16:38:17.541000,11999,12000,12000,1
2019-12-20,16:38:30.975000,11998,11999,11999,1
2019-12-20,16:38:35.069000,11998,11999,11999,4
2019-12-20,16:38:37.441000,11998,11999,11999,5
2019-12-20,16:38:38.112000,11998,11999,11999,1
2019-12-20,16:38:38.112000,11998,11999,12000,1
2019-12-20,16:38:39.027000,11999,12000,11999,1
2019-12-20,16:38:40.547000,11999,12000,12000,1
2019-12-20,16:38:43.168000,11999,12000,11999,1
2019-12-20,16:38:47.425000,11999,12000,12000,2
2019-12-20,16:38:49.640000,11999,12000,11999,1
2019-12-20,16:38:50.782000,11999,12000,11999,1
2019-12-20,16:38:50.886000,11999,12000,11999,5
2019-12-20,16:38:55.373000,11998,11999,11999,5
2019-12-20,16:39:00.722000,11998,11999,11999,2
2019-12-20,16:39:00.785000,11999,12000,11999,2
2019-12-20,16:39:03.149000,11999,12000,11999,1
2019-12-20,16:39:03.223000,11999,12000,11999,1
2019-12-20,16:39:04.965000,11999,12000,12000,1
2019-12-20,16:39:06.239000,11999,12000,11999,1
2019-12-20,16:39:09.421000,11999,12000,11999,2
2019-12-20,16:39:15.552000,11999,12000,11999,1
2019-12-20,16:39:16.946000,11999,12000,11999,1
2019-12-20,16:39:18.250000,11999,12000,12000,15
2019-12-20,16:39:27.761000,11999,12000,11999,1
2019-12-20,16:39:27.853000,11999,12000,11999,1
2019-12-20,16:39:32.070000,11999,12000,11999,1
2019-12-20,16:39:32.979000,11999,12000,11999,1
2019-12-20,16:39:43.770000,11999,12000,11999,1
2019-12-20,16:39:44.146000,11999,12000,11999,1
2019-12-20,16:39:52.301000,11999,12000,11999,1
2019-12-20,16:39:53.841000,11999,12000,11999,1
2019-12-20,16:39:54.943000,11999,12000,11999,1
2019-12-20,16:39:55.820000,11999,12000,11999,1
2019-12-20,16:39:59.074000,11999,12000,11999,1
2019-12-20,16:40:02.224000,11999,12000,11999,4
2019-12-20,16:40:02.624000,11999,12000,11999,1
2019-12-20,16:40:05.622000,11999,12000,11999,6
2019-12-20,16:40:05.623000,11999,12000,11999,1
2019-12-20,16:40:05.872000,11998,11999,11999,1
2019-12-20,16:40:05.879000,11998,11999,11999,2
2019-12-20,16:40:06.074000,11998,11999,11999,2
2019-12-20,16:40:06.074000,11998,11999,11999,1
2019-12-20,16:40:18.763000,11999,12000,11999,5
2019-12-20,16:40:21.245000,11999,12000,11999,5
2019-12-20,16:40:21.528000,11999,12000,11999,5
2019-12-20,16:40:22.311000,11999,12000,11999,1
2019-12-20,16:40:24.306000,11999,12000,11999,1
2019-12-20,16:40:29.221000,11998,11999,11999,1
2019-12-20,16:40:29.752000,11999,12000,11999,1
2019-12-20,16:40:31.469000,11998,11999,11999,1
2019-12-20,16:40:32.562000,11998,11999,11999,1
2019-12-20,16:40:35.861000,11999,12000,11999,1
2019-12-20,16:40:37.186000,11999,12000,11999,1
2019-12-20,16:40:39.641000,11999,12000,11999,5
2019-12-20,16:40:45.386000,11999,12000,11999,3
2019-12-20,16:40:48.432000,11998,11999,11998,23
2019-12-20,16:40:48.432000,11998,11999,11998,3
2019-12-20,16:41:15.434000,11997,11998,11998,2
2019-12-20,16:41:30.157000,11997,11998,11998,1
2019-12-20,16:41:45.753000,11997,11998,11997,1
2019-12-20,16:41:52.107000,11997,11998,11997,1
2019-12-20,16:41:52.139000,11997,11998,11997,15
2019-12-20,16:41:55.395000,11996,11997,11996,11
2019-12-20,16:42:02.942000,11995,11996,11996,1
2019-12-20,16:42:04.540000,11995,11996,11996,1
2019-12-20,16:42:04.966000,11995,11996,11996,1
2019-12-20,16:42:13.648000,11995,11996,11996,1
2019-12-20,16:42:15.813000,11995,11996,11996,1
2019-12-20,16:42:19.692000,11995,11996,11996,1
2019-12-20,16:42:22.119000,11995,11996,11995,1
2019-12-20,16:42:26.029000,11996,11997,11996,1
2019-12-20,16:42:31.022000,11995,11996,11996,1
2019-12-20,16:42:31.391000,11995,11996,11996,1
2019-12-20,16:42:37.317000,11995,11997,11995,1
2019-12-20,16:43:01.442000,11995,11996,11996,5
2019-12-20,16:43:10.532000,11996,11997,11996,1
2019-12-20,16:43:21.511000,11996,11997,11997,2
2019-12-20,16:43:21.511000,11996,11997,11997,2
2019-12-20,16:43:22.221000,11997,11998,11997,1
2019-12-20,16:43:35.754000,11997,11998,11998,1
2019-12-20,16:43:35.918000,11997,11998,11998,1
2019-12-20,16:43:41.552000,11997,11998,11998,2
2019-12-20,16:43:41.552000,11997,11998,11998,3
2019-12-20,16:43:42.325000,11998,11999,11998,1
2019-12-20,16:43:54.423000,11998,11999,11998,2
2019-12-20,16:44:01.604000,11997,11998,11998,1
2019-12-20,16:44:01.858000,11998,11999,11998,2
2019-12-20,16:44:07.602000,11998,11999,11998,7
2019-12-20,16:44:08.998000,11997,11998,11998,2
2019-12-20,16:44:15.919000,11997,11998,11998,4
2019-12-20,16:44:31.153000,11997,11998,11997,3
2019-12-20,16:44:35.450000,11996,11998,11998,1
2019-12-20,16:44:40.463000,11996,11998,11998,1
2019-12-20,16:44:46.110000,11996,11997,11997,1
2019-12-20,16:45:02.990000,11997,11998,11998,3
2019-12-20,16:45:03.482000,11998,11999,11999,1
2019-12-20,16:45:08.176000,11998,11999,11999,5
2019-12-20,16:45:33.471000,11997,11998,11998,4
2019-12-20,16:45:43.227000,11997,11998,11998,3
2019-12-20,16:45:43.516000,11997,11998,11998,3
2019-12-20,16:45:44.694000,11997,11998,11998,1
2019-12-20,16:45:54.074000,11997,11998,11997,1
2019-12-20,16:45:54.178000,11997,11998,11997,1
2019-12-20,16:45:54.542000,11996,11997,11997,2
2019-12-20,16:46:29.069000,11996,11997,11997,1
2019-12-20,16:46:41.814000,11996,11997,11997,3
2019-12-20,16:46:56.741000,11996,11997,11997,1
2019-12-20,16:47:35.463000,11996,11997,11996,4
2019-12-20,16:47:54.327000,11996,11997,11997,1
2019-12-20,16:48:16.455000,11996,11997,11997,11
2019-12-20,16:48:34.506000,11997,11998,11997,1
2019-12-20,16:48:56.946000,11997,11998,11997,2
2019-12-20,16:49:27.539000,11997,11998,11997,6
2019-12-20,16:49:27.539000,11997,11998,11997,1
2019-12-20,16:49:33.982000,11996,11997,11996,5
2019-12-20,16:49:36.752000,11996,11997,11997,1
2019-12-20,16:49:36.768000,11996,11997,11996,1
2019-12-20,16:49:36.769000,11996,11997,11996,2
2019-12-20,16:49:36.769000,11996,11997,11996,1
2019-12-20,16:49:36.773000,11996,11997,11996,1
2019-12-20,16:49:36.773000,11996,11997,11996,1
2019-12-20,16:49:36.773000,11996,11997,11996,1
2019-12-20,16:49:36.775000,11996,11997,11996,1
2019-12-20,16:49:36.777000,11996,11997,11996,1
2019-12-20,16:49:36.777000,11996,11997,11996,2
2019-12-20,16:49:36.777000,11996,11997,11996,1
2019-12-20,16:49:36.777000,11996,11997,11996,1
2019-12-20,16:49:36.777000,11996,11997,11996,1
2019-12-20,16:49:36.778000,11996,11997,11996,2
2019-12-20,16:49:36.778000,11996,11997,11995,1
2019-12-20,16:49:42.805000,11996,11997,11996,1
2019-12-20,16:50:04.304000,11996,11997,11996,1
2019-12-20,16:50:06.279000,11996,11997,11996,10
2019-12-20,16:50:13.102000,11996,11997,11996,2
2019-12-20,16:50:17.844000,11996,11997,11996,2
2019-12-20,16:50:20.523000,11996,11997,11996,1
2019-12-20,16:50:37.395000,11996,11997,11996,1
2019-12-20,16:51:09.779000,11996,11997,11997,2
2019-12-20,16:51:14.318000,11996,11997,11997,1
2019-12-20,16:51:26.451000,11996,11997,11997,5
2019-12-20,16:51:26.451000,11996,11997,11997,4
2019-12-20,16:51:31.189000,11997,11998,11997,1
2019-12-20,16:51:33.932000,11997,11998,11998,1
2019-12-20,16:51:36.981000,11997,11998,11998,10
2019-12-20,16:51:37.881000,11997,11998,11998,6
2019-12-20,16:51:40.724000,11998,11999,11999,10
2019-12-20,16:51:44.323000,11998,11999,11999,2
2019-12-20,16:51:46.159000,11998,11999,11999,10
2019-12-20,16:52:02.819000,11998,11999,11999,1
2019-12-20,16:52:08.351000,11998,11999,11998,2
2019-12-20,16:52:14.660000,11998,11999,11998,2
2019-12-20,16:52:18.234000,11997,11998,11998,1
2019-12-20,16:52:43.818000,11997,11998,11997,4
2019-12-20,16:53:36.066000,11997,11998,11997,1
2019-12-20,16:53:37.622000,11997,11998,11997,1
2019-12-20,16:54:21.322000,11997,11998,11997,2
2019-12-20,16:54:31.430000,11997,11998,11997,1
2019-12-20,16:54:45.207000,11997,11998,11997,1
2019-12-20,16:54:49.780000,11997,11998,11997,2
2019-12-20,16:54:54.223000,11997,11998,11997,1
2019-12-20,16:55:02.278000,11997,11998,11997,1
2019-12-20,16:55:03.112000,11997,11998,11997,1
2019-12-20,16:55:05.566000,11997,11998,11997,1
2019-12-20,16:55:11.359000,11997,11998,11997,1
2019-12-20,16:55:14.994000,11997,11998,11997,1
2019-12-20,16:55:18.973000,11997,11998,11997,1
2019-12-20,16:55:23.346000,11997,11998,11997,1
2019-12-20,16:56:04.961000,11997,11998,11998,1
2019-12-20,16:56:05.707000,11997,11998,11997,1
2019-12-20,16:56:15.113000,11997,11998,11998,1
2019-12-20,16:56:16.703000,11997,11998,11998,1
2019-12-20,16:56:37.388000,11997,11998,11997,3
2019-12-20,16:56:44.232000,11997,11998,11997,1
2019-12-20,16:59:13.673000,11997,11998,11997,3
2019-12-20,16:59:28.458000,11997,11998,11997,1
2019-12-20,16:59:32.669000,11997,11998,11997,2
2019-12-20,16:59:32.761000,11997,11998,11997,2
2019-12-20,16:59:40.559000,11996,11997,11996,1
2019-12-20,16:59:40.559000,11996,11997,11996,1
2019-12-20,16:59:40.636000,11996,11997,11996,1
2019-12-20,16:59:44.856000,11996,11997,11996,1
2019-12-20,16:59:44.856000,11996,11997,11996,9
2019-12-20,16:59:44.856000,11996,11997,11996,3
2019-12-20,16:59:53.277000,11995,11996,11995,2
2019-12-20,16:59:54.944000,11995,11996,11995,1
2019-12-20,17:00:01.372000,11995,11996,11995,1
2019-12-20,17:00:04.030000,11995,11996,11995,1
2019-12-20,17:00:05.386000,11995,11996,11995,13
2019-12-20,17:00:05.386000,11995,11996,11995,8
2019-12-20,17:00:05.386000,11995,11996,11995,1
2019-12-20,17:00:05.386000,11995,11996,11995,7
2019-12-20,17:00:16.355000,11994,11995,11995,1
2019-12-20,17:00:16.512000,11994,11995,11994,1
2019-12-20,17:00:17.357000,11994,11996,11994,2
2019-12-20,17:00:34.772000,11994,11995,11994,1
2019-12-20,17:00:34.904000,11994,11995,11994,2
2019-12-20,17:00:36.622000,11994,11995,11994,1
2019-12-20,17:00:45.439000,11994,11995,11994,1
2019-12-20,17:00:59.798000,11994,11995,11994,1
2019-12-20,17:01:04.438000,11994,11995,11994,1
2019-12-20,17:01:14.843000,11994,11995,11994,2
2019-12-20,17:01:25.236000,11994,11995,11994,14
2019-12-20,17:01:25.236000,11994,11995,11994,1
2019-12-20,17:01:25.237000,11994,11995,11994,2
2019-12-20,17:01:25.237000,11994,11995,11994,1
2019-12-20,17:01:27.353000,11993,11994,11994,1
2019-12-20,17:01:27.364000,11993,11994,11994,2
2019-12-20,17:01:28.528000,11994,11995,11995,3
2019-12-20,17:01:30.879000,11994,11995,11994,20
2019-12-20,17:01:30.956000,11994,11995,11995,3
2019-12-20,17:01:30.961000,11994,11995,11995,3
2019-12-20,17:01:31.011000,11994,11995,11995,1
2019-12-20,17:01:34.810000,11994,11995,11995,1
2019-12-20,17:01:37.360000,11995,11996,11995,1
2019-12-20,17:01:47.270000,11995,11996,11995,4
2019-12-20,17:01:48.482000,11995,11996,11995,1
2019-12-20,17:01:49.876000,11995,11996,11995,1
2019-12-20,17:02:15.198000,11995,11996,11995,2
2019-12-20,17:02:15.199000,11995,11996,11995,1
2019-12-20,17:02:15.261000,11995,11996,11995,2
2019-12-20,17:02:15.261000,11995,11996,11995,2
2019-12-20,17:02:27.016000,11994,11995,11995,1
2019-12-20,17:02:44.522000,11994,11995,11994,1
2019-12-20,17:02:45.789000,11994,11995,11994,2
2019-12-20,17:03:15.521000,11994,11995,11994,1
2019-12-20,17:03:15.838000,11994,11995,11995,4
2019-12-20,17:03:15.838000,11994,11995,11996,6
2019-12-20,17:03:24.294000,11994,11995,11994,1
2019-12-20,17:03:46.844000,11994,11995,11994,12
2019-12-20,17:03:58.041000,11993,11994,11993,2
2019-12-20,17:03:58.361000,11993,11994,11993,1
2019-12-20,17:03:59.670000,11993,11994,11993,1
2019-12-20,17:04:11.290000,11993,11994,11993,1
2019-12-20,17:04:21.291000,11993,11994,11994,1
2019-12-20,17:04:54.990000,11993,11994,11993,1
2019-12-20,17:05:06.958000,11993,11994,11994,1
2019-12-20,17:05:34.011000,11993,11994,11994,8
2019-12-20,17:05:55.961000,11994,11995,11994,2
2019-12-20,17:05:55.961000,11994,11995,11994,1
2019-12-20,17:05:55.961000,11994,11995,11994,1
2019-12-20,17:06:05.325000,11994,11995,11994,1
2019-12-20,17:06:49.327000,11994,11995,11995,2
2019-12-20,17:07:04.616000,11994,11995,11995,1
2019-12-20,17:07:05.235000,11994,11995,11995,1
2019-12-20,17:07:37.301000,11994,11995,11995,1
2019-12-20,17:07:37.319000,11994,11995,11994,4
2019-12-20,17:07:43.439000,11994,11995,11994,5
2019-12-20,17:07:43.649000,11994,11995,11994,1
2019-12-20,17:07:44.502000,11994,11995,11994,5
2019-12-20,17:07:53.427000,11994,11995,11994,1
2019-12-20,17:07:53.511000,11994,11995,11994,6
2019-12-20,17:08:20.543000,11993,11994,11993,2
2019-12-20,17:08:43.887000,11993,11994,11994,9
2019-12-20,17:08:47.003000,11994,11995,11994,5
2019-12-20,17:08:59.765000,11994,11995,11994,1
2019-12-20,17:09:19.474000,11993,11994,11994,2
2019-12-20,17:09:43.636000,11994,11995,11995,8
2019-12-20,17:09:55.790000,11995,11996,11995,10
2019-12-20,17:11:02.365000,11994,11995,11994,1
2019-12-20,17:11:57.824000,11994,11995,11995,1
2019-12-20,17:12:27.936000,11994,11995,11995,2
2019-12-20,17:12:36.338000,11994,11995,11995,2
2019-12-20,17:12:47.734000,11994,11995,11995,1
2019-12-20,17:13:10.579000,11994,11995,11995,1
2019-12-20,17:13:19.578000,11994,11995,11994,4
2019-12-20,17:13:23.852000,11994,11995,11994,1
2019-12-20,17:13:23.886000,11994,11995,11994,4
2019-12-20,17:13:24.011000,11994,11995,11994,3
2019-12-20,17:13:24.011000,11994,11995,11994,1
2019-12-20,17:13:24.011000,11994,11995,11994,2
2019-12-20,17:13:24.366000,11993,11994,11994,2
2019-12-20,17:13:56.431000,11993,11994,11993,1
2019-12-20,17:14:10.744000,11993,11994,11993,14
2019-12-20,17:14:29.699000,11992,11993,11992,2
2019-12-20,17:14:29.786000,11992,11993,11992,1
2019-12-20,17:14:30.071000,11992,11993,11993,1
2019-12-20,17:14:37.396000,11992,11993,11993,1
2019-12-20,17:14:57.565000,11992,11993,11993,1
2019-12-20,17:15:01.620000,11992,11993,11993,1
2019-12-20,17:15:01.620000,11992,11993,11993,3
2019-12-20,17:15:01.636000,11993,11994,11993,1
2019-12-20,17:15:01.686000,11993,11994,11994,3
2019-12-20,17:15:01.761000,11993,11994,11993,2
2019-12-20,17:15:31.198000,11992,11993,11993,1
2019-12-20,17:15:36.559000,11992,11993,11992,15
2019-12-20,17:15:46.906000,11992,11993,11992,2
2019-12-20,17:15:47.888000,11991,11992,11992,2
2019-12-20,17:15:52.310000,11991,11992,11992,1
2019-12-20,17:15:52.386000,11991,11992,11992,7
2019-12-20,17:16:02.729000,11992,11993,11993,1
2019-12-20,17:16:30.239000,11992,11993,11993,1
2019-12-20,17:17:12.845000,11992,11993,11992,6
2019-12-20,17:17:12.886000,11992,11993,11992,3
2019-12-20,17:17:13.011000,11992,11993,11992,1
2019-12-20,17:17:13.362000,11991,11992,11992,2
2019-12-20,17:17:38.105000,11991,11992,11991,1
2019-12-20,17:17:38.166000,11991,11992,11991,1
2019-12-20,17:17:38.174000,11991,11992,11991,1
2019-12-20,17:17:45.139000,11991,11992,11991,2
2019-12-20,17:17:51.870000,11991,11992,11991,3
2019-12-20,17:17:54.120000,11991,11992,11991,3
2019-12-20,17:17:57.454000,11991,11992,11991,1
2019-12-20,17:18:01.454000,11991,11992,11991,1
2019-12-20,17:18:03.052000,11991,11992,11991,1
2019-12-20,17:18:03.310000,11991,11992,11991,1
2019-12-20,17:18:06.089000,11991,11992,11991,2
2019-12-20,17:18:11.687000,11991,11992,11992,1
2019-12-20,17:18:11.811000,11991,11992,11992,1
2019-12-20,17:18:11.972000,11991,11992,11992,2
2019-12-20,17:18:11.972000,11991,11992,11992,4
2019-12-20,17:18:15.318000,11992,11993,11992,1
2019-12-20,17:18:16.757000,11992,11993,11992,1
2019-12-20,17:18:20.553000,11992,11993,11992,1
2019-12-20,17:18:33.044000,11992,11993,11992,1
2019-12-20,17:18:44.081000,11992,11993,11992,4
2019-12-20,17:18:45.196000,11992,11993,11992,1
2019-12-20,17:19:00.599000,11991,11993,11992,1
2019-12-20,17:19:05.009000,11991,11992,11992,1
2019-12-20,17:19:07.603000,11991,11992,11992,1
2019-12-20,17:19:12.420000,11991,11993,11991,2
2019-12-20,17:19:14.834000,11991,11992,11992,1
2019-12-20,17:19:15.889000,11991,11992,11992,1
2019-12-20,17:19:39.127000,11992,11993,11992,1
2019-12-20,17:19:39.127000,11992,11993,11991,1
2019-12-20,17:19:45.761000,11991,11992,11992,2
2019-12-20,17:19:56.082000,11991,11992,11992,2
2019-12-20,17:19:58.876000,11991,11992,11992,1
2019-12-20,17:20:09.909000,11991,11992,11992,1
2019-12-20,17:20:19.899000,11992,11993,11992,1
2019-12-20,17:20:36.559000,11992,11993,11992,2
2019-12-20,17:20:37.529000,11991,11992,11992,1
2019-12-20,17:20:40.345000,11991,11992,11991,1
2019-12-20,17:20:57.909000,11991,11992,11991,7
2019-12-20,17:20:57.909000,11991,11992,11990,3
2019-12-20,17:20:58.223000,11990,11991,11990,2
2019-12-20,17:20:58.296000,11990,11991,11990,1
2019-12-20,17:20:58.395000,11990,11991,11990,1
2019-12-20,17:21:04.455000,11990,11991,11991,1
2019-12-20,17:21:11.609000,11990,11991,11990,1
2019-12-20,17:21:17.835000,11990,11991,11990,1
2019-12-20,17:21:34.559000,11990,11991,11991,4
2019-12-20,17:21:34.559000,11990,11991,11992,1
2019-12-20,17:21:42.058000,11990,11991,11991,1
2019-12-20,17:22:03.050000,11991,11992,11991,1
2019-12-20,17:22:04.654000,11991,11992,11991,1
2019-12-20,17:22:40.702000,11991,11992,11991,1
2019-12-20,17:22:44.673000,11991,11992,11991,1
2019-12-20,17:23:00.557000,11991,11992,11991,1
2019-12-20,17:23:07.086000,11991,11992,11991,2
2019-12-20,17:23:07.202000,11991,11992,11991,4
2019-12-20,17:23:10.642000,11991,11992,11991,1
2019-12-20,17:23:52.515000,11991,11992,11991,2
2019-12-20,17:24:01.786000,11991,11992,11991,4
2019-12-20,17:24:01.886000,11991,11992,11991,1
2019-12-20,17:24:16.829000,11991,11992,11991,1
2019-12-20,17:24:32.886000,11991,11992,11991,1
2019-12-20,17:24:32.886000,11991,11992,11991,3
2019-12-20,17:24:33.011000,11991,11992,11991,3
2019-12-20,17:24:51.544000,11991,11992,11991,1
2019-12-20,17:25:00.018000,11991,11992,11991,1
2019-12-20,17:25:16.261000,11991,11992,11991,4
2019-12-20,17:25:21.141000,11990,11991,11991,1
2019-12-20,17:25:23.384000,11991,11992,11991,1
2019-12-20,17:25:31.659000,11991,11992,11991,2
2019-12-20,17:25:34.131000,11990,11991,11991,1
2019-12-20,17:25:35.685000,11991,11992,11991,1
2019-12-20,17:25:37.276000,11990,11991,11991,1
2019-12-20,17:25:37.532000,11990,11991,11991,1
2019-12-20,17:26:07.767000,11991,11992,11991,1
2019-12-20,17:26:30.510000,11991,11992,11992,5
2019-12-20,17:26:38.600000,11991,11992,11992,2
2019-12-20,17:26:43.001000,11991,11992,11992,1
2019-12-20,17:26:48.612000,11991,11992,11992,1
2019-12-20,17:27:01.898000,11991,11992,11991,1
2019-12-20,17:27:12.720000,11991,11992,11991,11
2019-12-20,17:27:15.327000,11990,11991,11991,1
2019-12-20,17:27:53.365000,11990,11991,11991,1
2019-12-20,17:27:53.389000,11990,11991,11991,3
2019-12-20,17:27:54.027000,11990,11991,11990,1
2019-12-20,17:28:19.924000,11990,11991,11990,1
2019-12-20,17:28:24.465000,11990,11991,11990,1
2019-12-20,17:29:19.353000,11990,11991,11990,1
2019-12-20,17:29:24.012000,11990,11991,11991,1
2019-12-20,17:29:28.831000,11990,11991,11991,1
2019-12-20,17:29:35.386000,11990,11991,11990,1
2019-12-20,17:29:35.386000,11990,11991,11990,5
2019-12-20,17:29:35.386000,11990,11991,11990,4
2019-12-20,17:29:35.436000,11990,11991,11990,4
2019-12-20,17:29:35.436000,11990,11991,11990,1
2019-12-20,17:29:35.511000,11990,11991,11990,2
2019-12-20,17:29:35.511000,11990,11991,11990,2
2019-12-20,17:29:35.511000,11990,11991,11990,9
2019-12-20,17:29:51.635000,11989,11990,11990,2
2019-12-20,17:29:56.177000,11989,11990,11989,15
2019-12-20,17:29:56.261000,11989,11990,11989,1
2019-12-20,17:29:56.261000,11989,11990,11989,1
2019-12-20,17:29:56.877000,11988,11989,11988,1
2019-12-20,17:29:56.911000,11988,11989,11988,1
2019-12-20,17:29:56.917000,11988,11989,11988,1
2019-12-20,17:29:56.922000,11988,11989,11988,1
2019-12-20,17:29:56.935000,11988,11989,11988,1
2019-12-20,17:29:56.986000,11988,11989,11988,1
2019-12-20,17:29:57.011000,11988,11989,11988,4
2019-12-20,17:30:06.842000,11987,11988,11988,1
2019-12-20,17:30:08.005000,11988,11989,11988,1
2019-12-20,17:30:08.537000,11988,11989,11988,1
2019-12-20,17:30:32.152000,11987,11988,11987,1
2019-12-20,17:30:32.513000,11987,11988,11987,1
2019-12-20,17:30:32.555000,11987,11988,11987,1
2019-12-20,17:30:32.561000,11987,11988,11987,5
2019-12-20,17:30:35.154000,11987,11988,11987,1
2019-12-20,17:30:43.882000,11987,11988,11987,1
2019-12-20,17:30:44.146000,11987,11988,11987,1
2019-12-20,17:30:57.262000,11987,11988,11988,1
2019-12-20,17:31:03.636000,11987,11988,11988,1
2019-12-20,17:31:03.636000,11987,11988,11988,4
2019-12-20,17:31:04.337000,11988,11989,11989,1
2019-12-20,17:31:06.175000,11988,11989,11989,1
2019-12-20,17:31:10.503000,11988,11989,11989,1
2019-12-20,17:31:13.680000,11988,11989,11988,9
2019-12-20,17:31:25.676000,11988,11989,11988,2
2019-12-20,17:31:29.656000,11988,11989,11989,3
2019-12-20,17:31:34.192000,11988,11989,11989,2
2019-12-20,17:31:34.495000,11988,11989,11989,1
2019-12-20,17:32:13.215000,11988,11989,11988,1
2019-12-20,17:32:24.101000,11988,11989,11988,1
2019-12-20,17:32:28.297000,11988,11989,11988,2
2019-12-20,17:32:33.406000,11988,11989,11988,2
2019-12-20,17:32:44.538000,11987,11988,11988,1
2019-12-20,17:32:47.789000,11987,11988,11987,1
2019-12-20,17:32:56.457000,11987,11988,11987,2
2019-12-20,17:33:11.422000,11987,11988,11988,3
2019-12-20,17:33:11.511000,11987,11988,11988,1
2019-12-20,17:33:11.958000,11987,11989,11987,1
2019-12-20,17:33:15.208000,11988,11989,11988,3
2019-12-20,17:33:23.031000,11988,11989,11988,1
2019-12-20,17:33:23.300000,11987,11988,11988,1
2019-12-20,17:33:35.837000,11987,11988,11988,1
2019-12-20,17:33:48.486000,11987,11988,11987,2
2019-12-20,17:34:00.189000,11987,11988,11988,6
2019-12-20,17:34:02.339000,11988,11989,11989,2
2019-12-20,17:34:03.482000,11988,11989,11989,2
2019-12-20,17:34:04.287000,11988,11989,11989,2
2019-12-20,17:34:09.558000,11988,11989,11989,1
2019-12-20,17:34:15.230000,11988,11989,11988,2
2019-12-20,17:34:42.892000,11987,11988,11988,4
2019-12-20,17:34:43.039000,11987,11988,11988,3
2019-12-20,17:35:07.605000,11987,11988,11987,5
2019-12-20,17:35:22.866000,11987,11988,11987,1
2019-12-20,17:35:57.463000,11987,11988,11987,1
2019-12-20,17:36:05.543000,11987,11988,11987,1
2019-12-20,17:36:06.514000,11987,11988,11987,1
2019-12-20,17:36:10.258000,11987,11988,11987,20
2019-12-20,17:36:10.261000,11987,11988,11987,1
2019-12-20,17:36:10.615000,11986,11987,11987,2
2019-12-20,17:36:19.631000,11986,11987,11987,1
2019-12-20,17:36:19.636000,11986,11987,11987,2
2019-12-20,17:36:28.622000,11987,11988,11987,1
2019-12-20,17:36:38.578000,11987,11988,11987,1
2019-12-20,17:36:49.786000,11987,11988,11987,1
2019-12-20,17:37:16.393000,11987,11988,11988,2
2019-12-20,17:37:17.046000,11987,11988,11988,2
2019-12-20,17:37:24.297000,11987,11988,11988,1
2019-12-20,17:37:27.198000,11987,11988,11988,2
2019-12-20,17:37:27.929000,11987,11988,11988,2
2019-12-20,17:37:31.287000,11987,11988,11988,6
2019-12-20,17:37:31.386000,11987,11988,11988,1
2019-12-20,17:37:49.827000,11988,11989,11988,4
2019-12-20,17:37:50.844000,11987,11988,11988,1
2019-12-20,17:38:16.754000,11988,11989,11988,7
2019-12-20,17:38:38.401000,11987,11988,11987,1
2019-12-20,17:39:01.158000,11987,11988,11987,1
2019-12-20,17:39:02.149000,11987,11988,11987,2
2019-12-20,17:39:08.141000,11987,11988,11987,1
2019-12-20,17:39:08.261000,11987,11988,11987,8
2019-12-20,17:39:08.745000,11986,11988,11988,1
2019-12-20,17:39:14.935000,11987,11988,11988,1
2019-12-20,17:39:38.234000,11987,11988,11987,4
2019-12-20,17:39:44.398000,11987,11988,11987,1
2019-12-20,17:39:48.399000,11987,11988,11988,5
2019-12-20,17:39:48.863000,11987,11988,11988,5
2019-12-20,17:40:06.852000,11987,11988,11988,1
2019-12-20,17:40:22.434000,11987,11988,11988,7
2019-12-20,17:40:27.717000,11987,11988,11988,2
2019-12-20,17:40:30.129000,11987,11988,11987,1
2019-12-20,17:40:42.817000,11987,11988,11987,1
2019-12-20,17:40:45.706000,11987,11988,11987,1
2019-12-20,17:41:08.408000,11987,11988,11988,4
2019-12-20,17:41:14.974000,11987,11988,11988,4
2019-12-20,17:41:40.459000,11987,11988,11988,1
2019-12-20,17:41:44.315000,11987,11988,11988,1
2019-12-20,17:41:47.957000,11987,11988,11988,6
2019-12-20,17:41:52.432000,11988,11989,11989,2
2019-12-20,17:41:52.535000,11989,11990,11990,2
2019-12-20,17:41:52.636000,11989,11990,11989,1
2019-12-20,17:41:52.657000,11989,11990,11990,3
2019-12-20,17:41:52.766000,11989,11990,11990,1
2019-12-20,17:41:52.775000,11989,11990,11990,1
2019-12-20,17:41:52.905000,11989,11990,11990,3
2019-12-20,17:41:55.757000,11989,11990,11989,1
2019-12-20,17:41:59.849000,11989,11990,11989,2
2019-12-20,17:42:07.953000,11988,11989,11989,2
2019-12-20,17:42:42.170000,11989,11990,11989,5
2019-12-20,17:42:45.354000,11989,11990,11989,1
2019-12-20,17:42:48.845000,11989,11990,11990,2
2019-12-20,17:42:51.329000,11989,11990,11989,1
2019-12-20,17:43:01.365000,11989,11990,11990,2
2019-12-20,17:43:10.745000,11989,11990,11990,1
2019-12-20,17:43:18.578000,11989,11990,11990,1
2019-12-20,17:43:33.226000,11989,11990,11989,1
2019-12-20,17:43:34.705000,11989,11990,11990,1
2019-12-20,17:43:35.246000,11989,11990,11990,1
2019-12-20,17:43:43.327000,11989,11990,11989,15
2019-12-20,17:43:59.604000,11988,11989,11988,1
2019-12-20,17:44:10.052000,11988,11989,11988,12
2019-12-20,17:44:12.346000,11988,11989,11988,2
2019-12-20,17:44:12.991000,11987,11988,11988,1
2019-12-20,17:44:31.199000,11987,11988,11988,1
2019-12-20,17:44:40.914000,11987,11988,11988,1
2019-12-20,17:44:42.212000,11987,11989,11989,1
2019-12-20,17:44:55.571000,11988,11989,11988,3
2019-12-20,17:44:58.773000,11988,11989,11988,1
2019-12-20,17:45:19.072000,11988,11989,11988,1
2019-12-20,17:45:30.743000,11987,11989,11989,1
2019-12-20,17:45:31.992000,11987,11988,11988,1
2019-12-20,17:45:47.372000,11987,11988,11988,2
2019-12-20,17:45:47.372000,11987,11988,11988,2
2019-12-20,17:45:55.030000,11988,11989,11988,1
2019-12-20,17:46:21.174000,11988,11989,11989,3
2019-12-20,17:47:26.433000,11988,11989,11988,2
2019-12-20,17:47:26.434000,11988,11989,11988,4
2019-12-20,17:47:26.435000,11988,11989,11988,3
2019-12-20,17:47:26.511000,11988,11989,11988,1
2019-12-20,17:47:26.512000,11988,11989,11988,5
2019-12-20,17:47:26.644000,11987,11989,11988,1
2019-12-20,17:47:26.645000,11987,11989,11988,1
2019-12-20,17:47:26.647000,11987,11989,11988,1
2019-12-20,17:47:26.648000,11987,11989,11988,1
2019-12-20,17:47:26.653000,11987,11989,11988,1
2019-12-20,17:47:26.654000,11987,11989,11988,1
2019-12-20,17:47:26.654000,11987,11989,11988,1
2019-12-20,17:47:26.656000,11987,11989,11988,1
2019-12-20,17:47:26.656000,11987,11989,11989,1
2019-12-20,17:47:26.657000,11987,11989,11989,2
2019-12-20,17:47:26.666000,11987,11989,11989,1
2019-12-20,17:47:26.667000,11987,11989,11989,1
2019-12-20,17:47:26.669000,11987,11989,11989,1
2019-12-20,17:47:26.669000,11987,11989,11989,2
2019-12-20,17:47:26.669000,11987,11989,11989,1
2019-12-20,17:47:39.281000,11988,11989,11988,1
2019-12-20,17:48:22.113000,11988,11989,11988,1
2019-12-20,17:49:10.886000,11988,11989,11988,1
2019-12-20,17:49:11.003000,11988,11989,11988,4
2019-12-20,17:49:11.003000,11988,11989,11988,2
2019-12-20,17:49:50.833000,11987,11988,11988,3
2019-12-20,17:49:56.056000,11987,11989,11987,1
2019-12-20,17:50:09.106000,11987,11988,11988,1
2019-12-20,17:50:09.142000,11987,11988,11987,1
2019-12-20,17:50:18.947000,11987,11988,11987,1
2019-12-20,17:50:19.581000,11987,11988,11987,1
2019-12-20,17:50:20.437000,11987,11988,11988,1
2019-12-20,17:50:36.591000,11987,11988,11988,1
2019-12-20,17:51:08.149000,11987,11988,11987,1
2019-12-20,17:51:08.175000,11987,11988,11987,1
2019-12-20,17:51:08.176000,11987,11988,11987,1
2019-12-20,17:51:08.177000,11987,11988,11987,15
2019-12-20,17:51:13.548000,11986,11987,11987,1
2019-12-20,17:51:13.837000,11986,11987,11986,1
2019-12-20,17:51:14.038000,11986,11987,11986,1
2019-12-20,17:51:16.136000,11986,11987,11986,7
2019-12-20,17:51:16.197000,11986,11987,11986,2
2019-12-20,17:51:16.197000,11986,11987,11986,1
2019-12-20,17:51:16.261000,11986,11987,11986,2
2019-12-20,17:51:16.261000,11986,11987,11986,2
2019-12-20,17:51:16.261000,11986,11987,11986,1
2019-12-20,17:51:16.261000,11986,11987,11986,2
2019-12-20,17:51:16.261000,11986,11987,11986,1
2019-12-20,17:51:16.261000,11986,11987,11986,1
2019-12-20,17:51:16.261000,11986,11987,11986,2
2019-12-20,17:51:16.261000,11986,11987,11986,1
2019-12-20,17:51:16.261000,11986,11987,11986,1
2019-12-20,17:51:16.261000,11986,11987,11986,5
2019-12-20,17:51:16.610000,11985,11986,11986,3
2019-12-20,17:51:23.046000,11985,11986,11985,4
2019-12-20,17:51:23.155000,11985,11986,11985,1
2019-12-20,17:51:23.159000,11985,11986,11985,1
2019-12-20,17:51:23.226000,11985,11986,11985,1
2019-12-20,17:51:23.278000,11985,11986,11985,5
2019-12-20,17:51:23.292000,11985,11986,11985,2
2019-12-20,17:51:23.292000,11985,11986,11984,3
2019-12-20,17:51:23.511000,11985,11986,11985,1
2019-12-20,17:51:23.529000,11985,11986,11985,1
2019-12-20,17:51:23.529000,11985,11986,11984,4
2019-12-20,17:51:24.663000,11984,11985,11984,1
2019-12-20,17:51:27.285000,11984,11985,11984,1
2019-12-20,17:51:27.400000,11984,11985,11984,3
2019-12-20,17:51:27.847000,11984,11985,11985,1
2019-12-20,17:51:28.061000,11984,11985,11984,1
2019-12-20,17:51:28.454000,11984,11985,11984,1
2019-12-20,17:51:29.083000,11984,11985,11984,1
2019-12-20,17:51:29.614000,11984,11985,11984,1
2019-12-20,17:51:30.734000,11984,11985,11984,2
2019-12-20,17:51:34.593000,11984,11985,11984,1
2019-12-20,17:51:41.489000,11984,11985,11985,1
2019-12-20,17:51:41.523000,11985,11986,11986,2
2019-12-20,17:51:42.446000,11985,11986,11985,1
2019-12-20,17:51:42.629000,11985,11986,11985,1
2019-12-20,17:51:42.754000,11984,11986,11984,1
2019-12-20,17:51:45.808000,11984,11986,11984,1
2019-12-20,17:51:50.282000,11985,11986,11985,1
2019-12-20,17:51:51.187000,11985,11986,11985,1
2019-12-20,17:51:56.774000,11985,11986,11985,2
2019-12-20,17:51:59.714000,11985,11986,11985,2
2019-12-20,17:52:04.528000,11985,11986,11986,3
2019-12-20,17:52:05.639000,11985,11987,11985,1
2019-12-20,17:52:18.520000,11986,11987,11986,1
2019-12-20,17:52:20.542000,11986,11987,11986,1
2019-12-20,17:52:21.097000,11986,11987,11986,1
2019-12-20,17:52:29.280000,11986,11987,11986,2
2019-12-20,17:52:31.511000,11986,11987,11987,1
2019-12-20,17:52:31.511000,11986,11987,11987,1
2019-12-20,17:52:33.216000,11986,11987,11987,1
2019-12-20,17:52:38.141000,11987,11988,11988,5
2019-12-20,17:52:38.221000,11987,11988,11989,1
2019-12-20,17:52:38.274000,11988,11989,11989,3
2019-12-20,17:52:38.727000,11988,11989,11988,1
2019-12-20,17:52:39.032000,11988,11989,11989,2
2019-12-20,17:52:39.122000,11988,11989,11988,1
2019-12-20,17:52:39.468000,11988,11989,11989,2
2019-12-20,17:52:40.115000,11988,11989,11989,2
2019-12-20,17:52:40.139000,11988,11989,11989,1
2019-12-20,17:52:42.133000,11988,11989,11988,1
2019-12-20,17:52:46.659000,11988,11989,11989,1
2019-12-20,17:52:49.786000,11988,11989,11988,2
2019-12-20,17:52:51.254000,11988,11989,11989,1
2019-12-20,17:52:52.952000,11988,11989,11989,1
2019-12-20,17:52:54.689000,11989,11990,11989,1
2019-12-20,17:52:56.017000,11989,11990,11989,2
2019-12-20,17:53:02.188000,11989,11990,11989,1
2019-12-20,17:53:02.213000,11989,11990,11989,2
2019-12-20,17:53:21.728000,11989,11990,11989,1
2019-12-20,17:53:36.698000,11989,11990,11989,1
2019-12-20,17:53:37.957000,11989,11990,11989,1
2019-12-20,17:53:41.938000,11989,11990,11989,1
2019-12-20,17:53:42.496000,11989,11990,11989,1
2019-12-20,17:53:50.075000,11989,11990,11989,2
2019-12-20,17:54:28.536000,11989,11990,11989,2
2019-12-20,17:54:38.532000,11989,11990,11989,1
2019-12-20,17:55:26.782000,11988,11989,11989,10
2019-12-20,17:56:03.769000,11989,11990,11990,2
2019-12-20,17:56:06.841000,11989,11990,11990,1
2019-12-20,17:56:06.842000,11989,11990,11990,2
2019-12-20,17:56:06.894000,11990,11991,11991,1
2019-12-20,17:56:07.156000,11990,11991,11991,1
2019-12-20,17:56:10.799000,11990,11991,11991,1
2019-12-20,17:56:36.951000,11990,11991,11991,1
2019-12-20,17:56:44.536000,11990,11991,11991,1
2019-12-20,17:56:48.468000,11990,11991,11991,2
2019-12-20,17:56:53.015000,11991,11992,11991,2
2019-12-20,17:57:07.876000,11990,11991,11991,1
2019-12-20,17:57:08.544000,11990,11991,11991,1
2019-12-20,17:57:08.544000,11990,11991,11991,1
2019-12-20,17:57:18.851000,11990,11991,11991,1
2019-12-20,17:57:25.134000,11990,11991,11991,1
2019-12-20,17:58:30.376000,11990,11991,11991,3
2019-12-20,17:58:34.924000,11990,11991,11991,1
2019-12-20,17:58:36.136000,11990,11991,11991,4
2019-12-20,17:58:38.501000,11991,11992,11991,1
2019-12-20,17:58:39.504000,11991,11992,11991,1
