2020-06-02,15:00:00.001000,11113,11114,11112,42
2020-06-02,15:00:00.189000,11111,11112,11112,1
2020-06-02,15:00:00.193000,11111,11112,11112,3
2020-06-02,15:00:00.217000,11111,11112,11113,1
2020-06-02,15:00:00.346000,11112,11113,11112,1
2020-06-02,15:00:00.381000,11112,11113,11113,1
2020-06-02,15:00:00.491000,11112,11113,11113,2
2020-06-02,15:00:00.564000,11112,11113,11113,2
2020-06-02,15:00:00.604000,11112,11113,11112,1
2020-06-02,15:00:00.610000,11112,11113,11113,1
2020-06-02,15:00:00.621000,11112,11113,11113,2
2020-06-02,15:00:00.676000,11112,11113,11113,1
2020-06-02,15:00:00.711000,11112,11113,11113,1
2020-06-02,15:00:00.762000,11112,11113,11114,1
2020-06-02,15:00:00.769000,11112,11113,11114,3
2020-06-02,15:00:00.771000,11112,11113,11114,1
2020-06-02,15:00:00.781000,11112,11113,11114,1
2020-06-02,15:00:00.829000,11112,11114,11114,3
2020-06-02,15:00:01.005000,11113,11114,11114,10
2020-06-02,15:00:01.057000,11113,11115,11115,1
2020-06-02,15:00:01.265000,11113,11115,11115,3
2020-06-02,15:00:01.482000,11113,11115,11115,1
2020-06-02,15:00:02.171000,11113,11114,11114,1
2020-06-02,15:00:03.225000,11113,11114,11113,1
2020-06-02,15:00:03.773000,11112,11114,11112,1
2020-06-02,15:00:04.414000,11112,11113,11113,1
2020-06-02,15:00:04.577000,11112,11114,11112,1
2020-06-02,15:00:04.626000,11112,11114,11112,1
2020-06-02,15:00:04.949000,11112,11114,11112,1
2020-06-02,15:00:05.934000,11112,11114,11112,1
2020-06-02,15:00:06.337000,11112,11114,11112,1
2020-06-02,15:00:06.370000,11112,11114,11112,12
2020-06-02,15:00:07.546000,11111,11112,11112,1
2020-06-02,15:00:08.526000,11112,11113,11113,1
2020-06-02,15:00:08.831000,11112,11113,11113,1
2020-06-02,15:00:09.133000,11111,11113,11113,2
2020-06-02,15:00:15.152000,11111,11112,11112,1
2020-06-02,15:00:15.661000,11111,11112,11111,1
2020-06-02,15:00:15.690000,11111,11112,11111,1
2020-06-02,15:00:16.114000,11111,11112,11111,1
2020-06-02,15:00:16.614000,11111,11112,11111,1
2020-06-02,15:00:20.633000,11111,11112,11111,1
2020-06-02,15:00:20.877000,11111,11112,11111,1
2020-06-02,15:00:22.054000,11111,11112,11111,4
2020-06-02,15:00:22.508000,11110,11111,11110,1
2020-06-02,15:00:23.899000,11110,11111,11111,3
2020-06-02,15:00:24.416000,11110,11111,11110,2
2020-06-02,15:00:25.229000,11110,11111,11110,2
2020-06-02,15:00:25.328000,11110,11111,11110,1
2020-06-02,15:00:26.790000,11110,11111,11111,1
2020-06-02,15:00:29.676000,11110,11111,11111,2
2020-06-02,15:00:32.026000,11110,11111,11111,1
2020-06-02,15:00:33.372000,11110,11111,11110,3
2020-06-02,15:00:38.530000,11110,11111,11110,5
2020-06-02,15:00:39.208000,11110,11111,11110,1
2020-06-02,15:00:43.785000,11110,11111,11110,1
2020-06-02,15:00:43.991000,11110,11111,11110,1
2020-06-02,15:00:45.228000,11110,11111,11110,4
2020-06-02,15:00:45.230000,11110,11111,11110,1
2020-06-02,15:00:46.498000,11110,11111,11110,3
2020-06-02,15:00:49.283000,11110,11111,11110,1
2020-06-02,15:00:49.587000,11110,11111,11110,1
2020-06-02,15:00:49.589000,11110,11111,11110,1
2020-06-02,15:00:51.172000,11110,11111,11111,10
2020-06-02,15:00:51.176000,11110,11111,11110,2
2020-06-02,15:00:56.838000,11111,11112,11111,3
2020-06-02,15:00:57.432000,11111,11112,11111,1
2020-06-02,15:00:57.853000,11111,11112,11111,1
2020-06-02,15:00:59.565000,11111,11112,11111,1
2020-06-02,15:01:00.026000,11110,11112,11111,1
2020-06-02,15:01:00.098000,11110,11112,11112,1
2020-06-02,15:01:02.404000,11110,11112,11111,3
2020-06-02,15:01:02.587000,11110,11111,11111,1
2020-06-02,15:01:02.588000,11110,11111,11111,1
2020-06-02,15:01:04.153000,11110,11111,11111,1
2020-06-02,15:01:04.774000,11110,11112,11112,1
2020-06-02,15:01:08.771000,11110,11112,11112,1
2020-06-02,15:01:09.454000,11110,11112,11110,1
2020-06-02,15:01:11.021000,11111,11112,11111,1
2020-06-02,15:01:16.037000,11111,11112,11111,1
2020-06-02,15:01:18.886000,11111,11112,11111,1
2020-06-02,15:01:19.155000,11110,11112,11112,1
2020-06-02,15:01:19.794000,11110,11112,11112,10
2020-06-02,15:01:20.039000,11111,11112,11112,10
2020-06-02,15:01:20.039000,11111,11112,11112,5
2020-06-02,15:01:20.039000,11111,11112,11112,1
2020-06-02,15:01:20.989000,11111,11113,11111,1
2020-06-02,15:01:22.174000,11111,11112,11112,2
2020-06-02,15:01:25.470000,11112,11113,11112,1
2020-06-02,15:01:33.371000,11111,11113,11112,1
2020-06-02,15:01:34.057000,11111,11113,11113,5
2020-06-02,15:01:39.860000,11112,11113,11113,2
2020-06-02,15:01:41.106000,11112,11113,11112,1
2020-06-02,15:01:44.262000,11111,11113,11113,2
2020-06-02,15:01:50.633000,11112,11113,11112,2
2020-06-02,15:01:51.455000,11112,11113,11112,1
2020-06-02,15:01:54.061000,11112,11113,11112,2
2020-06-02,15:01:54.061000,11112,11113,11112,1
2020-06-02,15:01:54.062000,11112,11113,11112,3
2020-06-02,15:01:55.268000,11111,11112,11112,3
2020-06-02,15:01:55.471000,11112,11113,11112,1
2020-06-02,15:01:57.671000,11112,11113,11112,2
2020-06-02,15:02:02.221000,11111,11112,11111,7
2020-06-02,15:02:02.558000,11111,11112,11112,1
2020-06-02,15:02:05.534000,11111,11112,11112,2
2020-06-02,15:02:11.723000,11112,11113,11112,1
2020-06-02,15:02:12.216000,11112,11113,11112,1
2020-06-02,15:02:12.340000,11112,11113,11112,1
2020-06-02,15:02:21.444000,11111,11112,11111,1
2020-06-02,15:02:23.015000,11111,11112,11112,5
2020-06-02,15:02:31.561000,11111,11112,11112,1
2020-06-02,15:02:33.865000,11111,11112,11112,1
2020-06-02,15:02:36.171000,11111,11112,11111,16
2020-06-02,15:02:36.172000,11111,11112,11111,11
2020-06-02,15:02:36.172000,11111,11112,11111,1
2020-06-02,15:02:36.172000,11111,11112,11111,3
2020-06-02,15:02:36.172000,11111,11112,11111,12
2020-06-02,15:02:36.172000,11111,11112,11111,10
2020-06-02,15:02:39.091000,11110,11111,11111,5
2020-06-02,15:02:39.626000,11110,11111,11111,5
2020-06-02,15:02:39.748000,11110,11111,11111,1
2020-06-02,15:02:39.749000,11110,11111,11111,5
2020-06-02,15:02:45.619000,11111,11112,11111,1
2020-06-02,15:02:50.999000,11111,11112,11112,1
2020-06-02,15:02:51.232000,11111,11112,11111,2
2020-06-02,15:02:55.093000,11110,11111,11111,1
2020-06-02,15:02:59.130000,11110,11112,11112,2
2020-06-02,15:03:09.640000,11111,11112,11112,1
2020-06-02,15:03:10.237000,11111,11112,11112,1
2020-06-02,15:03:12.423000,11111,11112,11112,10
2020-06-02,15:03:13.136000,11112,11113,11112,1
2020-06-02,15:03:13.740000,11112,11113,11112,1
2020-06-02,15:03:25.333000,11111,11112,11112,2
2020-06-02,15:03:25.895000,11111,11112,11111,1
2020-06-02,15:03:25.895000,11111,11112,11111,6
2020-06-02,15:03:25.895000,11111,11112,11111,11
2020-06-02,15:03:25.895000,11111,11112,11111,2
2020-06-02,15:03:25.896000,11111,11112,11111,10
2020-06-02,15:03:25.896000,11111,11112,11111,21
2020-06-02,15:03:25.896000,11111,11112,11111,5
2020-06-02,15:03:28.389000,11110,11111,11110,17
2020-06-02,15:03:28.440000,11109,11111,11109,1
2020-06-02,15:03:28.713000,11109,11111,11109,5
2020-06-02,15:03:28.798000,11109,11110,11109,1
2020-06-02,15:03:32.884000,11108,11109,11109,3
2020-06-02,15:03:35.963000,11109,11110,11109,3
2020-06-02,15:03:38.908000,11108,11109,11109,1
2020-06-02,15:03:41.630000,11108,11109,11109,1
2020-06-02,15:03:42.478000,11108,11109,11108,5
2020-06-02,15:03:42.484000,11108,11109,11108,13
2020-06-02,15:03:42.484000,11108,11109,11108,9
2020-06-02,15:03:44.171000,11107,11108,11107,3
2020-06-02,15:03:47.171000,11106,11107,11107,1
2020-06-02,15:03:50.137000,11106,11107,11107,1
2020-06-02,15:03:51.946000,11106,11107,11106,1
2020-06-02,15:03:52.393000,11106,11107,11106,1
2020-06-02,15:03:54.892000,11106,11107,11106,3
2020-06-02,15:03:57.902000,11106,11107,11106,1
2020-06-02,15:03:58.451000,11106,11107,11106,1
2020-06-02,15:03:59.521000,11106,11107,11106,9
2020-06-02,15:03:59.522000,11106,11107,11106,6
2020-06-02,15:04:00.061000,11106,11107,11106,2
2020-06-02,15:04:00.074000,11106,11107,11106,2
2020-06-02,15:04:00.074000,11106,11107,11106,1
2020-06-02,15:04:01.220000,11106,11107,11107,1
2020-06-02,15:04:01.221000,11106,11107,11107,6
2020-06-02,15:04:02.281000,11107,11108,11107,1
2020-06-02,15:04:06.402000,11107,11108,11107,5
2020-06-02,15:04:07.259000,11107,11108,11107,1
2020-06-02,15:04:09.485000,11107,11108,11107,1
2020-06-02,15:04:09.629000,11107,11108,11107,1
2020-06-02,15:04:17.305000,11107,11108,11107,6
2020-06-02,15:04:25.968000,11106,11107,11106,1
2020-06-02,15:04:30.207000,11106,11107,11106,3
2020-06-02,15:04:33.504000,11106,11107,11106,24
2020-06-02,15:04:33.505000,11106,11107,11106,1
2020-06-02,15:04:33.505000,11106,11107,11106,3
2020-06-02,15:04:33.505000,11106,11107,11106,1
2020-06-02,15:04:33.506000,11106,11107,11106,1
2020-06-02,15:04:33.506000,11106,11107,11106,3
2020-06-02,15:04:33.506000,11106,11107,11106,2
2020-06-02,15:04:33.507000,11106,11107,11106,2
2020-06-02,15:04:33.507000,11106,11107,11106,1
2020-06-02,15:04:33.507000,11106,11107,11106,2
2020-06-02,15:04:33.507000,11106,11107,11106,1
2020-06-02,15:04:33.507000,11106,11107,11106,1
2020-06-02,15:04:33.507000,11106,11107,11106,1
2020-06-02,15:04:33.579000,11106,11107,11106,2
2020-06-02,15:04:33.599000,11106,11107,11106,1
2020-06-02,15:04:36.263000,11105,11106,11106,1
2020-06-02,15:04:37.081000,11105,11106,11106,1
2020-06-02,15:04:38.097000,11105,11106,11106,3
2020-06-02,15:04:42.112000,11105,11106,11106,6
2020-06-02,15:04:44.582000,11105,11106,11106,1
2020-06-02,15:04:45.749000,11105,11106,11106,2
2020-06-02,15:04:48.811000,11105,11106,11105,8
2020-06-02,15:04:48.811000,11105,11106,11105,3
2020-06-02,15:04:49.188000,11104,11105,11104,1
2020-06-02,15:04:49.188000,11104,11105,11103,1
2020-06-02,15:04:49.319000,11103,11104,11103,1
2020-06-02,15:04:54.075000,11104,11105,11104,1
2020-06-02,15:04:55.683000,11104,11106,11104,1
2020-06-02,15:04:56.131000,11104,11105,11105,1
2020-06-02,15:04:56.331000,11104,11105,11105,1
2020-06-02,15:04:57.914000,11104,11105,11105,1
2020-06-02,15:05:01.650000,11104,11105,11104,3
2020-06-02,15:05:02.074000,11104,11105,11104,1
2020-06-02,15:05:02.187000,11104,11105,11104,7
2020-06-02,15:05:09.055000,11104,11105,11105,1
2020-06-02,15:05:09.462000,11104,11105,11104,1
2020-06-02,15:05:12.301000,11104,11105,11104,5
2020-06-02,15:05:13.347000,11104,11105,11104,5
2020-06-02,15:05:13.812000,11103,11104,11103,5
2020-06-02,15:05:13.932000,11103,11104,11103,5
2020-06-02,15:05:17.019000,11103,11104,11103,1
2020-06-02,15:05:18.901000,11103,11104,11103,2
2020-06-02,15:05:19.268000,11103,11104,11103,9
2020-06-02,15:05:19.268000,11103,11104,11103,1
2020-06-02,15:05:20.344000,11102,11103,11103,1
2020-06-02,15:05:20.879000,11102,11103,11102,1
2020-06-02,15:05:21.330000,11102,11103,11102,4
2020-06-02,15:05:21.330000,11102,11103,11101,6
2020-06-02,15:05:21.382000,11102,11103,11101,1
2020-06-02,15:05:21.427000,11101,11102,11101,1
2020-06-02,15:05:24.932000,11101,11102,11101,1
2020-06-02,15:05:26.712000,11101,11102,11101,1
2020-06-02,15:05:28.420000,11101,11102,11101,1
2020-06-02,15:05:28.421000,11101,11102,11101,6
2020-06-02,15:05:28.536000,11101,11102,11101,2
2020-06-02,15:05:29.069000,11100,11101,11100,2
2020-06-02,15:05:29.155000,11100,11101,11100,1
2020-06-02,15:05:31.297000,11100,11101,11100,2
2020-06-02,15:05:31.399000,11100,11101,11100,2
2020-06-02,15:05:31.769000,11100,11101,11100,2
2020-06-02,15:05:31.770000,11100,11101,11100,3
2020-06-02,15:05:31.770000,11100,11101,11100,4
2020-06-02,15:05:33.173000,11099,11100,11099,2
2020-06-02,15:05:33.567000,11098,11099,11098,1
2020-06-02,15:05:33.575000,11098,11099,11098,5
2020-06-02,15:05:34.348000,11098,11099,11099,10
2020-06-02,15:05:35.066000,11098,11100,11098,1
2020-06-02,15:05:35.114000,11098,11100,11100,1
2020-06-02,15:05:36.332000,11099,11100,11099,1
2020-06-02,15:05:37.106000,11098,11100,11098,1
2020-06-02,15:05:37.921000,11099,11100,11099,1
2020-06-02,15:05:40.555000,11098,11099,11098,2
2020-06-02,15:05:41.999000,11098,11099,11099,1
2020-06-02,15:05:42.562000,11098,11099,11099,1
2020-06-02,15:05:44.151000,11099,11100,11099,1
2020-06-02,15:05:45.463000,11099,11100,11099,1
2020-06-02,15:05:47.568000,11099,11100,11099,1
2020-06-02,15:05:47.644000,11099,11100,11099,1
2020-06-02,15:05:48.175000,11099,11100,11099,2
2020-06-02,15:05:48.707000,11099,11100,11099,2
2020-06-02,15:05:49.151000,11098,11100,11098,3
2020-06-02,15:05:51.063000,11098,11099,11098,6
2020-06-02,15:05:51.611000,11098,11099,11099,1
2020-06-02,15:05:55.004000,11098,11099,11099,3
2020-06-02,15:05:59.179000,11099,11100,11099,1
2020-06-02,15:06:00.006000,11099,11100,11100,13
2020-06-02,15:06:00.025000,11099,11100,11101,1
2020-06-02,15:06:00.042000,11099,11100,11101,1
2020-06-02,15:06:00.048000,11100,11101,11101,1
2020-06-02,15:06:00.053000,11100,11101,11102,1
2020-06-02,15:06:00.069000,11100,11101,11102,1
2020-06-02,15:06:00.078000,11100,11101,11102,2
2020-06-02,15:06:00.092000,11100,11101,11102,1
2020-06-02,15:06:00.185000,11101,11102,11102,1
2020-06-02,15:06:02.431000,11102,11103,11102,5
2020-06-02,15:06:02.616000,11102,11103,11102,1
2020-06-02,15:06:03.455000,11101,11102,11102,1
2020-06-02,15:06:03.828000,11101,11102,11102,2
2020-06-02,15:06:06.040000,11101,11102,11102,2
2020-06-02,15:06:12.100000,11101,11103,11101,2
2020-06-02,15:06:12.576000,11101,11103,11103,3
2020-06-02,15:06:17.743000,11101,11102,11102,2
2020-06-02,15:06:19.453000,11102,11103,11102,1
2020-06-02,15:06:20.854000,11102,11103,11103,2
2020-06-02,15:06:20.854000,11102,11103,11103,2
2020-06-02,15:06:21.011000,11103,11104,11103,2
2020-06-02,15:06:25.862000,11102,11103,11102,1
2020-06-02,15:06:28.637000,11102,11103,11102,3
2020-06-02,15:06:29.834000,11102,11103,11102,1
2020-06-02,15:06:31.189000,11101,11102,11102,1
2020-06-02,15:06:33.613000,11101,11103,11101,1
2020-06-02,15:06:33.613000,11101,11103,11101,1
2020-06-02,15:06:33.614000,11101,11103,11101,2
2020-06-02,15:06:33.616000,11101,11103,11101,1
2020-06-02,15:06:34.521000,11100,11102,11100,1
2020-06-02,15:06:36.468000,11100,11102,11102,1
2020-06-02,15:06:38.141000,11101,11103,11102,1
2020-06-02,15:06:41.516000,11101,11102,11102,1
2020-06-02,15:06:43.163000,11101,11102,11102,1
2020-06-02,15:06:46.520000,11101,11102,11101,1
2020-06-02,15:06:48.015000,11101,11103,11101,1
2020-06-02,15:06:54.858000,11101,11103,11101,1
2020-06-02,15:07:00.501000,11101,11103,11103,6
2020-06-02,15:07:07.142000,11103,11104,11104,1
2020-06-02,15:07:09.185000,11103,11104,11104,3
2020-06-02,15:07:09.350000,11103,11104,11104,1
2020-06-02,15:07:10.337000,11104,11105,11104,2
2020-06-02,15:07:10.368000,11104,11105,11103,1
2020-06-02,15:07:19.860000,11104,11105,11105,10
2020-06-02,15:07:19.861000,11104,11105,11105,2
2020-06-02,15:07:22.779000,11104,11105,11105,1
2020-06-02,15:07:30.407000,11104,11105,11104,1
2020-06-02,15:07:30.407000,11104,11105,11104,5
2020-06-02,15:07:30.407000,11104,11105,11104,1
2020-06-02,15:07:30.407000,11104,11105,11104,2
2020-06-02,15:07:30.407000,11104,11105,11104,1
2020-06-02,15:07:30.407000,11104,11105,11104,1
2020-06-02,15:07:32.674000,11104,11105,11105,2
2020-06-02,15:07:34.185000,11104,11105,11104,1
2020-06-02,15:07:35.387000,11103,11104,11104,1
2020-06-02,15:07:36.122000,11103,11104,11104,1
2020-06-02,15:07:39.856000,11103,11104,11104,3
2020-06-02,15:07:53.048000,11103,11104,11103,3
2020-06-02,15:07:55.158000,11102,11104,11104,1
2020-06-02,15:07:57.268000,11103,11105,11103,1
2020-06-02,15:08:00.181000,11103,11104,11104,1
2020-06-02,15:08:02.547000,11104,11105,11104,1
2020-06-02,15:08:09.343000,11103,11104,11104,1
2020-06-02,15:08:09.344000,11103,11104,11104,2
2020-06-02,15:08:09.344000,11103,11104,11104,2
2020-06-02,15:08:21.812000,11103,11104,11104,1
2020-06-02,15:08:34.358000,11103,11104,11104,1
2020-06-02,15:08:47.859000,11103,11104,11103,2
2020-06-02,15:08:47.859000,11103,11104,11103,3
2020-06-02,15:08:47.860000,11103,11104,11103,1
2020-06-02,15:08:47.860000,11103,11104,11103,11
2020-06-02,15:09:02.319000,11102,11103,11102,4
2020-06-02,15:09:10.147000,11102,11103,11103,2
2020-06-02,15:09:10.147000,11102,11103,11103,2
2020-06-02,15:09:10.596000,11103,11104,11103,1
2020-06-02,15:09:11.358000,11103,11104,11104,9
2020-06-02,15:09:21.166000,11104,11105,11104,1
2020-06-02,15:09:29.910000,11104,11105,11104,1
2020-06-02,15:09:47.221000,11104,11105,11105,1
2020-06-02,15:09:51.348000,11104,11105,11105,1
2020-06-02,15:09:54.771000,11104,11105,11105,1
2020-06-02,15:09:54.771000,11104,11105,11105,1
2020-06-02,15:09:56.552000,11105,11106,11106,2
2020-06-02,15:09:57.989000,11105,11106,11106,2
2020-06-02,15:09:58.472000,11106,11107,11106,1
2020-06-02,15:10:09.493000,11106,11107,11106,1
2020-06-02,15:10:10.010000,11106,11107,11106,1
2020-06-02,15:10:15.273000,11106,11107,11107,10
2020-06-02,15:10:16.172000,11107,11108,11107,1
2020-06-02,15:10:16.355000,11107,11108,11108,2
2020-06-02,15:10:16.586000,11107,11108,11108,4
2020-06-02,15:10:16.587000,11107,11108,11108,1
2020-06-02,15:10:16.772000,11107,11108,11108,1
2020-06-02,15:10:20.050000,11107,11108,11108,1
2020-06-02,15:10:20.050000,11107,11108,11108,2
2020-06-02,15:10:20.050000,11107,11108,11108,2
2020-06-02,15:10:20.050000,11107,11108,11108,1
2020-06-02,15:10:20.611000,11108,11109,11108,1
2020-06-02,15:10:22.167000,11108,11109,11109,1
2020-06-02,15:10:25.071000,11108,11109,11109,1
2020-06-02,15:10:27.679000,11108,11109,11109,3
2020-06-02,15:10:30.732000,11109,11110,11109,1
2020-06-02,15:10:31.285000,11109,11110,11109,1
2020-06-02,15:10:31.756000,11109,11110,11110,1
2020-06-02,15:10:34.175000,11109,11110,11110,2
2020-06-02,15:10:40.921000,11109,11110,11110,2
2020-06-02,15:10:53.477000,11109,11110,11110,17
2020-06-02,15:10:59.882000,11110,11111,11111,1
2020-06-02,15:11:00.140000,11110,11111,11111,1
2020-06-02,15:11:05.108000,11110,11111,11111,5
2020-06-02,15:11:06.922000,11110,11111,11110,2
2020-06-02,15:11:06.922000,11110,11111,11110,5
2020-06-02,15:11:06.922000,11110,11111,11110,5
2020-06-02,15:11:06.922000,11110,11111,11110,2
2020-06-02,15:11:06.922000,11110,11111,11110,13
2020-06-02,15:11:06.923000,11110,11111,11110,2
2020-06-02,15:11:06.923000,11110,11111,11110,6
2020-06-02,15:11:07.049000,11109,11110,11109,3
2020-06-02,15:11:07.259000,11109,11110,11110,2
2020-06-02,15:11:12.491000,11109,11110,11109,1
2020-06-02,15:11:18.702000,11109,11110,11109,1
2020-06-02,15:11:22.665000,11109,11110,11110,1
2020-06-02,15:11:24.656000,11109,11110,11109,1
2020-06-02,15:11:27.449000,11109,11110,11110,1
2020-06-02,15:11:40.830000,11109,11110,11110,1
2020-06-02,15:11:41.082000,11109,11110,11109,1
2020-06-02,15:11:43.540000,11109,11110,11109,3
2020-06-02,15:11:47.518000,11108,11109,11108,1
2020-06-02,15:11:52.464000,11108,11109,11108,1
2020-06-02,15:12:02.050000,11108,11109,11109,3
2020-06-02,15:12:04.466000,11109,11110,11110,1
2020-06-02,15:12:04.466000,11109,11110,11110,8
2020-06-02,15:12:06.435000,11110,11111,11110,1
2020-06-02,15:12:09.577000,11110,11111,11111,8
2020-06-02,15:12:09.578000,11110,11111,11111,3
2020-06-02,15:12:15.303000,11111,11112,11111,3
2020-06-02,15:12:20.195000,11111,11112,11111,1
2020-06-02,15:12:20.475000,11111,11112,11111,1
2020-06-02,15:12:26.828000,11111,11112,11112,1
2020-06-02,15:12:29.421000,11111,11112,11111,2
2020-06-02,15:12:30.438000,11111,11112,11111,1
2020-06-02,15:12:38.981000,11111,11112,11111,6
2020-06-02,15:12:38.981000,11111,11112,11111,5
2020-06-02,15:12:39.844000,11110,11111,11111,1
2020-06-02,15:12:52.188000,11110,11111,11111,1
2020-06-02,15:12:56.525000,11110,11111,11110,1
2020-06-02,15:13:02.164000,11110,11111,11110,1
2020-06-02,15:13:08.168000,11109,11110,11109,1
2020-06-02,15:13:08.169000,11109,11110,11109,1
2020-06-02,15:13:21.084000,11108,11109,11109,1
2020-06-02,15:13:30.943000,11108,11109,11109,1
2020-06-02,15:13:41.194000,11108,11109,11109,2
2020-06-02,15:13:47.972000,11108,11109,11109,1
2020-06-02,15:14:04.631000,11108,11109,11108,1
2020-06-02,15:14:05.065000,11108,11109,11109,1
2020-06-02,15:14:05.065000,11108,11109,11109,2
2020-06-02,15:14:05.066000,11108,11109,11109,2
2020-06-02,15:14:05.066000,11108,11109,11109,1
2020-06-02,15:14:10.921000,11108,11109,11109,2
2020-06-02,15:14:16.413000,11108,11109,11109,1
2020-06-02,15:14:26.881000,11109,11110,11109,1
2020-06-02,15:14:32.326000,11109,11110,11109,3
2020-06-02,15:14:37.069000,11109,11110,11109,1
2020-06-02,15:14:38.501000,11109,11110,11109,2
2020-06-02,15:14:40.137000,11108,11109,11109,1
2020-06-02,15:14:48.425000,11109,11110,11109,1
2020-06-02,15:14:51.022000,11108,11110,11108,2
2020-06-02,15:14:55.114000,11108,11110,11108,1
2020-06-02,15:15:02.222000,11109,11110,11109,1
2020-06-02,15:15:03.173000,11109,11110,11109,1
2020-06-02,15:15:03.245000,11109,11110,11108,2
2020-06-02,15:15:08.142000,11108,11109,11109,2
2020-06-02,15:15:09.450000,11108,11109,11108,2
2020-06-02,15:15:09.451000,11108,11109,11108,1
2020-06-02,15:15:11.002000,11107,11108,11108,1
2020-06-02,15:15:21.781000,11107,11108,11108,1
2020-06-02,15:15:23.282000,11107,11108,11108,1
2020-06-02,15:15:23.282000,11107,11108,11108,1
2020-06-02,15:15:23.282000,11107,11108,11108,1
2020-06-02,15:15:23.310000,11108,11109,11108,3
2020-06-02,15:15:23.942000,11107,11108,11107,5
2020-06-02,15:15:26.237000,11106,11108,11108,1
2020-06-02,15:15:55.631000,11106,11107,11107,3
2020-06-02,15:16:07.592000,11106,11107,11106,12
2020-06-02,15:16:08.615000,11106,11107,11107,1
2020-06-02,15:16:14.944000,11105,11107,11107,1
2020-06-02,15:16:31.506000,11105,11106,11106,1
2020-06-02,15:16:34.078000,11106,11107,11106,2
2020-06-02,15:16:40.600000,11105,11106,11105,1
2020-06-02,15:16:47.986000,11105,11106,11105,5
2020-06-02,15:16:49.338000,11105,11106,11105,1
2020-06-02,15:16:53.055000,11105,11106,11106,4
2020-06-02,15:16:53.089000,11105,11106,11106,1
2020-06-02,15:16:54.653000,11106,11107,11107,6
2020-06-02,15:16:55.799000,11106,11107,11106,3
2020-06-02,15:17:03.701000,11106,11107,11107,2
2020-06-02,15:17:05.645000,11107,11108,11108,5
2020-06-02,15:17:05.645000,11107,11108,11108,3
2020-06-02,15:17:09.323000,11108,11109,11109,13
2020-06-02,15:17:18.131000,11108,11109,11109,1
2020-06-02,15:17:18.838000,11108,11110,11108,1
2020-06-02,15:17:19.980000,11108,11110,11110,1
2020-06-02,15:17:20.129000,11108,11110,11110,1
2020-06-02,15:17:26.176000,11108,11109,11108,1
2020-06-02,15:17:26.177000,11108,11109,11108,1
2020-06-02,15:17:26.177000,11108,11109,11108,1
2020-06-02,15:17:50.608000,11106,11108,11106,1
2020-06-02,15:17:56.415000,11106,11107,11107,1
2020-06-02,15:18:02.205000,11107,11108,11107,2
2020-06-02,15:18:09.715000,11107,11108,11107,1
2020-06-02,15:18:15.199000,11106,11107,11107,1
2020-06-02,15:18:18.048000,11106,11107,11106,1
2020-06-02,15:18:18.048000,11106,11107,11106,4
2020-06-02,15:18:19.838000,11105,11106,11105,1
2020-06-02,15:18:19.839000,11105,11106,11105,2
2020-06-02,15:18:19.839000,11105,11106,11105,2
2020-06-02,15:18:21.199000,11104,11105,11104,2
2020-06-02,15:18:21.464000,11103,11104,11103,2
2020-06-02,15:18:21.616000,11102,11103,11102,1
2020-06-02,15:18:22.108000,11102,11103,11102,1
2020-06-02,15:18:22.617000,11102,11103,11102,1
2020-06-02,15:18:22.634000,11102,11103,11102,1
2020-06-02,15:18:22.670000,11102,11103,11102,1
2020-06-02,15:18:22.674000,11102,11103,11102,1
2020-06-02,15:18:22.842000,11102,11103,11103,1
2020-06-02,15:18:23.105000,11102,11103,11102,1
2020-06-02,15:18:25.111000,11101,11103,11103,1
2020-06-02,15:18:26.876000,11101,11103,11103,1
2020-06-02,15:18:29.033000,11102,11103,11102,1
2020-06-02,15:18:31.244000,11102,11103,11102,1
2020-06-02,15:18:32.430000,11101,11102,11102,4
2020-06-02,15:18:32.468000,11101,11102,11102,1
2020-06-02,15:18:33.107000,11102,11103,11102,1
2020-06-02,15:18:33.277000,11102,11103,11102,1
2020-06-02,15:18:34.527000,11102,11103,11102,1
2020-06-02,15:18:36.449000,11102,11103,11102,1
2020-06-02,15:18:37.896000,11102,11103,11102,1
2020-06-02,15:18:38.119000,11102,11103,11102,2
2020-06-02,15:18:38.869000,11101,11103,11101,1
2020-06-02,15:18:41.007000,11102,11103,11102,1
2020-06-02,15:18:41.007000,11102,11103,11101,4
2020-06-02,15:18:41.300000,11101,11103,11101,1
2020-06-02,15:18:43.371000,11101,11103,11101,1
2020-06-02,15:18:46.991000,11101,11103,11101,1
2020-06-02,15:18:48.391000,11101,11103,11101,1
2020-06-02,15:18:54.602000,11102,11103,11102,1
2020-06-02,15:18:55.776000,11102,11103,11103,2
2020-06-02,15:18:55.807000,11103,11104,11103,1
2020-06-02,15:18:59.472000,11103,11104,11103,1
2020-06-02,15:19:00.452000,11103,11104,11103,2
2020-06-02,15:19:02.032000,11102,11103,11103,8
2020-06-02,15:19:05.128000,11103,11104,11104,2
2020-06-02,15:19:05.176000,11103,11104,11104,1
2020-06-02,15:19:05.176000,11103,11104,11104,1
2020-06-02,15:19:15.594000,11103,11104,11104,1
2020-06-02,15:19:29.969000,11103,11104,11103,2
2020-06-02,15:19:29.969000,11103,11104,11103,2
2020-06-02,15:19:29.969000,11103,11104,11103,4
2020-06-02,15:19:29.970000,11103,11104,11103,1
2020-06-02,15:19:29.970000,11103,11104,11103,1
2020-06-02,15:19:29.970000,11103,11104,11103,4
2020-06-02,15:19:29.970000,11103,11104,11103,4
2020-06-02,15:19:30.053000,11102,11103,11103,3
2020-06-02,15:19:30.053000,11102,11103,11104,2
2020-06-02,15:19:30.061000,11102,11103,11103,1
2020-06-02,15:19:30.061000,11102,11103,11104,1
2020-06-02,15:19:30.068000,11102,11103,11104,1
2020-06-02,15:19:30.069000,11102,11103,11104,2
2020-06-02,15:19:30.078000,11102,11103,11104,1
2020-06-02,15:19:30.084000,11102,11103,11104,1
2020-06-02,15:19:30.104000,11102,11103,11104,2
2020-06-02,15:19:36.971000,11103,11104,11104,8
2020-06-02,15:19:37.902000,11104,11105,11105,1
2020-06-02,15:19:47.252000,11104,11105,11105,1
2020-06-02,15:19:53.825000,11105,11106,11106,1
2020-06-02,15:20:02.337000,11105,11106,11105,1
2020-06-02,15:20:10.438000,11104,11106,11104,1
2020-06-02,15:20:19.031000,11104,11105,11105,2
2020-06-02,15:20:26.984000,11104,11105,11105,1
2020-06-02,15:20:30.017000,11104,11105,11104,1
2020-06-02,15:20:31.926000,11103,11104,11104,1
2020-06-02,15:20:38.348000,11103,11104,11104,1
2020-06-02,15:20:44.394000,11103,11104,11104,1
2020-06-02,15:20:47.441000,11103,11104,11104,1
2020-06-02,15:20:47.442000,11103,11104,11104,2
2020-06-02,15:20:47.477000,11103,11104,11104,1
2020-06-02,15:21:08.887000,11103,11105,11103,1
2020-06-02,15:21:25.964000,11103,11104,11104,1
2020-06-02,15:21:27.643000,11103,11105,11104,1
2020-06-02,15:21:30.353000,11103,11104,11104,1
2020-06-02,15:21:30.546000,11104,11105,11104,2
2020-06-02,15:21:36.502000,11103,11104,11104,1
2020-06-02,15:21:36.999000,11104,11105,11104,5
2020-06-02,15:21:41.827000,11104,11105,11104,1
2020-06-02,15:21:42.636000,11104,11105,11104,1
2020-06-02,15:21:42.702000,11104,11105,11105,1
2020-06-02,15:21:42.905000,11104,11105,11105,1
2020-06-02,15:21:57.164000,11104,11105,11105,3
2020-06-02,15:21:57.164000,11104,11105,11105,2
2020-06-02,15:22:04.096000,11105,11106,11106,1
2020-06-02,15:22:04.096000,11105,11106,11106,5
2020-06-02,15:22:12.102000,11105,11107,11106,1
2020-06-02,15:22:18.010000,11106,11107,11107,1
2020-06-02,15:22:18.011000,11106,11107,11107,3
2020-06-02,15:22:19.167000,11107,11108,11107,1
2020-06-02,15:22:23.504000,11107,11108,11107,1
2020-06-02,15:22:37.941000,11106,11107,11107,2
2020-06-02,15:22:37.942000,11106,11107,11107,5
2020-06-02,15:22:41.016000,11107,11108,11107,2
2020-06-02,15:22:46.749000,11106,11107,11106,5
2020-06-02,15:22:47.248000,11106,11107,11107,1
2020-06-02,15:22:57.571000,11106,11107,11106,5
2020-06-02,15:22:59.930000,11106,11107,11106,1
2020-06-02,15:23:05.602000,11106,11107,11106,1
2020-06-02,15:23:05.796000,11106,11107,11106,1
2020-06-02,15:23:06.579000,11105,11106,11106,1
2020-06-02,15:23:17.556000,11105,11106,11106,2
2020-06-02,15:23:17.556000,11105,11106,11106,4
2020-06-02,15:23:19.766000,11106,11107,11107,2
2020-06-02,15:23:19.840000,11106,11107,11107,4
2020-06-02,15:23:19.840000,11106,11107,11107,4
2020-06-02,15:23:19.840000,11106,11107,11107,5
2020-06-02,15:23:44.656000,11107,11108,11107,1
2020-06-02,15:23:46.612000,11106,11107,11106,1
2020-06-02,15:23:53.876000,11106,11107,11106,9
2020-06-02,15:23:53.877000,11106,11107,11106,1
2020-06-02,15:24:02.294000,11105,11107,11106,1
2020-06-02,15:24:33.425000,11106,11107,11106,2
2020-06-02,15:24:34.897000,11105,11106,11106,1
2020-06-02,15:24:37.811000,11105,11106,11106,1
2020-06-02,15:24:38.550000,11105,11106,11105,3
2020-06-02,15:24:38.550000,11105,11106,11105,2
2020-06-02,15:24:38.550000,11105,11106,11105,9
2020-06-02,15:24:39.423000,11104,11105,11104,2
2020-06-02,15:24:44.712000,11104,11106,11104,1
2020-06-02,15:24:59.029000,11104,11106,11104,1
2020-06-02,15:25:02.266000,11104,11105,11104,1
2020-06-02,15:25:11.937000,11104,11105,11104,1
2020-06-02,15:25:15.716000,11104,11105,11104,1
2020-06-02,15:25:18.661000,11104,11106,11104,1
2020-06-02,15:25:24.224000,11103,11105,11104,1
2020-06-02,15:25:24.994000,11103,11105,11105,1
2020-06-02,15:25:42.515000,11105,11106,11106,1
2020-06-02,15:25:55.525000,11105,11106,11106,6
2020-06-02,15:26:03.166000,11106,11107,11106,1
2020-06-02,15:26:20.269000,11106,11107,11106,1
2020-06-02,15:26:29.302000,11105,11106,11106,1
2020-06-02,15:26:45.181000,11105,11107,11105,2
2020-06-02,15:26:51.079000,11106,11107,11106,1
2020-06-02,15:27:11.033000,11106,11107,11107,5
2020-06-02,15:27:11.318000,11107,11108,11108,2
2020-06-02,15:27:11.388000,11107,11108,11108,1
2020-06-02,15:27:11.629000,11107,11108,11108,5
2020-06-02,15:27:16.716000,11108,11109,11108,1
2020-06-02,15:27:22.934000,11108,11109,11108,1
2020-06-02,15:27:32.371000,11108,11109,11109,1
2020-06-02,15:27:32.402000,11108,11109,11108,1
2020-06-02,15:27:33.384000,11108,11109,11109,1
2020-06-02,15:27:36.896000,11108,11109,11109,1
2020-06-02,15:27:37.544000,11108,11109,11108,4
2020-06-02,15:27:40.556000,11107,11108,11108,3
2020-06-02,15:27:40.572000,11107,11108,11109,1
2020-06-02,15:27:44.641000,11108,11109,11108,4
2020-06-02,15:27:46.912000,11107,11108,11108,7
2020-06-02,15:28:07.645000,11108,11109,11109,1
2020-06-02,15:28:07.645000,11108,11109,11109,1
2020-06-02,15:28:07.676000,11108,11109,11108,1
2020-06-02,15:28:12.553000,11108,11109,11108,1
2020-06-02,15:28:16.047000,11108,11109,11109,1
2020-06-02,15:28:20.004000,11108,11109,11108,1
2020-06-02,15:28:22.087000,11108,11109,11109,1
2020-06-02,15:28:34.573000,11108,11109,11108,4
2020-06-02,15:28:40.725000,11107,11108,11108,1
2020-06-02,15:28:40.834000,11107,11109,11109,1
2020-06-02,15:28:40.839000,11107,11109,11109,5
2020-06-02,15:28:41.262000,11108,11110,11110,15
2020-06-02,15:28:41.263000,11108,11110,11110,3
2020-06-02,15:28:41.264000,11108,11110,11111,2
2020-06-02,15:28:41.264000,11108,11110,11111,2
2020-06-02,15:28:41.265000,11108,11110,11111,2
2020-06-02,15:28:41.265000,11108,11110,11111,1
2020-06-02,15:28:41.265000,11108,11110,11111,6
2020-06-02,15:28:41.266000,11108,11110,11111,7
2020-06-02,15:28:41.275000,11108,11110,11112,1
2020-06-02,15:28:41.275000,11108,11110,11112,1
2020-06-02,15:28:41.275000,11108,11110,11112,23
2020-06-02,15:28:41.298000,11112,11113,11112,1
2020-06-02,15:28:41.298000,11112,11113,11113,2
2020-06-02,15:28:41.300000,11112,11113,11113,24
2020-06-02,15:28:41.303000,11112,11113,11114,15
2020-06-02,15:28:41.303000,11112,11113,11114,5
2020-06-02,15:28:41.330000,11112,11113,11114,1
2020-06-02,15:28:41.371000,11112,11113,11114,4
2020-06-02,15:28:41.371000,11112,11113,11113,6
2020-06-02,15:28:41.645000,11113,11115,11115,2
2020-06-02,15:28:41.645000,11113,11115,11115,1
2020-06-02,15:28:41.700000,11113,11115,11115,1
2020-06-02,15:28:41.730000,11113,11115,11114,1
2020-06-02,15:28:41.776000,11113,11115,11115,1
2020-06-02,15:28:41.818000,11113,11115,11115,1
2020-06-02,15:28:42.248000,11113,11115,11115,3
2020-06-02,15:28:42.262000,11113,11115,11115,8
2020-06-02,15:28:42.272000,11113,11115,11115,5
2020-06-02,15:28:42.374000,11114,11116,11116,4
2020-06-02,15:28:42.445000,11115,11116,11116,5
2020-06-02,15:28:42.448000,11115,11116,11116,4
2020-06-02,15:28:42.485000,11115,11116,11117,1
2020-06-02,15:28:42.612000,11115,11117,11117,1
2020-06-02,15:28:42.659000,11115,11117,11117,1
2020-06-02,15:28:43.665000,11115,11116,11115,2
2020-06-02,15:28:44.291000,11113,11115,11115,1
2020-06-02,15:28:45.269000,11113,11115,11113,9
2020-06-02,15:28:45.269000,11113,11115,11113,1
2020-06-02,15:28:45.421000,11112,11113,11113,2
2020-06-02,15:28:46.440000,11113,11114,11113,1
2020-06-02,15:28:46.442000,11113,11114,11113,1
2020-06-02,15:28:46.442000,11113,11114,11113,1
2020-06-02,15:28:46.701000,11113,11114,11113,1
2020-06-02,15:28:47.504000,11113,11114,11113,2
2020-06-02,15:28:47.504000,11113,11114,11113,3
2020-06-02,15:28:47.506000,11113,11114,11112,1
2020-06-02,15:28:47.506000,11113,11114,11112,1
2020-06-02,15:28:47.507000,11113,11114,11112,1
2020-06-02,15:28:47.507000,11113,11114,11112,1
2020-06-02,15:28:47.522000,11113,11114,11113,1
2020-06-02,15:28:47.796000,11111,11112,11112,5
2020-06-02,15:28:48.323000,11111,11113,11113,1
2020-06-02,15:28:51.280000,11111,11113,11113,3
2020-06-02,15:28:51.280000,11111,11113,11113,5
2020-06-02,15:28:53.181000,11113,11114,11114,3
2020-06-02,15:28:53.993000,11113,11115,11113,1
2020-06-02,15:28:55.035000,11113,11115,11113,1
2020-06-02,15:28:56.899000,11114,11115,11114,5
2020-06-02,15:28:57.394000,11114,11115,11115,1
2020-06-02,15:28:57.394000,11114,11115,11115,2
2020-06-02,15:28:58.425000,11115,11116,11115,1
2020-06-02,15:28:58.624000,11115,11116,11116,1
2020-06-02,15:28:59.450000,11115,11117,11115,1
2020-06-02,15:29:02.140000,11116,11117,11117,1
2020-06-02,15:29:02.436000,11116,11117,11117,1
2020-06-02,15:29:02.725000,11116,11117,11117,1
2020-06-02,15:29:03.030000,11116,11117,11117,1
2020-06-02,15:29:03.312000,11116,11117,11116,1
2020-06-02,15:29:03.334000,11116,11117,11117,1
2020-06-02,15:29:03.626000,11116,11117,11117,6
2020-06-02,15:29:03.873000,11116,11118,11118,5
2020-06-02,15:29:03.878000,11116,11118,11116,1
2020-06-02,15:29:04.060000,11116,11118,11118,5
2020-06-02,15:29:04.835000,11117,11118,11117,1
2020-06-02,15:29:04.835000,11117,11118,11117,1
2020-06-02,15:29:04.835000,11117,11118,11117,2
2020-06-02,15:29:05.243000,11116,11117,11117,5
2020-06-02,15:29:05.243000,11116,11117,11118,5
2020-06-02,15:29:05.379000,11116,11118,11118,1
2020-06-02,15:29:06.578000,11116,11117,11117,1
2020-06-02,15:29:07.205000,11116,11117,11117,1
2020-06-02,15:29:07.655000,11116,11117,11117,1
2020-06-02,15:29:08.011000,11116,11117,11116,1
2020-06-02,15:29:09.641000,11116,11117,11117,4
2020-06-02,15:29:09.791000,11116,11118,11116,1
2020-06-02,15:29:12.315000,11116,11117,11117,1
2020-06-02,15:29:12.350000,11116,11117,11116,2
2020-06-02,15:29:12.485000,11115,11117,11117,1
2020-06-02,15:29:14.725000,11116,11117,11116,1
2020-06-02,15:29:15.705000,11116,11117,11116,1
2020-06-02,15:29:15.705000,11116,11117,11116,1
2020-06-02,15:29:15.705000,11116,11117,11116,1
2020-06-02,15:29:16.722000,11115,11116,11115,2
2020-06-02,15:29:16.793000,11115,11116,11115,2
2020-06-02,15:29:16.903000,11114,11116,11116,1
2020-06-02,15:29:17.362000,11115,11116,11115,1
2020-06-02,15:29:18.642000,11115,11116,11116,1
2020-06-02,15:29:18.694000,11115,11116,11116,2
2020-06-02,15:29:18.694000,11115,11116,11117,1
2020-06-02,15:29:20.270000,11115,11116,11115,1
2020-06-02,15:29:22.782000,11115,11116,11115,1
2020-06-02,15:29:23.794000,11114,11115,11114,2
2020-06-02,15:29:24.684000,11114,11115,11114,1
2020-06-02,15:29:26.532000,11114,11115,11115,3
2020-06-02,15:29:26.532000,11114,11115,11115,1
2020-06-02,15:29:28.437000,11115,11116,11115,2
2020-06-02,15:29:28.437000,11115,11116,11115,1
2020-06-02,15:29:31.126000,11114,11116,11116,1
2020-06-02,15:29:35.801000,11114,11115,11114,1
2020-06-02,15:29:37.689000,11114,11115,11114,2
2020-06-02,15:29:38.046000,11114,11115,11115,2
2020-06-02,15:29:38.478000,11114,11116,11115,1
2020-06-02,15:29:39.488000,11115,11116,11115,1
2020-06-02,15:29:41.614000,11115,11116,11115,1
2020-06-02,15:29:42.556000,11115,11116,11115,1
2020-06-02,15:29:43.580000,11115,11116,11115,3
2020-06-02,15:29:44.333000,11114,11115,11115,2
2020-06-02,15:29:44.421000,11114,11115,11115,1
2020-06-02,15:29:44.549000,11114,11116,11114,1
2020-06-02,15:29:45.386000,11115,11116,11115,1
2020-06-02,15:29:47.376000,11115,11116,11115,1
2020-06-02,15:29:47.933000,11115,11116,11115,1
2020-06-02,15:29:47.979000,11115,11116,11115,2
2020-06-02,15:29:47.979000,11115,11116,11115,1
2020-06-02,15:29:47.980000,11115,11116,11115,1
2020-06-02,15:29:48.741000,11114,11115,11115,1
2020-06-02,15:29:53.451000,11114,11115,11115,1
2020-06-02,15:29:56.145000,11114,11115,11115,2
2020-06-02,15:29:56.221000,11114,11115,11115,1
2020-06-02,15:29:56.456000,11114,11115,11115,1
2020-06-02,15:29:57.387000,11114,11115,11115,1
2020-06-02,15:29:57.429000,11114,11115,11115,1
2020-06-02,15:29:59.868000,11114,11115,11115,1
2020-06-02,15:30:00.037000,11114,11115,11115,2
2020-06-02,15:30:00.377000,11114,11115,11115,1
2020-06-02,15:30:00.398000,11114,11115,11115,1
2020-06-02,15:30:00.806000,11114,11116,11114,1
2020-06-02,15:30:00.910000,11114,11116,11115,2
2020-06-02,15:30:01.074000,11114,11115,11115,1
2020-06-02,15:30:02.806000,11115,11116,11115,1
2020-06-02,15:30:03.348000,11115,11116,11116,8
2020-06-02,15:30:03.348000,11115,11116,11116,1
2020-06-02,15:30:03.348000,11115,11116,11116,1
2020-06-02,15:30:03.348000,11115,11116,11116,1
2020-06-02,15:30:03.411000,11115,11116,11116,1
2020-06-02,15:30:05.107000,11116,11117,11117,8
2020-06-02,15:30:07.965000,11116,11117,11116,1
2020-06-02,15:30:08.810000,11115,11116,11115,1
2020-06-02,15:30:09.557000,11115,11116,11116,1
2020-06-02,15:30:12.092000,11115,11116,11116,2
2020-06-02,15:30:13.660000,11115,11116,11116,2
2020-06-02,15:30:13.660000,11115,11116,11116,1
2020-06-02,15:30:14.807000,11115,11116,11116,1
2020-06-02,15:30:16.224000,11116,11117,11117,1
2020-06-02,15:30:19.357000,11116,11117,11116,1
2020-06-02,15:30:23.544000,11116,11117,11116,1
2020-06-02,15:30:27.927000,11116,11117,11117,1
2020-06-02,15:30:27.928000,11116,11117,11117,9
2020-06-02,15:30:27.928000,11116,11117,11117,4
2020-06-02,15:30:27.928000,11116,11117,11117,1
2020-06-02,15:30:27.928000,11116,11117,11117,9
2020-06-02,15:30:29.820000,11117,11118,11117,1
2020-06-02,15:30:30.086000,11117,11118,11118,9
2020-06-02,15:30:30.171000,11117,11118,11118,2
2020-06-02,15:30:30.295000,11117,11118,11119,1
2020-06-02,15:30:30.810000,11117,11119,11119,1
2020-06-02,15:30:30.825000,11117,11119,11119,1
2020-06-02,15:30:30.838000,11117,11119,11119,1
2020-06-02,15:30:30.844000,11117,11119,11119,1
2020-06-02,15:30:30.853000,11117,11119,11119,1
2020-06-02,15:30:31.572000,11118,11119,11119,5
2020-06-02,15:30:33.299000,11118,11119,11118,9
2020-06-02,15:30:33.635000,11116,11118,11118,5
2020-06-02,15:30:33.671000,11117,11118,11118,1
2020-06-02,15:30:35.465000,11118,11119,11118,1
2020-06-02,15:30:35.473000,11118,11119,11119,1
2020-06-02,15:30:36.346000,11118,11119,11118,1
2020-06-02,15:30:36.906000,11118,11119,11119,1
2020-06-02,15:30:41.373000,11118,11119,11119,2
2020-06-02,15:30:41.373000,11118,11119,11119,6
2020-06-02,15:30:42.254000,11119,11120,11120,1
2020-06-02,15:30:42.321000,11119,11120,11120,1
2020-06-02,15:30:42.432000,11119,11120,11120,3
2020-06-02,15:30:42.472000,11119,11120,11120,1
2020-06-02,15:30:43.233000,11119,11120,11120,2
2020-06-02,15:30:43.286000,11119,11120,11119,3
2020-06-02,15:30:43.458000,11119,11120,11120,1
2020-06-02,15:30:43.665000,11119,11120,11120,1
2020-06-02,15:30:43.812000,11119,11120,11120,5
2020-06-02,15:30:43.829000,11119,11120,11120,1
2020-06-02,15:30:44.054000,11119,11120,11120,1
2020-06-02,15:30:44.231000,11119,11120,11120,1
2020-06-02,15:30:44.948000,11119,11120,11119,1
2020-06-02,15:30:45.390000,11119,11120,11120,1
2020-06-02,15:30:45.784000,11119,11120,11120,5
2020-06-02,15:30:45.997000,11119,11120,11119,2
2020-06-02,15:30:46.178000,11119,11120,11120,2
2020-06-02,15:30:47.362000,11119,11120,11120,1
2020-06-02,15:30:47.557000,11119,11120,11120,1
2020-06-02,15:30:47.874000,11119,11120,11120,1
2020-06-02,15:30:48.074000,11119,11120,11120,1
2020-06-02,15:30:48.116000,11119,11120,11120,1
2020-06-02,15:30:48.234000,11119,11120,11120,1
2020-06-02,15:30:48.235000,11119,11120,11120,2
2020-06-02,15:30:48.236000,11119,11120,11120,2
2020-06-02,15:30:48.733000,11120,11121,11120,1
2020-06-02,15:30:49.336000,11120,11121,11120,1
2020-06-02,15:30:49.811000,11120,11121,11120,1
2020-06-02,15:30:51.272000,11120,11121,11120,2
2020-06-02,15:30:52.539000,11120,11121,11120,1
2020-06-02,15:30:52.903000,11120,11121,11120,1
2020-06-02,15:30:53.186000,11120,11121,11121,2
2020-06-02,15:30:53.459000,11120,11121,11121,1
2020-06-02,15:30:53.469000,11120,11121,11121,1
2020-06-02,15:30:53.492000,11120,11121,11121,1
2020-06-02,15:30:53.504000,11120,11121,11121,1
2020-06-02,15:30:53.525000,11120,11121,11121,1
2020-06-02,15:30:53.895000,11120,11121,11120,1
2020-06-02,15:30:54.007000,11120,11121,11120,1
2020-06-02,15:30:54.136000,11120,11121,11121,1
2020-06-02,15:30:56.132000,11120,11121,11121,1
2020-06-02,15:30:56.400000,11120,11121,11121,7
2020-06-02,15:30:56.421000,11121,11122,11122,8
2020-06-02,15:30:56.506000,11121,11122,11122,2
2020-06-02,15:30:56.546000,11121,11122,11122,1
2020-06-02,15:30:56.787000,11121,11123,11123,1
2020-06-02,15:30:57.657000,11122,11123,11122,1
2020-06-02,15:30:57.753000,11122,11123,11123,3
2020-06-02,15:30:58.803000,11122,11123,11123,1
2020-06-02,15:30:59.586000,11122,11123,11122,1
2020-06-02,15:30:59.665000,11122,11123,11122,1
2020-06-02,15:31:00.261000,11122,11123,11122,1
2020-06-02,15:31:00.399000,11121,11122,11122,1
2020-06-02,15:31:00.894000,11122,11123,11122,1
2020-06-02,15:31:01.132000,11122,11123,11123,2
2020-06-02,15:31:01.295000,11122,11123,11123,1
2020-06-02,15:31:03.445000,11121,11122,11122,3
2020-06-02,15:31:03.528000,11121,11122,11122,1
2020-06-02,15:31:03.903000,11122,11123,11122,1
2020-06-02,15:31:05.328000,11122,11123,11123,2
2020-06-02,15:31:05.443000,11122,11123,11123,1
2020-06-02,15:31:05.759000,11122,11123,11123,1
2020-06-02,15:31:06.497000,11122,11123,11122,1
2020-06-02,15:31:09.255000,11122,11123,11123,1
2020-06-02,15:31:11.765000,11122,11123,11123,1
2020-06-02,15:31:12.064000,11122,11123,11123,1
2020-06-02,15:31:12.353000,11122,11123,11123,3
2020-06-02,15:31:13.185000,11122,11123,11122,1
2020-06-02,15:31:13.328000,11122,11123,11122,8
2020-06-02,15:31:14.760000,11121,11122,11122,1
2020-06-02,15:31:14.960000,11121,11122,11122,1
2020-06-02,15:31:17.112000,11121,11122,11122,1
2020-06-02,15:31:17.112000,11121,11122,11122,1
2020-06-02,15:31:17.340000,11121,11122,11122,1
2020-06-02,15:31:18.851000,11122,11123,11122,1
2020-06-02,15:31:19.047000,11122,11123,11122,1
2020-06-02,15:31:19.821000,11122,11123,11122,1
2020-06-02,15:31:19.945000,11122,11123,11123,1
2020-06-02,15:31:20.275000,11122,11123,11123,1
2020-06-02,15:31:21.543000,11122,11123,11122,1
2020-06-02,15:31:21.592000,11122,11123,11122,3
2020-06-02,15:31:22.373000,11122,11123,11123,1
2020-06-02,15:31:23.413000,11122,11123,11123,11
2020-06-02,15:31:23.413000,11122,11123,11123,4
2020-06-02,15:31:23.414000,11122,11123,11123,1
2020-06-02,15:31:23.635000,11123,11124,11124,1
2020-06-02,15:31:23.925000,11123,11124,11123,4
2020-06-02,15:31:23.925000,11123,11124,11122,12
2020-06-02,15:31:23.925000,11123,11124,11121,4
2020-06-02,15:31:23.941000,11123,11124,11123,1
2020-06-02,15:31:24.147000,11122,11123,11123,2
2020-06-02,15:31:24.195000,11122,11123,11123,2
2020-06-02,15:31:24.256000,11122,11123,11123,1
2020-06-02,15:31:24.277000,11122,11123,11124,3
2020-06-02,15:31:24.471000,11122,11124,11122,1
2020-06-02,15:31:25.640000,11123,11124,11124,1
2020-06-02,15:31:26.119000,11123,11124,11124,1
2020-06-02,15:31:26.150000,11123,11124,11124,1
2020-06-02,15:31:26.167000,11123,11124,11124,1
2020-06-02,15:31:26.197000,11123,11124,11124,1
2020-06-02,15:31:26.200000,11123,11124,11124,1
2020-06-02,15:31:26.203000,11123,11124,11124,1
2020-06-02,15:31:26.216000,11123,11124,11124,1
2020-06-02,15:31:26.643000,11123,11124,11124,1
2020-06-02,15:31:26.843000,11123,11124,11124,2
2020-06-02,15:31:26.896000,11123,11124,11124,1
2020-06-02,15:31:26.903000,11123,11124,11124,2
2020-06-02,15:31:26.912000,11123,11124,11124,1
2020-06-02,15:31:26.955000,11123,11124,11124,1
2020-06-02,15:31:27.746000,11123,11124,11123,1
2020-06-02,15:31:28.531000,11123,11124,11123,1
2020-06-02,15:31:29.212000,11123,11124,11123,1
2020-06-02,15:31:31.298000,11123,11124,11123,1
2020-06-02,15:31:31.298000,11123,11124,11123,1
2020-06-02,15:31:33.390000,11122,11123,11122,1
2020-06-02,15:31:33.825000,11121,11122,11122,1
2020-06-02,15:31:34.524000,11121,11122,11122,1
2020-06-02,15:31:38.531000,11122,11123,11123,1
2020-06-02,15:31:38.959000,11122,11123,11122,3
2020-06-02,15:31:40.471000,11122,11123,11123,1
2020-06-02,15:31:53.856000,11122,11123,11123,1
2020-06-02,15:31:57.885000,11122,11123,11123,1
2020-06-02,15:32:01.184000,11122,11123,11122,1
2020-06-02,15:32:01.383000,11122,11123,11122,5
2020-06-02,15:32:01.458000,11122,11123,11123,1
2020-06-02,15:32:01.458000,11122,11123,11123,15
2020-06-02,15:32:01.472000,11122,11123,11124,7
2020-06-02,15:32:01.564000,11122,11124,11124,1
2020-06-02,15:32:01.650000,11122,11124,11124,2
2020-06-02,15:32:02.795000,11123,11124,11122,1
2020-06-02,15:32:04.364000,11122,11123,11123,1
2020-06-02,15:32:07.543000,11123,11124,11123,2
2020-06-02,15:32:08.486000,11123,11124,11124,2
2020-06-02,15:32:08.846000,11123,11124,11124,2
2020-06-02,15:32:08.846000,11123,11124,11124,4
2020-06-02,15:32:10.346000,11123,11125,11124,1
2020-06-02,15:32:12.301000,11123,11124,11124,1
2020-06-02,15:32:13.773000,11124,11125,11124,6
2020-06-02,15:32:18.280000,11123,11124,11123,2
2020-06-02,15:32:18.280000,11123,11124,11123,2
2020-06-02,15:32:21.282000,11123,11124,11124,1
2020-06-02,15:32:22.479000,11123,11124,11123,2
2020-06-02,15:32:30.116000,11123,11124,11123,1
2020-06-02,15:32:30.944000,11123,11124,11124,1
2020-06-02,15:32:36.354000,11123,11124,11124,1
2020-06-02,15:32:36.889000,11123,11124,11123,1
2020-06-02,15:32:37.330000,11123,11124,11123,3
2020-06-02,15:32:38.852000,11122,11123,11123,2
2020-06-02,15:32:45.539000,11123,11124,11123,1
2020-06-02,15:32:46.785000,11123,11124,11123,1
2020-06-02,15:32:46.832000,11123,11124,11123,2
2020-06-02,15:32:47.880000,11123,11124,11123,2
2020-06-02,15:32:48.290000,11123,11124,11124,5
2020-06-02,15:32:53.349000,11123,11124,11123,1
2020-06-02,15:32:54.173000,11123,11124,11123,1
2020-06-02,15:33:03.113000,11123,11124,11124,10
2020-06-02,15:33:03.682000,11123,11124,11124,1
2020-06-02,15:33:06.195000,11123,11124,11123,2
2020-06-02,15:33:06.195000,11123,11124,11123,4
2020-06-02,15:33:06.195000,11123,11124,11123,4
2020-06-02,15:33:12.180000,11122,11123,11122,1
2020-06-02,15:33:14.375000,11122,11123,11122,24
2020-06-02,15:33:14.375000,11122,11123,11122,4
2020-06-02,15:33:14.375000,11122,11123,11122,14
2020-06-02,15:33:14.375000,11122,11123,11122,1
2020-06-02,15:33:14.375000,11122,11123,11122,16
2020-06-02,15:33:14.377000,11122,11123,11121,2
2020-06-02,15:33:14.377000,11122,11123,11121,4
2020-06-02,15:33:14.377000,11122,11123,11121,1
2020-06-02,15:33:14.377000,11122,11123,11121,1
2020-06-02,15:33:14.377000,11122,11123,11121,3
2020-06-02,15:33:14.378000,11122,11123,11121,1
2020-06-02,15:33:17.417000,11121,11122,11121,4
2020-06-02,15:33:17.417000,11121,11122,11121,4
2020-06-02,15:33:17.417000,11121,11122,11121,26
2020-06-02,15:33:17.417000,11121,11122,11121,4
2020-06-02,15:33:17.418000,11121,11122,11121,3
2020-06-02,15:33:17.426000,11120,11121,11120,2
2020-06-02,15:33:17.766000,11119,11121,11119,1
2020-06-02,15:33:19.304000,11120,11122,11120,1
2020-06-02,15:33:23.806000,11121,11122,11121,1
2020-06-02,15:33:25.884000,11121,11122,11121,1
2020-06-02,15:33:29.495000,11120,11121,11120,1
2020-06-02,15:33:30.392000,11120,11121,11121,1
2020-06-02,15:33:33.252000,11120,11121,11120,2
2020-06-02,15:33:34.497000,11120,11121,11120,1
2020-06-02,15:33:36.066000,11119,11120,11119,1
2020-06-02,15:33:41.490000,11119,11120,11120,1
2020-06-02,15:33:44.787000,11119,11120,11119,1
2020-06-02,15:33:49.262000,11119,11120,11119,5
2020-06-02,15:33:52.406000,11119,11120,11119,1
2020-06-02,15:33:52.687000,11119,11120,11119,1
2020-06-02,15:33:53.685000,11119,11120,11119,1
2020-06-02,15:34:00.061000,11119,11120,11120,5
2020-06-02,15:34:00.427000,11119,11120,11120,2
2020-06-02,15:34:00.577000,11119,11120,11120,1
2020-06-02,15:34:01.566000,11119,11120,11120,2
2020-06-02,15:34:02.152000,11120,11121,11121,3
2020-06-02,15:34:03.238000,11120,11121,11120,3
2020-06-02,15:34:04.204000,11119,11120,11120,1
2020-06-02,15:34:06.226000,11119,11120,11120,5
2020-06-02,15:34:10.183000,11119,11120,11120,1
2020-06-02,15:34:17.983000,11119,11121,11121,1
2020-06-02,15:34:23.106000,11120,11121,11120,2
2020-06-02,15:34:24.299000,11120,11121,11120,1
2020-06-02,15:34:24.319000,11120,11121,11119,1
2020-06-02,15:34:25.001000,11119,11120,11119,1
2020-06-02,15:34:26.239000,11119,11121,11120,1
2020-06-02,15:34:27.141000,11120,11121,11121,1
2020-06-02,15:34:33.377000,11120,11121,11120,1
2020-06-02,15:34:36.506000,11119,11121,11119,1
2020-06-02,15:34:36.762000,11119,11120,11120,1
2020-06-02,15:34:38.597000,11120,11121,11120,1
2020-06-02,15:34:49.327000,11119,11120,11120,1
2020-06-02,15:34:50.896000,11119,11121,11120,1
2020-06-02,15:34:54.948000,11119,11120,11120,1
2020-06-02,15:35:01.057000,11119,11121,11121,1
2020-06-02,15:35:01.994000,11119,11120,11120,1
2020-06-02,15:35:03.510000,11119,11121,11121,1
2020-06-02,15:35:03.515000,11119,11121,11121,1
2020-06-02,15:35:04.271000,11120,11121,11121,1
2020-06-02,15:35:04.426000,11120,11121,11121,1
2020-06-02,15:35:08.287000,11119,11121,11121,1
2020-06-02,15:35:11.105000,11120,11121,11120,1
2020-06-02,15:35:14.253000,11120,11121,11120,1
2020-06-02,15:35:15.507000,11119,11120,11120,2
2020-06-02,15:35:17.214000,11119,11120,11119,5
2020-06-02,15:35:20.653000,11119,11120,11119,1
2020-06-02,15:35:26.754000,11119,11120,11120,1
2020-06-02,15:35:26.754000,11119,11120,11120,1
2020-06-02,15:35:30.017000,11119,11120,11120,1
2020-06-02,15:35:30.099000,11119,11121,11120,1
2020-06-02,15:35:36.017000,11120,11121,11120,1
2020-06-02,15:35:36.611000,11120,11121,11120,1
2020-06-02,15:35:42.532000,11119,11120,11120,1
2020-06-02,15:35:42.686000,11120,11121,11120,1
2020-06-02,15:35:45.128000,11120,11121,11120,4
2020-06-02,15:35:45.416000,11119,11120,11120,1
2020-06-02,15:35:48.939000,11120,11121,11120,1
2020-06-02,15:35:58.755000,11120,11121,11120,1
2020-06-02,15:36:00.526000,11119,11120,11120,1
2020-06-02,15:36:00.527000,11119,11120,11120,2
2020-06-02,15:36:00.809000,11119,11121,11121,1
2020-06-02,15:36:00.985000,11120,11121,11120,1
2020-06-02,15:36:05.358000,11120,11121,11121,15
2020-06-02,15:36:05.478000,11121,11122,11122,1
2020-06-02,15:36:06.428000,11121,11122,11121,1
2020-06-02,15:36:09.273000,11121,11122,11122,1
2020-06-02,15:36:09.273000,11121,11122,11122,7
2020-06-02,15:36:09.273000,11121,11122,11122,3
2020-06-02,15:36:09.274000,11121,11122,11122,2
2020-06-02,15:36:18.660000,11121,11122,11122,1
2020-06-02,15:36:18.753000,11121,11123,11121,5
2020-06-02,15:36:18.935000,11121,11122,11122,1
2020-06-02,15:36:21.680000,11121,11122,11122,2
2020-06-02,15:36:34.110000,11122,11123,11123,3
2020-06-02,15:36:34.524000,11122,11123,11122,1
2020-06-02,15:36:36.377000,11122,11123,11123,2
2020-06-02,15:36:36.677000,11122,11123,11123,1
2020-06-02,15:36:36.979000,11122,11123,11123,1
2020-06-02,15:36:37.123000,11122,11123,11123,1
2020-06-02,15:36:37.177000,11122,11124,11124,1
2020-06-02,15:36:37.279000,11122,11124,11124,2
2020-06-02,15:36:37.383000,11122,11124,11124,1
2020-06-02,15:36:37.448000,11123,11124,11124,1
2020-06-02,15:36:37.482000,11123,11124,11124,5
2020-06-02,15:36:37.901000,11123,11124,11123,1
2020-06-02,15:36:38.627000,11123,11124,11124,1
2020-06-02,15:36:41.709000,11123,11124,11124,2
2020-06-02,15:36:41.710000,11123,11124,11124,2
2020-06-02,15:36:47.010000,11124,11125,11125,1
2020-06-02,15:36:47.010000,11124,11125,11125,1
2020-06-02,15:36:47.011000,11124,11125,11125,3
2020-06-02,15:36:47.011000,11124,11125,11125,1
2020-06-02,15:36:47.011000,11124,11125,11125,4
2020-06-02,15:36:47.011000,11124,11125,11125,5
2020-06-02,15:36:47.011000,11124,11125,11125,3
2020-06-02,15:36:47.011000,11124,11125,11125,3
2020-06-02,15:36:47.012000,11124,11125,11125,5
2020-06-02,15:36:47.012000,11124,11125,11125,1
2020-06-02,15:36:47.012000,11124,11125,11125,1
2020-06-02,15:36:47.012000,11124,11125,11125,2
2020-06-02,15:36:47.012000,11124,11125,11125,1
2020-06-02,15:36:47.012000,11124,11125,11125,1
2020-06-02,15:36:47.012000,11124,11125,11125,1
2020-06-02,15:36:47.012000,11124,11125,11125,3
2020-06-02,15:36:47.012000,11124,11125,11125,2
2020-06-02,15:36:47.012000,11124,11125,11125,2
2020-06-02,15:36:47.012000,11124,11125,11125,2
2020-06-02,15:36:47.012000,11124,11125,11125,1
2020-06-02,15:36:47.012000,11124,11125,11125,2
2020-06-02,15:36:47.012000,11124,11125,11125,2
2020-06-02,15:36:47.012000,11124,11125,11125,1
2020-06-02,15:36:47.012000,11124,11125,11125,5
2020-06-02,15:36:47.133000,11125,11126,11126,1
2020-06-02,15:36:47.190000,11125,11126,11126,2
2020-06-02,15:36:47.199000,11125,11126,11126,1
2020-06-02,15:36:47.218000,11125,11126,11126,1
2020-06-02,15:36:47.299000,11125,11126,11126,1
2020-06-02,15:36:47.301000,11125,11126,11126,1
2020-06-02,15:36:47.311000,11125,11126,11126,3
2020-06-02,15:36:47.322000,11125,11126,11126,1
2020-06-02,15:36:47.356000,11125,11126,11126,1
2020-06-02,15:36:47.686000,11125,11126,11126,2
2020-06-02,15:36:47.859000,11125,11126,11126,1
2020-06-02,15:36:50.684000,11125,11126,11126,2
2020-06-02,15:36:50.817000,11125,11126,11126,1
2020-06-02,15:36:50.976000,11125,11126,11126,2
2020-06-02,15:36:51.235000,11125,11126,11126,1
2020-06-02,15:36:53.629000,11125,11126,11125,1
2020-06-02,15:36:55.155000,11125,11126,11126,1
2020-06-02,15:36:56.085000,11125,11126,11126,2
2020-06-02,15:36:56.862000,11125,11127,11127,2
2020-06-02,15:36:57.125000,11125,11127,11127,4
2020-06-02,15:36:57.352000,11125,11127,11127,2
2020-06-02,15:36:58.600000,11125,11126,11125,3
2020-06-02,15:36:59.413000,11124,11125,11125,1
2020-06-02,15:37:00.845000,11124,11125,11124,3
2020-06-02,15:37:05.785000,11123,11124,11124,3
2020-06-02,15:37:06.688000,11124,11125,11124,1
2020-06-02,15:37:12.975000,11124,11125,11124,1
2020-06-02,15:37:15.597000,11123,11125,11123,5
2020-06-02,15:37:15.929000,11123,11125,11125,4
2020-06-02,15:37:17.676000,11124,11125,11125,1
2020-06-02,15:37:21.023000,11124,11125,11124,1
2020-06-02,15:37:25.878000,11124,11125,11124,1
2020-06-02,15:37:26.604000,11123,11124,11124,1
2020-06-02,15:37:38.063000,11124,11125,11124,2
2020-06-02,15:37:38.064000,11124,11125,11124,3
2020-06-02,15:37:40.874000,11123,11124,11123,1
2020-06-02,15:37:42.370000,11123,11124,11123,4
2020-06-02,15:37:44.836000,11122,11124,11124,1
2020-06-02,15:37:53.383000,11122,11124,11122,5
2020-06-02,15:37:53.649000,11122,11124,11124,4
2020-06-02,15:37:57.132000,11122,11123,11123,1
2020-06-02,15:38:05.705000,11123,11124,11124,1
2020-06-02,15:38:09.826000,11123,11124,11124,2
2020-06-02,15:38:09.826000,11123,11124,11124,3
2020-06-02,15:38:09.827000,11123,11124,11124,2
2020-06-02,15:38:15.343000,11124,11125,11124,1
2020-06-02,15:38:23.802000,11124,11125,11124,1
2020-06-02,15:38:24.568000,11124,11125,11124,1
2020-06-02,15:38:27.655000,11124,11125,11125,1
2020-06-02,15:38:40.949000,11124,11125,11125,1
2020-06-02,15:38:41.198000,11124,11125,11124,3
2020-06-02,15:38:42.009000,11124,11125,11124,1
2020-06-02,15:38:42.009000,11124,11125,11124,1
2020-06-02,15:38:42.009000,11124,11125,11124,4
2020-06-02,15:38:47.121000,11123,11124,11124,2
2020-06-02,15:38:49.529000,11123,11124,11124,1
2020-06-02,15:38:50.052000,11123,11124,11124,1
2020-06-02,15:38:51.896000,11123,11124,11124,6
2020-06-02,15:38:56.754000,11123,11124,11123,1
2020-06-02,15:38:56.755000,11123,11124,11123,12
2020-06-02,15:39:01.513000,11122,11124,11124,1
2020-06-02,15:39:02.661000,11122,11123,11122,4
2020-06-02,15:39:02.924000,11122,11123,11123,1
2020-06-02,15:39:06.997000,11122,11124,11122,1
2020-06-02,15:39:09.667000,11123,11124,11123,1
2020-06-02,15:39:10.805000,11123,11124,11123,1
2020-06-02,15:39:14.973000,11122,11123,11123,2
2020-06-02,15:39:17.126000,11122,11123,11122,4
2020-06-02,15:39:18.389000,11121,11122,11121,2
2020-06-02,15:39:18.389000,11121,11122,11121,2
2020-06-02,15:39:18.389000,11121,11122,11121,2
2020-06-02,15:39:18.635000,11120,11122,11122,3
2020-06-02,15:39:18.659000,11120,11122,11122,3
2020-06-02,15:39:18.675000,11121,11122,11122,4
2020-06-02,15:39:22.546000,11122,11123,11122,2
2020-06-02,15:39:27.270000,11121,11122,11121,1
2020-06-02,15:39:27.270000,11121,11122,11120,2
2020-06-02,15:39:30.225000,11121,11122,11121,1
2020-06-02,15:39:30.898000,11121,11122,11121,1
2020-06-02,15:39:31.122000,11121,11122,11122,2
2020-06-02,15:39:33.462000,11121,11122,11121,1
2020-06-02,15:39:33.696000,11121,11122,11121,1
2020-06-02,15:39:40.027000,11121,11122,11121,1
2020-06-02,15:39:44.010000,11121,11122,11121,3
2020-06-02,15:39:47.860000,11121,11122,11121,1
2020-06-02,15:39:48.358000,11120,11121,11120,1
2020-06-02,15:39:49.195000,11120,11121,11121,1
2020-06-02,15:39:49.307000,11120,11121,11120,1
2020-06-02,15:39:50.490000,11120,11121,11121,1
2020-06-02,15:39:58.412000,11120,11121,11121,1
2020-06-02,15:39:59.178000,11120,11121,11120,1
2020-06-02,15:40:00.120000,11120,11121,11121,2
2020-06-02,15:40:00.121000,11120,11121,11121,1
2020-06-02,15:40:00.121000,11120,11121,11121,2
2020-06-02,15:40:00.121000,11120,11121,11121,2
2020-06-02,15:40:00.121000,11120,11121,11121,5
2020-06-02,15:40:00.121000,11120,11121,11121,10
2020-06-02,15:40:00.620000,11121,11122,11121,1
2020-06-02,15:40:00.691000,11121,11122,11122,1
2020-06-02,15:40:14.743000,11121,11122,11122,1
2020-06-02,15:40:14.765000,11121,11122,11122,1
2020-06-02,15:40:14.783000,11121,11122,11122,1
2020-06-02,15:40:15.174000,11121,11122,11121,1
2020-06-02,15:40:18.154000,11121,11122,11121,1
2020-06-02,15:40:26.273000,11121,11122,11121,1
2020-06-02,15:40:29.230000,11121,11122,11121,2
2020-06-02,15:40:29.230000,11121,11122,11121,4
2020-06-02,15:40:29.230000,11121,11122,11121,1
2020-06-02,15:40:34.292000,11120,11121,11121,1
2020-06-02,15:40:35.793000,11120,11121,11121,1
2020-06-02,15:40:39.962000,11121,11122,11122,1
2020-06-02,15:40:43.578000,11121,11122,11121,1
2020-06-02,15:40:53.703000,11120,11121,11121,1
2020-06-02,15:40:54.254000,11120,11121,11121,1
2020-06-02,15:41:14.867000,11120,11121,11121,1
2020-06-02,15:41:19.478000,11120,11121,11121,8
2020-06-02,15:41:35.423000,11120,11121,11120,13
2020-06-02,15:41:35.607000,11119,11121,11120,1
2020-06-02,15:41:41.059000,11119,11120,11120,1
2020-06-02,15:41:52.620000,11119,11120,11120,1
2020-06-02,15:41:54.099000,11119,11120,11120,1
2020-06-02,15:41:54.099000,11119,11120,11120,1
2020-06-02,15:41:54.218000,11119,11120,11120,1
2020-06-02,15:41:54.870000,11119,11120,11120,2
2020-06-02,15:41:54.958000,11119,11120,11120,1
2020-06-02,15:41:55.297000,11120,11121,11120,1
2020-06-02,15:42:03.505000,11120,11121,11120,1
2020-06-02,15:42:03.791000,11120,11121,11121,1
2020-06-02,15:42:07.588000,11120,11121,11121,2
2020-06-02,15:42:12.216000,11120,11122,11120,1
2020-06-02,15:42:27.396000,11120,11121,11120,11
2020-06-02,15:42:27.397000,11120,11121,11120,4
2020-06-02,15:42:30.079000,11120,11121,11120,2
2020-06-02,15:42:31.433000,11120,11121,11120,1
2020-06-02,15:42:31.894000,11119,11121,11119,1
2020-06-02,15:42:32.172000,11119,11121,11121,4
2020-06-02,15:42:32.452000,11120,11122,11120,1
2020-06-02,15:42:33.819000,11119,11121,11119,1
2020-06-02,15:42:39.002000,11119,11121,11119,1
2020-06-02,15:42:44.375000,11120,11121,11120,1
2020-06-02,15:42:48.414000,11120,11121,11120,2
2020-06-02,15:42:51.294000,11120,11121,11121,2
2020-06-02,15:42:51.295000,11120,11121,11121,2
2020-06-02,15:42:51.295000,11120,11121,11121,2
2020-06-02,15:42:51.790000,11121,11122,11121,1
2020-06-02,15:42:56.555000,11120,11121,11120,17
2020-06-02,15:42:57.964000,11120,11121,11121,2
2020-06-02,15:42:57.964000,11120,11121,11121,3
2020-06-02,15:42:59.833000,11120,11121,11120,3
2020-06-02,15:43:00.473000,11120,11121,11121,3
2020-06-02,15:43:06.483000,11120,11121,11120,1
2020-06-02,15:43:08.064000,11120,11121,11121,1
2020-06-02,15:43:13.639000,11120,11121,11121,2
2020-06-02,15:43:13.639000,11120,11121,11121,5
2020-06-02,15:43:13.639000,11120,11121,11121,3
2020-06-02,15:43:17.800000,11120,11121,11121,1
2020-06-02,15:43:20.027000,11120,11121,11121,1
2020-06-02,15:43:32.779000,11121,11122,11121,1
2020-06-02,15:43:35.990000,11121,11122,11122,1
2020-06-02,15:43:35.990000,11121,11122,11122,5
2020-06-02,15:43:35.990000,11121,11122,11122,3
2020-06-02,15:43:35.991000,11121,11122,11122,3
2020-06-02,15:43:35.991000,11121,11122,11122,1
2020-06-02,15:43:42.969000,11121,11123,11121,1
2020-06-02,15:43:43.379000,11121,11123,11123,1
2020-06-02,15:43:43.993000,11121,11123,11123,1
2020-06-02,15:43:45.130000,11121,11122,11122,1
2020-06-02,15:43:52.567000,11122,11123,11122,1
2020-06-02,15:43:56.116000,11122,11123,11123,1
2020-06-02,15:43:56.237000,11122,11123,11123,8
2020-06-02,15:43:56.300000,11123,11124,11124,4
2020-06-02,15:44:04.780000,11123,11124,11124,3
2020-06-02,15:44:06.451000,11123,11124,11123,1
2020-06-02,15:44:06.694000,11123,11124,11123,1
2020-06-02,15:44:06.868000,11123,11124,11123,1
2020-06-02,15:44:06.890000,11123,11124,11123,1
2020-06-02,15:44:13.368000,11123,11124,11123,1
2020-06-02,15:44:15.385000,11123,11124,11123,2
2020-06-02,15:44:17.518000,11123,11124,11123,1
2020-06-02,15:44:17.518000,11123,11124,11123,1
2020-06-02,15:44:17.518000,11123,11124,11123,1
2020-06-02,15:44:19.477000,11122,11123,11122,2
2020-06-02,15:44:23.385000,11122,11123,11122,2
2020-06-02,15:44:29.990000,11122,11123,11123,1
2020-06-02,15:44:31.215000,11122,11123,11123,1
2020-06-02,15:44:35.653000,11122,11123,11123,1
2020-06-02,15:44:37.951000,11122,11123,11123,1
2020-06-02,15:44:39.283000,11122,11123,11123,1
2020-06-02,15:44:40.146000,11122,11123,11123,1
2020-06-02,15:44:40.811000,11122,11123,11123,1
2020-06-02,15:44:41.182000,11122,11123,11123,5
2020-06-02,15:44:46.092000,11122,11123,11122,8
2020-06-02,15:44:48.022000,11122,11123,11123,5
2020-06-02,15:44:51.359000,11121,11123,11123,5
2020-06-02,15:44:55.040000,11122,11123,11123,1
2020-06-02,15:44:56.307000,11122,11123,11122,2
2020-06-02,15:45:00.303000,11121,11122,11122,1
2020-06-02,15:45:00.542000,11121,11122,11122,1
2020-06-02,15:45:00.563000,11121,11122,11122,1
2020-06-02,15:45:00.563000,11121,11122,11122,1
2020-06-02,15:45:00.583000,11121,11122,11122,1
2020-06-02,15:45:01.169000,11121,11123,11123,5
2020-06-02,15:45:01.169000,11121,11123,11123,5
2020-06-02,15:45:01.408000,11121,11123,11123,1
2020-06-02,15:45:01.891000,11121,11123,11123,2
2020-06-02,15:45:02.252000,11121,11123,11123,2
2020-06-02,15:45:02.263000,11121,11123,11123,2
2020-06-02,15:45:03.300000,11121,11123,11123,2
2020-06-02,15:45:04.114000,11121,11123,11123,2
2020-06-02,15:45:04.310000,11121,11123,11123,4
2020-06-02,15:45:04.344000,11121,11123,11123,4
2020-06-02,15:45:04.784000,11122,11123,11123,2
2020-06-02,15:45:08.186000,11121,11122,11122,5
2020-06-02,15:45:08.606000,11121,11122,11122,1
2020-06-02,15:45:11.475000,11121,11122,11122,1
2020-06-02,15:45:11.475000,11121,11122,11122,4
2020-06-02,15:45:14.178000,11122,11123,11123,2
2020-06-02,15:45:15.424000,11123,11124,11123,1
2020-06-02,15:45:18.319000,11123,11124,11124,5
2020-06-02,15:45:24.994000,11123,11124,11124,1
2020-06-02,15:45:31.020000,11123,11124,11124,1
2020-06-02,15:45:32.320000,11123,11124,11124,5
2020-06-02,15:45:32.320000,11123,11124,11124,2
2020-06-02,15:45:32.320000,11123,11124,11124,2
2020-06-02,15:45:32.321000,11123,11124,11124,4
2020-06-02,15:45:33.919000,11124,11125,11124,5
2020-06-02,15:45:34.798000,11123,11124,11124,5
2020-06-02,15:45:37.651000,11124,11125,11124,1
2020-06-02,15:45:37.651000,11124,11125,11124,4
2020-06-02,15:45:38.004000,11123,11124,11124,1
2020-06-02,15:45:38.004000,11123,11124,11124,4
2020-06-02,15:45:49.567000,11123,11124,11123,2
2020-06-02,15:45:49.567000,11123,11124,11123,3
2020-06-02,15:45:49.567000,11123,11124,11123,2
2020-06-02,15:45:52.172000,11122,11124,11124,1
2020-06-02,15:45:58.190000,11122,11123,11123,1
2020-06-02,15:46:03.922000,11122,11123,11122,2
2020-06-02,15:46:03.922000,11122,11123,11122,4
2020-06-02,15:46:03.922000,11122,11123,11122,4
2020-06-02,15:46:05.732000,11121,11122,11122,1
2020-06-02,15:46:05.735000,11121,11122,11121,1
2020-06-02,15:46:10.334000,11121,11123,11123,1
2020-06-02,15:46:24.471000,11121,11122,11122,1
2020-06-02,15:46:26.027000,11121,11123,11122,2
2020-06-02,15:46:40.075000,11122,11123,11122,1
2020-06-02,15:46:44.277000,11122,11123,11122,2
2020-06-02,15:46:49.245000,11121,11122,11121,3
2020-06-02,15:46:49.251000,11121,11122,11121,3
2020-06-02,15:47:05.766000,11120,11121,11121,1
2020-06-02,15:47:11.563000,11120,11121,11121,1
2020-06-02,15:47:13.792000,11120,11121,11121,1
2020-06-02,15:47:15.405000,11120,11122,11120,2
2020-06-02,15:47:33.575000,11120,11121,11121,2
2020-06-02,15:47:33.575000,11120,11121,11122,4
2020-06-02,15:47:34.581000,11120,11122,11120,1
2020-06-02,15:47:48.040000,11120,11122,11120,1
2020-06-02,15:47:55.639000,11121,11122,11122,1
2020-06-02,15:48:01.414000,11121,11122,11121,1
2020-06-02,15:48:10.786000,11121,11122,11122,1
2020-06-02,15:48:17.806000,11121,11122,11122,1
2020-06-02,15:48:39.697000,11121,11122,11121,2
2020-06-02,15:48:39.698000,11121,11122,11121,3
2020-06-02,15:48:50.249000,11120,11121,11121,1
2020-06-02,15:48:53.034000,11120,11121,11121,1
2020-06-02,15:49:02.517000,11120,11121,11121,2
2020-06-02,15:49:27.102000,11120,11121,11121,1
2020-06-02,15:49:29.673000,11120,11121,11121,2
2020-06-02,15:49:29.705000,11120,11121,11121,1
2020-06-02,15:49:30.291000,11121,11122,11122,1
2020-06-02,15:49:42.984000,11121,11122,11121,1
2020-06-02,15:49:51.566000,11121,11122,11121,1
2020-06-02,15:49:56.294000,11121,11122,11121,1
2020-06-02,15:50:03.311000,11120,11121,11121,1
2020-06-02,15:50:06.757000,11120,11122,11121,1
2020-06-02,15:50:08.046000,11120,11121,11121,1
2020-06-02,15:50:17.285000,11120,11121,11120,4
2020-06-02,15:50:17.285000,11120,11121,11120,5
2020-06-02,15:50:17.285000,11120,11121,11120,5
2020-06-02,15:50:17.285000,11120,11121,11120,2
2020-06-02,15:50:17.285000,11120,11121,11120,10
2020-06-02,15:50:30.894000,11119,11120,11120,1
2020-06-02,15:50:31.711000,11119,11120,11120,1
2020-06-02,15:50:33.989000,11120,11121,11120,1
2020-06-02,15:50:40.081000,11120,11121,11120,1
2020-06-02,15:50:46.954000,11119,11120,11120,1
2020-06-02,15:50:47.750000,11119,11120,11119,1
2020-06-02,15:50:51.846000,11119,11120,11119,5
2020-06-02,15:50:53.041000,11119,11120,11120,1
2020-06-02,15:51:06.592000,11119,11120,11119,1
2020-06-02,15:51:06.593000,11119,11120,11119,2
2020-06-02,15:51:06.593000,11119,11120,11119,2
2020-06-02,15:51:06.593000,11119,11120,11119,1
2020-06-02,15:51:06.593000,11119,11120,11119,4
2020-06-02,15:51:06.593000,11119,11120,11119,1
2020-06-02,15:51:06.593000,11119,11120,11119,1
2020-06-02,15:51:06.593000,11119,11120,11119,1
2020-06-02,15:51:06.593000,11119,11120,11119,2
2020-06-02,15:51:06.593000,11119,11120,11119,3
2020-06-02,15:51:06.593000,11119,11120,11119,3
2020-06-02,15:51:06.593000,11119,11120,11119,1
2020-06-02,15:51:06.593000,11119,11120,11119,5
2020-06-02,15:51:06.593000,11119,11120,11119,2
2020-06-02,15:51:06.593000,11119,11120,11119,3
2020-06-02,15:51:06.593000,11119,11120,11119,3
2020-06-02,15:51:06.593000,11119,11120,11119,16
2020-06-02,15:51:11.236000,11118,11120,11119,1
2020-06-02,15:51:19.002000,11119,11120,11119,1
2020-06-02,15:51:19.532000,11118,11119,11118,4
2020-06-02,15:51:19.634000,11118,11119,11118,5
2020-06-02,15:51:19.648000,11118,11119,11119,1
2020-06-02,15:51:19.648000,11118,11119,11120,3
2020-06-02,15:51:21.653000,11118,11119,11119,1
2020-06-02,15:51:21.654000,11118,11119,11119,2
2020-06-02,15:51:21.654000,11118,11119,11119,1
2020-06-02,15:51:31.765000,11119,11120,11119,1
2020-06-02,15:51:32.942000,11119,11120,11120,1
2020-06-02,15:51:36.785000,11119,11120,11119,1
2020-06-02,15:51:41.065000,11119,11120,11120,15
2020-06-02,15:51:59.127000,11120,11121,11121,1
2020-06-02,15:51:59.127000,11120,11121,11120,1
2020-06-02,15:52:01,11120,11121,11121,1
2020-06-02,15:52:01.055000,11120,11121,11120,1
2020-06-02,15:52:07.735000,11119,11121,11120,1
2020-06-02,15:52:09.526000,11120,11121,11120,1
2020-06-02,15:52:12.509000,11119,11120,11120,2
2020-06-02,15:52:12.509000,11119,11120,11121,1
2020-06-02,15:52:22.872000,11119,11120,11119,1
2020-06-02,15:52:26.184000,11119,11120,11119,1
2020-06-02,15:52:31.628000,11119,11120,11119,3
2020-06-02,15:52:41.851000,11119,11120,11119,1
2020-06-02,15:52:42.345000,11119,11120,11119,1
2020-06-02,15:52:52.107000,11119,11120,11119,2
2020-06-02,15:52:52.573000,11119,11120,11119,1
2020-06-02,15:52:57.778000,11119,11120,11119,1
2020-06-02,15:52:59.658000,11119,11120,11120,2
2020-06-02,15:52:59.658000,11119,11120,11120,2
2020-06-02,15:52:59.658000,11119,11120,11120,2
2020-06-02,15:52:59.658000,11119,11120,11120,4
2020-06-02,15:52:59.698000,11120,11121,11120,1
2020-06-02,15:52:59.798000,11120,11121,11121,2
2020-06-02,15:53:07.114000,11120,11121,11120,1
2020-06-02,15:53:18.725000,11119,11120,11120,3
2020-06-02,15:53:20.212000,11119,11120,11119,15
2020-06-02,15:53:21.812000,11118,11119,11119,1
2020-06-02,15:53:23.568000,11118,11119,11118,1
2020-06-02,15:53:25.403000,11118,11119,11119,1
2020-06-02,15:53:43.791000,11118,11119,11119,2
2020-06-02,15:53:43.792000,11118,11119,11119,1
2020-06-02,15:53:44.820000,11119,11120,11119,1
2020-06-02,15:53:44.851000,11119,11120,11119,1
2020-06-02,15:53:53.809000,11118,11119,11119,3
2020-06-02,15:53:54.332000,11119,11120,11119,1
2020-06-02,15:53:54.410000,11119,11120,11119,1
2020-06-02,15:54:02.015000,11118,11119,11119,2
2020-06-02,15:54:04.852000,11118,11119,11119,1
2020-06-02,15:54:08.840000,11118,11119,11119,5
2020-06-02,15:54:09.228000,11119,11120,11119,1
2020-06-02,15:54:23.569000,11119,11120,11119,2
2020-06-02,15:54:29.638000,11119,11120,11119,2
2020-06-02,15:54:32.727000,11118,11119,11119,2
2020-06-02,15:54:32.727000,11118,11119,11119,1
2020-06-02,15:54:33.977000,11119,11120,11119,1
2020-06-02,15:54:35.523000,11119,11120,11119,2
2020-06-02,15:54:40.313000,11118,11119,11119,1
2020-06-02,15:54:41.562000,11118,11119,11119,1
2020-06-02,15:54:44.792000,11119,11120,11120,1
2020-06-02,15:54:44.821000,11119,11120,11119,1
2020-06-02,15:55:07.201000,11118,11120,11118,1
2020-06-02,15:55:08.062000,11118,11120,11118,1
2020-06-02,15:55:12.948000,11118,11119,11118,1
2020-06-02,15:55:16.300000,11118,11119,11119,2
2020-06-02,15:55:22.593000,11119,11120,11119,1
2020-06-02,15:55:24.409000,11118,11119,11118,1
2020-06-02,15:55:26.313000,11118,11119,11118,1
2020-06-02,15:55:28.429000,11118,11119,11119,2
2020-06-02,15:55:28.429000,11118,11119,11119,2
2020-06-02,15:55:28.429000,11118,11119,11119,1
2020-06-02,15:55:35.946000,11118,11119,11118,1
2020-06-02,15:55:57.681000,11118,11119,11119,6
2020-06-02,15:55:57.828000,11118,11119,11119,1
2020-06-02,15:56:02.022000,11118,11119,11119,1
2020-06-02,15:56:11.338000,11118,11119,11119,2
2020-06-02,15:56:11.375000,11118,11119,11119,1
2020-06-02,15:56:23.864000,11119,11120,11119,1
2020-06-02,15:56:26.762000,11118,11119,11119,1
2020-06-02,15:56:43.446000,11118,11120,11120,5
2020-06-02,15:56:55.058000,11119,11120,11119,1
2020-06-02,15:56:56.802000,11118,11119,11119,1
2020-06-02,15:57:12.648000,11118,11120,11119,1
2020-06-02,15:57:14.943000,11119,11120,11119,1
2020-06-02,15:57:15.265000,11118,11119,11119,1
2020-06-02,15:57:31.514000,11119,11120,11120,5
2020-06-02,15:57:31.514000,11119,11120,11120,7
2020-06-02,15:57:43.611000,11120,11121,11120,1
2020-06-02,15:57:58.337000,11120,11121,11120,1
2020-06-02,15:58:16.534000,11120,11121,11120,1
2020-06-02,15:58:30.057000,11119,11120,11120,1
2020-06-02,15:58:34.371000,11120,11121,11121,8
2020-06-02,15:58:34.371000,11120,11121,11121,3
2020-06-02,15:58:34.371000,11120,11121,11121,1
2020-06-02,15:58:34.371000,11120,11121,11121,1
2020-06-02,15:58:34.371000,11120,11121,11121,1
2020-06-02,15:58:35.356000,11120,11122,11120,1
2020-06-02,15:59:04.087000,11120,11121,11121,1
2020-06-02,15:59:05.392000,11120,11121,11120,4
2020-06-02,15:59:10.265000,11119,11120,11120,2
2020-06-02,15:59:12.564000,11119,11120,11120,1
2020-06-02,15:59:12.597000,11119,11120,11120,1
2020-06-02,15:59:20.523000,11120,11121,11121,1
2020-06-02,15:59:46.092000,11119,11120,11120,1
2020-06-02,16:00:21.980000,11119,11120,11120,1
2020-06-02,16:00:22.264000,11119,11120,11119,2
2020-06-02,16:00:35.087000,11119,11120,11119,1
2020-06-02,16:00:35.087000,11119,11120,11119,13
2020-06-02,16:00:35.247000,11118,11119,11119,1
2020-06-02,16:00:47.985000,11118,11120,11118,1
2020-06-02,16:00:50.295000,11118,11120,11119,1
2020-06-02,16:00:59.487000,11119,11120,11119,1
2020-06-02,16:01:04.793000,11118,11119,11118,2
2020-06-02,16:01:04.793000,11118,11119,11118,5
2020-06-02,16:01:04.793000,11118,11119,11118,1
2020-06-02,16:01:04.793000,11118,11119,11118,1
2020-06-02,16:01:04.794000,11118,11119,11118,2
2020-06-02,16:01:04.794000,11118,11119,11118,1
2020-06-02,16:01:04.794000,11118,11119,11118,2
2020-06-02,16:01:04.794000,11118,11119,11118,3
2020-06-02,16:01:04.794000,11118,11119,11118,18
2020-06-02,16:01:04.794000,11118,11119,11118,5
2020-06-02,16:01:04.794000,11118,11119,11118,2
2020-06-02,16:01:04.794000,11118,11119,11118,2
2020-06-02,16:01:04.794000,11118,11119,11118,2
2020-06-02,16:01:04.794000,11118,11119,11118,1
2020-06-02,16:01:10.262000,11117,11118,11117,1
2020-06-02,16:01:10.317000,11117,11118,11117,1
2020-06-02,16:01:10.534000,11117,11118,11118,4
2020-06-02,16:01:12.581000,11117,11118,11117,1
2020-06-02,16:01:15.460000,11117,11118,11117,1
2020-06-02,16:01:17.433000,11117,11118,11118,13
2020-06-02,16:01:17.549000,11118,11119,11119,3
2020-06-02,16:01:17.981000,11118,11119,11118,5
2020-06-02,16:01:21.505000,11117,11119,11117,1
2020-06-02,16:01:28.825000,11117,11118,11118,1
2020-06-02,16:01:36.756000,11118,11119,11118,1
2020-06-02,16:01:39.737000,11117,11119,11118,1
2020-06-02,16:01:45.767000,11117,11118,11118,1
2020-06-02,16:01:46.525000,11117,11119,11118,1
2020-06-02,16:01:55.302000,11118,11119,11119,2
2020-06-02,16:01:55.302000,11118,11119,11119,3
2020-06-02,16:01:58.093000,11119,11120,11119,1
2020-06-02,16:01:59.101000,11119,11120,11119,1
2020-06-02,16:02:00.620000,11119,11120,11120,1
2020-06-02,16:02:02.780000,11119,11120,11120,5
2020-06-02,16:02:20.289000,11119,11120,11120,5
2020-06-02,16:02:39.351000,11119,11120,11120,4
2020-06-02,16:02:40.626000,11119,11120,11120,1
2020-06-02,16:02:43.038000,11119,11120,11120,1
2020-06-02,16:02:49.144000,11119,11120,11120,1
2020-06-02,16:02:49.174000,11119,11121,11119,1
2020-06-02,16:03:23.375000,11120,11121,11121,1
2020-06-02,16:03:24.616000,11120,11121,11121,5
2020-06-02,16:03:24.617000,11120,11121,11121,4
2020-06-02,16:03:28.754000,11121,11122,11121,1
2020-06-02,16:04:03.649000,11121,11122,11122,1
2020-06-02,16:04:05.698000,11121,11122,11122,12
2020-06-02,16:04:05.818000,11121,11123,11123,1
2020-06-02,16:04:10.621000,11122,11123,11122,1
2020-06-02,16:04:10.792000,11121,11123,11122,1
2020-06-02,16:04:11.393000,11121,11123,11121,1
2020-06-02,16:04:13.243000,11122,11123,11123,1
2020-06-02,16:04:16.746000,11122,11123,11123,1
2020-06-02,16:04:17.416000,11122,11123,11123,1
2020-06-02,16:04:21.592000,11122,11123,11123,5
2020-06-02,16:04:21.594000,11122,11123,11123,1
2020-06-02,16:04:30.274000,11123,11124,11123,1
2020-06-02,16:04:31.883000,11123,11124,11124,2
2020-06-02,16:04:32.233000,11123,11124,11124,1
2020-06-02,16:04:36.210000,11123,11124,11123,1
2020-06-02,16:04:36.654000,11123,11124,11124,1
2020-06-02,16:04:37.479000,11123,11124,11124,2
2020-06-02,16:04:37.480000,11123,11124,11124,5
2020-06-02,16:04:37.480000,11123,11124,11124,4
2020-06-02,16:04:37.480000,11123,11124,11124,1
2020-06-02,16:04:37.480000,11123,11124,11124,1
2020-06-02,16:04:38.766000,11124,11125,11125,5
2020-06-02,16:04:38.767000,11124,11125,11125,3
2020-06-02,16:04:38.767000,11124,11125,11125,2
2020-06-02,16:04:38.767000,11124,11125,11125,14
2020-06-02,16:04:38.767000,11124,11125,11125,1
2020-06-02,16:04:38.768000,11124,11125,11126,1
2020-06-02,16:04:38.768000,11124,11125,11126,1
2020-06-02,16:04:40.959000,11125,11126,11126,1
2020-06-02,16:04:41.358000,11125,11126,11126,6
2020-06-02,16:04:41.359000,11125,11126,11126,1
2020-06-02,16:04:41.359000,11125,11126,11126,5
2020-06-02,16:04:43.492000,11126,11127,11126,2
2020-06-02,16:04:43.493000,11126,11127,11126,2
2020-06-02,16:04:47.797000,11125,11127,11127,5
2020-06-02,16:04:47.993000,11125,11127,11127,1
2020-06-02,16:04:48.014000,11125,11127,11127,1
2020-06-02,16:04:48.046000,11125,11127,11127,1
2020-06-02,16:04:48.059000,11125,11127,11127,2
2020-06-02,16:04:48.087000,11125,11127,11127,2
2020-06-02,16:04:48.093000,11125,11127,11127,2
2020-06-02,16:04:48.106000,11125,11127,11127,2
2020-06-02,16:04:48.121000,11125,11127,11127,5
2020-06-02,16:04:48.215000,11126,11127,11127,1
2020-06-02,16:04:48.235000,11126,11127,11127,1
2020-06-02,16:04:48.238000,11126,11127,11127,1
2020-06-02,16:04:48.238000,11126,11127,11127,1
2020-06-02,16:04:48.240000,11126,11127,11127,1
2020-06-02,16:04:48.264000,11126,11127,11128,5
2020-06-02,16:04:48.297000,11126,11127,11127,2
2020-06-02,16:04:48.512000,11126,11128,11128,4
2020-06-02,16:04:48.801000,11126,11128,11128,1
2020-06-02,16:04:48.838000,11126,11128,11128,1
2020-06-02,16:04:48.859000,11126,11128,11128,1
2020-06-02,16:04:50.291000,11126,11127,11127,1
2020-06-02,16:04:50.313000,11126,11127,11127,1
2020-06-02,16:04:55.104000,11126,11127,11127,2
2020-06-02,16:04:56.882000,11126,11127,11127,1
2020-06-02,16:05:01.301000,11126,11127,11127,1
2020-06-02,16:05:01.708000,11126,11127,11127,2
2020-06-02,16:05:01.839000,11126,11127,11127,3
2020-06-02,16:05:01.839000,11126,11127,11128,1
2020-06-02,16:05:01.910000,11126,11127,11128,1
2020-06-02,16:05:02.118000,11127,11128,11127,2
2020-06-02,16:05:02.180000,11126,11127,11126,1
2020-06-02,16:05:04.689000,11126,11127,11126,1
2020-06-02,16:05:07.078000,11126,11127,11126,1
2020-06-02,16:05:09.607000,11126,11127,11126,1
2020-06-02,16:05:10.160000,11126,11127,11126,1
2020-06-02,16:05:10.286000,11126,11127,11127,1
2020-06-02,16:05:10.577000,11126,11127,11126,1
2020-06-02,16:05:11.699000,11126,11127,11127,1
2020-06-02,16:05:11.699000,11126,11127,11127,1
2020-06-02,16:05:11.699000,11126,11127,11127,1
2020-06-02,16:05:11.699000,11126,11127,11127,1
2020-06-02,16:05:13.740000,11127,11128,11127,1
2020-06-02,16:05:14.491000,11127,11128,11127,1
2020-06-02,16:05:15.581000,11127,11128,11127,1
2020-06-02,16:05:16.064000,11127,11128,11128,1
2020-06-02,16:05:17.684000,11127,11128,11127,1
2020-06-02,16:05:18.324000,11127,11128,11127,1
2020-06-02,16:05:20.171000,11127,11128,11127,1
2020-06-02,16:05:20.992000,11127,11128,11128,2
2020-06-02,16:05:20.992000,11127,11128,11128,2
2020-06-02,16:05:20.993000,11127,11128,11128,1
2020-06-02,16:05:20.993000,11127,11128,11128,1
2020-06-02,16:05:20.993000,11127,11128,11128,1
2020-06-02,16:05:20.993000,11127,11128,11128,1
2020-06-02,16:05:23.036000,11127,11128,11127,1
2020-06-02,16:05:23.655000,11127,11128,11127,3
2020-06-02,16:05:23.655000,11127,11128,11127,1
2020-06-02,16:05:23.656000,11127,11128,11127,2
2020-06-02,16:05:24.375000,11127,11128,11127,4
2020-06-02,16:05:27.099000,11127,11128,11127,1
2020-06-02,16:05:27.869000,11127,11128,11127,1
2020-06-02,16:05:31.610000,11127,11128,11127,1
2020-06-02,16:05:33.823000,11127,11128,11128,1
2020-06-02,16:05:33.905000,11127,11128,11128,5
2020-06-02,16:05:37.006000,11127,11128,11128,1
2020-06-02,16:05:37.284000,11127,11128,11127,2
2020-06-02,16:05:37.284000,11127,11128,11127,4
2020-06-02,16:05:37.284000,11127,11128,11127,5
2020-06-02,16:05:38.550000,11126,11127,11126,1
2020-06-02,16:05:38.550000,11126,11127,11126,13
2020-06-02,16:05:38.550000,11126,11127,11126,4
2020-06-02,16:05:38.550000,11126,11127,11126,1
2020-06-02,16:05:38.551000,11126,11127,11126,2
2020-06-02,16:05:38.551000,11126,11127,11126,1
2020-06-02,16:05:38.551000,11126,11127,11126,1
2020-06-02,16:05:38.551000,11126,11127,11126,1
2020-06-02,16:05:38.751000,11125,11126,11126,1
2020-06-02,16:05:44.064000,11125,11126,11126,1
2020-06-02,16:05:50.441000,11125,11126,11126,1
2020-06-02,16:05:50.441000,11125,11126,11126,1
2020-06-02,16:05:50.442000,11125,11126,11126,1
2020-06-02,16:05:52.429000,11125,11126,11126,2
2020-06-02,16:05:52.429000,11125,11126,11126,1
2020-06-02,16:05:55.646000,11126,11127,11126,3
2020-06-02,16:05:56.997000,11125,11126,11126,1
2020-06-02,16:06:03.277000,11125,11126,11126,1
2020-06-02,16:06:03.278000,11125,11126,11126,6
2020-06-02,16:06:03.723000,11126,11127,11127,1
2020-06-02,16:06:09.088000,11126,11127,11126,2
2020-06-02,16:06:09.088000,11126,11127,11126,1
2020-06-02,16:06:09.088000,11126,11127,11126,1
2020-06-02,16:06:14.109000,11125,11126,11126,1
2020-06-02,16:06:17.142000,11125,11126,11126,2
2020-06-02,16:06:24.753000,11126,11127,11126,1
2020-06-02,16:06:27.471000,11126,11127,11126,1
2020-06-02,16:06:32.064000,11126,11127,11127,9
2020-06-02,16:06:34.405000,11127,11128,11128,1
2020-06-02,16:06:36.342000,11127,11128,11128,1
2020-06-02,16:06:37.011000,11127,11128,11127,1
2020-06-02,16:06:37.806000,11127,11128,11128,1
2020-06-02,16:06:38.873000,11127,11128,11128,5
2020-06-02,16:06:38.921000,11127,11128,11128,5
2020-06-02,16:06:40.512000,11127,11129,11127,1
2020-06-02,16:06:41.187000,11128,11129,11129,5
2020-06-02,16:06:41.423000,11128,11129,11129,1
2020-06-02,16:06:41.489000,11128,11129,11129,1
2020-06-02,16:06:41.503000,11128,11129,11129,1
2020-06-02,16:06:41.593000,11128,11129,11129,1
2020-06-02,16:06:48.807000,11128,11129,11129,1
2020-06-02,16:06:50.117000,11128,11129,11129,1
2020-06-02,16:06:51.019000,11128,11129,11129,1
2020-06-02,16:06:53.523000,11128,11129,11129,1
2020-06-02,16:06:55.588000,11128,11129,11129,2
2020-06-02,16:06:56.342000,11128,11129,11128,1
2020-06-02,16:06:58.882000,11128,11129,11128,1
2020-06-02,16:06:58.883000,11128,11129,11128,1
2020-06-02,16:06:58.883000,11128,11129,11128,9
2020-06-02,16:07:00.536000,11127,11128,11128,5
2020-06-02,16:07:04.241000,11128,11129,11129,1
2020-06-02,16:07:06.671000,11128,11129,11128,2
2020-06-02,16:07:07.265000,11128,11129,11128,1
2020-06-02,16:07:07.265000,11128,11129,11128,2
2020-06-02,16:07:07.265000,11128,11129,11128,1
2020-06-02,16:07:07.273000,11128,11129,11128,1
2020-06-02,16:07:12.343000,11127,11128,11128,1
2020-06-02,16:07:13.522000,11127,11128,11128,1
2020-06-02,16:07:25.035000,11128,11129,11129,1
2020-06-02,16:07:33.353000,11128,11129,11128,1
2020-06-02,16:07:34.822000,11128,11129,11128,1
2020-06-02,16:07:38.010000,11128,11129,11128,1
2020-06-02,16:07:38.239000,11128,11129,11129,4
2020-06-02,16:07:40.709000,11128,11129,11128,1
2020-06-02,16:07:46.209000,11128,11129,11128,1
2020-06-02,16:07:48.570000,11128,11129,11128,1
2020-06-02,16:08:01.751000,11128,11129,11129,2
2020-06-02,16:08:01.751000,11128,11129,11129,10
2020-06-02,16:08:01.751000,11128,11129,11129,6
2020-06-02,16:08:01.752000,11128,11129,11129,2
2020-06-02,16:08:01.799000,11129,11130,11130,5
2020-06-02,16:08:02.057000,11129,11130,11130,1
2020-06-02,16:08:08.557000,11129,11130,11130,1
2020-06-02,16:08:09.246000,11129,11130,11130,1
2020-06-02,16:08:15.267000,11129,11130,11130,2
2020-06-02,16:08:15.648000,11129,11130,11130,1
2020-06-02,16:08:16.064000,11129,11130,11130,1
2020-06-02,16:08:20.894000,11129,11130,11129,9
2020-06-02,16:08:23.579000,11128,11129,11129,1
2020-06-02,16:08:23.712000,11128,11129,11128,16
2020-06-02,16:08:23.932000,11127,11129,11129,1
2020-06-02,16:08:25.072000,11128,11129,11129,1
2020-06-02,16:08:26.712000,11128,11129,11129,1
2020-06-02,16:08:28.296000,11128,11129,11129,1
2020-06-02,16:08:33.080000,11128,11129,11129,10
2020-06-02,16:08:40.237000,11128,11129,11129,1
2020-06-02,16:08:45.967000,11128,11129,11129,1
2020-06-02,16:08:51.282000,11128,11129,11129,1
2020-06-02,16:08:52.089000,11128,11129,11129,1
2020-06-02,16:08:52.622000,11128,11129,11128,1
2020-06-02,16:08:56.144000,11128,11129,11129,1
2020-06-02,16:08:57.047000,11128,11129,11128,4
2020-06-02,16:08:57.047000,11128,11129,11128,1
2020-06-02,16:08:57.048000,11128,11129,11128,2
2020-06-02,16:08:57.048000,11128,11129,11128,3
2020-06-02,16:08:57.495000,11127,11129,11128,1
2020-06-02,16:08:59.502000,11128,11129,11128,1
2020-06-02,16:09:00.348000,11127,11129,11129,1
2020-06-02,16:09:00.717000,11127,11129,11127,1
2020-06-02,16:09:03.438000,11128,11129,11128,1
2020-06-02,16:09:04.612000,11127,11128,11128,1
2020-06-02,16:09:08.907000,11128,11129,11128,1
2020-06-02,16:09:09.838000,11128,11129,11129,2
2020-06-02,16:09:09.839000,11128,11129,11129,9
2020-06-02,16:09:10.046000,11129,11130,11129,1
2020-06-02,16:09:10.046000,11129,11130,11128,3
2020-06-02,16:09:11.570000,11128,11130,11128,3
2020-06-02,16:09:15.062000,11128,11130,11130,1
2020-06-02,16:09:17.223000,11128,11130,11129,1
2020-06-02,16:09:17.614000,11128,11130,11130,1
2020-06-02,16:09:19.086000,11128,11130,11128,1
2020-06-02,16:09:23.118000,11128,11129,11129,2
2020-06-02,16:09:28.790000,11128,11129,11129,1
2020-06-02,16:09:31.003000,11129,11130,11130,1
2020-06-02,16:09:31.003000,11129,11130,11130,9
2020-06-02,16:09:31.003000,11129,11130,11130,8
2020-06-02,16:09:31.004000,11129,11130,11130,2
2020-06-02,16:09:31.004000,11129,11130,11130,5
2020-06-02,16:09:31.004000,11129,11130,11130,2
2020-06-02,16:09:31.004000,11129,11130,11130,1
2020-06-02,16:09:31.004000,11129,11130,11130,1
2020-06-02,16:09:31.004000,11129,11130,11130,2
2020-06-02,16:09:31.004000,11129,11130,11130,4
2020-06-02,16:09:31.004000,11129,11130,11130,6
2020-06-02,16:09:31.004000,11129,11130,11130,1
2020-06-02,16:09:31.004000,11129,11130,11130,1
2020-06-02,16:09:31.004000,11129,11130,11130,4
2020-06-02,16:09:31.004000,11129,11130,11130,2
2020-06-02,16:09:31.104000,11130,11131,11130,1
2020-06-02,16:09:42.171000,11129,11130,11130,3
2020-06-02,16:09:42.679000,11129,11130,11130,1
2020-06-02,16:09:45.352000,11129,11130,11130,1
2020-06-02,16:09:47.463000,11129,11130,11129,1
2020-06-02,16:09:47.706000,11129,11130,11130,1
2020-06-02,16:09:54.325000,11129,11130,11130,1
2020-06-02,16:09:59.194000,11129,11130,11130,1
2020-06-02,16:10:00.749000,11129,11130,11130,5
2020-06-02,16:10:00.803000,11129,11130,11130,1
2020-06-02,16:10:00.909000,11129,11130,11131,2
2020-06-02,16:10:00.927000,11130,11131,11131,1
2020-06-02,16:10:00.934000,11130,11131,11131,1
2020-06-02,16:10:00.964000,11130,11131,11131,1
2020-06-02,16:10:01.044000,11130,11131,11131,4
2020-06-02,16:10:01.052000,11130,11131,11131,4
2020-06-02,16:10:01.112000,11130,11131,11131,2
2020-06-02,16:10:01.149000,11130,11131,11131,1
2020-06-02,16:10:01.168000,11130,11131,11131,1
2020-06-02,16:10:01.219000,11130,11131,11131,1
2020-06-02,16:10:01.228000,11130,11131,11131,1
2020-06-02,16:10:01.297000,11130,11131,11131,1
2020-06-02,16:10:01.323000,11130,11131,11131,1
2020-06-02,16:10:01.613000,11130,11131,11130,1
2020-06-02,16:10:03.383000,11130,11131,11130,1
2020-06-02,16:10:08.768000,11128,11130,11130,2
2020-06-02,16:10:09.368000,11129,11130,11129,2
2020-06-02,16:10:18.352000,11128,11129,11128,3
2020-06-02,16:10:18.352000,11128,11129,11128,2
2020-06-02,16:10:18.352000,11128,11129,11128,7
2020-06-02,16:10:21.045000,11128,11129,11129,1
2020-06-02,16:10:27.879000,11128,11129,11128,1
2020-06-02,16:10:34.907000,11127,11128,11128,2
2020-06-02,16:10:37.234000,11127,11128,11127,1
2020-06-02,16:10:41.117000,11127,11128,11128,1
2020-06-02,16:10:45.766000,11127,11128,11127,1
2020-06-02,16:10:46.548000,11127,11128,11127,11
2020-06-02,16:10:46.549000,11127,11128,11127,2
2020-06-02,16:10:46.549000,11127,11128,11127,1
2020-06-02,16:10:46.549000,11127,11128,11127,1
2020-06-02,16:10:46.549000,11127,11128,11127,3
2020-06-02,16:10:46.549000,11127,11128,11127,2
2020-06-02,16:10:46.549000,11127,11128,11127,1
2020-06-02,16:10:46.549000,11127,11128,11127,18
2020-06-02,16:10:46.550000,11127,11128,11126,4
2020-06-02,16:10:46.666000,11127,11128,11127,1
2020-06-02,16:10:49.174000,11126,11128,11126,4
2020-06-02,16:10:58.015000,11126,11128,11128,1
2020-06-02,16:10:58.016000,11126,11128,11128,7
2020-06-02,16:11:01.931000,11127,11129,11128,1
2020-06-02,16:11:06.373000,11127,11128,11128,1
2020-06-02,16:11:07.485000,11128,11129,11128,1
2020-06-02,16:11:07.485000,11128,11129,11128,3
2020-06-02,16:11:11.681000,11127,11128,11128,1
2020-06-02,16:11:16.381000,11127,11128,11128,2
2020-06-02,16:11:21.751000,11127,11128,11128,1
2020-06-02,16:11:45.268000,11127,11128,11128,1
2020-06-02,16:11:46.766000,11127,11128,11127,1
2020-06-02,16:11:49.162000,11127,11128,11128,1
2020-06-02,16:11:50.605000,11127,11128,11128,1
2020-06-02,16:11:51.552000,11127,11128,11128,1
2020-06-02,16:11:53.452000,11127,11128,11127,1
2020-06-02,16:12:02.167000,11127,11128,11128,5
2020-06-02,16:12:02.646000,11127,11128,11128,1
2020-06-02,16:12:03.029000,11127,11129,11127,1
2020-06-02,16:12:03.345000,11128,11129,11128,1
2020-06-02,16:12:03.345000,11128,11129,11127,1
2020-06-02,16:12:13.050000,11128,11129,11128,1
2020-06-02,16:12:13.808000,11127,11129,11127,5
2020-06-02,16:12:32.337000,11127,11128,11128,1
2020-06-02,16:12:35.173000,11127,11128,11128,1
2020-06-02,16:12:38.027000,11127,11128,11127,1
2020-06-02,16:12:38.488000,11127,11128,11127,1
2020-06-02,16:12:40.548000,11127,11128,11127,1
2020-06-02,16:12:42.887000,11127,11128,11128,1
2020-06-02,16:13:02.384000,11127,11128,11128,1
2020-06-02,16:13:07.807000,11127,11128,11128,1
2020-06-02,16:13:12.019000,11128,11129,11129,1
2020-06-02,16:13:13.728000,11128,11129,11129,1
2020-06-02,16:13:16.145000,11128,11129,11129,1
2020-06-02,16:13:26.176000,11128,11129,11129,1
2020-06-02,16:13:28.830000,11128,11129,11129,4
2020-06-02,16:13:46.019000,11128,11129,11129,1
2020-06-02,16:13:53.786000,11128,11129,11129,1
2020-06-02,16:13:55.818000,11128,11129,11128,1
2020-06-02,16:14:02.224000,11128,11129,11129,6
2020-06-02,16:14:05.959000,11128,11129,11128,1
2020-06-02,16:14:12.144000,11128,11129,11129,1
2020-06-02,16:14:32.182000,11128,11129,11129,1
2020-06-02,16:14:32.565000,11128,11129,11128,2
2020-06-02,16:14:57.841000,11128,11129,11128,2
2020-06-02,16:15:07.530000,11128,11129,11129,2
2020-06-02,16:15:08.085000,11128,11129,11129,1
2020-06-02,16:15:08.187000,11128,11129,11128,2
2020-06-02,16:15:08.535000,11128,11129,11129,1
2020-06-02,16:15:15.682000,11128,11129,11129,3
2020-06-02,16:15:15.682000,11128,11129,11129,8
2020-06-02,16:15:15.682000,11128,11129,11129,2
2020-06-02,16:15:15.683000,11128,11129,11129,2
2020-06-02,16:15:24.871000,11129,11130,11129,1
2020-06-02,16:15:42.333000,11129,11130,11129,1
2020-06-02,16:15:50.543000,11129,11130,11130,1
2020-06-02,16:15:50.760000,11129,11130,11130,1
2020-06-02,16:15:50.979000,11129,11130,11130,1
2020-06-02,16:15:51.349000,11129,11130,11130,1
2020-06-02,16:15:51.442000,11129,11130,11129,1
2020-06-02,16:15:51.551000,11129,11130,11130,1
2020-06-02,16:15:56.162000,11129,11130,11130,2
2020-06-02,16:15:56.660000,11129,11130,11130,1
2020-06-02,16:15:57.176000,11129,11130,11129,2
2020-06-02,16:15:57.176000,11129,11130,11129,10
2020-06-02,16:16:04.272000,11128,11129,11129,1
2020-06-02,16:16:04.956000,11128,11129,11129,1
2020-06-02,16:16:10.244000,11129,11130,11129,1
2020-06-02,16:16:23.357000,11128,11129,11128,2
2020-06-02,16:16:33.809000,11128,11129,11128,1
2020-06-02,16:16:37.876000,11128,11129,11129,2
2020-06-02,16:16:48.207000,11128,11129,11129,1
2020-06-02,16:17:00.624000,11128,11129,11129,5
2020-06-02,16:17:10.953000,11128,11129,11129,1
2020-06-02,16:17:20.227000,11128,11129,11128,6
2020-06-02,16:17:20.228000,11128,11129,11128,8
2020-06-02,16:17:22.385000,11127,11128,11128,1
2020-06-02,16:17:23.333000,11127,11128,11128,1
2020-06-02,16:17:28.600000,11127,11128,11128,11
2020-06-02,16:17:28.600000,11127,11128,11128,1
2020-06-02,16:17:28.601000,11127,11128,11128,2
2020-06-02,16:17:28.601000,11127,11128,11128,4
2020-06-02,16:17:30.238000,11127,11129,11127,2
2020-06-02,16:17:35.814000,11127,11129,11127,45
2020-06-02,16:17:42.469000,11126,11127,11126,2
2020-06-02,16:17:44.973000,11126,11127,11127,1
2020-06-02,16:17:47.724000,11126,11127,11127,4
2020-06-02,16:17:48.323000,11127,11129,11127,1
2020-06-02,16:17:51.447000,11127,11129,11127,1
2020-06-02,16:17:56.724000,11128,11129,11129,1
2020-06-02,16:17:56.724000,11128,11129,11129,14
2020-06-02,16:17:58.897000,11129,11130,11129,1
2020-06-02,16:18:01.395000,11129,11130,11130,1
2020-06-02,16:18:01.395000,11129,11130,11130,4
2020-06-02,16:18:01.395000,11129,11130,11130,5
2020-06-02,16:18:01.395000,11129,11130,11130,2
2020-06-02,16:18:01.395000,11129,11130,11130,1
2020-06-02,16:18:01.395000,11129,11130,11130,2
2020-06-02,16:18:01.395000,11129,11130,11130,1
2020-06-02,16:18:01.396000,11129,11130,11130,3
2020-06-02,16:18:01.396000,11129,11130,11130,1
2020-06-02,16:18:01.396000,11129,11130,11130,2
2020-06-02,16:18:01.396000,11129,11130,11130,1
2020-06-02,16:18:01.396000,11129,11130,11130,2
2020-06-02,16:18:01.404000,11129,11130,11131,1
2020-06-02,16:18:01.404000,11129,11130,11131,1
2020-06-02,16:18:01.404000,11129,11130,11131,9
2020-06-02,16:18:01.431000,11131,11132,11131,1
2020-06-02,16:18:01.442000,11131,11132,11132,1
2020-06-02,16:18:01.606000,11131,11132,11132,1
2020-06-02,16:18:01.749000,11131,11132,11132,1
2020-06-02,16:18:01.749000,11131,11132,11132,2
2020-06-02,16:18:01.749000,11131,11132,11132,1
2020-06-02,16:18:01.749000,11131,11132,11132,2
2020-06-02,16:18:01.750000,11131,11132,11132,7
2020-06-02,16:18:01.750000,11131,11132,11132,3
2020-06-02,16:18:01.750000,11131,11132,11132,2
2020-06-02,16:18:01.750000,11131,11132,11132,6
2020-06-02,16:18:01.750000,11131,11132,11132,16
2020-06-02,16:18:01.750000,11131,11132,11132,3
2020-06-02,16:18:02.231000,11132,11133,11133,1
2020-06-02,16:18:02.402000,11132,11133,11133,1
2020-06-02,16:18:02.435000,11132,11133,11133,2
2020-06-02,16:18:02.438000,11132,11133,11133,1
2020-06-02,16:18:02.442000,11132,11133,11133,1
2020-06-02,16:18:02.449000,11132,11133,11133,2
2020-06-02,16:18:02.482000,11132,11133,11133,1
2020-06-02,16:18:02.546000,11132,11133,11133,5
2020-06-02,16:18:02.584000,11132,11133,11134,1
2020-06-02,16:18:02.609000,11132,11133,11134,1
2020-06-02,16:18:02.634000,11132,11133,11134,1
2020-06-02,16:18:02.695000,11133,11134,11134,1
2020-06-02,16:18:02.834000,11133,11134,11134,1
2020-06-02,16:18:02.840000,11133,11134,11134,1
2020-06-02,16:18:02.868000,11133,11134,11134,1
2020-06-02,16:18:02.869000,11133,11134,11134,1
2020-06-02,16:18:02.871000,11133,11134,11134,2
2020-06-02,16:18:02.871000,11133,11134,11134,3
2020-06-02,16:18:02.893000,11133,11134,11135,1
2020-06-02,16:18:02.925000,11133,11135,11135,1
2020-06-02,16:18:02.992000,11133,11135,11135,1
2020-06-02,16:18:03.002000,11133,11135,11135,2
2020-06-02,16:18:03.030000,11133,11135,11135,1
2020-06-02,16:18:03.070000,11134,11135,11135,1
2020-06-02,16:18:03.112000,11134,11135,11135,5
2020-06-02,16:18:03.139000,11134,11135,11135,1
2020-06-02,16:18:03.276000,11134,11135,11135,2
2020-06-02,16:18:03.290000,11134,11135,11135,2
2020-06-02,16:18:03.302000,11134,11135,11135,2
2020-06-02,16:18:03.428000,11134,11135,11134,2
2020-06-02,16:18:03.428000,11134,11135,11134,4
2020-06-02,16:18:03.428000,11134,11135,11134,5
2020-06-02,16:18:03.595000,11133,11135,11133,1
2020-06-02,16:18:03.930000,11132,11133,11133,2
2020-06-02,16:18:03.930000,11132,11133,11134,3
2020-06-02,16:18:04.131000,11132,11134,11134,5
2020-06-02,16:18:04.707000,11132,11134,11134,1
2020-06-02,16:18:04.980000,11133,11134,11133,1
2020-06-02,16:18:05.473000,11132,11133,11133,1
2020-06-02,16:18:07.007000,11133,11134,11133,1
2020-06-02,16:18:07.930000,11132,11133,11132,1
2020-06-02,16:18:08.238000,11132,11133,11132,2
2020-06-02,16:18:09.484000,11131,11133,11131,1
2020-06-02,16:18:09.820000,11131,11132,11132,1
2020-06-02,16:18:10.654000,11131,11132,11132,2
2020-06-02,16:18:11.129000,11131,11132,11131,1
2020-06-02,16:18:12.248000,11131,11132,11131,1
2020-06-02,16:18:15.473000,11131,11132,11132,1
2020-06-02,16:18:15.647000,11131,11133,11133,2
2020-06-02,16:18:15.851000,11131,11133,11133,1
2020-06-02,16:18:16.212000,11131,11133,11133,1
2020-06-02,16:18:16.375000,11131,11133,11133,1
2020-06-02,16:18:18.027000,11132,11133,11133,3
2020-06-02,16:18:19.919000,11132,11134,11134,1
2020-06-02,16:18:20.116000,11132,11134,11134,1
2020-06-02,16:18:20.316000,11132,11134,11134,1
2020-06-02,16:18:20.846000,11132,11133,11132,1
2020-06-02,16:18:20.919000,11132,11133,11133,1
2020-06-02,16:18:24.646000,11132,11134,11133,1
2020-06-02,16:18:28.956000,11132,11133,11133,1
2020-06-02,16:18:29.748000,11133,11134,11134,2
2020-06-02,16:18:30.206000,11133,11134,11134,2
2020-06-02,16:18:30.212000,11133,11134,11135,2
2020-06-02,16:18:31.270000,11133,11135,11135,1
2020-06-02,16:18:31.451000,11133,11135,11133,1
2020-06-02,16:18:38.689000,11133,11134,11134,2
2020-06-02,16:18:39.234000,11133,11134,11133,1
2020-06-02,16:18:41.611000,11132,11133,11133,1
2020-06-02,16:18:41.843000,11132,11133,11133,2
2020-06-02,16:18:43.312000,11132,11133,11133,1
2020-06-02,16:18:44.312000,11133,11134,11133,1
2020-06-02,16:18:45.370000,11132,11133,11133,2
2020-06-02,16:18:46.378000,11132,11133,11133,1
2020-06-02,16:18:47.361000,11133,11134,11133,1
2020-06-02,16:18:48.281000,11133,11134,11133,1
2020-06-02,16:18:51.840000,11132,11133,11133,1
2020-06-02,16:18:55.862000,11132,11133,11133,2
2020-06-02,16:18:58.165000,11132,11133,11132,1
2020-06-02,16:18:58.204000,11132,11133,11133,1
2020-06-02,16:18:58.522000,11132,11133,11132,1
2020-06-02,16:18:58.856000,11131,11133,11133,1
2020-06-02,16:18:59.692000,11131,11133,11133,1
2020-06-02,16:19:01.517000,11132,11133,11133,1
2020-06-02,16:19:08.325000,11132,11133,11132,1
2020-06-02,16:19:08.963000,11132,11133,11133,2
2020-06-02,16:19:09.700000,11132,11133,11132,2
2020-06-02,16:19:10.583000,11132,11133,11133,2
2020-06-02,16:19:12.876000,11132,11133,11133,2
2020-06-02,16:19:13.291000,11132,11133,11132,1
2020-06-02,16:19:20.574000,11132,11133,11133,3
2020-06-02,16:19:23.837000,11132,11133,11132,2
2020-06-02,16:19:23.837000,11132,11133,11132,7
2020-06-02,16:19:33.059000,11132,11133,11132,3
2020-06-02,16:19:38.247000,11131,11133,11131,1
2020-06-02,16:19:42.880000,11131,11132,11132,1
2020-06-02,16:20:00.986000,11131,11132,11132,1
2020-06-02,16:20:00.986000,11131,11132,11132,1
2020-06-02,16:20:01.464000,11131,11133,11133,1
2020-06-02,16:20:01.509000,11131,11133,11133,5
2020-06-02,16:20:01.721000,11132,11133,11132,2
2020-06-02,16:20:02.594000,11132,11133,11132,1
2020-06-02,16:20:12.826000,11132,11133,11133,1
2020-06-02,16:20:23.720000,11132,11133,11133,1
2020-06-02,16:20:25.719000,11132,11133,11133,2
2020-06-02,16:20:25.759000,11132,11133,11133,2
2020-06-02,16:20:26.829000,11132,11133,11133,1
2020-06-02,16:20:27.142000,11132,11133,11133,1
2020-06-02,16:20:27.815000,11132,11133,11133,3
2020-06-02,16:20:32.233000,11132,11133,11133,1
2020-06-02,16:20:32.640000,11132,11133,11133,4
2020-06-02,16:20:32.807000,11132,11133,11132,3
2020-06-02,16:20:33.619000,11132,11133,11133,1
2020-06-02,16:20:35.545000,11132,11133,11133,1
2020-06-02,16:20:37.281000,11132,11133,11133,1
2020-06-02,16:20:38.046000,11132,11133,11133,1
2020-06-02,16:20:38.438000,11132,11133,11133,2
2020-06-02,16:20:43.962000,11132,11133,11133,2
2020-06-02,16:20:44.853000,11132,11133,11133,1
2020-06-02,16:20:45.910000,11132,11133,11132,1
2020-06-02,16:20:45.910000,11132,11133,11132,2
2020-06-02,16:20:45.910000,11132,11133,11132,6
2020-06-02,16:20:45.910000,11132,11133,11132,1
2020-06-02,16:20:45.910000,11132,11133,11132,2
2020-06-02,16:20:45.910000,11132,11133,11132,2
2020-06-02,16:20:45.910000,11132,11133,11132,1
2020-06-02,16:20:45.910000,11132,11133,11132,2
2020-06-02,16:20:46.673000,11131,11132,11132,3
2020-06-02,16:20:53.285000,11132,11133,11133,3
2020-06-02,16:20:53.979000,11132,11133,11132,1
2020-06-02,16:20:54.109000,11132,11133,11133,1
2020-06-02,16:20:59.931000,11132,11133,11133,3
2020-06-02,16:21:00.563000,11132,11133,11133,1
2020-06-02,16:21:00.989000,11132,11133,11133,1
2020-06-02,16:21:03.014000,11133,11134,11133,1
2020-06-02,16:21:03.477000,11133,11134,11133,1
2020-06-02,16:21:03.479000,11133,11134,11133,1
2020-06-02,16:21:03.479000,11133,11134,11133,1
2020-06-02,16:21:07.397000,11133,11134,11133,1
2020-06-02,16:21:08.224000,11133,11134,11133,1
2020-06-02,16:21:08.603000,11133,11134,11133,2
2020-06-02,16:21:13.361000,11133,11134,11134,1
2020-06-02,16:21:13.603000,11133,11134,11134,1
2020-06-02,16:21:14.848000,11133,11134,11134,2
2020-06-02,16:21:15.401000,11133,11134,11134,2
2020-06-02,16:21:15.611000,11133,11134,11134,1
2020-06-02,16:21:15.611000,11133,11134,11134,5
2020-06-02,16:21:15.611000,11133,11134,11134,1
2020-06-02,16:21:18.769000,11134,11135,11134,1
2020-06-02,16:21:19.479000,11134,11135,11134,1
2020-06-02,16:21:21.317000,11134,11135,11135,1
2020-06-02,16:21:21.590000,11134,11135,11135,1
2020-06-02,16:21:21.853000,11134,11135,11134,1
2020-06-02,16:21:22.082000,11134,11135,11135,1
2020-06-02,16:21:22.913000,11134,11135,11135,1
2020-06-02,16:21:24.902000,11134,11135,11134,5
2020-06-02,16:21:29.374000,11133,11134,11134,1
2020-06-02,16:21:30.818000,11133,11134,11133,1
2020-06-02,16:21:31.019000,11133,11134,11134,1
2020-06-02,16:21:37.778000,11133,11134,11134,1
2020-06-02,16:21:38.355000,11133,11134,11134,2
