2020-07-21,15:00:00,12298,12298,12298,94
2020-07-21,15:00:00,12297,12297,12297,2
2020-07-21,15:00:00,12298,12298,12298,10
2020-07-21,15:00:00,12299,12299,12299,12
2020-07-21,15:00:00,12299,12299,12299,2
2020-07-21,15:00:00,12299,12299,12299,2
2020-07-21,15:00:00,12299,12299,12299,2
2020-07-21,15:00:00,12298,12298,12298,2
2020-07-21,15:00:00,12297,12297,12297,2
2020-07-21,15:00:00,12298,12298,12298,2
2020-07-21,15:00:00,12299,12299,12299,2
2020-07-21,15:00:00,12299,12299,12299,2
2020-07-21,15:00:00,12298,12298,12298,4
2020-07-21,15:00:00,12299,12299,12299,2
2020-07-21,15:00:00,12299,12299,12299,2
2020-07-21,15:00:00,12299,12299,12299,2
2020-07-21,15:00:00,12299,12299,12299,4
2020-07-21,15:00:00,12298,12298,12298,2
2020-07-21,15:00:00,12298,12298,12298,2
2020-07-21,15:00:00,12298,12298,12298,2
2020-07-21,15:00:01,12299,12299,12299,10
2020-07-21,15:00:01,12299,12299,12299,4
2020-07-21,15:00:01,12299,12299,12299,2
2020-07-21,15:00:01,12299,12299,12299,2
2020-07-21,15:00:01,12298,12298,12298,2
2020-07-21,15:00:02,12298,12298,12298,8
2020-07-21,15:00:02,12298,12298,12298,20
2020-07-21,15:00:02,12298,12298,12298,2
2020-07-21,15:00:02,12298,12298,12298,20
2020-07-21,15:00:02,12298,12298,12298,2
2020-07-21,15:00:02,12298,12298,12298,2
2020-07-21,15:00:02,12297,12297,12297,2
2020-07-21,15:00:02,12296,12296,12296,2
2020-07-21,15:00:02,12296,12296,12296,2
2020-07-21,15:00:02,12297,12297,12297,4
2020-07-21,15:00:03,12296,12296,12296,2
2020-07-21,15:00:03,12297,12297,12297,2
2020-07-21,15:00:04,12298,12298,12298,4
2020-07-21,15:00:04,12299,12299,12299,36
2020-07-21,15:00:04,12300,12300,12300,14
2020-07-21,15:00:04,12300,12300,12300,2
2020-07-21,15:00:04,12301,12301,12301,2
2020-07-21,15:00:04,12301,12301,12301,2
2020-07-21,15:00:04,12301,12301,12301,8
2020-07-21,15:00:05,12301,12301,12301,2
2020-07-21,15:00:05,12301,12301,12301,2
2020-07-21,15:00:06,12302,12302,12302,6
2020-07-21,15:00:06,12302,12302,12302,2
2020-07-21,15:00:06,12303,12303,12303,6
2020-07-21,15:00:07,12303,12303,12303,2
2020-07-21,15:00:08,12303,12303,12303,2
2020-07-21,15:00:08,12303,12303,12303,2
2020-07-21,15:00:08,12304,12304,12304,2
2020-07-21,15:00:09,12303,12303,12303,2
2020-07-21,15:00:09,12303,12303,12303,2
2020-07-21,15:00:09,12303,12303,12303,2
2020-07-21,15:00:09,12302,12302,12302,2
2020-07-21,15:00:09,12302,12302,12302,2
2020-07-21,15:00:10,12302,12302,12302,2
2020-07-21,15:00:10,12303,12303,12303,2
2020-07-21,15:00:10,12303,12303,12303,12
2020-07-21,15:00:11,12301,12301,12301,2
2020-07-21,15:00:11,12301,12301,12301,4
2020-07-21,15:00:12,12300,12300,12300,2
2020-07-21,15:00:12,12300,12300,12300,2
2020-07-21,15:00:12,12300,12300,12300,2
2020-07-21,15:00:12,12300,12300,12300,2
2020-07-21,15:00:12,12300,12300,12300,2
2020-07-21,15:00:12,12300,12300,12300,2
2020-07-21,15:00:12,12300,12300,12300,2
2020-07-21,15:00:15,12299,12299,12299,2
2020-07-21,15:00:15,12298,12298,12298,2
2020-07-21,15:00:15,12299,12299,12299,2
2020-07-21,15:00:15,12298,12298,12298,2
2020-07-21,15:00:15,12298,12298,12298,2
2020-07-21,15:00:17,12298,12298,12298,2
2020-07-21,15:00:17,12298,12298,12298,2
2020-07-21,15:00:18,12297,12297,12297,2
2020-07-21,15:00:18,12297,12297,12297,2
2020-07-21,15:00:18,12297,12297,12297,2
2020-07-21,15:00:18,12297,12297,12297,4
2020-07-21,15:00:18,12297,12297,12297,4
2020-07-21,15:00:18,12297,12297,12297,2
2020-07-21,15:00:18,12297,12297,12297,4
2020-07-21,15:00:18,12296,12296,12296,18
2020-07-21,15:00:18,12296,12296,12296,2
2020-07-21,15:00:18,12295,12295,12295,2
2020-07-21,15:00:18,12295,12295,12295,2
2020-07-21,15:00:18,12295,12295,12295,2
2020-07-21,15:00:18,12295,12295,12295,4
2020-07-21,15:00:18,12295,12295,12295,2
2020-07-21,15:00:19,12295,12295,12295,2
2020-07-21,15:00:19,12295,12295,12295,8
2020-07-21,15:00:19,12295,12295,12295,2
2020-07-21,15:00:19,12294,12294,12294,2
2020-07-21,15:00:19,12294,12294,12294,2
2020-07-21,15:00:20,12294,12294,12294,2
2020-07-21,15:00:20,12293,12293,12293,2
2020-07-21,15:00:20,12295,12295,12295,2
2020-07-21,15:00:20,12295,12295,12295,8
2020-07-21,15:00:20,12295,12295,12295,4
2020-07-21,15:00:21,12295,12295,12295,4
2020-07-21,15:00:22,12295,12295,12295,2
2020-07-21,15:00:22,12295,12295,12295,2
2020-07-21,15:00:22,12295,12295,12295,2
2020-07-21,15:00:22,12296,12296,12296,2
2020-07-21,15:00:23,12296,12296,12296,2
2020-07-21,15:00:24,12296,12296,12296,2
2020-07-21,15:00:24,12296,12296,12296,6
2020-07-21,15:00:24,12298,12298,12298,2
2020-07-21,15:00:25,12297,12297,12297,2
2020-07-21,15:00:26,12297,12297,12297,2
2020-07-21,15:00:26,12297,12297,12297,2
2020-07-21,15:00:26,12298,12298,12298,2
2020-07-21,15:00:27,12298,12298,12298,2
2020-07-21,15:00:28,12299,12299,12299,4
2020-07-21,15:00:29,12300,12300,12300,16
2020-07-21,15:00:29,12300,12300,12300,8
2020-07-21,15:00:29,12300,12300,12300,8
2020-07-21,15:00:32,12300,12300,12300,10
2020-07-21,15:00:34,12300,12300,12300,2
2020-07-21,15:00:34,12299,12299,12299,2
2020-07-21,15:00:35,12299,12299,12299,2
2020-07-21,15:00:35,12299,12299,12299,2
2020-07-21,15:00:35,12300,12300,12300,2
2020-07-21,15:00:37,12300,12300,12300,2
2020-07-21,15:00:37,12300,12300,12300,2
2020-07-21,15:00:38,12300,12300,12300,2
2020-07-21,15:00:40,12300,12300,12300,2
2020-07-21,15:00:40,12300,12300,12300,2
2020-07-21,15:00:41,12299,12299,12299,2
2020-07-21,15:00:41,12298,12298,12298,2
2020-07-21,15:00:41,12299,12299,12299,4
2020-07-21,15:00:42,12298,12298,12298,2
2020-07-21,15:00:42,12298,12298,12298,2
2020-07-21,15:00:47,12300,12300,12300,14
2020-07-21,15:00:48,12301,12301,12301,4
2020-07-21,15:00:48,12301,12301,12301,2
2020-07-21,15:00:49,12302,12302,12302,2
2020-07-21,15:00:50,12301,12301,12301,2
2020-07-21,15:00:50,12300,12300,12300,10
2020-07-21,15:00:51,12300,12300,12300,2
2020-07-21,15:00:52,12301,12301,12301,6
2020-07-21,15:00:52,12301,12301,12301,2
2020-07-21,15:00:53,12301,12301,12301,2
2020-07-21,15:00:56,12301,12301,12301,4
2020-07-21,15:00:56,12302,12302,12302,2
2020-07-21,15:00:56,12302,12302,12302,24
2020-07-21,15:00:56,12302,12302,12302,10
2020-07-21,15:00:56,12303,12303,12303,10
2020-07-21,15:00:56,12303,12303,12303,8
2020-07-21,15:00:56,12303,12303,12303,34
2020-07-21,15:00:56,12303,12303,12303,2
2020-07-21,15:00:57,12303,12303,12303,2
2020-07-21,15:00:57,12303,12303,12303,2
2020-07-21,15:00:57,12303,12303,12303,4
2020-07-21,15:00:57,12303,12303,12303,2
2020-07-21,15:00:58,12304,12304,12304,2
2020-07-21,15:00:58,12304,12304,12304,2
2020-07-21,15:00:59,12304,12304,12304,4
2020-07-21,15:00:59,12305,12305,12305,2
2020-07-21,15:00:59,12305,12305,12305,2
2020-07-21,15:00:59,12305,12305,12305,4
2020-07-21,15:00:59,12305,12305,12305,2
2020-07-21,15:00:59,12305,12305,12305,4
2020-07-21,15:01:00,12306,12306,12306,8
2020-07-21,15:01:00,12305,12305,12305,2
2020-07-21,15:01:00,12307,12307,12307,2
2020-07-21,15:01:00,12307,12307,12307,4
2020-07-21,15:01:00,12305,12305,12305,2
2020-07-21,15:01:00,12305,12305,12305,2
2020-07-21,15:01:00,12305,12305,12305,2
2020-07-21,15:01:00,12304,12304,12304,2
2020-07-21,15:01:01,12305,12305,12305,8
2020-07-21,15:01:02,12305,12305,12305,2
2020-07-21,15:01:02,12305,12305,12305,10
2020-07-21,15:01:02,12304,12304,12304,2
2020-07-21,15:01:02,12304,12304,12304,2
2020-07-21,15:01:02,12303,12303,12303,2
2020-07-21,15:01:02,12303,12303,12303,2
2020-07-21,15:01:02,12303,12303,12303,2
2020-07-21,15:01:02,12303,12303,12303,2
2020-07-21,15:01:02,12303,12303,12303,2
2020-07-21,15:01:02,12303,12303,12303,2
2020-07-21,15:01:02,12303,12303,12303,2
2020-07-21,15:01:02,12302,12302,12302,2
2020-07-21,15:01:02,12302,12302,12302,4
2020-07-21,15:01:02,12302,12302,12302,2
2020-07-21,15:01:02,12304,12304,12304,4
2020-07-21,15:01:02,12304,12304,12304,2
2020-07-21,15:01:03,12304,12304,12304,4
2020-07-21,15:01:04,12304,12304,12304,4
2020-07-21,15:01:06,12302,12302,12302,4
2020-07-21,15:01:06,12302,12302,12302,2
2020-07-21,15:01:08,12303,12303,12303,2
2020-07-21,15:01:08,12303,12303,12303,2
2020-07-21,15:01:11,12303,12303,12303,6
2020-07-21,15:01:12,12302,12302,12302,2
2020-07-21,15:01:12,12302,12302,12302,4
2020-07-21,15:01:12,12303,12303,12303,4
2020-07-21,15:01:12,12303,12303,12303,2
2020-07-21,15:01:14,12302,12302,12302,2
2020-07-21,15:01:16,12301,12301,12301,4
2020-07-21,15:01:16,12301,12301,12301,2
2020-07-21,15:01:17,12301,12301,12301,2
2020-07-21,15:01:18,12301,12301,12301,2
2020-07-21,15:01:18,12301,12301,12301,6
2020-07-21,15:01:18,12301,12301,12301,2
2020-07-21,15:01:20,12301,12301,12301,2
2020-07-21,15:01:20,12301,12301,12301,10
2020-07-21,15:01:21,12300,12300,12300,4
2020-07-21,15:01:21,12300,12300,12300,10
2020-07-21,15:01:21,12300,12300,12300,2
2020-07-21,15:01:21,12300,12300,12300,10
2020-07-21,15:01:21,12300,12300,12300,10
2020-07-21,15:01:21,12300,12300,12300,2
2020-07-21,15:01:21,12300,12300,12300,2
2020-07-21,15:01:21,12300,12300,12300,26
2020-07-21,15:01:21,12300,12300,12300,2
2020-07-21,15:01:21,12300,12300,12300,8
2020-07-21,15:01:21,12300,12300,12300,2
2020-07-21,15:01:21,12300,12300,12300,2
2020-07-21,15:01:21,12300,12300,12300,2
2020-07-21,15:01:21,12300,12300,12300,8
2020-07-21,15:01:21,12300,12300,12300,2
2020-07-21,15:01:21,12300,12300,12300,2
2020-07-21,15:01:21,12300,12300,12300,10
2020-07-21,15:01:21,12300,12300,12300,2
2020-07-21,15:01:21,12300,12300,12300,2
2020-07-21,15:01:21,12300,12300,12300,6
2020-07-21,15:01:21,12300,12300,12300,2
2020-07-21,15:01:21,12300,12300,12300,2
2020-07-21,15:01:21,12300,12300,12300,2
2020-07-21,15:01:21,12300,12300,12300,4
2020-07-21,15:01:21,12300,12300,12300,2
2020-07-21,15:01:21,12299,12299,12299,2
2020-07-21,15:01:21,12299,12299,12299,2
2020-07-21,15:01:21,12299,12299,12299,10
2020-07-21,15:01:21,12299,12299,12299,2
2020-07-21,15:01:21,12298,12298,12298,2
2020-07-21,15:01:21,12298,12298,12298,2
2020-07-21,15:01:21,12298,12298,12298,2
2020-07-21,15:01:21,12298,12298,12298,10
2020-07-21,15:01:21,12298,12298,12298,2
2020-07-21,15:01:21,12298,12298,12298,2
2020-07-21,15:01:21,12299,12299,12299,10
2020-07-21,15:01:21,12300,12300,12300,4
2020-07-21,15:01:22,12299,12299,12299,2
2020-07-21,15:01:23,12299,12299,12299,2
2020-07-21,15:01:23,12298,12298,12298,8
2020-07-21,15:01:23,12298,12298,12298,4
2020-07-21,15:01:23,12298,12298,12298,2
2020-07-21,15:01:23,12298,12298,12298,4
2020-07-21,15:01:23,12298,12298,12298,2
2020-07-21,15:01:24,12298,12298,12298,8
2020-07-21,15:01:24,12299,12299,12299,2
2020-07-21,15:01:24,12299,12299,12299,2
2020-07-21,15:01:24,12298,12298,12298,8
2020-07-21,15:01:24,12297,12297,12297,2
2020-07-21,15:01:24,12297,12297,12297,2
2020-07-21,15:01:24,12297,12297,12297,2
2020-07-21,15:01:24,12297,12297,12297,2
2020-07-21,15:01:24,12297,12297,12297,4
2020-07-21,15:01:24,12297,12297,12297,4
2020-07-21,15:01:24,12297,12297,12297,2
2020-07-21,15:01:24,12297,12297,12297,2
2020-07-21,15:01:24,12297,12297,12297,8
2020-07-21,15:01:24,12297,12297,12297,2
2020-07-21,15:01:24,12296,12296,12296,2
2020-07-21,15:01:24,12296,12296,12296,2
2020-07-21,15:01:25,12297,12297,12297,6
2020-07-21,15:01:25,12298,12298,12298,4
2020-07-21,15:01:25,12297,12297,12297,2
2020-07-21,15:01:26,12298,12298,12298,12
2020-07-21,15:01:27,12298,12298,12298,2
2020-07-21,15:01:29,12299,12299,12299,10
2020-07-21,15:01:31,12299,12299,12299,6
2020-07-21,15:01:31,12299,12299,12299,6
2020-07-21,15:01:31,12298,12298,12298,2
2020-07-21,15:01:34,12299,12299,12299,2
2020-07-21,15:01:35,12300,12300,12300,4
2020-07-21,15:01:37,12299,12299,12299,2
2020-07-21,15:01:37,12300,12300,12300,2
2020-07-21,15:01:38,12301,12301,12301,18
2020-07-21,15:01:38,12301,12301,12301,2
2020-07-21,15:01:38,12302,12302,12302,2
2020-07-21,15:01:39,12302,12302,12302,2
2020-07-21,15:01:39,12302,12302,12302,2
2020-07-21,15:01:39,12302,12302,12302,8
2020-07-21,15:01:39,12302,12302,12302,2
2020-07-21,15:01:40,12303,12303,12303,2
2020-07-21,15:01:41,12301,12301,12301,2
2020-07-21,15:01:41,12302,12302,12302,2
2020-07-21,15:01:41,12300,12300,12300,4
2020-07-21,15:01:47,12300,12300,12300,2
2020-07-21,15:01:47,12300,12300,12300,2
2020-07-21,15:01:47,12300,12300,12300,2
2020-07-21,15:01:47,12300,12300,12300,2
2020-07-21,15:01:47,12300,12300,12300,2
2020-07-21,15:01:47,12300,12300,12300,2
2020-07-21,15:01:47,12300,12300,12300,2
2020-07-21,15:01:48,12300,12300,12300,2
2020-07-21,15:01:48,12300,12300,12300,2
2020-07-21,15:01:49,12299,12299,12299,2
2020-07-21,15:01:50,12300,12300,12300,10
2020-07-21,15:01:51,12299,12299,12299,4
2020-07-21,15:01:51,12299,12299,12299,6
2020-07-21,15:01:51,12299,12299,12299,4
2020-07-21,15:01:52,12298,12298,12298,2
2020-07-21,15:01:52,12298,12298,12298,4
2020-07-21,15:01:52,12298,12298,12298,10
2020-07-21,15:01:52,12298,12298,12298,16
2020-07-21,15:01:52,12298,12298,12298,2
2020-07-21,15:01:52,12298,12298,12298,10
2020-07-21,15:01:52,12298,12298,12298,2
2020-07-21,15:01:52,12298,12298,12298,2
2020-07-21,15:01:52,12299,12299,12299,4
2020-07-21,15:01:54,12299,12299,12299,2
2020-07-21,15:01:54,12298,12298,12298,2
2020-07-21,15:01:56,12299,12299,12299,2
2020-07-21,15:01:57,12297,12297,12297,2
2020-07-21,15:01:57,12297,12297,12297,8
2020-07-21,15:01:57,12297,12297,12297,2
2020-07-21,15:01:58,12298,12298,12298,2
2020-07-21,15:01:59,12298,12298,12298,2
2020-07-21,15:01:59,12298,12298,12298,2
2020-07-21,15:01:59,12297,12297,12297,2
2020-07-21,15:02:00,12297,12297,12297,2
2020-07-21,15:02:00,12297,12297,12297,2
2020-07-21,15:02:01,12297,12297,12297,2
2020-07-21,15:02:01,12297,12297,12297,2
2020-07-21,15:02:02,12297,12297,12297,10
2020-07-21,15:02:02,12296,12296,12296,2
2020-07-21,15:02:02,12296,12296,12296,2
2020-07-21,15:02:02,12296,12296,12296,2
2020-07-21,15:02:02,12296,12296,12296,2
2020-07-21,15:02:02,12296,12296,12296,2
2020-07-21,15:02:02,12296,12296,12296,2
2020-07-21,15:02:02,12296,12296,12296,6
2020-07-21,15:02:02,12296,12296,12296,4
2020-07-21,15:02:02,12296,12296,12296,4
2020-07-21,15:02:03,12295,12295,12295,2
2020-07-21,15:02:03,12295,12295,12295,2
2020-07-21,15:02:03,12295,12295,12295,2
2020-07-21,15:02:03,12295,12295,12295,2
2020-07-21,15:02:03,12295,12295,12295,2
2020-07-21,15:02:04,12296,12296,12296,4
2020-07-21,15:02:04,12296,12296,12296,10
2020-07-21,15:02:04,12297,12297,12297,2
2020-07-21,15:02:05,12297,12297,12297,2
2020-07-21,15:02:06,12296,12296,12296,2
2020-07-21,15:02:07,12296,12296,12296,2
2020-07-21,15:02:10,12296,12296,12296,2
2020-07-21,15:02:10,12296,12296,12296,2
2020-07-21,15:02:11,12296,12296,12296,2
2020-07-21,15:02:11,12296,12296,12296,10
2020-07-21,15:02:12,12297,12297,12297,38
2020-07-21,15:02:14,12297,12297,12297,2
2020-07-21,15:02:15,12298,12298,12298,2
2020-07-21,15:02:18,12298,12298,12298,2
2020-07-21,15:02:18,12298,12298,12298,2
2020-07-21,15:02:18,12298,12298,12298,2
2020-07-21,15:02:20,12300,12300,12300,2
2020-07-21,15:02:23,12298,12298,12298,2
2020-07-21,15:02:23,12298,12298,12298,2
2020-07-21,15:02:23,12298,12298,12298,8
2020-07-21,15:02:24,12299,12299,12299,4
2020-07-21,15:02:24,12299,12299,12299,8
2020-07-21,15:02:27,12300,12300,12300,10
2020-07-21,15:02:27,12300,12300,12300,22
2020-07-21,15:02:27,12301,12301,12301,2
2020-07-21,15:02:27,12300,12300,12300,2
2020-07-21,15:02:28,12301,12301,12301,2
2020-07-21,15:02:28,12300,12300,12300,2
2020-07-21,15:02:28,12300,12300,12300,2
2020-07-21,15:02:29,12300,12300,12300,2
2020-07-21,15:02:29,12300,12300,12300,2
2020-07-21,15:02:29,12301,12301,12301,30
2020-07-21,15:02:30,12300,12300,12300,2
2020-07-21,15:02:31,12299,12299,12299,2
2020-07-21,15:02:31,12299,12299,12299,2
2020-07-21,15:02:31,12299,12299,12299,2
2020-07-21,15:02:31,12299,12299,12299,2
2020-07-21,15:02:31,12299,12299,12299,2
2020-07-21,15:02:34,12300,12300,12300,2
2020-07-21,15:02:36,12301,12301,12301,2
2020-07-21,15:02:36,12300,12300,12300,2
2020-07-21,15:02:37,12300,12300,12300,2
2020-07-21,15:02:37,12300,12300,12300,4
2020-07-21,15:02:37,12300,12300,12300,4
2020-07-21,15:02:40,12300,12300,12300,4
2020-07-21,15:02:42,12300,12300,12300,2
2020-07-21,15:02:42,12300,12300,12300,16
2020-07-21,15:02:42,12300,12300,12300,14
2020-07-21,15:02:42,12301,12301,12301,2
2020-07-21,15:02:43,12300,12300,12300,4
2020-07-21,15:02:43,12299,12299,12299,2
2020-07-21,15:02:43,12299,12299,12299,2
2020-07-21,15:02:43,12299,12299,12299,4
2020-07-21,15:02:45,12301,12301,12301,6
2020-07-21,15:02:47,12300,12300,12300,2
2020-07-21,15:02:48,12300,12300,12300,2
2020-07-21,15:02:48,12300,12300,12300,2
2020-07-21,15:02:48,12300,12300,12300,6
2020-07-21,15:02:48,12300,12300,12300,26
2020-07-21,15:02:48,12300,12300,12300,26
2020-07-21,15:02:48,12300,12300,12300,2
2020-07-21,15:02:48,12300,12300,12300,2
2020-07-21,15:02:48,12300,12300,12300,2
2020-07-21,15:02:48,12300,12300,12300,2
2020-07-21,15:02:51,12300,12300,12300,2
2020-07-21,15:02:54,12299,12299,12299,2
2020-07-21,15:02:54,12300,12300,12300,2
2020-07-21,15:02:58,12299,12299,12299,2
2020-07-21,15:02:58,12299,12299,12299,2
2020-07-21,15:02:58,12299,12299,12299,2
2020-07-21,15:03:01,12298,12298,12298,2
2020-07-21,15:03:01,12298,12298,12298,2
2020-07-21,15:03:01,12298,12298,12298,2
2020-07-21,15:03:01,12298,12298,12298,2
2020-07-21,15:03:01,12298,12298,12298,2
2020-07-21,15:03:02,12297,12297,12297,2
2020-07-21,15:03:02,12297,12297,12297,2
2020-07-21,15:03:02,12298,12298,12298,2
2020-07-21,15:03:02,12298,12298,12298,2
2020-07-21,15:03:02,12298,12298,12298,2
2020-07-21,15:03:02,12298,12298,12298,6
2020-07-21,15:03:02,12297,12297,12297,4
2020-07-21,15:03:02,12297,12297,12297,2
2020-07-21,15:03:03,12297,12297,12297,2
2020-07-21,15:03:05,12297,12297,12297,2
2020-07-21,15:03:05,12298,12298,12298,2
2020-07-21,15:03:08,12299,12299,12299,10
2020-07-21,15:03:16,12299,12299,12299,2
2020-07-21,15:03:16,12299,12299,12299,8
2020-07-21,15:03:17,12300,12300,12300,8
2020-07-21,15:03:20,12300,12300,12300,2
2020-07-21,15:03:20,12300,12300,12300,12
2020-07-21,15:03:20,12300,12300,12300,4
2020-07-21,15:03:21,12301,12301,12301,12
2020-07-21,15:03:22,12302,12302,12302,6
2020-07-21,15:03:23,12300,12300,12300,2
2020-07-21,15:03:26,12301,12301,12301,2
2020-07-21,15:03:28,12300,12300,12300,2
2020-07-21,15:03:28,12300,12300,12300,2
2020-07-21,15:03:29,12299,12299,12299,2
2020-07-21,15:03:32,12299,12299,12299,2
2020-07-21,15:03:33,12300,12300,12300,2
2020-07-21,15:03:36,12300,12300,12300,2
2020-07-21,15:03:42,12301,12301,12301,2
2020-07-21,15:03:43,12300,12300,12300,2
2020-07-21,15:03:43,12300,12300,12300,2
2020-07-21,15:03:43,12300,12300,12300,6
2020-07-21,15:03:45,12300,12300,12300,2
2020-07-21,15:03:49,12300,12300,12300,2
2020-07-21,15:03:49,12300,12300,12300,6
2020-07-21,15:03:49,12300,12300,12300,8
2020-07-21,15:03:49,12300,12300,12300,4
2020-07-21,15:03:49,12300,12300,12300,12
2020-07-21,15:03:49,12300,12300,12300,2
2020-07-21,15:03:49,12300,12300,12300,2
2020-07-21,15:03:50,12300,12300,12300,2
2020-07-21,15:03:52,12301,12301,12301,6
2020-07-21,15:03:52,12300,12300,12300,2
2020-07-21,15:03:53,12301,12301,12301,2
2020-07-21,15:04:03,12300,12300,12300,2
2020-07-21,15:04:03,12300,12300,12300,2
2020-07-21,15:04:11,12301,12301,12301,8
2020-07-21,15:04:18,12302,12302,12302,8
2020-07-21,15:04:18,12302,12302,12302,16
2020-07-21,15:04:18,12302,12302,12302,2
2020-07-21,15:04:19,12301,12301,12301,2
2020-07-21,15:04:19,12301,12301,12301,2
2020-07-21,15:04:22,12302,12302,12302,2
2020-07-21,15:04:24,12302,12302,12302,2
2020-07-21,15:04:27,12303,12303,12303,2
2020-07-21,15:04:30,12303,12303,12303,2
2020-07-21,15:04:32,12302,12302,12302,2
2020-07-21,15:04:38,12303,12303,12303,12
2020-07-21,15:04:39,12303,12303,12303,2
2020-07-21,15:04:39,12302,12302,12302,2
2020-07-21,15:04:47,12302,12302,12302,2
2020-07-21,15:04:47,12302,12302,12302,2
2020-07-21,15:04:49,12302,12302,12302,2
2020-07-21,15:04:52,12303,12303,12303,4
2020-07-21,15:04:52,12303,12303,12303,4
2020-07-21,15:04:52,12303,12303,12303,10
2020-07-21,15:04:52,12303,12303,12303,2
2020-07-21,15:04:52,12303,12303,12303,2
2020-07-21,15:04:55,12303,12303,12303,2
2020-07-21,15:04:56,12303,12303,12303,2
2020-07-21,15:04:56,12303,12303,12303,2
2020-07-21,15:05:00,12303,12303,12303,2
2020-07-21,15:05:00,12304,12304,12304,4
2020-07-21,15:05:00,12303,12303,12303,2
2020-07-21,15:05:01,12303,12303,12303,4
2020-07-21,15:05:03,12304,12304,12304,14
2020-07-21,15:05:04,12305,12305,12305,2
2020-07-21,15:05:04,12305,12305,12305,2
2020-07-21,15:05:05,12304,12304,12304,2
2020-07-21,15:05:08,12305,12305,12305,24
2020-07-21,15:05:11,12305,12305,12305,2
2020-07-21,15:05:14,12305,12305,12305,2
2020-07-21,15:05:15,12306,12306,12306,2
2020-07-21,15:05:15,12306,12306,12306,2
2020-07-21,15:05:16,12306,12306,12306,2
2020-07-21,15:05:19,12306,12306,12306,2
2020-07-21,15:05:21,12306,12306,12306,2
2020-07-21,15:05:21,12306,12306,12306,2
2020-07-21,15:05:22,12306,12306,12306,2
2020-07-21,15:05:22,12306,12306,12306,24
2020-07-21,15:05:23,12307,12307,12307,2
2020-07-21,15:05:23,12307,12307,12307,14
2020-07-21,15:05:23,12308,12308,12308,2
2020-07-21,15:05:23,12307,12307,12307,2
2020-07-21,15:05:23,12308,12308,12308,2
2020-07-21,15:05:23,12308,12308,12308,2
2020-07-21,15:05:23,12308,12308,12308,4
2020-07-21,15:05:23,12308,12308,12308,4
2020-07-21,15:05:23,12308,12308,12308,10
2020-07-21,15:05:23,12308,12308,12308,2
2020-07-21,15:05:23,12308,12308,12308,2
2020-07-21,15:05:23,12308,12308,12308,2
2020-07-21,15:05:24,12309,12309,12309,2
2020-07-21,15:05:24,12308,12308,12308,2
2020-07-21,15:05:25,12308,12308,12308,2
2020-07-21,15:05:25,12308,12308,12308,6
2020-07-21,15:05:26,12308,12308,12308,2
2020-07-21,15:05:26,12309,12309,12309,4
2020-07-21,15:05:26,12309,12309,12309,2
2020-07-21,15:05:26,12308,12308,12308,4
2020-07-21,15:05:28,12308,12308,12308,4
2020-07-21,15:05:28,12308,12308,12308,2
2020-07-21,15:05:31,12308,12308,12308,2
2020-07-21,15:05:32,12308,12308,12308,2
2020-07-21,15:05:33,12308,12308,12308,2
2020-07-21,15:05:34,12308,12308,12308,4
2020-07-21,15:05:34,12308,12308,12308,4
2020-07-21,15:05:35,12308,12308,12308,2
2020-07-21,15:05:35,12308,12308,12308,2
2020-07-21,15:05:36,12308,12308,12308,2
2020-07-21,15:05:40,12309,12309,12309,42
2020-07-21,15:05:41,12310,12310,12310,4
2020-07-21,15:05:41,12310,12310,12310,2
2020-07-21,15:05:42,12310,12310,12310,2
2020-07-21,15:05:43,12309,12309,12309,2
2020-07-21,15:05:47,12309,12309,12309,2
2020-07-21,15:05:47,12310,12310,12310,2
2020-07-21,15:05:48,12309,12309,12309,2
2020-07-21,15:05:48,12309,12309,12309,2
2020-07-21,15:05:48,12309,12309,12309,2
2020-07-21,15:05:48,12309,12309,12309,2
2020-07-21,15:05:49,12308,12308,12308,2
2020-07-21,15:05:49,12308,12308,12308,4
2020-07-21,15:05:49,12308,12308,12308,2
2020-07-21,15:05:49,12308,12308,12308,2
2020-07-21,15:05:49,12308,12308,12308,2
2020-07-21,15:05:49,12308,12308,12308,2
2020-07-21,15:05:50,12309,12309,12309,2
2020-07-21,15:05:51,12308,12308,12308,2
2020-07-21,15:05:51,12308,12308,12308,2
2020-07-21,15:05:52,12309,12309,12309,8
2020-07-21,15:05:54,12309,12309,12309,4
2020-07-21,15:05:57,12309,12309,12309,2
2020-07-21,15:05:59,12308,12308,12308,2
2020-07-21,15:05:59,12309,12309,12309,2
2020-07-21,15:06:00,12308,12308,12308,2
2020-07-21,15:06:00,12308,12308,12308,2
2020-07-21,15:06:00,12308,12308,12308,2
2020-07-21,15:06:00,12308,12308,12308,2
2020-07-21,15:06:00,12308,12308,12308,2
2020-07-21,15:06:00,12308,12308,12308,2
2020-07-21,15:06:00,12307,12307,12307,2
2020-07-21,15:06:00,12307,12307,12307,2
2020-07-21,15:06:00,12307,12307,12307,2
2020-07-21,15:06:00,12307,12307,12307,8
2020-07-21,15:06:00,12307,12307,12307,2
2020-07-21,15:06:01,12309,12309,12309,10
2020-07-21,15:06:02,12308,12308,12308,4
2020-07-21,15:06:02,12309,12309,12309,2
2020-07-21,15:06:03,12308,12308,12308,2
2020-07-21,15:06:03,12308,12308,12308,4
2020-07-21,15:06:03,12308,12308,12308,2
2020-07-21,15:06:03,12308,12308,12308,2
2020-07-21,15:06:05,12307,12307,12307,2
2020-07-21,15:06:06,12308,12308,12308,2
2020-07-21,15:06:08,12308,12308,12308,2
2020-07-21,15:06:08,12308,12308,12308,2
2020-07-21,15:06:11,12307,12307,12307,2
2020-07-21,15:06:11,12307,12307,12307,2
2020-07-21,15:06:11,12307,12307,12307,2
2020-07-21,15:06:12,12306,12306,12306,2
2020-07-21,15:06:12,12306,12306,12306,4
2020-07-21,15:06:17,12307,12307,12307,10
2020-07-21,15:06:17,12307,12307,12307,4
2020-07-21,15:06:17,12307,12307,12307,4
2020-07-21,15:06:17,12307,12307,12307,2
2020-07-21,15:06:21,12307,12307,12307,2
2020-07-21,15:06:21,12307,12307,12307,2
2020-07-21,15:06:21,12307,12307,12307,2
2020-07-21,15:06:21,12307,12307,12307,2
2020-07-21,15:06:25,12308,12308,12308,2
2020-07-21,15:06:25,12308,12308,12308,6
2020-07-21,15:06:25,12308,12308,12308,6
2020-07-21,15:06:25,12308,12308,12308,6
2020-07-21,15:06:25,12308,12308,12308,16
2020-07-21,15:06:27,12308,12308,12308,4
2020-07-21,15:06:29,12309,12309,12309,10
2020-07-21,15:06:29,12309,12309,12309,8
2020-07-21,15:06:29,12309,12309,12309,6
2020-07-21,15:06:29,12309,12309,12309,10
2020-07-21,15:06:29,12309,12309,12309,2
2020-07-21,15:06:29,12309,12309,12309,2
2020-07-21,15:06:30,12309,12309,12309,2
2020-07-21,15:06:31,12310,12310,12310,2
2020-07-21,15:06:31,12310,12310,12310,2
2020-07-21,15:06:31,12309,12309,12309,2
2020-07-21,15:06:31,12310,12310,12310,2
2020-07-21,15:06:36,12310,12310,12310,2
2020-07-21,15:06:36,12310,12310,12310,16
2020-07-21,15:06:36,12310,12310,12310,2
2020-07-21,15:06:36,12310,12310,12310,2
2020-07-21,15:06:36,12310,12310,12310,2
2020-07-21,15:06:36,12310,12310,12310,2
2020-07-21,15:06:36,12310,12310,12310,32
2020-07-21,15:06:36,12311,12311,12311,2
2020-07-21,15:06:37,12310,12310,12310,2
2020-07-21,15:06:38,12311,12311,12311,4
2020-07-21,15:06:38,12311,12311,12311,6
2020-07-21,15:06:39,12311,12311,12311,18
2020-07-21,15:06:39,12311,12311,12311,2
2020-07-21,15:06:44,12312,12312,12312,4
2020-07-21,15:06:44,12312,12312,12312,2
2020-07-21,15:06:44,12311,12311,12311,4
2020-07-21,15:06:44,12312,12312,12312,2
2020-07-21,15:06:47,12312,12312,12312,2
2020-07-21,15:06:47,12312,12312,12312,2
2020-07-21,15:06:47,12312,12312,12312,2
2020-07-21,15:06:48,12311,12311,12311,2
2020-07-21,15:06:48,12311,12311,12311,2
2020-07-21,15:06:48,12312,12312,12312,6
2020-07-21,15:06:49,12312,12312,12312,2
2020-07-21,15:06:51,12312,12312,12312,2
2020-07-21,15:06:54,12312,12312,12312,2
2020-07-21,15:06:54,12312,12312,12312,2
2020-07-21,15:06:55,12312,12312,12312,2
2020-07-21,15:06:57,12313,12313,12313,8
2020-07-21,15:06:57,12313,12313,12313,2
2020-07-21,15:06:57,12313,12313,12313,2
2020-07-21,15:06:58,12313,12313,12313,2
2020-07-21,15:06:59,12313,12313,12313,2
2020-07-21,15:07:00,12313,12313,12313,2
2020-07-21,15:07:02,12313,12313,12313,4
2020-07-21,15:07:03,12313,12313,12313,2
2020-07-21,15:07:04,12312,12312,12312,2
2020-07-21,15:07:05,12313,12313,12313,2
2020-07-21,15:07:05,12313,12313,12313,2
2020-07-21,15:07:05,12314,12314,12314,2
2020-07-21,15:07:06,12313,12313,12313,2
2020-07-21,15:07:08,12313,12313,12313,2
2020-07-21,15:07:11,12313,12313,12313,2
2020-07-21,15:07:11,12313,12313,12313,2
2020-07-21,15:07:11,12313,12313,12313,2
2020-07-21,15:07:11,12313,12313,12313,2
2020-07-21,15:07:11,12313,12313,12313,4
2020-07-21,15:07:13,12313,12313,12313,6
2020-07-21,15:07:13,12313,12313,12313,6
2020-07-21,15:07:13,12314,12314,12314,18
2020-07-21,15:07:14,12315,12315,12315,4
2020-07-21,15:07:14,12315,12315,12315,2
2020-07-21,15:07:14,12315,12315,12315,6
2020-07-21,15:07:14,12315,12315,12315,18
2020-07-21,15:07:14,12315,12315,12315,2
2020-07-21,15:07:15,12315,12315,12315,2
2020-07-21,15:07:15,12316,12316,12316,2
2020-07-21,15:07:15,12316,12316,12316,2
2020-07-21,15:07:15,12316,12316,12316,4
2020-07-21,15:07:16,12315,12315,12315,2
2020-07-21,15:07:16,12316,12316,12316,14
2020-07-21,15:07:17,12317,12317,12317,10
2020-07-21,15:07:17,12317,12317,12317,8
2020-07-21,15:07:17,12317,12317,12317,2
2020-07-21,15:07:17,12317,12317,12317,2
2020-07-21,15:07:17,12317,12317,12317,4
2020-07-21,15:07:17,12317,12317,12317,4
2020-07-21,15:07:17,12317,12317,12317,2
2020-07-21,15:07:17,12317,12317,12317,2
2020-07-21,15:07:17,12317,12317,12317,4
2020-07-21,15:07:17,12317,12317,12317,4
2020-07-21,15:07:17,12317,12317,12317,2
2020-07-21,15:07:17,12317,12317,12317,2
2020-07-21,15:07:17,12317,12317,12317,2
2020-07-21,15:07:17,12317,12317,12317,2
2020-07-21,15:07:19,12318,12318,12318,10
2020-07-21,15:07:19,12318,12318,12318,10
2020-07-21,15:07:19,12318,12318,12318,24
2020-07-21,15:07:19,12319,12319,12319,2
2020-07-21,15:07:20,12319,12319,12319,4
2020-07-21,15:07:20,12319,12319,12319,4
2020-07-21,15:07:20,12319,12319,12319,2
2020-07-21,15:07:20,12319,12319,12319,2
2020-07-21,15:07:20,12319,12319,12319,2
2020-07-21,15:07:21,12318,12318,12318,2
2020-07-21,15:07:21,12318,12318,12318,2
2020-07-21,15:07:21,12317,12317,12317,4
2020-07-21,15:07:21,12317,12317,12317,2
2020-07-21,15:07:22,12319,12319,12319,2
2020-07-21,15:07:23,12319,12319,12319,2
2020-07-21,15:07:23,12319,12319,12319,2
2020-07-21,15:07:23,12319,12319,12319,2
2020-07-21,15:07:23,12319,12319,12319,2
2020-07-21,15:07:24,12318,12318,12318,2
2020-07-21,15:07:24,12319,12319,12319,2
2020-07-21,15:07:24,12319,12319,12319,10
2020-07-21,15:07:24,12319,12319,12319,2
2020-07-21,15:07:25,12318,12318,12318,2
2020-07-21,15:07:27,12319,12319,12319,8
2020-07-21,15:07:27,12319,12319,12319,2
2020-07-21,15:07:28,12320,12320,12320,2
2020-07-21,15:07:29,12320,12320,12320,2
2020-07-21,15:07:29,12320,12320,12320,8
2020-07-21,15:07:29,12320,12320,12320,8
2020-07-21,15:07:29,12319,12319,12319,2
2020-07-21,15:07:29,12320,12320,12320,4
2020-07-21,15:07:29,12319,12319,12319,2
2020-07-21,15:07:30,12320,12320,12320,2
2020-07-21,15:07:30,12319,12319,12319,4
2020-07-21,15:07:30,12319,12319,12319,10
2020-07-21,15:07:30,12319,12319,12319,4
2020-07-21,15:07:30,12318,12318,12318,4
2020-07-21,15:07:30,12318,12318,12318,2
2020-07-21,15:07:30,12318,12318,12318,4
2020-07-21,15:07:30,12318,12318,12318,2
2020-07-21,15:07:31,12318,12318,12318,6
2020-07-21,15:07:32,12317,12317,12317,2
2020-07-21,15:07:33,12318,12318,12318,20
2020-07-21,15:07:33,12317,12317,12317,2
2020-07-21,15:07:33,12319,12319,12319,2
2020-07-21,15:07:33,12317,12317,12317,4
2020-07-21,15:07:34,12319,12319,12319,2
2020-07-21,15:07:34,12318,12318,12318,2
2020-07-21,15:07:34,12318,12318,12318,2
2020-07-21,15:07:34,12318,12318,12318,2
2020-07-21,15:07:35,12318,12318,12318,2
2020-07-21,15:07:36,12318,12318,12318,2
2020-07-21,15:07:36,12318,12318,12318,2
2020-07-21,15:07:36,12318,12318,12318,2
2020-07-21,15:07:37,12317,12317,12317,2
2020-07-21,15:07:37,12317,12317,12317,2
2020-07-21,15:07:37,12317,12317,12317,2
2020-07-21,15:07:37,12317,12317,12317,2
2020-07-21,15:07:37,12317,12317,12317,2
2020-07-21,15:07:37,12317,12317,12317,2
2020-07-21,15:07:37,12317,12317,12317,2
2020-07-21,15:07:37,12317,12317,12317,2
2020-07-21,15:07:38,12316,12316,12316,2
2020-07-21,15:07:38,12317,12317,12317,2
2020-07-21,15:07:38,12318,12318,12318,4
2020-07-21,15:07:38,12317,12317,12317,2
2020-07-21,15:07:42,12317,12317,12317,2
2020-07-21,15:07:43,12317,12317,12317,8
2020-07-21,15:07:44,12317,12317,12317,14
2020-07-21,15:07:44,12318,12318,12318,6
2020-07-21,15:07:44,12318,12318,12318,4
2020-07-21,15:07:45,12317,12317,12317,2
2020-07-21,15:07:45,12316,12316,12316,2
2020-07-21,15:07:46,12316,12316,12316,2
2020-07-21,15:07:46,12316,12316,12316,2
2020-07-21,15:07:47,12317,12317,12317,12
2020-07-21,15:07:49,12317,12317,12317,4
2020-07-21,15:07:50,12318,12318,12318,2
2020-07-21,15:07:50,12318,12318,12318,6
2020-07-21,15:07:54,12319,12319,12319,2
2020-07-21,15:07:57,12319,12319,12319,2
2020-07-21,15:07:57,12319,12319,12319,8
2020-07-21,15:07:57,12319,12319,12319,2
2020-07-21,15:07:57,12319,12319,12319,18
2020-07-21,15:07:57,12319,12319,12319,4
2020-07-21,15:07:57,12319,12319,12319,2
2020-07-21,15:07:57,12319,12319,12319,2
2020-07-21,15:07:58,12320,12320,12320,10
2020-07-21,15:07:58,12320,12320,12320,2
2020-07-21,15:08:00,12319,12319,12319,2
2020-07-21,15:08:00,12319,12319,12319,2
2020-07-21,15:08:00,12319,12319,12319,2
2020-07-21,15:08:00,12320,12320,12320,2
2020-07-21,15:08:00,12318,12318,12318,2
2020-07-21,15:08:00,12318,12318,12318,2
2020-07-21,15:08:00,12318,12318,12318,8
2020-07-21,15:08:00,12318,12318,12318,2
2020-07-21,15:08:01,12319,12319,12319,2
2020-07-21,15:08:02,12319,12319,12319,8
2020-07-21,15:08:03,12318,12318,12318,2
2020-07-21,15:08:03,12318,12318,12318,2
2020-07-21,15:08:04,12318,12318,12318,2
2020-07-21,15:08:05,12318,12318,12318,6
2020-07-21,15:08:05,12318,12318,12318,2
2020-07-21,15:08:05,12318,12318,12318,4
2020-07-21,15:08:05,12316,12316,12316,2
2020-07-21,15:08:07,12318,12318,12318,2
2020-07-21,15:08:07,12318,12318,12318,8
2020-07-21,15:08:10,12316,12316,12316,2
2020-07-21,15:08:10,12316,12316,12316,2
2020-07-21,15:08:10,12316,12316,12316,6
2020-07-21,15:08:10,12316,12316,12316,2
2020-07-21,15:08:10,12316,12316,12316,14
2020-07-21,15:08:10,12316,12316,12316,10
2020-07-21,15:08:10,12316,12316,12316,2
2020-07-21,15:08:10,12316,12316,12316,2
2020-07-21,15:08:10,12316,12316,12316,2
2020-07-21,15:08:10,12316,12316,12316,2
2020-07-21,15:08:10,12316,12316,12316,4
2020-07-21,15:08:11,12315,12315,12315,2
2020-07-21,15:08:11,12316,12316,12316,4
2020-07-21,15:08:12,12315,12315,12315,2
2020-07-21,15:08:13,12315,12315,12315,2
2020-07-21,15:08:14,12316,12316,12316,4
2020-07-21,15:08:14,12316,12316,12316,2
2020-07-21,15:08:14,12316,12316,12316,4
2020-07-21,15:08:17,12316,12316,12316,4
2020-07-21,15:08:17,12316,12316,12316,2
2020-07-21,15:08:17,12316,12316,12316,2
2020-07-21,15:08:17,12316,12316,12316,2
2020-07-21,15:08:17,12316,12316,12316,2
2020-07-21,15:08:17,12316,12316,12316,2
2020-07-21,15:08:17,12316,12316,12316,4
2020-07-21,15:08:17,12316,12316,12316,4
2020-07-21,15:08:17,12315,12315,12315,6
2020-07-21,15:08:17,12315,12315,12315,2
2020-07-21,15:08:17,12315,12315,12315,2
2020-07-21,15:08:17,12315,12315,12315,2
2020-07-21,15:08:17,12315,12315,12315,2
2020-07-21,15:08:17,12315,12315,12315,8
2020-07-21,15:08:17,12315,12315,12315,2
2020-07-21,15:08:17,12315,12315,12315,4
2020-07-21,15:08:17,12315,12315,12315,2
2020-07-21,15:08:17,12315,12315,12315,2
2020-07-21,15:08:17,12315,12315,12315,4
2020-07-21,15:08:17,12315,12315,12315,2
2020-07-21,15:08:17,12315,12315,12315,2
2020-07-21,15:08:17,12315,12315,12315,2
2020-07-21,15:08:18,12315,12315,12315,2
2020-07-21,15:08:18,12315,12315,12315,2
2020-07-21,15:08:19,12315,12315,12315,4
2020-07-21,15:08:19,12315,12315,12315,2
2020-07-21,15:08:19,12315,12315,12315,2
2020-07-21,15:08:20,12316,12316,12316,2
2020-07-21,15:08:20,12315,12315,12315,2
2020-07-21,15:08:21,12316,12316,12316,2
2020-07-21,15:08:23,12316,12316,12316,2
2020-07-21,15:08:30,12317,12317,12317,8
2020-07-21,15:08:30,12317,12317,12317,2
2020-07-21,15:08:30,12317,12317,12317,6
2020-07-21,15:08:30,12317,12317,12317,10
2020-07-21,15:08:30,12316,12316,12316,2
2020-07-21,15:08:36,12317,12317,12317,4
2020-07-21,15:08:36,12316,12316,12316,2
2020-07-21,15:08:36,12317,12317,12317,2
2020-07-21,15:08:37,12317,12317,12317,4
2020-07-21,15:08:37,12317,12317,12317,2
2020-07-21,15:08:37,12316,12316,12316,2
2020-07-21,15:08:37,12316,12316,12316,2
2020-07-21,15:08:39,12316,12316,12316,2
2020-07-21,15:08:40,12317,12317,12317,2
2020-07-21,15:08:40,12316,12316,12316,2
2020-07-21,15:08:42,12316,12316,12316,2
2020-07-21,15:08:44,12317,12317,12317,2
2020-07-21,15:08:45,12316,12316,12316,2
2020-07-21,15:08:45,12316,12316,12316,2
2020-07-21,15:08:49,12317,12317,12317,2
2020-07-21,15:08:52,12317,12317,12317,16
2020-07-21,15:08:52,12317,12317,12317,14
2020-07-21,15:08:52,12317,12317,12317,4
2020-07-21,15:08:52,12318,12318,12318,2
2020-07-21,15:08:52,12317,12317,12317,2
2020-07-21,15:08:52,12318,12318,12318,2
2020-07-21,15:08:53,12318,12318,12318,20
2020-07-21,15:08:53,12318,12318,12318,2
2020-07-21,15:08:53,12318,12318,12318,2
2020-07-21,15:08:53,12318,12318,12318,14
2020-07-21,15:08:54,12319,12319,12319,10
2020-07-21,15:08:54,12319,12319,12319,26
2020-07-21,15:08:54,12319,12319,12319,2
2020-07-21,15:08:54,12319,12319,12319,2
2020-07-21,15:08:54,12319,12319,12319,2
2020-07-21,15:08:56,12319,12319,12319,2
2020-07-21,15:08:56,12319,12319,12319,2
2020-07-21,15:08:59,12320,12320,12320,2
2020-07-21,15:08:59,12319,12319,12319,2
2020-07-21,15:08:59,12320,12320,12320,2
2020-07-21,15:09:00,12319,12319,12319,2
2020-07-21,15:09:00,12319,12319,12319,2
2020-07-21,15:09:01,12320,12320,12320,4
2020-07-21,15:09:01,12319,12319,12319,2
2020-07-21,15:09:01,12319,12319,12319,2
2020-07-21,15:09:01,12319,12319,12319,2
2020-07-21,15:09:01,12319,12319,12319,4
2020-07-21,15:09:02,12320,12320,12320,12
2020-07-21,15:09:03,12319,12319,12319,2
2020-07-21,15:09:05,12319,12319,12319,2
2020-07-21,15:09:05,12319,12319,12319,2
2020-07-21,15:09:10,12320,12320,12320,4
2020-07-21,15:09:10,12320,12320,12320,44
2020-07-21,15:09:10,12320,12320,12320,2
2020-07-21,15:09:11,12320,12320,12320,2
2020-07-21,15:09:11,12321,12321,12321,4
2020-07-21,15:09:11,12321,12321,12321,4
2020-07-21,15:09:11,12320,12320,12320,8
2020-07-21,15:09:11,12320,12320,12320,2
2020-07-21,15:09:11,12320,12320,12320,2
2020-07-21,15:09:12,12320,12320,12320,2
2020-07-21,15:09:14,12320,12320,12320,6
2020-07-21,15:09:16,12320,12320,12320,12
2020-07-21,15:09:16,12320,12320,12320,2
2020-07-21,15:09:16,12320,12320,12320,2
2020-07-21,15:09:18,12321,12321,12321,2
2020-07-21,15:09:18,12320,12320,12320,2
2020-07-21,15:09:19,12320,12320,12320,2
2020-07-21,15:09:20,12320,12320,12320,2
2020-07-21,15:09:20,12320,12320,12320,4
2020-07-21,15:09:20,12319,12319,12319,2
2020-07-21,15:09:20,12320,12320,12320,2
2020-07-21,15:09:21,12321,12321,12321,2
2020-07-21,15:09:22,12320,12320,12320,2
2020-07-21,15:09:23,12321,12321,12321,4
2020-07-21,15:09:25,12321,12321,12321,2
2020-07-21,15:09:26,12320,12320,12320,2
2020-07-21,15:09:26,12321,12321,12321,2
2020-07-21,15:09:26,12321,12321,12321,2
2020-07-21,15:09:27,12321,12321,12321,2
2020-07-21,15:09:28,12321,12321,12321,2
2020-07-21,15:09:28,12321,12321,12321,2
2020-07-21,15:09:29,12321,12321,12321,4
2020-07-21,15:09:29,12321,12321,12321,4
2020-07-21,15:09:29,12322,12322,12322,2
2020-07-21,15:09:29,12321,12321,12321,6
2020-07-21,15:09:29,12322,12322,12322,2
2020-07-21,15:09:30,12321,12321,12321,2
2020-07-21,15:09:30,12320,12320,12320,2
2020-07-21,15:09:32,12321,12321,12321,2
2020-07-21,15:09:32,12321,12321,12321,2
2020-07-21,15:09:35,12320,12320,12320,2
2020-07-21,15:09:35,12320,12320,12320,2
2020-07-21,15:09:35,12320,12320,12320,2
2020-07-21,15:09:35,12320,12320,12320,2
2020-07-21,15:09:35,12320,12320,12320,2
2020-07-21,15:09:35,12320,12320,12320,2
2020-07-21,15:09:35,12320,12320,12320,2
2020-07-21,15:09:35,12320,12320,12320,2
2020-07-21,15:09:35,12319,12319,12319,2
2020-07-21,15:09:36,12319,12319,12319,2
2020-07-21,15:09:38,12320,12320,12320,2
2020-07-21,15:09:39,12320,12320,12320,2
2020-07-21,15:09:40,12320,12320,12320,2
2020-07-21,15:09:40,12319,12319,12319,2
2020-07-21,15:09:41,12320,12320,12320,2
2020-07-21,15:09:46,12320,12320,12320,4
2020-07-21,15:09:46,12319,12319,12319,2
2020-07-21,15:09:54,12319,12319,12319,2
2020-07-21,15:09:54,12319,12319,12319,2
2020-07-21,15:09:54,12319,12319,12319,10
2020-07-21,15:09:54,12319,12319,12319,2
2020-07-21,15:09:54,12319,12319,12319,18
2020-07-21,15:09:54,12319,12319,12319,2
2020-07-21,15:09:54,12319,12319,12319,20
2020-07-21,15:09:54,12319,12319,12319,2
2020-07-21,15:09:54,12319,12319,12319,2
2020-07-21,15:09:54,12319,12319,12319,2
2020-07-21,15:09:54,12319,12319,12319,2
2020-07-21,15:09:54,12319,12319,12319,2
2020-07-21,15:09:54,12319,12319,12319,10
2020-07-21,15:09:55,12318,12318,12318,2
2020-07-21,15:09:55,12318,12318,12318,4
2020-07-21,15:09:55,12318,12318,12318,2
2020-07-21,15:09:55,12318,12318,12318,2
2020-07-21,15:09:58,12319,12319,12319,4
2020-07-21,15:10:00,12320,12320,12320,32
2020-07-21,15:10:00,12320,12320,12320,2
2020-07-21,15:10:00,12321,12321,12321,2
2020-07-21,15:10:00,12321,12321,12321,2
2020-07-21,15:10:00,12321,12321,12321,2
2020-07-21,15:10:00,12321,12321,12321,2
2020-07-21,15:10:00,12321,12321,12321,4
2020-07-21,15:10:00,12322,12322,12322,2
2020-07-21,15:10:00,12321,12321,12321,2
2020-07-21,15:10:00,12321,12321,12321,2
2020-07-21,15:10:00,12322,12322,12322,4
2020-07-21,15:10:00,12321,12321,12321,2
2020-07-21,15:10:00,12321,12321,12321,2
2020-07-21,15:10:00,12321,12321,12321,4
2020-07-21,15:10:00,12321,12321,12321,4
2020-07-21,15:10:01,12321,12321,12321,2
2020-07-21,15:10:01,12321,12321,12321,2
2020-07-21,15:10:01,12322,12322,12322,8
2020-07-21,15:10:01,12321,12321,12321,4
2020-07-21,15:10:01,12321,12321,12321,2
2020-07-21,15:10:01,12320,12320,12320,2
2020-07-21,15:10:01,12320,12320,12320,4
2020-07-21,15:10:01,12321,12321,12321,2
2020-07-21,15:10:01,12321,12321,12321,2
2020-07-21,15:10:02,12320,12320,12320,2
2020-07-21,15:10:02,12320,12320,12320,2
2020-07-21,15:10:02,12320,12320,12320,2
2020-07-21,15:10:02,12320,12320,12320,4
2020-07-21,15:10:02,12320,12320,12320,2
2020-07-21,15:10:03,12320,12320,12320,2
2020-07-21,15:10:03,12320,12320,12320,2
2020-07-21,15:10:03,12320,12320,12320,6
2020-07-21,15:10:04,12319,12319,12319,2
2020-07-21,15:10:04,12320,12320,12320,2
2020-07-21,15:10:05,12319,12319,12319,2
2020-07-21,15:10:05,12319,12319,12319,2
2020-07-21,15:10:05,12320,12320,12320,2
2020-07-21,15:10:06,12320,12320,12320,2
2020-07-21,15:10:06,12319,12319,12319,2
2020-07-21,15:10:07,12320,12320,12320,2
2020-07-21,15:10:10,12320,12320,12320,2
2020-07-21,15:10:10,12319,12319,12319,2
2020-07-21,15:10:12,12321,12321,12321,2
2020-07-21,15:10:12,12320,12320,12320,2
2020-07-21,15:10:14,12320,12320,12320,2
2020-07-21,15:10:15,12321,12321,12321,2
2020-07-21,15:10:15,12320,12320,12320,2
2020-07-21,15:10:18,12320,12320,12320,2
2020-07-21,15:10:18,12320,12320,12320,2
2020-07-21,15:10:20,12320,12320,12320,2
2020-07-21,15:10:20,12319,12319,12319,2
2020-07-21,15:10:20,12320,12320,12320,2
2020-07-21,15:10:20,12320,12320,12320,2
2020-07-21,15:10:21,12320,12320,12320,2
2020-07-21,15:10:23,12320,12320,12320,2
2020-07-21,15:10:23,12321,12321,12321,8
2020-07-21,15:10:29,12321,12321,12321,4
2020-07-21,15:10:30,12320,12320,12320,2
2020-07-21,15:10:30,12320,12320,12320,2
2020-07-21,15:10:30,12321,12321,12321,2
2020-07-21,15:10:31,12321,12321,12321,2
2020-07-21,15:10:31,12321,12321,12321,6
2020-07-21,15:10:31,12321,12321,12321,22
2020-07-21,15:10:31,12321,12321,12321,16
2020-07-21,15:10:31,12322,12322,12322,4
2020-07-21,15:10:34,12321,12321,12321,2
2020-07-21,15:10:34,12321,12321,12321,2
2020-07-21,15:10:38,12322,12322,12322,10
2020-07-21,15:10:38,12321,12321,12321,2
2020-07-21,15:10:39,12322,12322,12322,2
2020-07-21,15:10:42,12321,12321,12321,2
2020-07-21,15:10:42,12320,12320,12320,2
2020-07-21,15:10:43,12321,12321,12321,22
2020-07-21,15:10:43,12321,12321,12321,2
2020-07-21,15:10:45,12320,12320,12320,2
2020-07-21,15:10:45,12319,12319,12319,2
2020-07-21,15:10:45,12320,12320,12320,2
2020-07-21,15:10:47,12320,12320,12320,2
2020-07-21,15:10:50,12321,12321,12321,2
2020-07-21,15:10:50,12321,12321,12321,2
2020-07-21,15:10:50,12322,12322,12322,2
2020-07-21,15:10:51,12322,12322,12322,10
2020-07-21,15:10:54,12321,12321,12321,4
2020-07-21,15:10:55,12321,12321,12321,2
2020-07-21,15:10:55,12321,12321,12321,2
2020-07-21,15:10:55,12320,12320,12320,2
2020-07-21,15:10:59,12320,12320,12320,2
2020-07-21,15:10:59,12320,12320,12320,2
2020-07-21,15:10:59,12320,12320,12320,2
2020-07-21,15:11:01,12319,12319,12319,4
2020-07-21,15:11:01,12319,12319,12319,2
2020-07-21,15:11:01,12319,12319,12319,10
2020-07-21,15:11:01,12319,12319,12319,10
2020-07-21,15:11:01,12319,12319,12319,2
2020-07-21,15:11:01,12319,12319,12319,2
2020-07-21,15:11:01,12319,12319,12319,2
2020-07-21,15:11:01,12320,12320,12320,2
2020-07-21,15:11:01,12318,12318,12318,2
2020-07-21,15:11:02,12320,12320,12320,6
2020-07-21,15:11:03,12320,12320,12320,4
2020-07-21,15:11:08,12319,12319,12319,2
2020-07-21,15:11:08,12317,12317,12317,2
2020-07-21,15:11:08,12317,12317,12317,2
2020-07-21,15:11:08,12319,12319,12319,4
2020-07-21,15:11:09,12318,12318,12318,2
2020-07-21,15:11:11,12319,12319,12319,2
2020-07-21,15:11:11,12318,12318,12318,2
2020-07-21,15:11:12,12318,12318,12318,2
2020-07-21,15:11:12,12318,12318,12318,14
2020-07-21,15:11:12,12317,12317,12317,2
2020-07-21,15:11:13,12317,12317,12317,2
2020-07-21,15:11:14,12317,12317,12317,2
2020-07-21,15:11:14,12317,12317,12317,4
2020-07-21,15:11:17,12318,12318,12318,8
2020-07-21,15:11:17,12318,12318,12318,2
2020-07-21,15:11:18,12318,12318,12318,2
2020-07-21,15:11:18,12318,12318,12318,2
2020-07-21,15:11:18,12318,12318,12318,2
2020-07-21,15:11:18,12318,12318,12318,2
2020-07-21,15:11:18,12318,12318,12318,2
2020-07-21,15:11:18,12317,12317,12317,2
2020-07-21,15:11:22,12318,12318,12318,2
2020-07-21,15:11:22,12318,12318,12318,2
2020-07-21,15:11:22,12318,12318,12318,2
2020-07-21,15:11:23,12318,12318,12318,2
2020-07-21,15:11:25,12319,12319,12319,2
2020-07-21,15:11:25,12320,12320,12320,4
2020-07-21,15:11:25,12318,12318,12318,2
2020-07-21,15:11:27,12320,12320,12320,2
2020-07-21,15:11:30,12319,12319,12319,2
2020-07-21,15:11:30,12318,12318,12318,2
2020-07-21,15:11:41,12318,12318,12318,6
2020-07-21,15:11:41,12318,12318,12318,2
2020-07-21,15:11:41,12318,12318,12318,6
2020-07-21,15:11:41,12318,12318,12318,2
2020-07-21,15:11:41,12318,12318,12318,2
2020-07-21,15:11:41,12318,12318,12318,2
2020-07-21,15:11:41,12318,12318,12318,2
2020-07-21,15:11:41,12318,12318,12318,2
2020-07-21,15:11:41,12318,12318,12318,2
2020-07-21,15:11:41,12318,12318,12318,2
2020-07-21,15:11:41,12317,12317,12317,2
2020-07-21,15:11:43,12318,12318,12318,2
2020-07-21,15:11:43,12317,12317,12317,2
2020-07-21,15:11:47,12318,12318,12318,6
2020-07-21,15:11:48,12317,12317,12317,2
2020-07-21,15:11:54,12317,12317,12317,4
2020-07-21,15:11:55,12317,12317,12317,2
2020-07-21,15:11:55,12317,12317,12317,2
2020-07-21,15:11:56,12318,12318,12318,2
2020-07-21,15:11:58,12318,12318,12318,6
2020-07-21,15:11:58,12318,12318,12318,4
2020-07-21,15:11:58,12318,12318,12318,2
2020-07-21,15:12:03,12319,12319,12319,4
2020-07-21,15:12:03,12318,12318,12318,2
2020-07-21,15:12:03,12318,12318,12318,2
2020-07-21,15:12:03,12318,12318,12318,4
2020-07-21,15:12:03,12319,12319,12319,28
2020-07-21,15:12:03,12319,12319,12319,4
2020-07-21,15:12:03,12319,12319,12319,6
2020-07-21,15:12:03,12319,12319,12319,2
2020-07-21,15:12:03,12319,12319,12319,2
2020-07-21,15:12:03,12319,12319,12319,10
2020-07-21,15:12:03,12319,12319,12319,2
2020-07-21,15:12:03,12320,12320,12320,2
2020-07-21,15:12:03,12320,12320,12320,2
2020-07-21,15:12:03,12320,12320,12320,4
2020-07-21,15:12:03,12319,12319,12319,4
2020-07-21,15:12:03,12319,12319,12319,4
2020-07-21,15:12:06,12318,12318,12318,2
2020-07-21,15:12:06,12318,12318,12318,2
2020-07-21,15:12:07,12318,12318,12318,2
2020-07-21,15:12:08,12318,12318,12318,2
2020-07-21,15:12:09,12318,12318,12318,4
2020-07-21,15:12:11,12319,12319,12319,2
2020-07-21,15:12:18,12319,12319,12319,2
2020-07-21,15:12:19,12319,12319,12319,6
2020-07-21,15:12:23,12318,12318,12318,6
2020-07-21,15:12:34,12318,12318,12318,2
2020-07-21,15:12:42,12318,12318,12318,2
2020-07-21,15:12:49,12318,12318,12318,2
2020-07-21,15:12:56,12319,12319,12319,2
2020-07-21,15:13:02,12319,12319,12319,2
2020-07-21,15:13:02,12319,12319,12319,8
2020-07-21,15:13:02,12319,12319,12319,52
2020-07-21,15:13:02,12319,12319,12319,4
2020-07-21,15:13:03,12320,12320,12320,2
2020-07-21,15:13:06,12319,12319,12319,2
2020-07-21,15:13:08,12319,12319,12319,4
2020-07-21,15:13:11,12318,12318,12318,2
2020-07-21,15:13:11,12318,12318,12318,2
2020-07-21,15:13:11,12318,12318,12318,2
2020-07-21,15:13:11,12318,12318,12318,8
2020-07-21,15:13:11,12318,12318,12318,2
2020-07-21,15:13:11,12318,12318,12318,2
2020-07-21,15:13:11,12318,12318,12318,4
2020-07-21,15:13:11,12318,12318,12318,4
2020-07-21,15:13:11,12318,12318,12318,14
2020-07-21,15:13:11,12318,12318,12318,2
2020-07-21,15:13:11,12318,12318,12318,2
2020-07-21,15:13:11,12318,12318,12318,2
2020-07-21,15:13:11,12318,12318,12318,2
2020-07-21,15:13:16,12317,12317,12317,10
2020-07-21,15:13:16,12317,12317,12317,2
2020-07-21,15:13:16,12317,12317,12317,2
2020-07-21,15:13:16,12317,12317,12317,8
2020-07-21,15:13:16,12317,12317,12317,2
2020-07-21,15:13:16,12317,12317,12317,2
2020-07-21,15:13:18,12317,12317,12317,10
2020-07-21,15:13:22,12318,12318,12318,2
2020-07-21,15:13:28,12317,12317,12317,2
2020-07-21,15:13:28,12317,12317,12317,2
2020-07-21,15:13:30,12317,12317,12317,2
2020-07-21,15:13:35,12317,12317,12317,10
2020-07-21,15:13:40,12318,12318,12318,8
2020-07-21,15:13:40,12318,12318,12318,20
2020-07-21,15:13:41,12318,12318,12318,2
2020-07-21,15:13:41,12318,12318,12318,4
2020-07-21,15:13:44,12318,12318,12318,2
2020-07-21,15:13:47,12319,12319,12319,20
2020-07-21,15:13:57,12318,12318,12318,2
2020-07-21,15:14:00,12318,12318,12318,4
2020-07-21,15:14:00,12318,12318,12318,2
2020-07-21,15:14:00,12318,12318,12318,2
2020-07-21,15:14:02,12318,12318,12318,4
2020-07-21,15:14:10,12318,12318,12318,2
2020-07-21,15:14:11,12318,12318,12318,2
2020-07-21,15:14:14,12317,12317,12317,2
2020-07-21,15:14:14,12317,12317,12317,2
2020-07-21,15:14:14,12317,12317,12317,8
2020-07-21,15:14:14,12317,12317,12317,2
2020-07-21,15:14:14,12317,12317,12317,2
2020-07-21,15:14:15,12318,12318,12318,2
2020-07-21,15:14:24,12318,12318,12318,2
2020-07-21,15:14:24,12318,12318,12318,2
2020-07-21,15:14:26,12317,12317,12317,2
2020-07-21,15:14:28,12316,12316,12316,2
2020-07-21,15:14:28,12316,12316,12316,2
2020-07-21,15:14:28,12316,12316,12316,2
2020-07-21,15:14:28,12316,12316,12316,2
2020-07-21,15:14:28,12316,12316,12316,2
2020-07-21,15:14:28,12317,12317,12317,4
2020-07-21,15:14:28,12318,12318,12318,2
2020-07-21,15:14:28,12317,12317,12317,2
2020-07-21,15:14:32,12318,12318,12318,4
2020-07-21,15:14:32,12317,12317,12317,4
2020-07-21,15:14:32,12317,12317,12317,2
2020-07-21,15:14:32,12317,12317,12317,2
2020-07-21,15:14:36,12316,12316,12316,2
2020-07-21,15:14:40,12317,12317,12317,2
2020-07-21,15:14:41,12317,12317,12317,4
2020-07-21,15:14:47,12317,12317,12317,2
2020-07-21,15:14:48,12317,12317,12317,2
2020-07-21,15:14:53,12316,12316,12316,2
2020-07-21,15:15:01,12317,12317,12317,2
2020-07-21,15:15:01,12317,12317,12317,2
2020-07-21,15:15:02,12318,12318,12318,2
2020-07-21,15:15:02,12317,12317,12317,2
2020-07-21,15:15:02,12318,12318,12318,2
2020-07-21,15:15:03,12318,12318,12318,2
2020-07-21,15:15:09,12318,12318,12318,14
2020-07-21,15:15:09,12318,12318,12318,4
2020-07-21,15:15:09,12318,12318,12318,4
2020-07-21,15:15:12,12318,12318,12318,2
2020-07-21,15:15:13,12318,12318,12318,6
2020-07-21,15:15:18,12318,12318,12318,2
2020-07-21,15:15:21,12318,12318,12318,2
2020-07-21,15:15:22,12319,12319,12319,16
2020-07-21,15:15:22,12319,12319,12319,16
2020-07-21,15:15:22,12320,12320,12320,16
2020-07-21,15:15:22,12320,12320,12320,2
2020-07-21,15:15:22,12320,12320,12320,12
2020-07-21,15:15:22,12320,12320,12320,42
2020-07-21,15:15:25,12320,12320,12320,2
2020-07-21,15:15:25,12320,12320,12320,2
2020-07-21,15:15:25,12321,12321,12321,4
2020-07-21,15:15:25,12320,12320,12320,4
2020-07-21,15:15:26,12320,12320,12320,4
2020-07-21,15:15:26,12320,12320,12320,4
2020-07-21,15:15:26,12321,12321,12321,2
2020-07-21,15:15:26,12320,12320,12320,4
2020-07-21,15:15:31,12321,12321,12321,2
2020-07-21,15:15:31,12321,12321,12321,6
2020-07-21,15:15:31,12321,12321,12321,2
2020-07-21,15:15:32,12321,12321,12321,6
2020-07-21,15:15:33,12322,12322,12322,4
2020-07-21,15:15:33,12322,12322,12322,6
2020-07-21,15:15:33,12322,12322,12322,2
2020-07-21,15:15:33,12321,12321,12321,4
2020-07-21,15:15:33,12321,12321,12321,4
2020-07-21,15:15:33,12321,12321,12321,4
2020-07-21,15:15:33,12322,12322,12322,2
2020-07-21,15:15:33,12322,12322,12322,4
2020-07-21,15:15:33,12323,12323,12323,2
2020-07-21,15:15:33,12323,12323,12323,2
2020-07-21,15:15:33,12323,12323,12323,20
2020-07-21,15:15:33,12323,12323,12323,10
2020-07-21,15:15:33,12323,12323,12323,4
2020-07-21,15:15:33,12324,12324,12324,66
2020-07-21,15:15:33,12324,12324,12324,2
2020-07-21,15:15:33,12323,12323,12323,2
2020-07-21,15:15:33,12323,12323,12323,2
2020-07-21,15:15:33,12324,12324,12324,2
2020-07-21,15:15:33,12324,12324,12324,2
2020-07-21,15:15:33,12325,12325,12325,2
2020-07-21,15:15:33,12325,12325,12325,2
2020-07-21,15:15:33,12325,12325,12325,4
2020-07-21,15:15:33,12325,12325,12325,10
2020-07-21,15:15:33,12325,12325,12325,2
2020-07-21,15:15:33,12325,12325,12325,10
2020-07-21,15:15:33,12324,12324,12324,4
2020-07-21,15:15:33,12325,12325,12325,4
2020-07-21,15:15:33,12325,12325,12325,2
2020-07-21,15:15:33,12325,12325,12325,4
2020-07-21,15:15:33,12325,12325,12325,2
2020-07-21,15:15:33,12325,12325,12325,2
2020-07-21,15:15:34,12325,12325,12325,2
2020-07-21,15:15:34,12326,12326,12326,2
2020-07-21,15:15:34,12325,12325,12325,2
2020-07-21,15:15:34,12325,12325,12325,2
2020-07-21,15:15:34,12325,12325,12325,2
2020-07-21,15:15:34,12326,12326,12326,28
2020-07-21,15:15:34,12325,12325,12325,2
2020-07-21,15:15:34,12325,12325,12325,4
2020-07-21,15:15:34,12325,12325,12325,4
2020-07-21,15:15:34,12325,12325,12325,2
2020-07-21,15:15:34,12325,12325,12325,2
2020-07-21,15:15:34,12326,12326,12326,2
2020-07-21,15:15:34,12326,12326,12326,6
2020-07-21,15:15:34,12325,12325,12325,6
2020-07-21,15:15:34,12326,12326,12326,10
2020-07-21,15:15:34,12326,12326,12326,2
2020-07-21,15:15:34,12326,12326,12326,4
2020-07-21,15:15:34,12326,12326,12326,2
2020-07-21,15:15:34,12326,12326,12326,2
2020-07-21,15:15:34,12326,12326,12326,2
2020-07-21,15:15:34,12327,12327,12327,4
2020-07-21,15:15:34,12327,12327,12327,2
2020-07-21,15:15:34,12326,12326,12326,8
2020-07-21,15:15:34,12326,12326,12326,6
2020-07-21,15:15:34,12326,12326,12326,2
2020-07-21,15:15:34,12326,12326,12326,2
2020-07-21,15:15:34,12326,12326,12326,8
2020-07-21,15:15:34,12326,12326,12326,8
2020-07-21,15:15:34,12327,12327,12327,6
2020-07-21,15:15:34,12327,12327,12327,2
2020-07-21,15:15:34,12327,12327,12327,2
2020-07-21,15:15:34,12327,12327,12327,2
2020-07-21,15:15:34,12327,12327,12327,2
2020-07-21,15:15:34,12327,12327,12327,10
2020-07-21,15:15:34,12326,12326,12326,2
2020-07-21,15:15:34,12326,12326,12326,2
2020-07-21,15:15:34,12326,12326,12326,2
2020-07-21,15:15:34,12326,12326,12326,16
2020-07-21,15:15:34,12326,12326,12326,2
2020-07-21,15:15:34,12326,12326,12326,2
2020-07-21,15:15:34,12326,12326,12326,2
2020-07-21,15:15:34,12327,12327,12327,12
2020-07-21,15:15:34,12327,12327,12327,10
2020-07-21,15:15:34,12328,12328,12328,2
2020-07-21,15:15:34,12328,12328,12328,2
2020-07-21,15:15:34,12328,12328,12328,2
2020-07-21,15:15:34,12328,12328,12328,12
2020-07-21,15:15:34,12328,12328,12328,2
2020-07-21,15:15:34,12328,12328,12328,2
2020-07-21,15:15:34,12327,12327,12327,4
2020-07-21,15:15:34,12327,12327,12327,2
2020-07-21,15:15:34,12326,12326,12326,2
2020-07-21,15:15:34,12326,12326,12326,4
2020-07-21,15:15:34,12326,12326,12326,8
2020-07-21,15:15:34,12326,12326,12326,2
2020-07-21,15:15:34,12326,12326,12326,10
2020-07-21,15:15:34,12326,12326,12326,2
2020-07-21,15:15:34,12326,12326,12326,2
2020-07-21,15:15:34,12326,12326,12326,4
2020-07-21,15:15:34,12326,12326,12326,2
2020-07-21,15:15:34,12326,12326,12326,2
2020-07-21,15:15:34,12327,12327,12327,2
2020-07-21,15:15:34,12327,12327,12327,2
2020-07-21,15:15:34,12325,12325,12325,4
2020-07-21,15:15:34,12327,12327,12327,2
2020-07-21,15:15:34,12327,12327,12327,2
2020-07-21,15:15:34,12327,12327,12327,2
2020-07-21,15:15:34,12327,12327,12327,2
2020-07-21,15:15:34,12326,12326,12326,2
2020-07-21,15:15:34,12325,12325,12325,2
2020-07-21,15:15:34,12325,12325,12325,4
2020-07-21,15:15:34,12327,12327,12327,2
2020-07-21,15:15:34,12327,12327,12327,6
2020-07-21,15:15:34,12327,12327,12327,2
2020-07-21,15:15:34,12326,12326,12326,2
2020-07-21,15:15:34,12326,12326,12326,2
2020-07-21,15:15:34,12327,12327,12327,2
2020-07-21,15:15:34,12327,12327,12327,2
2020-07-21,15:15:34,12327,12327,12327,2
2020-07-21,15:15:34,12326,12326,12326,2
2020-07-21,15:15:34,12327,12327,12327,2
2020-07-21,15:15:34,12326,12326,12326,2
2020-07-21,15:15:34,12326,12326,12326,4
2020-07-21,15:15:34,12326,12326,12326,2
2020-07-21,15:15:34,12325,12325,12325,2
2020-07-21,15:15:34,12325,12325,12325,2
2020-07-21,15:15:34,12326,12326,12326,2
2020-07-21,15:15:34,12325,12325,12325,2
2020-07-21,15:15:34,12326,12326,12326,20
2020-07-21,15:15:34,12326,12326,12326,2
2020-07-21,15:15:34,12326,12326,12326,10
2020-07-21,15:15:35,12326,12326,12326,2
2020-07-21,15:15:35,12326,12326,12326,10
2020-07-21,15:15:35,12326,12326,12326,4
2020-07-21,15:15:35,12326,12326,12326,2
2020-07-21,15:15:35,12326,12326,12326,2
2020-07-21,15:15:35,12326,12326,12326,2
2020-07-21,15:15:35,12324,12324,12324,2
2020-07-21,15:15:35,12326,12326,12326,4
2020-07-21,15:15:35,12324,12324,12324,2
2020-07-21,15:15:35,12326,12326,12326,2
2020-07-21,15:15:35,12326,12326,12326,2
2020-07-21,15:15:35,12326,12326,12326,2
2020-07-21,15:15:35,12326,12326,12326,2
2020-07-21,15:15:35,12326,12326,12326,2
2020-07-21,15:15:35,12325,12325,12325,2
2020-07-21,15:15:35,12325,12325,12325,6
2020-07-21,15:15:36,12325,12325,12325,2
2020-07-21,15:15:36,12325,12325,12325,2
2020-07-21,15:15:36,12326,12326,12326,2
2020-07-21,15:15:36,12326,12326,12326,2
2020-07-21,15:15:36,12326,12326,12326,2
2020-07-21,15:15:36,12326,12326,12326,8
2020-07-21,15:15:36,12326,12326,12326,2
2020-07-21,15:15:36,12325,12325,12325,2
2020-07-21,15:15:36,12326,12326,12326,4
2020-07-21,15:15:36,12324,12324,12324,2
2020-07-21,15:15:36,12325,12325,12325,2
2020-07-21,15:15:36,12325,12325,12325,2
2020-07-21,15:15:36,12325,12325,12325,14
2020-07-21,15:15:36,12326,12326,12326,6
2020-07-21,15:15:36,12326,12326,12326,2
2020-07-21,15:15:37,12325,12325,12325,4
2020-07-21,15:15:37,12325,12325,12325,6
2020-07-21,15:15:37,12326,12326,12326,2
2020-07-21,15:15:37,12326,12326,12326,8
2020-07-21,15:15:37,12326,12326,12326,2
2020-07-21,15:15:38,12327,12327,12327,2
2020-07-21,15:15:38,12327,12327,12327,2
2020-07-21,15:15:38,12327,12327,12327,2
2020-07-21,15:15:38,12327,12327,12327,2
2020-07-21,15:15:38,12327,12327,12327,2
2020-07-21,15:15:38,12326,12326,12326,2
2020-07-21,15:15:38,12327,12327,12327,2
2020-07-21,15:15:38,12327,12327,12327,14
2020-07-21,15:15:38,12327,12327,12327,2
2020-07-21,15:15:39,12328,12328,12328,2
2020-07-21,15:15:40,12328,12328,12328,2
2020-07-21,15:15:40,12327,12327,12327,2
2020-07-21,15:15:41,12327,12327,12327,4
2020-07-21,15:15:41,12327,12327,12327,2
2020-07-21,15:15:42,12328,12328,12328,26
2020-07-21,15:15:42,12329,12329,12329,2
2020-07-21,15:15:42,12329,12329,12329,12
2020-07-21,15:15:42,12329,12329,12329,2
2020-07-21,15:15:42,12330,12330,12330,4
2020-07-21,15:15:42,12330,12330,12330,2
2020-07-21,15:15:42,12330,12330,12330,2
2020-07-21,15:15:42,12329,12329,12329,8
2020-07-21,15:15:42,12329,12329,12329,2
2020-07-21,15:15:42,12329,12329,12329,2
2020-07-21,15:15:42,12329,12329,12329,8
2020-07-21,15:15:42,12330,12330,12330,12
2020-07-21,15:15:42,12329,12329,12329,2
2020-07-21,15:15:43,12330,12330,12330,2
2020-07-21,15:15:43,12330,12330,12330,2
2020-07-21,15:15:43,12330,12330,12330,24
2020-07-21,15:15:43,12330,12330,12330,6
2020-07-21,15:15:43,12330,12330,12330,28
2020-07-21,15:15:43,12330,12330,12330,8
2020-07-21,15:15:43,12330,12330,12330,2
2020-07-21,15:15:43,12330,12330,12330,2
2020-07-21,15:15:43,12330,12330,12330,2
2020-07-21,15:15:44,12331,12331,12331,2
2020-07-21,15:15:44,12331,12331,12331,2
2020-07-21,15:15:44,12332,12332,12332,2
2020-07-21,15:15:44,12332,12332,12332,2
2020-07-21,15:15:44,12331,12331,12331,4
2020-07-21,15:15:44,12331,12331,12331,8
2020-07-21,15:15:44,12331,12331,12331,2
2020-07-21,15:15:44,12331,12331,12331,2
2020-07-21,15:15:44,12330,12330,12330,2
2020-07-21,15:15:44,12330,12330,12330,2
2020-07-21,15:15:44,12330,12330,12330,2
2020-07-21,15:15:44,12330,12330,12330,2
2020-07-21,15:15:44,12330,12330,12330,4
2020-07-21,15:15:44,12331,12331,12331,18
2020-07-21,15:15:44,12331,12331,12331,2
2020-07-21,15:15:44,12330,12330,12330,6
2020-07-21,15:15:45,12330,12330,12330,2
2020-07-21,15:15:45,12331,12331,12331,4
2020-07-21,15:15:45,12331,12331,12331,4
2020-07-21,15:15:45,12332,12332,12332,6
2020-07-21,15:15:45,12331,12331,12331,2
2020-07-21,15:15:45,12331,12331,12331,2
2020-07-21,15:15:45,12331,12331,12331,2
2020-07-21,15:15:45,12330,12330,12330,2
2020-07-21,15:15:45,12330,12330,12330,4
2020-07-21,15:15:46,12330,12330,12330,6
2020-07-21,15:15:46,12330,12330,12330,2
2020-07-21,15:15:46,12330,12330,12330,4
2020-07-21,15:15:46,12329,12329,12329,2
2020-07-21,15:15:46,12329,12329,12329,2
2020-07-21,15:15:46,12329,12329,12329,2
2020-07-21,15:15:46,12329,12329,12329,8
2020-07-21,15:15:46,12330,12330,12330,18
2020-07-21,15:15:46,12331,12331,12331,2
2020-07-21,15:15:46,12330,12330,12330,2
2020-07-21,15:15:46,12329,12329,12329,6
2020-07-21,15:15:46,12329,12329,12329,2
2020-07-21,15:15:46,12329,12329,12329,2
2020-07-21,15:15:46,12329,12329,12329,2
2020-07-21,15:15:47,12329,12329,12329,2
2020-07-21,15:15:47,12328,12328,12328,4
2020-07-21,15:15:47,12328,12328,12328,2
2020-07-21,15:15:47,12328,12328,12328,2
2020-07-21,15:15:47,12328,12328,12328,2
2020-07-21,15:15:48,12328,12328,12328,16
2020-07-21,15:15:48,12328,12328,12328,4
2020-07-21,15:15:48,12328,12328,12328,2
2020-07-21,15:15:49,12328,12328,12328,2
2020-07-21,15:15:50,12329,12329,12329,2
2020-07-21,15:15:50,12329,12329,12329,2
2020-07-21,15:15:50,12329,12329,12329,2
2020-07-21,15:15:51,12329,12329,12329,2
2020-07-21,15:15:52,12330,12330,12330,10
2020-07-21,15:15:52,12330,12330,12330,2
2020-07-21,15:15:52,12329,12329,12329,2
2020-07-21,15:15:52,12329,12329,12329,2
2020-07-21,15:15:52,12329,12329,12329,2
2020-07-21,15:15:53,12328,12328,12328,2
2020-07-21,15:15:54,12330,12330,12330,2
2020-07-21,15:15:55,12330,12330,12330,2
2020-07-21,15:15:55,12329,12329,12329,2
2020-07-21,15:15:55,12329,12329,12329,2
2020-07-21,15:15:55,12329,12329,12329,2
2020-07-21,15:15:55,12330,12330,12330,2
2020-07-21,15:15:56,12330,12330,12330,2
2020-07-21,15:15:57,12330,12330,12330,2
2020-07-21,15:15:57,12331,12331,12331,2
2020-07-21,15:15:58,12330,12330,12330,4
2020-07-21,15:15:59,12331,12331,12331,2
2020-07-21,15:15:59,12330,12330,12330,4
2020-07-21,15:15:59,12330,12330,12330,16
2020-07-21,15:15:59,12330,12330,12330,8
2020-07-21,15:15:59,12330,12330,12330,2
2020-07-21,15:15:59,12329,12329,12329,2
2020-07-21,15:15:59,12329,12329,12329,2
2020-07-21,15:15:59,12329,12329,12329,6
2020-07-21,15:15:59,12331,12331,12331,2
2020-07-21,15:15:59,12330,12330,12330,12
2020-07-21,15:16:00,12330,12330,12330,10
2020-07-21,15:16:00,12329,12329,12329,2
2020-07-21,15:16:00,12329,12329,12329,2
2020-07-21,15:16:00,12330,12330,12330,2
2020-07-21,15:16:00,12329,12329,12329,2
2020-07-21,15:16:00,12329,12329,12329,2
2020-07-21,15:16:00,12329,12329,12329,2
2020-07-21,15:16:00,12329,12329,12329,2
2020-07-21,15:16:00,12330,12330,12330,2
2020-07-21,15:16:01,12329,12329,12329,2
2020-07-21,15:16:02,12329,12329,12329,8
2020-07-21,15:16:02,12330,12330,12330,6
2020-07-21,15:16:02,12330,12330,12330,2
2020-07-21,15:16:02,12330,12330,12330,2
2020-07-21,15:16:02,12330,12330,12330,2
2020-07-21,15:16:02,12330,12330,12330,2
2020-07-21,15:16:02,12330,12330,12330,2
2020-07-21,15:16:02,12330,12330,12330,2
2020-07-21,15:16:02,12330,12330,12330,2
2020-07-21,15:16:02,12331,12331,12331,4
2020-07-21,15:16:02,12331,12331,12331,2
2020-07-21,15:16:02,12331,12331,12331,2
2020-07-21,15:16:02,12331,12331,12331,4
2020-07-21,15:16:03,12330,12330,12330,2
2020-07-21,15:16:03,12331,12331,12331,2
2020-07-21,15:16:03,12331,12331,12331,2
2020-07-21,15:16:04,12330,12330,12330,4
2020-07-21,15:16:04,12330,12330,12330,6
2020-07-21,15:16:04,12331,12331,12331,4
2020-07-21,15:16:05,12330,12330,12330,4
2020-07-21,15:16:05,12331,12331,12331,2
2020-07-21,15:16:06,12330,12330,12330,2
2020-07-21,15:16:07,12330,12330,12330,2
2020-07-21,15:16:07,12331,12331,12331,2
2020-07-21,15:16:09,12330,12330,12330,2
2020-07-21,15:16:09,12330,12330,12330,2
2020-07-21,15:16:09,12330,12330,12330,2
2020-07-21,15:16:09,12330,12330,12330,2
2020-07-21,15:16:10,12330,12330,12330,2
2020-07-21,15:16:10,12330,12330,12330,2
2020-07-21,15:16:10,12329,12329,12329,2
2020-07-21,15:16:10,12331,12331,12331,2
2020-07-21,15:16:11,12331,12331,12331,2
2020-07-21,15:16:11,12330,12330,12330,4
2020-07-21,15:16:11,12329,12329,12329,2
2020-07-21,15:16:11,12330,12330,12330,4
2020-07-21,15:16:12,12330,12330,12330,2
2020-07-21,15:16:14,12329,12329,12329,2
2020-07-21,15:16:14,12330,12330,12330,2
2020-07-21,15:16:15,12330,12330,12330,2
2020-07-21,15:16:16,12330,12330,12330,2
2020-07-21,15:16:16,12330,12330,12330,2
2020-07-21,15:16:16,12329,12329,12329,2
2020-07-21,15:16:19,12329,12329,12329,2
2020-07-21,15:16:19,12330,12330,12330,2
2020-07-21,15:16:21,12329,12329,12329,2
2020-07-21,15:16:21,12329,12329,12329,2
2020-07-21,15:16:21,12328,12328,12328,2
2020-07-21,15:16:28,12329,12329,12329,2
2020-07-21,15:16:29,12329,12329,12329,2
2020-07-21,15:16:32,12328,12328,12328,2
2020-07-21,15:16:32,12329,12329,12329,2
2020-07-21,15:16:34,12328,12328,12328,4
2020-07-21,15:16:35,12328,12328,12328,6
2020-07-21,15:16:35,12328,12328,12328,4
2020-07-21,15:16:35,12328,12328,12328,2
2020-07-21,15:16:35,12328,12328,12328,2
2020-07-21,15:16:35,12328,12328,12328,4
2020-07-21,15:16:35,12328,12328,12328,2
2020-07-21,15:16:35,12328,12328,12328,2
2020-07-21,15:16:35,12328,12328,12328,2
2020-07-21,15:16:35,12328,12328,12328,2
2020-07-21,15:16:35,12328,12328,12328,2
2020-07-21,15:16:35,12328,12328,12328,4
2020-07-21,15:16:35,12328,12328,12328,2
2020-07-21,15:16:35,12328,12328,12328,8
2020-07-21,15:16:35,12328,12328,12328,4
2020-07-21,15:16:35,12329,12329,12329,2
2020-07-21,15:16:36,12327,12327,12327,2
2020-07-21,15:16:36,12327,12327,12327,2
2020-07-21,15:16:36,12327,12327,12327,2
2020-07-21,15:16:37,12328,12328,12328,2
2020-07-21,15:16:39,12328,12328,12328,2
2020-07-21,15:16:39,12328,12328,12328,2
2020-07-21,15:16:40,12327,12327,12327,10
2020-07-21,15:16:40,12327,12327,12327,6
2020-07-21,15:16:40,12327,12327,12327,2
2020-07-21,15:16:40,12327,12327,12327,2
2020-07-21,15:16:40,12327,12327,12327,2
2020-07-21,15:16:40,12327,12327,12327,2
2020-07-21,15:16:40,12327,12327,12327,2
2020-07-21,15:16:40,12327,12327,12327,2
2020-07-21,15:16:40,12327,12327,12327,2
2020-07-21,15:16:40,12327,12327,12327,2
2020-07-21,15:16:43,12327,12327,12327,2
2020-07-21,15:16:44,12327,12327,12327,2
2020-07-21,15:16:45,12326,12326,12326,2
2020-07-21,15:16:45,12327,12327,12327,4
2020-07-21,15:16:45,12327,12327,12327,4
2020-07-21,15:16:46,12327,12327,12327,4
2020-07-21,15:16:46,12327,12327,12327,2
2020-07-21,15:16:48,12328,12328,12328,10
2020-07-21,15:16:48,12328,12328,12328,4
2020-07-21,15:16:48,12328,12328,12328,4
2020-07-21,15:16:49,12328,12328,12328,2
2020-07-21,15:16:56,12329,12329,12329,2
2020-07-21,15:16:57,12329,12329,12329,2
2020-07-21,15:16:58,12329,12329,12329,14
2020-07-21,15:16:59,12328,12328,12328,2
2020-07-21,15:17:01,12329,12329,12329,2
2020-07-21,15:17:02,12328,12328,12328,2
2020-07-21,15:17:02,12328,12328,12328,2
2020-07-21,15:17:02,12328,12328,12328,4
2020-07-21,15:17:02,12328,12328,12328,20
2020-07-21,15:17:02,12328,12328,12328,2
2020-07-21,15:17:02,12328,12328,12328,6
2020-07-21,15:17:02,12328,12328,12328,2
2020-07-21,15:17:07,12327,12327,12327,2
2020-07-21,15:17:08,12327,12327,12327,2
2020-07-21,15:17:10,12327,12327,12327,2
2020-07-21,15:17:10,12327,12327,12327,2
2020-07-21,15:17:10,12327,12327,12327,2
2020-07-21,15:17:10,12327,12327,12327,2
2020-07-21,15:17:10,12327,12327,12327,2
2020-07-21,15:17:10,12327,12327,12327,2
2020-07-21,15:17:11,12327,12327,12327,2
2020-07-21,15:17:12,12326,12326,12326,2
2020-07-21,15:17:12,12326,12326,12326,2
2020-07-21,15:17:13,12326,12326,12326,4
2020-07-21,15:17:13,12326,12326,12326,2
2020-07-21,15:17:13,12326,12326,12326,2
2020-07-21,15:17:13,12326,12326,12326,2
2020-07-21,15:17:13,12326,12326,12326,2
2020-07-21,15:17:13,12326,12326,12326,10
2020-07-21,15:17:13,12326,12326,12326,2
2020-07-21,15:17:13,12326,12326,12326,2
2020-07-21,15:17:14,12325,12325,12325,2
2020-07-21,15:17:14,12325,12325,12325,2
2020-07-21,15:17:14,12325,12325,12325,2
2020-07-21,15:17:14,12325,12325,12325,4
2020-07-21,15:17:14,12325,12325,12325,4
2020-07-21,15:17:14,12325,12325,12325,2
2020-07-21,15:17:14,12325,12325,12325,2
2020-07-21,15:17:14,12325,12325,12325,2
2020-07-21,15:17:14,12325,12325,12325,2
2020-07-21,15:17:14,12325,12325,12325,2
2020-07-21,15:17:14,12324,12324,12324,2
2020-07-21,15:17:15,12324,12324,12324,2
2020-07-21,15:17:16,12325,12325,12325,2
2020-07-21,15:17:16,12325,12325,12325,2
2020-07-21,15:17:16,12325,12325,12325,2
2020-07-21,15:17:16,12324,12324,12324,2
2020-07-21,15:17:16,12324,12324,12324,2
2020-07-21,15:17:16,12325,12325,12325,2
2020-07-21,15:17:17,12324,12324,12324,2
2020-07-21,15:17:18,12324,12324,12324,2
2020-07-21,15:17:18,12324,12324,12324,2
2020-07-21,15:17:18,12323,12323,12323,2
2020-07-21,15:17:18,12324,12324,12324,4
2020-07-21,15:17:18,12324,12324,12324,2
2020-07-21,15:17:19,12323,12323,12323,6
2020-07-21,15:17:20,12323,12323,12323,2
2020-07-21,15:17:20,12323,12323,12323,2
2020-07-21,15:17:21,12323,12323,12323,2
2020-07-21,15:17:22,12323,12323,12323,16
2020-07-21,15:17:24,12323,12323,12323,2
2020-07-21,15:17:24,12323,12323,12323,4
2020-07-21,15:17:25,12323,12323,12323,2
2020-07-21,15:17:29,12324,12324,12324,2
2020-07-21,15:17:29,12323,12323,12323,6
2020-07-21,15:17:29,12323,12323,12323,8
2020-07-21,15:17:29,12323,12323,12323,2
2020-07-21,15:17:29,12323,12323,12323,2
2020-07-21,15:17:29,12323,12323,12323,2
2020-07-21,15:17:30,12323,12323,12323,2
2020-07-21,15:17:30,12324,12324,12324,2
2020-07-21,15:17:31,12324,12324,12324,10
2020-07-21,15:17:32,12325,12325,12325,2
2020-07-21,15:17:34,12326,12326,12326,2
2020-07-21,15:17:36,12326,12326,12326,4
2020-07-21,15:17:36,12327,12327,12327,2
2020-07-21,15:17:36,12327,12327,12327,4
2020-07-21,15:17:36,12327,12327,12327,4
2020-07-21,15:17:36,12327,12327,12327,12
2020-07-21,15:17:37,12327,12327,12327,2
2020-07-21,15:17:37,12326,12326,12326,8
2020-07-21,15:17:37,12326,12326,12326,2
2020-07-21,15:17:37,12326,12326,12326,2
2020-07-21,15:17:42,12326,12326,12326,2
2020-07-21,15:17:43,12325,12325,12325,2
2020-07-21,15:17:48,12326,12326,12326,2
2020-07-21,15:17:49,12326,12326,12326,2
2020-07-21,15:17:49,12326,12326,12326,12
2020-07-21,15:17:51,12327,12327,12327,2
2020-07-21,15:17:53,12327,12327,12327,20
2020-07-21,15:17:54,12328,12328,12328,4
2020-07-21,15:17:55,12328,12328,12328,6
2020-07-21,15:17:58,12328,12328,12328,6
2020-07-21,15:17:59,12328,12328,12328,2
2020-07-21,15:17:59,12327,12327,12327,2
2020-07-21,15:17:59,12327,12327,12327,2
2020-07-21,15:18:00,12327,12327,12327,2
2020-07-21,15:18:00,12327,12327,12327,2
2020-07-21,15:18:00,12326,12326,12326,2
2020-07-21,15:18:00,12326,12326,12326,2
2020-07-21,15:18:00,12326,12326,12326,2
2020-07-21,15:18:00,12326,12326,12326,8
2020-07-21,15:18:00,12326,12326,12326,2
2020-07-21,15:18:00,12326,12326,12326,4
2020-07-21,15:18:00,12326,12326,12326,2
2020-07-21,15:18:00,12326,12326,12326,4
2020-07-21,15:18:00,12326,12326,12326,2
2020-07-21,15:18:00,12326,12326,12326,4
2020-07-21,15:18:00,12326,12326,12326,2
2020-07-21,15:18:00,12326,12326,12326,10
2020-07-21,15:18:00,12326,12326,12326,2
2020-07-21,15:18:00,12326,12326,12326,2
2020-07-21,15:18:00,12326,12326,12326,24
2020-07-21,15:18:00,12326,12326,12326,12
2020-07-21,15:18:00,12326,12326,12326,10
2020-07-21,15:18:00,12326,12326,12326,16
2020-07-21,15:18:00,12326,12326,12326,2
2020-07-21,15:18:02,12325,12325,12325,2
2020-07-21,15:18:03,12326,12326,12326,6
2020-07-21,15:18:03,12326,12326,12326,54
2020-07-21,15:18:03,12326,12326,12326,14
2020-07-21,15:18:03,12326,12326,12326,2
2020-07-21,15:18:03,12326,12326,12326,8
2020-07-21,15:18:05,12326,12326,12326,10
2020-07-21,15:18:06,12326,12326,12326,2
2020-07-21,15:18:06,12326,12326,12326,2
2020-07-21,15:18:09,12326,12326,12326,2
2020-07-21,15:18:12,12326,12326,12326,2
2020-07-21,15:18:18,12327,12327,12327,2
2020-07-21,15:18:20,12326,12326,12326,2
2020-07-21,15:18:22,12326,12326,12326,2
2020-07-21,15:18:22,12327,12327,12327,2
2020-07-21,15:18:23,12326,12326,12326,2
2020-07-21,15:18:23,12326,12326,12326,6
2020-07-21,15:18:23,12326,12326,12326,2
2020-07-21,15:18:23,12326,12326,12326,4
2020-07-21,15:18:23,12326,12326,12326,2
2020-07-21,15:18:23,12326,12326,12326,8
2020-07-21,15:18:23,12326,12326,12326,2
2020-07-21,15:18:23,12326,12326,12326,4
2020-07-21,15:18:23,12326,12326,12326,2
2020-07-21,15:18:25,12326,12326,12326,2
2020-07-21,15:18:29,12325,12325,12325,2
2020-07-21,15:18:29,12325,12325,12325,2
2020-07-21,15:18:30,12325,12325,12325,8
2020-07-21,15:18:30,12325,12325,12325,10
2020-07-21,15:18:30,12325,12325,12325,2
2020-07-21,15:18:30,12325,12325,12325,2
2020-07-21,15:18:30,12325,12325,12325,2
2020-07-21,15:18:30,12325,12325,12325,2
2020-07-21,15:18:31,12324,12324,12324,2
2020-07-21,15:18:32,12324,12324,12324,4
2020-07-21,15:18:32,12324,12324,12324,2
2020-07-21,15:18:32,12324,12324,12324,2
2020-07-21,15:18:32,12324,12324,12324,2
2020-07-21,15:18:35,12324,12324,12324,4
2020-07-21,15:18:36,12324,12324,12324,2
2020-07-21,15:18:39,12324,12324,12324,2
2020-07-21,15:18:39,12325,12325,12325,2
2020-07-21,15:18:43,12324,12324,12324,2
2020-07-21,15:18:44,12324,12324,12324,2
2020-07-21,15:18:44,12325,12325,12325,2
2020-07-21,15:18:47,12324,12324,12324,2
2020-07-21,15:18:47,12324,12324,12324,2
2020-07-21,15:18:47,12324,12324,12324,2
2020-07-21,15:18:47,12324,12324,12324,8
2020-07-21,15:18:47,12324,12324,12324,2
2020-07-21,15:18:47,12324,12324,12324,2
2020-07-21,15:18:47,12324,12324,12324,4
2020-07-21,15:18:47,12323,12323,12323,2
2020-07-21,15:18:47,12323,12323,12323,2
2020-07-21,15:18:47,12323,12323,12323,6
2020-07-21,15:18:47,12323,12323,12323,2
2020-07-21,15:18:47,12323,12323,12323,2
2020-07-21,15:18:47,12323,12323,12323,2
2020-07-21,15:18:47,12323,12323,12323,2
2020-07-21,15:18:47,12323,12323,12323,12
2020-07-21,15:18:47,12323,12323,12323,2
2020-07-21,15:18:47,12323,12323,12323,2
2020-07-21,15:18:47,12323,12323,12323,2
2020-07-21,15:18:47,12323,12323,12323,2
2020-07-21,15:18:47,12323,12323,12323,2
2020-07-21,15:18:47,12323,12323,12323,8
2020-07-21,15:18:47,12323,12323,12323,4
2020-07-21,15:18:47,12323,12323,12323,2
2020-07-21,15:18:47,12323,12323,12323,4
2020-07-21,15:18:47,12323,12323,12323,2
2020-07-21,15:18:47,12323,12323,12323,10
2020-07-21,15:18:47,12323,12323,12323,2
2020-07-21,15:18:47,12324,12324,12324,2
2020-07-21,15:18:50,12325,12325,12325,2
2020-07-21,15:18:51,12324,12324,12324,2
2020-07-21,15:18:51,12324,12324,12324,2
2020-07-21,15:18:52,12324,12324,12324,2
2020-07-21,15:18:52,12324,12324,12324,6
2020-07-21,15:18:52,12324,12324,12324,2
2020-07-21,15:18:53,12324,12324,12324,2
2020-07-21,15:18:54,12324,12324,12324,10
2020-07-21,15:18:56,12324,12324,12324,2
2020-07-21,15:18:56,12324,12324,12324,2
2020-07-21,15:18:59,12324,12324,12324,4
2020-07-21,15:19:05,12324,12324,12324,2
2020-07-21,15:19:08,12323,12323,12323,2
2020-07-21,15:19:12,12323,12323,12323,2
2020-07-21,15:19:12,12323,12323,12323,6
2020-07-21,15:19:17,12323,12323,12323,2
2020-07-21,15:19:18,12324,12324,12324,2
2020-07-21,15:19:20,12323,12323,12323,2
2020-07-21,15:19:20,12323,12323,12323,2
2020-07-21,15:19:21,12323,12323,12323,2
2020-07-21,15:19:21,12323,12323,12323,2
2020-07-21,15:19:21,12323,12323,12323,2
2020-07-21,15:19:21,12323,12323,12323,4
2020-07-21,15:19:21,12323,12323,12323,2
2020-07-21,15:19:21,12323,12323,12323,2
2020-07-21,15:19:21,12323,12323,12323,6
2020-07-21,15:19:24,12322,12322,12322,2
2020-07-21,15:19:24,12322,12322,12322,2
2020-07-21,15:19:24,12322,12322,12322,6
2020-07-21,15:19:24,12322,12322,12322,2
2020-07-21,15:19:24,12322,12322,12322,2
2020-07-21,15:19:24,12322,12322,12322,2
2020-07-21,15:19:24,12322,12322,12322,2
2020-07-21,15:19:24,12322,12322,12322,2
2020-07-21,15:19:24,12322,12322,12322,2
2020-07-21,15:19:24,12322,12322,12322,2
2020-07-21,15:19:24,12322,12322,12322,2
2020-07-21,15:19:24,12322,12322,12322,2
2020-07-21,15:19:24,12322,12322,12322,2
2020-07-21,15:19:24,12322,12322,12322,2
2020-07-21,15:19:24,12322,12322,12322,6
2020-07-21,15:19:24,12322,12322,12322,4
2020-07-21,15:19:24,12322,12322,12322,2
2020-07-21,15:19:24,12322,12322,12322,2
2020-07-21,15:19:24,12322,12322,12322,2
2020-07-21,15:19:24,12321,12321,12321,4
2020-07-21,15:19:25,12321,12321,12321,2
2020-07-21,15:19:25,12321,12321,12321,2
2020-07-21,15:19:25,12322,12322,12322,2
2020-07-21,15:19:25,12321,12321,12321,2
2020-07-21,15:19:26,12321,12321,12321,2
2020-07-21,15:19:27,12321,12321,12321,2
2020-07-21,15:19:27,12321,12321,12321,2
2020-07-21,15:19:27,12321,12321,12321,2
2020-07-21,15:19:27,12321,12321,12321,2
2020-07-21,15:19:27,12321,12321,12321,8
2020-07-21,15:19:27,12321,12321,12321,2
2020-07-21,15:19:27,12321,12321,12321,2
2020-07-21,15:19:27,12321,12321,12321,2
2020-07-21,15:19:27,12321,12321,12321,2
2020-07-21,15:19:27,12321,12321,12321,2
2020-07-21,15:19:27,12321,12321,12321,2
2020-07-21,15:19:27,12321,12321,12321,2
2020-07-21,15:19:27,12321,12321,12321,2
2020-07-21,15:19:27,12321,12321,12321,2
2020-07-21,15:19:27,12321,12321,12321,2
2020-07-21,15:19:27,12320,12320,12320,2
2020-07-21,15:19:27,12320,12320,12320,2
2020-07-21,15:19:27,12320,12320,12320,2
2020-07-21,15:19:28,12321,12321,12321,4
2020-07-21,15:19:28,12321,12321,12321,2
2020-07-21,15:19:28,12320,12320,12320,2
2020-07-21,15:19:29,12320,12320,12320,2
2020-07-21,15:19:29,12320,12320,12320,2
2020-07-21,15:19:29,12320,12320,12320,2
2020-07-21,15:19:29,12320,12320,12320,2
2020-07-21,15:19:30,12320,12320,12320,2
2020-07-21,15:19:30,12320,12320,12320,2
2020-07-21,15:19:30,12320,12320,12320,4
2020-07-21,15:19:31,12320,12320,12320,2
2020-07-21,15:19:32,12320,12320,12320,2
2020-07-21,15:19:32,12320,12320,12320,4
2020-07-21,15:19:32,12320,12320,12320,8
2020-07-21,15:19:34,12320,12320,12320,2
2020-07-21,15:19:34,12320,12320,12320,2
2020-07-21,15:19:34,12319,12319,12319,2
2020-07-21,15:19:34,12319,12319,12319,2
2020-07-21,15:19:34,12319,12319,12319,4
2020-07-21,15:19:34,12319,12319,12319,2
2020-07-21,15:19:34,12319,12319,12319,2
2020-07-21,15:19:34,12319,12319,12319,2
2020-07-21,15:19:34,12319,12319,12319,2
2020-07-21,15:19:34,12319,12319,12319,2
2020-07-21,15:19:34,12319,12319,12319,4
2020-07-21,15:19:34,12319,12319,12319,2
2020-07-21,15:19:34,12319,12319,12319,8
2020-07-21,15:19:34,12319,12319,12319,2
2020-07-21,15:19:34,12318,12318,12318,2
2020-07-21,15:19:35,12319,12319,12319,12
2020-07-21,15:19:35,12319,12319,12319,18
2020-07-21,15:19:35,12320,12320,12320,2
2020-07-21,15:19:35,12319,12319,12319,2
2020-07-21,15:19:38,12318,12318,12318,2
2020-07-21,15:19:38,12318,12318,12318,2
2020-07-21,15:19:38,12318,12318,12318,4
2020-07-21,15:19:38,12318,12318,12318,10
2020-07-21,15:19:38,12318,12318,12318,2
2020-07-21,15:19:40,12319,12319,12319,14
2020-07-21,15:19:44,12320,12320,12320,2
2020-07-21,15:19:44,12320,12320,12320,24
2020-07-21,15:19:44,12320,12320,12320,2
2020-07-21,15:19:44,12320,12320,12320,4
2020-07-21,15:19:50,12321,12321,12321,4
2020-07-21,15:19:51,12322,12322,12322,2
2020-07-21,15:19:51,12321,12321,12321,2
2020-07-21,15:19:52,12321,12321,12321,4
2020-07-21,15:19:53,12321,12321,12321,2
2020-07-21,15:19:54,12322,12322,12322,2
2020-07-21,15:19:54,12321,12321,12321,2
2020-07-21,15:20:03,12322,12322,12322,2
2020-07-21,15:20:04,12322,12322,12322,4
2020-07-21,15:20:04,12322,12322,12322,2
2020-07-21,15:20:05,12322,12322,12322,2
2020-07-21,15:20:12,12322,12322,12322,4
2020-07-21,15:20:14,12322,12322,12322,2
2020-07-21,15:20:15,12322,12322,12322,6
2020-07-21,15:20:15,12322,12322,12322,4
2020-07-21,15:20:29,12323,12323,12323,2
2020-07-21,15:20:29,12323,12323,12323,10
2020-07-21,15:20:29,12323,12323,12323,2
2020-07-21,15:20:29,12323,12323,12323,2
2020-07-21,15:20:29,12323,12323,12323,4
2020-07-21,15:20:33,12323,12323,12323,6
2020-07-21,15:20:36,12324,12324,12324,2
2020-07-21,15:20:39,12324,12324,12324,8
2020-07-21,15:20:42,12324,12324,12324,4
2020-07-21,15:20:42,12325,12325,12325,2
2020-07-21,15:20:44,12325,12325,12325,2
2020-07-21,15:20:47,12326,12326,12326,4
2020-07-21,15:20:47,12326,12326,12326,2
2020-07-21,15:20:47,12326,12326,12326,4
2020-07-21,15:20:47,12326,12326,12326,6
2020-07-21,15:20:47,12326,12326,12326,2
2020-07-21,15:20:49,12326,12326,12326,2
2020-07-21,15:20:53,12326,12326,12326,2
2020-07-21,15:20:57,12325,12325,12325,2
2020-07-21,15:21:00,12325,12325,12325,2
2020-07-21,15:21:01,12324,12324,12324,2
2020-07-21,15:21:02,12325,12325,12325,4
2020-07-21,15:21:06,12324,12324,12324,2
2020-07-21,15:21:06,12324,12324,12324,4
2020-07-21,15:21:06,12324,12324,12324,2
2020-07-21,15:21:06,12324,12324,12324,2
2020-07-21,15:21:06,12324,12324,12324,2
2020-07-21,15:21:06,12324,12324,12324,20
2020-07-21,15:21:06,12324,12324,12324,2
2020-07-21,15:21:07,12324,12324,12324,8
2020-07-21,15:21:07,12324,12324,12324,2
2020-07-21,15:21:07,12324,12324,12324,4
2020-07-21,15:21:08,12324,12324,12324,8
2020-07-21,15:21:08,12324,12324,12324,2
2020-07-21,15:21:08,12324,12324,12324,2
2020-07-21,15:21:08,12324,12324,12324,4
2020-07-21,15:21:08,12324,12324,12324,2
2020-07-21,15:21:08,12324,12324,12324,2
2020-07-21,15:21:08,12325,12325,12325,6
2020-07-21,15:21:12,12323,12323,12323,2
2020-07-21,15:21:14,12323,12323,12323,2
2020-07-21,15:21:14,12324,12324,12324,2
2020-07-21,15:21:24,12324,12324,12324,2
2020-07-21,15:21:25,12324,12324,12324,4
2020-07-21,15:21:26,12324,12324,12324,2
2020-07-21,15:21:27,12323,12323,12323,2
2020-07-21,15:21:29,12324,12324,12324,2
2020-07-21,15:21:33,12324,12324,12324,2
2020-07-21,15:21:33,12323,12323,12323,2
2020-07-21,15:21:33,12323,12323,12323,2
2020-07-21,15:21:36,12322,12322,12322,2
2020-07-21,15:21:37,12324,12324,12324,2
2020-07-21,15:21:43,12323,12323,12323,4
2020-07-21,15:21:45,12323,12323,12323,2
2020-07-21,15:21:46,12324,12324,12324,2
2020-07-21,15:21:58,12324,12324,12324,2
2020-07-21,15:21:59,12323,12323,12323,2
2020-07-21,15:22:00,12324,12324,12324,2
2020-07-21,15:22:02,12322,12322,12322,4
2020-07-21,15:22:02,12322,12322,12322,2
2020-07-21,15:22:02,12322,12322,12322,2
2020-07-21,15:22:02,12322,12322,12322,4
2020-07-21,15:22:02,12322,12322,12322,4
2020-07-21,15:22:02,12322,12322,12322,2
2020-07-21,15:22:03,12321,12321,12321,2
2020-07-21,15:22:03,12322,12322,12322,2
2020-07-21,15:22:05,12321,12321,12321,2
2020-07-21,15:22:11,12323,12323,12323,2
2020-07-21,15:22:12,12322,12322,12322,2
2020-07-21,15:22:12,12322,12322,12322,2
2020-07-21,15:22:14,12322,12322,12322,2
2020-07-21,15:22:14,12322,12322,12322,2
2020-07-21,15:22:19,12322,12322,12322,2
2020-07-21,15:22:20,12323,12323,12323,4
2020-07-21,15:22:22,12323,12323,12323,4
2020-07-21,15:22:25,12324,12324,12324,2
2020-07-21,15:22:30,12324,12324,12324,2
2020-07-21,15:22:34,12324,12324,12324,4
2020-07-21,15:22:34,12324,12324,12324,2
2020-07-21,15:22:37,12324,12324,12324,2
2020-07-21,15:22:39,12324,12324,12324,2
2020-07-21,15:22:52,12324,12324,12324,2
2020-07-21,15:22:53,12323,12323,12323,6
2020-07-21,15:22:53,12323,12323,12323,4
2020-07-21,15:22:53,12323,12323,12323,2
2020-07-21,15:22:55,12323,12323,12323,4
2020-07-21,15:23:00,12323,12323,12323,2
2020-07-21,15:23:00,12323,12323,12323,2
2020-07-21,15:23:00,12323,12323,12323,2
2020-07-21,15:23:00,12324,12324,12324,4
2020-07-21,15:23:05,12323,12323,12323,2
2020-07-21,15:23:08,12322,12322,12322,2
2020-07-21,15:23:11,12322,12322,12322,2
2020-07-21,15:23:12,12321,12321,12321,4
2020-07-21,15:23:20,12322,12322,12322,2
2020-07-21,15:23:24,12322,12322,12322,2
2020-07-21,15:23:27,12321,12321,12321,2
2020-07-21,15:23:29,12322,12322,12322,4
2020-07-21,15:23:30,12322,12322,12322,2
2020-07-21,15:23:32,12321,12321,12321,2
2020-07-21,15:23:32,12322,12322,12322,2
2020-07-21,15:23:34,12322,12322,12322,2
2020-07-21,15:23:35,12322,12322,12322,2
2020-07-21,15:23:38,12322,12322,12322,2
2020-07-21,15:23:40,12322,12322,12322,2
2020-07-21,15:23:51,12322,12322,12322,2
2020-07-21,15:23:59,12323,12323,12323,10
2020-07-21,15:23:59,12323,12323,12323,2
2020-07-21,15:23:59,12323,12323,12323,2
2020-07-21,15:24:07,12322,12322,12322,2
2020-07-21,15:24:17,12324,12324,12324,4
2020-07-21,15:24:23,12324,12324,12324,2
2020-07-21,15:24:24,12324,12324,12324,2
2020-07-21,15:24:24,12323,12323,12323,2
2020-07-21,15:24:26,12324,12324,12324,2
2020-07-21,15:24:27,12323,12323,12323,2
2020-07-21,15:24:27,12323,12323,12323,2
2020-07-21,15:24:36,12324,12324,12324,8
2020-07-21,15:24:40,12323,12323,12323,2
2020-07-21,15:24:40,12324,12324,12324,2
2020-07-21,15:24:41,12324,12324,12324,2
2020-07-21,15:24:50,12323,12323,12323,2
2020-07-21,15:25:09,12323,12323,12323,4
2020-07-21,15:25:09,12323,12323,12323,2
2020-07-21,15:25:10,12323,12323,12323,2
2020-07-21,15:25:13,12324,12324,12324,2
2020-07-21,15:25:13,12324,12324,12324,2
2020-07-21,15:25:19,12324,12324,12324,2
2020-07-21,15:25:23,12324,12324,12324,2
2020-07-21,15:25:24,12324,12324,12324,2
2020-07-21,15:25:24,12324,12324,12324,2
2020-07-21,15:25:25,12324,12324,12324,2
2020-07-21,15:25:26,12324,12324,12324,2
2020-07-21,15:25:34,12324,12324,12324,2
2020-07-21,15:25:40,12324,12324,12324,2
2020-07-21,15:25:44,12325,12325,12325,2
2020-07-21,15:25:46,12324,12324,12324,8
2020-07-21,15:25:53,12324,12324,12324,2
2020-07-21,15:25:56,12324,12324,12324,2
2020-07-21,15:25:58,12323,12323,12323,2
2020-07-21,15:25:59,12324,12324,12324,2
2020-07-21,15:26:01,12324,12324,12324,2
2020-07-21,15:26:04,12325,12325,12325,4
2020-07-21,15:26:05,12324,12324,12324,2
2020-07-21,15:26:05,12324,12324,12324,2
2020-07-21,15:26:18,12323,12323,12323,2
2020-07-21,15:26:28,12323,12323,12323,2
2020-07-21,15:26:28,12324,12324,12324,2
2020-07-21,15:26:33,12323,12323,12323,2
2020-07-21,15:26:38,12322,12322,12322,2
2020-07-21,15:26:38,12322,12322,12322,2
2020-07-21,15:26:38,12322,12322,12322,2
2020-07-21,15:26:38,12322,12322,12322,2
2020-07-21,15:26:38,12322,12322,12322,2
2020-07-21,15:26:38,12322,12322,12322,10
2020-07-21,15:26:38,12322,12322,12322,2
2020-07-21,15:26:38,12322,12322,12322,2
2020-07-21,15:26:40,12322,12322,12322,2
2020-07-21,15:26:43,12322,12322,12322,2
2020-07-21,15:26:43,12322,12322,12322,2
2020-07-21,15:26:46,12322,12322,12322,2
2020-07-21,15:26:46,12322,12322,12322,2
2020-07-21,15:26:47,12323,12323,12323,2
2020-07-21,15:26:50,12322,12322,12322,2
2020-07-21,15:26:50,12322,12322,12322,2
2020-07-21,15:27:02,12321,12321,12321,4
2020-07-21,15:27:02,12321,12321,12321,2
2020-07-21,15:27:02,12321,12321,12321,2
2020-07-21,15:27:09,12321,12321,12321,2
2020-07-21,15:27:11,12321,12321,12321,2
2020-07-21,15:27:11,12322,12322,12322,2
2020-07-21,15:27:11,12321,12321,12321,2
2020-07-21,15:27:12,12322,12322,12322,2
2020-07-21,15:27:16,12322,12322,12322,2
2020-07-21,15:27:17,12322,12322,12322,6
2020-07-21,15:27:17,12322,12322,12322,6
2020-07-21,15:27:19,12322,12322,12322,2
2020-07-21,15:27:23,12323,12323,12323,2
2020-07-21,15:27:33,12322,12322,12322,2
2020-07-21,15:27:33,12322,12322,12322,2
2020-07-21,15:27:33,12322,12322,12322,2
2020-07-21,15:28:02,12321,12321,12321,2
2020-07-21,15:28:08,12321,12321,12321,2
2020-07-21,15:28:13,12321,12321,12321,2
2020-07-21,15:28:13,12321,12321,12321,2
2020-07-21,15:28:13,12321,12321,12321,4
2020-07-21,15:28:13,12321,12321,12321,2
2020-07-21,15:28:13,12321,12321,12321,2
2020-07-21,15:28:13,12321,12321,12321,2
2020-07-21,15:28:13,12321,12321,12321,2
2020-07-21,15:28:13,12321,12321,12321,2
2020-07-21,15:28:13,12321,12321,12321,2
2020-07-21,15:28:13,12321,12321,12321,2
2020-07-21,15:28:13,12321,12321,12321,4
2020-07-21,15:28:13,12321,12321,12321,2
2020-07-21,15:28:13,12321,12321,12321,2
2020-07-21,15:28:13,12321,12321,12321,2
2020-07-21,15:28:13,12321,12321,12321,2
2020-07-21,15:28:13,12321,12321,12321,2
2020-07-21,15:28:13,12321,12321,12321,2
2020-07-21,15:28:13,12321,12321,12321,6
2020-07-21,15:28:13,12321,12321,12321,6
2020-07-21,15:28:13,12320,12320,12320,2
2020-07-21,15:28:16,12320,12320,12320,2
2020-07-21,15:28:21,12320,12320,12320,2
2020-07-21,15:28:22,12320,12320,12320,2
2020-07-21,15:28:25,12320,12320,12320,2
2020-07-21,15:28:26,12321,12321,12321,14
2020-07-21,15:28:26,12321,12321,12321,2
2020-07-21,15:28:26,12321,12321,12321,2
2020-07-21,15:28:34,12322,12322,12322,2
2020-07-21,15:28:34,12321,12321,12321,2
2020-07-21,15:28:44,12322,12322,12322,8
2020-07-21,15:28:46,12321,12321,12321,2
2020-07-21,15:28:51,12323,12323,12323,2
2020-07-21,15:28:57,12323,12323,12323,12
2020-07-21,15:28:57,12323,12323,12323,4
2020-07-21,15:28:58,12322,12322,12322,2
2020-07-21,15:28:58,12322,12322,12322,4
2020-07-21,15:28:58,12322,12322,12322,2
2020-07-21,15:29:03,12323,12323,12323,2
2020-07-21,15:29:05,12324,12324,12324,2
2020-07-21,15:29:05,12324,12324,12324,8
2020-07-21,15:29:05,12324,12324,12324,2
2020-07-21,15:29:09,12325,12325,12325,2
2020-07-21,15:29:12,12324,12324,12324,2
2020-07-21,15:29:12,12324,12324,12324,2
2020-07-21,15:29:13,12324,12324,12324,20
2020-07-21,15:29:24,12323,12323,12323,2
2020-07-21,15:29:25,12324,12324,12324,2
2020-07-21,15:29:30,12323,12323,12323,2
2020-07-21,15:29:36,12324,12324,12324,2
2020-07-21,15:29:36,12324,12324,12324,2
2020-07-21,15:29:36,12324,12324,12324,8
2020-07-21,15:29:38,12324,12324,12324,2
2020-07-21,15:29:42,12324,12324,12324,2
2020-07-21,15:29:42,12324,12324,12324,2
2020-07-21,15:29:42,12323,12323,12323,2
2020-07-21,15:29:42,12323,12323,12323,2
2020-07-21,15:29:42,12323,12323,12323,8
2020-07-21,15:29:45,12324,12324,12324,2
2020-07-21,15:29:46,12324,12324,12324,4
2020-07-21,15:29:58,12324,12324,12324,2
2020-07-21,15:29:58,12324,12324,12324,4
2020-07-21,15:29:58,12324,12324,12324,4
2020-07-21,15:29:58,12324,12324,12324,2
2020-07-21,15:29:58,12324,12324,12324,2
2020-07-21,15:29:59,12324,12324,12324,2
2020-07-21,15:29:59,12324,12324,12324,4
2020-07-21,15:30:01,12325,12325,12325,2
2020-07-21,15:30:01,12324,12324,12324,2
2020-07-21,15:30:01,12324,12324,12324,2
2020-07-21,15:30:01,12325,12325,12325,2
2020-07-21,15:30:01,12325,12325,12325,2
2020-07-21,15:30:01,12325,12325,12325,2
2020-07-21,15:30:01,12325,12325,12325,2
2020-07-21,15:30:01,12325,12325,12325,8
2020-07-21,15:30:01,12325,12325,12325,8
2020-07-21,15:30:01,12325,12325,12325,10
2020-07-21,15:30:01,12326,12326,12326,6
2020-07-21,15:30:01,12326,12326,12326,6
2020-07-21,15:30:01,12326,12326,12326,4
2020-07-21,15:30:01,12326,12326,12326,4
2020-07-21,15:30:01,12326,12326,12326,2
2020-07-21,15:30:01,12326,12326,12326,2
2020-07-21,15:30:02,12325,12325,12325,2
2020-07-21,15:30:02,12326,12326,12326,2
2020-07-21,15:30:02,12326,12326,12326,4
2020-07-21,15:30:02,12326,12326,12326,18
2020-07-21,15:30:04,12326,12326,12326,2
2020-07-21,15:30:04,12327,12327,12327,2
2020-07-21,15:30:05,12327,12327,12327,2
2020-07-21,15:30:06,12327,12327,12327,4
2020-07-21,15:30:08,12327,12327,12327,4
2020-07-21,15:30:11,12327,12327,12327,2
2020-07-21,15:30:11,12328,12328,12328,6
2020-07-21,15:30:11,12328,12328,12328,4
2020-07-21,15:30:11,12327,12327,12327,2
2020-07-21,15:30:11,12329,12329,12329,4
2020-07-21,15:30:11,12329,12329,12329,2
2020-07-21,15:30:11,12329,12329,12329,2
2020-07-21,15:30:11,12328,12328,12328,2
2020-07-21,15:30:14,12328,12328,12328,2
2020-07-21,15:30:15,12329,12329,12329,2
2020-07-21,15:30:15,12329,12329,12329,6
2020-07-21,15:30:15,12329,12329,12329,4
2020-07-21,15:30:15,12329,12329,12329,2
2020-07-21,15:30:15,12329,12329,12329,14
2020-07-21,15:30:15,12329,12329,12329,4
2020-07-21,15:30:17,12328,12328,12328,2
2020-07-21,15:30:17,12329,12329,12329,4
2020-07-21,15:30:17,12330,12330,12330,4
2020-07-21,15:30:17,12329,12329,12329,2
2020-07-21,15:30:18,12329,12329,12329,2
2020-07-21,15:30:19,12329,12329,12329,2
2020-07-21,15:30:19,12330,12330,12330,2
2020-07-21,15:30:21,12329,12329,12329,2
2020-07-21,15:30:21,12329,12329,12329,2
2020-07-21,15:30:21,12330,12330,12330,10
2020-07-21,15:30:22,12329,12329,12329,2
2020-07-21,15:30:22,12330,12330,12330,2
2020-07-21,15:30:22,12330,12330,12330,4
2020-07-21,15:30:22,12330,12330,12330,8
2020-07-21,15:30:22,12330,12330,12330,8
2020-07-21,15:30:22,12330,12330,12330,2
2020-07-21,15:30:22,12330,12330,12330,2
2020-07-21,15:30:22,12330,12330,12330,2
2020-07-21,15:30:22,12330,12330,12330,14
2020-07-21,15:30:23,12331,12331,12331,2
2020-07-21,15:30:23,12329,12329,12329,2
2020-07-21,15:30:26,12331,12331,12331,2
2020-07-21,15:30:27,12330,12330,12330,2
2020-07-21,15:30:27,12329,12329,12329,2
2020-07-21,15:30:27,12329,12329,12329,2
2020-07-21,15:30:27,12329,12329,12329,4
2020-07-21,15:30:27,12329,12329,12329,6
2020-07-21,15:30:27,12329,12329,12329,2
2020-07-21,15:30:28,12328,12328,12328,2
2020-07-21,15:30:28,12328,12328,12328,2
2020-07-21,15:30:30,12327,12327,12327,2
2020-07-21,15:30:30,12327,12327,12327,2
2020-07-21,15:30:30,12327,12327,12327,2
2020-07-21,15:30:30,12326,12326,12326,2
2020-07-21,15:30:30,12326,12326,12326,2
2020-07-21,15:30:32,12327,12327,12327,4
2020-07-21,15:30:36,12327,12327,12327,8
2020-07-21,15:30:42,12327,12327,12327,2
2020-07-21,15:30:42,12326,12326,12326,4
2020-07-21,15:30:52,12326,12326,12326,2
2020-07-21,15:30:52,12326,12326,12326,2
2020-07-21,15:30:52,12326,12326,12326,2
2020-07-21,15:30:52,12326,12326,12326,4
2020-07-21,15:30:52,12326,12326,12326,2
2020-07-21,15:30:52,12326,12326,12326,2
2020-07-21,15:30:52,12326,12326,12326,4
2020-07-21,15:30:52,12326,12326,12326,2
2020-07-21,15:30:52,12326,12326,12326,2
2020-07-21,15:30:52,12326,12326,12326,2
2020-07-21,15:30:56,12326,12326,12326,2
2020-07-21,15:30:56,12326,12326,12326,2
2020-07-21,15:30:56,12326,12326,12326,2
2020-07-21,15:30:57,12325,12325,12325,2
2020-07-21,15:31:02,12325,12325,12325,2
2020-07-21,15:31:02,12325,12325,12325,2
2020-07-21,15:31:02,12325,12325,12325,2
2020-07-21,15:31:02,12325,12325,12325,2
2020-07-21,15:31:06,12325,12325,12325,2
2020-07-21,15:31:08,12324,12324,12324,2
2020-07-21,15:31:12,12324,12324,12324,2
2020-07-21,15:31:12,12324,12324,12324,2
2020-07-21,15:31:14,12324,12324,12324,2
2020-07-21,15:31:21,12325,12325,12325,2
2020-07-21,15:31:22,12325,12325,12325,4
2020-07-21,15:31:33,12324,12324,12324,4
2020-07-21,15:31:38,12324,12324,12324,2
2020-07-21,15:31:40,12324,12324,12324,2
2020-07-21,15:31:43,12324,12324,12324,2
2020-07-21,15:31:43,12324,12324,12324,2
2020-07-21,15:31:46,12324,12324,12324,2
2020-07-21,15:31:51,12324,12324,12324,2
2020-07-21,15:31:56,12324,12324,12324,2
2020-07-21,15:31:56,12325,12325,12325,6
2020-07-21,15:32:00,12325,12325,12325,2
2020-07-21,15:32:07,12325,12325,12325,2
2020-07-21,15:32:08,12325,12325,12325,2
2020-07-21,15:32:14,12324,12324,12324,2
2020-07-21,15:32:15,12324,12324,12324,2
2020-07-21,15:32:15,12324,12324,12324,2
2020-07-21,15:32:16,12324,12324,12324,2
2020-07-21,15:32:16,12324,12324,12324,2
2020-07-21,15:32:20,12324,12324,12324,2
2020-07-21,15:32:29,12325,12325,12325,6
2020-07-21,15:32:44,12324,12324,12324,2
2020-07-21,15:32:54,12324,12324,12324,2
2020-07-21,15:32:58,12325,12325,12325,4
2020-07-21,15:32:58,12325,12325,12325,4
2020-07-21,15:32:58,12325,12325,12325,4
2020-07-21,15:32:58,12325,12325,12325,2
2020-07-21,15:32:59,12325,12325,12325,2
2020-07-21,15:33:01,12325,12325,12325,2
2020-07-21,15:33:04,12326,12326,12326,2
2020-07-21,15:33:12,12326,12326,12326,2
2020-07-21,15:33:18,12326,12326,12326,2
2020-07-21,15:33:25,12326,12326,12326,2
2020-07-21,15:33:34,12325,12325,12325,2
2020-07-21,15:33:44,12325,12325,12325,6
2020-07-21,15:33:44,12325,12325,12325,2
2020-07-21,15:33:44,12325,12325,12325,2
2020-07-21,15:33:44,12325,12325,12325,2
2020-07-21,15:34:06,12324,12324,12324,2
2020-07-21,15:34:06,12324,12324,12324,2
2020-07-21,15:34:06,12324,12324,12324,2
2020-07-21,15:34:06,12324,12324,12324,2
2020-07-21,15:34:06,12324,12324,12324,2
2020-07-21,15:34:07,12325,12325,12325,4
2020-07-21,15:34:07,12325,12325,12325,2
2020-07-21,15:34:07,12325,12325,12325,2
2020-07-21,15:34:07,12325,12325,12325,2
2020-07-21,15:34:19,12325,12325,12325,4
2020-07-21,15:34:19,12325,12325,12325,2
2020-07-21,15:34:23,12325,12325,12325,2
2020-07-21,15:34:23,12325,12325,12325,2
2020-07-21,15:34:35,12325,12325,12325,2
2020-07-21,15:34:35,12326,12326,12326,2
2020-07-21,15:34:38,12325,12325,12325,2
2020-07-21,15:34:43,12326,12326,12326,4
2020-07-21,15:34:43,12326,12326,12326,2
2020-07-21,15:34:43,12326,12326,12326,14
2020-07-21,15:34:56,12327,12327,12327,4
2020-07-21,15:35:07,12327,12327,12327,2
2020-07-21,15:35:08,12327,12327,12327,2
2020-07-21,15:35:08,12328,12328,12328,2
2020-07-21,15:35:09,12328,12328,12328,4
2020-07-21,15:35:10,12327,12327,12327,2
2020-07-21,15:35:14,12328,12328,12328,16
2020-07-21,15:35:14,12329,12329,12329,6
2020-07-21,15:35:20,12329,12329,12329,2
2020-07-21,15:35:21,12329,12329,12329,2
2020-07-21,15:35:21,12329,12329,12329,2
2020-07-21,15:35:23,12329,12329,12329,2
2020-07-21,15:35:23,12329,12329,12329,2
2020-07-21,15:35:29,12328,12328,12328,2
2020-07-21,15:35:29,12328,12328,12328,2
2020-07-21,15:35:29,12328,12328,12328,2
2020-07-21,15:35:32,12328,12328,12328,2
2020-07-21,15:35:36,12328,12328,12328,2
2020-07-21,15:35:39,12327,12327,12327,2
2020-07-21,15:35:39,12327,12327,12327,2
2020-07-21,15:35:39,12327,12327,12327,4
2020-07-21,15:35:39,12327,12327,12327,2
2020-07-21,15:35:40,12326,12326,12326,2
2020-07-21,15:35:46,12326,12326,12326,2
2020-07-21,15:35:47,12326,12326,12326,2
2020-07-21,15:35:47,12326,12326,12326,2
2020-07-21,15:35:58,12327,12327,12327,4
2020-07-21,15:36:07,12327,12327,12327,2
2020-07-21,15:36:07,12328,12328,12328,2
2020-07-21,15:36:07,12328,12328,12328,2
2020-07-21,15:36:07,12328,12328,12328,2
2020-07-21,15:36:07,12328,12328,12328,2
2020-07-21,15:36:07,12328,12328,12328,2
2020-07-21,15:36:07,12328,12328,12328,2
2020-07-21,15:36:07,12329,12329,12329,6
2020-07-21,15:36:07,12329,12329,12329,2
2020-07-21,15:36:07,12329,12329,12329,6
2020-07-21,15:36:07,12329,12329,12329,4
2020-07-21,15:36:07,12330,12330,12330,2
2020-07-21,15:36:07,12330,12330,12330,2
2020-07-21,15:36:11,12329,12329,12329,2
2020-07-21,15:36:13,12329,12329,12329,2
2020-07-21,15:36:16,12329,12329,12329,2
2020-07-21,15:36:18,12329,12329,12329,2
2020-07-21,15:36:27,12327,12327,12327,4
2020-07-21,15:36:29,12327,12327,12327,4
2020-07-21,15:36:31,12327,12327,12327,2
2020-07-21,15:36:35,12327,12327,12327,2
2020-07-21,15:36:53,12327,12327,12327,2
2020-07-21,15:36:53,12328,12328,12328,4
2020-07-21,15:36:55,12327,12327,12327,2
2020-07-21,15:36:58,12327,12327,12327,2
2020-07-21,15:37:04,12327,12327,12327,2
2020-07-21,15:37:04,12327,12327,12327,2
2020-07-21,15:37:08,12327,12327,12327,6
2020-07-21,15:37:08,12328,12328,12328,2
2020-07-21,15:37:12,12328,12328,12328,6
2020-07-21,15:37:16,12328,12328,12328,2
2020-07-21,15:37:16,12328,12328,12328,4
2020-07-21,15:37:16,12327,12327,12327,2
2020-07-21,15:37:18,12329,12329,12329,16
2020-07-21,15:37:18,12330,12330,12330,2
2020-07-21,15:37:19,12330,12330,12330,2
2020-07-21,15:37:19,12330,12330,12330,6
2020-07-21,15:37:19,12330,12330,12330,14
2020-07-21,15:37:19,12330,12330,12330,20
2020-07-21,15:37:19,12330,12330,12330,8
2020-07-21,15:37:19,12331,12331,12331,2
2020-07-21,15:37:19,12331,12331,12331,2
2020-07-21,15:37:20,12331,12331,12331,2
2020-07-21,15:37:20,12331,12331,12331,2
2020-07-21,15:37:27,12330,12330,12330,2
2020-07-21,15:37:28,12330,12330,12330,2
2020-07-21,15:37:33,12330,12330,12330,2
2020-07-21,15:37:43,12329,12329,12329,2
2020-07-21,15:37:44,12330,12330,12330,2
2020-07-21,15:37:48,12330,12330,12330,4
2020-07-21,15:37:48,12330,12330,12330,2
2020-07-21,15:37:50,12330,12330,12330,2
2020-07-21,15:37:52,12331,12331,12331,2
2020-07-21,15:37:54,12330,12330,12330,2
2020-07-21,15:37:57,12330,12330,12330,2
2020-07-21,15:37:57,12330,12330,12330,2
2020-07-21,15:37:58,12331,12331,12331,2
2020-07-21,15:38:00,12330,12330,12330,4
2020-07-21,15:38:00,12330,12330,12330,2
2020-07-21,15:38:03,12330,12330,12330,2
2020-07-21,15:38:03,12329,12329,12329,4
2020-07-21,15:38:04,12329,12329,12329,2
2020-07-21,15:38:04,12328,12328,12328,4
2020-07-21,15:38:08,12328,12328,12328,2
2020-07-21,15:38:15,12329,12329,12329,4
2020-07-21,15:38:27,12329,12329,12329,2
2020-07-21,15:38:30,12329,12329,12329,2
2020-07-21,15:38:30,12329,12329,12329,2
2020-07-21,15:38:30,12329,12329,12329,2
2020-07-21,15:38:34,12330,12330,12330,2
2020-07-21,15:38:42,12330,12330,12330,30
2020-07-21,15:38:45,12329,12329,12329,2
2020-07-21,15:38:50,12329,12329,12329,2
2020-07-21,15:38:50,12330,12330,12330,8
2020-07-21,15:38:50,12330,12330,12330,4
2020-07-21,15:38:51,12330,12330,12330,2
2020-07-21,15:38:51,12330,12330,12330,2
2020-07-21,15:39:00,12330,12330,12330,2
2020-07-21,15:39:00,12330,12330,12330,2
2020-07-21,15:39:03,12330,12330,12330,2
2020-07-21,15:39:10,12330,12330,12330,6
2020-07-21,15:39:10,12330,12330,12330,2
2020-07-21,15:39:11,12329,12329,12329,2
2020-07-21,15:39:15,12329,12329,12329,2
2020-07-21,15:39:15,12330,12330,12330,2
2020-07-21,15:39:15,12330,12330,12330,4
2020-07-21,15:39:15,12330,12330,12330,4
2020-07-21,15:39:16,12329,12329,12329,2
2020-07-21,15:39:19,12329,12329,12329,2
2020-07-21,15:39:20,12329,12329,12329,2
2020-07-21,15:39:23,12328,12328,12328,2
2020-07-21,15:39:23,12328,12328,12328,4
2020-07-21,15:39:23,12328,12328,12328,2
2020-07-21,15:39:23,12328,12328,12328,2
2020-07-21,15:39:23,12328,12328,12328,2
2020-07-21,15:39:23,12328,12328,12328,2
2020-07-21,15:39:23,12328,12328,12328,2
2020-07-21,15:39:23,12328,12328,12328,4
2020-07-21,15:39:25,12327,12327,12327,2
2020-07-21,15:39:25,12327,12327,12327,2
2020-07-21,15:39:25,12327,12327,12327,20
2020-07-21,15:39:25,12327,12327,12327,2
2020-07-21,15:39:25,12327,12327,12327,2
2020-07-21,15:39:25,12327,12327,12327,2
2020-07-21,15:39:25,12327,12327,12327,2
