2022-04-07 15:00:00.070,17186,17187,17187,156,156
2022-04-07 15:00:00.073,17187,17188,17187,16,-16
2022-04-07 15:00:00.073,17187,17188,17186,1,-1
2022-04-07 15:00:00.074,17187,17188,17188,1,1
2022-04-07 15:00:00.074,17187,17188,17188,1,1
2022-04-07 15:00:00.078,17187,17188,17186,1,-1
2022-04-07 15:00:00.090,17186,17188,17186,1,-1
2022-04-07 15:00:00.094,17186,17188,17186,1,-1
2022-04-07 15:00:00.154,17185,17187,17187,1,1
2022-04-07 15:00:00.205,17185,17187,17188,1,1
2022-04-07 15:00:00.217,17185,17187,17187,1,1
2022-04-07 15:00:00.219,17185,17187,17188,1,1
2022-04-07 15:00:00.223,17185,17187,17188,1,1
2022-04-07 15:00:00.226,17185,17187,17188,2,2
2022-04-07 15:00:00.243,17185,17187,17188,1,1
2022-04-07 15:00:00.264,17187,17188,17188,2,2
2022-04-07 15:00:00.272,17187,17188,17188,1,1
2022-04-07 15:00:00.312,17187,17188,17188,2,2
2022-04-07 15:00:00.342,17187,17188,17188,2,2
2022-04-07 15:00:00.345,17187,17188,17188,1,1
2022-04-07 15:00:00.360,17187,17188,17187,1,-1
2022-04-07 15:00:00.403,17187,17188,17187,3,-3
2022-04-07 15:00:00.406,17187,17188,17187,2,-2
2022-04-07 15:00:00.406,17187,17188,17188,1,1
2022-04-07 15:00:00.485,17187,17188,17186,1,-1
2022-04-07 15:00:00.490,17187,17188,17188,3,3
2022-04-07 15:00:00.490,17187,17188,17189,1,1
2022-04-07 15:00:00.499,17187,17189,17189,2,2
2022-04-07 15:00:00.500,17187,17189,17189,2,2
2022-04-07 15:00:00.507,17187,17189,17187,1,-1
2022-04-07 15:00:00.512,17187,17189,17186,2,-2
2022-04-07 15:00:00.512,17187,17189,17185,2,-2
2022-04-07 15:00:00.533,17187,17189,17186,2,-2
2022-04-07 15:00:00.542,17187,17189,17187,1,-1
2022-04-07 15:00:00.561,17187,17189,17185,1,-1
2022-04-07 15:00:00.567,17187,17189,17185,1,-1
2022-04-07 15:00:00.568,17187,17189,17185,1,-1
2022-04-07 15:00:00.590,17187,17189,17184,4,-4
2022-04-07 15:00:00.590,17187,17189,17183,1,-1
2022-04-07 15:00:00.599,17187,17189,17183,1,-1
2022-04-07 15:00:00.633,17183,17186,17183,1,-1
2022-04-07 15:00:00.675,17183,17186,17186,1,1
2022-04-07 15:00:00.680,17183,17186,17186,1,1
2022-04-07 15:00:00.752,17183,17186,17186,1,1
2022-04-07 15:00:00.772,17183,17186,17186,3,3
2022-04-07 15:00:00.772,17183,17186,17187,3,3
2022-04-07 15:00:00.773,17183,17186,17187,1,1
2022-04-07 15:00:00.774,17183,17186,17188,1,1
2022-04-07 15:00:00.801,17183,17186,17185,1,1
2022-04-07 15:00:00.801,17183,17186,17184,1,-1
2022-04-07 15:00:00.808,17183,17186,17187,1,1
2022-04-07 15:00:00.845,17183,17186,17185,3,3
2022-04-07 15:00:00.848,17183,17186,17187,2,2
2022-04-07 15:00:00.851,17183,17186,17187,1,1
2022-04-07 15:00:00.967,17185,17188,17186,1,-1
2022-04-07 15:00:00.968,17185,17188,17187,1,1
2022-04-07 15:00:01.032,17185,17188,17187,1,1
2022-04-07 15:00:01.032,17185,17188,17188,1,1
2022-04-07 15:00:01.032,17185,17188,17188,2,2
2022-04-07 15:00:01.032,17185,17188,17189,2,2
2022-04-07 15:00:01.067,17185,17188,17186,1,-1
2022-04-07 15:00:01.104,17185,17188,17186,2,-2
2022-04-07 15:00:01.155,17185,17188,17186,2,-2
2022-04-07 15:00:01.159,17185,17188,17186,1,-1
2022-04-07 15:00:01.214,17185,17188,17187,1,1
2022-04-07 15:00:01.247,17185,17188,17188,1,1
2022-04-07 15:00:01.319,17185,17188,17188,2,2
2022-04-07 15:00:01.456,17186,17187,17187,1,1
2022-04-07 15:00:01.515,17185,17187,17185,1,-1
2022-04-07 15:00:01.778,17185,17187,17187,1,1
2022-04-07 15:00:01.844,17185,17187,17187,2,2
2022-04-07 15:00:01.960,17186,17188,17187,1,1
2022-04-07 15:00:01.961,17186,17188,17188,4,4
2022-04-07 15:00:02.022,17186,17189,17186,4,-4
2022-04-07 15:00:02.022,17186,17189,17185,6,-6
2022-04-07 15:00:02.225,17185,17188,17186,1,-1
2022-04-07 15:00:02.225,17185,17188,17185,1,-1
2022-04-07 15:00:02.264,17185,17187,17185,1,-1
2022-04-07 15:00:02.325,17185,17187,17185,2,-2
2022-04-07 15:00:02.393,17184,17185,17185,2,2
2022-04-07 15:00:02.447,17184,17185,17185,6,6
2022-04-07 15:00:02.587,17184,17187,17186,1,1
2022-04-07 15:00:02.590,17184,17187,17187,1,1
2022-04-07 15:00:02.737,17184,17187,17184,2,-2
2022-04-07 15:00:02.758,17184,17185,17185,1,1
2022-04-07 15:00:02.768,17184,17185,17184,2,-2
2022-04-07 15:00:03.123,17184,17186,17184,2,-2
2022-04-07 15:00:03.278,17183,17185,17183,1,-1
2022-04-07 15:00:03.287,17183,17185,17183,1,-1
2022-04-07 15:00:03.583,17183,17185,17185,4,4
2022-04-07 15:00:03.801,17183,17185,17184,1,1
2022-04-07 15:00:03.964,17183,17185,17185,2,2
2022-04-07 15:00:04.381,17183,17184,17184,1,1
2022-04-07 15:00:04.381,17183,17184,17185,1,1
2022-04-07 15:00:04.659,17183,17185,17185,1,1
2022-04-07 15:00:04.689,17183,17185,17183,2,-2
2022-04-07 15:00:04.800,17183,17184,17184,1,1
2022-04-07 15:00:04.957,17183,17184,17184,1,1
2022-04-07 15:00:05.060,17183,17185,17183,1,-1
2022-04-07 15:00:05.074,17183,17185,17183,3,-3
2022-04-07 15:00:05.074,17183,17185,17183,2,-2
2022-04-07 15:00:05.135,17182,17185,17185,1,1
2022-04-07 15:00:05.262,17183,17185,17185,4,4
2022-04-07 15:00:05.306,17183,17185,17185,6,6
2022-04-07 15:00:05.378,17184,17185,17184,3,-3
2022-04-07 15:00:05.776,17184,17185,17185,1,1
2022-04-07 15:00:06.108,17184,17185,17184,2,-2
2022-04-07 15:00:06.225,17183,17185,17183,2,-2
2022-04-07 15:00:06.225,17183,17185,17184,3,3
2022-04-07 15:00:06.360,17182,17185,17184,1,1
2022-04-07 15:00:06.480,17182,17184,17183,1,1
2022-04-07 15:00:06.635,17182,17183,17183,1,1
2022-04-07 15:00:06.980,17182,17183,17183,1,1
2022-04-07 15:00:07.029,17182,17183,17183,3,3
2022-04-07 15:00:07.030,17182,17183,17184,2,2
2022-04-07 15:00:07.062,17182,17183,17185,2,2
2022-04-07 15:00:07.067,17182,17183,17183,1,1
2022-04-07 15:00:07.094,17182,17183,17183,1,1
2022-04-07 15:00:07.151,17183,17184,17184,1,1
2022-04-07 15:00:07.213,17183,17184,17183,1,-1
2022-04-07 15:00:07.277,17183,17185,17183,1,-1
2022-04-07 15:00:07.338,17183,17185,17183,1,-1
2022-04-07 15:00:07.492,17183,17185,17185,1,1
2022-04-07 15:00:07.501,17183,17185,17185,1,1
2022-04-07 15:00:07.627,17184,17185,17185,1,1
2022-04-07 15:00:08.232,17184,17185,17184,1,-1
2022-04-07 15:00:08.355,17183,17185,17185,1,1
2022-04-07 15:00:08.367,17183,17185,17183,1,-1
2022-04-07 15:00:08.753,17183,17185,17183,1,-1
2022-04-07 15:00:08.829,17183,17185,17183,3,-3
2022-04-07 15:00:09.491,17183,17184,17184,7,7
2022-04-07 15:00:09.515,17183,17185,17184,1,1
2022-04-07 15:00:10.168,17183,17184,17184,2,2
2022-04-07 15:00:10.273,17183,17185,17185,17,17
2022-04-07 15:00:10.273,17183,17185,17186,6,6
2022-04-07 15:00:10.273,17183,17185,17187,17,17
2022-04-07 15:00:10.273,17183,17185,17188,9,9
2022-04-07 15:00:10.273,17183,17185,17189,1,1
2022-04-07 15:00:10.623,17186,17188,17186,1,-1
2022-04-07 15:00:11.129,17184,17186,17185,1,1
2022-04-07 15:00:11.131,17184,17186,17185,1,1
2022-04-07 15:00:11.228,17184,17186,17187,2,2
2022-04-07 15:00:11.278,17185,17188,17188,2,2
2022-04-07 15:00:11.513,17185,17188,17185,1,-1
2022-04-07 15:00:11.622,17185,17188,17185,1,-1
2022-04-07 15:00:11.637,17185,17188,17185,3,-3
2022-04-07 15:00:11.821,17184,17186,17184,3,-3
2022-04-07 15:00:11.821,17184,17186,17183,2,-2
2022-04-07 15:00:12.109,17184,17185,17184,1,-1
2022-04-07 15:00:12.236,17184,17185,17185,1,1
2022-04-07 15:00:12.637,17183,17185,17183,7,-7
2022-04-07 15:00:12.638,17183,17185,17183,1,-1
2022-04-07 15:00:12.639,17183,17185,17183,1,-1
2022-04-07 15:00:12.929,17182,17184,17184,1,1
2022-04-07 15:00:12.929,17182,17184,17185,1,1
2022-04-07 15:00:12.959,17182,17184,17182,1,-1
2022-04-07 15:00:12.979,17182,17184,17185,1,1
2022-04-07 15:00:12.980,17182,17184,17183,1,1
2022-04-07 15:00:13.353,17182,17184,17184,1,1
2022-04-07 15:00:13.353,17182,17184,17182,7,-7
2022-04-07 15:00:13.638,17181,17183,17181,3,-3
2022-04-07 15:00:13.735,17181,17183,17183,1,1
2022-04-07 15:00:14.209,17181,17183,17181,1,-1
2022-04-07 15:00:14.637,17180,17182,17180,12,-12
2022-04-07 15:00:14.639,17180,17182,17180,4,-4
2022-04-07 15:00:15.548,17179,17181,17181,2,2
2022-04-07 15:00:15.574,17179,17181,17181,1,1
2022-04-07 15:00:15.638,17179,17181,17179,1,-1
2022-04-07 15:00:15.638,17179,17181,17179,1,-1
2022-04-07 15:00:15.683,17179,17181,17178,1,-1
2022-04-07 15:00:15.754,17178,17180,17180,1,1
2022-04-07 15:00:15.830,17178,17180,17180,1,1
2022-04-07 15:00:15.915,17178,17181,17178,1,-1
2022-04-07 15:00:15.927,17178,17181,17180,1,1
2022-04-07 15:00:15.943,17178,17181,17178,1,-1
2022-04-07 15:00:16.064,17178,17180,17178,2,-2
2022-04-07 15:00:16.064,17178,17180,17177,2,-2
2022-04-07 15:00:16.181,17177,17179,17177,4,-4
2022-04-07 15:00:16.181,17177,17179,17176,3,-3
2022-04-07 15:00:16.185,17177,17179,17176,11,-11
2022-04-07 15:00:16.185,17177,17179,17175,1,-1
2022-04-07 15:00:16.323,17175,17178,17175,1,-1
2022-04-07 15:00:16.350,17175,17178,17175,1,-1
2022-04-07 15:00:16.683,17175,17178,17175,6,-6
2022-04-07 15:00:16.964,17176,17178,17178,3,3
2022-04-07 15:00:17.113,17176,17178,17178,1,1
2022-04-07 15:00:17.129,17177,17179,17179,1,1
2022-04-07 15:00:17.684,17178,17181,17178,1,-1
2022-04-07 15:00:17.752,17178,17180,17180,1,1
2022-04-07 15:00:18.052,17178,17180,17180,1,1
2022-04-07 15:00:18.052,17178,17180,17181,7,7
2022-04-07 15:00:18.052,17178,17180,17182,2,2
2022-04-07 15:00:18.184,17180,17182,17180,2,-2
2022-04-07 15:00:18.189,17180,17182,17180,2,-2
2022-04-07 15:00:18.191,17180,17182,17180,2,-2
2022-04-07 15:00:18.218,17180,17182,17179,1,-1
2022-04-07 15:00:18.684,17178,17181,17178,2,-2
2022-04-07 15:00:18.789,17178,17180,17178,3,-3
2022-04-07 15:00:18.927,17178,17180,17178,1,-1
2022-04-07 15:00:19.163,17178,17180,17180,1,1
2022-04-07 15:00:19.329,17178,17180,17178,2,-2
2022-04-07 15:00:19.329,17178,17180,17177,1,-1
2022-04-07 15:00:19.521,17177,17179,17179,1,1
2022-04-07 15:00:19.605,17177,17179,17179,1,1
2022-04-07 15:00:19.628,17178,17180,17180,1,1
2022-04-07 15:00:20.227,17177,17180,17180,1,1
2022-04-07 15:00:20.608,17178,17180,17178,3,-3
2022-04-07 15:00:21.860,17178,17181,17178,1,-1
2022-04-07 15:00:22.008,17179,17181,17179,1,-1
2022-04-07 15:00:22.419,17178,17180,17178,3,-3
2022-04-07 15:00:22.660,17178,17180,17180,1,1
2022-04-07 15:00:24.139,17179,17181,17181,1,1
2022-04-07 15:00:24.769,17179,17181,17181,1,1
2022-04-07 15:00:24.870,17180,17182,17182,1,1
2022-04-07 15:00:25.899,17180,17182,17182,1,1
2022-04-07 15:00:26.454,17180,17182,17180,1,-1
2022-04-07 15:00:26.864,17181,17183,17183,4,4
2022-04-07 15:00:27.034,17183,17184,17184,5,5
2022-04-07 15:00:27.121,17183,17185,17183,1,-1
2022-04-07 15:00:27.341,17182,17185,17184,1,1
2022-04-07 15:00:27.465,17183,17185,17183,2,-2
2022-04-07 15:00:27.619,17183,17185,17184,1,1
2022-04-07 15:00:28.848,17182,17184,17184,1,1
2022-04-07 15:00:28.853,17182,17184,17182,3,-3
2022-04-07 15:00:28.853,17182,17184,17181,7,-7
2022-04-07 15:00:29.626,17181,17183,17183,1,1
2022-04-07 15:00:29.760,17181,17183,17182,1,1
2022-04-07 15:00:30.301,17181,17183,17181,2,-2
2022-04-07 15:00:30.518,17180,17182,17182,2,2
2022-04-07 15:00:30.929,17182,17183,17182,1,-1
2022-04-07 15:00:31.791,17182,17183,17182,1,-1
2022-04-07 15:00:32.806,17181,17182,17181,1,-1
2022-04-07 15:00:32.959,17181,17182,17181,1,-1
2022-04-07 15:00:33.757,17181,17182,17181,1,-1
2022-04-07 15:00:34.026,17181,17182,17182,4,4
2022-04-07 15:00:34.026,17181,17182,17183,1,1
2022-04-07 15:00:34.356,17182,17183,17182,1,-1
2022-04-07 15:00:34.537,17181,17182,17181,1,-1
2022-04-07 15:00:35.070,17180,17182,17182,1,1
2022-04-07 15:00:36.529,17180,17182,17180,1,-1
2022-04-07 15:00:37.714,17180,17182,17182,7,7
2022-04-07 15:00:37.714,17180,17182,17183,10,10
2022-04-07 15:00:37.714,17180,17182,17184,4,4
2022-04-07 15:00:37.876,17182,17184,17182,1,-1
2022-04-07 15:00:38.004,17182,17184,17182,1,-1
2022-04-07 15:00:38.179,17182,17184,17182,1,-1
2022-04-07 15:00:38.988,17182,17184,17182,1,-1
2022-04-07 15:00:39.150,17182,17184,17182,1,-1
2022-04-07 15:00:39.356,17181,17182,17182,1,1
2022-04-07 15:00:39.442,17181,17183,17183,1,1
2022-04-07 15:00:40.291,17181,17183,17182,1,1
2022-04-07 15:00:41.321,17182,17183,17182,5,-5
2022-04-07 15:00:41.336,17182,17183,17182,1,-1
2022-04-07 15:00:42.090,17182,17183,17182,1,-1
2022-04-07 15:00:42.177,17182,17183,17182,3,-3
2022-04-07 15:00:42.177,17182,17183,17182,2,-2
2022-04-07 15:00:42.178,17182,17183,17182,1,-1
2022-04-07 15:00:42.178,17182,17183,17182,2,-2
2022-04-07 15:00:42.305,17181,17182,17181,2,-2
2022-04-07 15:00:42.316,17181,17182,17182,1,1
2022-04-07 15:00:42.602,17181,17182,17182,1,1
2022-04-07 15:00:42.720,17181,17182,17181,3,-3
2022-04-07 15:00:43.238,17181,17182,17181,1,-1
2022-04-07 15:00:43.348,17180,17182,17182,1,1
2022-04-07 15:00:43.827,17180,17182,17180,1,-1
2022-04-07 15:00:44.957,17180,17181,17181,1,1
2022-04-07 15:00:45.450,17180,17181,17181,1,1
2022-04-07 15:00:45.450,17180,17181,17182,10,10
2022-04-07 15:00:45.450,17180,17181,17183,4,4
2022-04-07 15:00:48.897,17181,17183,17183,1,1
2022-04-07 15:00:49.284,17181,17183,17181,1,-1
2022-04-07 15:00:49.940,17181,17183,17183,1,1
2022-04-07 15:00:50.216,17181,17183,17181,2,-2
2022-04-07 15:00:51.526,17180,17181,17180,2,-2
2022-04-07 15:00:52.285,17180,17181,17180,2,-2
2022-04-07 15:00:52.285,17180,17181,17180,2,-2
2022-04-07 15:00:52.285,17180,17181,17180,3,-3
2022-04-07 15:00:52.286,17180,17181,17180,1,-1
2022-04-07 15:00:52.327,17180,17181,17180,2,-2
2022-04-07 15:00:52.328,17180,17181,17180,4,-4
2022-04-07 15:00:52.884,17180,17181,17180,1,-1
2022-04-07 15:00:53.123,17180,17181,17180,1,-1
2022-04-07 15:00:53.123,17180,17181,17180,1,-1
2022-04-07 15:00:53.758,17179,17180,17179,1,-1
2022-04-07 15:00:54.180,17179,17180,17179,1,-1
2022-04-07 15:00:54.705,17179,17180,17180,2,2
2022-04-07 15:00:54.877,17180,17181,17180,4,-4
2022-04-07 15:00:54.877,17180,17181,17179,6,-6
2022-04-07 15:00:55.407,17179,17181,17180,2,2
2022-04-07 15:00:55.699,17179,17180,17179,1,-1
2022-04-07 15:00:55.976,17179,17180,17180,1,1
2022-04-07 15:00:56.185,17179,17180,17180,1,1
2022-04-07 15:00:56.229,17179,17180,17180,1,1
2022-04-07 15:00:56.666,17179,17180,17180,3,3
2022-04-07 15:00:56.994,17180,17181,17181,2,2
2022-04-07 15:00:57.181,17180,17181,17180,1,-1
2022-04-07 15:00:57.644,17180,17181,17181,4,4
2022-04-07 15:00:57.826,17180,17182,17181,1,1
2022-04-07 15:00:57.826,17180,17182,17182,1,1
2022-04-07 15:00:57.835,17180,17182,17182,2,2
2022-04-07 15:00:57.881,17180,17182,17180,1,-1
2022-04-07 15:00:57.934,17180,17182,17180,7,-7
2022-04-07 15:00:58.044,17179,17180,17180,2,2
2022-04-07 15:00:58.541,17179,17180,17180,2,2
2022-04-07 15:00:58.541,17179,17180,17181,1,1
2022-04-07 15:00:58.796,17180,17182,17180,1,-1
2022-04-07 15:00:59.763,17179,17180,17179,5,-5
2022-04-07 15:00:59.782,17179,17180,17179,1,-1
2022-04-07 15:00:59.942,17179,17180,17180,1,1
2022-04-07 15:00:59.947,17179,17180,17180,1,1
2022-04-07 15:01:00.010,17179,17181,17181,1,1
2022-04-07 15:01:00.071,17179,17181,17181,1,1
2022-04-07 15:01:00.085,17179,17181,17181,4,4
2022-04-07 15:01:00.085,17179,17181,17182,3,3
2022-04-07 15:01:00.087,17179,17181,17180,1,1
2022-04-07 15:01:00.096,17179,17181,17182,1,1
2022-04-07 15:01:00.124,17180,17182,17182,1,1
2022-04-07 15:01:00.124,17180,17182,17182,1,1
2022-04-07 15:01:00.124,17180,17182,17182,1,1
2022-04-07 15:01:00.125,17180,17182,17182,1,1
2022-04-07 15:01:00.172,17180,17182,17181,1,1
2022-04-07 15:01:00.275,17180,17182,17182,1,1
2022-04-07 15:01:00.282,17180,17182,17182,1,1
2022-04-07 15:01:00.313,17180,17182,17182,1,1
2022-04-07 15:01:00.329,17180,17182,17181,3,3
2022-04-07 15:01:00.421,17181,17183,17181,1,-1
2022-04-07 15:01:00.471,17181,17183,17182,2,2
2022-04-07 15:01:00.512,17180,17183,17181,1,-1
2022-04-07 15:01:00.603,17180,17183,17183,1,1
2022-04-07 15:01:00.920,17181,17183,17181,1,-1
2022-04-07 15:01:01.122,17180,17182,17180,1,-1
2022-04-07 15:01:01.247,17180,17182,17182,1,1
2022-04-07 15:01:01.247,17180,17182,17182,1,1
2022-04-07 15:01:01.248,17180,17182,17182,1,1
2022-04-07 15:01:01.248,17180,17182,17182,1,1
2022-04-07 15:01:01.248,17180,17182,17183,1,1
2022-04-07 15:01:01.248,17180,17182,17182,1,1
2022-04-07 15:01:01.248,17180,17182,17183,1,1
2022-04-07 15:01:01.250,17180,17182,17183,1,1
2022-04-07 15:01:01.610,17181,17183,17181,1,-1
2022-04-07 15:01:02.640,17181,17183,17181,3,-3
2022-04-07 15:01:02.721,17181,17183,17183,9,9
2022-04-07 15:01:04.031,17183,17184,17183,1,-1
2022-04-07 15:01:04.163,17183,17184,17183,1,-1
2022-04-07 15:01:04.458,17182,17184,17182,4,-4
2022-04-07 15:01:05.150,17181,17183,17181,2,-2
2022-04-07 15:01:06.439,17181,17183,17181,1,-1
2022-04-07 15:01:06.841,17181,17183,17183,5,5
2022-04-07 15:01:07.844,17181,17182,17182,1,1
2022-04-07 15:01:07.872,17181,17182,17182,1,1
2022-04-07 15:01:07.872,17181,17182,17182,1,1
2022-04-07 15:01:07.872,17181,17182,17182,1,1
2022-04-07 15:01:07.872,17181,17182,17182,1,1
2022-04-07 15:01:07.872,17181,17182,17183,1,1
2022-04-07 15:01:07.872,17181,17182,17183,1,1
2022-04-07 15:01:07.872,17181,17182,17183,1,1
2022-04-07 15:01:07.954,17181,17182,17182,1,1
2022-04-07 15:01:08.251,17181,17183,17181,1,-1
2022-04-07 15:01:08.399,17181,17182,17182,1,1
2022-04-07 15:01:08.399,17181,17182,17183,1,1
2022-04-07 15:01:10.020,17181,17182,17182,1,1
2022-04-07 15:01:11.144,17181,17182,17182,2,2
2022-04-07 15:01:11.152,17181,17182,17183,15,15
2022-04-07 15:01:11.152,17181,17182,17184,5,5
2022-04-07 15:01:11.556,17182,17184,17182,1,-1
2022-04-07 15:01:12.041,17182,17183,17182,1,-1
2022-04-07 15:01:12.157,17181,17183,17183,1,1
2022-04-07 15:01:12.535,17181,17183,17183,1,1
2022-04-07 15:01:13.343,17181,17182,17181,1,-1
2022-04-07 15:01:13.589,17181,17182,17182,1,1
2022-04-07 15:01:15.346,17181,17182,17182,2,2
2022-04-07 15:01:15.719,17181,17182,17182,1,1
2022-04-07 15:01:15.719,17181,17182,17183,6,6
2022-04-07 15:01:15.719,17181,17182,17184,1,1
2022-04-07 15:01:17.843,17182,17183,17182,1,-1
2022-04-07 15:01:18.032,17182,17183,17182,1,-1
2022-04-07 15:01:18.122,17182,17183,17183,1,1
2022-04-07 15:01:18.122,17182,17183,17183,1,1
2022-04-07 15:01:18.122,17182,17183,17183,1,1
2022-04-07 15:01:18.122,17182,17183,17183,1,1
2022-04-07 15:01:18.123,17182,17183,17183,1,1
2022-04-07 15:01:18.123,17182,17183,17183,1,1
2022-04-07 15:01:18.123,17182,17183,17184,1,1
2022-04-07 15:01:18.124,17182,17183,17184,1,1
2022-04-07 15:01:18.124,17182,17183,17184,1,1
2022-04-07 15:01:18.124,17182,17183,17184,1,1
2022-04-07 15:01:18.674,17182,17184,17182,1,-1
2022-04-07 15:01:20.428,17183,17184,17183,1,-1
2022-04-07 15:01:20.588,17182,17183,17183,1,1
2022-04-07 15:01:21.577,17182,17183,17182,3,-3
2022-04-07 15:01:21.578,17182,17183,17182,6,-6
2022-04-07 15:01:21.878,17182,17183,17182,1,-1
2022-04-07 15:01:22.575,17181,17182,17182,1,1
2022-04-07 15:01:24.079,17181,17182,17182,1,1
2022-04-07 15:01:24.079,17181,17182,17183,4,4
2022-04-07 15:01:24.079,17181,17182,17184,5,5
2022-04-07 15:01:25.583,17182,17183,17182,1,-1
2022-04-07 15:01:27.433,17181,17183,17183,1,1
2022-04-07 15:01:28.050,17181,17183,17183,1,1
2022-04-07 15:01:28.122,17181,17183,17183,1,1
2022-04-07 15:01:28.123,17181,17183,17183,1,1
2022-04-07 15:01:28.123,17181,17183,17183,1,1
2022-04-07 15:01:28.123,17181,17183,17184,1,1
2022-04-07 15:01:28.125,17181,17183,17184,1,1
2022-04-07 15:01:29.195,17181,17183,17183,2,2
2022-04-07 15:01:29.759,17182,17183,17182,1,-1
2022-04-07 15:01:29.957,17181,17183,17182,1,1
2022-04-07 15:01:31.261,17181,17183,17182,1,1
2022-04-07 15:01:32.261,17182,17183,17183,2,2
2022-04-07 15:01:32.432,17182,17183,17182,1,-1
2022-04-07 15:01:32.880,17182,17183,17183,1,1
2022-04-07 15:01:33.320,17182,17183,17183,1,1
2022-04-07 15:01:34.470,17182,17183,17183,1,1
2022-04-07 15:01:34.471,17182,17183,17183,3,3
2022-04-07 15:01:34.471,17182,17183,17184,10,10
2022-04-07 15:01:35.697,17183,17184,17184,4,4
2022-04-07 15:01:35.697,17183,17184,17185,1,1
2022-04-07 15:01:35.704,17183,17184,17183,1,-1
2022-04-07 15:01:35.789,17183,17185,17185,2,2
2022-04-07 15:01:36.345,17183,17185,17183,2,-2
2022-04-07 15:01:36.893,17184,17185,17184,1,-1
2022-04-07 15:01:36.940,17184,17185,17183,1,-1
2022-04-07 15:01:37.375,17183,17184,17184,2,2
2022-04-07 15:01:37.375,17183,17184,17184,2,2
2022-04-07 15:01:37.497,17184,17185,17185,1,1
2022-04-07 15:01:37.497,17184,17185,17185,1,1
2022-04-07 15:01:37.497,17184,17185,17185,1,1
2022-04-07 15:01:37.498,17184,17185,17185,1,1
2022-04-07 15:01:37.697,17184,17185,17185,51,51
2022-04-07 15:01:37.699,17184,17185,17186,1,1
2022-04-07 15:01:37.699,17184,17185,17186,1,1
2022-04-07 15:01:37.699,17184,17185,17186,6,6
2022-04-07 15:01:37.699,17184,17185,17186,9,9
2022-04-07 15:01:37.699,17184,17185,17186,2,2
2022-04-07 15:01:37.699,17184,17185,17186,1,1
2022-04-07 15:01:37.699,17184,17185,17186,1,1
2022-04-07 15:01:37.699,17184,17185,17186,3,3
2022-04-07 15:01:37.722,17184,17185,17187,4,4
2022-04-07 15:01:37.722,17184,17185,17187,1,1
2022-04-07 15:01:37.722,17184,17185,17187,1,1
2022-04-07 15:01:37.722,17184,17185,17187,1,1
2022-04-07 15:01:37.739,17184,17185,17188,1,1
2022-04-07 15:01:37.740,17184,17185,17188,1,1
2022-04-07 15:01:37.740,17184,17185,17188,1,1
2022-04-07 15:01:37.844,17187,17188,17187,1,-1
2022-04-07 15:01:37.858,17187,17188,17188,1,1
2022-04-07 15:01:37.863,17187,17188,17188,1,1
2022-04-07 15:01:37.965,17186,17188,17188,20,20
2022-04-07 15:01:38.234,17188,17189,17188,2,-2
2022-04-07 15:01:38.392,17188,17189,17189,1,1
2022-04-07 15:01:38.562,17188,17189,17189,1,1
2022-04-07 15:01:38.566,17188,17189,17189,1,1
2022-04-07 15:01:38.567,17188,17189,17189,1,1
2022-04-07 15:01:38.567,17188,17189,17189,1,1
2022-04-07 15:01:38.567,17188,17189,17189,18,18
2022-04-07 15:01:38.568,17188,17189,17190,2,2
2022-04-07 15:01:38.614,17188,17189,17190,1,1
2022-04-07 15:01:38.614,17188,17189,17190,1,1
2022-04-07 15:01:38.664,17189,17190,17190,1,1
2022-04-07 15:01:38.664,17189,17190,17190,1,1
2022-04-07 15:01:38.664,17189,17190,17190,3,3
2022-04-07 15:01:38.668,17189,17190,17190,1,1
2022-04-07 15:01:38.668,17189,17190,17190,1,1
2022-04-07 15:01:38.668,17189,17190,17190,1,1
2022-04-07 15:01:38.670,17189,17190,17190,1,1
2022-04-07 15:01:38.677,17189,17190,17190,1,1
2022-04-07 15:01:38.684,17189,17190,17190,1,1
2022-04-07 15:01:38.684,17189,17190,17190,1,1
2022-04-07 15:01:38.685,17189,17190,17190,1,1
2022-04-07 15:01:38.693,17189,17190,17190,12,12
2022-04-07 15:01:38.694,17189,17190,17191,1,1
2022-04-07 15:01:38.694,17189,17190,17191,6,6
2022-04-07 15:01:38.703,17189,17190,17192,4,4
2022-04-07 15:01:38.703,17189,17190,17192,1,1
2022-04-07 15:01:38.806,17192,17193,17193,6,6
2022-04-07 15:01:38.806,17192,17193,17193,1,1
2022-04-07 15:01:38.828,17192,17193,17194,4,4
2022-04-07 15:01:38.882,17193,17194,17194,6,6
2022-04-07 15:01:38.908,17193,17194,17195,2,2
2022-04-07 15:01:38.913,17193,17194,17195,1,1
2022-04-07 15:01:38.929,17193,17194,17195,4,4
2022-04-07 15:01:38.933,17193,17194,17195,1,1
2022-04-07 15:01:38.939,17193,17194,17195,1,1
2022-04-07 15:01:38.946,17193,17194,17195,2,2
2022-04-07 15:01:38.946,17193,17194,17195,1,1
2022-04-07 15:01:38.959,17193,17194,17195,1,1
2022-04-07 15:01:38.959,17193,17194,17196,1,1
2022-04-07 15:01:38.969,17193,17194,17196,1,1
2022-04-07 15:01:38.977,17193,17194,17196,1,1
2022-04-07 15:01:39.019,17194,17196,17196,3,3
2022-04-07 15:01:39.023,17194,17196,17196,5,5
2022-04-07 15:01:39.084,17194,17196,17197,1,1
2022-04-07 15:01:39.212,17195,17197,17197,5,5
2022-04-07 15:01:39.226,17195,17197,17195,2,-2
2022-04-07 15:01:39.226,17195,17197,17194,8,-8
2022-04-07 15:01:39.295,17193,17195,17195,1,1
2022-04-07 15:01:39.306,17193,17195,17195,3,3
2022-04-07 15:01:39.346,17193,17195,17195,2,2
2022-04-07 15:01:39.545,17193,17195,17195,1,1
2022-04-07 15:01:40.249,17193,17195,17193,1,-1
2022-04-07 15:01:40.299,17193,17195,17193,1,-1
2022-04-07 15:01:40.428,17192,17194,17192,1,-1
2022-04-07 15:01:40.549,17191,17193,17190,1,-1
2022-04-07 15:01:40.697,17190,17192,17192,1,1
2022-04-07 15:01:40.700,17190,17192,17192,1,1
2022-04-07 15:01:40.703,17190,17192,17192,1,1
2022-04-07 15:01:40.712,17190,17192,17192,1,1
2022-04-07 15:01:40.765,17190,17193,17190,1,-1
2022-04-07 15:01:40.894,17190,17192,17192,1,1
2022-04-07 15:01:42.190,17189,17191,17189,1,-1
2022-04-07 15:01:42.338,17188,17190,17188,1,-1
2022-04-07 15:01:42.479,17187,17189,17187,1,-1
2022-04-07 15:01:42.884,17188,17189,17189,2,2
2022-04-07 15:01:42.885,17188,17189,17189,1,1
2022-04-07 15:01:43.071,17189,17190,17190,1,1
2022-04-07 15:01:43.233,17190,17191,17190,1,-1
2022-04-07 15:01:43.469,17189,17191,17191,11,11
2022-04-07 15:01:43.822,17191,17192,17192,1,1
2022-04-07 15:01:43.822,17191,17192,17192,1,1
2022-04-07 15:01:44.486,17192,17193,17192,3,-3
2022-04-07 15:01:44.666,17191,17192,17192,7,7
2022-04-07 15:01:44.666,17191,17192,17193,3,3
2022-04-07 15:01:44.814,17192,17194,17192,3,-3
2022-04-07 15:01:44.814,17192,17194,17192,7,-7
2022-04-07 15:01:44.855,17192,17194,17193,1,1
2022-04-07 15:01:46.274,17191,17193,17193,2,2
2022-04-07 15:01:46.801,17191,17193,17193,1,1
2022-04-07 15:01:46.893,17191,17193,17191,1,-1
2022-04-07 15:01:46.927,17191,17193,17193,5,5
2022-04-07 15:01:46.927,17191,17193,17194,2,2
2022-04-07 15:01:47.243,17192,17193,17192,1,-1
2022-04-07 15:01:47.248,17191,17192,17192,1,1
2022-04-07 15:01:47.249,17191,17192,17192,8,8
2022-04-07 15:01:48.056,17192,17193,17193,1,1
2022-04-07 15:01:48.056,17192,17193,17194,1,1
2022-04-07 15:01:48.366,17192,17194,17194,5,5
2022-04-07 15:01:48.764,17192,17195,17192,5,-5
2022-04-07 15:01:48.765,17192,17195,17192,5,-5
2022-04-07 15:01:49.264,17193,17194,17193,1,-1
2022-04-07 15:01:49.754,17193,17194,17194,1,1
2022-04-07 15:01:50.179,17193,17194,17194,1,1
2022-04-07 15:01:50.241,17193,17194,17195,5,5
2022-04-07 15:01:50.242,17193,17194,17196,2,2
2022-04-07 15:01:50.413,17195,17196,17196,1,1
2022-04-07 15:01:50.627,17195,17197,17197,9,9
2022-04-07 15:01:50.627,17195,17197,17198,6,6
2022-04-07 15:01:50.801,17196,17198,17197,1,1
2022-04-07 15:01:50.950,17196,17198,17196,1,-1
2022-04-07 15:01:51.006,17197,17198,17197,1,-1
2022-04-07 15:01:51.217,17196,17198,17196,1,-1
2022-04-07 15:01:51.317,17196,17198,17198,1,1
2022-04-07 15:01:52.711,17196,17198,17198,1,1
2022-04-07 15:01:52.957,17197,17198,17198,1,1
2022-04-07 15:01:53.097,17197,17198,17197,1,-1
2022-04-07 15:01:53.182,17197,17198,17197,1,-1
2022-04-07 15:01:53.208,17197,17198,17198,1,1
2022-04-07 15:01:53.251,17197,17198,17197,1,-1
2022-04-07 15:01:53.259,17197,17198,17198,1,1
2022-04-07 15:01:53.747,17197,17198,17198,1,1
2022-04-07 15:01:53.838,17197,17198,17198,2,2
2022-04-07 15:01:53.838,17197,17198,17198,1,1
2022-04-07 15:01:53.853,17197,17198,17199,10,10
2022-04-07 15:01:53.854,17197,17198,17199,2,2
2022-04-07 15:01:53.854,17197,17198,17199,1,1
2022-04-07 15:01:53.855,17197,17198,17200,20,20
2022-04-07 15:01:53.856,17197,17198,17201,1,1
2022-04-07 15:01:53.858,17197,17198,17201,1,1
2022-04-07 15:01:53.862,17197,17198,17201,1,1
2022-04-07 15:01:53.888,17200,17202,17202,2,2
2022-04-07 15:01:53.888,17200,17202,17203,6,6
2022-04-07 15:01:53.888,17200,17202,17204,2,2
2022-04-07 15:01:53.970,17200,17202,17204,2,2
2022-04-07 15:01:54.142,17202,17204,17204,1,1
2022-04-07 15:01:54.325,17202,17204,17204,1,1
2022-04-07 15:01:54.414,17203,17204,17203,1,-1
2022-04-07 15:01:54.418,17203,17204,17204,1,1
2022-04-07 15:01:54.661,17203,17204,17204,1,1
2022-04-07 15:01:54.679,17203,17204,17203,1,-1
2022-04-07 15:01:54.845,17203,17204,17203,1,-1
2022-04-07 15:01:55.081,17202,17203,17202,2,-2
2022-04-07 15:01:55.081,17202,17203,17201,3,-3
2022-04-07 15:01:55.263,17200,17202,17202,1,1
2022-04-07 15:01:55.287,17200,17202,17202,1,1
2022-04-07 15:01:55.320,17200,17202,17200,2,-2
2022-04-07 15:01:55.389,17200,17202,17202,2,2
2022-04-07 15:01:55.547,17200,17202,17201,1,1
2022-04-07 15:01:56.062,17199,17202,17202,1,1
2022-04-07 15:01:56.076,17199,17202,17202,2,2
2022-04-07 15:01:56.290,17200,17203,17203,2,2
2022-04-07 15:01:56.363,17200,17203,17203,3,3
2022-04-07 15:01:56.364,17200,17203,17202,1,1
2022-04-07 15:01:56.427,17201,17203,17201,2,-2
2022-04-07 15:01:57.159,17199,17202,17199,1,-1
2022-04-07 15:01:57.309,17199,17201,17201,1,1
2022-04-07 15:01:57.519,17200,17201,17201,1,1
2022-04-07 15:01:57.534,17200,17201,17200,1,-1
2022-04-07 15:01:58.245,17199,17200,17199,1,-1
2022-04-07 15:01:58.517,17199,17200,17200,1,1
2022-04-07 15:01:58.539,17199,17200,17201,1,1
2022-04-07 15:01:58.539,17199,17200,17202,3,3
2022-04-07 15:01:58.590,17199,17200,17200,2,2
2022-04-07 15:01:58.754,17200,17202,17200,2,-2
2022-04-07 15:01:59.342,17199,17201,17201,2,2
2022-04-07 15:01:59.342,17199,17201,17202,1,1
2022-04-07 15:01:59.873,17200,17201,17201,1,1
2022-04-07 15:02:00.062,17201,17202,17201,1,-1
2022-04-07 15:02:00.152,17200,17202,17202,1,1
2022-04-07 15:02:00.187,17200,17202,17202,1,1
2022-04-07 15:02:00.314,17201,17202,17203,1,1
2022-04-07 15:02:00.437,17201,17203,17203,1,1
2022-04-07 15:02:00.652,17202,17203,17201,2,-2
2022-04-07 15:02:01.246,17202,17203,17202,1,-1
2022-04-07 15:02:01.371,17202,17203,17203,1,1
2022-04-07 15:02:01.371,17202,17203,17203,1,1
2022-04-07 15:02:01.371,17202,17203,17203,1,1
2022-04-07 15:02:01.372,17202,17203,17203,1,1
2022-04-07 15:02:01.372,17202,17203,17203,1,1
2022-04-07 15:02:01.372,17202,17203,17204,1,1
2022-04-07 15:02:01.372,17202,17203,17204,1,1
2022-04-07 15:02:01.372,17202,17203,17204,1,1
2022-04-07 15:02:01.372,17202,17203,17204,1,1
2022-04-07 15:02:01.372,17202,17203,17205,1,1
2022-04-07 15:02:01.372,17202,17203,17205,1,1
2022-04-07 15:02:01.373,17202,17203,17204,1,1
2022-04-07 15:02:01.547,17203,17205,17204,1,1
2022-04-07 15:02:01.704,17203,17205,17202,2,-2
2022-04-07 15:02:01.707,17203,17205,17204,1,1
2022-04-07 15:02:01.715,17203,17205,17204,1,1
2022-04-07 15:02:01.719,17203,17205,17204,2,2
2022-04-07 15:02:01.719,17203,17205,17205,1,1
2022-04-07 15:02:01.925,17202,17203,17202,2,-2
2022-04-07 15:02:01.995,17201,17203,17203,1,1
2022-04-07 15:02:02.681,17202,17203,17203,1,1
2022-04-07 15:02:02.681,17202,17203,17204,2,2
2022-04-07 15:02:02.768,17202,17204,17204,1,1
2022-04-07 15:02:02.992,17202,17204,17203,1,1
2022-04-07 15:02:03.542,17202,17204,17202,7,-7
2022-04-07 15:02:03.543,17202,17204,17202,3,-3
2022-04-07 15:02:03.629,17201,17204,17201,1,-1
2022-04-07 15:02:03.632,17201,17204,17204,1,1
2022-04-07 15:02:04.042,17202,17204,17202,2,-2
2022-04-07 15:02:04.079,17202,17204,17202,1,-1
2022-04-07 15:02:04.079,17202,17204,17201,1,-1
2022-04-07 15:02:04.342,17202,17204,17204,1,1
2022-04-07 15:02:04.395,17203,17204,17203,1,-1
2022-04-07 15:02:04.448,17203,17204,17203,1,-1
2022-04-07 15:02:04.487,17203,17204,17203,1,-1
2022-04-07 15:02:04.518,17202,17203,17202,1,-1
2022-04-07 15:02:04.668,17202,17203,17202,1,-1
2022-04-07 15:02:04.765,17202,17203,17203,1,1
2022-04-07 15:02:05.146,17201,17203,17203,1,1
2022-04-07 15:02:05.359,17201,17203,17203,3,3
2022-04-07 15:02:05.533,17202,17203,17203,2,2
2022-04-07 15:02:05.571,17202,17203,17203,1,1
2022-04-07 15:02:06.031,17203,17204,17203,1,-1
2022-04-07 15:02:06.202,17203,17204,17203,2,-2
2022-04-07 15:02:06.202,17203,17204,17203,1,-1
2022-04-07 15:02:06.518,17202,17203,17203,2,2
2022-04-07 15:02:06.518,17202,17203,17204,2,2
2022-04-07 15:02:06.518,17202,17203,17205,1,1
2022-04-07 15:02:07.459,17202,17203,17202,1,-1
2022-04-07 15:02:07.496,17202,17203,17203,1,1
2022-04-07 15:02:07.497,17202,17203,17203,1,1
2022-04-07 15:02:07.497,17202,17203,17204,1,1
2022-04-07 15:02:07.497,17202,17203,17204,1,1
2022-04-07 15:02:07.498,17202,17203,17204,1,1
2022-04-07 15:02:07.563,17202,17203,17204,1,1
2022-04-07 15:02:07.927,17203,17204,17203,1,-1
2022-04-07 15:02:08.093,17203,17204,17203,1,-1
2022-04-07 15:02:08.107,17203,17204,17204,1,1
2022-04-07 15:02:08.218,17203,17204,17204,1,1
2022-04-07 15:02:08.374,17204,17205,17204,2,-2
2022-04-07 15:02:09.120,17203,17204,17204,2,2
2022-04-07 15:02:09.120,17203,17204,17205,2,2
2022-04-07 15:02:09.302,17204,17205,17205,1,1
2022-04-07 15:02:09.341,17204,17205,17205,1,1
2022-04-07 15:02:09.506,17204,17205,17205,1,1
2022-04-07 15:02:09.528,17204,17205,17204,1,-1
2022-04-07 15:02:09.845,17204,17205,17204,1,-1
2022-04-07 15:02:09.847,17204,17205,17205,2,2
2022-04-07 15:02:10.104,17203,17205,17205,1,1
2022-04-07 15:02:10.342,17203,17205,17203,1,-1
2022-04-07 15:02:10.528,17203,17205,17203,1,-1
2022-04-07 15:02:10.613,17203,17205,17205,2,2
2022-04-07 15:02:11.074,17203,17204,17203,1,-1
2022-04-07 15:02:11.126,17203,17204,17203,2,-2
2022-04-07 15:02:12.193,17202,17204,17204,1,1
2022-04-07 15:02:12.974,17203,17204,17204,1,1
2022-04-07 15:02:13.195,17203,17204,17204,1,1
2022-04-07 15:02:13.745,17203,17204,17203,1,-1
2022-04-07 15:02:13.745,17203,17204,17203,5,-5
2022-04-07 15:02:13.993,17202,17203,17203,1,1
2022-04-07 15:02:14.549,17202,17203,17203,4,4
2022-04-07 15:02:14.550,17202,17203,17202,6,-6
2022-04-07 15:02:14.994,17201,17202,17201,8,-8
2022-04-07 15:02:14.995,17200,17202,17200,14,-14
2022-04-07 15:02:14.997,17200,17202,17199,1,-1
2022-04-07 15:02:14.997,17200,17202,17199,1,-1
2022-04-07 15:02:14.997,17200,17202,17199,1,-1
2022-04-07 15:02:14.997,17200,17202,17199,1,-1
2022-04-07 15:02:14.997,17200,17202,17199,1,-1
2022-04-07 15:02:15.153,17198,17199,17199,1,1
2022-04-07 15:02:15.328,17198,17199,17199,1,1
2022-04-07 15:02:15.882,17198,17199,17199,3,3
2022-04-07 15:02:16.553,17199,17201,17201,1,1
2022-04-07 15:02:17.747,17200,17201,17202,4,4
2022-04-07 15:02:17.872,17201,17202,17202,1,1
2022-04-07 15:02:17.872,17201,17202,17202,1,1
2022-04-07 15:02:17.872,17201,17202,17202,1,1
2022-04-07 15:02:17.873,17201,17202,17203,1,1
2022-04-07 15:02:17.873,17201,17202,17203,1,1
2022-04-07 15:02:17.873,17201,17202,17203,1,1
2022-04-07 15:02:17.873,17201,17202,17203,1,1
2022-04-07 15:02:17.875,17201,17202,17202,1,1
2022-04-07 15:02:18.715,17202,17204,17202,1,-1
2022-04-07 15:02:19.608,17202,17204,17204,5,5
2022-04-07 15:02:20.150,17203,17204,17204,1,1
2022-04-07 15:02:20.543,17203,17204,17203,1,-1
2022-04-07 15:02:21.625,17203,17204,17204,1,1
2022-04-07 15:02:21.978,17203,17204,17203,4,-4
2022-04-07 15:02:21.978,17203,17204,17202,2,-2
2022-04-07 15:02:22.457,17202,17204,17203,1,1
2022-04-07 15:02:22.843,17202,17204,17202,5,-5
2022-04-07 15:02:23.178,17202,17203,17202,2,-2
2022-04-07 15:02:23.255,17201,17202,17201,2,-2
2022-04-07 15:02:23.290,17201,17202,17201,1,-1
2022-04-07 15:02:23.556,17200,17201,17200,1,-1
2022-04-07 15:02:23.556,17200,17201,17200,2,-2
2022-04-07 15:02:23.556,17200,17201,17200,2,-2
2022-04-07 15:02:23.828,17199,17201,17199,6,-6
2022-04-07 15:02:23.829,17199,17201,17199,1,-1
2022-04-07 15:02:23.829,17199,17201,17199,2,-2
2022-04-07 15:02:23.988,17198,17199,17199,1,1
2022-04-07 15:02:24.353,17198,17200,17198,1,-1
2022-04-07 15:02:24.696,17198,17200,17199,1,1
2022-04-07 15:02:24.919,17198,17200,17200,2,2
2022-04-07 15:02:25.296,17199,17201,17201,1,1
2022-04-07 15:02:25.378,17200,17202,17200,3,-3
2022-04-07 15:02:25.380,17200,17202,17202,1,1
2022-04-07 15:02:25.461,17200,17202,17200,1,-1
2022-04-07 15:02:26.254,17200,17201,17201,1,1
2022-04-07 15:02:26.393,17200,17201,17200,1,-1
2022-04-07 15:02:26.754,17199,17200,17199,1,-1
2022-04-07 15:02:26.754,17199,17200,17199,5,-5
2022-04-07 15:02:26.827,17199,17200,17199,1,-1
2022-04-07 15:02:26.875,17198,17199,17198,3,-3
2022-04-07 15:02:26.927,17198,17199,17200,3,3
2022-04-07 15:02:27.217,17198,17200,17198,5,-5
2022-04-07 15:02:27.247,17198,17199,17199,1,1
2022-04-07 15:02:27.247,17198,17199,17199,1,1
2022-04-07 15:02:27.249,17198,17199,17199,1,1
2022-04-07 15:02:27.628,17198,17200,17198,1,-1
2022-04-07 15:02:28.160,17198,17199,17198,4,-4
2022-04-07 15:02:28.160,17198,17199,17198,1,-1
2022-04-07 15:02:28.160,17198,17199,17198,13,-13
2022-04-07 15:02:28.160,17198,17199,17198,1,-1
2022-04-07 15:02:28.160,17198,17199,17198,4,-4
2022-04-07 15:02:28.160,17198,17199,17198,9,-9
2022-04-07 15:02:28.426,17197,17198,17197,1,-1
2022-04-07 15:02:28.984,17197,17198,17198,1,1
2022-04-07 15:02:30.075,17197,17198,17198,1,1
2022-04-07 15:02:30.597,17197,17198,17198,2,2
2022-04-07 15:02:30.629,17198,17199,17198,2,-2
2022-04-07 15:02:32.321,17197,17199,17197,5,-5
2022-04-07 15:02:32.398,17197,17198,17197,1,-1
2022-04-07 15:02:33.111,17196,17197,17197,2,2
2022-04-07 15:02:34.863,17196,17197,17196,1,-1
2022-04-07 15:02:34.920,17196,17197,17197,1,1
2022-04-07 15:02:35.052,17196,17197,17197,1,1
2022-04-07 15:02:35.180,17196,17197,17196,3,-3
2022-04-07 15:02:35.522,17196,17197,17197,1,1
2022-04-07 15:02:35.624,17197,17198,17197,1,-1
2022-04-07 15:02:36.735,17197,17198,17197,1,-1
2022-04-07 15:02:36.755,17196,17198,17197,1,1
2022-04-07 15:02:38.020,17196,17197,17196,11,-11
2022-04-07 15:02:38.021,17196,17197,17196,3,-3
2022-04-07 15:02:38.021,17196,17197,17196,2,-2
2022-04-07 15:02:38.068,17196,17197,17196,1,-1
2022-04-07 15:02:38.122,17195,17196,17196,1,1
2022-04-07 15:02:38.123,17195,17196,17197,1,1
2022-04-07 15:02:38.123,17195,17196,17197,1,1
2022-04-07 15:02:38.400,17196,17197,17197,1,1
2022-04-07 15:02:38.400,17196,17197,17198,1,1
2022-04-07 15:02:38.400,17196,17197,17198,2,2
2022-04-07 15:02:38.400,17196,17197,17198,2,2
2022-04-07 15:02:38.957,17197,17199,17199,1,1
2022-04-07 15:02:38.957,17197,17199,17200,1,1
2022-04-07 15:02:39.443,17198,17199,17198,1,-1
2022-04-07 15:02:40.052,17198,17199,17199,2,2
2022-04-07 15:02:40.883,17198,17200,17198,2,-2
2022-04-07 15:02:42.383,17198,17199,17199,1,1
2022-04-07 15:02:43.048,17199,17200,17200,1,1
2022-04-07 15:02:43.048,17199,17200,17200,4,4
2022-04-07 15:02:43.048,17199,17200,17200,1,1
2022-04-07 15:02:43.048,17199,17200,17200,1,1
2022-04-07 15:02:43.048,17199,17200,17200,1,1
2022-04-07 15:02:43.048,17199,17200,17200,3,3
2022-04-07 15:02:43.097,17199,17200,17200,2,2
2022-04-07 15:02:44.616,17199,17200,17200,1,1
2022-04-07 15:02:45.390,17199,17200,17200,2,2
2022-04-07 15:02:45.927,17199,17200,17199,1,-1
2022-04-07 15:02:45.927,17199,17200,17199,1,-1
2022-04-07 15:02:45.994,17199,17200,17198,1,-1
2022-04-07 15:02:46.942,17197,17199,17198,1,1
2022-04-07 15:02:47.544,17197,17199,17199,1,1
2022-04-07 15:02:47.622,17197,17199,17199,1,1
2022-04-07 15:02:47.688,17197,17199,17199,3,3
2022-04-07 15:02:47.911,17197,17199,17199,3,3
2022-04-07 15:02:49.230,17198,17199,17198,1,-1
2022-04-07 15:02:49.306,17198,17199,17198,1,-1
2022-04-07 15:02:49.306,17198,17199,17198,1,-1
2022-04-07 15:02:49.306,17198,17199,17198,5,-5
2022-04-07 15:02:49.306,17198,17199,17198,3,-3
2022-04-07 15:02:49.791,17197,17198,17197,1,-1
2022-04-07 15:02:49.791,17197,17198,17197,1,-1
2022-04-07 15:02:49.791,17197,17198,17197,4,-4
2022-04-07 15:02:49.956,17196,17198,17198,1,1
2022-04-07 15:02:51.227,17196,17197,17196,10,-10
2022-04-07 15:02:51.227,17196,17197,17196,1,-1
2022-04-07 15:02:51.227,17196,17197,17196,12,-12
2022-04-07 15:02:51.228,17196,17197,17196,1,-1
2022-04-07 15:02:51.304,17195,17196,17196,1,1
2022-04-07 15:02:52.033,17195,17196,17196,1,1
2022-04-07 15:02:52.033,17195,17196,17196,1,1
2022-04-07 15:02:52.034,17195,17196,17196,1,1
2022-04-07 15:02:52.034,17195,17196,17196,2,2
2022-04-07 15:02:52.034,17195,17196,17196,6,6
2022-04-07 15:02:52.305,17196,17197,17195,1,-1
2022-04-07 15:02:55.747,17195,17196,17196,1,1
2022-04-07 15:02:57.510,17195,17196,17195,2,-2
2022-04-07 15:02:57.947,17194,17196,17195,1,1
2022-04-07 15:02:58.053,17195,17196,17196,1,1
2022-04-07 15:02:58.147,17195,17197,17195,1,-1
2022-04-07 15:02:58.988,17195,17196,17194,1,-1
2022-04-07 15:02:59.115,17194,17196,17194,1,-1
2022-04-07 15:02:59.972,17194,17195,17195,2,2
2022-04-07 15:03:00.088,17194,17196,17196,1,1
2022-04-07 15:03:00.093,17194,17196,17194,2,-2
2022-04-07 15:03:00.103,17194,17196,17196,1,1
2022-04-07 15:03:00.116,17194,17196,17196,2,2
2022-04-07 15:03:00.124,17195,17197,17197,1,1
2022-04-07 15:03:00.124,17195,17197,17197,1,1
2022-04-07 15:03:00.215,17195,17197,17197,1,1
2022-04-07 15:03:00.218,17195,17197,17197,1,1
2022-04-07 15:03:00.218,17195,17197,17198,1,1
2022-04-07 15:03:00.269,17196,17198,17198,1,1
2022-04-07 15:03:00.321,17196,17198,17196,8,-8
2022-04-07 15:03:01.124,17195,17196,17195,1,-1
2022-04-07 15:03:01.247,17195,17196,17196,1,1
2022-04-07 15:03:02.439,17195,17197,17197,1,1
2022-04-07 15:03:02.918,17196,17197,17196,1,-1
2022-04-07 15:03:03.039,17196,17197,17196,1,-1
2022-04-07 15:03:03.337,17196,17197,17196,1,-1
2022-04-07 15:03:03.417,17195,17197,17196,1,1
2022-04-07 15:03:04.232,17195,17196,17195,1,-1
2022-04-07 15:03:04.244,17195,17196,17196,1,1
2022-04-07 15:03:04.914,17195,17197,17195,1,-1
2022-04-07 15:03:07.973,17195,17197,17195,6,-6
2022-04-07 15:03:10.559,17195,17196,17195,1,-1
2022-04-07 15:03:10.559,17195,17196,17195,1,-1
2022-04-07 15:03:10.622,17194,17196,17196,1,1
2022-04-07 15:03:10.622,17194,17196,17196,1,1
2022-04-07 15:03:10.622,17194,17196,17196,1,1
2022-04-07 15:03:10.622,17194,17196,17196,1,1
2022-04-07 15:03:10.623,17194,17196,17196,1,1
2022-04-07 15:03:10.623,17194,17196,17196,1,1
2022-04-07 15:03:10.623,17194,17196,17196,1,1
2022-04-07 15:03:10.623,17194,17196,17196,1,1
2022-04-07 15:03:10.624,17194,17196,17196,1,1
2022-04-07 15:03:10.625,17194,17196,17196,1,1
2022-04-07 15:03:10.626,17194,17196,17197,1,1
2022-04-07 15:03:11.749,17195,17198,17196,1,-1
2022-04-07 15:03:12.032,17196,17198,17198,2,2
2022-04-07 15:03:12.145,17196,17198,17197,1,1
2022-04-07 15:03:12.874,17196,17198,17196,2,-2
2022-04-07 15:03:13.934,17195,17197,17195,1,-1
2022-04-07 15:03:14.231,17195,17197,17195,1,-1
2022-04-07 15:03:14.310,17195,17197,17195,3,-3
2022-04-07 15:03:15.367,17197,17198,17198,1,1
2022-04-07 15:03:17.129,17196,17198,17196,4,-4
2022-04-07 15:03:19.100,17195,17196,17196,1,1
2022-04-07 15:03:19.122,17195,17197,17197,1,1
2022-04-07 15:03:19.122,17195,17197,17197,1,1
2022-04-07 15:03:19.123,17195,17197,17198,1,1
2022-04-07 15:03:19.123,17195,17197,17198,1,1
2022-04-07 15:03:19.123,17195,17197,17198,1,1
2022-04-07 15:03:19.123,17195,17197,17198,1,1
2022-04-07 15:03:19.123,17195,17197,17198,1,1
2022-04-07 15:03:19.123,17195,17197,17198,1,1
2022-04-07 15:03:19.123,17195,17197,17198,1,1
2022-04-07 15:03:19.124,17195,17197,17198,1,1
2022-04-07 15:03:19.124,17195,17197,17199,1,1
2022-04-07 15:03:19.124,17195,17197,17199,1,1
2022-04-07 15:03:20.143,17196,17198,17198,1,1
2022-04-07 15:03:21.138,17195,17198,17197,1,1
2022-04-07 15:03:21.284,17196,17198,17196,1,-1
2022-04-07 15:03:25.890,17197,17198,17198,1,1
2022-04-07 15:03:25.962,17197,17198,17197,1,-1
2022-04-07 15:03:26.165,17196,17198,17198,1,1
2022-04-07 15:03:26.915,17196,17198,17196,1,-1
2022-04-07 15:03:28.585,17196,17197,17197,1,1
2022-04-07 15:03:28.622,17197,17198,17198,1,1
2022-04-07 15:03:28.623,17197,17198,17198,1,1
2022-04-07 15:03:28.623,17197,17198,17198,1,1
2022-04-07 15:03:29.946,17198,17199,17198,1,-1
2022-04-07 15:03:29.946,17198,17199,17197,1,-1
2022-04-07 15:03:30.826,17197,17199,17199,6,6
2022-04-07 15:03:30.952,17199,17200,17200,1,1
2022-04-07 15:03:30.952,17199,17200,17200,2,2
2022-04-07 15:03:30.952,17199,17200,17200,2,2
2022-04-07 15:03:30.952,17199,17200,17200,1,1
2022-04-07 15:03:30.952,17199,17200,17200,1,1
2022-04-07 15:03:30.952,17199,17200,17200,21,21
2022-04-07 15:03:31.281,17200,17201,17199,1,-1
2022-04-07 15:03:31.776,17199,17200,17199,1,-1
2022-04-07 15:03:32.896,17198,17199,17199,1,1
2022-04-07 15:03:36.495,17199,17200,17199,1,-1
2022-04-07 15:03:38.881,17198,17199,17199,1,1
2022-04-07 15:03:39.379,17199,17200,17199,1,-1
2022-04-07 15:03:41.365,17198,17199,17198,3,-3
2022-04-07 15:03:41.417,17197,17198,17197,2,-2
2022-04-07 15:03:42.117,17197,17198,17197,1,-1
2022-04-07 15:03:42.330,17197,17198,17197,1,-1
2022-04-07 15:03:45.924,17197,17198,17198,3,3
2022-04-07 15:03:45.924,17197,17198,17198,1,1
2022-04-07 15:03:45.925,17197,17198,17198,1,1
2022-04-07 15:03:45.925,17197,17198,17198,1,1
2022-04-07 15:03:45.925,17197,17198,17198,1,1
2022-04-07 15:03:45.925,17197,17198,17198,1,1
2022-04-07 15:03:45.925,17197,17198,17198,1,1
2022-04-07 15:03:45.925,17197,17198,17198,2,2
2022-04-07 15:03:45.925,17197,17198,17198,1,1
2022-04-07 15:03:45.925,17197,17198,17198,5,5
2022-04-07 15:03:45.926,17197,17198,17199,2,2
2022-04-07 15:03:46.011,17198,17199,17198,3,-3
2022-04-07 15:03:47.654,17198,17199,17198,1,-1
2022-04-07 15:03:47.747,17197,17198,17198,1,1
2022-04-07 15:03:47.748,17197,17198,17198,1,1
2022-04-07 15:03:48.418,17197,17198,17198,1,1
2022-04-07 15:03:50.969,17197,17198,17197,2,-2
2022-04-07 15:03:51.062,17197,17198,17198,2,2
2022-04-07 15:03:51.751,17197,17198,17197,1,-1
2022-04-07 15:03:51.908,17196,17197,17197,1,1
2022-04-07 15:03:52.829,17196,17197,17197,2,2
2022-04-07 15:03:54.790,17197,17198,17197,1,-1
2022-04-07 15:03:55.613,17196,17197,17196,1,-1
2022-04-07 15:03:55.613,17196,17197,17196,1,-1
2022-04-07 15:03:55.613,17196,17197,17196,3,-3
2022-04-07 15:03:55.613,17196,17197,17196,1,-1
2022-04-07 15:03:57.051,17195,17197,17197,1,1
2022-04-07 15:03:58.472,17196,17197,17197,1,1
2022-04-07 15:03:59.915,17197,17198,17197,1,-1
2022-04-07 15:04:00.081,17196,17197,17197,3,3
2022-04-07 15:04:00.082,17196,17197,17197,1,1
2022-04-07 15:04:00.867,17197,17198,17197,1,-1
2022-04-07 15:04:00.985,17197,17198,17198,2,2
2022-04-07 15:04:01.411,17197,17198,17197,5,-5
2022-04-07 15:04:02.713,17197,17198,17198,4,4
2022-04-07 15:04:02.797,17198,17199,17198,1,-1
2022-04-07 15:04:04.240,17197,17198,17197,1,-1
2022-04-07 15:04:04.323,17197,17198,17198,1,1
2022-04-07 15:04:04.367,17197,17198,17197,1,-1
2022-04-07 15:04:04.367,17197,17198,17197,1,-1
2022-04-07 15:04:04.384,17197,17198,17197,1,-1
2022-04-07 15:04:04.384,17197,17198,17197,1,-1
2022-04-07 15:04:04.384,17197,17198,17197,1,-1
2022-04-07 15:04:04.552,17196,17198,17196,1,-1
2022-04-07 15:04:04.980,17196,17198,17197,1,1
2022-04-07 15:04:09.745,17197,17198,17197,1,-1
2022-04-07 15:04:10.167,17197,17198,17198,3,3
2022-04-07 15:04:11.446,17198,17199,17198,3,-3
2022-04-07 15:04:11.766,17197,17199,17199,11,11
2022-04-07 15:04:12.196,17199,17200,17200,2,2
2022-04-07 15:04:12.196,17199,17200,17200,2,2
2022-04-07 15:04:12.196,17199,17200,17200,1,1
2022-04-07 15:04:12.197,17199,17200,17200,2,2
2022-04-07 15:04:12.933,17199,17201,17201,6,6
2022-04-07 15:04:12.933,17199,17201,17202,4,4
2022-04-07 15:04:12.934,17199,17201,17201,1,1
2022-04-07 15:04:14.428,17200,17202,17200,1,-1
2022-04-07 15:04:15.114,17199,17201,17199,1,-1
2022-04-07 15:04:16.158,17199,17201,17199,1,-1
2022-04-07 15:04:18.886,17200,17201,17200,1,-1
2022-04-07 15:04:18.929,17200,17201,17199,1,-1
2022-04-07 15:04:19.060,17198,17200,17200,1,1
2022-04-07 15:04:19.875,17198,17200,17198,1,-1
2022-04-07 15:04:25.963,17198,17199,17198,2,-2
2022-04-07 15:04:26.777,17198,17199,17198,1,-1
2022-04-07 15:04:26.822,17198,17199,17199,3,3
2022-04-07 15:04:28.159,17198,17199,17198,1,-1
2022-04-07 15:04:28.778,17198,17199,17198,1,-1
2022-04-07 15:04:29.603,17196,17197,17196,2,-2
2022-04-07 15:04:29.675,17196,17197,17196,1,-1
2022-04-07 15:04:30.204,17195,17196,17196,1,1
2022-04-07 15:04:30.204,17195,17196,17195,10,-10
2022-04-07 15:04:31.049,17194,17195,17194,1,-1
2022-04-07 15:04:31.415,17194,17195,17195,1,1
2022-04-07 15:04:31.642,17194,17196,17196,2,2
2022-04-07 15:04:32.470,17194,17196,17196,1,1
2022-04-07 15:04:36.073,17195,17196,17196,1,1
2022-04-07 15:04:37.538,17195,17196,17196,1,1
2022-04-07 15:04:39.701,17195,17196,17195,1,-1
2022-04-07 15:04:43.420,17195,17196,17195,1,-1
2022-04-07 15:04:43.743,17195,17196,17196,4,4
2022-04-07 15:04:43.745,17196,17197,17196,3,-3
2022-04-07 15:04:43.745,17196,17197,17196,1,-1
2022-04-07 15:04:46.008,17195,17197,17195,1,-1
2022-04-07 15:04:47.791,17195,17196,17196,2,2
2022-04-07 15:04:48.817,17195,17196,17195,3,-3
2022-04-07 15:04:48.818,17195,17196,17194,14,-14
2022-04-07 15:04:48.828,17195,17196,17193,3,-3
2022-04-07 15:04:48.965,17193,17194,17193,2,-2
2022-04-07 15:04:49.274,17193,17195,17194,4,4
2022-04-07 15:04:49.614,17193,17195,17193,1,-1
2022-04-07 15:04:52.653,17195,17196,17195,1,-1
2022-04-07 15:04:52.653,17195,17196,17195,1,-1
2022-04-07 15:04:54.964,17194,17195,17195,1,1
2022-04-07 15:04:56.417,17194,17196,17194,3,-3
2022-04-07 15:05:00.971,17194,17195,17194,1,-1
2022-04-07 15:05:00.999,17194,17195,17195,1,1
2022-04-07 15:05:00.999,17194,17195,17196,1,1
2022-04-07 15:05:01.000,17194,17195,17196,1,1
2022-04-07 15:05:01.000,17194,17195,17196,1,1
2022-04-07 15:05:01.000,17194,17195,17196,1,1
2022-04-07 15:05:01.000,17194,17195,17196,1,1
2022-04-07 15:05:01.000,17194,17195,17196,2,2
2022-04-07 15:05:01.000,17194,17195,17197,1,1
2022-04-07 15:05:01.001,17194,17195,17197,1,1
2022-04-07 15:05:01.008,17194,17195,17197,1,1
2022-04-07 15:05:01.035,17194,17195,17198,1,1
2022-04-07 15:05:01.035,17194,17195,17198,2,2
2022-04-07 15:05:01.122,17196,17198,17198,1,1
2022-04-07 15:05:01.123,17196,17198,17198,1,1
2022-04-07 15:05:01.124,17196,17198,17198,1,1
2022-04-07 15:05:01.129,17196,17198,17198,3,3
2022-04-07 15:05:01.276,17197,17199,17199,5,5
2022-04-07 15:05:01.287,17197,17199,17199,1,1
2022-04-07 15:05:01.321,17197,17199,17199,3,3
2022-04-07 15:05:01.321,17197,17199,17200,2,2
2022-04-07 15:05:01.321,17197,17199,17199,1,1
2022-04-07 15:05:01.349,17197,17199,17199,1,1
2022-04-07 15:05:01.407,17197,17199,17199,4,4
2022-04-07 15:05:01.407,17197,17199,17200,1,1
2022-04-07 15:05:01.411,17197,17199,17200,1,1
2022-04-07 15:05:01.524,17197,17199,17199,2,2
2022-04-07 15:05:01.920,17198,17199,17198,2,-2
2022-04-07 15:05:01.968,17198,17199,17199,1,1
2022-04-07 15:05:02.446,17198,17200,17198,1,-1
2022-04-07 15:05:03.839,17198,17200,17198,1,-1
2022-04-07 15:05:04.051,17198,17200,17200,5,5
2022-04-07 15:05:04.148,17198,17200,17198,1,-1
2022-04-07 15:05:04.181,17198,17200,17198,1,-1
2022-04-07 15:05:04.552,17198,17200,17198,1,-1
2022-04-07 15:05:05.259,17199,17200,17199,1,-1
2022-04-07 15:05:05.416,17199,17200,17199,1,-1
2022-04-07 15:05:06.315,17198,17200,17199,3,3
2022-04-07 15:05:07.470,17199,17200,17199,1,-1
2022-04-07 15:05:07.497,17198,17200,17200,1,1
2022-04-07 15:05:07.499,17198,17200,17200,1,1
2022-04-07 15:05:08.472,17198,17199,17199,1,1
2022-04-07 15:05:08.573,17198,17199,17199,2,2
2022-04-07 15:05:10.286,17198,17199,17198,1,-1
2022-04-07 15:05:10.286,17198,17199,17198,1,-1
2022-04-07 15:05:10.309,17198,17199,17198,2,-2
2022-04-07 15:05:10.470,17196,17198,17198,1,1
2022-04-07 15:05:10.562,17196,17198,17198,1,1
2022-04-07 15:05:14.091,17198,17199,17198,1,-1
2022-04-07 15:05:14.558,17197,17199,17198,36,36
2022-04-07 15:05:14.559,17197,17199,17199,1,1
2022-04-07 15:05:14.559,17197,17199,17199,3,3
2022-04-07 15:05:14.560,17197,17199,17199,1,1
2022-04-07 15:05:14.560,17197,17199,17199,2,2
2022-04-07 15:05:16.513,17199,17200,17200,9,9
2022-04-07 15:05:16.513,17199,17200,17200,1,1
2022-04-07 15:05:16.513,17199,17200,17200,1,1
2022-04-07 15:05:16.513,17199,17200,17200,1,1
2022-04-07 15:05:16.792,17200,17201,17200,2,-2
2022-04-07 15:05:17.099,17200,17201,17201,1,1
2022-04-07 15:05:17.121,17200,17201,17201,1,1
2022-04-07 15:05:17.122,17200,17201,17201,1,1
2022-04-07 15:05:17.122,17200,17201,17201,1,1
2022-04-07 15:05:17.122,17200,17201,17201,1,1
2022-04-07 15:05:17.122,17200,17201,17201,1,1
2022-04-07 15:05:17.122,17200,17201,17201,4,4
2022-04-07 15:05:17.122,17200,17201,17202,1,1
2022-04-07 15:05:17.122,17200,17201,17202,1,1
2022-04-07 15:05:17.122,17200,17201,17202,1,1
2022-04-07 15:05:17.123,17200,17201,17202,3,3
2022-04-07 15:05:17.123,17200,17201,17202,1,1
2022-04-07 15:05:17.123,17200,17201,17202,1,1
2022-04-07 15:05:17.124,17200,17201,17202,1,1
2022-04-07 15:05:17.124,17200,17201,17202,1,1
2022-04-07 15:05:17.124,17200,17201,17202,1,1
2022-04-07 15:05:17.130,17200,17201,17202,1,1
2022-04-07 15:05:17.332,17202,17203,17202,1,-1
2022-04-07 15:05:17.699,17201,17203,17201,4,-4
2022-04-07 15:05:18.027,17201,17203,17201,1,-1
2022-04-07 15:05:18.826,17201,17203,17202,1,1
2022-04-07 15:05:19.450,17201,17203,17201,4,-4
2022-04-07 15:05:19.862,17201,17203,17203,2,2
2022-04-07 15:05:20.268,17201,17203,17203,12,12
2022-04-07 15:05:20.484,17202,17204,17204,2,2
2022-04-07 15:05:20.484,17202,17204,17204,1,1
2022-04-07 15:05:20.484,17202,17204,17204,2,2
2022-04-07 15:05:20.484,17202,17204,17204,1,1
2022-04-07 15:05:20.484,17202,17204,17204,1,1
2022-04-07 15:05:20.484,17202,17204,17204,2,2
2022-04-07 15:05:20.485,17202,17204,17205,9,9
2022-04-07 15:05:20.702,17204,17205,17205,9,9
2022-04-07 15:05:20.702,17204,17205,17205,1,1
2022-04-07 15:05:20.702,17204,17205,17205,3,3
2022-04-07 15:05:20.702,17204,17205,17205,6,6
2022-04-07 15:05:20.703,17204,17205,17205,1,1
2022-04-07 15:05:21.220,17204,17205,17205,2,2
2022-04-07 15:05:21.220,17204,17205,17205,1,1
2022-04-07 15:05:21.316,17204,17205,17205,1,1
2022-04-07 15:05:21.317,17204,17205,17205,1,1
2022-04-07 15:05:22.053,17204,17205,17205,1,1
2022-04-07 15:05:22.495,17204,17205,17204,1,-1
2022-04-07 15:05:22.898,17204,17205,17204,1,-1
2022-04-07 15:05:23.380,17204,17205,17205,1,1
2022-04-07 15:05:23.380,17204,17205,17205,1,1
2022-04-07 15:05:23.443,17204,17205,17204,1,-1
2022-04-07 15:05:23.885,17204,17206,17204,1,-1
2022-04-07 15:05:24.360,17204,17206,17206,3,3
2022-04-07 15:05:24.436,17204,17206,17206,2,2
2022-04-07 15:05:24.458,17204,17206,17206,1,1
2022-04-07 15:05:24.460,17204,17206,17206,2,2
2022-04-07 15:05:24.475,17204,17206,17206,1,1
2022-04-07 15:05:24.489,17204,17206,17206,1,1
2022-04-07 15:05:25.423,17204,17206,17206,2,2
2022-04-07 15:05:26.150,17204,17206,17206,5,5
2022-04-07 15:05:30.204,17205,17206,17205,1,-1
2022-04-07 15:05:30.247,17205,17206,17206,1,1
2022-04-07 15:05:30.248,17205,17206,17206,1,1
2022-04-07 15:05:30.248,17205,17206,17206,1,1
2022-04-07 15:05:30.248,17205,17206,17206,1,1
2022-04-07 15:05:30.248,17205,17206,17206,1,1
2022-04-07 15:05:30.248,17205,17206,17207,1,1
2022-04-07 15:05:30.248,17205,17206,17207,1,1
2022-04-07 15:05:30.248,17205,17206,17207,1,1
2022-04-07 15:05:30.248,17205,17206,17207,1,1
2022-04-07 15:05:30.248,17205,17206,17207,1,1
2022-04-07 15:05:30.249,17205,17206,17207,1,1
2022-04-07 15:05:30.249,17205,17206,17207,1,1
2022-04-07 15:05:30.303,17205,17206,17206,2,2
2022-04-07 15:05:30.580,17206,17207,17206,2,-2
2022-04-07 15:05:30.706,17205,17207,17206,1,1
2022-04-07 15:05:30.805,17205,17206,17207,1,1
2022-04-07 15:05:30.844,17205,17206,17207,1,1
2022-04-07 15:05:30.918,17205,17207,17207,1,1
2022-04-07 15:05:30.930,17205,17207,17206,1,1
2022-04-07 15:05:31.050,17205,17207,17207,4,4
2022-04-07 15:05:31.127,17205,17206,17206,2,2
2022-04-07 15:05:31.243,17205,17206,17205,1,-1
2022-04-07 15:05:31.260,17205,17207,17207,2,2
2022-04-07 15:05:32.001,17205,17207,17205,2,-2
2022-04-07 15:05:32.300,17205,17207,17205,1,-1
2022-04-07 15:05:33.163,17205,17206,17206,2,2
2022-04-07 15:05:33.163,17205,17206,17207,3,3
2022-04-07 15:05:34.010,17205,17206,17205,1,-1
2022-04-07 15:05:34.348,17205,17206,17206,1,1
2022-04-07 15:05:35.935,17205,17206,17206,1,1
2022-04-07 15:05:36.027,17205,17206,17206,4,4
2022-04-07 15:05:36.248,17205,17207,17205,1,-1
2022-04-07 15:05:36.760,17205,17206,17205,3,-3
2022-04-07 15:05:38.283,17204,17205,17204,2,-2
2022-04-07 15:05:38.344,17204,17205,17204,1,-1
2022-04-07 15:05:38.372,17203,17204,17204,1,1
2022-04-07 15:05:38.373,17203,17204,17204,1,1
2022-04-07 15:05:38.373,17203,17204,17204,1,1
2022-04-07 15:05:38.397,17203,17204,17205,1,1
2022-04-07 15:05:38.662,17203,17204,17203,1,-1
2022-04-07 15:05:38.662,17203,17204,17203,1,-1
2022-04-07 15:05:38.662,17203,17204,17203,1,-1
2022-04-07 15:05:38.942,17201,17203,17203,1,1
2022-04-07 15:05:39.705,17202,17203,17203,1,1
2022-04-07 15:05:39.814,17202,17203,17203,2,2
2022-04-07 15:05:40.734,17202,17203,17202,1,-1
2022-04-07 15:05:40.734,17202,17203,17201,1,-1
2022-04-07 15:05:42.459,17201,17202,17201,6,-6
2022-04-07 15:05:45.483,17200,17201,17201,1,1
2022-04-07 15:05:45.636,17200,17201,17201,1,1
2022-04-07 15:05:45.636,17200,17201,17201,2,2
2022-04-07 15:05:45.637,17200,17201,17202,1,1
2022-04-07 15:05:48.014,17201,17202,17202,1,1
2022-04-07 15:05:49.295,17201,17203,17203,1,1
2022-04-07 15:05:49.373,17201,17203,17203,1,1
2022-04-07 15:05:52.038,17201,17202,17202,1,1
2022-04-07 15:05:52.051,17201,17202,17203,1,1
2022-04-07 15:05:54.735,17203,17204,17204,1,1
2022-04-07 15:05:55.325,17204,17205,17204,1,-1
2022-04-07 15:05:55.325,17204,17205,17204,1,-1
2022-04-07 15:05:56.370,17203,17205,17203,1,-1
2022-04-07 15:05:56.523,17203,17205,17203,2,-2
2022-04-07 15:05:56.580,17203,17205,17203,1,-1
2022-04-07 15:05:57.151,17202,17204,17204,2,2
2022-04-07 15:05:57.675,17202,17204,17204,1,1
2022-04-07 15:05:58.117,17203,17204,17203,1,-1
2022-04-07 15:05:58.624,17203,17204,17204,2,2
2022-04-07 15:05:59.181,17203,17204,17204,2,2
2022-04-07 15:05:59.825,17203,17204,17203,1,-1
2022-04-07 15:06:00.126,17203,17204,17204,2,2
2022-04-07 15:06:00.249,17204,17205,17205,1,1
2022-04-07 15:06:00.250,17204,17205,17205,1,1
2022-04-07 15:06:00.250,17204,17205,17205,1,1
2022-04-07 15:06:00.250,17204,17205,17206,1,1
2022-04-07 15:06:00.505,17205,17206,17206,3,3
2022-04-07 15:06:00.619,17205,17206,17206,1,1
2022-04-07 15:06:00.625,17205,17206,17206,2,2
2022-04-07 15:06:00.625,17205,17206,17207,1,1
2022-04-07 15:06:01.810,17204,17206,17204,1,-1
2022-04-07 15:06:02.135,17204,17206,17204,1,-1
2022-04-07 15:06:02.135,17204,17206,17204,1,-1
2022-04-07 15:06:02.240,17204,17206,17205,2,2
2022-04-07 15:06:05.399,17204,17206,17204,1,-1
2022-04-07 15:06:06.766,17204,17206,17206,1,1
2022-04-07 15:06:08.668,17205,17206,17205,1,-1
2022-04-07 15:06:08.749,17205,17206,17206,1,1
2022-04-07 15:06:09.616,17205,17206,17205,1,-1
2022-04-07 15:06:09.975,17205,17206,17206,2,2
2022-04-07 15:06:11.228,17205,17206,17206,2,2
2022-04-07 15:06:11.228,17205,17206,17207,15,15
2022-04-07 15:06:11.228,17205,17206,17208,3,3
2022-04-07 15:06:11.248,17206,17208,17206,5,-5
2022-04-07 15:06:11.518,17205,17207,17207,1,1
2022-04-07 15:06:11.759,17206,17207,17207,1,1
2022-04-07 15:06:11.774,17206,17207,17207,1,1
2022-04-07 15:06:11.797,17206,17207,17208,1,1
2022-04-07 15:06:11.916,17206,17208,17208,1,1
2022-04-07 15:06:12.060,17206,17208,17208,1,1
2022-04-07 15:06:12.070,17206,17208,17208,1,1
2022-04-07 15:06:12.246,17207,17208,17207,1,-1
2022-04-07 15:06:12.335,17207,17208,17208,6,6
2022-04-07 15:06:12.745,17206,17208,17208,1,1
2022-04-07 15:06:12.921,17206,17208,17208,3,3
2022-04-07 15:06:13.263,17206,17208,17208,3,3
2022-04-07 15:06:13.432,17206,17208,17206,3,-3
2022-04-07 15:06:13.432,17206,17208,17205,1,-1
2022-04-07 15:06:15.892,17206,17207,17207,3,3
2022-04-07 15:06:16.943,17206,17207,17207,3,3
2022-04-07 15:06:17.385,17206,17207,17206,3,-3
2022-04-07 15:06:17.497,17205,17206,17206,1,1
2022-04-07 15:06:17.497,17205,17206,17206,1,1
2022-04-07 15:06:17.498,17205,17206,17207,1,1
2022-04-07 15:06:18.400,17205,17206,17206,1,1
2022-04-07 15:06:18.452,17205,17206,17206,1,1
2022-04-07 15:06:18.861,17205,17206,17206,1,1
2022-04-07 15:06:18.861,17205,17206,17207,2,2
2022-04-07 15:06:19.492,17205,17206,17206,2,2
2022-04-07 15:06:19.505,17206,17207,17206,1,-1
2022-04-07 15:06:19.547,17206,17207,17207,1,1
2022-04-07 15:06:19.578,17206,17207,17207,2,2
2022-04-07 15:06:19.645,17206,17207,17206,1,-1
2022-04-07 15:06:20.196,17205,17207,17205,1,-1
2022-04-07 15:06:20.338,17205,17207,17207,1,1
2022-04-07 15:06:20.570,17205,17207,17207,1,1
2022-04-07 15:06:21.461,17206,17208,17207,1,1
2022-04-07 15:06:22.410,17207,17208,17207,1,-1
2022-04-07 15:06:23.056,17207,17208,17207,1,-1
2022-04-07 15:06:23.200,17207,17208,17207,1,-1
2022-04-07 15:06:23.438,17206,17208,17208,3,3
2022-04-07 15:06:24.135,17206,17208,17208,3,3
2022-04-07 15:06:24.502,17207,17208,17207,1,-1
2022-04-07 15:06:24.646,17207,17208,17207,3,-3
2022-04-07 15:06:25.340,17207,17208,17208,2,2
2022-04-07 15:06:25.484,17208,17209,17208,1,-1
2022-04-07 15:06:26.503,17208,17209,17208,1,-1
2022-04-07 15:06:26.703,17208,17209,17208,1,-1
2022-04-07 15:06:27.785,17207,17208,17207,1,-1
2022-04-07 15:06:27.871,17207,17208,17208,1,1
2022-04-07 15:06:27.872,17207,17208,17208,1,1
2022-04-07 15:06:28.198,17207,17209,17208,1,1
2022-04-07 15:06:28.216,17207,17209,17207,1,-1
2022-04-07 15:06:29.329,17206,17208,17207,1,1
2022-04-07 15:06:29.652,17206,17207,17206,1,-1
2022-04-07 15:06:29.652,17206,17207,17206,1,-1
2022-04-07 15:06:29.652,17206,17207,17206,1,-1
2022-04-07 15:06:29.713,17206,17207,17205,1,-1
2022-04-07 15:06:29.802,17205,17206,17205,1,-1
2022-04-07 15:06:29.802,17205,17206,17205,2,-2
2022-04-07 15:06:29.849,17205,17206,17205,1,-1
2022-04-07 15:06:31.385,17205,17207,17207,1,1
2022-04-07 15:06:31.995,17205,17207,17207,5,5
2022-04-07 15:06:32.353,17205,17207,17206,1,1
2022-04-07 15:06:32.884,17205,17206,17205,1,-1
2022-04-07 15:06:33.144,17205,17206,17205,2,-2
2022-04-07 15:06:33.150,17205,17206,17206,1,1
2022-04-07 15:06:33.438,17205,17207,17207,1,1
2022-04-07 15:06:37.377,17206,17207,17207,3,3
2022-04-07 15:06:37.377,17206,17207,17208,2,2
2022-04-07 15:06:37.779,17206,17207,17207,1,1
2022-04-07 15:06:38.063,17206,17207,17206,2,-2
2022-04-07 15:06:38.122,17206,17207,17207,1,1
2022-04-07 15:06:38.552,17206,17207,17206,1,-1
2022-04-07 15:06:43.244,17206,17207,17206,1,-1
2022-04-07 15:06:44.309,17204,17206,17206,1,1
2022-04-07 15:06:44.536,17204,17206,17206,1,1
2022-04-07 15:06:44.723,17204,17206,17206,2,2
2022-04-07 15:06:45.018,17205,17206,17205,1,-1
2022-04-07 15:06:45.436,17204,17206,17206,2,2
2022-04-07 15:06:45.436,17204,17206,17207,2,2
2022-04-07 15:06:46.448,17205,17207,17207,2,2
2022-04-07 15:06:46.448,17205,17207,17207,1,1
2022-04-07 15:06:46.449,17205,17207,17208,1,1
2022-04-07 15:06:46.450,17205,17207,17208,1,1
2022-04-07 15:06:46.450,17205,17207,17208,1,1
2022-04-07 15:06:46.491,17205,17207,17208,2,2
2022-04-07 15:06:46.526,17207,17208,17208,2,2
2022-04-07 15:06:46.533,17207,17208,17208,3,3
2022-04-07 15:06:46.533,17207,17208,17209,1,1
2022-04-07 15:06:46.534,17207,17208,17209,1,1
2022-04-07 15:06:46.534,17207,17208,17209,1,1
2022-04-07 15:06:46.534,17207,17208,17209,1,1
2022-04-07 15:06:46.574,17207,17208,17209,1,1
2022-04-07 15:06:46.910,17208,17209,17209,2,2
2022-04-07 15:06:48.256,17208,17209,17208,2,-2
2022-04-07 15:06:48.257,17208,17209,17208,1,-1
2022-04-07 15:06:48.257,17208,17209,17208,1,-1
2022-04-07 15:06:48.257,17208,17209,17208,1,-1
2022-04-07 15:06:48.257,17208,17209,17208,1,-1
2022-04-07 15:06:48.372,17208,17209,17209,1,1
2022-04-07 15:06:48.690,17208,17209,17208,1,-1
2022-04-07 15:06:48.960,17208,17209,17208,1,-1
2022-04-07 15:06:49.477,17208,17209,17208,10,-10
2022-04-07 15:06:50.135,17206,17208,17208,1,1
2022-04-07 15:06:52.620,17205,17207,17207,1,1
2022-04-07 15:06:53.314,17205,17207,17207,1,1
2022-04-07 15:06:54.141,17205,17207,17206,1,1
2022-04-07 15:06:54.310,17205,17206,17206,1,1
2022-04-07 15:06:54.310,17205,17206,17207,1,1
2022-04-07 15:06:54.404,17205,17207,17207,1,1
2022-04-07 15:06:56.305,17205,17206,17205,2,-2
2022-04-07 15:06:57.339,17205,17206,17205,1,-1
2022-04-07 15:06:57.340,17205,17206,17205,4,-4
2022-04-07 15:06:58.936,17204,17205,17204,1,-1
2022-04-07 15:06:59.608,17204,17205,17204,1,-1
2022-04-07 15:06:59.608,17204,17205,17203,2,-2
2022-04-07 15:06:59.761,17203,17204,17204,1,1
2022-04-07 15:07:01.211,17204,17205,17204,1,-1
2022-04-07 15:07:01.450,17203,17205,17205,1,1
2022-04-07 15:07:01.450,17203,17205,17205,1,1
2022-04-07 15:07:01.457,17203,17205,17205,1,1
2022-04-07 15:07:01.469,17203,17205,17205,1,1
2022-04-07 15:07:01.493,17203,17205,17205,1,1
2022-04-07 15:07:01.719,17203,17206,17206,1,1
2022-04-07 15:07:01.749,17204,17206,17206,1,1
2022-04-07 15:07:02.091,17204,17206,17204,3,-3
2022-04-07 15:07:02.098,17204,17206,17205,1,1
2022-04-07 15:07:05.664,17204,17205,17204,1,-1
2022-04-07 15:07:07.280,17203,17206,17204,1,-1
2022-04-07 15:07:07.648,17203,17205,17203,1,-1
2022-04-07 15:07:09.200,17203,17204,17203,1,-1
2022-04-07 15:07:09.247,17203,17204,17204,1,1
2022-04-07 15:07:09.248,17203,17204,17205,1,1
2022-04-07 15:07:09.775,17203,17206,17206,1,1
2022-04-07 15:07:10.679,17203,17205,17203,1,-1
2022-04-07 15:07:13.541,17203,17205,17203,1,-1
2022-04-07 15:07:14.034,17203,17205,17203,1,-1
2022-04-07 15:07:14.979,17202,17203,17203,1,1
2022-04-07 15:07:14.980,17202,17203,17202,2,-2
2022-04-07 15:07:14.981,17202,17203,17202,1,-1
2022-04-07 15:07:16.925,17202,17203,17202,1,-1
2022-04-07 15:07:16.925,17202,17203,17202,1,-1
2022-04-07 15:07:16.925,17202,17203,17202,3,-3
2022-04-07 15:07:19.701,17202,17204,17202,1,-1
2022-04-07 15:07:19.747,17202,17203,17203,1,1
2022-04-07 15:07:23.450,17202,17203,17202,1,-1
2022-04-07 15:07:24.044,17202,17203,17203,1,1
2022-04-07 15:07:25.151,17203,17205,17203,1,-1
2022-04-07 15:07:27.702,17202,17204,17202,3,-3
2022-04-07 15:07:27.976,17202,17203,17202,1,-1
2022-04-07 15:07:28.556,17202,17204,17202,10,-10
2022-04-07 15:07:28.622,17202,17203,17203,1,1
2022-04-07 15:07:28.623,17202,17203,17203,1,1
2022-04-07 15:07:28.623,17202,17203,17204,1,1
2022-04-07 15:07:30.769,17202,17203,17202,1,-1
2022-04-07 15:07:33.484,17202,17203,17203,1,1
2022-04-07 15:07:33.485,17202,17203,17203,1,1
2022-04-07 15:07:33.485,17202,17203,17203,8,8
2022-04-07 15:07:33.485,17202,17203,17203,1,1
2022-04-07 15:07:34.580,17202,17203,17203,1,1
2022-04-07 15:07:38.308,17202,17203,17202,4,-4
2022-04-07 15:07:38.308,17202,17203,17202,7,-7
2022-04-07 15:07:38.308,17202,17203,17202,4,-4
2022-04-07 15:07:38.309,17202,17203,17202,9,-9
2022-04-07 15:07:39.927,17202,17203,17203,1,1
2022-04-07 15:07:40.350,17202,17203,17203,2,2
2022-04-07 15:07:45.671,17203,17204,17203,1,-1
2022-04-07 15:07:45.671,17203,17204,17203,2,-2
2022-04-07 15:07:46.321,17202,17203,17202,1,-1
2022-04-07 15:07:50.218,17202,17203,17202,1,-1
2022-04-07 15:07:50.248,17202,17203,17203,1,1
2022-04-07 15:07:50.248,17202,17203,17203,1,1
2022-04-07 15:07:50.248,17202,17203,17203,1,1
2022-04-07 15:07:51.027,17202,17203,17202,2,-2
2022-04-07 15:07:52.930,17202,17203,17202,1,-1
2022-04-07 15:07:53.335,17201,17202,17201,3,-3
2022-04-07 15:07:53.467,17201,17202,17202,1,1
2022-04-07 15:08:00.343,17201,17202,17202,2,2
2022-04-07 15:08:00.373,17201,17202,17202,1,1
2022-04-07 15:08:00.374,17201,17202,17203,1,1
2022-04-07 15:08:00.374,17201,17202,17203,1,1
2022-04-07 15:08:00.374,17201,17202,17203,1,1
2022-04-07 15:08:01.125,17202,17203,17203,1,1
2022-04-07 15:08:01.125,17202,17203,17203,4,4
2022-04-07 15:08:03.471,17202,17204,17202,1,-1
2022-04-07 15:08:09.028,17202,17203,17202,1,-1
2022-04-07 15:08:10.052,17202,17203,17202,1,-1
2022-04-07 15:08:10.052,17202,17203,17202,1,-1
2022-04-07 15:08:10.052,17202,17203,17202,1,-1
2022-04-07 15:08:10.053,17202,17203,17202,1,-1
2022-04-07 15:08:10.053,17202,17203,17202,1,-1
2022-04-07 15:08:10.122,17201,17202,17202,1,1
2022-04-07 15:08:10.123,17201,17202,17203,1,1
2022-04-07 15:08:10.123,17201,17202,17203,1,1
2022-04-07 15:08:10.217,17201,17202,17203,1,1
2022-04-07 15:08:18.373,17201,17202,17201,2,-2
2022-04-07 15:08:21.184,17201,17202,17201,1,-1
2022-04-07 15:08:22.150,17201,17202,17201,1,-1
2022-04-07 15:08:23.046,17201,17202,17201,1,-1
2022-04-07 15:08:29.025,17201,17202,17201,1,-1
2022-04-07 15:08:29.194,17201,17202,17201,1,-1
2022-04-07 15:08:30.719,17201,17202,17201,1,-1
2022-04-07 15:08:30.747,17201,17202,17202,1,1
2022-04-07 15:08:30.747,17201,17202,17202,1,1
2022-04-07 15:08:30.747,17201,17202,17202,1,1
2022-04-07 15:08:30.748,17201,17202,17202,1,1
2022-04-07 15:08:30.771,17201,17202,17202,2,2
2022-04-07 15:08:30.828,17201,17202,17203,2,2
2022-04-07 15:08:30.828,17201,17202,17204,1,1
2022-04-07 15:08:32.892,17202,17204,17202,5,-5
2022-04-07 15:08:33.990,17201,17203,17201,2,-2
2022-04-07 15:08:34.163,17201,17203,17203,2,2
2022-04-07 15:08:40.363,17202,17203,17203,1,1
2022-04-07 15:08:41.669,17202,17203,17202,1,-1
2022-04-07 15:08:41.747,17201,17202,17202,1,1
2022-04-07 15:08:41.747,17201,17202,17202,1,1
2022-04-07 15:08:44.198,17201,17203,17203,1,1
2022-04-07 15:08:44.571,17201,17203,17203,22,22
2022-04-07 15:08:44.573,17201,17203,17204,6,6
2022-04-07 15:08:44.574,17201,17203,17204,1,1
2022-04-07 15:08:44.574,17201,17203,17204,1,1
2022-04-07 15:08:44.574,17201,17203,17204,2,2
2022-04-07 15:08:44.630,17204,17205,17204,1,-1
2022-04-07 15:08:48.713,17203,17205,17203,1,-1
2022-04-07 15:08:49.656,17203,17205,17203,1,-1
2022-04-07 15:08:49.747,17203,17205,17205,1,1
2022-04-07 15:08:49.747,17203,17205,17205,1,1
2022-04-07 15:08:49.747,17203,17205,17205,1,1
2022-04-07 15:08:50.744,17203,17205,17203,5,-5
2022-04-07 15:08:54.057,17203,17204,17204,2,2
2022-04-07 15:08:54.765,17203,17204,17203,1,-1
2022-04-07 15:08:54.765,17203,17204,17202,4,-4
2022-04-07 15:08:56.986,17202,17203,17202,1,-1
2022-04-07 15:08:57.392,17202,17203,17202,1,-1
2022-04-07 15:08:58.206,17201,17203,17203,2,2
2022-04-07 15:08:58.389,17202,17204,17202,1,-1
2022-04-07 15:08:58.671,17201,17202,17202,1,1
2022-04-07 15:09:02.198,17203,17204,17204,2,2
2022-04-07 15:09:02.199,17203,17204,17204,4,4
2022-04-07 15:09:02.329,17204,17205,17204,1,-1
2022-04-07 15:09:02.329,17204,17205,17203,2,-2
2022-04-07 15:09:02.969,17203,17205,17203,1,-1
2022-04-07 15:09:05.164,17204,17205,17204,1,-1
2022-04-07 15:09:05.164,17204,17205,17204,1,-1
2022-04-07 15:09:06.051,17203,17205,17203,1,-1
2022-04-07 15:09:07.493,17203,17204,17203,1,-1
2022-04-07 15:09:07.991,17203,17204,17204,2,2
2022-04-07 15:09:10.204,17203,17204,17204,3,3
2022-04-07 15:09:11.764,17203,17205,17205,2,2
2022-04-07 15:09:11.765,17203,17205,17205,1,1
2022-04-07 15:09:11.817,17203,17205,17205,5,5
2022-04-07 15:09:11.817,17203,17205,17205,1,1
2022-04-07 15:09:11.892,17205,17206,17206,6,6
2022-04-07 15:09:11.897,17205,17206,17206,2,2
2022-04-07 15:09:11.897,17205,17206,17206,1,1
2022-04-07 15:09:11.898,17205,17206,17206,1,1
2022-04-07 15:09:11.898,17205,17206,17206,1,1
2022-04-07 15:09:11.898,17205,17206,17206,4,4
2022-04-07 15:09:11.973,17205,17206,17207,2,2
2022-04-07 15:09:12.026,17206,17207,17206,1,-1
2022-04-07 15:09:13.332,17206,17207,17206,3,-3
2022-04-07 15:09:13.662,17205,17207,17205,6,-6
2022-04-07 15:09:17.305,17204,17205,17205,1,1
2022-04-07 15:09:18.337,17204,17206,17206,1,1
2022-04-07 15:09:20.577,17205,17206,17206,1,1
2022-04-07 15:09:20.965,17205,17207,17205,1,-1
2022-04-07 15:09:21.378,17205,17206,17206,1,1
2022-04-07 15:09:23.925,17205,17206,17206,1,1
2022-04-07 15:09:23.925,17205,17206,17207,1,1
2022-04-07 15:09:28.796,17205,17206,17205,1,-1
2022-04-07 15:09:30.249,17205,17206,17205,3,-3
2022-04-07 15:09:33.081,17204,17206,17206,1,1
2022-04-07 15:09:35.829,17204,17205,17205,1,1
2022-04-07 15:09:36.485,17204,17205,17205,1,1
2022-04-07 15:09:37.270,17204,17205,17204,1,-1
2022-04-07 15:09:37.925,17204,17205,17205,1,1
2022-04-07 15:09:38.225,17204,17205,17204,9,-9
2022-04-07 15:09:38.227,17204,17205,17203,4,-4
2022-04-07 15:09:38.606,17203,17205,17203,1,-1
2022-04-07 15:09:42.710,17203,17204,17204,1,1
2022-04-07 15:09:43.149,17203,17204,17203,1,-1
2022-04-07 15:09:46.209,17203,17204,17204,2,2
2022-04-07 15:09:47.272,17204,17205,17204,1,-1
2022-04-07 15:09:50.996,17204,17205,17204,1,-1
2022-04-07 15:09:51.427,17204,17205,17204,1,-1
2022-04-07 15:09:53.031,17204,17205,17204,1,-1
2022-04-07 15:09:56.461,17202,17204,17202,5,-5
2022-04-07 15:09:59.886,17202,17203,17202,3,-3
2022-04-07 15:10:00.510,17201,17202,17202,3,3
2022-04-07 15:10:00.711,17201,17203,17202,1,1
2022-04-07 15:10:00.818,17202,17203,17203,2,2
2022-04-07 15:10:00.853,17202,17203,17203,1,1
2022-04-07 15:10:00.859,17202,17203,17203,2,2
2022-04-07 15:10:00.866,17202,17203,17204,1,1
2022-04-07 15:10:00.881,17203,17205,17205,2,2
2022-04-07 15:10:00.890,17203,17205,17205,1,1
2022-04-07 15:10:00.906,17203,17205,17205,1,1
2022-04-07 15:10:00.929,17203,17205,17205,1,1
2022-04-07 15:10:00.956,17203,17205,17205,1,1
2022-04-07 15:10:00.969,17203,17205,17205,1,1
2022-04-07 15:10:00.987,17203,17205,17205,1,1
2022-04-07 15:10:01.043,17203,17205,17205,1,1
2022-04-07 15:10:01.054,17203,17205,17205,1,1
2022-04-07 15:10:01.066,17203,17205,17205,1,1
2022-04-07 15:10:01.091,17203,17205,17205,1,1
2022-04-07 15:10:01.120,17203,17205,17205,1,1
2022-04-07 15:10:01.134,17203,17205,17205,1,1
2022-04-07 15:10:01.146,17203,17205,17204,1,1
2022-04-07 15:10:01.198,17203,17205,17205,1,1
2022-04-07 15:10:01.209,17203,17205,17205,1,1
2022-04-07 15:10:01.221,17203,17205,17205,1,1
2022-04-07 15:10:01.274,17203,17205,17205,1,1
2022-04-07 15:10:01.285,17203,17205,17205,1,1
2022-04-07 15:10:01.359,17203,17205,17205,1,1
2022-04-07 15:10:01.375,17203,17205,17205,1,1
2022-04-07 15:10:01.389,17203,17205,17205,1,1
2022-04-07 15:10:01.434,17203,17205,17205,1,1
2022-04-07 15:10:01.446,17203,17205,17206,1,1
2022-04-07 15:10:01.461,17203,17205,17205,1,1
2022-04-07 15:10:01.777,17203,17205,17205,1,1
2022-04-07 15:10:01.790,17203,17205,17205,1,1
2022-04-07 15:10:01.802,17203,17205,17205,1,1
2022-04-07 15:10:01.816,17203,17205,17206,1,1
2022-04-07 15:10:01.828,17203,17205,17206,1,1
2022-04-07 15:10:01.842,17203,17205,17205,1,1
2022-04-07 15:10:01.855,17203,17205,17205,1,1
2022-04-07 15:10:01.869,17203,17205,17206,1,1
2022-04-07 15:10:01.883,17204,17206,17206,1,1
2022-04-07 15:10:01.898,17204,17206,17206,1,1
2022-04-07 15:10:01.910,17204,17206,17206,1,1
2022-04-07 15:10:01.923,17204,17206,17206,1,1
2022-04-07 15:10:01.936,17204,17206,17206,1,1
2022-04-07 15:10:01.964,17204,17206,17206,1,1
2022-04-07 15:10:01.978,17204,17206,17206,1,1
2022-04-07 15:10:01.993,17204,17206,17206,1,1
2022-04-07 15:10:02.006,17204,17206,17206,1,1
2022-04-07 15:10:02.019,17204,17206,17206,1,1
2022-04-07 15:10:02.032,17204,17206,17206,1,1
2022-04-07 15:10:02.048,17204,17206,17206,1,1
2022-04-07 15:10:02.062,17204,17206,17206,1,1
2022-04-07 15:10:02.079,17204,17206,17206,1,1
2022-04-07 15:10:02.094,17204,17206,17206,1,1
2022-04-07 15:10:02.106,17204,17206,17206,1,1
2022-04-07 15:10:02.121,17204,17206,17206,1,1
2022-04-07 15:10:02.151,17204,17206,17206,1,1
2022-04-07 15:10:02.438,17204,17206,17206,1,1
2022-04-07 15:10:02.962,17204,17206,17205,1,1
2022-04-07 15:10:04.031,17205,17207,17205,3,-3
2022-04-07 15:10:04.032,17205,17207,17205,2,-2
2022-04-07 15:10:05.352,17206,17207,17206,1,-1
2022-04-07 15:10:05.559,17206,17207,17206,1,-1
2022-04-07 15:10:05.591,17206,17207,17206,1,-1
2022-04-07 15:10:07.281,17206,17207,17206,1,-1
2022-04-07 15:10:09.559,17205,17206,17205,5,-5
2022-04-07 15:10:09.559,17205,17206,17204,9,-9
2022-04-07 15:10:09.560,17205,17206,17204,4,-4
2022-04-07 15:10:09.560,17205,17206,17204,4,-4
2022-04-07 15:10:09.561,17205,17206,17204,1,-1
2022-04-07 15:10:09.561,17205,17206,17204,2,-2
2022-04-07 15:10:09.561,17205,17206,17204,1,-1
2022-04-07 15:10:11.672,17203,17206,17204,1,-1
2022-04-07 15:10:13.204,17203,17204,17203,1,-1
2022-04-07 15:10:13.344,17202,17204,17202,3,-3
2022-04-07 15:10:13.379,17202,17203,17202,1,-1
2022-04-07 15:10:13.379,17202,17203,17202,1,-1
2022-04-07 15:10:13.768,17202,17204,17202,1,-1
2022-04-07 15:10:14.668,17203,17205,17205,1,1
2022-04-07 15:10:17.206,17203,17205,17203,3,-3
2022-04-07 15:10:17.209,17203,17205,17203,1,-1
2022-04-07 15:10:19.099,17203,17204,17204,5,5
2022-04-07 15:10:19.321,17204,17205,17205,2,2
2022-04-07 15:10:24.923,17205,17206,17206,1,1
2022-04-07 15:10:26.135,17205,17207,17207,2,2
2022-04-07 15:10:28.086,17206,17207,17206,1,-1
2022-04-07 15:10:29.117,17206,17207,17207,1,1
2022-04-07 15:10:29.117,17206,17207,17207,1,1
2022-04-07 15:10:29.117,17206,17207,17207,1,1
2022-04-07 15:10:29.117,17206,17207,17207,2,2
2022-04-07 15:10:29.916,17207,17208,17208,1,1
2022-04-07 15:10:29.916,17207,17208,17208,1,1
2022-04-07 15:10:29.916,17207,17208,17208,1,1
2022-04-07 15:10:29.916,17207,17208,17208,1,1
2022-04-07 15:10:29.917,17207,17208,17208,13,13
2022-04-07 15:10:30.026,17208,17209,17209,2,2
2022-04-07 15:10:30.027,17208,17209,17209,2,2
2022-04-07 15:10:30.028,17208,17209,17209,4,4
2022-04-07 15:10:30.029,17208,17209,17210,1,1
2022-04-07 15:10:30.053,17208,17209,17210,2,2
2022-04-07 15:10:30.147,17208,17210,17210,23,23
2022-04-07 15:10:30.151,17208,17210,17210,1,1
2022-04-07 15:10:30.226,17208,17210,17209,1,1
2022-04-07 15:10:30.235,17208,17210,17209,3,3
2022-04-07 15:10:30.235,17208,17210,17208,2,-2
2022-04-07 15:10:30.251,17208,17210,17210,1,1
2022-04-07 15:10:30.257,17208,17210,17210,1,1
2022-04-07 15:10:30.469,17208,17210,17210,1,1
2022-04-07 15:10:30.572,17208,17209,17208,1,-1
2022-04-07 15:10:30.747,17208,17209,17208,1,-1
2022-04-07 15:10:30.849,17208,17209,17208,1,-1
2022-04-07 15:10:30.895,17206,17208,17208,1,1
2022-04-07 15:10:31.958,17207,17208,17207,1,-1
2022-04-07 15:10:32.196,17207,17208,17207,2,-2
2022-04-07 15:10:32.668,17206,17208,17208,2,2
2022-04-07 15:10:34.935,17207,17208,17208,1,1
2022-04-07 15:10:34.935,17207,17208,17208,1,1
2022-04-07 15:10:34.935,17207,17208,17208,1,1
2022-04-07 15:10:34.939,17207,17208,17209,2,2
2022-04-07 15:10:35.074,17208,17210,17209,1,1
2022-04-07 15:10:35.112,17208,17210,17208,1,-1
2022-04-07 15:10:37.469,17208,17210,17208,5,-5
2022-04-07 15:10:37.845,17207,17208,17208,1,1
2022-04-07 15:10:39.870,17207,17208,17207,1,-1
2022-04-07 15:10:40.133,17206,17208,17208,1,1
2022-04-07 15:10:42.040,17207,17208,17208,1,1
2022-04-07 15:10:42.438,17207,17209,17207,1,-1
2022-04-07 15:10:44.380,17208,17210,17208,4,-4
2022-04-07 15:10:46.733,17208,17210,17209,1,1
2022-04-07 15:10:46.927,17209,17210,17209,2,-2
2022-04-07 15:10:47.041,17209,17210,17210,17,17
2022-04-07 15:10:47.051,17209,17210,17210,1,1
2022-04-07 15:10:47.226,17210,17211,17210,1,-1
2022-04-07 15:10:47.469,17208,17210,17208,1,-1
2022-04-07 15:10:47.476,17208,17210,17208,1,-1
2022-04-07 15:10:47.806,17208,17209,17208,1,-1
2022-04-07 15:10:48.006,17208,17209,17208,1,-1
2022-04-07 15:10:49.452,17207,17209,17207,1,-1
2022-04-07 15:10:49.453,17207,17209,17207,1,-1
2022-04-07 15:10:49.885,17207,17208,17207,13,-13
2022-04-07 15:10:49.885,17207,17208,17206,11,-11
2022-04-07 15:10:49.885,17207,17208,17205,25,-25
2022-04-07 15:10:49.885,17207,17208,17204,2,-2
2022-04-07 15:10:50.003,17204,17205,17204,1,-1
2022-04-07 15:10:50.010,17204,17205,17204,1,-1
2022-04-07 15:10:50.011,17204,17205,17204,3,-3
2022-04-07 15:10:50.205,17203,17204,17203,1,-1
2022-04-07 15:10:50.628,17203,17204,17204,1,1
2022-04-07 15:10:50.853,17203,17204,17204,1,1
2022-04-07 15:10:50.853,17203,17204,17204,1,1
2022-04-07 15:10:53.840,17204,17205,17204,2,-2
2022-04-07 15:10:56.246,17203,17204,17203,7,-7
2022-04-07 15:10:56.246,17203,17204,17203,1,-1
2022-04-07 15:10:56.246,17203,17204,17203,1,-1
2022-04-07 15:10:56.246,17203,17204,17203,6,-6
2022-04-07 15:10:56.247,17203,17204,17203,1,-1
2022-04-07 15:10:56.690,17202,17203,17203,1,1
2022-04-07 15:10:58.648,17202,17203,17202,6,-6
2022-04-07 15:10:59.084,17201,17202,17201,1,-1
2022-04-07 15:10:59.084,17201,17202,17201,1,-1
2022-04-07 15:10:59.772,17201,17202,17202,1,1
2022-04-07 15:11:00.218,17201,17202,17201,1,-1
2022-04-07 15:11:00.219,17201,17202,17201,3,-3
2022-04-07 15:11:00.561,17200,17201,17201,1,1
2022-04-07 15:11:00.562,17200,17201,17201,3,3
2022-04-07 15:11:02.365,17200,17202,17200,19,-19
2022-04-07 15:11:02.366,17200,17202,17200,3,-3
2022-04-07 15:11:03.007,17199,17200,17199,1,-1
2022-04-07 15:11:04.067,17200,17201,17200,1,-1
2022-04-07 15:11:04.067,17200,17201,17199,11,-11
2022-04-07 15:11:04.068,17200,17201,17199,2,-2
2022-04-07 15:11:04.068,17200,17201,17199,2,-2
2022-04-07 15:11:04.069,17200,17201,17199,4,-4
2022-04-07 15:11:04.956,17198,17200,17198,1,-1
2022-04-07 15:11:05.185,17198,17200,17198,3,-3
2022-04-07 15:11:10.993,17199,17200,17200,1,1
2022-04-07 15:11:11.496,17199,17200,17200,1,1
2022-04-07 15:11:11.970,17199,17200,17200,19,19
2022-04-07 15:11:11.971,17199,17200,17200,1,1
2022-04-07 15:11:13.295,17200,17201,17200,1,-1
2022-04-07 15:11:14.676,17200,17201,17200,2,-2
2022-04-07 15:11:15.459,17199,17201,17201,1,1
2022-04-07 15:11:16.243,17201,17202,17201,1,-1
2022-04-07 15:11:16.325,17201,17202,17201,1,-1
2022-04-07 15:11:17.403,17201,17202,17202,1,1
2022-04-07 15:11:18.233,17201,17203,17201,1,-1
2022-04-07 15:11:19.162,17202,17203,17202,1,-1
2022-04-07 15:11:19.162,17202,17203,17201,3,-3
2022-04-07 15:11:22.070,17201,17202,17202,1,1
2022-04-07 15:11:23.157,17201,17203,17203,3,3
2022-04-07 15:11:23.757,17201,17203,17201,5,-5
2022-04-07 15:11:24.722,17200,17201,17201,1,1
2022-04-07 15:11:25.072,17200,17202,17202,1,1
2022-04-07 15:11:27.781,17200,17202,17200,3,-3
2022-04-07 15:11:32.588,17201,17202,17201,2,-2
2022-04-07 15:11:32.820,17201,17202,17202,8,8
2022-04-07 15:11:32.982,17202,17203,17202,5,-5
2022-04-07 15:11:35.439,17201,17203,17202,5,5
2022-04-07 15:11:36.428,17201,17203,17201,1,-1
2022-04-07 15:11:37.144,17201,17203,17201,1,-1
2022-04-07 15:11:42.089,17202,17203,17203,1,1
2022-04-07 15:11:42.577,17202,17204,17202,1,-1
2022-04-07 15:11:44.065,17202,17204,17202,5,-5
2022-04-07 15:11:46.131,17201,17204,17201,1,-1
2022-04-07 15:11:46.819,17202,17204,17202,1,-1
2022-04-07 15:11:48.857,17203,17204,17204,4,4
2022-04-07 15:11:53.144,17203,17204,17204,1,1
2022-04-07 15:11:57.283,17203,17205,17203,1,-1
2022-04-07 15:11:57.702,17202,17204,17202,2,-2
2022-04-07 15:11:57.703,17202,17204,17202,1,-1
2022-04-07 15:11:59.933,17202,17204,17202,1,-1
2022-04-07 15:12:04.617,17202,17205,17202,9,-9
2022-04-07 15:12:04.617,17202,17205,17201,1,-1
2022-04-07 15:12:04.971,17201,17204,17204,1,1
2022-04-07 15:12:05.108,17202,17204,17204,1,1
2022-04-07 15:12:05.169,17203,17204,17205,1,1
2022-04-07 15:12:05.282,17203,17205,17205,1,1
2022-04-07 15:12:08.582,17203,17205,17203,1,-1
2022-04-07 15:12:08.582,17203,17205,17202,4,-4
2022-04-07 15:12:12.269,17204,17205,17204,1,-1
2022-04-07 15:12:13.272,17204,17205,17204,1,-1
2022-04-07 15:12:14.242,17203,17204,17204,2,2
2022-04-07 15:12:14.812,17203,17205,17205,1,1
2022-04-07 15:12:17.489,17203,17204,17203,1,-1
2022-04-07 15:12:17.880,17203,17204,17204,2,2
2022-04-07 15:12:19.136,17204,17205,17204,1,-1
2022-04-07 15:12:21.162,17204,17205,17204,3,-3
2022-04-07 15:12:21.207,17204,17205,17203,1,-1
2022-04-07 15:12:23.115,17203,17204,17203,3,-3
2022-04-07 15:12:26.192,17202,17203,17202,5,-5
2022-04-07 15:12:26.193,17202,17203,17202,1,-1
2022-04-07 15:12:26.193,17202,17203,17202,1,-1
2022-04-07 15:12:26.193,17202,17203,17202,3,-3
2022-04-07 15:12:31.045,17202,17204,17202,1,-1
2022-04-07 15:12:31.586,17202,17204,17202,5,-5
2022-04-07 15:12:36.589,17203,17204,17204,1,1
2022-04-07 15:12:36.888,17204,17205,17205,5,5
2022-04-07 15:12:41.366,17204,17205,17204,1,-1
2022-04-07 15:12:42.718,17203,17205,17203,2,-2
2022-04-07 15:12:42.718,17203,17205,17202,3,-3
2022-04-07 15:12:45.786,17202,17203,17203,1,1
2022-04-07 15:12:45.829,17202,17203,17202,1,-1
2022-04-07 15:12:48.114,17203,17204,17204,1,1
2022-04-07 15:12:49.587,17202,17204,17204,1,1
2022-04-07 15:12:52.119,17204,17205,17205,2,2
2022-04-07 15:12:52.356,17205,17206,17205,1,-1
2022-04-07 15:12:53.835,17204,17206,17206,1,1
2022-04-07 15:12:53.835,17204,17206,17206,5,5
2022-04-07 15:12:53.983,17206,17207,17206,1,-1
2022-04-07 15:12:54.170,17206,17208,17206,1,-1
2022-04-07 15:12:55.094,17207,17208,17208,5,5
2022-04-07 15:12:56.113,17207,17209,17207,1,-1
2022-04-07 15:12:56.646,17207,17209,17209,3,3
2022-04-07 15:12:56.647,17207,17209,17209,1,1
2022-04-07 15:12:56.647,17207,17209,17209,1,1
2022-04-07 15:12:56.648,17207,17209,17209,2,2
2022-04-07 15:12:56.691,17207,17209,17209,1,1
2022-04-07 15:12:56.788,17209,17210,17209,1,-1
2022-04-07 15:12:57.670,17209,17210,17209,1,-1
2022-04-07 15:12:59.525,17209,17210,17210,7,7
2022-04-07 15:13:00.227,17209,17210,17210,1,1
2022-04-07 15:13:01.030,17209,17210,17210,1,1
2022-04-07 15:13:01.190,17209,17210,17210,1,1
2022-04-07 15:13:01.449,17210,17211,17211,1,1
2022-04-07 15:13:01.467,17210,17211,17210,1,-1
2022-04-07 15:13:01.515,17209,17210,17209,1,-1
2022-04-07 15:13:01.518,17209,17210,17210,1,1
2022-04-07 15:13:01.518,17209,17210,17211,1,1
2022-04-07 15:13:01.527,17209,17210,17211,2,2
2022-04-07 15:13:01.534,17209,17210,17211,5,5
2022-04-07 15:13:01.560,17209,17210,17211,2,2
2022-04-07 15:13:01.561,17209,17210,17211,1,1
2022-04-07 15:13:01.561,17209,17210,17211,1,1
2022-04-07 15:13:01.727,17209,17212,17212,1,1
2022-04-07 15:13:01.861,17209,17212,17209,1,-1
2022-04-07 15:13:02.074,17209,17211,17210,1,1
2022-04-07 15:13:02.209,17210,17211,17211,1,1
2022-04-07 15:13:02.209,17210,17211,17212,1,1
2022-04-07 15:13:02.429,17210,17212,17212,1,1
2022-04-07 15:13:02.433,17210,17212,17212,1,1
2022-04-07 15:13:02.584,17210,17212,17210,1,-1
2022-04-07 15:13:03.017,17210,17212,17212,1,1
2022-04-07 15:13:03.017,17210,17212,17212,9,9
2022-04-07 15:13:03.017,17210,17212,17212,1,1
2022-04-07 15:13:03.018,17210,17212,17212,2,2
2022-04-07 15:13:03.166,17211,17212,17211,1,-1
2022-04-07 15:13:04.826,17211,17212,17211,1,-1
2022-04-07 15:13:04.954,17211,17212,17212,2,2
2022-04-07 15:13:04.984,17211,17212,17213,5,5
2022-04-07 15:13:04.985,17211,17212,17213,2,2
2022-04-07 15:13:04.985,17211,17212,17213,1,1
2022-04-07 15:13:04.986,17211,17212,17213,1,1
2022-04-07 15:13:05.075,17212,17213,17212,1,-1
2022-04-07 15:13:05.271,17212,17213,17213,1,1
2022-04-07 15:13:05.399,17212,17213,17212,1,-1
2022-04-07 15:13:05.512,17212,17213,17213,3,3
2022-04-07 15:13:05.767,17212,17213,17213,5,5
2022-04-07 15:13:06.123,17212,17213,17213,1,1
2022-04-07 15:13:06.694,17212,17213,17213,7,7
2022-04-07 15:13:06.755,17213,17214,17213,1,-1
2022-04-07 15:13:07.449,17212,17214,17212,1,-1
2022-04-07 15:13:07.497,17212,17213,17213,1,1
2022-04-07 15:13:08.251,17213,17214,17214,8,8
2022-04-07 15:13:08.422,17213,17215,17215,1,1
2022-04-07 15:13:08.516,17213,17215,17215,1,1
2022-04-07 15:13:08.603,17213,17215,17215,4,4
2022-04-07 15:13:08.609,17213,17215,17215,1,1
2022-04-07 15:13:08.656,17214,17215,17215,3,3
2022-04-07 15:13:08.677,17214,17215,17215,2,2
2022-04-07 15:13:08.680,17214,17215,17215,1,1
2022-04-07 15:13:08.951,17214,17215,17215,1,1
2022-04-07 15:13:09.185,17214,17215,17215,1,1
2022-04-07 15:13:09.400,17214,17215,17214,2,-2
2022-04-07 15:13:10.368,17212,17214,17213,1,1
2022-04-07 15:13:10.990,17212,17214,17214,3,3
2022-04-07 15:13:11.589,17212,17213,17213,1,1
2022-04-07 15:13:11.830,17212,17213,17213,1,1
2022-04-07 15:13:11.930,17212,17213,17213,8,8
2022-04-07 15:13:11.930,17212,17213,17214,3,3
2022-04-07 15:13:11.930,17212,17213,17215,2,2
2022-04-07 15:13:11.962,17212,17213,17213,1,1
2022-04-07 15:13:12.846,17212,17214,17213,1,1
2022-04-07 15:13:13.116,17213,17214,17213,1,-1
2022-04-07 15:13:15.519,17213,17214,17214,1,1
2022-04-07 15:13:16.637,17213,17214,17213,1,-1
2022-04-07 15:13:17.835,17213,17214,17214,1,1
2022-04-07 15:13:19.427,17213,17214,17214,1,1
2022-04-07 15:13:19.591,17213,17214,17214,1,1
2022-04-07 15:13:19.591,17213,17214,17214,1,1
2022-04-07 15:13:19.622,17213,17215,17213,1,-1
2022-04-07 15:13:20.265,17213,17214,17214,1,1
2022-04-07 15:13:20.589,17213,17214,17214,1,1
2022-04-07 15:13:20.591,17213,17214,17213,3,-3
2022-04-07 15:13:21.708,17212,17214,17214,1,1
2022-04-07 15:13:22.973,17213,17214,17214,2,2
2022-04-07 15:13:23.410,17213,17215,17213,1,-1
2022-04-07 15:13:23.836,17213,17215,17213,1,-1
2022-04-07 15:13:24.435,17213,17215,17215,1,1
2022-04-07 15:13:24.908,17213,17214,17214,1,1
2022-04-07 15:13:24.908,17213,17214,17215,2,2
2022-04-07 15:13:24.908,17213,17214,17215,13,13
2022-04-07 15:13:24.908,17213,17214,17215,2,2
2022-04-07 15:13:27.435,17214,17215,17215,1,1
2022-04-07 15:13:27.587,17214,17216,17214,5,-5
2022-04-07 15:13:28.863,17214,17215,17215,1,1
2022-04-07 15:13:29.059,17214,17216,17214,4,-4
2022-04-07 15:13:30.075,17213,17215,17215,3,3
2022-04-07 15:13:30.114,17213,17215,17213,4,-4
2022-04-07 15:13:30.278,17213,17215,17213,1,-1
2022-04-07 15:13:34.122,17213,17215,17215,1,1
2022-04-07 15:13:34.431,17213,17215,17215,4,4
2022-04-07 15:13:34.657,17214,17215,17215,1,1
2022-04-07 15:13:35.286,17215,17216,17216,2,2
2022-04-07 15:13:35.394,17215,17216,17216,1,1
2022-04-07 15:13:35.614,17215,17216,17216,3,3
2022-04-07 15:13:35.670,17215,17216,17216,3,3
2022-04-07 15:13:35.670,17215,17216,17216,1,1
2022-04-07 15:13:35.670,17215,17216,17217,4,4
2022-04-07 15:13:35.712,17215,17216,17217,4,4
2022-04-07 15:13:35.931,17215,17217,17215,1,-1
2022-04-07 15:13:36.166,17215,17217,17216,1,1
2022-04-07 15:13:36.470,17214,17216,17216,1,1
2022-04-07 15:13:38.408,17215,17216,17215,1,-1
2022-04-07 15:13:39.807,17214,17215,17215,1,1
2022-04-07 15:13:39.807,17214,17215,17216,1,1
2022-04-07 15:13:39.807,17214,17215,17216,4,4
2022-04-07 15:13:40.526,17215,17217,17217,1,1
2022-04-07 15:13:41.089,17215,17216,17215,2,-2
2022-04-07 15:13:41.921,17215,17216,17216,1,1
2022-04-07 15:13:43.108,17215,17216,17216,1,1
2022-04-07 15:13:43.108,17215,17216,17217,8,8
2022-04-07 15:13:43.108,17215,17216,17216,1,1
2022-04-07 15:13:43.290,17217,17218,17217,1,-1
2022-04-07 15:13:44.208,17216,17218,17216,1,-1
2022-04-07 15:13:44.994,17216,17218,17216,1,-1
2022-04-07 15:13:47.228,17216,17217,17216,1,-1
2022-04-07 15:13:47.546,17216,17217,17217,1,1
2022-04-07 15:13:48.256,17216,17217,17216,2,-2
2022-04-07 15:13:48.370,17215,17216,17215,2,-2
2022-04-07 15:13:48.371,17215,17216,17215,10,-10
2022-04-07 15:13:49.203,17214,17215,17215,1,1
2022-04-07 15:13:50.113,17214,17215,17215,1,1
2022-04-07 15:13:50.996,17214,17215,17214,6,-6
2022-04-07 15:13:51.016,17214,17215,17214,3,-3
2022-04-07 15:13:51.190,17213,17214,17214,1,1
2022-04-07 15:13:51.632,17213,17214,17214,1,1
2022-04-07 15:13:51.633,17213,17214,17213,4,-4
2022-04-07 15:13:52.016,17212,17213,17212,4,-4
2022-04-07 15:13:52.185,17212,17213,17212,1,-1
2022-04-07 15:13:52.562,17212,17213,17213,1,1
2022-04-07 15:13:52.603,17212,17213,17212,7,-7
2022-04-07 15:13:53.382,17211,17212,17212,1,1
2022-04-07 15:13:53.986,17211,17212,17211,1,-1
2022-04-07 15:13:54.264,17211,17212,17212,1,1
2022-04-07 15:13:54.557,17211,17212,17211,4,-4
2022-04-07 15:13:55.231,17210,17211,17211,1,1
2022-04-07 15:13:55.894,17210,17211,17210,9,-9
2022-04-07 15:13:55.896,17210,17211,17209,1,-1
2022-04-07 15:13:55.896,17210,17211,17209,1,-1
2022-04-07 15:13:57.286,17209,17211,17210,1,1
2022-04-07 15:13:57.844,17208,17210,17210,3,3
2022-04-07 15:13:59.007,17209,17211,17209,1,-1
2022-04-07 15:13:59.494,17210,17211,17210,1,-1
2022-04-07 15:13:59.494,17210,17211,17209,1,-1
2022-04-07 15:14:00.280,17210,17211,17210,1,-1
2022-04-07 15:14:00.361,17210,17211,17210,1,-1
2022-04-07 15:14:01.443,17210,17211,17210,1,-1
2022-04-07 15:14:02.093,17210,17211,17210,2,-2
2022-04-07 15:14:02.134,17210,17211,17211,2,2
2022-04-07 15:14:04.096,17211,17212,17211,1,-1
2022-04-07 15:14:04.682,17210,17211,17211,1,1
2022-04-07 15:14:05.783,17211,17212,17212,1,1
2022-04-07 15:14:06.185,17211,17212,17212,1,1
2022-04-07 15:14:07.056,17212,17213,17212,1,-1
2022-04-07 15:14:08.029,17212,17213,17213,1,1
2022-04-07 15:14:08.029,17212,17213,17213,1,1
2022-04-07 15:14:08.395,17212,17215,17212,1,-1
2022-04-07 15:14:15.219,17213,17215,17215,1,1
2022-04-07 15:14:16.907,17213,17214,17214,1,1
2022-04-07 15:14:23.746,17214,17215,17214,12,-12
2022-04-07 15:14:26.635,17214,17215,17214,1,-1
2022-04-07 15:14:28.481,17213,17214,17214,2,2
2022-04-07 15:14:28.482,17213,17214,17214,3,3
2022-04-07 15:14:29.010,17213,17214,17214,1,1
2022-04-07 15:14:29.338,17213,17215,17213,1,-1
2022-04-07 15:14:30.226,17213,17214,17213,1,-1
2022-04-07 15:14:30.424,17213,17214,17213,1,-1
2022-04-07 15:14:32.382,17213,17214,17213,1,-1
2022-04-07 15:14:32.383,17213,17214,17213,2,-2
2022-04-07 15:14:32.383,17213,17214,17213,1,-1
2022-04-07 15:14:32.590,17212,17213,17213,1,1
2022-04-07 15:14:35.524,17212,17213,17212,1,-1
2022-04-07 15:14:35.524,17212,17213,17212,1,-1
2022-04-07 15:14:35.524,17212,17213,17212,2,-2
2022-04-07 15:14:35.746,17211,17212,17211,9,-9
2022-04-07 15:14:35.746,17211,17212,17211,1,-1
2022-04-07 15:14:35.746,17211,17212,17211,1,-1
2022-04-07 15:14:35.746,17211,17212,17211,5,-5
2022-04-07 15:14:35.746,17211,17212,17211,1,-1
2022-04-07 15:14:35.746,17211,17212,17211,1,-1
2022-04-07 15:14:35.746,17211,17212,17211,1,-1
2022-04-07 15:14:35.746,17211,17212,17211,1,-1
2022-04-07 15:14:35.746,17211,17212,17211,1,-1
2022-04-07 15:14:35.746,17211,17212,17211,11,-11
2022-04-07 15:14:35.747,17211,17212,17211,1,-1
2022-04-07 15:14:35.747,17211,17212,17211,2,-2
2022-04-07 15:14:35.747,17211,17212,17211,3,-3
2022-04-07 15:14:41.570,17211,17212,17212,1,1
2022-04-07 15:14:42.840,17211,17213,17213,3,3
2022-04-07 15:14:42.840,17211,17213,17214,7,7
2022-04-07 15:14:43.451,17212,17214,17212,1,-1
2022-04-07 15:14:46.679,17210,17212,17211,1,1
2022-04-07 15:14:46.680,17210,17212,17211,1,1
2022-04-07 15:14:46.680,17210,17212,17211,1,1
2022-04-07 15:14:47.610,17210,17212,17211,1,1
2022-04-07 15:14:49.391,17211,17212,17212,1,1
2022-04-07 15:14:51.645,17211,17213,17211,1,-1
2022-04-07 15:14:52.590,17211,17213,17213,3,3
2022-04-07 15:14:52.891,17211,17214,17214,3,3
2022-04-07 15:14:53.733,17211,17213,17212,1,1
2022-04-07 15:14:56.887,17213,17214,17213,3,-3
2022-04-07 15:14:57.821,17212,17214,17212,1,-1
2022-04-07 15:15:00.390,17212,17214,17212,1,-1
2022-04-07 15:15:00.592,17212,17214,17214,1,1
2022-04-07 15:15:00.686,17212,17214,17214,1,1
2022-04-07 15:15:00.855,17212,17214,17214,1,1
2022-04-07 15:15:00.983,17212,17214,17214,1,1
2022-04-07 15:15:00.999,17212,17214,17214,1,1
2022-04-07 15:15:01.155,17212,17214,17213,1,1
2022-04-07 15:15:01.236,17212,17214,17214,1,1
2022-04-07 15:15:01.247,17212,17214,17214,1,1
2022-04-07 15:15:01.247,17212,17214,17214,1,1
2022-04-07 15:15:01.247,17212,17214,17214,1,1
2022-04-07 15:15:01.499,17212,17214,17214,2,2
2022-04-07 15:15:01.499,17212,17214,17215,6,6
2022-04-07 15:15:01.667,17213,17215,17214,2,2
2022-04-07 15:15:03.347,17213,17214,17213,1,-1
2022-04-07 15:15:05.368,17212,17213,17213,1,1
2022-04-07 15:15:06.569,17212,17213,17212,1,-1
2022-04-07 15:15:06.818,17212,17213,17212,1,-1
2022-04-07 15:15:07.150,17211,17212,17212,1,1
2022-04-07 15:15:07.247,17211,17213,17213,1,1
2022-04-07 15:15:07.247,17211,17213,17213,1,1
2022-04-07 15:15:07.247,17211,17213,17214,1,1
2022-04-07 15:15:07.247,17211,17213,17214,1,1
2022-04-07 15:15:07.247,17211,17213,17214,1,1
2022-04-07 15:15:07.248,17211,17213,17213,1,1
2022-04-07 15:15:07.248,17211,17213,17214,1,1
2022-04-07 15:15:07.248,17211,17213,17214,1,1
2022-04-07 15:15:07.248,17211,17213,17214,1,1
2022-04-07 15:15:07.248,17211,17213,17214,1,1
2022-04-07 15:15:07.248,17211,17213,17214,1,1
2022-04-07 15:15:07.249,17211,17213,17214,1,1
2022-04-07 15:15:07.249,17211,17213,17214,1,1
2022-04-07 15:15:07.250,17211,17213,17215,1,1
2022-04-07 15:15:07.250,17211,17213,17214,1,1
2022-04-07 15:15:07.250,17211,17213,17214,1,1
2022-04-07 15:15:07.251,17211,17213,17214,1,1
2022-04-07 15:15:07.252,17211,17213,17214,1,1
2022-04-07 15:15:08.499,17213,17215,17213,9,-9
2022-04-07 15:15:08.499,17213,17215,17212,4,-4
2022-04-07 15:15:11.492,17212,17214,17212,3,-3
2022-04-07 15:15:11.547,17212,17214,17212,1,-1
2022-04-07 15:15:12.066,17212,17214,17212,1,-1
2022-04-07 15:15:14.009,17212,17213,17213,1,1
2022-04-07 15:15:14.009,17212,17213,17213,1,1
2022-04-07 15:15:15.388,17212,17213,17212,2,-2
2022-04-07 15:15:15.652,17211,17212,17212,1,1
2022-04-07 15:15:15.875,17211,17212,17211,1,-1
2022-04-07 15:15:15.875,17211,17212,17211,1,-1
2022-04-07 15:15:15.875,17211,17212,17211,1,-1
2022-04-07 15:15:15.875,17211,17212,17211,1,-1
2022-04-07 15:15:15.875,17211,17212,17211,4,-4
2022-04-07 15:15:15.875,17211,17212,17211,9,-9
2022-04-07 15:15:16.610,17210,17211,17210,9,-9
2022-04-07 15:15:18.035,17209,17210,17210,2,2
2022-04-07 15:15:18.122,17210,17211,17211,1,1
2022-04-07 15:15:18.122,17210,17211,17211,1,1
2022-04-07 15:15:18.122,17210,17211,17212,1,1
2022-04-07 15:15:18.122,17210,17211,17212,1,1
2022-04-07 15:15:18.122,17210,17211,17212,1,1
2022-04-07 15:15:18.122,17210,17211,17212,1,1
2022-04-07 15:15:18.123,17210,17211,17212,1,1
2022-04-07 15:15:18.123,17210,17211,17212,1,1
2022-04-07 15:15:18.123,17210,17211,17212,1,1
2022-04-07 15:15:18.123,17210,17211,17213,1,1
2022-04-07 15:15:20.079,17211,17213,17211,1,-1
2022-04-07 15:15:20.081,17211,17213,17211,1,-1
2022-04-07 15:15:22.948,17211,17212,17211,1,-1
2022-04-07 15:15:30.416,17209,17211,17209,1,-1
2022-04-07 15:15:31.609,17209,17211,17209,1,-1
2022-04-07 15:15:31.622,17209,17211,17211,1,1
2022-04-07 15:15:31.622,17209,17211,17211,1,1
2022-04-07 15:15:31.622,17209,17211,17211,1,1
2022-04-07 15:15:31.622,17209,17211,17211,1,1
2022-04-07 15:15:31.622,17209,17211,17211,1,1
2022-04-07 15:15:31.622,17209,17211,17212,1,1
2022-04-07 15:15:31.622,17209,17211,17212,1,1
2022-04-07 15:15:31.622,17209,17211,17212,1,1
2022-04-07 15:15:31.622,17209,17211,17212,1,1
2022-04-07 15:15:31.622,17209,17211,17212,1,1
2022-04-07 15:15:31.622,17209,17211,17212,1,1
2022-04-07 15:15:31.623,17209,17211,17212,1,1
2022-04-07 15:15:31.623,17209,17211,17212,1,1
2022-04-07 15:15:31.623,17209,17211,17212,1,1
2022-04-07 15:15:31.623,17209,17211,17212,1,1
2022-04-07 15:15:34.246,17209,17210,17209,7,-7
2022-04-07 15:15:34.663,17209,17210,17210,1,1
2022-04-07 15:15:34.663,17209,17210,17210,1,1
2022-04-07 15:15:35.430,17209,17211,17209,1,-1
2022-04-07 15:15:37.894,17211,17212,17211,1,-1
2022-04-07 15:15:38.032,17211,17212,17211,1,-1
2022-04-07 15:15:38.122,17211,17212,17212,1,1
2022-04-07 15:15:38.122,17211,17212,17212,1,1
2022-04-07 15:15:38.122,17211,17212,17212,1,1
2022-04-07 15:15:38.123,17211,17212,17212,1,1
2022-04-07 15:15:38.397,17211,17212,17211,1,-1
2022-04-07 15:15:40.612,17209,17210,17209,2,-2
2022-04-07 15:15:40.701,17208,17210,17209,1,1
2022-04-07 15:15:42.774,17209,17210,17209,3,-3
2022-04-07 15:15:42.774,17209,17210,17208,2,-2
2022-04-07 15:15:45.036,17209,17210,17210,1,1
2022-04-07 15:15:45.101,17209,17210,17209,1,-1
2022-04-07 15:15:46.748,17210,17211,17210,1,-1
2022-04-07 15:15:50.166,17209,17210,17210,1,1
2022-04-07 15:15:50.247,17209,17210,17210,1,1
2022-04-07 15:15:50.613,17209,17211,17209,1,-1
2022-04-07 15:15:52.188,17209,17210,17209,1,-1
2022-04-07 15:15:54.224,17208,17210,17210,1,1
2022-04-07 15:15:59.188,17208,17209,17209,1,1
2022-04-07 15:15:59.188,17208,17209,17209,2,2
2022-04-07 15:15:59.189,17208,17209,17209,1,1
2022-04-07 15:15:59.708,17209,17210,17210,1,1
2022-04-07 15:15:59.708,17209,17210,17210,4,4
2022-04-07 15:15:59.708,17209,17210,17210,1,1
2022-04-07 15:15:59.708,17209,17210,17210,1,1
2022-04-07 15:15:59.708,17209,17210,17210,1,1
2022-04-07 15:15:59.708,17209,17210,17210,1,1
2022-04-07 15:15:59.708,17209,17210,17210,1,1
2022-04-07 15:15:59.708,17209,17210,17210,3,3
2022-04-07 15:15:59.708,17209,17210,17210,1,1
2022-04-07 15:15:59.709,17209,17210,17210,1,1
2022-04-07 15:15:59.709,17209,17210,17210,5,5
2022-04-07 15:15:59.709,17209,17210,17210,1,1
2022-04-07 15:15:59.709,17209,17210,17210,1,1
2022-04-07 15:15:59.709,17209,17210,17210,1,1
2022-04-07 15:15:59.709,17209,17210,17210,1,1
2022-04-07 15:15:59.709,17209,17210,17210,2,2
2022-04-07 15:15:59.709,17209,17210,17210,1,1
2022-04-07 15:15:59.709,17209,17210,17210,2,2
2022-04-07 15:15:59.710,17209,17210,17210,1,1
2022-04-07 15:15:59.758,17209,17210,17210,4,4
2022-04-07 15:15:59.759,17209,17210,17210,4,4
2022-04-07 15:15:59.759,17209,17210,17210,1,1
2022-04-07 15:15:59.759,17209,17210,17210,1,1
2022-04-07 15:15:59.759,17209,17210,17210,1,1
2022-04-07 15:15:59.759,17209,17210,17210,1,1
2022-04-07 15:15:59.759,17209,17210,17210,1,1
2022-04-07 15:15:59.759,17209,17210,17210,1,1
2022-04-07 15:15:59.760,17209,17210,17210,1,1
2022-04-07 15:15:59.760,17209,17210,17210,1,1
2022-04-07 15:15:59.809,17209,17210,17210,4,4
2022-04-07 15:15:59.922,17210,17211,17210,2,-2
2022-04-07 15:16:04.566,17209,17210,17209,1,-1
2022-04-07 15:16:04.625,17208,17209,17209,1,1
2022-04-07 15:16:04.625,17208,17209,17209,1,1
2022-04-07 15:16:04.625,17208,17209,17210,1,1
2022-04-07 15:16:04.625,17208,17209,17210,1,1
2022-04-07 15:16:04.625,17208,17209,17210,3,3
2022-04-07 15:16:04.725,17208,17209,17209,1,1
2022-04-07 15:16:05.410,17208,17209,17209,1,1
2022-04-07 15:16:05.410,17208,17209,17210,1,1
2022-04-07 15:16:05.497,17208,17210,17210,1,1
2022-04-07 15:16:05.498,17208,17210,17210,1,1
2022-04-07 15:16:05.499,17208,17210,17210,1,1
2022-04-07 15:16:09.867,17208,17210,17209,1,1
2022-04-07 15:16:10.819,17208,17209,17208,1,-1
2022-04-07 15:16:10.819,17208,17209,17208,1,-1
2022-04-07 15:16:10.820,17208,17209,17208,1,-1
2022-04-07 15:16:10.871,17208,17209,17209,1,1
2022-04-07 15:16:10.872,17208,17209,17209,1,1
2022-04-07 15:16:10.872,17208,17209,17209,1,1
2022-04-07 15:16:10.872,17208,17209,17209,1,1
2022-04-07 15:16:10.873,17208,17209,17210,1,1
2022-04-07 15:16:11.024,17208,17210,17210,1,1
2022-04-07 15:16:11.457,17208,17210,17208,5,-5
2022-04-07 15:16:14.506,17208,17209,17208,1,-1
2022-04-07 15:16:14.506,17208,17209,17207,1,-1
2022-04-07 15:16:14.719,17207,17209,17207,1,-1
2022-04-07 15:16:16.792,17208,17209,17209,2,2
2022-04-07 15:16:17.389,17208,17210,17209,2,2
2022-04-07 15:16:17.497,17208,17209,17209,1,1
2022-04-07 15:16:17.497,17208,17209,17209,1,1
2022-04-07 15:16:17.498,17208,17209,17210,1,1
2022-04-07 15:16:17.498,17208,17209,17210,1,1
2022-04-07 15:16:18.913,17209,17210,17209,1,-1
2022-04-07 15:16:19.909,17209,17210,17209,1,-1
2022-04-07 15:16:23.628,17208,17209,17209,1,1
2022-04-07 15:16:23.629,17208,17209,17209,1,1
2022-04-07 15:16:24.139,17209,17210,17209,2,-2
2022-04-07 15:16:24.524,17208,17209,17209,1,1
2022-04-07 15:16:25.520,17209,17210,17210,2,2
2022-04-07 15:16:26.128,17209,17210,17210,2,2
2022-04-07 15:16:28.526,17210,17211,17210,1,-1
