2024-04-12 15:00:00.038,20761,20762,20760,125,-125
2024-04-12 15:00:00.039,20760,20761,20760,8,-8
2024-04-12 15:00:00.054,20760,20761,20758,1,-1
2024-04-12 15:00:00.062,20757,20760,20760,1,1
2024-04-12 15:00:00.084,20757,20760,20760,1,1
2024-04-12 15:00:00.084,20757,20760,20760,8,8
2024-04-12 15:00:00.085,20757,20760,20757,2,-2
2024-04-12 15:00:00.086,20757,20760,20756,1,-1
2024-04-12 15:00:00.447,20756,20759,20758,2,2
2024-04-12 15:00:00.636,20756,20759,20756,1,-1
2024-04-12 15:00:01.016,20755,20757,20756,1,-1
2024-04-12 15:00:01.081,20756,20757,20757,1,1
2024-04-12 15:00:02.061,20756,20758,20756,4,-4
2024-04-12 15:00:02.981,20755,20757,20756,1,-1
2024-04-12 15:00:02.981,20755,20757,20757,1,1
2024-04-12 15:00:04.481,20755,20757,20756,1,1
2024-04-12 15:00:05.043,20756,20758,20758,1,1
2024-04-12 15:00:07.067,20755,20757,20757,2,2
2024-04-12 15:00:08.256,20756,20757,20756,1,-1
2024-04-12 15:00:09.814,20755,20757,20757,1,1
2024-04-12 15:00:10.304,20756,20758,20756,2,-2
2024-04-12 15:00:10.307,20756,20758,20756,2,-2
2024-04-12 15:00:10.843,20755,20758,20755,1,-1
2024-04-12 15:00:12.454,20756,20757,20756,1,-1
2024-04-12 15:00:12.884,20756,20757,20756,2,-2
2024-04-12 15:00:14.625,20756,20757,20756,1,-1
2024-04-12 15:00:14.730,20756,20757,20756,1,-1
2024-04-12 15:00:17.534,20756,20757,20756,10,-10
2024-04-12 15:00:17.534,20756,20757,20756,1,-1
2024-04-12 15:00:17.535,20756,20757,20755,6,-6
2024-04-12 15:00:17.535,20756,20757,20755,1,-1
2024-04-12 15:00:17.535,20756,20757,20755,1,-1
2024-04-12 15:00:17.535,20756,20757,20755,3,-3
2024-04-12 15:00:20.260,20754,20756,20754,5,-5
2024-04-12 15:00:21.810,20753,20754,20754,1,1
2024-04-12 15:00:22.708,20754,20755,20755,1,1
2024-04-12 15:00:22.955,20754,20756,20754,1,-1
2024-04-12 15:00:27.003,20754,20755,20755,1,1
2024-04-12 15:00:29.121,20754,20755,20754,5,-5
2024-04-12 15:00:29.671,20754,20755,20754,1,-1
2024-04-12 15:00:29.671,20754,20755,20754,1,-1
2024-04-12 15:00:29.848,20753,20754,20754,1,1
2024-04-12 15:00:30.770,20753,20754,20753,1,-1
2024-04-12 15:00:30.771,20753,20754,20753,6,-6
2024-04-12 15:00:33.589,20752,20754,20753,1,-1
2024-04-12 15:00:33.608,20752,20754,20753,1,-1
2024-04-12 15:00:34.345,20752,20754,20753,1,-1
2024-04-12 15:00:34.740,20753,20754,20753,1,-1
2024-04-12 15:00:36.169,20752,20754,20752,5,-5
2024-04-12 15:00:37.184,20753,20754,20753,1,-1
2024-04-12 15:00:39.895,20752,20753,20752,1,-1
2024-04-12 15:00:40.222,20752,20753,20753,5,5
2024-04-12 15:00:40.723,20752,20754,20754,1,1
2024-04-12 15:00:41.722,20752,20754,20754,1,1
2024-04-12 15:00:44.877,20753,20754,20754,1,1
2024-04-12 15:00:49.032,20753,20754,20753,1,-1
2024-04-12 15:00:49.259,20753,20754,20753,1,-1
2024-04-12 15:00:50.078,20753,20754,20753,1,-1
2024-04-12 15:00:51.380,20753,20754,20753,1,-1
2024-04-12 15:00:56.838,20753,20754,20753,3,-3
2024-04-12 15:00:57.633,20753,20754,20754,1,1
2024-04-12 15:00:59.499,20753,20754,20753,1,-1
2024-04-12 15:00:59.956,20753,20754,20754,1,1
2024-04-12 15:00:59.965,20753,20754,20754,2,2
2024-04-12 15:00:59.969,20753,20754,20754,1,1
2024-04-12 15:01:00.218,20753,20754,20754,7,7
2024-04-12 15:01:00.347,20753,20755,20755,3,3
2024-04-12 15:01:00.546,20753,20755,20755,3,3
2024-04-12 15:01:00.695,20753,20755,20755,3,3
2024-04-12 15:01:00.794,20753,20755,20755,1,1
2024-04-12 15:01:02.331,20754,20755,20755,1,1
2024-04-12 15:01:02.469,20754,20756,20754,10,-10
2024-04-12 15:01:03.373,20753,20755,20755,3,3
2024-04-12 15:01:03.461,20754,20755,20755,1,1
2024-04-12 15:01:03.570,20754,20755,20755,1,1
2024-04-12 15:01:06.777,20754,20755,20755,1,1
2024-04-12 15:01:07.160,20754,20756,20754,3,-3
2024-04-12 15:01:07.545,20754,20756,20754,1,-1
2024-04-12 15:01:07.607,20754,20756,20754,1,-1
2024-04-12 15:01:07.608,20754,20756,20754,1,-1
2024-04-12 15:01:07.608,20754,20756,20754,1,-1
2024-04-12 15:01:08.129,20754,20756,20754,1,-1
2024-04-12 15:01:08.612,20754,20756,20756,3,3
2024-04-12 15:01:09.424,20754,20756,20755,1,1
2024-04-12 15:01:12.842,20755,20756,20755,2,-2
2024-04-12 15:01:12.843,20755,20756,20755,1,-1
2024-04-12 15:01:16.469,20755,20756,20756,1,1
2024-04-12 15:01:16.470,20755,20756,20757,4,4
2024-04-12 15:01:16.470,20755,20756,20756,1,1
2024-04-12 15:01:20.222,20755,20756,20756,1,1
2024-04-12 15:01:22.193,20755,20757,20757,1,1
2024-04-12 15:01:24.054,20755,20757,20757,1,1
2024-04-12 15:01:25.810,20755,20757,20755,10,-10
2024-04-12 15:01:27.721,20755,20757,20757,1,1
2024-04-12 15:01:27.769,20755,20757,20758,2,2
2024-04-12 15:01:27.769,20755,20757,20758,3,3
2024-04-12 15:01:28.569,20758,20759,20759,1,1
2024-04-12 15:01:28.570,20758,20759,20759,4,4
2024-04-12 15:01:29.901,20759,20760,20759,1,-1
2024-04-12 15:01:31.443,20758,20759,20758,1,-1
2024-04-12 15:01:32.805,20757,20759,20759,1,1
2024-04-12 15:01:34.882,20757,20759,20759,1,1
2024-04-12 15:01:37.423,20758,20759,20758,1,-1
2024-04-12 15:01:37.423,20758,20759,20758,1,-1
2024-04-12 15:01:37.423,20758,20759,20758,2,-2
2024-04-12 15:01:42.408,20756,20759,20756,1,-1
2024-04-12 15:01:44.111,20756,20757,20756,1,-1
2024-04-12 15:01:46.134,20755,20756,20757,4,4
2024-04-12 15:01:46.134,20755,20756,20756,1,1
2024-04-12 15:01:50.208,20756,20757,20757,1,1
2024-04-12 15:01:50.604,20756,20757,20756,4,-4
2024-04-12 15:01:53.293,20756,20757,20756,1,-1
2024-04-12 15:01:54.109,20755,20756,20755,1,-1
2024-04-12 15:01:57.527,20754,20756,20755,1,-1
2024-04-12 15:02:02.158,20754,20756,20755,1,-1
2024-04-12 15:02:05.072,20754,20755,20755,1,1
2024-04-12 15:02:05.072,20754,20755,20755,1,1
2024-04-12 15:02:05.072,20754,20755,20755,1,1
2024-04-12 15:02:05.072,20754,20755,20755,3,3
2024-04-12 15:02:19.180,20754,20756,20756,9,9
2024-04-12 15:02:19.182,20754,20756,20756,1,1
2024-04-12 15:02:21.781,20755,20757,20757,3,3
2024-04-12 15:02:22.645,20755,20757,20757,1,1
2024-04-12 15:02:23.949,20756,20758,20758,2,2
2024-04-12 15:02:25.621,20757,20759,20757,1,-1
2024-04-12 15:02:26.287,20757,20758,20758,1,1
2024-04-12 15:02:26.327,20757,20758,20758,1,1
2024-04-12 15:02:27.692,20757,20759,20758,1,1
2024-04-12 15:02:27.912,20757,20759,20758,3,3
2024-04-12 15:02:27.913,20757,20759,20759,1,1
2024-04-12 15:02:31.575,20758,20760,20759,1,1
2024-04-12 15:02:31.667,20758,20760,20760,1,1
2024-04-12 15:02:31.943,20758,20760,20760,12,12
2024-04-12 15:02:31.944,20758,20760,20761,3,3
2024-04-12 15:02:31.944,20758,20760,20761,17,17
2024-04-12 15:02:31.944,20758,20760,20760,1,1
2024-04-12 15:02:31.945,20758,20760,20760,1,1
2024-04-12 15:02:32.033,20760,20762,20760,3,-3
2024-04-12 15:02:32.057,20760,20762,20761,2,-2
2024-04-12 15:02:32.441,20759,20761,20759,1,-1
2024-04-12 15:02:33.017,20758,20760,20758,1,-1
2024-04-12 15:02:33.962,20758,20760,20760,7,7
2024-04-12 15:02:33.962,20758,20760,20761,1,1
2024-04-12 15:02:33.967,20758,20760,20759,1,1
2024-04-12 15:02:36.497,20759,20760,20760,4,4
2024-04-12 15:02:36.692,20759,20761,20761,1,1
2024-04-12 15:02:38.888,20760,20761,20760,1,-1
2024-04-12 15:02:39.438,20759,20760,20760,1,1
2024-04-12 15:02:39.941,20759,20760,20760,1,1
2024-04-12 15:02:40.219,20759,20760,20760,1,1
2024-04-12 15:02:40.220,20759,20760,20760,1,1
2024-04-12 15:02:40.514,20759,20760,20760,1,1
2024-04-12 15:02:43.999,20759,20761,20759,1,-1
2024-04-12 15:02:43.999,20759,20761,20759,1,-1
2024-04-12 15:02:43.999,20759,20761,20759,2,-2
2024-04-12 15:02:48.077,20758,20759,20759,1,1
2024-04-12 15:02:49.928,20758,20759,20759,1,1
2024-04-12 15:02:50.496,20758,20759,20758,2,-2
2024-04-12 15:02:50.568,20757,20758,20758,1,1
2024-04-12 15:02:50.568,20757,20758,20758,5,5
2024-04-12 15:02:51.999,20757,20758,20757,7,-7
2024-04-12 15:02:54.449,20756,20757,20757,1,1
2024-04-12 15:02:55.065,20756,20757,20756,1,-1
2024-04-12 15:02:56.341,20756,20757,20756,1,-1
2024-04-12 15:03:00.226,20755,20756,20756,1,1
2024-04-12 15:03:00.306,20756,20757,20757,1,1
2024-04-12 15:03:00.412,20756,20758,20756,1,-1
2024-04-12 15:03:00.693,20756,20758,20756,2,-2
2024-04-12 15:03:01.082,20756,20758,20756,1,-1
2024-04-12 15:03:06.450,20757,20758,20757,1,-1
2024-04-12 15:03:06.722,20756,20758,20758,2,2
2024-04-12 15:03:11.036,20757,20759,20757,1,-1
2024-04-12 15:03:12.998,20756,20758,20756,1,-1
2024-04-12 15:03:18.236,20758,20759,20759,1,1
2024-04-12 15:03:19.375,20759,20760,20760,1,1
2024-04-12 15:03:19.376,20759,20760,20760,3,3
2024-04-12 15:03:20.212,20760,20761,20761,7,7
2024-04-12 15:03:20.250,20760,20761,20761,1,1
2024-04-12 15:03:20.938,20760,20761,20761,2,2
2024-04-12 15:03:21.302,20760,20761,20760,1,-1
2024-04-12 15:03:21.507,20759,20761,20759,1,-1
2024-04-12 15:03:22.650,20759,20761,20760,1,-1
2024-04-12 15:03:23.239,20760,20761,20761,3,3
2024-04-12 15:03:23.239,20760,20761,20762,1,1
2024-04-12 15:03:25.378,20760,20762,20762,1,1
2024-04-12 15:03:25.378,20760,20762,20762,2,2
2024-04-12 15:03:25.378,20760,20762,20762,5,5
2024-04-12 15:03:25.378,20760,20762,20762,1,1
2024-04-12 15:03:25.378,20760,20762,20762,2,2
2024-04-12 15:03:25.378,20760,20762,20762,2,2
2024-04-12 15:03:25.379,20760,20762,20762,1,1
2024-04-12 15:03:25.610,20762,20763,20762,1,-1
2024-04-12 15:03:25.849,20761,20763,20761,1,-1
2024-04-12 15:03:30.233,20761,20762,20762,1,1
2024-04-12 15:03:32.142,20762,20763,20762,1,-1
2024-04-12 15:03:33.162,20762,20763,20763,1,1
2024-04-12 15:03:33.244,20762,20763,20763,3,3
2024-04-12 15:03:33.294,20762,20763,20763,1,1
2024-04-12 15:03:34.483,20762,20763,20762,1,-1
2024-04-12 15:03:34.666,20762,20763,20762,1,-1
2024-04-12 15:03:35.117,20762,20763,20762,2,-2
2024-04-12 15:03:36.455,20761,20762,20761,6,-6
2024-04-12 15:03:40.228,20760,20761,20761,4,4
2024-04-12 15:03:40.282,20760,20761,20761,1,1
2024-04-12 15:03:43.344,20760,20762,20762,1,1
2024-04-12 15:03:50.438,20760,20761,20761,1,1
2024-04-12 15:04:00.216,20760,20761,20761,1,1
2024-04-12 15:04:02.268,20760,20762,20761,1,1
2024-04-12 15:04:08.238,20761,20762,20761,1,-1
2024-04-12 15:04:08.914,20761,20762,20762,3,3
2024-04-12 15:04:09.846,20761,20762,20761,1,-1
2024-04-12 15:04:10.403,20761,20762,20762,1,1
2024-04-12 15:04:13.199,20761,20762,20762,1,1
2024-04-12 15:04:17.095,20761,20762,20761,1,-1
2024-04-12 15:04:17.095,20761,20762,20761,4,-4
2024-04-12 15:04:20.216,20760,20761,20761,4,4
2024-04-12 15:04:20.271,20760,20761,20761,1,1
2024-04-12 15:04:20.346,20760,20761,20761,1,1
2024-04-12 15:04:25.892,20761,20762,20761,3,-3
2024-04-12 15:04:34.613,20761,20762,20761,4,-4
2024-04-12 15:04:37.395,20760,20761,20761,1,1
2024-04-12 15:04:38.856,20760,20761,20761,2,2
2024-04-12 15:04:39.669,20761,20762,20762,2,2
2024-04-12 15:04:40.208,20761,20762,20762,3,3
2024-04-12 15:04:43.482,20761,20762,20762,2,2
2024-04-12 15:04:44.535,20761,20762,20761,1,-1
2024-04-12 15:04:49.896,20761,20762,20762,1,1
2024-04-12 15:04:50.927,20762,20763,20763,1,1
2024-04-12 15:04:53.774,20762,20763,20763,4,4
2024-04-12 15:04:53.774,20762,20763,20763,1,1
2024-04-12 15:04:53.774,20762,20763,20763,1,1
2024-04-12 15:04:53.774,20762,20763,20763,2,2
2024-04-12 15:04:53.774,20762,20763,20763,4,4
2024-04-12 15:04:53.774,20762,20763,20763,1,1
2024-04-12 15:04:53.775,20762,20763,20763,1,1
2024-04-12 15:04:53.775,20762,20763,20763,1,1
2024-04-12 15:04:54.317,20763,20764,20763,1,-1
2024-04-12 15:04:54.317,20763,20764,20762,1,-1
2024-04-12 15:04:56.715,20763,20764,20763,1,-1
2024-04-12 15:04:56.716,20763,20764,20762,3,-3
2024-04-12 15:04:56.717,20763,20764,20762,1,-1
2024-04-12 15:04:57.128,20761,20763,20763,1,1
2024-04-12 15:04:58.204,20762,20764,20764,10,10
2024-04-12 15:04:58.372,20762,20764,20764,2,2
2024-04-12 15:04:58.545,20763,20764,20765,9,9
2024-04-12 15:04:58.545,20763,20764,20764,1,1
2024-04-12 15:04:58.721,20763,20765,20765,14,14
2024-04-12 15:04:58.721,20763,20765,20766,23,23
2024-04-12 15:04:58.972,20764,20766,20764,1,-1
2024-04-12 15:04:59.711,20764,20766,20764,1,-1
2024-04-12 15:05:00.048,20764,20766,20766,1,1
2024-04-12 15:05:00.600,20764,20766,20766,1,1
2024-04-12 15:05:00.678,20764,20766,20765,1,1
2024-04-12 15:05:00.682,20764,20766,20764,1,-1
2024-04-12 15:05:01.336,20765,20766,20766,1,1
2024-04-12 15:05:01.428,20765,20766,20766,1,1
2024-04-12 15:05:01.453,20765,20766,20766,1,1
2024-04-12 15:05:01.453,20765,20766,20766,1,1
2024-04-12 15:05:03.731,20766,20767,20767,1,1
2024-04-12 15:05:03.891,20765,20767,20767,1,1
2024-04-12 15:05:04.104,20766,20767,20766,1,-1
2024-04-12 15:05:04.909,20765,20767,20766,1,-1
2024-04-12 15:05:05.575,20766,20767,20766,1,-1
2024-04-12 15:05:05.716,20765,20767,20765,1,-1
2024-04-12 15:05:06.734,20766,20767,20767,10,10
2024-04-12 15:05:07.476,20766,20767,20766,1,-1
2024-04-12 15:05:08.527,20765,20766,20766,1,1
2024-04-12 15:05:10.211,20765,20766,20766,1,1
2024-04-12 15:05:10.451,20765,20766,20766,1,1
2024-04-12 15:05:10.694,20765,20766,20765,3,-3
2024-04-12 15:05:11.471,20764,20766,20766,10,10
2024-04-12 15:05:11.707,20765,20767,20767,1,1
2024-04-12 15:05:12.740,20765,20767,20767,4,4
2024-04-12 15:05:14.356,20765,20767,20766,1,1
2024-04-12 15:05:15.899,20765,20767,20766,1,1
2024-04-12 15:05:17.105,20765,20766,20766,2,2
2024-04-12 15:05:17.105,20765,20766,20766,3,3
2024-04-12 15:05:17.372,20765,20766,20765,2,-2
2024-04-12 15:05:18.392,20764,20766,20766,10,10
2024-04-12 15:05:18.587,20764,20766,20765,3,3
2024-04-12 15:05:20.250,20764,20765,20765,1,1
2024-04-12 15:05:23.876,20764,20765,20765,1,1
2024-04-12 15:05:24.086,20764,20765,20765,1,1
2024-04-12 15:05:26.265,20764,20765,20764,2,-2
2024-04-12 15:05:29.113,20763,20765,20764,7,-7
2024-04-12 15:05:32.805,20762,20763,20763,1,1
2024-04-12 15:05:32.917,20762,20763,20762,1,-1
2024-04-12 15:05:35.823,20762,20763,20762,1,-1
2024-04-12 15:05:36.427,20762,20763,20763,10,10
2024-04-12 15:05:49.444,20763,20764,20764,10,10
2024-04-12 15:05:55.753,20763,20764,20764,1,1
2024-04-12 15:05:57.215,20763,20764,20764,1,1
2024-04-12 15:05:59.923,20764,20765,20764,11,-11
2024-04-12 15:06:05.328,20763,20764,20764,1,1
2024-04-12 15:06:05.328,20763,20764,20764,1,1
2024-04-12 15:06:05.991,20763,20765,20765,1,1
2024-04-12 15:06:14.970,20764,20765,20764,3,-3
2024-04-12 15:06:15.091,20763,20765,20763,1,-1
2024-04-12 15:06:15.091,20763,20765,20763,7,-7
2024-04-12 15:06:15.998,20762,20764,20764,5,5
2024-04-12 15:06:17.118,20762,20764,20764,1,1
2024-04-12 15:06:17.669,20762,20764,20762,1,-1
2024-04-12 15:06:19.180,20762,20763,20762,2,-2
2024-04-12 15:06:19.448,20762,20763,20762,7,-7
2024-04-12 15:06:30.812,20761,20762,20762,1,1
2024-04-12 15:06:36.136,20761,20762,20762,1,1
2024-04-12 15:06:36.136,20761,20762,20763,1,1
2024-04-12 15:06:47.710,20762,20763,20762,2,-2
2024-04-12 15:06:50.250,20762,20763,20763,1,1
2024-04-12 15:06:56.100,20762,20763,20762,3,-3
2024-04-12 15:07:01.017,20761,20762,20761,7,-7
2024-04-12 15:07:01.017,20761,20762,20761,2,-2
2024-04-12 15:07:01.017,20761,20762,20761,2,-2
2024-04-12 15:07:22.570,20761,20762,20762,1,1
2024-04-12 15:07:24.821,20761,20762,20762,1,1
2024-04-12 15:07:29.701,20761,20762,20762,2,2
2024-04-12 15:07:31.365,20761,20762,20762,6,6
2024-04-12 15:07:31.984,20762,20763,20763,2,2
2024-04-12 15:07:32.589,20762,20763,20762,1,-1
2024-04-12 15:07:33.496,20762,20763,20762,2,-2
2024-04-12 15:07:33.496,20762,20763,20761,1,-1
2024-04-12 15:07:49.581,20761,20762,20762,1,1
2024-04-12 15:07:54.952,20762,20763,20762,1,-1
2024-04-12 15:07:59.761,20761,20762,20763,2,2
2024-04-12 15:07:59.761,20761,20762,20762,1,1
2024-04-12 15:07:59.902,20761,20763,20761,12,-12
2024-04-12 15:08:18.629,20762,20763,20763,1,1
2024-04-12 15:08:18.629,20762,20763,20763,2,2
2024-04-12 15:08:23.019,20762,20764,20763,1,1
2024-04-12 15:08:31.083,20763,20764,20763,1,-1
2024-04-12 15:08:31.477,20762,20763,20762,1,-1
2024-04-12 15:08:31.502,20762,20763,20762,5,-5
2024-04-12 15:08:31.620,20761,20763,20763,1,1
2024-04-12 15:08:33.963,20761,20763,20763,1,1
2024-04-12 15:08:37.821,20761,20762,20762,3,3
2024-04-12 15:08:39.459,20761,20762,20761,3,-3
2024-04-12 15:08:41.064,20761,20763,20761,3,-3
2024-04-12 15:08:41.834,20761,20763,20762,1,-1
2024-04-12 15:08:42.187,20761,20762,20761,1,-1
2024-04-12 15:08:46.615,20760,20761,20761,3,3
2024-04-12 15:08:50.422,20761,20762,20762,1,1
2024-04-12 15:08:59.723,20761,20762,20762,1,1
2024-04-12 15:09:00.223,20761,20762,20762,5,5
2024-04-12 15:09:02.501,20762,20763,20762,2,-2
2024-04-12 15:09:07.154,20762,20763,20763,1,1
2024-04-12 15:09:09.630,20762,20763,20762,1,-1
2024-04-12 15:09:15.369,20761,20762,20762,1,1
2024-04-12 15:09:26.694,20762,20763,20762,1,-1
2024-04-12 15:09:33.017,20762,20763,20763,17,17
2024-04-12 15:09:40.357,20762,20764,20764,4,4
2024-04-12 15:09:45.850,20762,20764,20764,1,1
2024-04-12 15:09:47.139,20762,20764,20764,1,1
2024-04-12 15:09:51.522,20762,20764,20764,1,1
2024-04-12 15:09:54.490,20763,20764,20763,1,-1
2024-04-12 15:09:59.766,20762,20763,20763,1,1
2024-04-12 15:10:00.084,20762,20764,20764,2,2
2024-04-12 15:10:04.408,20763,20764,20764,1,1
2024-04-12 15:10:08.016,20763,20764,20763,1,-1
2024-04-12 15:10:11.361,20762,20764,20762,1,-1
2024-04-12 15:10:12.704,20762,20764,20762,1,-1
2024-04-12 15:10:20.249,20762,20764,20764,1,1
2024-04-12 15:10:20.338,20763,20764,20764,1,1
2024-04-12 15:10:35.363,20763,20764,20764,4,4
2024-04-12 15:10:35.611,20763,20764,20764,1,1
2024-04-12 15:10:40.230,20763,20764,20764,7,7
2024-04-12 15:10:40.250,20763,20764,20764,1,1
2024-04-12 15:10:40.421,20763,20764,20764,1,1
2024-04-12 15:10:40.421,20763,20764,20764,4,4
2024-04-12 15:10:40.421,20763,20764,20764,3,3
2024-04-12 15:10:40.421,20763,20764,20764,1,1
2024-04-12 15:10:40.910,20764,20765,20765,3,3
2024-04-12 15:10:43.847,20764,20765,20764,3,-3
2024-04-12 15:10:46.104,20763,20764,20764,1,1
2024-04-12 15:10:55.703,20764,20765,20766,6,6
2024-04-12 15:10:55.703,20764,20765,20765,4,4
2024-04-12 15:10:58.561,20764,20766,20766,1,1
2024-04-12 15:11:01.748,20764,20766,20766,1,1
2024-04-12 15:11:01.936,20765,20766,20766,1,1
2024-04-12 15:11:07.661,20765,20766,20766,1,1
2024-04-12 15:11:09.775,20765,20766,20765,1,-1
2024-04-12 15:11:17.468,20765,20766,20765,1,-1
2024-04-12 15:11:17.468,20765,20766,20765,3,-3
2024-04-12 15:11:18.305,20764,20766,20765,1,-1
2024-04-12 15:11:18.307,20764,20766,20764,2,-2
2024-04-12 15:11:20.269,20763,20765,20763,21,-21
2024-04-12 15:11:20.269,20763,20765,20762,15,-15
2024-04-12 15:11:20.289,20762,20764,20764,2,2
2024-04-12 15:11:20.632,20762,20764,20764,1,1
2024-04-12 15:11:21.602,20762,20764,20764,1,1
2024-04-12 15:11:23.167,20763,20764,20764,1,1
2024-04-12 15:11:23.307,20763,20764,20763,1,-1
2024-04-12 15:11:23.307,20763,20764,20763,1,-1
2024-04-12 15:11:23.398,20763,20764,20762,2,-2
2024-04-12 15:11:24.085,20763,20764,20763,1,-1
2024-04-12 15:11:28.714,20763,20764,20763,2,-2
2024-04-12 15:11:28.714,20763,20764,20763,2,-2
2024-04-12 15:11:31.858,20762,20764,20763,1,-1
2024-04-12 15:11:36.592,20763,20764,20763,5,-5
2024-04-12 15:11:36.592,20763,20764,20762,18,-18
2024-04-12 15:11:42.126,20762,20763,20762,1,-1
2024-04-12 15:11:42.127,20762,20763,20762,2,-2
2024-04-12 15:11:42.185,20761,20762,20762,1,1
2024-04-12 15:11:42.352,20761,20762,20761,1,-1
2024-04-12 15:11:42.352,20761,20762,20761,1,-1
2024-04-12 15:11:43.451,20760,20762,20762,1,1
2024-04-12 15:11:46.302,20761,20762,20761,1,-1
2024-04-12 15:11:47.926,20760,20762,20760,3,-3
2024-04-12 15:11:49.369,20760,20762,20760,3,-3
2024-04-12 15:11:53.745,20760,20761,20761,1,1
2024-04-12 15:11:55.756,20760,20762,20760,1,-1
2024-04-12 15:11:56.389,20761,20762,20761,1,-1
2024-04-12 15:12:02.846,20760,20762,20761,1,-1
2024-04-12 15:12:03.676,20760,20762,20762,1,1
2024-04-12 15:12:10.480,20760,20762,20760,1,-1
2024-04-12 15:12:11.899,20760,20762,20760,1,-1
2024-04-12 15:12:17.066,20760,20762,20760,1,-1
2024-04-12 15:12:18.197,20760,20761,20761,1,1
2024-04-12 15:12:26.481,20760,20762,20760,5,-5
2024-04-12 15:12:26.743,20760,20762,20760,5,-5
2024-04-12 15:12:27.032,20760,20762,20760,4,-4
2024-04-12 15:12:27.088,20760,20762,20760,1,-1
2024-04-12 15:12:32.989,20760,20761,20760,1,-1
2024-04-12 15:12:33.771,20759,20760,20760,2,2
2024-04-12 15:12:34.534,20759,20760,20760,1,1
2024-04-12 15:12:37.215,20759,20760,20760,1,1
2024-04-12 15:12:38.049,20759,20760,20759,3,-3
2024-04-12 15:12:39.042,20759,20760,20759,2,-2
2024-04-12 15:12:39.080,20759,20760,20759,2,-2
2024-04-12 15:12:39.080,20759,20760,20758,1,-1
2024-04-12 15:12:39.288,20758,20760,20758,1,-1
2024-04-12 15:12:42.358,20758,20760,20758,1,-1
2024-04-12 15:12:43.623,20758,20760,20758,3,-3
2024-04-12 15:12:43.623,20758,20760,20758,1,-1
2024-04-12 15:12:43.623,20758,20760,20758,1,-1
2024-04-12 15:12:43.623,20758,20760,20758,1,-1
2024-04-12 15:12:43.623,20758,20760,20758,1,-1
2024-04-12 15:12:43.623,20758,20760,20758,1,-1
2024-04-12 15:12:43.623,20758,20760,20758,1,-1
2024-04-12 15:12:44.855,20757,20758,20758,1,1
2024-04-12 15:12:46.614,20757,20758,20757,1,-1
2024-04-12 15:12:46.615,20757,20758,20757,1,-1
2024-04-12 15:12:49.368,20757,20758,20758,1,1
2024-04-12 15:12:53.698,20757,20758,20758,1,1
2024-04-12 15:13:00.305,20757,20758,20757,1,-1
2024-04-12 15:13:00.362,20757,20758,20758,1,1
2024-04-12 15:13:00.646,20757,20758,20757,1,-1
2024-04-12 15:13:00.675,20757,20758,20757,1,-1
2024-04-12 15:13:00.676,20757,20758,20757,1,-1
2024-04-12 15:13:03.906,20756,20757,20757,1,1
2024-04-12 15:13:05.583,20756,20757,20756,3,-3
2024-04-12 15:13:07.524,20756,20757,20756,3,-3
2024-04-12 15:13:09.276,20756,20757,20756,2,-2
2024-04-12 15:13:11.110,20756,20757,20756,2,-2
2024-04-12 15:13:13.727,20756,20757,20757,2,2
2024-04-12 15:13:14.511,20756,20757,20757,2,2
2024-04-12 15:13:18.095,20756,20757,20756,13,-13
2024-04-12 15:13:26.769,20755,20756,20755,2,-2
2024-04-12 15:13:26.769,20755,20756,20755,2,-2
2024-04-12 15:13:26.770,20755,20756,20755,2,-2
2024-04-12 15:13:26.770,20755,20756,20755,1,-1
2024-04-12 15:13:26.770,20755,20756,20755,1,-1
2024-04-12 15:13:26.770,20755,20756,20755,1,-1
2024-04-12 15:13:29.305,20754,20755,20754,1,-1
2024-04-12 15:13:29.306,20754,20755,20754,2,-2
2024-04-12 15:13:30.366,20753,20754,20753,2,-2
2024-04-12 15:13:30.422,20753,20754,20753,1,-1
2024-04-12 15:13:30.422,20753,20754,20753,5,-5
2024-04-12 15:13:30.542,20752,20753,20752,1,-1
2024-04-12 15:13:30.672,20752,20753,20752,1,-1
2024-04-12 15:13:31.476,20752,20753,20753,1,1
2024-04-12 15:13:31.982,20752,20753,20752,2,-2
2024-04-12 15:13:35.155,20752,20753,20752,3,-3
2024-04-12 15:13:35.303,20751,20752,20751,1,-1
2024-04-12 15:13:35.321,20751,20752,20750,2,-2
2024-04-12 15:13:35.471,20750,20752,20750,1,-1
2024-04-12 15:13:36.646,20750,20752,20752,1,1
2024-04-12 15:13:38.489,20751,20753,20751,2,-2
2024-04-12 15:13:38.795,20751,20753,20751,1,-1
2024-04-12 15:13:39.065,20751,20753,20751,1,-1
2024-04-12 15:13:40.251,20751,20752,20752,1,1
2024-04-12 15:13:41.448,20751,20752,20751,1,-1
2024-04-12 15:13:43.779,20751,20752,20752,1,1
2024-04-12 15:13:45.710,20751,20752,20752,1,1
2024-04-12 15:13:49.385,20752,20753,20753,1,1
2024-04-12 15:13:49.386,20752,20753,20753,1,1
2024-04-12 15:13:49.545,20753,20755,20755,1,1
2024-04-12 15:13:49.907,20753,20755,20753,1,-1
2024-04-12 15:13:50.672,20754,20755,20754,1,-1
2024-04-12 15:13:50.672,20754,20755,20753,3,-3
2024-04-12 15:13:50.950,20753,20755,20753,1,-1
2024-04-12 15:13:51.221,20753,20755,20755,2,2
2024-04-12 15:13:51.947,20753,20755,20755,1,1
2024-04-12 15:13:54.926,20754,20755,20754,1,-1
2024-04-12 15:13:55.509,20754,20755,20755,1,1
2024-04-12 15:13:55.977,20754,20755,20755,1,1
2024-04-12 15:13:57.828,20754,20756,20754,3,-3
2024-04-12 15:13:58.506,20754,20756,20756,1,1
2024-04-12 15:13:58.710,20754,20756,20754,2,-2
2024-04-12 15:13:59.778,20754,20756,20756,1,1
2024-04-12 15:14:01.127,20754,20756,20754,1,-1
2024-04-12 15:14:01.519,20754,20756,20756,2,2
2024-04-12 15:14:05.819,20754,20755,20755,1,1
2024-04-12 15:14:11.362,20755,20756,20756,2,2
2024-04-12 15:14:15.501,20756,20757,20756,1,-1
2024-04-12 15:14:16.142,20755,20757,20757,1,1
2024-04-12 15:14:20.002,20756,20757,20756,1,-1
2024-04-12 15:14:22.064,20755,20756,20756,1,1
2024-04-12 15:14:24.501,20756,20757,20756,1,-1
2024-04-12 15:14:26.059,20756,20757,20756,1,-1
2024-04-12 15:14:28.032,20756,20757,20757,3,3
2024-04-12 15:14:29.661,20756,20757,20757,3,3
2024-04-12 15:14:32.263,20756,20757,20757,2,2
2024-04-12 15:14:34.240,20756,20757,20757,1,1
2024-04-12 15:14:36.699,20756,20757,20757,1,1
2024-04-12 15:14:46.576,20757,20758,20757,1,-1
2024-04-12 15:14:52.682,20757,20758,20757,3,-3
2024-04-12 15:14:56.382,20756,20757,20756,2,-2
2024-04-12 15:14:56.382,20756,20757,20755,3,-3
2024-04-12 15:15:02.595,20755,20757,20755,3,-3
2024-04-12 15:15:03.339,20755,20756,20755,1,-1
2024-04-12 15:15:03.495,20755,20756,20755,3,-3
2024-04-12 15:15:03.665,20755,20756,20756,1,1
2024-04-12 15:15:11.043,20755,20756,20756,1,1
2024-04-12 15:15:12.153,20755,20756,20756,1,1
2024-04-12 15:15:16.676,20756,20757,20756,3,-3
2024-04-12 15:15:20.366,20755,20757,20757,1,1
2024-04-12 15:15:20.529,20756,20758,20757,1,1
2024-04-12 15:15:20.648,20756,20758,20756,2,-2
2024-04-12 15:15:21.155,20756,20758,20756,2,-2
2024-04-12 15:15:24.681,20755,20756,20755,1,-1
2024-04-12 15:15:29.084,20753,20755,20755,1,1
2024-04-12 15:15:34.316,20753,20754,20753,1,-1
2024-04-12 15:15:34.409,20753,20754,20753,1,-1
2024-04-12 15:15:34.410,20753,20754,20753,1,-1
2024-04-12 15:15:39.650,20753,20754,20754,1,1
2024-04-12 15:15:47.556,20753,20754,20753,2,-2
2024-04-12 15:15:47.660,20752,20753,20752,1,-1
2024-04-12 15:15:51.065,20752,20753,20753,1,1
2024-04-12 15:15:51.223,20752,20754,20752,1,-1
2024-04-12 15:15:59.257,20753,20754,20753,1,-1
2024-04-12 15:15:59.257,20753,20754,20752,1,-1
2024-04-12 15:16:08.577,20753,20754,20754,1,1
2024-04-12 15:16:09.207,20754,20755,20754,1,-1
2024-04-12 15:16:13.512,20754,20755,20754,1,-1
2024-04-12 15:16:20.464,20754,20755,20754,1,-1
2024-04-12 15:16:20.521,20754,20755,20755,1,1
2024-04-12 15:16:20.626,20754,20755,20755,1,1
2024-04-12 15:16:26.894,20754,20755,20755,1,1
2024-04-12 15:16:26.909,20754,20755,20754,1,-1
2024-04-12 15:16:28.801,20754,20755,20755,1,1
2024-04-12 15:16:31.254,20754,20755,20755,4,4
2024-04-12 15:16:42.400,20755,20756,20755,1,-1
2024-04-12 15:16:42.400,20755,20756,20755,2,-2
2024-04-12 15:16:52.210,20755,20756,20755,8,-8
2024-04-12 15:16:55.615,20754,20755,20755,1,1
2024-04-12 15:16:58.739,20754,20755,20754,1,-1
2024-04-12 15:16:58.740,20754,20755,20754,1,-1
2024-04-12 15:16:58.741,20754,20755,20753,2,-2
2024-04-12 15:17:03.596,20754,20755,20754,2,-2
2024-04-12 15:17:04.503,20754,20755,20755,1,1
2024-04-12 15:17:24.180,20754,20755,20754,2,-2
2024-04-12 15:17:24.390,20753,20754,20753,1,-1
2024-04-12 15:17:24.391,20753,20754,20753,1,-1
2024-04-12 15:17:31.405,20752,20753,20752,1,-1
2024-04-12 15:17:31.405,20752,20753,20752,2,-2
2024-04-12 15:17:31.405,20752,20753,20752,3,-3
2024-04-12 15:17:31.406,20752,20753,20752,3,-3
2024-04-12 15:17:38.375,20751,20752,20751,1,-1
2024-04-12 15:17:43.239,20751,20752,20751,3,-3
2024-04-12 15:17:43.482,20751,20752,20751,2,-2
2024-04-12 15:17:43.482,20751,20752,20751,1,-1
2024-04-12 15:17:45.716,20750,20752,20750,3,-3
2024-04-12 15:17:46.210,20750,20752,20750,1,-1
2024-04-12 15:17:50.293,20751,20752,20752,1,1
2024-04-12 15:17:53.304,20751,20752,20752,1,1
2024-04-12 15:17:53.575,20752,20754,20752,1,-1
2024-04-12 15:18:01.814,20752,20753,20753,1,1
2024-04-12 15:18:15.575,20752,20753,20752,1,-1
2024-04-12 15:18:15.575,20752,20753,20752,1,-1
2024-04-12 15:18:20.250,20751,20752,20752,1,1
2024-04-12 15:18:22.057,20751,20752,20752,1,1
2024-04-12 15:18:23.093,20751,20752,20752,2,2
2024-04-12 15:18:27.499,20752,20753,20753,1,1
2024-04-12 15:18:28.912,20752,20753,20753,4,4
2024-04-12 15:18:30.656,20752,20753,20752,2,-2
2024-04-12 15:18:33.979,20752,20753,20752,1,-1
2024-04-12 15:18:35.677,20752,20753,20753,1,1
2024-04-12 15:18:41.764,20752,20753,20752,1,-1
2024-04-12 15:18:47.129,20752,20753,20752,2,-2
2024-04-12 15:18:53.238,20751,20753,20752,1,-1
2024-04-12 15:19:05.099,20752,20753,20752,1,-1
2024-04-12 15:19:20.366,20752,20753,20753,1,1
2024-04-12 15:19:20.468,20752,20753,20753,1,1
2024-04-12 15:19:20.689,20752,20753,20752,2,-2
2024-04-12 15:19:22.572,20752,20753,20753,3,3
2024-04-12 15:19:22.572,20752,20753,20753,2,2
2024-04-12 15:19:22.573,20752,20753,20753,13,13
2024-04-12 15:19:25.715,20753,20754,20753,4,-4
2024-04-12 15:19:31.788,20753,20754,20754,3,3
2024-04-12 15:19:37.451,20753,20754,20754,3,3
2024-04-12 15:19:42.705,20753,20754,20754,1,1
2024-04-12 15:19:54.018,20753,20754,20753,3,-3
2024-04-12 15:20:06.792,20753,20754,20754,1,1
2024-04-12 15:20:07.287,20753,20754,20753,1,-1
2024-04-12 15:20:07.370,20753,20754,20753,1,-1
2024-04-12 15:20:07.410,20753,20754,20753,1,-1
2024-04-12 15:20:07.411,20753,20754,20753,4,-4
2024-04-12 15:20:15.679,20753,20754,20753,1,-1
2024-04-12 15:20:15.680,20753,20754,20753,1,-1
2024-04-12 15:20:20.216,20753,20754,20754,1,1
2024-04-12 15:20:20.527,20753,20754,20754,1,1
2024-04-12 15:20:40.721,20753,20754,20753,2,-2
2024-04-12 15:20:40.784,20752,20754,20752,1,-1
2024-04-12 15:20:40.784,20752,20754,20752,1,-1
2024-04-12 15:20:42.208,20753,20754,20753,1,-1
2024-04-12 15:20:42.285,20752,20754,20752,1,-1
2024-04-12 15:20:46.073,20752,20754,20752,1,-1
2024-04-12 15:20:49.868,20752,20754,20752,1,-1
2024-04-12 15:21:07.221,20752,20753,20752,1,-1
2024-04-12 15:21:07.221,20752,20753,20752,2,-2
2024-04-12 15:21:07.941,20751,20753,20751,1,-1
2024-04-12 15:21:20.251,20752,20753,20753,1,1
2024-04-12 15:21:21.220,20752,20753,20752,1,-1
2024-04-12 15:21:22.338,20752,20753,20752,1,-1
2024-04-12 15:21:22.338,20752,20753,20752,2,-2
2024-04-12 15:21:22.469,20752,20753,20752,1,-1
2024-04-12 15:21:24.969,20751,20752,20751,1,-1
2024-04-12 15:21:33.943,20751,20752,20751,1,-1
2024-04-12 15:21:33.944,20751,20752,20751,5,-5
2024-04-12 15:21:33.945,20751,20752,20751,2,-2
2024-04-12 15:21:33.945,20751,20752,20751,1,-1
2024-04-12 15:21:33.945,20751,20752,20751,1,-1
2024-04-12 15:21:37.654,20750,20751,20750,1,-1
2024-04-12 15:21:38.587,20750,20751,20750,2,-2
2024-04-12 15:21:39.918,20750,20751,20750,1,-1
2024-04-12 15:21:39.918,20750,20751,20750,2,-2
2024-04-12 15:21:39.918,20750,20751,20750,1,-1
2024-04-12 15:21:39.919,20750,20751,20750,4,-4
2024-04-12 15:21:39.919,20750,20751,20750,3,-3
2024-04-12 15:21:39.919,20750,20751,20750,11,-11
2024-04-12 15:21:39.939,20750,20751,20749,1,-1
2024-04-12 15:21:39.939,20750,20751,20749,1,-1
2024-04-12 15:21:39.939,20750,20751,20749,3,-3
2024-04-12 15:21:39.939,20750,20751,20749,2,-2
2024-04-12 15:21:40.508,20748,20749,20748,4,-4
2024-04-12 15:21:50.249,20747,20748,20748,1,1
2024-04-12 15:21:51.038,20747,20748,20748,1,1
2024-04-12 15:21:51.790,20748,20750,20748,1,-1
2024-04-12 15:21:52.834,20749,20750,20749,3,-3
2024-04-12 15:22:01.863,20749,20751,20749,1,-1
2024-04-12 15:22:19.492,20749,20750,20749,1,-1
2024-04-12 15:22:20.021,20749,20750,20749,1,-1
2024-04-12 15:22:24.523,20749,20750,20750,1,1
2024-04-12 15:22:35.655,20750,20751,20751,1,1
2024-04-12 15:22:37.667,20750,20751,20750,1,-1
2024-04-12 15:22:43.151,20750,20751,20750,1,-1
2024-04-12 15:22:43.356,20750,20751,20750,1,-1
2024-04-12 15:22:43.601,20750,20751,20750,1,-1
2024-04-12 15:22:44.276,20749,20750,20750,1,1
2024-04-12 15:22:56.199,20749,20750,20749,7,-7
2024-04-12 15:22:56.972,20748,20749,20748,1,-1
2024-04-12 15:22:56.972,20748,20749,20748,4,-4
2024-04-12 15:23:00.676,20748,20749,20749,1,1
2024-04-12 15:23:01.351,20748,20749,20748,1,-1
2024-04-12 15:23:12.224,20749,20750,20749,1,-1
2024-04-12 15:23:21.028,20749,20750,20750,1,1
2024-04-12 15:23:23.488,20749,20750,20750,1,1
2024-04-12 15:23:30.200,20749,20750,20749,1,-1
2024-04-12 15:23:31.538,20749,20750,20749,1,-1
2024-04-12 15:23:31.539,20749,20750,20749,2,-2
2024-04-12 15:23:37.390,20748,20749,20748,1,-1
2024-04-12 15:23:38.687,20748,20749,20748,1,-1
2024-04-12 15:23:39.436,20748,20749,20748,6,-6
2024-04-12 15:23:40.223,20747,20748,20747,1,-1
2024-04-12 15:23:40.309,20747,20748,20747,9,-9
2024-04-12 15:23:40.309,20747,20748,20747,4,-4
2024-04-12 15:23:40.310,20747,20748,20747,4,-4
2024-04-12 15:23:40.310,20747,20748,20747,2,-2
2024-04-12 15:23:40.310,20747,20748,20747,5,-5
2024-04-12 15:23:40.310,20747,20748,20747,3,-3
2024-04-12 15:23:54.344,20746,20747,20746,1,-1
2024-04-12 15:23:54.345,20746,20747,20746,2,-2
2024-04-12 15:23:54.383,20746,20747,20746,1,-1
2024-04-12 15:23:54.425,20745,20747,20745,1,-1
2024-04-12 15:23:54.478,20745,20747,20745,2,-2
2024-04-12 15:23:54.546,20745,20746,20745,4,-4
2024-04-12 15:23:54.606,20745,20746,20745,1,-1
2024-04-12 15:23:54.635,20745,20746,20745,2,-2
2024-04-12 15:23:54.644,20745,20746,20745,2,-2
2024-04-12 15:23:54.647,20745,20746,20745,2,-2
2024-04-12 15:23:56.837,20745,20746,20746,1,1
2024-04-12 15:23:57.011,20745,20746,20745,4,-4
2024-04-12 15:23:57.011,20745,20746,20744,1,-1
2024-04-12 15:23:57.049,20744,20746,20744,8,-8
2024-04-12 15:23:57.881,20743,20745,20743,1,-1
2024-04-12 15:23:57.948,20743,20745,20743,3,-3
2024-04-12 15:23:57.976,20743,20745,20745,1,1
2024-04-12 15:23:58.241,20743,20745,20743,1,-1
2024-04-12 15:23:59.645,20744,20746,20744,1,-1
2024-04-12 15:24:00.798,20744,20745,20745,1,1
2024-04-12 15:24:00.850,20744,20745,20744,1,-1
2024-04-12 15:24:01.025,20743,20745,20743,7,-7
2024-04-12 15:24:01.027,20743,20745,20743,3,-3
2024-04-12 15:24:03.995,20743,20745,20743,4,-4
2024-04-12 15:24:06.450,20744,20745,20744,2,-2
2024-04-12 15:24:06.834,20744,20745,20744,2,-2
2024-04-12 15:24:09.780,20743,20744,20743,1,-1
2024-04-12 15:24:10.768,20743,20744,20743,2,-2
2024-04-12 15:24:12.182,20743,20744,20743,1,-1
2024-04-12 15:24:15.313,20742,20743,20741,1,-1
2024-04-12 15:24:15.313,20742,20743,20742,4,-4
2024-04-12 15:24:16.454,20742,20743,20743,1,1
2024-04-12 15:24:17.044,20742,20743,20742,1,-1
2024-04-12 15:24:20.218,20742,20743,20742,1,-1
2024-04-12 15:24:20.226,20742,20743,20743,1,1
2024-04-12 15:24:20.285,20742,20744,20742,1,-1
2024-04-12 15:24:20.969,20742,20744,20742,2,-2
2024-04-12 15:24:26.159,20742,20744,20742,4,-4
2024-04-12 15:24:26.312,20742,20743,20743,1,1
2024-04-12 15:24:31.319,20742,20743,20743,2,2
2024-04-12 15:24:35.309,20742,20743,20743,1,1
2024-04-12 15:24:42.476,20742,20743,20743,1,1
2024-04-12 15:24:43.808,20742,20743,20742,3,-3
2024-04-12 15:24:45.229,20742,20743,20742,6,-6
2024-04-12 15:24:45.372,20742,20743,20742,3,-3
2024-04-12 15:24:47.443,20742,20743,20742,1,-1
2024-04-12 15:24:47.443,20742,20743,20741,5,-5
2024-04-12 15:24:50.195,20742,20743,20742,1,-1
2024-04-12 15:24:50.804,20742,20743,20743,1,1
2024-04-12 15:24:51.289,20742,20743,20742,3,-3
2024-04-12 15:24:52.164,20742,20743,20742,1,-1
2024-04-12 15:24:52.245,20742,20743,20742,2,-2
2024-04-12 15:24:52.245,20742,20743,20741,10,-10
2024-04-12 15:24:52.789,20741,20742,20742,1,1
2024-04-12 15:24:53.694,20741,20742,20741,1,-1
2024-04-12 15:24:55.873,20740,20742,20742,1,1
2024-04-12 15:24:58.896,20741,20742,20742,1,1
2024-04-12 15:24:59.424,20741,20743,20741,13,-13
2024-04-12 15:24:59.424,20741,20743,20740,14,-14
2024-04-12 15:24:59.576,20740,20742,20740,3,-3
2024-04-12 15:24:59.601,20740,20742,20740,2,-2
2024-04-12 15:24:59.614,20740,20742,20740,2,-2
2024-04-12 15:24:59.624,20740,20742,20740,2,-2
2024-04-12 15:24:59.624,20740,20742,20740,2,-2
2024-04-12 15:24:59.626,20740,20742,20739,1,-1
2024-04-12 15:24:59.641,20740,20742,20739,2,-2
2024-04-12 15:24:59.649,20740,20742,20739,1,-1
2024-04-12 15:24:59.763,20739,20741,20739,1,-1
2024-04-12 15:24:59.788,20739,20741,20739,6,-6
2024-04-12 15:24:59.839,20739,20741,20739,2,-2
2024-04-12 15:24:59.843,20739,20741,20739,7,-7
2024-04-12 15:24:59.843,20739,20741,20738,2,-2
2024-04-12 15:24:59.892,20739,20741,20739,1,-1
2024-04-12 15:24:59.948,20738,20740,20738,1,-1
2024-04-12 15:24:59.969,20738,20740,20739,2,-2
2024-04-12 15:25:00.050,20739,20740,20739,1,-1
2024-04-12 15:25:00.162,20739,20740,20739,1,-1
2024-04-12 15:25:00.162,20739,20740,20739,1,-1
2024-04-12 15:25:00.164,20739,20740,20738,1,-1
2024-04-12 15:25:00.175,20739,20740,20739,1,-1
2024-04-12 15:25:00.175,20739,20740,20739,1,-1
2024-04-12 15:25:00.217,20739,20740,20740,1,1
2024-04-12 15:25:00.243,20739,20740,20740,4,4
2024-04-12 15:25:00.243,20739,20740,20738,1,-1
2024-04-12 15:25:00.271,20739,20740,20739,3,-3
2024-04-12 15:25:00.508,20739,20741,20738,2,-2
2024-04-12 15:25:00.513,20739,20741,20738,2,-2
2024-04-12 15:25:00.555,20738,20740,20738,2,-2
2024-04-12 15:25:01.694,20738,20740,20738,6,-6
2024-04-12 15:25:01.695,20738,20740,20739,1,-1
2024-04-12 15:25:01.696,20738,20740,20739,1,-1
2024-04-12 15:25:01.696,20738,20740,20739,1,-1
2024-04-12 15:25:01.785,20738,20740,20738,1,-1
2024-04-12 15:25:04.131,20738,20740,20738,1,-1
2024-04-12 15:25:06.049,20738,20739,20738,1,-1
2024-04-12 15:25:06.050,20738,20739,20738,1,-1
2024-04-12 15:25:06.709,20737,20739,20739,1,1
2024-04-12 15:25:09.341,20737,20738,20737,1,-1
2024-04-12 15:25:09.409,20737,20738,20737,1,-1
2024-04-12 15:25:09.409,20737,20738,20737,1,-1
2024-04-12 15:25:09.410,20737,20738,20737,1,-1
2024-04-12 15:25:09.416,20737,20738,20737,5,-5
2024-04-12 15:25:09.416,20737,20738,20737,1,-1
2024-04-12 15:25:09.648,20736,20738,20736,3,-3
2024-04-12 15:25:09.803,20736,20738,20738,1,1
2024-04-12 15:25:10.027,20736,20738,20736,1,-1
2024-04-12 15:25:11.580,20736,20738,20736,1,-1
2024-04-12 15:25:12.940,20736,20738,20736,1,-1
2024-04-12 15:25:14.350,20736,20738,20736,1,-1
2024-04-12 15:25:14.941,20736,20738,20738,4,4
2024-04-12 15:25:15.423,20736,20738,20738,7,7
2024-04-12 15:25:15.467,20736,20738,20737,1,1
2024-04-12 15:25:16.476,20737,20739,20737,3,-3
2024-04-12 15:25:17.063,20737,20738,20737,1,-1
2024-04-12 15:25:17.919,20736,20738,20736,14,-14
2024-04-12 15:25:17.920,20736,20738,20736,4,-4
2024-04-12 15:25:18.196,20735,20737,20737,5,5
2024-04-12 15:25:18.284,20735,20737,20735,1,-1
2024-04-12 15:25:18.284,20735,20737,20735,1,-1
2024-04-12 15:25:18.285,20735,20737,20735,1,-1
2024-04-12 15:25:18.286,20735,20737,20735,1,-1
2024-04-12 15:25:18.516,20735,20737,20735,13,-13
2024-04-12 15:25:18.516,20735,20737,20734,11,-11
2024-04-12 15:25:18.616,20734,20735,20734,1,-1
2024-04-12 15:25:18.793,20733,20735,20733,5,-5
2024-04-12 15:25:18.838,20733,20735,20733,1,-1
2024-04-12 15:25:18.916,20733,20734,20733,1,-1
2024-04-12 15:25:19.198,20733,20735,20733,1,-1
2024-04-12 15:25:19.812,20733,20735,20733,1,-1
2024-04-12 15:25:20.254,20733,20735,20734,7,-7
2024-04-12 15:25:20.589,20733,20735,20735,2,2
2024-04-12 15:25:24.265,20734,20736,20734,3,-3
2024-04-12 15:25:25.238,20734,20736,20734,3,-3
2024-04-12 15:25:26.316,20733,20735,20733,3,-3
2024-04-12 15:25:26.470,20733,20734,20734,1,1
2024-04-12 15:25:26.472,20733,20734,20734,1,1
2024-04-12 15:25:27.339,20733,20735,20733,2,-2
2024-04-12 15:25:27.410,20733,20735,20733,1,-1
2024-04-12 15:25:27.410,20733,20735,20733,1,-1
2024-04-12 15:25:29.251,20734,20735,20734,1,-1
2024-04-12 15:25:29.563,20733,20735,20733,1,-1
2024-04-12 15:25:31.466,20733,20735,20735,1,1
2024-04-12 15:25:31.497,20733,20735,20734,1,1
2024-04-12 15:25:31.497,20733,20735,20733,5,-5
2024-04-12 15:25:31.717,20733,20735,20735,1,1
2024-04-12 15:25:35.328,20733,20735,20735,11,11
2024-04-12 15:25:35.329,20733,20735,20735,3,3
2024-04-12 15:25:35.357,20733,20735,20735,1,1
2024-04-12 15:25:38.632,20735,20736,20736,1,1
2024-04-12 15:25:38.659,20735,20737,20735,1,-1
2024-04-12 15:25:38.659,20735,20737,20735,1,-1
2024-04-12 15:25:38.665,20735,20737,20735,1,-1
2024-04-12 15:25:40.226,20735,20737,20736,1,-1
2024-04-12 15:25:40.226,20735,20737,20736,1,-1
2024-04-12 15:25:42.931,20735,20737,20735,1,-1
2024-04-12 15:25:51.030,20735,20737,20736,2,-2
2024-04-12 15:25:51.031,20735,20737,20737,3,3
2024-04-12 15:25:53.015,20735,20737,20737,1,1
2024-04-12 15:25:53.072,20736,20737,20736,1,-1
2024-04-12 15:25:54.604,20735,20737,20737,1,1
2024-04-12 15:25:57.364,20736,20738,20736,1,-1
2024-04-12 15:25:59.194,20736,20738,20736,1,-1
2024-04-12 15:26:05.131,20736,20737,20737,2,2
2024-04-12 15:26:08.361,20736,20737,20737,1,1
2024-04-12 15:26:18.081,20737,20738,20738,1,1
2024-04-12 15:26:18.969,20737,20738,20738,5,5
2024-04-12 15:26:20.225,20738,20739,20738,5,-5
2024-04-12 15:26:22.357,20737,20739,20739,1,1
2024-04-12 15:26:23.875,20737,20739,20739,3,3
2024-04-12 15:26:29.621,20738,20739,20739,1,1
2024-04-12 15:26:29.621,20738,20739,20739,1,1
2024-04-12 15:26:30.001,20738,20740,20739,1,1
2024-04-12 15:26:31.682,20739,20740,20739,1,-1
2024-04-12 15:26:35.959,20739,20740,20739,1,-1
2024-04-12 15:26:37.094,20738,20740,20739,1,-1
2024-04-12 15:26:37.990,20738,20739,20739,4,4
2024-04-12 15:26:37.991,20738,20739,20739,1,1
2024-04-12 15:26:40.220,20738,20739,20738,2,-2
2024-04-12 15:26:44.363,20738,20739,20739,2,2
2024-04-12 15:26:48.361,20738,20739,20739,1,1
2024-04-12 15:26:53.815,20738,20739,20738,1,-1
2024-04-12 15:26:57.081,20738,20739,20738,1,-1
2024-04-12 15:27:00.227,20738,20739,20738,5,-5
2024-04-12 15:27:00.426,20737,20739,20737,1,-1
2024-04-12 15:27:00.874,20737,20739,20739,1,1
2024-04-12 15:27:01.628,20737,20739,20737,1,-1
2024-04-12 15:27:09.647,20738,20739,20738,1,-1
2024-04-12 15:27:18.028,20737,20739,20737,2,-2
2024-04-12 15:27:18.414,20737,20739,20739,1,1
2024-04-12 15:27:24.538,20738,20739,20739,1,1
2024-04-12 15:27:32.516,20738,20739,20739,3,3
2024-04-12 15:27:34.367,20738,20739,20739,1,1
2024-04-12 15:27:36.947,20738,20739,20739,1,1
2024-04-12 15:27:40.223,20738,20739,20738,1,-1
2024-04-12 15:27:48.258,20738,20739,20739,2,2
2024-04-12 15:27:51.371,20738,20740,20740,1,1
2024-04-12 15:27:52.389,20739,20740,20740,4,4
2024-04-12 15:27:52.389,20739,20740,20740,1,1
2024-04-12 15:27:52.389,20739,20740,20740,1,1
2024-04-12 15:27:52.389,20739,20740,20740,1,1
2024-04-12 15:27:52.389,20739,20740,20740,1,1
2024-04-12 15:27:53.625,20739,20741,20740,2,2
2024-04-12 15:27:57.245,20740,20741,20741,1,1
2024-04-12 15:27:57.355,20740,20741,20741,1,1
2024-04-12 15:28:02.135,20740,20742,20740,1,-1
2024-04-12 15:28:03.846,20741,20742,20741,1,-1
2024-04-12 15:28:05.116,20740,20742,20742,5,5
2024-04-12 15:28:08.270,20741,20742,20741,2,-2
2024-04-12 15:28:17.875,20741,20742,20742,3,3
2024-04-12 15:28:18.446,20741,20742,20741,2,-2
2024-04-12 15:28:20.214,20741,20742,20741,3,-3
2024-04-12 15:28:20.272,20741,20742,20741,1,-1
2024-04-12 15:28:26.536,20740,20742,20741,1,-1
2024-04-12 15:28:36.002,20739,20741,20740,1,-1
2024-04-12 15:28:38.214,20739,20741,20741,1,1
2024-04-12 15:28:38.552,20739,20741,20741,1,1
2024-04-12 15:28:41.968,20739,20740,20740,1,1
2024-04-12 15:28:48.905,20739,20741,20741,1,1
2024-04-12 15:28:50.969,20740,20742,20741,1,1
2024-04-12 15:28:51.642,20740,20742,20741,1,1
2024-04-12 15:29:01.366,20740,20741,20741,1,1
2024-04-12 15:29:02.008,20740,20741,20740,2,-2
2024-04-12 15:29:02.008,20740,20741,20739,1,-1
2024-04-12 15:29:05.155,20739,20741,20741,2,2
2024-04-12 15:29:13.018,20740,20741,20741,1,1
2024-04-12 15:29:14.593,20740,20741,20741,1,1
2024-04-12 15:29:17.770,20740,20742,20740,5,-5
2024-04-12 15:29:19.874,20740,20741,20741,1,1
2024-04-12 15:29:27.389,20740,20741,20741,2,2
2024-04-12 15:29:29.224,20740,20741,20741,2,2
2024-04-12 15:29:36.446,20740,20741,20740,3,-3
2024-04-12 15:29:44.606,20740,20741,20741,1,1
2024-04-12 15:29:46.490,20740,20741,20741,1,1
2024-04-12 15:29:51.161,20740,20741,20741,2,2
2024-04-12 15:29:56.801,20741,20742,20742,1,1
2024-04-12 15:30:00.215,20741,20742,20741,2,-2
2024-04-12 15:30:00.298,20740,20741,20740,1,-1
2024-04-12 15:30:00.298,20740,20741,20740,1,-1
2024-04-12 15:30:00.510,20740,20741,20740,1,-1
2024-04-12 15:30:03.024,20740,20741,20741,1,1
2024-04-12 15:30:03.035,20740,20742,20741,1,1
2024-04-12 15:30:03.680,20740,20742,20740,1,-1
2024-04-12 15:30:06.817,20741,20742,20741,1,-1
2024-04-12 15:30:07.198,20741,20742,20742,6,6
2024-04-12 15:30:10.898,20742,20743,20743,2,2
2024-04-12 15:30:10.898,20742,20743,20743,2,2
2024-04-12 15:30:10.898,20742,20743,20743,2,2
2024-04-12 15:30:10.898,20742,20743,20743,1,1
2024-04-12 15:30:11.030,20742,20744,20744,1,1
2024-04-12 15:30:11.945,20743,20745,20745,1,1
2024-04-12 15:30:12.219,20743,20745,20743,1,-1
2024-04-12 15:30:13.971,20742,20744,20744,1,1
2024-04-12 15:30:20.040,20742,20744,20744,1,1
2024-04-12 15:30:20.168,20742,20744,20742,2,-2
2024-04-12 15:30:20.201,20742,20744,20744,2,2
2024-04-12 15:30:20.223,20742,20744,20744,1,1
2024-04-12 15:30:20.314,20742,20744,20742,2,-2
2024-04-12 15:30:20.357,20742,20744,20744,1,1
2024-04-12 15:30:20.611,20742,20744,20743,1,1
2024-04-12 15:30:20.666,20742,20744,20744,1,1
2024-04-12 15:30:20.931,20742,20744,20744,2,2
2024-04-12 15:30:23.185,20742,20744,20744,2,2
2024-04-12 15:30:23.284,20742,20744,20742,1,-1
2024-04-12 15:30:23.285,20742,20744,20742,1,-1
2024-04-12 15:30:23.285,20742,20744,20742,1,-1
2024-04-12 15:30:23.785,20742,20744,20744,2,2
2024-04-12 15:30:24.794,20742,20744,20742,1,-1
2024-04-12 15:30:36.435,20742,20744,20742,1,-1
2024-04-12 15:30:39.132,20742,20743,20743,2,2
2024-04-12 15:30:39.159,20742,20744,20742,1,-1
2024-04-12 15:30:49.692,20743,20745,20745,4,4
2024-04-12 15:30:50.689,20743,20745,20745,2,2
2024-04-12 15:30:50.783,20743,20745,20743,1,-1
2024-04-12 15:30:58.133,20743,20744,20744,1,1
2024-04-12 15:30:58.550,20743,20745,20743,1,-1
2024-04-12 15:31:05.846,20744,20745,20745,1,1
2024-04-12 15:31:08.253,20744,20745,20745,1,1
2024-04-12 15:31:08.285,20744,20745,20744,1,-1
2024-04-12 15:31:08.285,20744,20745,20743,1,-1
2024-04-12 15:31:14.504,20743,20744,20744,1,1
2024-04-12 15:31:20.525,20744,20745,20745,1,1
2024-04-12 15:31:22.909,20744,20745,20745,4,4
2024-04-12 15:31:23.537,20744,20745,20745,1,1
2024-04-12 15:31:24.009,20744,20745,20745,1,1
2024-04-12 15:31:24.228,20744,20745,20745,1,1
2024-04-12 15:31:27.168,20744,20745,20745,1,1
2024-04-12 15:31:27.279,20744,20745,20745,1,1
2024-04-12 15:31:39.624,20744,20745,20745,1,1
2024-04-12 15:31:45.566,20744,20745,20744,4,-4
2024-04-12 15:31:45.566,20744,20745,20744,4,-4
2024-04-12 15:31:45.566,20744,20745,20744,3,-3
2024-04-12 15:31:45.566,20744,20745,20744,3,-3
2024-04-12 15:31:49.875,20743,20744,20743,9,-9
2024-04-12 15:31:52.709,20742,20743,20742,1,-1
2024-04-12 15:31:53.295,20742,20743,20743,1,1
2024-04-12 15:31:54.242,20742,20743,20743,1,1
2024-04-12 15:31:56.888,20742,20743,20742,1,-1
2024-04-12 15:31:57.454,20742,20743,20742,2,-2
2024-04-12 15:31:57.455,20742,20743,20742,4,-4
2024-04-12 15:31:57.455,20742,20743,20742,4,-4
2024-04-12 15:32:00.035,20741,20742,20741,1,-1
2024-04-12 15:32:03.631,20740,20741,20741,1,1
2024-04-12 15:32:08.382,20740,20741,20741,4,4
2024-04-12 15:32:10.929,20740,20741,20740,14,-14
2024-04-12 15:32:13.350,20739,20740,20740,1,1
2024-04-12 15:32:14.130,20739,20740,20740,1,1
2024-04-12 15:32:17.740,20739,20740,20739,1,-1
2024-04-12 15:32:17.849,20739,20740,20739,1,-1
2024-04-12 15:32:18.708,20739,20740,20739,2,-2
2024-04-12 15:32:18.708,20739,20740,20738,1,-1
2024-04-12 15:32:18.795,20738,20739,20739,1,1
2024-04-12 15:32:20.216,20739,20740,20739,2,-2
2024-04-12 15:32:20.253,20739,20740,20740,1,1
2024-04-12 15:32:20.996,20738,20739,20738,1,-1
2024-04-12 15:32:21.292,20738,20739,20739,1,1
2024-04-12 15:32:23.101,20739,20740,20739,1,-1
2024-04-12 15:32:24.411,20739,20740,20739,1,-1
2024-04-12 15:32:40.221,20738,20739,20738,5,-5
2024-04-12 15:32:40.221,20738,20739,20738,15,-15
2024-04-12 15:32:43.986,20737,20738,20737,4,-4
2024-04-12 15:32:45.230,20737,20738,20737,1,-1
2024-04-12 15:32:46.761,20736,20737,20736,1,-1
2024-04-12 15:32:49.236,20736,20737,20736,2,-2
2024-04-12 15:32:49.257,20736,20737,20736,3,-3
2024-04-12 15:32:50.975,20736,20737,20737,2,2
2024-04-12 15:32:51.595,20737,20739,20737,1,-1
2024-04-12 15:32:52.127,20737,20739,20737,1,-1
2024-04-12 15:32:55.615,20738,20739,20739,1,1
2024-04-12 15:33:00.818,20738,20739,20739,1,1
2024-04-12 15:33:03.279,20738,20739,20738,1,-1
2024-04-12 15:33:03.284,20738,20739,20738,1,-1
2024-04-12 15:33:05.566,20738,20739,20739,4,4
2024-04-12 15:33:05.566,20738,20739,20739,1,1
2024-04-12 15:33:06.948,20739,20740,20740,5,5
2024-04-12 15:33:11.305,20739,20741,20741,1,1
2024-04-12 15:33:11.410,20739,20741,20739,1,-1
2024-04-12 15:33:11.410,20739,20741,20739,1,-1
2024-04-12 15:33:13.309,20738,20740,20740,1,1
2024-04-12 15:33:21.191,20739,20740,20740,1,1
2024-04-12 15:33:26.729,20739,20740,20739,1,-1
2024-04-12 15:33:26.784,20739,20740,20739,1,-1
2024-04-12 15:33:28.244,20739,20740,20739,4,-4
2024-04-12 15:33:31.760,20738,20740,20740,4,4
2024-04-12 15:33:35.548,20739,20740,20739,1,-1
2024-04-12 15:33:52.724,20739,20740,20739,5,-5
2024-04-12 15:34:00.219,20738,20739,20738,4,-4
2024-04-12 15:34:00.581,20738,20739,20738,1,-1
2024-04-12 15:34:00.587,20738,20739,20738,1,-1
2024-04-12 15:34:02.018,20737,20738,20737,3,-3
2024-04-12 15:34:02.018,20737,20738,20737,1,-1
2024-04-12 15:34:04.840,20737,20738,20738,2,2
2024-04-12 15:34:06.967,20737,20739,20737,3,-3
2024-04-12 15:34:10.851,20736,20738,20738,1,1
2024-04-12 15:34:17.500,20736,20738,20737,1,1
2024-04-12 15:34:17.504,20736,20738,20738,6,6
2024-04-12 15:34:20.229,20737,20738,20737,1,-1
2024-04-12 15:34:21.227,20736,20738,20737,1,-1
2024-04-12 15:34:28.952,20737,20738,20737,1,-1
2024-04-12 15:34:36.293,20737,20738,20737,3,-3
2024-04-12 15:34:36.293,20737,20738,20737,1,-1
2024-04-12 15:34:37.633,20737,20738,20737,3,-3
2024-04-12 15:34:40.226,20736,20737,20736,4,-4
2024-04-12 15:34:42.653,20736,20737,20736,1,-1
2024-04-12 15:34:43.439,20736,20737,20736,2,-2
2024-04-12 15:34:45.390,20736,20737,20737,1,1
2024-04-12 15:34:48.943,20736,20737,20737,1,1
2024-04-12 15:34:50.251,20736,20737,20737,1,1
2024-04-12 15:34:53.018,20736,20737,20736,7,-7
2024-04-12 15:34:53.018,20736,20737,20735,9,-9
2024-04-12 15:34:53.019,20736,20737,20736,1,-1
2024-04-12 15:34:56.822,20736,20737,20736,1,-1
2024-04-12 15:34:59.372,20736,20737,20737,3,3
2024-04-12 15:35:09.456,20737,20738,20737,1,-1
2024-04-12 15:35:11.229,20737,20738,20736,29,-29
2024-04-12 15:35:11.229,20737,20738,20737,1,-1
2024-04-12 15:35:12.543,20736,20738,20738,17,17
2024-04-12 15:35:14.128,20738,20740,20740,20,20
2024-04-12 15:35:14.129,20738,20740,20740,1,1
2024-04-12 15:35:14.129,20738,20740,20740,2,2
2024-04-12 15:35:14.129,20738,20740,20740,7,7
2024-04-12 15:35:20.178,20738,20740,20740,1,1
2024-04-12 15:35:21.032,20739,20740,20740,1,1
2024-04-12 15:35:22.721,20739,20740,20740,13,13
2024-04-12 15:35:22.722,20739,20740,20740,1,1
2024-04-12 15:35:27.487,20739,20741,20741,2,2
2024-04-12 15:35:29.509,20740,20741,20740,3,-3
2024-04-12 15:35:35.752,20739,20740,20739,1,-1
2024-04-12 15:35:36.066,20738,20739,20739,1,1
2024-04-12 15:35:36.066,20738,20739,20740,10,10
2024-04-12 15:35:36.711,20738,20740,20740,7,7
2024-04-12 15:35:36.711,20738,20740,20741,4,4
2024-04-12 15:35:38.249,20738,20740,20740,2,2
2024-04-12 15:35:43.407,20740,20741,20741,1,1
2024-04-12 15:35:43.457,20740,20741,20741,1,1
2024-04-12 15:35:45.851,20740,20741,20741,1,1
2024-04-12 15:35:49.922,20740,20741,20740,1,-1
2024-04-12 15:35:50.219,20740,20741,20741,2,2
2024-04-12 15:35:50.220,20740,20741,20741,1,1
2024-04-12 15:35:50.497,20740,20742,20740,1,-1
2024-04-12 15:35:51.753,20740,20741,20741,1,1
2024-04-12 15:35:52.891,20741,20742,20741,5,-5
2024-04-12 15:35:54.101,20741,20742,20741,1,-1
2024-04-12 15:36:02.112,20740,20742,20742,1,1
2024-04-12 15:36:04.460,20741,20742,20742,1,1
2024-04-12 15:36:05.679,20741,20742,20742,1,1
2024-04-12 15:36:05.679,20741,20742,20742,3,3
2024-04-12 15:36:05.679,20741,20742,20742,1,1
2024-04-12 15:36:09.538,20742,20743,20743,1,1
2024-04-12 15:36:12.942,20742,20743,20743,1,1
2024-04-12 15:36:14.862,20741,20743,20743,3,3
2024-04-12 15:36:16.446,20741,20742,20742,1,1
2024-04-12 15:36:16.598,20741,20742,20742,1,1
2024-04-12 15:36:20.252,20741,20742,20742,1,1
2024-04-12 15:36:20.933,20741,20743,20741,1,-1
2024-04-12 15:36:38.997,20741,20742,20742,1,1
2024-04-12 15:36:40.717,20741,20742,20741,2,-2
2024-04-12 15:36:40.717,20741,20742,20741,1,-1
2024-04-12 15:36:40.717,20741,20742,20741,3,-3
2024-04-12 15:36:42.388,20740,20741,20740,2,-2
2024-04-12 15:36:47.265,20740,20741,20740,3,-3
2024-04-12 15:36:47.266,20740,20741,20740,3,-3
2024-04-12 15:36:52.880,20740,20741,20740,1,-1
2024-04-12 15:37:02.623,20740,20741,20740,1,-1
2024-04-12 15:37:02.624,20740,20741,20740,3,-3
2024-04-12 15:37:05.181,20739,20740,20739,1,-1
2024-04-12 15:37:05.647,20739,20740,20739,1,-1
2024-04-12 15:37:12.078,20738,20739,20739,1,1
2024-04-12 15:37:14.057,20738,20739,20739,1,1
2024-04-12 15:37:14.791,20738,20740,20740,1,1
2024-04-12 15:37:15.768,20738,20740,20740,1,1
2024-04-12 15:37:43.433,20738,20740,20740,5,5
2024-04-12 15:37:50.126,20739,20740,20739,1,-1
2024-04-12 15:37:51.584,20739,20740,20740,1,1
2024-04-12 15:37:57.592,20739,20741,20739,1,-1
2024-04-12 15:38:00.196,20739,20741,20741,1,1
2024-04-12 15:38:00.593,20741,20742,20740,3,-3
2024-04-12 15:38:00.597,20741,20742,20740,1,-1
2024-04-12 15:38:18.660,20740,20741,20741,1,1
2024-04-12 15:38:22.466,20740,20742,20741,1,1
2024-04-12 15:38:23.897,20740,20741,20740,1,-1
2024-04-12 15:38:25.528,20740,20741,20740,1,-1
2024-04-12 15:38:50.250,20740,20741,20741,1,1
2024-04-12 15:38:54.306,20741,20742,20742,2,2
2024-04-12 15:38:57.080,20741,20742,20741,1,-1
2024-04-12 15:38:57.883,20740,20742,20742,1,1
2024-04-12 15:39:21.786,20740,20741,20741,1,1
2024-04-12 15:39:43.054,20741,20742,20742,1,1
2024-04-12 15:39:43.055,20741,20742,20742,1,1
2024-04-12 15:39:43.876,20742,20743,20742,1,-1
2024-04-12 15:39:44.979,20741,20742,20742,1,1
2024-04-12 15:39:50.854,20742,20743,20743,1,1
2024-04-12 15:40:00.221,20742,20743,20742,2,-2
2024-04-12 15:40:00.457,20742,20743,20742,1,-1
2024-04-12 15:40:07.260,20742,20743,20742,1,-1
2024-04-12 15:40:09.649,20741,20742,20741,2,-2
2024-04-12 15:40:09.650,20741,20742,20741,2,-2
2024-04-12 15:40:09.650,20741,20742,20741,7,-7
2024-04-12 15:40:17.041,20740,20741,20741,1,1
2024-04-12 15:40:21.652,20740,20741,20740,1,-1
2024-04-12 15:40:21.652,20740,20741,20740,2,-2
2024-04-12 15:40:22.266,20740,20741,20740,1,-1
2024-04-12 15:40:37.258,20740,20742,20742,2,2
2024-04-12 15:41:21.047,20742,20743,20743,1,1
2024-04-12 15:41:27.708,20742,20743,20743,1,1
2024-04-12 15:41:29.355,20742,20743,20742,6,-6
2024-04-12 15:41:37.847,20741,20742,20742,1,1
2024-04-12 15:41:39.973,20741,20742,20741,1,-1
2024-04-12 15:41:39.973,20741,20742,20741,1,-1
2024-04-12 15:41:39.973,20741,20742,20741,10,-10
2024-04-12 15:41:40.114,20740,20741,20740,1,-1
2024-04-12 15:41:40.114,20740,20741,20740,2,-2
2024-04-12 15:41:44.046,20739,20740,20739,1,-1
2024-04-12 15:41:46.990,20739,20740,20739,1,-1
2024-04-12 15:41:49.059,20739,20740,20739,8,-8
2024-04-12 15:41:53.351,20739,20740,20739,1,-1
2024-04-12 15:42:20.252,20739,20740,20740,1,1
2024-04-12 15:42:28.179,20739,20740,20739,4,-4
2024-04-12 15:42:38.099,20739,20740,20739,1,-1
2024-04-12 15:42:41.095,20739,20740,20740,1,1
2024-04-12 15:42:44.629,20739,20740,20740,2,2
2024-04-12 15:42:44.629,20739,20740,20740,5,5
2024-04-12 15:42:44.629,20739,20740,20740,4,4
2024-04-12 15:42:44.630,20739,20740,20740,8,8
2024-04-12 15:42:44.875,20740,20742,20740,4,-4
2024-04-12 15:42:56.459,20740,20742,20742,1,1
2024-04-12 15:43:08.331,20741,20743,20742,1,1
2024-04-12 15:43:14.126,20742,20743,20743,2,2
2024-04-12 15:43:18.852,20742,20743,20743,1,1
2024-04-12 15:43:18.852,20742,20743,20743,1,1
2024-04-12 15:43:30.050,20743,20744,20743,1,-1
2024-04-12 15:43:30.050,20743,20744,20742,1,-1
2024-04-12 15:43:40.705,20742,20743,20742,1,-1
2024-04-12 15:43:42.585,20741,20742,20742,1,1
2024-04-12 15:44:07.879,20741,20743,20741,1,-1
2024-04-12 15:44:08.212,20741,20743,20743,2,2
2024-04-12 15:44:08.218,20741,20743,20743,2,2
2024-04-12 15:44:08.275,20741,20743,20743,1,1
2024-04-12 15:44:13.277,20743,20744,20744,4,4
2024-04-12 15:44:13.437,20743,20744,20744,4,4
2024-04-12 15:44:18.442,20743,20745,20745,2,2
2024-04-12 15:44:21.126,20743,20745,20744,1,1
2024-04-12 15:44:21.405,20742,20744,20744,5,5
2024-04-12 15:44:21.405,20742,20744,20745,1,1
2024-04-12 15:44:30.209,20743,20744,20743,3,-3
2024-04-12 15:44:39.035,20742,20743,20742,2,-2
2024-04-12 15:44:39.036,20742,20743,20741,6,-6
2024-04-12 15:44:42.462,20740,20741,20741,1,1
2024-04-12 15:44:47.009,20740,20741,20741,2,2
2024-04-12 15:45:10.215,20743,20744,20744,1,1
2024-04-12 15:45:27.319,20743,20745,20745,1,1
2024-04-12 15:45:35.635,20743,20744,20743,1,-1
2024-04-12 15:45:35.635,20743,20744,20743,3,-3
2024-04-12 15:45:46.624,20741,20743,20743,2,2
2024-04-12 15:46:26.623,20742,20743,20742,45,-45
2024-04-12 15:46:26.623,20742,20743,20741,2,-2
2024-04-12 15:46:26.623,20742,20743,20741,1,-1
2024-04-12 15:46:26.623,20742,20743,20741,1,-1
2024-04-12 15:46:26.624,20742,20743,20741,1,-1
2024-04-12 15:46:26.624,20742,20743,20741,4,-4
2024-04-12 15:46:26.706,20740,20741,20740,1,-1
2024-04-12 15:46:26.706,20740,20741,20740,9,-9
2024-04-12 15:46:27.037,20739,20741,20739,3,-3
2024-04-12 15:46:46.800,20740,20741,20741,1,1
2024-04-12 15:47:00.218,20740,20741,20740,3,-3
2024-04-12 15:47:01.547,20740,20741,20740,1,-1
2024-04-12 15:47:04.446,20739,20740,20739,2,-2
2024-04-12 15:47:06.476,20738,20739,20738,2,-2
2024-04-12 15:47:06.476,20738,20739,20738,4,-4
2024-04-12 15:47:14.604,20738,20739,20738,1,-1
2024-04-12 15:47:15.859,20738,20739,20739,2,2
2024-04-12 15:47:25.912,20738,20739,20739,1,1
2024-04-12 15:47:26.629,20739,20740,20739,2,-2
2024-04-12 15:47:26.629,20739,20740,20739,1,-1
2024-04-12 15:47:40.215,20739,20740,20739,4,-4
2024-04-12 15:47:44.419,20739,20740,20740,1,1
2024-04-12 15:47:44.420,20739,20740,20740,1,1
2024-04-12 15:48:00.131,20740,20741,20740,1,-1
2024-04-12 15:48:03.472,20740,20741,20740,4,-4
2024-04-12 15:48:09.291,20739,20741,20739,5,-5
2024-04-12 15:48:09.643,20740,20741,20741,1,1
2024-04-12 15:48:10.594,20740,20741,20740,1,-1
2024-04-12 15:48:13.911,20740,20741,20741,1,1
2024-04-12 15:48:17.735,20741,20742,20741,4,-4
2024-04-12 15:48:20.949,20740,20742,20742,2,2
2024-04-12 15:48:38.752,20741,20742,20741,1,-1
2024-04-12 15:48:41.224,20740,20741,20740,1,-1
2024-04-12 15:48:42.475,20739,20740,20739,2,-2
2024-04-12 15:48:42.476,20739,20740,20739,1,-1
2024-04-12 15:48:42.476,20739,20740,20739,1,-1
2024-04-12 15:48:42.477,20739,20740,20739,2,-2
2024-04-12 15:48:42.477,20739,20740,20739,1,-1
2024-04-12 15:48:49.315,20738,20739,20738,1,-1
2024-04-12 15:48:54.791,20738,20739,20738,5,-5
2024-04-12 15:48:58.401,20738,20739,20739,3,3
2024-04-12 15:49:04.415,20739,20740,20739,1,-1
2024-04-12 15:49:10.250,20739,20740,20740,1,1
2024-04-12 15:49:13.550,20739,20740,20739,5,-5
2024-04-12 15:49:13.550,20739,20740,20739,3,-3
2024-04-12 15:49:24.147,20738,20740,20739,1,-1
2024-04-12 15:49:39.380,20738,20740,20740,1,1
2024-04-12 15:49:45.093,20739,20740,20740,4,4
2024-04-12 15:49:45.303,20740,20741,20741,2,2
2024-04-12 15:49:54.250,20741,20742,20741,2,-2
2024-04-12 15:49:57.014,20741,20742,20741,1,-1
2024-04-12 15:50:00.271,20741,20742,20742,1,1
2024-04-12 15:50:02.963,20742,20743,20742,2,-2
2024-04-12 15:50:02.963,20742,20743,20742,1,-1
2024-04-12 15:50:09.636,20741,20743,20743,2,2
2024-04-12 15:50:10.732,20741,20743,20742,1,1
2024-04-12 15:50:20.307,20741,20742,20742,1,1
2024-04-12 15:50:27.984,20741,20742,20741,2,-2
2024-04-12 15:50:43.849,20741,20742,20742,1,1
2024-04-12 15:50:45.706,20741,20742,20742,1,1
2024-04-12 15:50:53.041,20742,20743,20743,2,2
2024-04-12 15:51:08.835,20743,20744,20743,4,-4
2024-04-12 15:51:08.835,20743,20744,20743,1,-1
2024-04-12 15:51:08.835,20743,20744,20743,4,-4
2024-04-12 15:51:08.835,20743,20744,20743,2,-2
2024-04-12 15:51:08.835,20743,20744,20743,2,-2
2024-04-12 15:51:08.835,20743,20744,20743,2,-2
2024-04-12 15:51:08.835,20743,20744,20743,2,-2
2024-04-12 15:51:08.836,20743,20744,20743,4,-4
2024-04-12 15:51:19.105,20743,20744,20743,2,-2
2024-04-12 15:51:23.150,20743,20744,20743,1,-1
2024-04-12 15:52:06.900,20742,20744,20742,4,-4
2024-04-12 15:52:06.954,20741,20743,20743,1,1
2024-04-12 15:52:57.061,20743,20744,20744,1,1
2024-04-12 15:53:02.289,20743,20744,20744,4,4
2024-04-12 15:53:02.660,20743,20744,20743,2,-2
2024-04-12 15:53:37.271,20743,20744,20743,1,-1
2024-04-12 15:53:46.244,20743,20744,20744,3,3
2024-04-12 15:53:54.288,20743,20745,20745,4,4
2024-04-12 15:53:55.654,20743,20744,20743,2,-2
2024-04-12 15:53:59.477,20743,20744,20743,1,-1
2024-04-12 15:54:02.066,20743,20744,20744,1,1
2024-04-12 15:54:02.066,20743,20744,20745,1,1
2024-04-12 15:54:16.733,20743,20745,20745,3,3
2024-04-12 15:54:19.000,20743,20745,20745,1,1
2024-04-12 15:54:20.966,20744,20745,20744,1,-1
2024-04-12 15:54:33.303,20744,20745,20745,1,1
2024-04-12 15:54:56.897,20744,20745,20745,3,3
2024-04-12 15:54:57.873,20744,20745,20745,2,2
2024-04-12 15:54:59.736,20744,20745,20745,1,1
2024-04-12 15:55:00.305,20744,20745,20744,1,-1
2024-04-12 15:55:00.375,20744,20745,20745,6,6
2024-04-12 15:55:00.414,20743,20745,20743,1,-1
2024-04-12 15:55:00.414,20743,20745,20743,1,-1
2024-04-12 15:55:00.657,20743,20745,20743,6,-6
2024-04-12 15:55:12.564,20742,20744,20742,1,-1
2024-04-12 15:55:14.056,20742,20744,20744,2,2
2024-04-12 15:55:21.961,20742,20744,20743,1,1
2024-04-12 15:55:22.984,20742,20743,20743,2,2
2024-04-12 15:55:23.663,20742,20743,20743,5,5
2024-04-12 15:55:26.590,20743,20744,20743,1,-1
2024-04-12 15:55:28.250,20743,20744,20744,1,1
2024-04-12 15:55:34.338,20743,20744,20744,1,1
2024-04-12 15:55:36.988,20743,20744,20744,2,2
2024-04-12 15:55:42.332,20744,20745,20744,1,-1
2024-04-12 15:55:42.411,20744,20745,20744,1,-1
2024-04-12 15:55:43.986,20743,20744,20744,1,1
2024-04-12 15:55:44.922,20743,20744,20744,3,3
2024-04-12 15:55:44.922,20743,20744,20745,3,3
2024-04-12 15:55:50.590,20743,20744,20743,7,-7
2024-04-12 15:56:14.195,20741,20742,20742,1,1
2024-04-12 15:56:26.124,20742,20743,20742,1,-1
2024-04-12 15:56:26.228,20741,20743,20741,1,-1
2024-04-12 15:56:26.932,20741,20743,20741,1,-1
2024-04-12 15:56:27.335,20742,20743,20742,1,-1
2024-04-12 15:56:28.240,20742,20743,20742,1,-1
2024-04-12 15:56:33.299,20741,20743,20741,1,-1
2024-04-12 15:56:35.815,20741,20743,20741,1,-1
2024-04-12 15:56:39.440,20742,20744,20742,1,-1
2024-04-12 15:56:43.500,20742,20744,20744,1,1
2024-04-12 15:56:56.718,20743,20744,20743,4,-4
2024-04-12 15:56:59.845,20743,20744,20744,1,1
2024-04-12 15:57:06.022,20743,20745,20744,1,1
2024-04-12 15:57:26.969,20744,20745,20745,3,3
2024-04-12 15:57:26.969,20744,20745,20745,1,1
2024-04-12 15:57:32.594,20745,20746,20745,1,-1
2024-04-12 15:57:35.708,20745,20746,20745,1,-1
2024-04-12 15:57:40.220,20744,20745,20745,1,1
2024-04-12 15:57:42.733,20745,20746,20746,1,1
2024-04-12 15:57:46.242,20745,20746,20745,1,-1
2024-04-12 15:57:50.928,20745,20746,20746,1,1
2024-04-12 15:57:51.086,20745,20746,20746,1,1
2024-04-12 15:57:51.086,20745,20746,20746,7,7
2024-04-12 15:57:51.086,20745,20746,20746,2,2
2024-04-12 15:57:51.297,20745,20747,20747,2,2
2024-04-12 15:57:51.480,20746,20747,20747,1,1
2024-04-12 15:57:51.503,20746,20747,20747,1,1
2024-04-12 15:57:51.962,20746,20747,20746,1,-1
2024-04-12 15:57:52.053,20746,20747,20746,2,-2
2024-04-12 15:57:53.152,20746,20747,20746,1,-1
2024-04-12 15:57:56.629,20746,20747,20747,4,4
2024-04-12 15:58:06.128,20746,20747,20746,1,-1
2024-04-12 15:58:20.216,20746,20747,20747,3,3
2024-04-12 15:58:34.901,20746,20747,20747,1,1
2024-04-12 15:58:50.820,20746,20747,20746,5,-5
2024-04-12 15:58:58.839,20745,20746,20746,1,1
2024-04-12 15:59:08.470,20747,20748,20747,1,-1
2024-04-12 15:59:08.471,20747,20748,20747,1,-1
2024-04-12 15:59:08.471,20747,20748,20747,1,-1
2024-04-12 15:59:18.181,20747,20748,20747,1,-1
2024-04-12 15:59:18.195,20747,20748,20747,1,-1
2024-04-12 15:59:20.221,20747,20748,20748,6,6
2024-04-12 15:59:22.182,20747,20748,20748,1,1
2024-04-12 15:59:22.298,20747,20748,20747,4,-4
2024-04-12 15:59:23.115,20746,20748,20748,3,3
2024-04-12 15:59:25.159,20746,20748,20747,1,1
2024-04-12 15:59:34.473,20746,20747,20747,3,3
2024-04-12 15:59:39.595,20746,20747,20747,1,1
2024-04-12 15:59:39.719,20746,20747,20747,10,10
2024-04-12 15:59:43.437,20746,20747,20747,1,1
2024-04-12 15:59:44.742,20746,20747,20746,3,-3
2024-04-12 15:59:45.043,20745,20747,20747,3,3
2024-04-12 15:59:57.055,20746,20747,20746,5,-5
2024-04-12 16:00:00.100,20746,20747,20747,2,2
2024-04-12 16:00:00.100,20746,20747,20748,8,8
2024-04-12 16:00:00.201,20746,20748,20748,1,1
2024-04-12 16:00:00.201,20746,20748,20748,1,1
2024-04-12 16:00:00.524,20747,20748,20748,1,1
2024-04-12 16:00:00.524,20747,20748,20748,2,2
2024-04-12 16:00:00.852,20748,20749,20748,1,-1
2024-04-12 16:00:00.894,20748,20749,20748,1,-1
2024-04-12 16:00:00.992,20748,20749,20748,1,-1
2024-04-12 16:00:01.151,20748,20749,20748,1,-1
2024-04-12 16:00:01.160,20748,20749,20749,1,1
2024-04-12 16:00:01.311,20748,20749,20749,1,1
2024-04-12 16:00:01.671,20748,20749,20749,1,1
2024-04-12 16:00:02.606,20748,20749,20749,2,2
2024-04-12 16:00:03.865,20748,20749,20748,1,-1
2024-04-12 16:00:07.124,20748,20749,20748,1,-1
2024-04-12 16:00:09.113,20748,20749,20748,1,-1
2024-04-12 16:00:10.763,20748,20749,20749,5,5
2024-04-12 16:00:10.763,20748,20749,20749,1,1
2024-04-12 16:00:10.764,20748,20749,20749,1,1
2024-04-12 16:00:10.917,20749,20750,20749,1,-1
2024-04-12 16:00:13.521,20748,20750,20748,1,-1
2024-04-12 16:00:13.807,20748,20750,20750,2,2
2024-04-12 16:00:15.350,20748,20750,20750,2,2
2024-04-12 16:00:31.186,20749,20750,20750,5,5
2024-04-12 16:00:31.186,20749,20750,20750,1,1
2024-04-12 16:00:31.186,20749,20750,20750,1,1
2024-04-12 16:00:31.186,20749,20750,20750,4,4
2024-04-12 16:00:31.186,20749,20750,20750,3,3
2024-04-12 16:00:31.186,20749,20750,20750,1,1
2024-04-12 16:00:31.186,20749,20750,20750,5,5
2024-04-12 16:00:31.199,20749,20750,20751,6,6
2024-04-12 16:00:31.278,20749,20750,20750,1,1
2024-04-12 16:00:31.719,20750,20751,20751,1,1
2024-04-12 16:00:31.868,20750,20751,20751,1,1
2024-04-12 16:00:32.037,20750,20751,20751,1,1
2024-04-12 16:00:32.363,20750,20751,20751,1,1
2024-04-12 16:00:32.802,20750,20751,20751,1,1
2024-04-12 16:00:34.371,20750,20751,20751,1,1
2024-04-12 16:00:34.769,20750,20751,20751,1,1
2024-04-12 16:00:35.106,20750,20751,20751,1,1
2024-04-12 16:00:35.237,20750,20751,20751,1,1
2024-04-12 16:00:36.600,20749,20751,20751,1,1
2024-04-12 16:00:36.721,20749,20751,20751,1,1
2024-04-12 16:00:37.107,20749,20751,20751,1,1
2024-04-12 16:00:37.224,20749,20751,20751,1,1
2024-04-12 16:00:38.232,20749,20751,20751,1,1
2024-04-12 16:00:38.806,20749,20751,20751,1,1
2024-04-12 16:00:41.363,20750,20751,20750,3,-3
2024-04-12 16:00:41.364,20750,20751,20750,4,-4
2024-04-12 16:00:45.876,20749,20750,20750,1,1
2024-04-12 16:00:51.143,20749,20750,20750,5,5
2024-04-12 16:00:51.159,20749,20750,20750,1,1
2024-04-12 16:00:51.918,20750,20751,20750,1,-1
2024-04-12 16:00:52.696,20749,20751,20750,2,-2
2024-04-12 16:00:56.357,20750,20751,20750,4,-4
2024-04-12 16:00:58.594,20749,20750,20749,2,-2
2024-04-12 16:00:59.598,20748,20749,20748,1,-1
2024-04-12 16:00:59.598,20748,20749,20748,3,-3
2024-04-12 16:00:59.756,20747,20748,20748,2,2
2024-04-12 16:01:03.916,20748,20749,20749,1,1
2024-04-12 16:01:08.478,20748,20749,20748,7,-7
2024-04-12 16:01:20.217,20748,20749,20749,1,1
2024-04-12 16:01:24.100,20748,20749,20748,8,-8
2024-04-12 16:01:30.851,20748,20749,20749,4,4
2024-04-12 16:01:36.102,20750,20751,20750,2,-2
2024-04-12 16:01:39.561,20749,20750,20749,2,-2
2024-04-12 16:01:39.562,20749,20750,20749,5,-5
2024-04-12 16:01:39.562,20749,20750,20749,1,-1
2024-04-12 16:01:39.562,20749,20750,20749,1,-1
2024-04-12 16:01:39.562,20749,20750,20749,1,-1
2024-04-12 16:01:39.562,20749,20750,20749,1,-1
2024-04-12 16:01:39.562,20749,20750,20749,2,-2
2024-04-12 16:01:39.562,20749,20750,20749,1,-1
2024-04-12 16:01:39.562,20749,20750,20749,2,-2
2024-04-12 16:01:39.562,20749,20750,20749,1,-1
2024-04-12 16:01:39.562,20749,20750,20749,1,-1
2024-04-12 16:01:39.562,20749,20750,20749,5,-5
2024-04-12 16:01:39.562,20749,20750,20749,1,-1
2024-04-12 16:01:39.562,20749,20750,20749,18,-18
2024-04-12 16:01:39.563,20749,20750,20749,1,-1
2024-04-12 16:01:39.563,20749,20750,20749,1,-1
2024-04-12 16:01:39.563,20749,20750,20749,3,-3
2024-04-12 16:01:43.541,20748,20749,20749,1,1
2024-04-12 16:01:43.723,20748,20749,20748,5,-5
2024-04-12 16:01:46.981,20746,20747,20746,4,-4
2024-04-12 16:01:46.981,20746,20747,20746,2,-2
2024-04-12 16:01:46.987,20746,20747,20746,2,-2
2024-04-12 16:01:47.123,20746,20747,20746,1,-1
2024-04-12 16:01:47.169,20746,20747,20746,2,-2
2024-04-12 16:01:48.422,20746,20747,20746,1,-1
2024-04-12 16:01:53.362,20745,20746,20746,1,1
2024-04-12 16:02:00.328,20745,20746,20745,1,-1
2024-04-12 16:02:00.779,20745,20746,20745,1,-1
2024-04-12 16:02:00.783,20745,20746,20745,1,-1
2024-04-12 16:02:01.003,20745,20746,20744,2,-2
2024-04-12 16:02:01.003,20745,20746,20745,2,-2
2024-04-12 16:02:01.073,20745,20747,20745,12,-12
2024-04-12 16:02:01.075,20745,20747,20744,1,-1
2024-04-12 16:02:01.174,20744,20746,20744,4,-4
2024-04-12 16:02:01.264,20744,20746,20744,3,-3
2024-04-12 16:02:04.942,20744,20745,20745,2,2
2024-04-12 16:02:05.731,20745,20747,20745,1,-1
2024-04-12 16:02:07.168,20745,20747,20745,1,-1
2024-04-12 16:02:07.391,20745,20747,20745,5,-5
2024-04-12 16:02:08.072,20745,20747,20745,1,-1
2024-04-12 16:02:13.334,20745,20746,20745,5,-5
2024-04-12 16:02:14.060,20745,20746,20746,1,1
2024-04-12 16:02:15.039,20745,20746,20746,2,2
2024-04-12 16:02:18.325,20745,20747,20747,1,1
2024-04-12 16:02:19.608,20745,20746,20745,4,-4
2024-04-12 16:02:24.099,20745,20746,20746,1,1
2024-04-12 16:02:36.005,20745,20746,20746,1,1
2024-04-12 16:02:38.277,20745,20747,20745,6,-6
2024-04-12 16:02:38.422,20745,20747,20745,1,-1
2024-04-12 16:02:41.083,20744,20746,20744,1,-1
2024-04-12 16:02:42.909,20745,20747,20745,1,-1
2024-04-12 16:02:43.058,20745,20747,20745,1,-1
2024-04-12 16:02:43.205,20745,20747,20745,1,-1
2024-04-12 16:02:45.475,20744,20745,20745,1,1
2024-04-12 16:02:46.597,20744,20745,20745,1,1
2024-04-12 16:02:51.031,20744,20745,20745,1,1
2024-04-12 16:02:54.831,20745,20746,20746,2,2
2024-04-12 16:02:54.832,20745,20746,20746,1,1
2024-04-12 16:02:54.832,20745,20746,20746,1,1
2024-04-12 16:02:54.832,20745,20746,20746,1,1
2024-04-12 16:03:00.220,20746,20747,20747,1,1
2024-04-12 16:03:09.560,20747,20748,20747,1,-1
2024-04-12 16:03:11.685,20746,20747,20746,2,-2
2024-04-12 16:03:11.686,20746,20747,20746,5,-5
2024-04-12 16:03:18.721,20745,20746,20745,4,-4
2024-04-12 16:03:40.000,20746,20747,20747,1,1
2024-04-12 16:03:45.035,20747,20748,20748,6,6
2024-04-12 16:03:49.003,20747,20748,20747,1,-1
2024-04-12 16:03:51.587,20747,20748,20748,1,1
2024-04-12 16:03:52.709,20747,20748,20747,1,-1
2024-04-12 16:03:53.850,20747,20748,20747,1,-1
2024-04-12 16:03:53.850,20747,20748,20747,1,-1
2024-04-12 16:03:53.851,20747,20748,20747,3,-3
2024-04-12 16:04:01.247,20745,20747,20746,2,-2
2024-04-12 16:04:15.637,20745,20746,20745,1,-1
2024-04-12 16:04:20.225,20745,20746,20746,1,1
2024-04-12 16:04:27.462,20745,20746,20746,1,1
2024-04-12 16:04:27.619,20745,20746,20746,1,1
2024-04-12 16:04:36.099,20746,20747,20746,3,-3
2024-04-12 16:04:40.005,20746,20747,20746,3,-3
2024-04-12 16:04:40.215,20746,20747,20747,5,5
2024-04-12 16:04:41.553,20747,20748,20747,1,-1
2024-04-12 16:04:44.056,20747,20748,20748,1,1
2024-04-12 16:04:57.504,20747,20748,20748,1,1
2024-04-12 16:04:57.504,20747,20748,20748,7,7
2024-04-12 16:04:57.504,20747,20748,20748,2,2
2024-04-12 16:04:58.020,20748,20749,20748,1,-1
2024-04-12 16:05:00.211,20747,20748,20748,1,1
2024-04-12 16:05:06.085,20747,20749,20747,1,-1
2024-04-12 16:05:20.308,20747,20748,20747,6,-6
2024-04-12 16:05:23.744,20747,20748,20748,1,1
2024-04-12 16:05:34.914,20747,20748,20748,1,1
2024-04-12 16:05:40.181,20747,20748,20747,2,-2
2024-04-12 16:05:40.219,20747,20748,20747,3,-3
2024-04-12 16:05:40.995,20746,20748,20746,2,-2
2024-04-12 16:06:04.565,20746,20747,20746,1,-1
2024-04-12 16:06:04.691,20746,20747,20747,1,1
2024-04-12 16:06:11.965,20747,20748,20747,1,-1
2024-04-12 16:06:13.314,20747,20748,20748,1,1
2024-04-12 16:06:16.927,20747,20748,20747,2,-2
2024-04-12 16:06:17.579,20747,20748,20748,1,1
2024-04-12 16:06:20.219,20747,20748,20748,3,3
2024-04-12 16:06:23.899,20747,20748,20747,1,-1
2024-04-12 16:06:28.816,20746,20748,20748,1,1
2024-04-12 16:06:51.929,20746,20747,20746,1,-1
2024-04-12 16:06:51.929,20746,20747,20746,8,-8
2024-04-12 16:06:51.929,20746,20747,20746,2,-2
2024-04-12 16:06:51.929,20746,20747,20746,2,-2
2024-04-12 16:06:51.929,20746,20747,20746,1,-1
2024-04-12 16:06:51.929,20746,20747,20746,1,-1
2024-04-12 16:07:04.501,20746,20748,20746,1,-1
2024-04-12 16:07:25.151,20746,20748,20746,4,-4
2024-04-12 16:07:27.020,20746,20748,20746,1,-1
2024-04-12 16:07:27.164,20746,20748,20746,1,-1
2024-04-12 16:07:32.946,20746,20748,20748,1,1
2024-04-12 16:07:34.957,20746,20748,20746,1,-1
2024-04-12 16:07:38.234,20746,20748,20746,1,-1
2024-04-12 16:07:40.240,20746,20747,20747,2,2
2024-04-12 16:07:56.001,20746,20747,20746,1,-1
2024-04-12 16:08:00.213,20746,20747,20747,1,1
2024-04-12 16:08:00.859,20746,20747,20747,1,1
2024-04-12 16:08:01.035,20746,20747,20747,1,1
2024-04-12 16:08:01.204,20746,20747,20747,1,1
2024-04-12 16:08:01.409,20746,20747,20747,1,1
2024-04-12 16:08:01.596,20746,20748,20748,1,1
2024-04-12 16:08:01.789,20746,20748,20748,1,1
2024-04-12 16:08:01.974,20746,20748,20748,1,1
2024-04-12 16:08:02.133,20746,20748,20748,1,1
2024-04-12 16:08:02.305,20746,20748,20748,1,1
2024-04-12 16:08:02.463,20746,20748,20748,1,1
2024-04-12 16:08:02.622,20746,20748,20748,1,1
2024-04-12 16:08:02.779,20746,20748,20748,1,1
2024-04-12 16:08:02.945,20746,20748,20748,1,1
2024-04-12 16:08:03.128,20746,20748,20748,1,1
2024-04-12 16:08:03.285,20746,20748,20748,1,1
2024-04-12 16:08:05.780,20746,20747,20746,1,-1
2024-04-12 16:08:08.216,20746,20747,20746,1,-1
2024-04-12 16:08:20.217,20745,20746,20746,7,7
2024-04-12 16:08:25.148,20745,20746,20745,1,-1
2024-04-12 16:08:27.802,20745,20746,20745,1,-1
2024-04-12 16:08:27.802,20745,20746,20745,1,-1
2024-04-12 16:08:27.802,20745,20746,20745,6,-6
2024-04-12 16:08:28.553,20744,20746,20744,2,-2
2024-04-12 16:08:29.039,20744,20745,20745,1,1
2024-04-12 16:08:38.942,20744,20745,20745,1,1
2024-04-12 16:08:40.782,20744,20745,20745,2,2
2024-04-12 16:08:40.782,20744,20745,20745,1,1
2024-04-12 16:08:51.036,20744,20745,20745,2,2
2024-04-12 16:08:51.424,20744,20745,20745,1,1
2024-04-12 16:09:03.909,20744,20745,20745,1,1
2024-04-12 16:09:04.221,20744,20745,20745,1,1
2024-04-12 16:09:07.245,20744,20745,20744,1,-1
2024-04-12 16:09:16.452,20744,20745,20745,1,1
2024-04-12 16:09:17.940,20744,20745,20744,4,-4
2024-04-12 16:09:20.539,20744,20745,20745,1,1
2024-04-12 16:09:22.564,20744,20745,20745,1,1
2024-04-12 16:09:24.029,20744,20745,20744,2,-2
2024-04-12 16:09:24.543,20744,20745,20745,1,1
2024-04-12 16:09:24.869,20745,20746,20746,1,1
2024-04-12 16:09:25.876,20745,20746,20745,1,-1
2024-04-12 16:09:37.219,20745,20746,20745,2,-2
2024-04-12 16:09:40.737,20745,20746,20746,1,1
2024-04-12 16:09:40.737,20745,20746,20746,1,1
2024-04-12 16:09:45.096,20746,20747,20746,3,-3
2024-04-12 16:09:51.734,20745,20747,20745,1,-1
2024-04-12 16:09:52.164,20745,20747,20747,1,1
2024-04-12 16:10:20.226,20746,20747,20747,2,2
2024-04-12 16:10:34.614,20746,20748,20746,9,-9
2024-04-12 16:10:44.623,20745,20746,20746,1,1
2024-04-12 16:10:45.813,20745,20746,20745,1,-1
2024-04-12 16:10:45.813,20745,20746,20745,1,-1
2024-04-12 16:10:45.814,20745,20746,20745,3,-3
2024-04-12 16:10:58.433,20744,20745,20744,1,-1
2024-04-12 16:10:58.434,20744,20745,20744,1,-1
2024-04-12 16:10:58.434,20744,20745,20744,3,-3
2024-04-12 16:11:00.971,20743,20744,20743,1,-1
2024-04-12 16:11:00.985,20743,20744,20743,3,-3
2024-04-12 16:11:00.985,20743,20744,20743,4,-4
2024-04-12 16:11:00.985,20743,20744,20743,2,-2
2024-04-12 16:11:00.985,20743,20744,20743,1,-1
2024-04-12 16:11:00.985,20743,20744,20743,1,-1
2024-04-12 16:11:01.074,20742,20743,20743,1,1
2024-04-12 16:11:07.160,20742,20743,20742,3,-3
2024-04-12 16:11:09.114,20742,20743,20742,1,-1
2024-04-12 16:11:09.114,20742,20743,20741,2,-2
2024-04-12 16:11:10.369,20741,20743,20741,3,-3
2024-04-12 16:11:12.564,20741,20743,20741,4,-4
2024-04-12 16:11:15.699,20741,20742,20741,1,-1
2024-04-12 16:11:16.780,20741,20742,20741,1,-1
2024-04-12 16:11:16.781,20741,20742,20741,1,-1
2024-04-12 16:11:17.994,20740,20741,20741,1,1
2024-04-12 16:11:20.394,20740,20741,20740,1,-1
2024-04-12 16:11:20.514,20740,20741,20740,1,-1
2024-04-12 16:11:20.661,20740,20741,20741,1,1
2024-04-12 16:11:25.071,20740,20741,20741,1,1
2024-04-12 16:11:32.180,20740,20741,20741,3,3
2024-04-12 16:11:34.110,20740,20742,20740,1,-1
2024-04-12 16:11:41.708,20741,20742,20742,1,1
2024-04-12 16:11:41.708,20741,20742,20742,1,1
2024-04-12 16:11:45.545,20741,20743,20741,1,-1
2024-04-12 16:11:54.218,20740,20741,20741,1,1
2024-04-12 16:11:57.092,20741,20742,20741,1,-1
2024-04-12 16:12:10.138,20742,20743,20742,1,-1
2024-04-12 16:12:23.027,20742,20743,20743,1,1
2024-04-12 16:12:23.936,20742,20743,20743,1,1
2024-04-12 16:12:24.136,20742,20744,20743,1,1
2024-04-12 16:12:47.488,20744,20745,20744,3,-3
2024-04-12 16:12:49.903,20743,20744,20744,1,1
2024-04-12 16:12:49.903,20743,20744,20744,2,2
2024-04-12 16:12:54.023,20744,20745,20744,1,-1
2024-04-12 16:13:01.959,20744,20745,20745,3,3
2024-04-12 16:13:01.959,20744,20745,20745,1,1
2024-04-12 16:13:01.959,20744,20745,20745,2,2
2024-04-12 16:13:01.959,20744,20745,20745,4,4
2024-04-12 16:13:01.959,20744,20745,20745,5,5
2024-04-12 16:13:01.959,20744,20745,20745,5,5
2024-04-12 16:13:15.465,20744,20745,20744,1,-1
2024-04-12 16:13:16.674,20744,20745,20744,1,-1
2024-04-12 16:13:16.675,20744,20745,20744,1,-1
2024-04-12 16:13:21.590,20743,20744,20743,2,-2
2024-04-12 16:13:26.095,20742,20744,20744,1,1
2024-04-12 16:13:38.842,20742,20744,20742,1,-1
2024-04-12 16:13:38.965,20742,20743,20742,1,-1
2024-04-12 16:14:04.258,20742,20744,20742,1,-1
2024-04-12 16:14:56.871,20742,20743,20743,3,3
2024-04-12 16:14:57.084,20742,20744,20742,1,-1
2024-04-12 16:15:02.051,20742,20743,20742,1,-1
2024-04-12 16:15:02.184,20742,20743,20743,1,1
2024-04-12 16:15:02.184,20742,20743,20743,1,1
2024-04-12 16:15:02.184,20742,20743,20743,1,1
2024-04-12 16:15:02.188,20742,20743,20743,1,1
2024-04-12 16:15:02.428,20742,20743,20742,1,-1
2024-04-12 16:15:02.448,20742,20743,20741,1,-1
2024-04-12 16:15:02.472,20742,20743,20741,1,-1
2024-04-12 16:15:02.698,20741,20743,20741,1,-1
2024-04-12 16:15:16.834,20742,20743,20743,6,6
2024-04-12 16:15:16.910,20742,20744,20744,1,1
2024-04-12 16:15:16.910,20742,20744,20744,1,1
2024-04-12 16:15:20.090,20742,20744,20742,2,-2
2024-04-12 16:15:20.159,20742,20744,20744,1,1
2024-04-12 16:15:20.159,20742,20744,20744,1,1
2024-04-12 16:15:20.160,20742,20744,20744,1,1
2024-04-12 16:15:20.608,20742,20744,20742,8,-8
2024-04-12 16:15:37.878,20743,20744,20744,2,2
2024-04-12 16:15:37.879,20743,20744,20744,1,1
2024-04-12 16:15:37.879,20743,20744,20744,2,2
2024-04-12 16:15:37.909,20743,20745,20745,1,1
2024-04-12 16:15:50.408,20744,20745,20744,1,-1
2024-04-12 16:15:50.533,20743,20745,20745,1,1
2024-04-12 16:15:50.534,20743,20745,20745,1,1
2024-04-12 16:15:50.535,20743,20745,20745,1,1
2024-04-12 16:15:56.493,20743,20745,20745,1,1
2024-04-12 16:16:00.246,20744,20745,20745,1,1
2024-04-12 16:16:02.147,20744,20745,20745,1,1
2024-04-12 16:16:10.273,20745,20746,20747,12,12
2024-04-12 16:16:10.273,20745,20746,20746,2,2
2024-04-12 16:16:12.366,20745,20747,20747,3,3
2024-04-12 16:16:38.927,20746,20747,20747,3,3
2024-04-12 16:16:38.927,20746,20747,20747,2,2
2024-04-12 16:16:50.611,20746,20747,20747,1,1
2024-04-12 16:16:57.115,20746,20748,20748,1,1
2024-04-12 16:17:01.439,20747,20748,20747,1,-1
2024-04-12 16:17:03.323,20746,20747,20746,1,-1
2024-04-12 16:17:03.323,20746,20747,20746,1,-1
2024-04-12 16:17:03.324,20746,20747,20746,3,-3
2024-04-12 16:17:22.867,20747,20748,20748,1,1
2024-04-12 16:17:22.868,20747,20748,20748,6,6
2024-04-12 16:17:39.953,20748,20749,20749,3,3
2024-04-12 16:17:40.210,20748,20749,20749,5,5
2024-04-12 16:17:42.162,20748,20749,20749,2,2
2024-04-12 16:17:50.647,20748,20749,20749,2,2
2024-04-12 16:17:56.703,20748,20749,20749,1,1
2024-04-12 16:18:01.997,20749,20750,20750,18,18
2024-04-12 16:18:04.170,20750,20751,20751,1,1
2024-04-12 16:18:04.469,20750,20751,20751,1,1
2024-04-12 16:18:06.861,20750,20751,20751,3,3
2024-04-12 16:18:06.861,20750,20751,20751,1,1
2024-04-12 16:18:17.271,20751,20752,20752,4,4
2024-04-12 16:18:17.482,20751,20752,20752,1,1
2024-04-12 16:18:23.935,20752,20753,20753,2,2
2024-04-12 16:18:27.025,20752,20753,20753,1,1
2024-04-12 16:18:27.338,20752,20753,20753,4,4
2024-04-12 16:18:29.385,20752,20753,20753,1,1
2024-04-12 16:18:31.962,20752,20753,20752,2,-2
2024-04-12 16:18:33.545,20752,20753,20753,2,2
2024-04-12 16:18:34.808,20752,20753,20753,1,1
2024-04-12 16:18:34.854,20752,20753,20753,1,1
2024-04-12 16:18:38.414,20752,20753,20753,2,2
2024-04-12 16:18:41.347,20752,20753,20752,1,-1
2024-04-12 16:18:43.092,20752,20753,20753,3,3
2024-04-12 16:18:49.347,20752,20753,20752,1,-1
2024-04-12 16:18:50.002,20752,20753,20752,1,-1
2024-04-12 16:18:50.002,20752,20753,20752,1,-1
2024-04-12 16:18:56.369,20752,20753,20752,1,-1
2024-04-12 16:19:00.231,20752,20753,20753,2,2
2024-04-12 16:19:02.018,20753,20754,20754,2,2
2024-04-12 16:19:02.392,20753,20754,20753,1,-1
2024-04-12 16:19:02.996,20753,20754,20754,3,3
2024-04-12 16:19:02.996,20753,20754,20754,2,2
2024-04-12 16:19:02.996,20753,20754,20754,1,1
2024-04-12 16:19:06.616,20753,20755,20755,1,1
2024-04-12 16:19:09.241,20753,20755,20755,1,1
2024-04-12 16:19:09.898,20753,20755,20755,1,1
2024-04-12 16:19:10.825,20753,20755,20755,1,1
2024-04-12 16:19:13.616,20753,20755,20755,2,2
2024-04-12 16:19:15.049,20753,20755,20755,3,3
2024-04-12 16:19:19.321,20754,20755,20755,1,1
2024-04-12 16:19:20.220,20754,20755,20755,7,7
2024-04-12 16:19:21.124,20754,20755,20755,2,2
2024-04-12 16:19:21.910,20754,20755,20754,1,-1
2024-04-12 16:19:23.832,20754,20755,20755,1,1
2024-04-12 16:19:26.873,20754,20755,20755,1,1
2024-04-12 16:19:29.992,20754,20755,20755,2,2
2024-04-12 16:19:31.194,20754,20755,20754,4,-4
2024-04-12 16:19:31.194,20754,20755,20754,1,-1
2024-04-12 16:19:31.195,20754,20755,20753,1,-1
2024-04-12 16:19:32.090,20752,20754,20754,1,1
2024-04-12 16:19:32.948,20752,20754,20754,1,1
2024-04-12 16:19:33.060,20752,20754,20753,1,1
2024-04-12 16:19:35.295,20753,20754,20754,1,1
2024-04-12 16:19:38.804,20753,20754,20753,1,-1
2024-04-12 16:19:47.676,20753,20754,20753,2,-2
2024-04-12 16:19:49.214,20753,20754,20753,1,-1
2024-04-12 16:19:49.214,20753,20754,20753,3,-3
2024-04-12 16:19:55.013,20752,20753,20752,3,-3
2024-04-12 16:19:55.013,20752,20753,20752,1,-1
2024-04-12 16:19:56.793,20752,20753,20752,1,-1
2024-04-12 16:20:04.275,20751,20752,20752,1,1
2024-04-12 16:20:06.112,20751,20752,20751,2,-2
2024-04-12 16:20:06.671,20751,20752,20751,1,-1
2024-04-12 16:20:07.944,20751,20752,20751,1,-1
2024-04-12 16:20:23.647,20750,20751,20751,2,2
2024-04-12 16:20:24.371,20750,20751,20750,2,-2
2024-04-12 16:20:24.371,20750,20751,20750,1,-1
2024-04-12 16:20:24.372,20750,20751,20750,1,-1
2024-04-12 16:20:31.004,20749,20750,20750,1,1
2024-04-12 16:20:32.906,20749,20751,20751,4,4
2024-04-12 16:20:44.917,20749,20750,20750,1,1
2024-04-12 16:20:51.657,20750,20751,20751,1,1
2024-04-12 16:20:52.251,20750,20752,20751,1,1
2024-04-12 16:20:58.245,20750,20752,20750,3,-3
2024-04-12 16:20:59.576,20750,20752,20752,1,1
2024-04-12 16:21:12.335,20751,20752,20752,1,1
2024-04-12 16:21:15.823,20751,20752,20752,1,1
2024-04-12 16:21:25.946,20751,20752,20752,4,4
2024-04-12 16:21:35.311,20751,20752,20751,1,-1
2024-04-12 16:21:41.417,20751,20752,20751,2,-2
2024-04-12 16:21:44.240,20750,20751,20751,1,1
2024-04-12 16:21:56.534,20750,20751,20751,2,2
2024-04-12 16:21:56.905,20750,20751,20751,2,2
2024-04-12 16:22:09.485,20750,20751,20751,1,1
2024-04-12 16:22:14.449,20751,20752,20751,1,-1
2024-04-12 16:22:18.914,20751,20752,20752,2,2
2024-04-12 16:22:19.186,20752,20753,20752,1,-1
2024-04-12 16:22:45.899,20752,20753,20753,1,1
2024-04-12 16:22:45.899,20752,20753,20753,3,3
2024-04-12 16:22:55.942,20752,20753,20753,2,2
2024-04-12 16:22:59.248,20752,20754,20752,1,-1
2024-04-12 16:23:05.827,20752,20753,20752,1,-1
2024-04-12 16:23:20.227,20752,20753,20753,1,1
2024-04-12 16:23:23.306,20752,20753,20753,1,1
2024-04-12 16:23:30.117,20752,20753,20753,1,1
2024-04-12 16:23:32.040,20752,20753,20753,1,1
2024-04-12 16:23:32.585,20752,20753,20753,1,1
2024-04-12 16:23:34.955,20752,20753,20753,1,1
2024-04-12 16:23:34.955,20752,20753,20753,1,1
2024-04-12 16:23:41.416,20754,20755,20755,2,2
2024-04-12 16:23:43.159,20754,20755,20755,1,1
2024-04-12 16:23:52.395,20754,20755,20755,1,1
2024-04-12 16:23:52.410,20754,20755,20754,1,-1
2024-04-12 16:23:54.938,20754,20755,20755,2,2
2024-04-12 16:23:57.155,20754,20755,20755,1,1
2024-04-12 16:24:08.890,20754,20755,20755,2,2
2024-04-12 16:24:09.018,20754,20755,20756,4,4
2024-04-12 16:24:09.018,20754,20755,20755,3,3
2024-04-12 16:24:09.021,20754,20755,20756,3,3
2024-04-12 16:24:09.135,20754,20756,20756,1,1
2024-04-12 16:24:09.143,20754,20756,20756,1,1
2024-04-12 16:24:12.932,20755,20756,20755,1,-1
2024-04-12 16:24:13.056,20755,20756,20756,3,3
2024-04-12 16:24:14.095,20755,20756,20755,1,-1
2024-04-12 16:24:18.673,20755,20756,20756,1,1
2024-04-12 16:24:18.993,20755,20756,20755,1,-1
2024-04-12 16:24:22.392,20754,20756,20756,4,4
2024-04-12 16:24:22.392,20754,20756,20755,1,-1
2024-04-12 16:24:32.850,20754,20756,20756,5,5
2024-04-12 16:24:34.583,20754,20756,20754,1,-1
2024-04-12 16:24:35.613,20754,20756,20754,1,-1
2024-04-12 16:24:38.291,20754,20756,20754,1,-1
2024-04-12 16:24:38.461,20754,20756,20754,1,-1
2024-04-12 16:24:41.150,20753,20755,20753,1,-1
2024-04-12 16:24:55.929,20754,20755,20754,1,-1
2024-04-12 16:24:57.893,20754,20755,20754,1,-1
2024-04-12 16:24:57.893,20754,20755,20754,1,-1
2024-04-12 16:25:12.448,20754,20755,20755,4,4
2024-04-12 16:25:12.892,20755,20756,20756,1,1
2024-04-12 16:25:16.909,20755,20756,20756,1,1
2024-04-12 16:25:18.076,20755,20756,20755,1,-1
2024-04-12 16:25:20.224,20755,20756,20756,1,1
2024-04-12 16:25:20.877,20755,20757,20755,9,-9
2024-04-12 16:25:21.964,20754,20756,20756,3,3
2024-04-12 16:25:25.636,20755,20756,20755,1,-1
2024-04-12 16:25:31.395,20755,20756,20755,1,-1
2024-04-12 16:25:34.963,20755,20756,20756,1,1
2024-04-12 16:25:36.612,20755,20756,20754,1,-1
2024-04-12 16:25:36.612,20755,20756,20754,5,-5
2024-04-12 16:25:36.612,20755,20756,20755,3,-3
2024-04-12 16:25:36.613,20755,20756,20754,4,-4
2024-04-12 16:25:36.613,20755,20756,20754,1,-1
2024-04-12 16:25:36.928,20752,20753,20752,1,-1
2024-04-12 16:25:37.159,20752,20753,20752,2,-2
2024-04-12 16:25:37.160,20752,20753,20752,2,-2
2024-04-12 16:25:37.170,20752,20753,20751,1,-1
2024-04-12 16:25:38.144,20751,20752,20751,3,-3
2024-04-12 16:25:38.145,20751,20752,20751,1,-1
2024-04-12 16:25:38.290,20750,20752,20750,2,-2
2024-04-12 16:25:38.299,20750,20752,20750,1,-1
2024-04-12 16:25:38.432,20750,20752,20751,4,-4
2024-04-12 16:25:38.460,20750,20752,20751,5,-5
2024-04-12 16:25:38.460,20750,20752,20750,1,-1
2024-04-12 16:25:40.468,20751,20752,20752,1,1
2024-04-12 16:25:40.775,20751,20753,20751,2,-2
2024-04-12 16:25:42.004,20751,20752,20751,1,-1
2024-04-12 16:25:44.178,20750,20752,20751,1,-1
2024-04-12 16:25:44.182,20750,20752,20751,1,-1
2024-04-12 16:26:08.584,20751,20753,20753,1,1
2024-04-12 16:26:13.220,20751,20752,20752,1,1
2024-04-12 16:26:27.286,20752,20753,20752,1,-1
2024-04-12 16:26:34.958,20752,20753,20753,1,1
2024-04-12 16:26:36.621,20752,20754,20752,2,-2
2024-04-12 16:26:39.668,20752,20753,20753,2,2
2024-04-12 16:26:40.219,20752,20753,20753,3,3
2024-04-12 16:26:48.540,20752,20753,20752,2,-2
2024-04-12 16:26:48.540,20752,20753,20751,2,-2
2024-04-12 16:26:58.380,20751,20753,20753,1,1
2024-04-12 16:27:17.564,20751,20752,20751,1,-1
2024-04-12 16:27:17.564,20751,20752,20751,1,-1
2024-04-12 16:27:18.743,20751,20752,20751,2,-2
2024-04-12 16:27:20.193,20750,20752,20750,3,-3
2024-04-12 16:27:33.411,20751,20752,20751,2,-2
2024-04-12 16:27:33.411,20751,20752,20751,2,-2
2024-04-12 16:27:43.372,20750,20751,20751,1,1
2024-04-12 16:27:43.714,20750,20751,20750,4,-4
2024-04-12 16:27:50.964,20749,20750,20750,1,1
2024-04-12 16:28:07.570,20749,20750,20749,3,-3
2024-04-12 16:28:14.331,20749,20750,20749,1,-1
2024-04-12 16:28:14.332,20749,20750,20749,5,-5
2024-04-12 16:28:19.646,20748,20750,20750,1,1
2024-04-12 16:28:27.283,20748,20749,20749,1,1
2024-04-12 16:28:28.122,20749,20750,20749,1,-1
2024-04-12 16:28:31.209,20749,20750,20749,1,-1
2024-04-12 16:28:34.436,20749,20750,20750,1,1
2024-04-12 16:28:35.445,20750,20751,20750,1,-1
2024-04-12 16:28:39.260,20749,20751,20751,1,1
2024-04-12 16:28:51.050,20750,20751,20750,1,-1
2024-04-12 16:28:54.481,20750,20751,20750,1,-1
2024-04-12 16:28:56.859,20750,20751,20751,1,1
2024-04-12 16:29:03.637,20750,20751,20751,1,1
2024-04-12 16:29:04.920,20751,20753,20751,1,-1
2024-04-12 16:29:06.579,20751,20753,20751,1,-1
2024-04-12 16:29:31.597,20752,20753,20753,1,1
2024-04-12 16:29:41.115,20752,20753,20752,3,-3
2024-04-12 16:29:58.018,20751,20752,20752,1,1
2024-04-12 16:30:12.546,20751,20752,20751,1,-1
2024-04-12 16:30:12.546,20751,20752,20751,1,-1
2024-04-12 16:30:12.546,20751,20752,20751,1,-1
2024-04-12 16:30:13.760,20750,20751,20750,2,-2
2024-04-12 16:30:13.991,20750,20751,20750,2,-2
2024-04-12 16:30:13.992,20750,20751,20750,1,-1
2024-04-12 16:30:35.773,20749,20750,20749,1,-1
2024-04-12 16:30:41.408,20749,20750,20749,2,-2
2024-04-12 16:30:41.408,20749,20750,20749,1,-1
2024-04-12 16:31:00.288,20748,20749,20749,2,2
2024-04-12 16:31:00.288,20748,20749,20749,1,1
2024-04-12 16:31:03.921,20748,20749,20749,1,1
2024-04-12 16:31:07.628,20749,20750,20749,1,-1
2024-04-12 16:31:08.652,20748,20749,20748,2,-2
2024-04-12 16:31:08.652,20748,20749,20748,2,-2
2024-04-12 16:31:08.652,20748,20749,20748,6,-6
2024-04-12 16:31:08.653,20747,20748,20748,1,1
2024-04-12 16:31:08.653,20747,20748,20748,1,1
2024-04-12 16:31:08.653,20748,20749,20748,1,-1
2024-04-12 16:31:08.653,20747,20748,20748,1,1
2024-04-12 16:31:08.653,20748,20749,20748,1,-1
2024-04-12 16:31:08.653,20748,20749,20748,6,-6
2024-04-12 16:31:08.653,20748,20749,20748,1,-1
2024-04-12 16:31:13.523,20747,20748,20748,1,1
2024-04-12 16:31:21.573,20747,20748,20747,1,-1
2024-04-12 16:31:26.070,20747,20748,20747,1,-1
2024-04-12 16:31:27.624,20747,20748,20747,1,-1
2024-04-12 16:31:38.053,20747,20748,20747,1,-1
2024-04-12 16:31:41.397,20747,20748,20748,1,1
2024-04-12 16:31:44.395,20747,20748,20748,4,4
2024-04-12 16:31:55.178,20749,20750,20749,1,-1
2024-04-12 16:31:55.300,20749,20750,20749,1,-1
2024-04-12 16:32:02.149,20749,20750,20750,4,4
2024-04-12 16:32:02.149,20749,20750,20750,1,1
2024-04-12 16:32:19.930,20750,20751,20750,1,-1
2024-04-12 16:32:19.932,20750,20751,20750,2,-2
2024-04-12 16:32:23.504,20749,20750,20749,1,-1
2024-04-12 16:32:31.197,20747,20748,20747,1,-1
2024-04-12 16:32:37.437,20747,20748,20747,1,-1
2024-04-12 16:32:37.437,20747,20748,20746,3,-3
2024-04-12 16:32:42.808,20746,20748,20746,1,-1
2024-04-12 16:32:45.638,20746,20748,20746,1,-1
2024-04-12 16:32:48.584,20746,20748,20746,1,-1
2024-04-12 16:33:04.631,20746,20747,20747,1,1
2024-04-12 16:33:09.225,20747,20748,20747,1,-1
2024-04-12 16:33:22.730,20747,20749,20747,1,-1
2024-04-12 16:33:45.832,20747,20748,20748,1,1
2024-04-12 16:33:46.184,20748,20749,20748,2,-2
2024-04-12 16:33:56.903,20748,20749,20749,1,1
2024-04-12 16:34:00.683,20748,20749,20749,2,2
2024-04-12 16:34:01.801,20748,20750,20748,2,-2
2024-04-12 16:34:05.899,20748,20750,20750,1,1
2024-04-12 16:34:06.445,20748,20750,20750,1,1
2024-04-12 16:34:08.434,20749,20750,20749,2,-2
2024-04-12 16:34:15.335,20748,20750,20750,1,1
2024-04-12 16:34:23.473,20749,20750,20749,1,-1
2024-04-12 16:34:23.479,20749,20750,20749,1,-1
2024-04-12 16:34:26.587,20748,20749,20749,1,1
2024-04-12 16:34:26.885,20748,20749,20748,2,-2
2024-04-12 16:34:26.887,20748,20749,20749,1,1
2024-04-12 16:34:42.194,20748,20749,20748,1,-1
2024-04-12 16:34:42.194,20748,20749,20748,1,-1
2024-04-12 16:35:00.833,20748,20749,20748,1,-1
2024-04-12 16:35:17.136,20748,20749,20748,1,-1
2024-04-12 16:35:17.149,20748,20749,20748,3,-3
2024-04-12 16:35:17.255,20747,20748,20747,4,-4
2024-04-12 16:35:17.256,20747,20748,20747,1,-1
2024-04-12 16:35:21.149,20746,20747,20746,2,-2
2024-04-12 16:35:21.981,20746,20747,20746,2,-2
2024-04-12 16:35:34.679,20745,20746,20745,2,-2
2024-04-12 16:35:34.882,20745,20746,20746,3,3
2024-04-12 16:35:36.003,20746,20747,20746,1,-1
2024-04-12 16:35:37.599,20745,20747,20747,1,1
2024-04-12 16:35:40.118,20745,20747,20745,4,-4
2024-04-12 16:35:47.723,20745,20746,20745,2,-2
2024-04-12 16:35:56.146,20745,20746,20746,2,2
2024-04-12 16:36:00.232,20745,20746,20745,1,-1
2024-04-12 16:36:02.799,20744,20745,20745,1,1
2024-04-12 16:36:03.898,20744,20746,20745,1,1
2024-04-12 16:36:04.605,20745,20747,20745,3,-3
2024-04-12 16:36:04.624,20745,20747,20747,1,1
2024-04-12 16:36:14.155,20746,20747,20747,1,1
2024-04-12 16:36:15.513,20746,20748,20746,2,-2
2024-04-12 16:36:22.170,20745,20747,20747,1,1
2024-04-12 16:36:41.064,20745,20747,20745,1,-1
2024-04-12 16:36:59.193,20746,20747,20746,10,-10
2024-04-12 16:37:00.220,20746,20747,20746,1,-1
2024-04-12 16:37:05.225,20745,20747,20745,3,-3
2024-04-12 16:37:12.904,20745,20746,20745,1,-1
2024-04-12 16:37:20.437,20745,20746,20746,2,2
2024-04-12 16:37:39.203,20745,20746,20745,1,-1
2024-04-12 16:37:40.241,20745,20746,20745,1,-1
2024-04-12 16:37:40.802,20745,20746,20745,1,-1
2024-04-12 16:37:45.925,20745,20746,20745,1,-1
2024-04-12 16:37:51.256,20745,20746,20745,1,-1
2024-04-12 16:37:54.880,20744,20746,20746,1,1
2024-04-12 16:37:54.900,20744,20746,20746,1,1
2024-04-12 16:37:55.079,20746,20747,20746,1,-1
2024-04-12 16:38:00.216,20746,20747,20746,1,-1
2024-04-12 16:38:44.864,20746,20747,20746,1,-1
2024-04-12 16:38:47.906,20746,20747,20746,1,-1
2024-04-12 16:38:47.907,20746,20747,20746,1,-1
2024-04-12 16:39:20.460,20745,20746,20745,2,-2
2024-04-12 16:39:35.633,20744,20745,20744,2,-2
2024-04-12 16:39:35.724,20744,20745,20744,1,-1
2024-04-12 16:39:36.657,20744,20745,20744,1,-1
2024-04-12 16:39:36.657,20744,20745,20743,11,-11
2024-04-12 16:39:41.320,20743,20745,20743,1,-1
2024-04-12 16:39:43.430,20744,20745,20744,1,-1
2024-04-12 16:39:43.515,20744,20745,20745,1,1
2024-04-12 16:39:59.320,20744,20745,20745,1,1
2024-04-12 16:40:17.322,20744,20745,20745,1,1
2024-04-12 16:40:33.465,20744,20745,20745,1,1
2024-04-12 16:40:40.016,20744,20745,20744,1,-1
2024-04-12 16:40:53.741,20744,20745,20744,1,-1
2024-04-12 16:41:10.685,20743,20744,20743,2,-2
2024-04-12 16:41:10.686,20743,20744,20743,3,-3
2024-04-12 16:41:11.198,20742,20743,20742,1,-1
2024-04-12 16:41:15.716,20742,20743,20743,1,1
2024-04-12 16:41:20.228,20742,20743,20742,6,-6
2024-04-12 16:41:28.676,20742,20743,20742,1,-1
2024-04-12 16:41:40.225,20742,20743,20742,3,-3
2024-04-12 16:41:40.359,20742,20743,20743,1,1
2024-04-12 16:41:41.464,20742,20743,20742,1,-1
2024-04-12 16:41:44.919,20742,20743,20742,1,-1
2024-04-12 16:41:49.418,20742,20743,20743,1,1
2024-04-12 16:41:49.418,20742,20743,20743,2,2
2024-04-12 16:42:00.226,20743,20744,20743,1,-1
2024-04-12 16:42:04.533,20743,20744,20743,1,-1
2024-04-12 16:42:09.240,20742,20743,20742,3,-3
2024-04-12 16:42:12.266,20742,20743,20742,1,-1
2024-04-12 16:42:16.378,20742,20743,20742,1,-1
2024-04-12 16:42:24.100,20741,20742,20741,1,-1
2024-04-12 16:42:24.100,20741,20742,20741,2,-2
2024-04-12 16:42:24.101,20741,20742,20741,17,-17
2024-04-12 16:42:24.818,20740,20741,20740,2,-2
2024-04-12 16:42:24.819,20740,20741,20740,1,-1
2024-04-12 16:42:24.819,20740,20741,20740,4,-4
2024-04-12 16:42:24.819,20740,20741,20740,2,-2
2024-04-12 16:42:24.819,20740,20741,20740,2,-2
2024-04-12 16:42:24.819,20740,20741,20740,1,-1
2024-04-12 16:42:24.819,20740,20741,20740,19,-19
2024-04-12 16:42:24.819,20740,20741,20740,1,-1
2024-04-12 16:42:24.819,20740,20741,20740,5,-5
2024-04-12 16:42:24.820,20740,20741,20740,1,-1
2024-04-12 16:42:24.820,20740,20741,20740,11,-11
2024-04-12 16:42:24.820,20740,20741,20740,1,-1
2024-04-12 16:42:24.820,20740,20741,20740,1,-1
2024-04-12 16:42:24.820,20740,20741,20740,4,-4
2024-04-12 16:42:24.820,20740,20741,20740,1,-1
2024-04-12 16:42:25.072,20739,20740,20739,2,-2
2024-04-12 16:42:25.173,20739,20740,20739,1,-1
2024-04-12 16:42:25.243,20739,20740,20739,1,-1
2024-04-12 16:42:25.286,20739,20740,20739,1,-1
2024-04-12 16:42:25.302,20739,20740,20739,1,-1
2024-04-12 16:42:25.324,20739,20740,20739,1,-1
2024-04-12 16:42:25.426,20739,20740,20739,1,-1
2024-04-12 16:42:25.454,20739,20740,20739,1,-1
2024-04-12 16:42:25.454,20739,20740,20739,2,-2
2024-04-12 16:42:25.454,20739,20740,20739,1,-1
2024-04-12 16:42:25.468,20739,20740,20740,1,1
2024-04-12 16:42:28.009,20739,20740,20739,4,-4
2024-04-12 16:42:30.231,20739,20740,20739,5,-5
2024-04-12 16:42:30.614,20739,20740,20739,1,-1
2024-04-12 16:42:33.345,20739,20740,20740,3,3
2024-04-12 16:42:33.900,20740,20741,20740,1,-1
2024-04-12 16:42:40.232,20740,20741,20740,4,-4
2024-04-12 16:42:43.731,20739,20740,20739,11,-11
2024-04-12 16:42:47.854,20739,20740,20739,1,-1
2024-04-12 16:42:48.163,20739,20740,20739,3,-3
2024-04-12 16:42:53.720,20739,20740,20739,6,-6
2024-04-12 16:42:54.531,20739,20740,20740,1,1
2024-04-12 16:42:54.620,20739,20740,20739,5,-5
2024-04-12 16:42:55.356,20738,20740,20738,2,-2
2024-04-12 16:42:56.040,20738,20740,20739,1,-1
2024-04-12 16:42:59.673,20738,20740,20740,2,2
2024-04-12 16:43:03.586,20738,20739,20739,1,1
2024-04-12 16:43:08.584,20738,20740,20740,1,1
2024-04-12 16:43:13.332,20738,20739,20739,1,1
2024-04-12 16:43:13.333,20738,20739,20739,2,2
2024-04-12 16:43:20.236,20739,20740,20739,6,-6
2024-04-12 16:43:20.246,20739,20740,20740,3,3
2024-04-12 16:43:21.555,20739,20740,20740,1,1
2024-04-12 16:43:21.680,20739,20741,20739,1,-1
2024-04-12 16:43:23.699,20739,20740,20740,1,1
2024-04-12 16:43:26.478,20740,20741,20741,4,4
2024-04-12 16:43:27.048,20740,20741,20740,1,-1
2024-04-12 16:43:28.824,20739,20740,20740,1,1
2024-04-12 16:43:32.706,20740,20741,20740,1,-1
2024-04-12 16:43:36.101,20739,20740,20740,1,1
2024-04-12 16:43:36.739,20740,20741,20740,2,-2
2024-04-12 16:43:57.232,20739,20740,20739,2,-2
2024-04-12 16:44:00.211,20739,20740,20739,2,-2
2024-04-12 16:44:08.145,20739,20740,20739,2,-2
2024-04-12 16:44:16.746,20739,20740,20739,1,-1
2024-04-12 16:44:16.746,20739,20740,20738,2,-2
2024-04-12 16:44:20.114,20739,20740,20739,1,-1
2024-04-12 16:44:20.221,20739,20740,20739,1,-1
2024-04-12 16:44:21.819,20739,20740,20739,1,-1
2024-04-12 16:44:22.549,20739,20740,20739,1,-1
2024-04-12 16:44:22.551,20739,20740,20739,3,-3
2024-04-12 16:44:22.982,20739,20740,20739,1,-1
2024-04-12 16:44:23.835,20739,20740,20739,1,-1
2024-04-12 16:44:24.383,20739,20740,20739,2,-2
2024-04-12 16:44:30.592,20738,20739,20739,1,1
2024-04-12 16:44:40.226,20739,20740,20739,3,-3
2024-04-12 16:44:41.177,20738,20740,20740,1,1
2024-04-12 16:44:43.797,20738,20739,20738,1,-1
2024-04-12 16:44:43.972,20738,20739,20738,1,-1
2024-04-12 16:44:43.972,20738,20739,20738,1,-1
2024-04-12 16:44:43.972,20738,20739,20738,2,-2
2024-04-12 16:44:43.972,20738,20739,20738,2,-2
2024-04-12 16:44:43.973,20738,20739,20738,5,-5
2024-04-12 16:44:43.973,20738,20739,20738,12,-12
2024-04-12 16:44:46.239,20737,20739,20737,1,-1
2024-04-12 16:44:46.579,20738,20739,20738,1,-1
2024-04-12 16:44:51.790,20738,20739,20739,1,1
2024-04-12 16:44:57.483,20738,20739,20738,1,-1
2024-04-12 16:45:00.213,20738,20739,20738,1,-1
2024-04-12 16:45:00.477,20737,20739,20738,2,-2
2024-04-12 16:45:00.666,20737,20739,20737,1,-1
2024-04-12 16:45:02.071,20737,20739,20739,2,2
2024-04-12 16:45:02.773,20738,20740,20738,1,-1
2024-04-12 16:45:17.575,20738,20740,20738,1,-1
2024-04-12 16:45:25.933,20739,20740,20739,1,-1
2024-04-12 16:45:26.035,20739,20740,20739,1,-1
2024-04-12 16:45:26.035,20739,20740,20739,1,-1
2024-04-12 16:45:26.036,20739,20740,20739,1,-1
2024-04-12 16:45:32.718,20739,20740,20740,1,1
2024-04-12 16:45:34.120,20739,20741,20739,1,-1
2024-04-12 16:45:41.050,20739,20741,20740,1,-1
2024-04-12 16:45:46.193,20740,20741,20740,1,-1
2024-04-12 16:45:56.577,20740,20741,20740,1,-1
2024-04-12 16:45:58.696,20740,20741,20740,1,-1
2024-04-12 16:46:04.955,20740,20741,20740,1,-1
2024-04-12 16:46:13.181,20739,20740,20740,1,1
2024-04-12 16:46:26.547,20740,20741,20740,12,-12
2024-04-12 16:46:31.166,20740,20741,20740,1,-1
2024-04-12 16:47:00.854,20739,20740,20740,1,1
2024-04-12 16:47:22.701,20740,20741,20741,13,13
2024-04-12 16:47:24.691,20741,20742,20741,1,-1
2024-04-12 16:47:35.896,20740,20741,20741,1,1
2024-04-12 16:47:37.955,20741,20742,20742,1,1
2024-04-12 16:47:46.097,20741,20742,20742,1,1
2024-04-12 16:47:46.582,20741,20743,20741,12,-12
2024-04-12 16:48:00.702,20741,20743,20741,2,-2
2024-04-12 16:48:01.398,20741,20743,20741,1,-1
2024-04-12 16:48:28.036,20741,20742,20742,1,1
2024-04-12 16:48:35.644,20741,20742,20742,1,1
2024-04-12 16:48:43.985,20741,20742,20742,1,1
2024-04-12 16:48:50.734,20742,20743,20742,1,-1
2024-04-12 16:49:19.674,20741,20742,20741,2,-2
2024-04-12 16:49:21.336,20741,20742,20742,1,1
2024-04-12 16:49:34.396,20742,20743,20742,1,-1
2024-04-12 16:49:43.892,20741,20742,20741,10,-10
2024-04-12 16:49:44.397,20741,20742,20741,3,-3
2024-04-12 16:49:46.419,20740,20741,20741,1,1
2024-04-12 16:50:26.306,20740,20741,20740,3,-3
2024-04-12 16:50:26.339,20740,20741,20741,10,10
2024-04-12 16:50:26.859,20740,20742,20740,1,-1
