2024-08-12 15:00:00.033,21641,21648,21633,69,-69
2024-08-12 15:00:00.034,21633,21639,21639,2,2
2024-08-12 15:00:00.036,21633,21639,21639,6,6
2024-08-12 15:00:00.036,21633,21639,21640,1,1
2024-08-12 15:00:00.037,21633,21639,21640,1,1
2024-08-12 15:00:00.048,21633,21639,21641,1,1
2024-08-12 15:00:00.056,21633,21639,21641,1,1
2024-08-12 15:00:00.067,21640,21648,21639,4,-4
2024-08-12 15:00:00.067,21640,21648,21635,1,-1
2024-08-12 15:00:00.067,21640,21648,21640,1,-1
2024-08-12 15:00:00.094,21635,21648,21648,2,2
2024-08-12 15:00:00.104,21635,21648,21648,5,5
2024-08-12 15:00:00.111,21635,21648,21648,3,3
2024-08-12 15:00:00.112,21635,21648,21648,1,1
2024-08-12 15:00:00.135,21635,21648,21648,1,1
2024-08-12 15:00:00.241,21635,21648,21635,1,-1
2024-08-12 15:00:00.303,21635,21648,21635,2,-2
2024-08-12 15:00:00.368,21635,21648,21648,1,1
2024-08-12 15:00:00.425,21635,21648,21635,1,-1
2024-08-12 15:00:00.462,21635,21648,21635,1,-1
2024-08-12 15:00:00.544,21635,21648,21635,1,-1
2024-08-12 15:00:00.593,21635,21648,21648,1,1
2024-08-12 15:00:00.596,21635,21648,21649,1,1
2024-08-12 15:00:00.661,21647,21649,21647,1,-1
2024-08-12 15:00:00.662,21647,21649,21646,1,-1
2024-08-12 15:00:00.662,21647,21649,21644,1,-1
2024-08-12 15:00:00.731,21647,21649,21644,1,-1
2024-08-12 15:00:00.737,21647,21649,21649,1,1
2024-08-12 15:00:00.737,21647,21649,21650,1,1
2024-08-12 15:00:00.739,21647,21649,21642,1,-1
2024-08-12 15:00:00.750,21647,21649,21641,1,-1
2024-08-12 15:00:00.765,21640,21650,21640,1,-1
2024-08-12 15:00:00.786,21640,21650,21639,1,-1
2024-08-12 15:00:00.789,21640,21650,21638,1,-1
2024-08-12 15:00:00.820,21640,21650,21638,1,-1
2024-08-12 15:00:00.832,21640,21650,21648,1,1
2024-08-12 15:00:00.833,21640,21650,21638,1,-1
2024-08-12 15:00:00.954,21635,21648,21635,1,-1
2024-08-12 15:00:00.954,21635,21648,21633,1,-1
2024-08-12 15:00:00.958,21635,21648,21633,1,-1
2024-08-12 15:00:00.992,21635,21648,21648,1,1
2024-08-12 15:00:00.998,21635,21648,21631,4,-4
2024-08-12 15:00:00.998,21635,21648,21633,2,-2
2024-08-12 15:00:00.998,21635,21648,21632,4,-4
2024-08-12 15:00:01.034,21631,21649,21631,1,-1
2024-08-12 15:00:01.034,21631,21649,21630,1,-1
2024-08-12 15:00:01.055,21631,21649,21635,2,-2
2024-08-12 15:00:01.055,21631,21649,21634,2,-2
2024-08-12 15:00:01.055,21631,21649,21633,1,-1
2024-08-12 15:00:01.349,21633,21648,21648,2,2
2024-08-12 15:00:01.529,21633,21639,21633,1,-1
2024-08-12 15:00:01.537,21633,21639,21630,1,-1
2024-08-12 15:00:01.537,21633,21639,21632,1,-1
2024-08-12 15:00:01.554,21633,21639,21630,1,-1
2024-08-12 15:00:01.671,21630,21639,21630,1,-1
2024-08-12 15:00:01.696,21630,21639,21630,4,-4
2024-08-12 15:00:01.696,21630,21639,21630,1,-1
2024-08-12 15:00:01.853,21625,21629,21630,1,1
2024-08-12 15:00:02.139,21627,21633,21633,3,3
2024-08-12 15:00:02.139,21627,21633,21634,3,3
2024-08-12 15:00:02.140,21627,21633,21635,2,2
2024-08-12 15:00:02.267,21635,21639,21647,2,2
2024-08-12 15:00:02.267,21635,21639,21639,1,1
2024-08-12 15:00:02.308,21635,21639,21638,1,1
2024-08-12 15:00:02.517,21634,21637,21634,1,-1
2024-08-12 15:00:02.622,21634,21637,21634,1,-1
2024-08-12 15:00:02.714,21634,21636,21634,1,-1
2024-08-12 15:00:02.719,21634,21636,21634,1,-1
2024-08-12 15:00:02.738,21634,21636,21632,1,-1
2024-08-12 15:00:02.884,21631,21637,21631,1,-1
2024-08-12 15:00:03.026,21634,21640,21637,1,-1
2024-08-12 15:00:03.595,21634,21637,21637,1,1
2024-08-12 15:00:03.596,21634,21637,21638,2,2
2024-08-12 15:00:03.597,21634,21637,21639,3,3
2024-08-12 15:00:03.766,21640,21647,21639,1,-1
2024-08-12 15:00:03.808,21640,21647,21637,1,-1
2024-08-12 15:00:03.836,21640,21647,21641,1,-1
2024-08-12 15:00:04.034,21637,21643,21643,1,1
2024-08-12 15:00:04.038,21637,21643,21643,1,1
2024-08-12 15:00:04.049,21637,21643,21644,1,1
2024-08-12 15:00:04.054,21637,21643,21643,1,1
2024-08-12 15:00:06.253,21643,21647,21647,2,2
2024-08-12 15:00:06.514,21643,21649,21651,1,1
2024-08-12 15:00:06.514,21643,21649,21649,2,2
2024-08-12 15:00:06.514,21643,21649,21650,2,2
2024-08-12 15:00:06.515,21643,21649,21650,1,1
2024-08-12 15:00:06.515,21643,21649,21652,2,2
2024-08-12 15:00:06.515,21643,21649,21652,5,5
2024-08-12 15:00:06.516,21643,21649,21654,1,1
2024-08-12 15:00:06.663,21650,21657,21650,2,-2
2024-08-12 15:00:06.722,21650,21657,21650,1,-1
2024-08-12 15:00:06.744,21650,21657,21657,2,2
2024-08-12 15:00:06.744,21650,21657,21658,1,1
2024-08-12 15:00:06.810,21650,21659,21650,1,-1
2024-08-12 15:00:07.704,21650,21656,21656,1,1
2024-08-12 15:00:08.117,21650,21659,21659,1,1
2024-08-12 15:00:08.423,21651,21659,21653,3,-3
2024-08-12 15:00:08.569,21651,21658,21658,1,1
2024-08-12 15:00:08.569,21651,21658,21659,1,1
2024-08-12 15:00:08.569,21651,21658,21660,1,1
2024-08-12 15:00:08.574,21651,21658,21666,1,1
2024-08-12 15:00:08.574,21651,21658,21667,1,1
2024-08-12 15:00:08.709,21658,21668,21666,1,1
2024-08-12 15:00:08.925,21658,21667,21668,1,1
2024-08-12 15:00:08.925,21658,21667,21667,2,2
2024-08-12 15:00:08.960,21658,21667,21663,2,2
2024-08-12 15:00:08.963,21658,21667,21663,2,2
2024-08-12 15:00:08.964,21658,21667,21662,1,-1
2024-08-12 15:00:08.964,21658,21667,21661,1,-1
2024-08-12 15:00:08.966,21658,21667,21660,1,-1
2024-08-12 15:00:09.474,21659,21662,21659,2,-2
2024-08-12 15:00:09.526,21658,21662,21658,1,-1
2024-08-12 15:00:09.778,21657,21662,21657,2,-2
2024-08-12 15:00:10.649,21653,21656,21653,1,-1
2024-08-12 15:00:10.855,21653,21655,21653,1,-1
2024-08-12 15:00:11.833,21652,21654,21654,3,3
2024-08-12 15:00:11.833,21652,21654,21655,4,4
2024-08-12 15:00:11.952,21652,21655,21655,1,1
2024-08-12 15:00:12.007,21652,21655,21655,1,1
2024-08-12 15:00:12.009,21652,21655,21655,1,1
2024-08-12 15:00:13.148,21653,21657,21653,1,-1
2024-08-12 15:00:15.383,21654,21655,21655,1,1
2024-08-12 15:00:16.685,21654,21657,21655,2,-2
2024-08-12 15:00:17.386,21654,21657,21657,1,1
2024-08-12 15:00:18.245,21654,21656,21656,1,1
2024-08-12 15:00:18.247,21654,21656,21657,3,3
2024-08-12 15:00:18.343,21655,21658,21655,1,-1
2024-08-12 15:00:19.080,21655,21658,21658,4,4
2024-08-12 15:00:19.081,21655,21658,21659,1,1
2024-08-12 15:00:19.261,21655,21660,21655,1,-1
2024-08-12 15:00:19.404,21655,21660,21656,1,-1
2024-08-12 15:00:19.471,21655,21660,21657,1,-1
2024-08-12 15:00:20.079,21655,21658,21657,1,1
2024-08-12 15:00:20.181,21655,21658,21658,1,1
2024-08-12 15:00:20.530,21655,21660,21660,1,1
2024-08-12 15:00:20.785,21655,21659,21659,1,1
2024-08-12 15:00:20.785,21655,21659,21660,2,2
2024-08-12 15:00:22.079,21657,21660,21660,3,3
2024-08-12 15:00:22.079,21657,21660,21660,1,1
2024-08-12 15:00:22.205,21657,21661,21661,2,2
2024-08-12 15:00:22.205,21657,21661,21662,1,1
2024-08-12 15:00:22.895,21658,21662,21660,1,1
2024-08-12 15:00:22.992,21658,21662,21658,1,-1
2024-08-12 15:00:23.261,21658,21662,21659,1,-1
2024-08-12 15:00:23.715,21657,21662,21658,1,-1
2024-08-12 15:00:23.735,21657,21662,21662,3,3
2024-08-12 15:00:24.010,21657,21663,21663,1,1
2024-08-12 15:00:24.172,21657,21663,21657,1,-1
2024-08-12 15:00:24.172,21657,21663,21656,1,-1
2024-08-12 15:00:24.310,21655,21660,21657,1,-1
2024-08-12 15:00:24.520,21655,21661,21661,1,1
2024-08-12 15:00:24.938,21656,21661,21661,1,1
2024-08-12 15:00:25.122,21658,21664,21660,1,-1
2024-08-12 15:00:26.069,21656,21660,21654,6,-6
2024-08-12 15:00:26.069,21656,21660,21655,7,-7
2024-08-12 15:00:26.069,21656,21660,21656,3,-3
2024-08-12 15:00:26.070,21656,21660,21654,6,-6
2024-08-12 15:00:26.070,21656,21660,21654,2,-2
2024-08-12 15:00:26.095,21656,21660,21656,1,-1
2024-08-12 15:00:26.637,21656,21659,21656,1,-1
2024-08-12 15:00:26.637,21656,21659,21655,1,-1
2024-08-12 15:00:26.928,21654,21659,21659,2,2
2024-08-12 15:00:27.374,21655,21659,21656,1,-1
2024-08-12 15:00:27.407,21655,21656,21656,1,1
2024-08-12 15:00:27.871,21655,21659,21659,3,3
2024-08-12 15:00:29.192,21655,21658,21655,7,-7
2024-08-12 15:00:29.234,21655,21658,21653,4,-4
2024-08-12 15:00:29.234,21655,21658,21654,3,-3
2024-08-12 15:00:29.547,21652,21655,21652,2,-2
2024-08-12 15:00:30.750,21651,21655,21651,1,-1
2024-08-12 15:00:31.741,21650,21653,21650,2,-2
2024-08-12 15:00:31.742,21650,21653,21650,3,-3
2024-08-12 15:00:32.037,21648,21651,21651,1,1
2024-08-12 15:00:32.408,21648,21650,21648,1,-1
2024-08-12 15:00:32.408,21648,21650,21648,1,-1
2024-08-12 15:00:32.947,21648,21650,21650,1,1
2024-08-12 15:00:34.445,21648,21649,21648,2,-2
2024-08-12 15:00:34.470,21648,21649,21648,1,-1
2024-08-12 15:00:34.542,21647,21649,21649,1,1
2024-08-12 15:00:34.839,21647,21649,21647,2,-2
2024-08-12 15:00:34.903,21646,21649,21646,4,-4
2024-08-12 15:00:35.121,21644,21647,21644,1,-1
2024-08-12 15:00:35.121,21644,21647,21643,1,-1
2024-08-12 15:00:35.190,21640,21643,21640,2,-2
2024-08-12 15:00:35.192,21640,21643,21640,1,-1
2024-08-12 15:00:35.192,21640,21643,21639,1,-1
2024-08-12 15:00:35.258,21638,21643,21638,1,-1
2024-08-12 15:00:35.268,21638,21643,21643,1,1
2024-08-12 15:00:36.411,21638,21643,21643,3,3
2024-08-12 15:00:36.411,21638,21643,21644,2,2
2024-08-12 15:00:36.511,21640,21645,21640,2,-2
2024-08-12 15:00:37.597,21639,21644,21642,1,1
2024-08-12 15:00:37.884,21639,21642,21642,1,1
2024-08-12 15:00:37.944,21639,21642,21644,1,1
2024-08-12 15:00:37.966,21639,21642,21643,1,1
2024-08-12 15:00:38.220,21643,21646,21642,1,-1
2024-08-12 15:00:38.268,21641,21646,21641,2,-2
2024-08-12 15:00:38.647,21640,21645,21645,1,1
2024-08-12 15:00:39.712,21640,21645,21640,1,-1
2024-08-12 15:00:40.195,21640,21644,21643,4,4
2024-08-12 15:00:41.460,21642,21644,21642,2,-2
2024-08-12 15:00:41.460,21642,21644,21642,1,-1
2024-08-12 15:00:41.636,21640,21643,21643,2,2
2024-08-12 15:00:41.636,21640,21643,21644,3,3
2024-08-12 15:00:41.660,21640,21643,21640,2,-2
2024-08-12 15:00:42.350,21640,21645,21641,1,-1
2024-08-12 15:00:43.786,21640,21644,21644,2,2
2024-08-12 15:00:43.786,21640,21644,21645,3,3
2024-08-12 15:00:44.157,21641,21646,21641,1,-1
2024-08-12 15:00:44.739,21641,21646,21646,1,1
2024-08-12 15:00:45.769,21642,21646,21642,1,-1
2024-08-12 15:00:46.160,21642,21646,21642,1,-1
2024-08-12 15:00:46.327,21642,21646,21642,1,-1
2024-08-12 15:00:46.503,21642,21646,21642,1,-1
2024-08-12 15:00:46.727,21641,21646,21641,1,-1
2024-08-12 15:00:46.757,21641,21645,21645,1,1
2024-08-12 15:00:47.333,21641,21645,21641,1,-1
2024-08-12 15:00:51.627,21642,21646,21646,2,2
2024-08-12 15:00:52.688,21643,21646,21646,1,1
2024-08-12 15:00:53.232,21644,21649,21649,2,2
2024-08-12 15:00:53.521,21646,21649,21646,1,-1
2024-08-12 15:00:54.546,21646,21649,21646,1,-1
2024-08-12 15:00:55.523,21645,21647,21647,3,3
2024-08-12 15:00:56.329,21645,21649,21646,1,-1
2024-08-12 15:00:57.470,21645,21648,21645,2,-2
2024-08-12 15:00:57.473,21645,21648,21644,2,-2
2024-08-12 15:01:00.004,21644,21648,21648,3,3
2024-08-12 15:01:00.004,21644,21648,21649,3,3
2024-08-12 15:01:00.007,21645,21650,21650,1,1
2024-08-12 15:01:00.024,21645,21650,21650,1,1
2024-08-12 15:01:00.048,21645,21650,21650,1,1
2024-08-12 15:01:00.048,21645,21650,21650,1,1
2024-08-12 15:01:00.048,21645,21650,21650,1,1
2024-08-12 15:01:00.048,21645,21650,21650,1,1
2024-08-12 15:01:00.049,21645,21650,21650,7,7
2024-08-12 15:01:00.171,21648,21652,21649,3,-3
2024-08-12 15:01:00.215,21648,21652,21648,1,-1
2024-08-12 15:01:00.320,21647,21650,21647,4,-4
2024-08-12 15:01:00.321,21647,21650,21647,1,-1
2024-08-12 15:01:00.321,21647,21650,21646,1,-1
2024-08-12 15:01:00.392,21645,21648,21648,1,1
2024-08-12 15:01:00.522,21645,21648,21645,2,-2
2024-08-12 15:01:00.917,21644,21648,21648,1,1
2024-08-12 15:01:01.049,21644,21648,21644,1,-1
2024-08-12 15:01:01.234,21644,21648,21648,2,2
2024-08-12 15:01:01.451,21647,21649,21647,2,-2
2024-08-12 15:01:01.479,21647,21649,21644,2,-2
2024-08-12 15:01:01.726,21644,21649,21649,1,1
2024-08-12 15:01:03.462,21644,21649,21649,3,3
2024-08-12 15:01:03.462,21644,21649,21648,10,10
2024-08-12 15:01:05.040,21648,21652,21648,1,-1
2024-08-12 15:01:05.724,21648,21651,21648,1,-1
2024-08-12 15:01:06.845,21648,21651,21648,2,-2
2024-08-12 15:01:07.397,21648,21651,21651,1,1
2024-08-12 15:01:07.397,21648,21651,21652,2,2
2024-08-12 15:01:07.517,21650,21653,21653,1,1
2024-08-12 15:01:09.350,21650,21654,21654,1,1
2024-08-12 15:01:09.350,21650,21654,21655,1,1
2024-08-12 15:01:09.350,21650,21654,21656,1,1
2024-08-12 15:01:09.769,21650,21656,21656,2,2
2024-08-12 15:01:11.409,21651,21657,21657,2,2
2024-08-12 15:01:11.727,21652,21658,21651,3,-3
2024-08-12 15:01:11.727,21652,21658,21652,4,-4
2024-08-12 15:01:11.858,21650,21658,21652,1,-1
2024-08-12 15:01:12.050,21650,21657,21657,2,2
2024-08-12 15:01:13.278,21652,21658,21658,1,1
2024-08-12 15:01:14.285,21652,21658,21658,2,2
2024-08-12 15:01:14.285,21652,21658,21659,1,1
2024-08-12 15:01:14.412,21652,21659,21652,1,-1
2024-08-12 15:01:14.455,21652,21659,21658,1,1
2024-08-12 15:01:14.455,21652,21659,21659,3,3
2024-08-12 15:01:14.456,21652,21659,21661,1,1
2024-08-12 15:01:14.456,21652,21659,21660,2,2
2024-08-12 15:01:14.533,21657,21662,21662,1,1
2024-08-12 15:01:14.534,21657,21662,21662,2,2
2024-08-12 15:01:14.534,21657,21662,21663,2,2
2024-08-12 15:01:14.731,21657,21664,21664,1,1
2024-08-12 15:01:15.897,21657,21664,21657,6,-6
2024-08-12 15:01:15.897,21657,21664,21657,1,-1
2024-08-12 15:01:15.897,21657,21664,21657,5,-5
2024-08-12 15:01:15.907,21657,21664,21658,1,-1
2024-08-12 15:01:15.954,21657,21664,21657,1,-1
2024-08-12 15:01:16.036,21656,21659,21661,1,1
2024-08-12 15:01:16.040,21656,21659,21661,1,1
2024-08-12 15:01:16.134,21657,21662,21662,1,1
2024-08-12 15:01:18.266,21659,21663,21663,2,2
2024-08-12 15:01:18.266,21659,21663,21664,1,1
2024-08-12 15:01:18.958,21662,21664,21662,1,-1
2024-08-12 15:01:20.185,21662,21665,21665,4,4
2024-08-12 15:01:20.186,21662,21665,21666,5,5
2024-08-12 15:01:20.186,21662,21665,21667,1,1
2024-08-12 15:01:20.224,21662,21665,21668,2,2
2024-08-12 15:01:20.224,21662,21665,21668,1,1
2024-08-12 15:01:20.224,21662,21665,21668,2,2
2024-08-12 15:01:20.225,21662,21665,21669,1,1
2024-08-12 15:01:20.437,21667,21670,21667,1,-1
2024-08-12 15:01:20.622,21667,21670,21667,1,-1
2024-08-12 15:01:20.871,21667,21670,21667,1,-1
2024-08-12 15:01:22.286,21667,21668,21667,1,-1
2024-08-12 15:01:22.590,21667,21668,21667,1,-1
2024-08-12 15:01:22.590,21667,21668,21667,10,-10
2024-08-12 15:01:22.590,21667,21668,21666,2,-2
2024-08-12 15:01:22.591,21667,21668,21665,2,-2
2024-08-12 15:01:23.592,21665,21668,21668,1,1
2024-08-12 15:01:24.058,21665,21667,21667,1,1
2024-08-12 15:01:24.233,21665,21669,21669,1,1
2024-08-12 15:01:25.173,21665,21668,21668,1,1
2024-08-12 15:01:25.395,21667,21670,21670,2,2
2024-08-12 15:01:25.661,21667,21670,21667,2,-2
2024-08-12 15:01:26.658,21668,21670,21668,1,-1
2024-08-12 15:01:26.948,21665,21670,21670,1,1
2024-08-12 15:01:27.125,21665,21670,21669,2,2
2024-08-12 15:01:27.536,21665,21670,21665,2,-2
2024-08-12 15:01:27.960,21665,21669,21665,1,-1
2024-08-12 15:01:27.961,21665,21669,21665,2,-2
2024-08-12 15:01:27.961,21665,21669,21665,1,-1
2024-08-12 15:01:28.775,21665,21668,21668,1,1
2024-08-12 15:01:28.865,21665,21668,21667,1,1
2024-08-12 15:01:29.393,21665,21668,21665,1,-1
2024-08-12 15:01:29.478,21665,21668,21668,1,1
2024-08-12 15:01:30.380,21665,21668,21665,1,-1
2024-08-12 15:01:30.839,21664,21668,21664,4,-4
2024-08-12 15:01:30.839,21664,21668,21663,1,-1
2024-08-12 15:01:30.839,21664,21668,21664,3,-3
2024-08-12 15:01:30.840,21664,21668,21663,2,-2
2024-08-12 15:01:30.841,21664,21668,21662,2,-2
2024-08-12 15:01:33.496,21661,21663,21661,1,-1
2024-08-12 15:01:33.497,21661,21663,21660,1,-1
2024-08-12 15:01:33.497,21661,21663,21660,2,-2
2024-08-12 15:01:33.498,21661,21663,21659,2,-2
2024-08-12 15:01:33.937,21657,21661,21661,3,3
2024-08-12 15:01:34.321,21657,21661,21661,3,3
2024-08-12 15:01:34.545,21657,21662,21662,1,1
2024-08-12 15:01:34.809,21657,21662,21657,1,-1
2024-08-12 15:01:38.059,21660,21663,21663,1,1
2024-08-12 15:01:41.081,21660,21665,21665,1,1
2024-08-12 15:01:41.105,21660,21665,21660,2,-2
2024-08-12 15:01:44.429,21660,21663,21660,1,-1
2024-08-12 15:01:44.854,21660,21662,21660,1,-1
2024-08-12 15:01:45.523,21659,21660,21659,1,-1
2024-08-12 15:01:46.808,21659,21660,21659,1,-1
2024-08-12 15:01:46.808,21659,21660,21659,1,-1
2024-08-12 15:01:46.808,21659,21660,21658,2,-2
2024-08-12 15:01:46.809,21659,21660,21657,1,-1
2024-08-12 15:01:47.779,21657,21660,21657,1,-1
2024-08-12 15:01:47.779,21657,21660,21657,4,-4
2024-08-12 15:01:47.780,21657,21660,21656,1,-1
2024-08-12 15:01:55.162,21656,21659,21656,1,-1
2024-08-12 15:01:56.357,21656,21659,21656,2,-2
2024-08-12 15:01:56.357,21656,21659,21655,3,-3
2024-08-12 15:01:59.860,21655,21658,21655,2,-2
2024-08-12 15:02:00.060,21655,21658,21655,1,-1
2024-08-12 15:02:00.060,21655,21658,21655,1,-1
2024-08-12 15:02:00.178,21654,21658,21657,2,2
2024-08-12 15:02:00.959,21655,21658,21658,2,2
2024-08-12 15:02:01.347,21655,21660,21660,1,1
2024-08-12 15:02:03.784,21658,21660,21660,2,2
2024-08-12 15:02:03.784,21658,21660,21660,1,1
2024-08-12 15:02:04.345,21658,21661,21658,1,-1
2024-08-12 15:02:10.184,21658,21661,21658,2,-2
2024-08-12 15:02:11.760,21658,21661,21661,1,1
2024-08-12 15:02:11.760,21658,21661,21661,1,1
2024-08-12 15:02:11.760,21658,21661,21661,1,1
2024-08-12 15:02:11.760,21658,21661,21662,2,2
2024-08-12 15:02:11.760,21658,21661,21662,1,1
2024-08-12 15:02:14.962,21658,21663,21663,1,1
2024-08-12 15:02:14.963,21658,21663,21664,2,2
2024-08-12 15:02:15.346,21662,21665,21662,2,-2
2024-08-12 15:02:16.341,21662,21665,21663,1,-1
2024-08-12 15:02:19.558,21662,21665,21665,3,3
2024-08-12 15:02:19.558,21662,21665,21666,2,2
2024-08-12 15:02:19.684,21662,21667,21665,1,1
2024-08-12 15:02:20.076,21663,21667,21666,1,1
2024-08-12 15:02:22.367,21664,21667,21666,1,1
2024-08-12 15:02:22.368,21664,21667,21667,2,2
2024-08-12 15:02:22.370,21664,21667,21668,1,1
2024-08-12 15:02:23.303,21666,21670,21669,1,1
2024-08-12 15:02:23.431,21666,21670,21663,6,-6
2024-08-12 15:02:23.431,21666,21670,21664,3,-3
2024-08-12 15:02:23.431,21666,21670,21666,5,-5
2024-08-12 15:02:23.431,21666,21670,21665,4,-4
2024-08-12 15:02:27.003,21666,21669,21666,2,-2
2024-08-12 15:02:28.317,21665,21667,21667,2,2
2024-08-12 15:02:29.798,21665,21669,21665,2,-2
2024-08-12 15:02:29.798,21665,21669,21664,2,-2
2024-08-12 15:02:29.798,21665,21669,21663,2,-2
2024-08-12 15:02:29.908,21662,21665,21662,2,-2
2024-08-12 15:02:30.016,21662,21665,21664,3,3
2024-08-12 15:02:36.973,21664,21666,21664,1,-1
2024-08-12 15:02:38.176,21664,21666,21664,1,-1
2024-08-12 15:02:38.176,21664,21666,21662,3,-3
2024-08-12 15:02:38.176,21664,21666,21661,2,-2
2024-08-12 15:02:38.177,21664,21666,21659,1,-1
2024-08-12 15:02:38.409,21658,21662,21658,1,-1
2024-08-12 15:02:38.934,21657,21662,21662,1,1
2024-08-12 15:02:38.934,21657,21662,21662,1,1
2024-08-12 15:02:38.961,21657,21662,21662,1,1
2024-08-12 15:02:40.188,21658,21662,21661,7,7
2024-08-12 15:02:43.618,21658,21661,21657,1,-1
2024-08-12 15:02:43.618,21658,21661,21658,1,-1
2024-08-12 15:02:43.619,21658,21661,21655,1,-1
2024-08-12 15:02:44.075,21656,21660,21656,1,-1
2024-08-12 15:02:44.076,21656,21660,21654,1,-1
2024-08-12 15:02:44.077,21656,21660,21653,1,-1
2024-08-12 15:02:44.078,21656,21660,21653,1,-1
2024-08-12 15:02:44.263,21652,21656,21652,1,-1
2024-08-12 15:02:44.263,21652,21656,21652,3,-3
2024-08-12 15:02:44.264,21652,21656,21651,1,-1
2024-08-12 15:02:44.265,21652,21656,21650,1,-1
2024-08-12 15:02:44.596,21649,21654,21650,1,-1
2024-08-12 15:02:44.659,21649,21654,21649,1,-1
2024-08-12 15:02:44.693,21649,21654,21654,1,1
2024-08-12 15:02:45.162,21650,21654,21650,2,-2
2024-08-12 15:02:45.162,21650,21654,21649,1,-1
2024-08-12 15:02:45.310,21649,21654,21649,1,-1
2024-08-12 15:02:45.313,21649,21654,21648,2,-2
2024-08-12 15:02:45.337,21649,21654,21651,2,-2
2024-08-12 15:02:45.337,21649,21654,21650,3,-3
2024-08-12 15:02:48.081,21647,21651,21647,1,-1
2024-08-12 15:02:48.193,21647,21651,21647,1,-1
2024-08-12 15:02:48.659,21646,21650,21646,1,-1
2024-08-12 15:02:48.839,21645,21650,21645,1,-1
2024-08-12 15:02:48.966,21644,21647,21644,2,-2
2024-08-12 15:02:48.966,21644,21647,21644,1,-1
2024-08-12 15:02:49.010,21642,21645,21642,1,-1
2024-08-12 15:02:49.010,21642,21645,21641,1,-1
2024-08-12 15:02:49.010,21642,21645,21640,1,-1
2024-08-12 15:02:49.432,21640,21643,21643,2,2
2024-08-12 15:02:49.432,21640,21643,21644,1,1
2024-08-12 15:02:53.460,21643,21647,21643,1,-1
2024-08-12 15:02:53.739,21641,21645,21641,2,-2
2024-08-12 15:02:54.875,21640,21645,21642,1,-1
2024-08-12 15:02:55.106,21640,21642,21640,2,-2
2024-08-12 15:02:55.290,21640,21642,21642,1,1
2024-08-12 15:02:55.291,21640,21642,21642,1,1
2024-08-12 15:02:58.788,21640,21642,21640,4,-4
2024-08-12 15:02:58.788,21640,21642,21640,1,-1
2024-08-12 15:02:58.789,21640,21642,21639,12,-12
2024-08-12 15:02:58.790,21640,21642,21637,1,-1
2024-08-12 15:02:58.790,21640,21642,21637,1,-1
2024-08-12 15:02:58.791,21640,21642,21637,1,-1
2024-08-12 15:02:58.791,21640,21642,21637,1,-1
2024-08-12 15:02:58.791,21640,21642,21637,1,-1
2024-08-12 15:02:58.791,21640,21642,21637,1,-1
2024-08-12 15:02:59.003,21636,21637,21637,1,1
2024-08-12 15:02:59.182,21636,21638,21636,1,-1
2024-08-12 15:02:59.183,21636,21638,21636,1,-1
2024-08-12 15:02:59.192,21636,21638,21636,1,-1
2024-08-12 15:02:59.325,21636,21637,21637,1,1
2024-08-12 15:02:59.884,21637,21641,21641,4,4
2024-08-12 15:02:59.884,21637,21641,21642,1,1
2024-08-12 15:02:59.885,21637,21641,21642,2,2
2024-08-12 15:02:59.887,21637,21641,21644,1,1
2024-08-12 15:03:00.054,21642,21646,21646,1,1
2024-08-12 15:03:00.071,21642,21646,21646,1,1
2024-08-12 15:03:00.168,21647,21649,21648,1,1
2024-08-12 15:03:00.208,21647,21649,21646,2,-2
2024-08-12 15:03:00.208,21647,21649,21643,3,-3
2024-08-12 15:03:00.282,21645,21648,21648,1,1
2024-08-12 15:03:00.295,21645,21648,21648,1,1
2024-08-12 15:03:00.298,21645,21648,21649,1,1
2024-08-12 15:03:00.388,21648,21651,21648,1,-1
2024-08-12 15:03:00.566,21648,21651,21648,1,-1
2024-08-12 15:03:00.660,21648,21651,21645,1,-1
2024-08-12 15:03:00.706,21648,21651,21650,1,1
2024-08-12 15:03:00.710,21648,21651,21650,1,1
2024-08-12 15:03:00.710,21648,21651,21651,2,2
2024-08-12 15:03:00.880,21648,21652,21648,1,-1
2024-08-12 15:03:01.308,21647,21652,21652,1,1
2024-08-12 15:03:01.718,21648,21652,21651,2,2
2024-08-12 15:03:02.352,21648,21651,21651,1,1
2024-08-12 15:03:02.970,21648,21652,21652,1,1
2024-08-12 15:03:04.369,21656,21660,21656,1,-1
2024-08-12 15:03:11.257,21656,21659,21656,2,-2
2024-08-12 15:03:11.649,21656,21659,21656,1,-1
2024-08-12 15:03:19.996,21652,21656,21652,1,-1
2024-08-12 15:03:21.000,21655,21656,21656,1,1
2024-08-12 15:03:21.000,21655,21656,21656,1,1
2024-08-12 15:03:21.000,21655,21656,21656,1,1
2024-08-12 15:03:21.000,21655,21656,21656,1,1
2024-08-12 15:03:21.000,21655,21656,21656,6,6
2024-08-12 15:03:21.001,21655,21656,21657,2,2
2024-08-12 15:03:22.307,21656,21659,21660,2,2
2024-08-12 15:03:22.307,21656,21659,21659,2,2
2024-08-12 15:03:22.308,21656,21659,21661,2,2
2024-08-12 15:03:22.309,21656,21659,21662,4,4
2024-08-12 15:03:22.309,21656,21659,21662,2,2
2024-08-12 15:03:22.310,21656,21659,21662,9,9
2024-08-12 15:03:22.310,21656,21659,21662,1,1
2024-08-12 15:03:22.310,21656,21659,21662,2,2
2024-08-12 15:03:22.310,21656,21659,21664,1,1
2024-08-12 15:03:22.813,21662,21666,21666,1,1
2024-08-12 15:03:29.596,21662,21666,21661,1,-1
2024-08-12 15:03:29.596,21662,21666,21662,4,-4
2024-08-12 15:03:30.317,21660,21664,21660,1,-1
2024-08-12 15:03:30.596,21660,21664,21664,1,1
2024-08-12 15:03:31.687,21662,21665,21665,3,3
2024-08-12 15:03:31.689,21662,21665,21665,1,1
2024-08-12 15:03:31.689,21662,21665,21666,1,1
2024-08-12 15:03:33.660,21666,21667,21667,1,1
2024-08-12 15:03:33.661,21666,21667,21668,4,4
2024-08-12 15:03:33.662,21666,21667,21669,2,2
2024-08-12 15:03:33.663,21666,21667,21670,1,1
2024-08-12 15:03:33.663,21666,21667,21670,3,3
2024-08-12 15:03:33.663,21666,21667,21669,1,1
2024-08-12 15:03:33.663,21666,21667,21670,2,2
2024-08-12 15:03:33.664,21666,21667,21671,1,1
2024-08-12 15:03:33.665,21666,21667,21671,1,1
2024-08-12 15:03:33.665,21666,21667,21672,1,1
2024-08-12 15:03:33.665,21666,21667,21672,1,1
2024-08-12 15:03:34.930,21668,21673,21668,1,-1
2024-08-12 15:03:35.076,21668,21673,21679,1,1
2024-08-12 15:03:35.076,21668,21673,21678,2,2
2024-08-12 15:03:35.076,21668,21673,21677,8,8
2024-08-12 15:03:35.076,21668,21673,21675,5,5
2024-08-12 15:03:35.076,21668,21673,21674,5,5
2024-08-12 15:03:35.076,21668,21673,21673,4,4
2024-08-12 15:03:35.076,21668,21673,21676,3,3
2024-08-12 15:03:35.080,21668,21673,21678,1,1
2024-08-12 15:03:35.081,21668,21673,21679,1,1
2024-08-12 15:03:35.081,21668,21673,21679,1,1
2024-08-12 15:03:35.305,21677,21680,21680,1,1
2024-08-12 15:03:35.502,21679,21681,21680,1,-1
2024-08-12 15:03:35.502,21679,21681,21679,1,-1
2024-08-12 15:03:35.502,21679,21681,21679,2,-2
2024-08-12 15:03:35.627,21675,21680,21677,1,-1
2024-08-12 15:03:35.818,21676,21680,21677,1,-1
2024-08-12 15:03:37.424,21675,21677,21675,1,-1
2024-08-12 15:03:38.038,21674,21676,21674,1,-1
2024-08-12 15:03:38.039,21674,21676,21673,1,-1
2024-08-12 15:03:38.039,21674,21676,21673,1,-1
2024-08-12 15:03:38.039,21674,21676,21673,1,-1
2024-08-12 15:03:38.040,21674,21676,21671,1,-1
2024-08-12 15:03:38.040,21674,21676,21672,2,-2
2024-08-12 15:03:38.041,21674,21676,21672,1,-1
2024-08-12 15:03:38.144,21671,21673,21673,1,1
2024-08-12 15:03:38.154,21671,21673,21675,1,1
2024-08-12 15:03:38.216,21671,21673,21676,1,1
2024-08-12 15:03:38.217,21671,21673,21677,1,1
2024-08-12 15:03:38.220,21671,21673,21678,2,2
2024-08-12 15:03:38.220,21671,21673,21676,1,1
2024-08-12 15:03:39.984,21675,21677,21677,2,2
2024-08-12 15:03:40.156,21676,21678,21678,2,2
2024-08-12 15:03:40.157,21676,21678,21678,1,1
2024-08-12 15:03:40.157,21676,21678,21678,1,1
2024-08-12 15:03:42.147,21678,21681,21678,1,-1
2024-08-12 15:03:42.482,21676,21679,21677,1,-1
2024-08-12 15:03:42.483,21676,21679,21677,2,-2
2024-08-12 15:03:42.636,21676,21677,21676,2,-2
2024-08-12 15:03:42.748,21676,21677,21673,1,-1
2024-08-12 15:03:42.967,21673,21676,21676,1,1
2024-08-12 15:03:43.258,21673,21676,21673,1,-1
2024-08-12 15:03:43.550,21672,21674,21675,1,1
2024-08-12 15:03:44.767,21672,21675,21675,3,3
2024-08-12 15:03:46.572,21672,21674,21672,1,-1
2024-08-12 15:03:47.370,21671,21674,21671,1,-1
2024-08-12 15:03:47.480,21671,21673,21673,1,1
2024-08-12 15:03:48.345,21671,21674,21674,2,2
2024-08-12 15:03:50.515,21672,21674,21672,1,-1
2024-08-12 15:03:50.515,21672,21674,21672,1,-1
2024-08-12 15:03:54.585,21672,21674,21672,1,-1
2024-08-12 15:03:54.650,21671,21674,21671,2,-2
2024-08-12 15:03:57.158,21668,21672,21672,1,1
2024-08-12 15:04:00.190,21668,21672,21671,2,2
2024-08-12 15:04:00.291,21671,21674,21674,4,4
2024-08-12 15:04:00.291,21671,21674,21675,2,2
2024-08-12 15:04:02.001,21672,21675,21675,1,1
2024-08-12 15:04:03.218,21672,21675,21676,1,1
2024-08-12 15:04:03.335,21675,21676,21676,1,1
2024-08-12 15:04:03.464,21675,21677,21675,4,-4
2024-08-12 15:04:06.874,21676,21677,21677,2,2
2024-08-12 15:04:06.875,21676,21677,21677,2,2
2024-08-12 15:04:06.875,21676,21677,21677,4,4
2024-08-12 15:04:06.875,21676,21677,21678,1,1
2024-08-12 15:04:06.918,21678,21679,21679,1,1
2024-08-12 15:04:06.919,21678,21679,21679,1,1
2024-08-12 15:04:06.919,21678,21679,21680,1,1
2024-08-12 15:04:06.921,21678,21679,21681,1,1
2024-08-12 15:04:07.040,21678,21682,21678,2,-2
2024-08-12 15:04:07.068,21678,21682,21680,1,-1
2024-08-12 15:04:08.027,21679,21681,21681,1,1
2024-08-12 15:04:08.068,21679,21681,21682,1,1
2024-08-12 15:04:08.939,21680,21683,21680,4,-4
2024-08-12 15:04:10.243,21680,21683,21681,2,-2
2024-08-12 15:04:11.202,21680,21682,21680,3,-3
2024-08-12 15:04:11.203,21680,21682,21679,1,-1
2024-08-12 15:04:11.535,21677,21680,21680,1,1
2024-08-12 15:04:11.535,21677,21680,21681,2,2
2024-08-12 15:04:12.416,21678,21681,21678,1,-1
2024-08-12 15:04:12.418,21678,21681,21676,1,-1
2024-08-12 15:04:12.419,21678,21681,21675,1,-1
2024-08-12 15:04:13.090,21670,21676,21676,3,3
2024-08-12 15:04:14.408,21672,21675,21675,1,1
2024-08-12 15:04:17.020,21672,21675,21675,1,1
2024-08-12 15:04:17.226,21672,21675,21675,1,1
2024-08-12 15:04:19.124,21672,21675,21675,1,1
2024-08-12 15:04:19.124,21672,21675,21675,1,1
2024-08-12 15:04:19.450,21673,21677,21677,2,2
2024-08-12 15:04:20.189,21674,21677,21676,2,2
2024-08-12 15:04:21.321,21674,21677,21674,1,-1
2024-08-12 15:04:21.321,21674,21677,21673,4,-4
2024-08-12 15:04:21.321,21674,21677,21672,5,-5
2024-08-12 15:04:30.773,21675,21677,21677,1,1
2024-08-12 15:04:32.695,21676,21679,21676,2,-2
2024-08-12 15:04:38.113,21676,21677,21676,2,-2
2024-08-12 15:04:40.195,21672,21676,21675,3,3
2024-08-12 15:04:41.491,21672,21676,21672,1,-1
2024-08-12 15:04:41.491,21672,21676,21671,1,-1
2024-08-12 15:04:42.618,21671,21676,21671,1,-1
2024-08-12 15:04:44.176,21670,21676,21670,3,-3
2024-08-12 15:04:44.402,21668,21670,21668,1,-1
2024-08-12 15:04:45.253,21669,21670,21670,1,1
2024-08-12 15:04:45.253,21669,21670,21670,7,7
2024-08-12 15:04:46.615,21670,21675,21670,1,-1
2024-08-12 15:04:54.040,21672,21675,21672,1,-1
2024-08-12 15:04:56.149,21674,21676,21676,1,1
2024-08-12 15:04:57.372,21674,21678,21674,4,-4
2024-08-12 15:04:57.595,21672,21674,21674,2,2
2024-08-12 15:05:00.094,21672,21674,21672,2,-2
2024-08-12 15:05:00.187,21672,21674,21674,15,15
2024-08-12 15:05:00.621,21674,21678,21680,3,3
2024-08-12 15:05:00.621,21674,21678,21679,4,4
2024-08-12 15:05:03.344,21675,21677,21677,2,2
2024-08-12 15:05:03.662,21675,21680,21675,1,-1
2024-08-12 15:05:04.742,21675,21680,21680,1,1
2024-08-12 15:05:06.526,21675,21680,21680,1,1
2024-08-12 15:05:09.386,21675,21680,21680,1,1
2024-08-12 15:05:11.097,21676,21678,21676,1,-1
2024-08-12 15:05:11.099,21676,21678,21676,3,-3
2024-08-12 15:05:12.507,21675,21677,21677,2,2
2024-08-12 15:05:13.198,21675,21677,21677,1,1
2024-08-12 15:05:14.402,21675,21678,21675,1,-1
2024-08-12 15:05:14.403,21675,21678,21675,1,-1
2024-08-12 15:05:14.403,21675,21678,21674,5,-5
2024-08-12 15:05:14.427,21675,21678,21675,1,-1
2024-08-12 15:05:15.260,21672,21675,21675,1,1
2024-08-12 15:05:15.371,21672,21675,21675,3,3
2024-08-12 15:05:16.358,21674,21676,21674,1,-1
2024-08-12 15:05:19.477,21674,21676,21676,1,1
2024-08-12 15:05:19.477,21674,21676,21677,2,2
2024-08-12 15:05:21.192,21676,21677,21676,1,-1
2024-08-12 15:05:26.163,21674,21677,21674,1,-1
2024-08-12 15:05:27.727,21673,21676,21673,1,-1
2024-08-12 15:05:29.668,21672,21674,21672,1,-1
2024-08-12 15:05:29.669,21672,21674,21672,2,-2
2024-08-12 15:05:29.670,21672,21674,21671,1,-1
2024-08-12 15:05:29.670,21672,21674,21671,2,-2
2024-08-12 15:05:29.695,21672,21674,21672,1,-1
2024-08-12 15:05:34.716,21671,21674,21674,2,2
2024-08-12 15:05:34.836,21672,21676,21672,2,-2
2024-08-12 15:05:40.221,21672,21675,21674,2,2
2024-08-12 15:05:40.569,21673,21676,21673,1,-1
2024-08-12 15:05:52.288,21673,21675,21673,1,-1
2024-08-12 15:05:52.397,21672,21674,21674,1,1
2024-08-12 15:05:52.397,21672,21674,21675,2,2
2024-08-12 15:05:57.022,21672,21673,21673,1,1
2024-08-12 15:05:59.634,21675,21676,21676,1,1
2024-08-12 15:06:00.183,21676,21678,21678,1,1
2024-08-12 15:06:00.184,21676,21678,21679,1,1
2024-08-12 15:06:00.571,21678,21682,21682,1,1
2024-08-12 15:06:00.609,21678,21682,21683,1,1
2024-08-12 15:06:00.705,21678,21683,21671,3,-3
2024-08-12 15:06:00.705,21678,21683,21672,3,-3
2024-08-12 15:06:00.705,21678,21683,21673,5,-5
2024-08-12 15:06:00.705,21678,21683,21674,1,-1
2024-08-12 15:06:00.705,21678,21683,21676,3,-3
2024-08-12 15:06:00.705,21678,21683,21677,5,-5
2024-08-12 15:06:00.705,21678,21683,21678,4,-4
2024-08-12 15:06:00.705,21678,21683,21675,4,-4
2024-08-12 15:06:00.707,21678,21683,21675,1,-1
2024-08-12 15:06:00.707,21678,21683,21677,1,-1
2024-08-12 15:06:00.709,21678,21683,21677,1,-1
2024-08-12 15:06:01.342,21675,21679,21679,1,1
2024-08-12 15:06:07.298,21678,21682,21682,1,1
2024-08-12 15:06:07.845,21680,21683,21683,1,1
2024-08-12 15:06:08.318,21681,21684,21684,1,1
2024-08-12 15:06:08.318,21681,21684,21684,1,1
2024-08-12 15:06:08.319,21681,21684,21685,2,2
2024-08-12 15:06:08.319,21681,21684,21685,1,1
2024-08-12 15:06:08.321,21681,21684,21686,1,1
2024-08-12 15:06:08.321,21681,21684,21686,4,4
2024-08-12 15:06:08.321,21681,21684,21687,1,1
2024-08-12 15:06:08.322,21681,21684,21687,3,3
2024-08-12 15:06:08.416,21685,21688,21688,1,1
2024-08-12 15:06:08.564,21685,21688,21688,1,1
2024-08-12 15:06:09.945,21685,21688,21688,1,1
2024-08-12 15:06:10.015,21685,21687,21685,1,-1
2024-08-12 15:06:10.015,21685,21687,21685,1,-1
2024-08-12 15:06:11.072,21682,21685,21685,2,2
2024-08-12 15:06:12.182,21682,21685,21685,1,1
2024-08-12 15:06:13.264,21683,21686,21686,2,2
2024-08-12 15:06:15.902,21682,21685,21685,1,1
2024-08-12 15:06:16.213,21682,21685,21685,1,1
2024-08-12 15:06:16.573,21682,21685,21682,1,-1
2024-08-12 15:06:16.658,21682,21684,21682,2,-2
2024-08-12 15:06:17.147,21680,21683,21683,1,1
2024-08-12 15:06:17.557,21682,21683,21682,2,-2
2024-08-12 15:06:18.096,21680,21683,21680,2,-2
2024-08-12 15:06:18.096,21680,21683,21679,2,-2
2024-08-12 15:06:20.179,21680,21683,21682,3,3
2024-08-12 15:06:25.132,21680,21683,21683,1,1
2024-08-12 15:06:28.668,21681,21684,21684,1,1
2024-08-12 15:06:28.668,21681,21684,21684,2,2
2024-08-12 15:06:30.635,21681,21683,21683,1,1
2024-08-12 15:06:38.847,21683,21684,21683,1,-1
2024-08-12 15:06:40.012,21682,21683,21682,1,-1
2024-08-12 15:06:40.181,21680,21683,21683,6,6
2024-08-12 15:06:40.967,21681,21684,21684,1,1
2024-08-12 15:06:41.076,21682,21686,21686,1,1
2024-08-12 15:06:41.256,21682,21686,21686,2,2
2024-08-12 15:06:41.256,21682,21686,21687,1,1
2024-08-12 15:06:43.000,21682,21686,21685,1,1
2024-08-12 15:06:44.003,21682,21685,21682,1,-1
2024-08-12 15:06:53.563,21683,21685,21683,1,-1
2024-08-12 15:06:53.564,21683,21685,21682,1,-1
2024-08-12 15:06:53.564,21683,21685,21682,1,-1
2024-08-12 15:06:53.589,21683,21685,21683,1,-1
2024-08-12 15:06:53.591,21683,21685,21682,1,-1
2024-08-12 15:06:59.431,21681,21685,21685,1,1
2024-08-12 15:07:00.193,21681,21685,21684,1,1
2024-08-12 15:07:00.584,21681,21684,21684,1,1
2024-08-12 15:07:00.723,21681,21684,21684,1,1
2024-08-12 15:07:00.854,21681,21684,21684,1,1
2024-08-12 15:07:01.013,21681,21684,21684,1,1
2024-08-12 15:07:01.162,21681,21684,21684,1,1
2024-08-12 15:07:01.301,21681,21684,21684,1,1
2024-08-12 15:07:01.452,21681,21684,21684,1,1
2024-08-12 15:07:01.603,21682,21685,21685,1,1
2024-08-12 15:07:01.758,21681,21685,21685,1,1
2024-08-12 15:07:01.900,21682,21685,21685,1,1
2024-08-12 15:07:02.038,21682,21686,21686,1,1
2024-08-12 15:07:02.188,21681,21685,21685,1,1
2024-08-12 15:07:02.376,21682,21685,21685,1,1
2024-08-12 15:07:02.498,21681,21685,21685,1,1
2024-08-12 15:07:02.665,21682,21686,21686,1,1
2024-08-12 15:07:02.820,21682,21685,21685,1,1
2024-08-12 15:07:02.975,21682,21685,21685,1,1
2024-08-12 15:07:03.128,21683,21686,21685,1,1
2024-08-12 15:07:03.296,21683,21686,21686,1,1
2024-08-12 15:07:03.449,21683,21686,21686,1,1
2024-08-12 15:07:05.553,21681,21685,21681,1,-1
2024-08-12 15:07:06.092,21681,21685,21681,3,-3
2024-08-12 15:07:08.497,21681,21683,21683,1,1
2024-08-12 15:07:09.796,21682,21685,21685,1,1
2024-08-12 15:07:16.358,21682,21684,21682,1,-1
2024-08-12 15:07:16.642,21682,21684,21682,1,-1
2024-08-12 15:07:16.666,21682,21684,21682,1,-1
2024-08-12 15:07:18.609,21681,21683,21682,1,-1
2024-08-12 15:07:19.313,21681,21683,21683,1,1
2024-08-12 15:07:20.183,21683,21684,21684,6,6
2024-08-12 15:07:26.125,21683,21685,21685,2,2
2024-08-12 15:07:26.125,21683,21685,21685,1,1
2024-08-12 15:07:26.125,21683,21685,21685,3,3
2024-08-12 15:07:26.125,21683,21685,21685,1,1
2024-08-12 15:07:26.125,21683,21685,21686,4,4
2024-08-12 15:07:26.198,21684,21688,21688,2,2
2024-08-12 15:07:26.198,21684,21688,21688,2,2
2024-08-12 15:07:26.199,21684,21688,21689,1,1
2024-08-12 15:07:26.199,21684,21688,21689,3,3
2024-08-12 15:07:26.199,21684,21688,21688,3,3
2024-08-12 15:07:26.200,21684,21688,21689,1,1
2024-08-12 15:07:26.200,21684,21688,21690,4,4
2024-08-12 15:07:26.464,21689,21691,21691,1,1
2024-08-12 15:07:26.728,21689,21691,21691,2,2
2024-08-12 15:07:26.728,21689,21691,21691,2,2
2024-08-12 15:07:27.722,21689,21692,21692,4,4
2024-08-12 15:07:29.470,21689,21692,21692,2,2
2024-08-12 15:07:29.471,21689,21692,21693,1,1
2024-08-12 15:07:29.471,21689,21692,21693,1,1
2024-08-12 15:07:29.471,21689,21692,21693,1,1
2024-08-12 15:07:32.892,21691,21693,21691,1,-1
2024-08-12 15:07:32.894,21691,21693,21689,3,-3
2024-08-12 15:07:32.919,21691,21693,21691,1,-1
2024-08-12 15:07:37.327,21689,21692,21691,2,2
2024-08-12 15:07:38.200,21691,21693,21691,1,-1
2024-08-12 15:07:39.845,21691,21693,21691,1,-1
2024-08-12 15:07:39.846,21691,21693,21691,1,-1
2024-08-12 15:07:41.605,21691,21692,21691,3,-3
2024-08-12 15:07:42.461,21690,21692,21690,1,-1
2024-08-12 15:07:42.462,21690,21692,21690,1,-1
2024-08-12 15:07:43.615,21689,21691,21689,1,-1
2024-08-12 15:07:45.635,21688,21691,21691,1,1
2024-08-12 15:07:48.299,21688,21691,21690,1,1
2024-08-12 15:07:49.319,21688,21690,21689,1,1
2024-08-12 15:07:52.884,21689,21690,21689,3,-3
2024-08-12 15:07:53.754,21689,21690,21689,1,-1
2024-08-12 15:07:54.321,21689,21690,21689,2,-2
2024-08-12 15:07:55.652,21688,21690,21688,2,-2
2024-08-12 15:07:55.654,21688,21690,21687,2,-2
2024-08-12 15:07:55.655,21688,21690,21686,1,-1
2024-08-12 15:07:55.655,21688,21690,21686,3,-3
2024-08-12 15:07:55.656,21688,21690,21685,1,-1
2024-08-12 15:07:55.783,21683,21686,21683,1,-1
2024-08-12 15:07:59.709,21685,21686,21685,1,-1
2024-08-12 15:08:01.905,21686,21689,21686,1,-1
2024-08-12 15:08:01.906,21686,21689,21685,1,-1
2024-08-12 15:08:01.906,21686,21689,21684,2,-2
2024-08-12 15:08:06.080,21683,21686,21683,5,-5
2024-08-12 15:08:06.080,21683,21686,21682,1,-1
2024-08-12 15:08:06.081,21683,21686,21681,1,-1
2024-08-12 15:08:06.081,21683,21686,21681,1,-1
2024-08-12 15:08:06.082,21683,21686,21681,1,-1
2024-08-12 15:08:09.641,21680,21684,21680,1,-1
2024-08-12 15:08:10.014,21680,21684,21680,1,-1
2024-08-12 15:08:13.589,21680,21683,21680,1,-1
2024-08-12 15:08:13.589,21680,21683,21679,1,-1
2024-08-12 15:08:13.842,21678,21683,21678,3,-3
2024-08-12 15:08:14.569,21676,21681,21680,1,1
2024-08-12 15:08:15.313,21679,21680,21679,1,-1
2024-08-12 15:08:17.301,21678,21680,21678,1,-1
2024-08-12 15:08:20.057,21676,21679,21680,5,5
2024-08-12 15:08:20.057,21676,21679,21679,5,5
2024-08-12 15:08:20.967,21678,21681,21678,1,-1
2024-08-12 15:08:24.026,21679,21682,21679,1,-1
2024-08-12 15:08:25.194,21679,21682,21679,1,-1
2024-08-12 15:08:25.587,21680,21682,21680,2,-2
2024-08-12 15:08:26.959,21679,21682,21679,2,-2
2024-08-12 15:08:27.937,21680,21681,21680,1,-1
2024-08-12 15:08:29.006,21678,21680,21678,5,-5
2024-08-12 15:08:33.145,21676,21677,21676,1,-1
2024-08-12 15:08:33.145,21676,21677,21676,1,-1
2024-08-12 15:08:33.145,21676,21677,21676,1,-1
2024-08-12 15:08:35.118,21675,21677,21677,2,2
2024-08-12 15:08:43.935,21677,21681,21677,1,-1
2024-08-12 15:08:48.673,21677,21680,21677,3,-3
2024-08-12 15:08:49.599,21676,21679,21676,3,-3
2024-08-12 15:08:59.518,21676,21678,21676,2,-2
2024-08-12 15:09:01.297,21677,21678,21678,1,1
2024-08-12 15:09:01.679,21677,21679,21679,1,1
2024-08-12 15:09:02.719,21678,21680,21678,1,-1
2024-08-12 15:09:05.773,21678,21680,21680,3,3
2024-08-12 15:09:05.774,21678,21680,21680,1,1
2024-08-12 15:09:05.776,21678,21680,21681,1,1
2024-08-12 15:09:07.174,21679,21682,21682,2,2
2024-08-12 15:09:07.174,21679,21682,21683,1,1
2024-08-12 15:09:08.788,21681,21683,21681,1,-1
2024-08-12 15:09:15.263,21678,21681,21681,1,1
2024-08-12 15:09:15.868,21678,21681,21678,1,-1
2024-08-12 15:09:20.192,21675,21678,21677,3,3
2024-08-12 15:09:30.504,21676,21678,21678,3,3
2024-08-12 15:09:36.966,21676,21679,21676,1,-1
2024-08-12 15:09:39.674,21676,21679,21676,1,-1
2024-08-12 15:09:42.178,21676,21677,21676,1,-1
2024-08-12 15:09:42.178,21676,21677,21676,2,-2
2024-08-12 15:09:45.647,21676,21677,21676,2,-2
2024-08-12 15:09:47.347,21675,21677,21675,1,-1
2024-08-12 15:09:50.343,21675,21677,21675,2,-2
2024-08-12 15:09:52.965,21675,21677,21677,1,1
2024-08-12 15:09:52.965,21675,21677,21678,3,3
2024-08-12 15:09:52.965,21675,21677,21679,1,1
2024-08-12 15:09:59.881,21675,21676,21676,2,2
2024-08-12 15:10:00.668,21676,21677,21677,1,1
2024-08-12 15:10:01.069,21677,21679,21679,1,1
2024-08-12 15:10:01.864,21678,21680,21680,1,1
2024-08-12 15:10:03.275,21679,21682,21682,3,3
2024-08-12 15:10:03.275,21679,21682,21683,2,2
2024-08-12 15:10:11.748,21681,21683,21683,1,1
2024-08-12 15:10:15.261,21683,21685,21685,2,2
2024-08-12 15:10:15.263,21683,21685,21685,1,1
2024-08-12 15:10:15.264,21683,21685,21685,2,2
2024-08-12 15:10:15.264,21683,21685,21685,1,1
2024-08-12 15:10:15.264,21683,21685,21685,2,2
2024-08-12 15:10:15.264,21683,21685,21685,1,1
2024-08-12 15:10:15.264,21683,21685,21685,2,2
2024-08-12 15:10:15.264,21683,21685,21685,4,4
2024-08-12 15:10:15.265,21683,21685,21685,2,2
2024-08-12 15:10:15.265,21683,21685,21685,1,1
2024-08-12 15:10:15.265,21683,21685,21685,2,2
2024-08-12 15:10:16.033,21685,21687,21685,2,-2
2024-08-12 15:10:16.098,21685,21687,21683,2,-2
2024-08-12 15:10:16.138,21684,21686,21685,1,-1
2024-08-12 15:10:20.187,21681,21684,21683,2,2
2024-08-12 15:10:28.168,21683,21685,21683,1,-1
2024-08-12 15:10:29.329,21680,21683,21683,1,1
2024-08-12 15:10:29.728,21680,21683,21680,1,-1
2024-08-12 15:10:29.937,21679,21683,21679,1,-1
2024-08-12 15:10:30.131,21678,21681,21678,1,-1
2024-08-12 15:10:33.328,21678,21681,21678,1,-1
2024-08-12 15:10:36.817,21678,21680,21678,1,-1
2024-08-12 15:10:37.638,21678,21680,21680,1,1
2024-08-12 15:10:37.638,21678,21680,21680,2,2
2024-08-12 15:10:41.281,21682,21683,21683,1,1
2024-08-12 15:10:45.347,21684,21687,21687,1,1
2024-08-12 15:10:50.697,21686,21688,21687,1,1
2024-08-12 15:10:52.502,21686,21688,21688,1,1
2024-08-12 15:10:55.082,21687,21689,21689,1,1
2024-08-12 15:10:55.086,21687,21689,21690,5,5
2024-08-12 15:10:55.093,21687,21689,21691,2,2
2024-08-12 15:10:57.991,21690,21692,21692,2,2
2024-08-12 15:10:58.504,21690,21692,21691,1,1
2024-08-12 15:10:58.506,21690,21692,21690,1,-1
2024-08-12 15:10:58.645,21689,21691,21689,2,-2
2024-08-12 15:11:00.199,21687,21690,21689,3,3
2024-08-12 15:11:00.491,21687,21690,21691,2,2
2024-08-12 15:11:00.491,21687,21690,21690,2,2
2024-08-12 15:11:02.263,21687,21689,21688,1,1
2024-08-12 15:11:02.314,21687,21689,21689,1,1
2024-08-12 15:11:02.581,21687,21690,21690,1,1
2024-08-12 15:11:04.753,21686,21689,21689,1,1
2024-08-12 15:11:05.394,21686,21689,21689,2,2
2024-08-12 15:11:05.394,21686,21689,21690,1,1
2024-08-12 15:11:08.722,21686,21690,21688,1,1
2024-08-12 15:11:10.187,21686,21690,21686,3,-3
2024-08-12 15:11:10.188,21686,21690,21685,1,-1
2024-08-12 15:11:10.580,21681,21685,21681,1,-1
2024-08-12 15:11:15.075,21682,21685,21685,1,1
2024-08-12 15:11:20.206,21685,21688,21687,1,1
2024-08-12 15:11:24.983,21686,21689,21687,1,-1
2024-08-12 15:11:35.329,21687,21690,21690,5,5
2024-08-12 15:11:35.648,21689,21692,21692,1,1
2024-08-12 15:11:35.648,21689,21692,21692,1,1
2024-08-12 15:11:35.649,21689,21692,21693,1,1
2024-08-12 15:11:35.649,21689,21692,21694,1,1
2024-08-12 15:11:35.650,21689,21692,21694,1,1
2024-08-12 15:11:35.650,21689,21692,21694,4,4
2024-08-12 15:11:35.650,21689,21692,21694,1,1
2024-08-12 15:11:35.650,21689,21692,21694,2,2
2024-08-12 15:11:35.651,21689,21692,21695,1,1
2024-08-12 15:11:35.652,21689,21692,21695,1,1
2024-08-12 15:11:35.652,21689,21692,21695,4,4
2024-08-12 15:11:35.652,21689,21692,21696,1,1
2024-08-12 15:11:35.653,21689,21692,21696,3,3
2024-08-12 15:11:35.770,21696,21697,21697,1,1
2024-08-12 15:11:35.770,21696,21697,21697,2,2
2024-08-12 15:11:35.771,21696,21697,21697,1,1
2024-08-12 15:11:35.771,21696,21697,21697,1,1
2024-08-12 15:11:35.771,21696,21697,21697,1,1
2024-08-12 15:11:35.805,21696,21697,21697,1,1
2024-08-12 15:11:35.906,21697,21698,21698,1,1
2024-08-12 15:11:35.906,21697,21698,21699,1,1
2024-08-12 15:11:35.932,21697,21698,21699,1,1
2024-08-12 15:11:37.414,21697,21699,21699,1,1
2024-08-12 15:11:37.414,21697,21699,21699,1,1
2024-08-12 15:11:37.414,21697,21699,21699,1,1
2024-08-12 15:11:37.545,21698,21700,21700,1,1
2024-08-12 15:11:37.637,21698,21700,21700,5,5
2024-08-12 15:11:37.663,21698,21700,21700,1,1
2024-08-12 15:11:37.664,21698,21700,21700,11,11
2024-08-12 15:11:37.664,21698,21700,21700,1,1
2024-08-12 15:11:37.665,21698,21700,21702,1,1
2024-08-12 15:11:37.675,21698,21700,21700,3,3
2024-08-12 15:11:37.675,21698,21700,21698,2,-2
2024-08-12 15:11:37.774,21700,21703,21703,1,1
2024-08-12 15:11:39.201,21700,21702,21702,1,1
2024-08-12 15:11:39.201,21700,21702,21703,2,2
2024-08-12 15:11:40.691,21702,21703,21702,1,-1
2024-08-12 15:11:40.847,21702,21703,21702,4,-4
2024-08-12 15:11:40.937,21700,21702,21700,1,-1
2024-08-12 15:11:41.332,21700,21702,21700,3,-3
2024-08-12 15:11:41.332,21700,21702,21699,2,-2
2024-08-12 15:11:41.850,21698,21701,21701,3,3
2024-08-12 15:11:41.850,21698,21701,21702,1,1
2024-08-12 15:11:42.777,21699,21702,21702,1,1
2024-08-12 15:11:45.468,21702,21703,21703,3,3
2024-08-12 15:11:45.636,21702,21703,21703,1,1
2024-08-12 15:11:45.636,21702,21703,21705,2,2
2024-08-12 15:11:46.139,21702,21704,21707,1,1
2024-08-12 15:11:46.139,21702,21704,21706,9,9
2024-08-12 15:11:46.139,21702,21704,21705,1,1
2024-08-12 15:11:46.139,21702,21704,21704,1,1
2024-08-12 15:11:46.374,21703,21707,21707,1,1
2024-08-12 15:11:46.876,21703,21706,21706,1,1
2024-08-12 15:11:47.038,21703,21707,21707,1,1
2024-08-12 15:11:47.176,21703,21707,21707,1,1
2024-08-12 15:11:47.554,21703,21707,21707,3,3
2024-08-12 15:11:47.800,21703,21707,21707,1,1
2024-08-12 15:11:48.384,21703,21708,21708,1,1
2024-08-12 15:11:48.523,21703,21708,21703,5,-5
2024-08-12 15:11:48.553,21703,21708,21707,1,1
2024-08-12 15:11:48.664,21703,21706,21706,1,1
2024-08-12 15:11:48.671,21703,21706,21706,1,1
2024-08-12 15:11:49.186,21704,21707,21706,1,1
2024-08-12 15:11:49.667,21704,21707,21707,2,2
2024-08-12 15:11:50.136,21704,21707,21704,1,-1
2024-08-12 15:11:50.307,21703,21706,21706,1,1
2024-08-12 15:11:52.696,21703,21705,21705,2,2
2024-08-12 15:11:52.696,21703,21705,21706,2,2
2024-08-12 15:11:53.133,21703,21706,21706,2,2
2024-08-12 15:11:53.134,21703,21706,21706,2,2
2024-08-12 15:11:53.136,21703,21706,21704,2,-2
2024-08-12 15:11:53.136,21703,21706,21703,6,-6
2024-08-12 15:11:53.136,21703,21706,21703,2,-2
2024-08-12 15:11:55.226,21703,21706,21704,1,-1
2024-08-12 15:11:57.917,21704,21705,21705,1,1
2024-08-12 15:11:58.298,21704,21706,21704,2,-2
2024-08-12 15:12:00.593,21703,21704,21704,1,1
2024-08-12 15:12:00.670,21703,21706,21706,3,3
2024-08-12 15:12:00.670,21703,21706,21707,3,3
2024-08-12 15:12:01.623,21705,21706,21705,1,-1
2024-08-12 15:12:01.881,21705,21706,21705,1,-1
2024-08-12 15:12:02.205,21704,21706,21706,2,2
2024-08-12 15:12:02.205,21704,21706,21708,1,1
2024-08-12 15:12:02.371,21704,21707,21704,1,-1
2024-08-12 15:12:03.169,21703,21705,21705,3,3
2024-08-12 15:12:04.745,21703,21706,21703,1,-1
2024-08-12 15:12:04.745,21703,21706,21703,1,-1
2024-08-12 15:12:04.746,21703,21706,21702,2,-2
2024-08-12 15:12:06.843,21700,21703,21703,1,1
2024-08-12 15:12:09.476,21701,21704,21701,2,-2
2024-08-12 15:12:11.104,21700,21703,21703,1,1
2024-08-12 15:12:11.290,21700,21703,21702,1,1
2024-08-12 15:12:12.231,21700,21704,21700,2,-2
2024-08-12 15:12:12.276,21700,21703,21700,1,-1
2024-08-12 15:12:13.796,21700,21703,21700,2,-2
2024-08-12 15:12:13.797,21700,21703,21699,1,-1
2024-08-12 15:12:13.798,21700,21703,21699,1,-1
2024-08-12 15:12:13.798,21700,21703,21699,1,-1
2024-08-12 15:12:13.798,21700,21703,21698,2,-2
2024-08-12 15:12:15.516,21698,21701,21698,2,-2
2024-08-12 15:12:15.516,21698,21701,21696,3,-3
2024-08-12 15:12:20.187,21697,21699,21699,2,2
2024-08-12 15:12:25.781,21698,21700,21698,3,-3
2024-08-12 15:12:25.781,21698,21700,21698,1,-1
2024-08-12 15:12:25.898,21696,21699,21699,1,1
2024-08-12 15:12:25.923,21696,21699,21699,2,2
2024-08-12 15:12:27.208,21696,21699,21699,1,1
2024-08-12 15:12:34.626,21697,21700,21700,1,1
2024-08-12 15:12:34.626,21697,21700,21700,2,2
2024-08-12 15:12:34.627,21697,21700,21700,1,1
2024-08-12 15:12:34.627,21697,21700,21700,3,3
2024-08-12 15:12:34.628,21697,21700,21701,1,1
2024-08-12 15:12:35.234,21700,21703,21700,2,-2
2024-08-12 15:12:37.933,21700,21703,21700,1,-1
2024-08-12 15:12:42.331,21701,21702,21701,1,-1
2024-08-12 15:12:46.078,21699,21702,21700,1,-1
2024-08-12 15:12:48.379,21699,21700,21700,1,1
2024-08-12 15:12:49.005,21699,21700,21700,1,1
2024-08-12 15:12:52.583,21700,21701,21700,1,-1
2024-08-12 15:12:52.791,21699,21700,21699,3,-3
2024-08-12 15:12:53.809,21696,21698,21696,1,-1
2024-08-12 15:12:57.172,21696,21698,21698,1,1
2024-08-12 15:12:57.172,21696,21698,21699,4,4
2024-08-12 15:12:58.355,21697,21700,21697,3,-3
2024-08-12 15:12:59.910,21696,21698,21696,1,-1
2024-08-12 15:12:59.911,21696,21698,21695,2,-2
2024-08-12 15:12:59.912,21696,21698,21694,2,-2
2024-08-12 15:12:59.912,21696,21698,21694,1,-1
2024-08-12 15:12:59.912,21696,21698,21694,2,-2
2024-08-12 15:13:00.192,21692,21695,21695,2,2
2024-08-12 15:13:00.192,21692,21695,21696,1,1
2024-08-12 15:13:00.199,21692,21695,21696,1,1
2024-08-12 15:13:00.478,21694,21697,21694,1,-1
2024-08-12 15:13:02.582,21697,21698,21697,5,-5
2024-08-12 15:13:05.955,21693,21697,21693,2,-2
2024-08-12 15:13:05.955,21693,21697,21692,2,-2
2024-08-12 15:13:07.175,21694,21695,21694,1,-1
2024-08-12 15:13:08.077,21692,21695,21692,2,-2
2024-08-12 15:13:10.022,21693,21696,21693,2,-2
2024-08-12 15:13:10.022,21693,21696,21692,2,-2
2024-08-12 15:13:19.940,21691,21693,21691,2,-2
2024-08-12 15:13:20.187,21690,21692,21692,2,2
2024-08-12 15:13:20.187,21690,21692,21692,1,1
2024-08-12 15:13:20.724,21690,21693,21693,1,1
2024-08-12 15:13:24.086,21690,21692,21692,1,1
2024-08-12 15:13:26.783,21691,21692,21692,1,1
2024-08-12 15:13:26.972,21691,21692,21692,1,1
2024-08-12 15:13:27.350,21692,21695,21692,1,-1
2024-08-12 15:13:29.798,21692,21693,21693,1,1
2024-08-12 15:13:33.237,21692,21695,21693,1,-1
2024-08-12 15:13:36.241,21692,21695,21692,1,-1
2024-08-12 15:13:45.438,21693,21696,21693,6,-6
2024-08-12 15:13:46.925,21693,21695,21693,1,-1
2024-08-12 15:13:56.011,21690,21692,21690,1,-1
2024-08-12 15:13:56.897,21690,21692,21692,1,1
2024-08-12 15:14:07.509,21690,21692,21690,2,-2
2024-08-12 15:14:07.509,21690,21692,21690,1,-1
2024-08-12 15:14:07.624,21690,21692,21688,1,-1
2024-08-12 15:14:07.624,21690,21692,21688,2,-2
2024-08-12 15:14:07.624,21690,21692,21688,1,-1
2024-08-12 15:14:07.626,21690,21692,21687,2,-2
2024-08-12 15:14:07.627,21690,21692,21687,1,-1
2024-08-12 15:14:07.885,21685,21687,21685,5,-5
2024-08-12 15:14:15.998,21687,21689,21687,1,-1
2024-08-12 15:14:21.702,21686,21688,21686,1,-1
2024-08-12 15:14:23.190,21686,21688,21687,1,-1
2024-08-12 15:14:26.848,21685,21687,21687,1,1
2024-08-12 15:14:28.877,21687,21688,21688,1,1
2024-08-12 15:14:29.427,21687,21689,21687,1,-1
2024-08-12 15:14:38.812,21685,21687,21687,2,2
2024-08-12 15:14:39.544,21686,21688,21686,2,-2
2024-08-12 15:14:39.545,21686,21688,21685,1,-1
2024-08-12 15:14:39.745,21684,21686,21684,1,-1
2024-08-12 15:14:40.276,21684,21685,21685,1,1
2024-08-12 15:14:43.212,21684,21686,21684,1,-1
2024-08-12 15:14:43.979,21685,21687,21685,1,-1
2024-08-12 15:14:44.986,21686,21688,21686,1,-1
2024-08-12 15:14:52.184,21685,21687,21685,1,-1
2024-08-12 15:14:52.184,21685,21687,21684,1,-1
2024-08-12 15:14:52.899,21683,21685,21685,1,1
2024-08-12 15:14:56.526,21684,21686,21686,1,1
2024-08-12 15:14:57.372,21684,21686,21686,2,2
2024-08-12 15:14:57.593,21685,21686,21685,1,-1
2024-08-12 15:15:00.180,21684,21685,21685,1,1
2024-08-12 15:15:00.410,21684,21686,21686,2,2
2024-08-12 15:15:00.415,21684,21686,21686,5,5
2024-08-12 15:15:00.518,21685,21687,21689,1,1
2024-08-12 15:15:00.518,21685,21687,21687,2,2
2024-08-12 15:15:01.404,21685,21688,21688,1,1
2024-08-12 15:15:01.859,21685,21688,21683,2,-2
2024-08-12 15:15:01.875,21685,21688,21683,1,-1
2024-08-12 15:15:01.875,21685,21688,21682,1,-1
2024-08-12 15:15:01.897,21682,21684,21682,1,-1
2024-08-12 15:15:01.897,21682,21684,21681,1,-1
2024-08-12 15:15:01.914,21682,21684,21681,2,-2
2024-08-12 15:15:01.930,21682,21684,21681,2,-2
2024-08-12 15:15:01.963,21682,21684,21681,2,-2
2024-08-12 15:15:01.972,21682,21684,21681,1,-1
2024-08-12 15:15:01.972,21682,21684,21680,1,-1
2024-08-12 15:15:02.000,21682,21684,21680,2,-2
2024-08-12 15:15:02.012,21680,21683,21680,1,-1
2024-08-12 15:15:02.405,21680,21682,21682,1,1
2024-08-12 15:15:02.405,21680,21682,21683,2,2
2024-08-12 15:15:06.058,21682,21686,21683,1,-1
2024-08-12 15:15:08.424,21682,21684,21682,1,-1
2024-08-12 15:15:08.424,21682,21684,21681,1,-1
2024-08-12 15:15:19.936,21680,21683,21680,3,-3
2024-08-12 15:15:21.286,21679,21682,21681,1,1
2024-08-12 15:15:21.497,21680,21682,21680,1,-1
2024-08-12 15:15:21.556,21679,21682,21679,1,-1
2024-08-12 15:15:21.556,21679,21682,21679,1,-1
2024-08-12 15:15:21.556,21679,21682,21679,1,-1
2024-08-12 15:15:21.557,21679,21682,21678,2,-2
2024-08-12 15:15:21.558,21679,21682,21677,1,-1
2024-08-12 15:15:21.558,21679,21682,21677,2,-2
2024-08-12 15:15:21.881,21675,21678,21675,1,-1
2024-08-12 15:15:21.981,21675,21678,21675,1,-1
2024-08-12 15:15:21.982,21675,21678,21675,3,-3
2024-08-12 15:15:21.983,21675,21678,21674,2,-2
2024-08-12 15:15:21.984,21675,21678,21673,1,-1
2024-08-12 15:15:21.984,21675,21678,21673,1,-1
2024-08-12 15:15:21.986,21675,21678,21672,3,-3
2024-08-12 15:15:22.557,21671,21674,21671,1,-1
2024-08-12 15:15:22.835,21670,21674,21670,1,-1
2024-08-12 15:15:23.097,21670,21674,21670,3,-3
2024-08-12 15:15:23.430,21668,21674,21668,6,-6
2024-08-12 15:15:23.431,21668,21674,21667,7,-7
2024-08-12 15:15:23.432,21668,21674,21666,2,-2
2024-08-12 15:15:23.433,21668,21674,21665,2,-2
2024-08-12 15:15:23.435,21668,21674,21664,1,-1
2024-08-12 15:15:23.436,21668,21674,21663,1,-1
2024-08-12 15:15:23.436,21668,21674,21662,1,-1
2024-08-12 15:15:23.504,21668,21674,21664,1,-1
2024-08-12 15:15:23.505,21668,21674,21665,1,-1
2024-08-12 15:15:23.651,21662,21665,21662,1,-1
2024-08-12 15:15:24.691,21662,21665,21665,1,1
2024-08-12 15:15:25.995,21665,21667,21667,2,2
2024-08-12 15:15:25.995,21665,21667,21668,2,2
2024-08-12 15:15:25.996,21665,21667,21668,1,1
2024-08-12 15:15:25.996,21665,21667,21668,5,5
2024-08-12 15:15:26.050,21666,21669,21669,1,1
2024-08-12 15:15:30.277,21665,21668,21665,1,-1
2024-08-12 15:15:30.853,21661,21665,21661,1,-1
2024-08-12 15:15:30.943,21661,21664,21664,1,1
2024-08-12 15:15:31.390,21662,21665,21664,1,1
2024-08-12 15:15:31.484,21662,21665,21665,1,1
2024-08-12 15:15:31.913,21661,21664,21664,1,1
2024-08-12 15:15:31.924,21661,21664,21662,1,-1
2024-08-12 15:15:32.182,21660,21663,21663,1,1
2024-08-12 15:15:32.214,21660,21663,21663,1,1
2024-08-12 15:15:33.392,21661,21664,21661,1,-1
2024-08-12 15:15:34.317,21661,21664,21661,2,-2
2024-08-12 15:15:37.137,21661,21663,21661,1,-1
2024-08-12 15:15:37.310,21661,21663,21663,1,1
2024-08-12 15:15:37.725,21662,21664,21662,1,-1
2024-08-12 15:15:37.725,21662,21664,21661,1,-1
2024-08-12 15:15:38.852,21661,21664,21661,1,-1
2024-08-12 15:15:39.512,21661,21664,21661,1,-1
2024-08-12 15:15:39.764,21661,21663,21661,1,-1
2024-08-12 15:15:40.449,21661,21663,21663,1,1
2024-08-12 15:15:40.664,21661,21663,21661,1,-1
2024-08-12 15:15:40.664,21661,21663,21660,2,-2
2024-08-12 15:15:41.795,21661,21663,21661,2,-2
2024-08-12 15:15:41.795,21661,21663,21660,1,-1
2024-08-12 15:15:43.563,21661,21663,21661,1,-1
2024-08-12 15:15:49.768,21660,21663,21662,1,1
2024-08-12 15:15:50.355,21661,21664,21664,2,2
2024-08-12 15:15:50.356,21661,21664,21664,1,1
2024-08-12 15:15:51.251,21664,21665,21664,2,-2
2024-08-12 15:15:51.885,21661,21665,21665,1,1
2024-08-12 15:15:52.489,21662,21664,21664,1,1
2024-08-12 15:15:52.491,21662,21664,21665,1,1
2024-08-12 15:15:53.494,21665,21668,21665,1,-1
2024-08-12 15:15:53.494,21665,21668,21664,2,-2
2024-08-12 15:15:53.494,21665,21668,21663,2,-2
2024-08-12 15:15:53.647,21662,21667,21662,2,-2
2024-08-12 15:15:55.736,21663,21665,21665,2,2
2024-08-12 15:16:00.847,21665,21667,21665,3,-3
2024-08-12 15:16:00.911,21663,21666,21663,1,-1
2024-08-12 15:16:00.914,21663,21666,21662,1,-1
2024-08-12 15:16:00.914,21663,21666,21661,1,-1
2024-08-12 15:16:00.914,21663,21666,21660,4,-4
2024-08-12 15:16:00.980,21663,21666,21659,1,-1
2024-08-12 15:16:01.183,21658,21660,21658,2,-2
2024-08-12 15:16:01.184,21658,21660,21657,1,-1
2024-08-12 15:16:01.184,21658,21660,21657,1,-1
2024-08-12 15:16:01.219,21658,21660,21658,1,-1
2024-08-12 15:16:01.320,21656,21658,21656,1,-1
2024-08-12 15:16:01.620,21655,21657,21657,1,1
2024-08-12 15:16:01.748,21655,21657,21657,1,1
2024-08-12 15:16:02.955,21655,21658,21655,1,-1
2024-08-12 15:16:04.044,21655,21658,21658,1,1
2024-08-12 15:16:04.280,21655,21657,21654,1,-1
2024-08-12 15:16:04.280,21655,21657,21655,1,-1
2024-08-12 15:16:04.719,21654,21658,21659,1,1
2024-08-12 15:16:06.925,21655,21658,21655,1,-1
2024-08-12 15:16:07.022,21655,21657,21657,1,1
2024-08-12 15:16:07.132,21655,21657,21655,1,-1
2024-08-12 15:16:07.134,21655,21657,21654,1,-1
2024-08-12 15:16:07.134,21655,21657,21654,1,-1
2024-08-12 15:16:08.780,21654,21656,21652,1,-1
2024-08-12 15:16:08.780,21654,21656,21651,3,-3
2024-08-12 15:16:08.780,21654,21656,21654,3,-3
2024-08-12 15:16:08.780,21654,21656,21653,1,-1
2024-08-12 15:16:08.874,21654,21656,21654,1,-1
2024-08-12 15:16:09.142,21651,21654,21653,2,2
2024-08-12 15:16:10.267,21650,21653,21653,1,1
2024-08-12 15:16:11.237,21652,21653,21652,1,-1
2024-08-12 15:16:11.939,21651,21653,21653,1,1
2024-08-12 15:16:12.613,21651,21654,21650,1,-1
2024-08-12 15:16:12.613,21651,21654,21651,1,-1
2024-08-12 15:16:12.613,21651,21654,21650,10,-10
2024-08-12 15:16:12.615,21651,21654,21649,1,-1
2024-08-12 15:16:12.655,21648,21650,21648,2,-2
2024-08-12 15:16:12.656,21648,21650,21648,1,-1
2024-08-12 15:16:12.903,21646,21649,21647,1,-1
2024-08-12 15:16:12.903,21646,21649,21646,2,-2
2024-08-12 15:16:12.934,21646,21649,21648,1,1
2024-08-12 15:16:13.098,21646,21648,21645,1,-1
2024-08-12 15:16:13.098,21646,21648,21644,1,-1
2024-08-12 15:16:13.098,21646,21648,21643,2,-2
2024-08-12 15:16:13.154,21641,21646,21641,1,-1
2024-08-12 15:16:13.265,21641,21645,21645,2,2
2024-08-12 15:16:13.364,21641,21645,21638,4,-4
2024-08-12 15:16:13.364,21641,21645,21639,1,-1
2024-08-12 15:16:13.364,21641,21645,21641,4,-4
2024-08-12 15:16:13.364,21641,21645,21640,3,-3
2024-08-12 15:16:13.386,21640,21644,21640,3,-3
2024-08-12 15:16:13.458,21640,21644,21643,2,2
2024-08-12 15:16:13.462,21640,21644,21645,1,1
2024-08-12 15:16:13.523,21642,21645,21641,1,-1
2024-08-12 15:16:13.523,21642,21645,21642,1,-1
2024-08-12 15:16:14.663,21640,21644,21644,3,3
2024-08-12 15:16:15.044,21643,21647,21648,1,1
2024-08-12 15:16:15.044,21643,21647,21647,1,1
2024-08-12 15:16:15.381,21645,21648,21648,3,3
2024-08-12 15:16:15.381,21645,21648,21649,2,2
2024-08-12 15:16:16.145,21645,21649,21645,1,-1
2024-08-12 15:16:16.517,21643,21648,21643,3,-3
2024-08-12 15:16:17.219,21644,21647,21644,1,-1
2024-08-12 15:16:17.421,21641,21645,21641,1,-1
2024-08-12 15:16:17.598,21641,21645,21645,1,1
2024-08-12 15:16:17.611,21641,21645,21645,1,1
2024-08-12 15:16:17.952,21642,21646,21642,1,-1
2024-08-12 15:16:18.425,21641,21645,21645,1,1
2024-08-12 15:16:18.695,21643,21646,21645,1,1
2024-08-12 15:16:19.823,21643,21647,21643,2,-2
2024-08-12 15:16:20.557,21642,21647,21647,1,1
2024-08-12 15:16:20.830,21643,21647,21643,2,-2
2024-08-12 15:16:22.643,21641,21644,21644,1,1
2024-08-12 15:16:22.771,21643,21645,21645,1,1
2024-08-12 15:16:25.635,21643,21647,21647,1,1
2024-08-12 15:16:27.507,21643,21645,21643,2,-2
2024-08-12 15:16:27.901,21641,21644,21644,1,1
2024-08-12 15:16:28.121,21641,21643,21641,1,-1
2024-08-12 15:16:28.135,21641,21643,21641,3,-3
2024-08-12 15:16:28.135,21641,21643,21641,1,-1
2024-08-12 15:16:28.136,21641,21643,21640,1,-1
2024-08-12 15:16:28.138,21641,21643,21640,1,-1
2024-08-12 15:16:28.157,21641,21643,21641,1,-1
2024-08-12 15:16:28.658,21638,21640,21640,1,1
2024-08-12 15:16:28.919,21638,21640,21639,1,1
2024-08-12 15:16:29.116,21638,21640,21638,2,-2
2024-08-12 15:16:29.116,21638,21640,21638,1,-1
2024-08-12 15:16:29.131,21638,21640,21638,1,-1
2024-08-12 15:16:29.182,21638,21640,21638,1,-1
2024-08-12 15:16:29.531,21637,21638,21636,1,-1
2024-08-12 15:16:29.531,21637,21638,21637,1,-1
2024-08-12 15:16:30.147,21635,21638,21635,3,-3
2024-08-12 15:16:30.206,21635,21638,21638,2,2
2024-08-12 15:16:30.552,21636,21638,21638,1,1
2024-08-12 15:16:31.158,21636,21639,21636,1,-1
2024-08-12 15:16:31.171,21636,21639,21636,2,-2
2024-08-12 15:16:31.238,21636,21639,21635,1,-1
2024-08-12 15:16:32.476,21635,21637,21637,1,1
2024-08-12 15:16:33.024,21636,21638,21636,1,-1
2024-08-12 15:16:33.262,21635,21638,21638,1,1
2024-08-12 15:16:33.336,21635,21638,21635,2,-2
2024-08-12 15:16:33.336,21635,21638,21636,3,-3
2024-08-12 15:16:34.265,21635,21637,21635,4,-4
2024-08-12 15:16:34.323,21635,21637,21636,1,-1
2024-08-12 15:16:35.847,21634,21636,21636,2,2
2024-08-12 15:16:35.983,21636,21638,21636,3,-3
2024-08-12 15:16:35.983,21636,21638,21635,2,-2
2024-08-12 15:16:36.455,21635,21638,21635,2,-2
2024-08-12 15:16:36.509,21634,21637,21634,1,-1
2024-08-12 15:16:36.509,21634,21637,21634,1,-1
2024-08-12 15:16:36.509,21634,21637,21634,1,-1
2024-08-12 15:16:36.509,21634,21637,21634,1,-1
2024-08-12 15:16:36.634,21633,21636,21633,1,-1
2024-08-12 15:16:36.759,21633,21636,21633,1,-1
2024-08-12 15:16:36.775,21633,21636,21633,3,-3
2024-08-12 15:16:37.007,21632,21636,21633,3,-3
2024-08-12 15:16:37.158,21633,21636,21636,1,1
2024-08-12 15:16:37.162,21633,21636,21636,1,1
2024-08-12 15:16:37.422,21635,21637,21637,1,1
2024-08-12 15:16:38.449,21636,21638,21638,1,1
2024-08-12 15:16:39.847,21636,21639,21636,1,-1
2024-08-12 15:16:45.017,21637,21640,21638,1,-1
2024-08-12 15:16:45.272,21638,21640,21640,1,1
2024-08-12 15:16:45.530,21638,21640,21638,2,-2
2024-08-12 15:16:45.530,21638,21640,21637,2,-2
2024-08-12 15:16:45.530,21638,21640,21636,1,-1
2024-08-12 15:16:46.111,21636,21639,21636,1,-1
2024-08-12 15:16:46.478,21636,21639,21639,2,2
2024-08-12 15:16:46.480,21636,21639,21640,1,1
2024-08-12 15:16:48.064,21639,21642,21642,1,1
2024-08-12 15:16:48.066,21639,21642,21643,1,1
2024-08-12 15:16:48.068,21639,21642,21644,1,1
2024-08-12 15:16:51.952,21643,21646,21643,1,-1
2024-08-12 15:16:52.609,21642,21645,21645,2,2
2024-08-12 15:16:55.464,21644,21645,21645,5,5
2024-08-12 15:16:57.191,21644,21645,21645,1,1
2024-08-12 15:16:57.911,21644,21646,21644,2,-2
2024-08-12 15:16:58.008,21641,21642,21642,2,2
2024-08-12 15:17:00.187,21641,21642,21642,1,1
2024-08-12 15:17:00.226,21641,21642,21641,1,-1
2024-08-12 15:17:00.227,21641,21642,21640,1,-1
2024-08-12 15:17:00.269,21638,21640,21638,1,-1
2024-08-12 15:17:00.297,21638,21640,21636,6,-6
2024-08-12 15:17:00.300,21638,21640,21635,2,-2
2024-08-12 15:17:00.300,21638,21640,21635,1,-1
2024-08-12 15:17:00.300,21638,21640,21634,1,-1
2024-08-12 15:17:00.333,21638,21640,21634,2,-2
2024-08-12 15:17:00.435,21632,21635,21632,2,-2
2024-08-12 15:17:00.435,21632,21635,21632,1,-1
2024-08-12 15:17:00.436,21632,21635,21632,4,-4
2024-08-12 15:17:00.438,21632,21635,21631,1,-1
2024-08-12 15:17:00.438,21632,21635,21631,9,-9
2024-08-12 15:17:00.438,21632,21635,21631,1,-1
2024-08-12 15:17:00.439,21632,21635,21630,1,-1
2024-08-12 15:17:00.439,21632,21635,21630,7,-7
2024-08-12 15:17:00.439,21632,21635,21629,1,-1
2024-08-12 15:17:00.440,21632,21635,21629,1,-1
2024-08-12 15:17:00.440,21632,21635,21628,1,-1
2024-08-12 15:17:00.440,21632,21635,21628,1,-1
2024-08-12 15:17:00.441,21632,21635,21627,13,-13
2024-08-12 15:17:00.441,21632,21635,21626,1,-1
2024-08-12 15:17:00.443,21632,21635,21625,1,-1
2024-08-12 15:17:00.444,21632,21635,21625,2,-2
2024-08-12 15:17:00.445,21632,21635,21625,1,-1
2024-08-12 15:17:00.446,21632,21635,21625,2,-2
2024-08-12 15:17:00.447,21632,21635,21626,2,-2
2024-08-12 15:17:00.447,21632,21635,21627,2,-2
2024-08-12 15:17:00.448,21632,21635,21627,1,-1
2024-08-12 15:17:00.509,21625,21627,21625,1,-1
2024-08-12 15:17:00.510,21625,21627,21625,1,-1
2024-08-12 15:17:00.510,21625,21627,21624,1,-1
2024-08-12 15:17:00.518,21625,21627,21625,1,-1
2024-08-12 15:17:00.520,21625,21627,21625,1,-1
2024-08-12 15:17:00.527,21625,21627,21623,1,-1
2024-08-12 15:17:00.527,21625,21627,21624,1,-1
2024-08-12 15:17:00.529,21625,21627,21625,1,-1
2024-08-12 15:17:00.535,21625,21627,21623,2,-2
2024-08-12 15:17:00.556,21625,21627,21622,4,-4
2024-08-12 15:17:00.557,21625,21627,21622,2,-2
2024-08-12 15:17:00.557,21625,21627,21622,1,-1
2024-08-12 15:17:00.563,21625,21627,21621,1,-1
2024-08-12 15:17:00.568,21625,21627,21620,2,-2
2024-08-12 15:17:00.580,21625,21627,21620,1,-1
2024-08-12 15:17:00.585,21625,21627,21620,1,-1
2024-08-12 15:17:00.586,21625,21627,21620,1,-1
2024-08-12 15:17:00.588,21625,21627,21620,2,-2
2024-08-12 15:17:00.594,21625,21627,21620,2,-2
2024-08-12 15:17:00.606,21625,21627,21620,1,-1
2024-08-12 15:17:00.606,21625,21627,21620,1,-1
2024-08-12 15:17:00.607,21625,21627,21620,2,-2
2024-08-12 15:17:00.607,21625,21627,21619,1,-1
2024-08-12 15:17:00.610,21625,21627,21618,1,-1
2024-08-12 15:17:00.611,21625,21627,21617,1,-1
2024-08-12 15:17:00.612,21625,21627,21615,1,-1
2024-08-12 15:17:00.612,21625,21627,21617,1,-1
2024-08-12 15:17:00.613,21625,21627,21616,1,-1
2024-08-12 15:17:00.631,21616,21618,21616,1,-1
2024-08-12 15:17:00.633,21616,21618,21615,1,-1
2024-08-12 15:17:00.633,21616,21618,21615,1,-1
2024-08-12 15:17:00.633,21616,21618,21617,2,-2
2024-08-12 15:17:00.635,21616,21618,21615,1,-1
2024-08-12 15:17:00.635,21616,21618,21615,1,-1
2024-08-12 15:17:00.640,21616,21618,21614,2,-2
2024-08-12 15:17:00.642,21616,21618,21613,2,-2
2024-08-12 15:17:00.642,21616,21618,21613,1,-1
2024-08-12 15:17:00.642,21616,21618,21613,1,-1
2024-08-12 15:17:00.643,21616,21618,21612,8,-8
2024-08-12 15:17:00.653,21616,21618,21616,10,-10
2024-08-12 15:17:00.662,21616,21618,21612,1,-1
2024-08-12 15:17:00.666,21616,21618,21612,1,-1
2024-08-12 15:17:00.672,21616,21618,21611,1,-1
2024-08-12 15:17:00.674,21616,21618,21615,3,-3
2024-08-12 15:17:00.680,21616,21618,21611,1,-1
2024-08-12 15:17:00.695,21616,21618,21610,2,-2
2024-08-12 15:17:00.695,21616,21618,21611,2,-2
2024-08-12 15:17:00.701,21616,21618,21610,1,-1
2024-08-12 15:17:00.710,21616,21618,21610,1,-1
2024-08-12 15:17:00.720,21616,21618,21610,4,-4
2024-08-12 15:17:00.721,21616,21618,21610,1,-1
2024-08-12 15:17:00.724,21616,21618,21610,5,-5
2024-08-12 15:17:00.731,21616,21618,21609,5,-5
2024-08-12 15:17:00.732,21616,21618,21609,2,-2
2024-08-12 15:17:00.732,21616,21618,21609,7,-7
2024-08-12 15:17:00.733,21616,21618,21608,1,-1
2024-08-12 15:17:00.736,21616,21618,21608,1,-1
2024-08-12 15:17:00.737,21616,21618,21606,1,-1
2024-08-12 15:17:00.743,21616,21618,21606,1,-1
2024-08-12 15:17:00.745,21616,21618,21603,2,-2
2024-08-12 15:17:00.764,21606,21612,21606,1,-1
2024-08-12 15:17:00.765,21606,21612,21605,2,-2
2024-08-12 15:17:00.765,21606,21612,21604,1,-1
2024-08-12 15:17:00.765,21606,21612,21603,2,-2
2024-08-12 15:17:00.767,21606,21612,21607,1,-1
2024-08-12 15:17:00.771,21606,21612,21603,2,-2
2024-08-12 15:17:00.771,21606,21612,21602,1,-1
2024-08-12 15:17:00.771,21606,21612,21604,3,-3
2024-08-12 15:17:00.774,21606,21612,21601,3,-3
2024-08-12 15:17:00.774,21606,21612,21600,2,-2
2024-08-12 15:17:00.777,21606,21612,21600,5,-5
2024-08-12 15:17:00.782,21606,21612,21600,1,-1
2024-08-12 15:17:00.785,21606,21612,21600,6,-6
2024-08-12 15:17:00.788,21606,21612,21604,2,-2
2024-08-12 15:17:00.794,21606,21612,21591,2,-2
2024-08-12 15:17:00.794,21606,21612,21590,15,-15
2024-08-12 15:17:00.794,21606,21612,21592,2,-2
2024-08-12 15:17:00.794,21606,21612,21589,7,-7
2024-08-12 15:17:00.794,21606,21612,21589,1,-1
2024-08-12 15:17:00.794,21606,21612,21593,5,-5
2024-08-12 15:17:00.794,21606,21612,21594,3,-3
2024-08-12 15:17:00.794,21606,21612,21596,1,-1
2024-08-12 15:17:00.794,21606,21612,21597,1,-1
2024-08-12 15:17:00.794,21606,21612,21598,2,-2
2024-08-12 15:17:00.794,21606,21612,21599,7,-7
2024-08-12 15:17:00.794,21606,21612,21600,1,-1
2024-08-12 15:17:00.794,21606,21612,21601,2,-2
2024-08-12 15:17:00.794,21606,21612,21595,1,-1
2024-08-12 15:17:00.796,21606,21612,21588,10,-10
2024-08-12 15:17:00.803,21606,21612,21600,1,-1
2024-08-12 15:17:00.804,21606,21612,21599,1,-1
2024-08-12 15:17:00.805,21606,21612,21599,2,-2
2024-08-12 15:17:00.815,21606,21612,21596,1,-1
2024-08-12 15:17:00.815,21606,21612,21595,1,-1
2024-08-12 15:17:00.815,21606,21612,21595,1,-1
2024-08-12 15:17:00.815,21606,21612,21593,1,-1
2024-08-12 15:17:00.817,21606,21612,21590,1,-1
2024-08-12 15:17:00.821,21606,21612,21590,1,-1
2024-08-12 15:17:00.824,21606,21612,21589,1,-1
2024-08-12 15:17:00.833,21606,21612,21598,1,-1
2024-08-12 15:17:00.833,21606,21612,21588,2,-2
2024-08-12 15:17:00.833,21606,21612,21599,2,-2
2024-08-12 15:17:00.834,21606,21612,21598,1,-1
2024-08-12 15:17:00.836,21606,21612,21599,1,-1
2024-08-12 15:17:00.838,21606,21612,21591,1,-1
2024-08-12 15:17:00.846,21606,21612,21599,1,-1
2024-08-12 15:17:00.846,21606,21612,21600,1,-1
2024-08-12 15:17:00.855,21606,21612,21591,1,-1
2024-08-12 15:17:00.862,21606,21612,21591,1,-1
2024-08-12 15:17:00.862,21606,21612,21590,1,-1
2024-08-12 15:17:00.863,21606,21612,21589,1,-1
2024-08-12 15:17:00.864,21606,21612,21606,3,-3
2024-08-12 15:17:00.864,21606,21612,21605,1,-1
2024-08-12 15:17:00.864,21606,21612,21604,2,-2
2024-08-12 15:17:00.864,21606,21612,21589,1,-1
2024-08-12 15:17:00.864,21606,21612,21601,1,-1
2024-08-12 15:17:00.864,21606,21612,21600,2,-2
2024-08-12 15:17:00.864,21606,21612,21602,1,-1
2024-08-12 15:17:00.865,21606,21612,21599,2,-2
2024-08-12 15:17:00.878,21606,21612,21590,1,-1
2024-08-12 15:17:00.882,21590,21603,21590,2,-2
2024-08-12 15:17:00.888,21590,21603,21597,1,1
2024-08-12 15:17:00.888,21590,21603,21597,1,1
2024-08-12 15:17:00.889,21590,21603,21591,2,-2
2024-08-12 15:17:00.890,21590,21603,21590,1,-1
2024-08-12 15:17:00.897,21590,21603,21597,2,2
2024-08-12 15:17:00.898,21590,21603,21591,2,-2
2024-08-12 15:17:00.905,21590,21603,21590,1,-1
2024-08-12 15:17:00.906,21590,21603,21589,1,-1
2024-08-12 15:17:00.906,21590,21603,21588,1,-1
2024-08-12 15:17:00.906,21590,21603,21588,1,-1
2024-08-12 15:17:00.907,21590,21603,21588,1,-1
2024-08-12 15:17:00.911,21590,21603,21588,1,-1
2024-08-12 15:17:00.913,21590,21603,21588,1,-1
2024-08-12 15:17:00.914,21590,21603,21588,1,-1
2024-08-12 15:17:00.916,21590,21603,21588,1,-1
2024-08-12 15:17:00.918,21590,21603,21588,1,-1
2024-08-12 15:17:00.931,21590,21603,21589,1,-1
2024-08-12 15:17:00.931,21590,21603,21588,1,-1
2024-08-12 15:17:00.931,21590,21603,21587,1,-1
2024-08-12 15:17:00.932,21590,21603,21586,1,-1
2024-08-12 15:17:00.932,21590,21603,21585,2,-2
2024-08-12 15:17:00.933,21590,21603,21585,1,-1
2024-08-12 15:17:00.936,21590,21603,21586,1,-1
2024-08-12 15:17:00.938,21590,21603,21602,1,1
2024-08-12 15:17:00.944,21590,21603,21585,1,-1
2024-08-12 15:17:00.957,21590,21603,21584,1,-1
2024-08-12 15:17:00.971,21590,21603,21583,1,-1
2024-08-12 15:17:00.978,21590,21603,21600,1,1
2024-08-12 15:17:00.981,21590,21603,21581,1,-1
2024-08-12 15:17:00.981,21590,21603,21582,1,-1
2024-08-12 15:17:00.981,21590,21603,21580,6,-6
2024-08-12 15:17:00.981,21590,21603,21584,1,-1
2024-08-12 15:17:00.981,21590,21603,21583,1,-1
2024-08-12 15:17:00.986,21590,21603,21581,1,-1
2024-08-12 15:17:00.987,21590,21603,21580,1,-1
2024-08-12 15:17:00.988,21590,21603,21580,3,-3
2024-08-12 15:17:00.988,21590,21603,21579,2,-2
2024-08-12 15:17:00.988,21590,21603,21578,3,-3
2024-08-12 15:17:00.988,21590,21603,21577,2,-2
2024-08-12 15:17:01.004,21590,21603,21614,7,7
2024-08-12 15:17:01.004,21590,21603,21613,1,1
2024-08-12 15:17:01.004,21590,21603,21615,6,6
2024-08-12 15:17:01.004,21590,21603,21612,3,3
2024-08-12 15:17:01.004,21590,21603,21615,1,1
2024-08-12 15:17:01.004,21590,21603,21615,4,4
2024-08-12 15:17:01.004,21590,21603,21615,1,1
2024-08-12 15:17:01.004,21590,21603,21608,1,1
2024-08-12 15:17:01.004,21590,21603,21603,1,1
2024-08-12 15:17:01.004,21590,21603,21605,1,1
2024-08-12 15:17:01.004,21590,21603,21604,1,1
2024-08-12 15:17:01.004,21590,21603,21607,1,1
2024-08-12 15:17:01.004,21590,21603,21602,9,9
2024-08-12 15:17:01.004,21590,21603,21601,1,1
2024-08-12 15:17:01.004,21590,21603,21600,1,1
2024-08-12 15:17:01.004,21590,21603,21599,1,1
2024-08-12 15:17:01.007,21579,21615,21615,1,1
2024-08-12 15:17:01.014,21579,21615,21597,1,1
2024-08-12 15:17:01.019,21579,21615,21597,2,-2
2024-08-12 15:17:01.019,21579,21615,21579,1,-1
2024-08-12 15:17:01.027,21579,21615,21583,2,-2
2024-08-12 15:17:01.058,21579,21615,21583,1,-1
2024-08-12 15:17:01.060,21579,21615,21610,1,1
2024-08-12 15:17:01.062,21579,21615,21588,1,-1
2024-08-12 15:17:01.065,21579,21615,21613,1,1
2024-08-12 15:17:01.066,21579,21615,21591,2,-2
2024-08-12 15:17:01.069,21579,21615,21590,2,-2
2024-08-12 15:17:01.070,21579,21615,21614,1,1
2024-08-12 15:17:01.076,21579,21615,21585,1,-1
2024-08-12 15:17:01.076,21579,21615,21586,1,-1
2024-08-12 15:17:01.076,21579,21615,21592,2,-2
2024-08-12 15:17:01.076,21579,21615,21591,2,-2
2024-08-12 15:17:01.076,21579,21615,21590,1,-1
2024-08-12 15:17:01.078,21579,21615,21607,1,1
2024-08-12 15:17:01.079,21579,21615,21607,1,1
2024-08-12 15:17:01.079,21579,21615,21606,10,10
2024-08-12 15:17:01.088,21579,21615,21608,1,1
2024-08-12 15:17:01.088,21579,21615,21607,11,11
2024-08-12 15:17:01.088,21579,21615,21607,29,29
2024-08-12 15:17:01.093,21579,21615,21585,1,-1
2024-08-12 15:17:01.095,21579,21615,21611,1,1
2024-08-12 15:17:01.097,21579,21615,21588,1,-1
2024-08-12 15:17:01.097,21579,21615,21587,1,-1
2024-08-12 15:17:01.097,21579,21615,21586,1,-1
2024-08-12 15:17:01.099,21579,21615,21577,1,-1
2024-08-12 15:17:01.100,21579,21615,21577,2,-2
2024-08-12 15:17:01.106,21579,21615,21612,1,1
2024-08-12 15:17:01.110,21579,21615,21578,1,-1
2024-08-12 15:17:01.115,21579,21615,21578,1,-1
2024-08-12 15:17:01.116,21579,21615,21577,1,-1
2024-08-12 15:17:01.119,21579,21615,21576,1,-1
2024-08-12 15:17:01.122,21579,21615,21576,1,-1
2024-08-12 15:17:01.124,21579,21615,21576,1,-1
2024-08-12 15:17:01.139,21576,21611,21593,1,-1
2024-08-12 15:17:01.139,21576,21611,21594,1,1
2024-08-12 15:17:01.140,21576,21611,21594,1,1
2024-08-12 15:17:01.147,21576,21611,21577,1,-1
2024-08-12 15:17:01.147,21576,21611,21576,2,-2
2024-08-12 15:17:01.164,21576,21611,21611,1,1
2024-08-12 15:17:01.166,21576,21611,21576,1,-1
2024-08-12 15:17:01.173,21576,21611,21575,1,-1
2024-08-12 15:17:01.181,21576,21611,21611,1,1
2024-08-12 15:17:01.181,21576,21611,21611,1,1
2024-08-12 15:17:01.181,21576,21611,21611,1,1
2024-08-12 15:17:01.182,21576,21611,21611,1,1
2024-08-12 15:17:01.192,21576,21611,21609,1,1
2024-08-12 15:17:01.205,21576,21611,21576,1,-1
2024-08-12 15:17:01.206,21576,21611,21575,2,-2
2024-08-12 15:17:01.210,21576,21611,21575,2,-2
2024-08-12 15:17:01.238,21576,21611,21575,1,-1
2024-08-12 15:17:01.238,21576,21611,21574,2,-2
2024-08-12 15:17:01.238,21576,21611,21573,4,-4
2024-08-12 15:17:01.238,21576,21611,21572,2,-2
2024-08-12 15:17:01.238,21576,21611,21571,1,-1
2024-08-12 15:17:01.238,21576,21611,21571,1,-1
2024-08-12 15:17:01.240,21576,21611,21570,1,-1
2024-08-12 15:17:01.241,21576,21611,21570,1,-1
2024-08-12 15:17:01.248,21576,21611,21570,1,-1
2024-08-12 15:17:01.249,21576,21611,21570,1,-1
2024-08-12 15:17:01.249,21576,21611,21573,1,-1
2024-08-12 15:17:01.267,21570,21588,21570,2,-2
2024-08-12 15:17:01.282,21570,21588,21571,1,-1
2024-08-12 15:17:01.282,21570,21588,21570,1,-1
2024-08-12 15:17:01.282,21570,21588,21569,3,-3
2024-08-12 15:17:01.294,21570,21588,21568,1,-1
2024-08-12 15:17:01.306,21570,21588,21568,1,-1
2024-08-12 15:17:01.316,21570,21588,21567,1,-1
2024-08-12 15:17:01.316,21570,21588,21566,1,-1
2024-08-12 15:17:01.317,21570,21588,21566,2,-2
2024-08-12 15:17:01.324,21570,21588,21564,1,-1
2024-08-12 15:17:01.324,21570,21588,21565,1,-1
2024-08-12 15:17:01.352,21570,21588,21563,4,-4
2024-08-12 15:17:01.363,21570,21588,21572,1,-1
2024-08-12 15:17:01.365,21570,21588,21577,1,-1
2024-08-12 15:17:01.399,21576,21580,21576,1,-1
2024-08-12 15:17:01.422,21576,21580,21576,1,-1
2024-08-12 15:17:01.432,21576,21580,21575,1,-1
2024-08-12 15:17:01.432,21576,21580,21572,1,-1
2024-08-12 15:17:01.432,21576,21580,21569,2,-2
2024-08-12 15:17:01.490,21576,21580,21569,1,-1
2024-08-12 15:17:01.516,21569,21576,21576,2,2
2024-08-12 15:17:01.519,21569,21576,21570,2,-2
2024-08-12 15:17:01.541,21569,21576,21570,1,-1
2024-08-12 15:17:01.556,21569,21576,21569,1,-1
2024-08-12 15:17:01.557,21569,21576,21569,3,-3
2024-08-12 15:17:01.557,21569,21576,21568,1,-1
2024-08-12 15:17:01.559,21569,21576,21568,1,-1
2024-08-12 15:17:01.565,21569,21576,21573,1,1
2024-08-12 15:17:01.566,21569,21576,21574,1,1
2024-08-12 15:17:01.566,21569,21576,21576,1,1
2024-08-12 15:17:01.587,21569,21576,21578,2,2
2024-08-12 15:17:01.588,21569,21576,21580,1,1
2024-08-12 15:17:01.588,21569,21576,21578,1,1
2024-08-12 15:17:01.588,21569,21576,21579,1,1
2024-08-12 15:17:01.589,21569,21576,21583,2,2
2024-08-12 15:17:01.590,21569,21576,21584,1,1
2024-08-12 15:17:01.591,21569,21576,21586,1,1
2024-08-12 15:17:01.598,21569,21576,21578,1,1
2024-08-12 15:17:01.598,21569,21576,21587,1,1
2024-08-12 15:17:01.608,21569,21576,21578,1,1
2024-08-12 15:17:01.608,21569,21576,21588,2,2
2024-08-12 15:17:01.615,21569,21576,21578,1,1
2024-08-12 15:17:01.618,21569,21576,21578,1,1
2024-08-12 15:17:01.623,21569,21576,21577,2,2
2024-08-12 15:17:01.626,21569,21576,21579,1,1
2024-08-12 15:17:01.627,21569,21576,21578,1,1
2024-08-12 15:17:01.627,21569,21576,21577,2,2
2024-08-12 15:17:01.654,21578,21587,21584,1,1
2024-08-12 15:17:01.654,21578,21587,21584,1,1
2024-08-12 15:17:01.655,21578,21587,21579,2,-2
2024-08-12 15:17:01.656,21578,21587,21583,1,1
2024-08-12 15:17:01.663,21578,21587,21576,2,-2
2024-08-12 15:17:01.663,21578,21587,21577,1,-1
2024-08-12 15:17:01.663,21578,21587,21579,1,-1
2024-08-12 15:17:01.663,21578,21587,21578,1,-1
2024-08-12 15:17:01.672,21578,21587,21568,1,-1
2024-08-12 15:17:01.683,21578,21587,21568,1,-1
2024-08-12 15:17:01.683,21578,21587,21567,2,-2
2024-08-12 15:17:01.683,21578,21587,21566,1,-1
2024-08-12 15:17:01.683,21578,21587,21563,1,-1
2024-08-12 15:17:01.697,21578,21587,21563,1,-1
2024-08-12 15:17:01.707,21578,21587,21563,2,-2
2024-08-12 15:17:01.707,21578,21587,21562,2,-2
2024-08-12 15:17:01.707,21578,21587,21561,1,-1
2024-08-12 15:17:01.710,21578,21587,21583,2,2
2024-08-12 15:17:01.710,21578,21587,21584,1,1
2024-08-12 15:17:01.718,21578,21587,21584,2,2
2024-08-12 15:17:01.718,21578,21587,21585,1,1
2024-08-12 15:17:01.732,21578,21587,21561,2,-2
2024-08-12 15:17:01.732,21578,21587,21562,1,-1
2024-08-12 15:17:01.732,21578,21587,21564,1,-1
2024-08-12 15:17:01.732,21578,21587,21563,1,-1
2024-08-12 15:17:01.736,21578,21587,21560,1,-1
2024-08-12 15:17:01.779,21561,21584,21561,1,-1
2024-08-12 15:17:01.818,21561,21584,21584,2,2
2024-08-12 15:17:01.818,21561,21584,21585,1,1
2024-08-12 15:17:01.822,21561,21584,21563,1,-1
2024-08-12 15:17:01.827,21561,21584,21563,1,-1
2024-08-12 15:17:01.847,21561,21584,21562,1,-1
2024-08-12 15:17:01.847,21561,21584,21560,5,-5
2024-08-12 15:17:01.886,21560,21583,21560,1,-1
2024-08-12 15:17:01.902,21560,21583,21560,4,-4
2024-08-12 15:17:01.909,21560,21583,21560,4,-4
2024-08-12 15:17:01.917,21560,21583,21560,2,-2
2024-08-12 15:17:01.932,21560,21583,21561,1,-1
2024-08-12 15:17:01.932,21560,21583,21560,1,-1
2024-08-12 15:17:01.955,21560,21583,21560,1,-1
2024-08-12 15:17:01.967,21560,21583,21560,4,-4
2024-08-12 15:17:01.968,21560,21583,21560,1,-1
2024-08-12 15:17:01.972,21560,21583,21581,1,1
2024-08-12 15:17:01.972,21560,21583,21582,1,1
2024-08-12 15:17:01.972,21560,21583,21580,1,1
2024-08-12 15:17:01.993,21560,21583,21560,2,-2
2024-08-12 15:17:01.993,21560,21583,21561,2,-2
2024-08-12 15:17:01.997,21560,21583,21560,1,-1
2024-08-12 15:17:01.998,21560,21583,21601,1,1
2024-08-12 15:17:01.998,21560,21583,21600,3,3
2024-08-12 15:17:01.998,21560,21583,21598,1,1
2024-08-12 15:17:01.998,21560,21583,21595,1,1
2024-08-12 15:17:01.998,21560,21583,21594,1,1
2024-08-12 15:17:01.998,21560,21583,21593,1,1
2024-08-12 15:17:01.998,21560,21583,21592,1,1
2024-08-12 15:17:01.998,21560,21583,21591,3,3
2024-08-12 15:17:01.998,21560,21583,21590,3,3
2024-08-12 15:17:01.998,21560,21583,21589,3,3
2024-08-12 15:17:01.998,21560,21583,21588,1,1
2024-08-12 15:17:01.998,21560,21583,21587,3,3
2024-08-12 15:17:01.998,21560,21583,21586,2,2
2024-08-12 15:17:01.998,21560,21583,21585,1,1
2024-08-12 15:17:01.998,21560,21583,21584,1,1
2024-08-12 15:17:01.998,21560,21583,21583,1,1
2024-08-12 15:17:01.998,21560,21583,21560,1,-1
2024-08-12 15:17:01.998,21560,21583,21602,1,1
2024-08-12 15:17:01.999,21560,21583,21602,1,1
2024-08-12 15:17:01.999,21560,21583,21602,6,6
2024-08-12 15:17:01.999,21560,21583,21602,5,5
2024-08-12 15:17:02.052,21580,21610,21582,1,-1
2024-08-12 15:17:02.052,21580,21610,21581,1,-1
2024-08-12 15:17:02.108,21580,21610,21607,1,1
2024-08-12 15:17:02.148,21562,21607,21563,1,-1
2024-08-12 15:17:02.188,21562,21607,21607,1,1
2024-08-12 15:17:02.236,21562,21607,21563,1,-1
2024-08-12 15:17:02.359,21562,21608,21577,1,-1
2024-08-12 15:17:02.367,21562,21608,21608,1,1
2024-08-12 15:17:02.380,21562,21608,21584,1,-1
2024-08-12 15:17:02.439,21584,21597,21584,1,-1
2024-08-12 15:17:02.488,21584,21597,21591,1,1
2024-08-12 15:17:02.502,21584,21597,21591,1,1
2024-08-12 15:17:02.503,21584,21597,21592,1,1
2024-08-12 15:17:02.527,21586,21597,21586,1,-1
2024-08-12 15:17:02.529,21586,21597,21588,1,-1
2024-08-12 15:17:02.530,21586,21597,21588,1,-1
2024-08-12 15:17:02.530,21586,21597,21587,2,-2
2024-08-12 15:17:02.534,21586,21597,21586,1,-1
2024-08-12 15:17:02.571,21586,21597,21585,1,-1
2024-08-12 15:17:02.574,21586,21597,21589,1,-1
2024-08-12 15:17:02.653,21585,21589,21585,2,-2
2024-08-12 15:17:02.654,21585,21589,21584,4,-4
2024-08-12 15:17:02.654,21585,21589,21583,1,-1
2024-08-12 15:17:02.654,21585,21589,21581,1,-1
2024-08-12 15:17:02.655,21585,21589,21580,2,-2
2024-08-12 15:17:02.683,21585,21589,21577,1,-1
2024-08-12 15:17:02.684,21585,21589,21576,1,-1
2024-08-12 15:17:02.788,21576,21586,21576,1,-1
2024-08-12 15:17:02.788,21576,21586,21575,1,-1
2024-08-12 15:17:02.788,21576,21586,21576,1,-1
2024-08-12 15:17:02.810,21576,21586,21573,1,-1
2024-08-12 15:17:02.860,21576,21586,21570,1,-1
2024-08-12 15:17:02.864,21576,21586,21563,1,-1
2024-08-12 15:17:02.978,21563,21582,21563,1,-1
2024-08-12 15:17:03.035,21563,21582,21564,1,-1
2024-08-12 15:17:03.035,21563,21582,21563,1,-1
2024-08-12 15:17:03.037,21563,21582,21569,1,-1
2024-08-12 15:17:03.037,21563,21582,21569,1,-1
2024-08-12 15:17:03.226,21564,21571,21569,2,2
2024-08-12 15:17:03.226,21564,21571,21568,1,1
2024-08-12 15:17:03.226,21564,21571,21567,1,-1
2024-08-12 15:17:03.226,21564,21571,21568,1,1
2024-08-12 15:17:03.226,21564,21571,21567,1,-1
2024-08-12 15:17:03.239,21564,21571,21570,1,1
2024-08-12 15:17:03.239,21564,21571,21570,1,1
2024-08-12 15:17:03.240,21564,21571,21571,1,1
2024-08-12 15:17:03.241,21564,21571,21572,1,1
2024-08-12 15:17:03.259,21567,21574,21567,1,-1
2024-08-12 15:17:03.260,21567,21574,21571,1,1
2024-08-12 15:17:03.261,21567,21574,21572,1,1
2024-08-12 15:17:03.261,21567,21574,21572,1,1
2024-08-12 15:17:03.262,21567,21574,21570,1,-1
2024-08-12 15:17:03.264,21567,21574,21574,1,1
2024-08-12 15:17:03.264,21567,21574,21575,1,1
2024-08-12 15:17:03.264,21567,21574,21577,2,2
2024-08-12 15:17:03.264,21567,21574,21578,1,1
2024-08-12 15:17:03.265,21567,21574,21579,1,1
2024-08-12 15:17:03.265,21567,21574,21578,1,1
2024-08-12 15:17:03.265,21567,21574,21580,3,3
2024-08-12 15:17:03.266,21567,21574,21584,1,1
2024-08-12 15:17:03.266,21567,21574,21584,1,1
2024-08-12 15:17:03.266,21567,21574,21582,2,2
2024-08-12 15:17:03.266,21567,21574,21583,1,1
2024-08-12 15:17:03.266,21567,21574,21582,1,1
2024-08-12 15:17:03.270,21567,21574,21584,1,1
2024-08-12 15:17:03.271,21567,21574,21585,1,1
2024-08-12 15:17:03.282,21567,21574,21587,1,1
2024-08-12 15:17:03.283,21567,21574,21587,4,4
2024-08-12 15:17:03.283,21567,21574,21587,3,3
2024-08-12 15:17:03.283,21567,21574,21588,2,2
2024-08-12 15:17:03.284,21567,21574,21589,1,1
2024-08-12 15:17:03.286,21567,21574,21582,1,1
2024-08-12 15:17:03.292,21567,21574,21582,1,1
2024-08-12 15:17:03.292,21567,21574,21581,5,5
2024-08-12 15:17:03.292,21567,21574,21580,2,2
2024-08-12 15:17:03.292,21567,21574,21579,2,2
2024-08-12 15:17:03.292,21567,21574,21576,2,2
2024-08-12 15:17:03.293,21567,21574,21582,1,1
2024-08-12 15:17:03.295,21567,21574,21584,1,1
2024-08-12 15:17:03.297,21567,21574,21583,1,1
2024-08-12 15:17:03.297,21567,21574,21584,1,1
2024-08-12 15:17:03.308,21567,21574,21584,1,1
2024-08-12 15:17:03.314,21567,21574,21583,1,1
2024-08-12 15:17:03.316,21567,21574,21584,1,1
2024-08-12 15:17:03.316,21567,21574,21584,1,1
2024-08-12 15:17:03.316,21567,21574,21583,1,1
2024-08-12 15:17:03.317,21567,21574,21582,1,1
2024-08-12 15:17:03.319,21567,21574,21579,1,1
2024-08-12 15:17:03.363,21567,21574,21579,2,2
2024-08-12 15:17:03.364,21567,21574,21578,2,2
2024-08-12 15:17:03.365,21567,21574,21582,1,1
2024-08-12 15:17:03.365,21567,21574,21581,1,1
2024-08-12 15:17:03.377,21567,21574,21581,1,1
2024-08-12 15:17:03.380,21567,21574,21579,1,1
2024-08-12 15:17:03.388,21579,21582,21579,1,-1
2024-08-12 15:17:03.388,21579,21582,21578,1,-1
2024-08-12 15:17:03.390,21579,21582,21578,1,-1
2024-08-12 15:17:03.406,21579,21582,21574,1,-1
2024-08-12 15:17:03.408,21579,21582,21573,1,-1
2024-08-12 15:17:03.534,21569,21575,21569,1,-1
2024-08-12 15:17:03.560,21569,21575,21566,1,-1
2024-08-12 15:17:03.613,21569,21575,21572,1,-1
2024-08-12 15:17:03.613,21569,21575,21571,2,-2
2024-08-12 15:17:03.614,21569,21575,21573,1,1
2024-08-12 15:17:03.615,21569,21575,21574,1,1
2024-08-12 15:17:03.678,21570,21575,21575,1,1
2024-08-12 15:17:03.781,21570,21575,21570,1,-1
2024-08-12 15:17:03.795,21570,21575,21573,2,2
2024-08-12 15:17:03.795,21570,21575,21574,2,2
2024-08-12 15:17:03.796,21570,21575,21574,1,1
2024-08-12 15:17:03.796,21570,21575,21575,1,1
2024-08-12 15:17:03.797,21570,21575,21577,2,2
2024-08-12 15:17:03.798,21570,21575,21579,1,1
2024-08-12 15:17:03.798,21570,21575,21578,1,1
2024-08-12 15:17:03.799,21570,21575,21581,2,2
2024-08-12 15:17:03.823,21570,21575,21578,1,1
2024-08-12 15:17:03.824,21570,21575,21582,1,1
2024-08-12 15:17:03.905,21577,21584,21577,1,-1
2024-08-12 15:17:03.917,21577,21584,21577,1,-1
2024-08-12 15:17:03.917,21577,21584,21576,1,-1
2024-08-12 15:17:03.940,21577,21584,21580,1,-1
2024-08-12 15:17:03.969,21577,21584,21577,1,-1
2024-08-12 15:17:03.971,21577,21584,21580,1,-1
2024-08-12 15:17:03.988,21577,21584,21577,1,-1
2024-08-12 15:17:03.988,21577,21584,21576,1,-1
2024-08-12 15:17:04.005,21577,21584,21575,1,-1
2024-08-12 15:17:04.188,21575,21581,21575,1,-1
2024-08-12 15:17:04.224,21575,21581,21579,1,1
2024-08-12 15:17:04.237,21575,21581,21580,1,1
2024-08-12 15:17:04.237,21575,21581,21580,1,1
2024-08-12 15:17:04.311,21576,21581,21581,2,2
2024-08-12 15:17:04.311,21576,21581,21581,1,1
2024-08-12 15:17:04.327,21576,21581,21581,1,1
2024-08-12 15:17:04.328,21576,21581,21581,1,1
2024-08-12 15:17:04.360,21576,21581,21578,1,-1
2024-08-12 15:17:04.393,21579,21585,21579,2,-2
2024-08-12 15:17:04.406,21579,21585,21578,1,-1
2024-08-12 15:17:04.419,21579,21585,21582,2,-2
2024-08-12 15:17:04.490,21579,21585,21578,1,-1
2024-08-12 15:17:04.491,21579,21585,21580,1,-1
2024-08-12 15:17:04.492,21579,21585,21580,1,-1
2024-08-12 15:17:04.494,21579,21585,21581,1,-1
2024-08-12 15:17:04.830,21579,21584,21579,1,-1
2024-08-12 15:17:04.921,21577,21584,21579,1,-1
2024-08-12 15:17:04.921,21577,21584,21578,1,-1
2024-08-12 15:17:04.921,21579,21584,21580,2,-2
2024-08-12 15:17:05.012,21577,21584,21584,1,1
2024-08-12 15:17:05.013,21577,21584,21585,1,1
2024-08-12 15:17:05.013,21577,21584,21586,1,1
2024-08-12 15:17:05.127,21577,21584,21589,1,1
2024-08-12 15:17:05.128,21577,21584,21589,1,1
2024-08-12 15:17:05.425,21583,21590,21583,1,-1
2024-08-12 15:17:05.434,21583,21590,21583,2,-2
2024-08-12 15:17:05.434,21583,21590,21582,1,-1
2024-08-12 15:17:05.436,21583,21590,21587,1,1
2024-08-12 15:17:05.968,21582,21587,21585,1,1
2024-08-12 15:17:05.969,21582,21587,21585,1,1
2024-08-12 15:17:05.969,21582,21587,21586,2,2
2024-08-12 15:17:05.969,21582,21587,21587,2,2
2024-08-12 15:17:05.970,21582,21587,21588,1,1
2024-08-12 15:17:05.971,21582,21587,21589,2,2
2024-08-12 15:17:05.971,21582,21587,21590,1,1
2024-08-12 15:17:05.972,21582,21587,21591,1,1
2024-08-12 15:17:06.028,21588,21592,21589,1,-1
2024-08-12 15:17:06.031,21588,21592,21592,1,1
2024-08-12 15:17:06.057,21588,21592,21589,1,-1
2024-08-12 15:17:06.057,21588,21592,21590,2,2
2024-08-12 15:17:06.419,21587,21593,21588,1,-1
2024-08-12 15:17:06.452,21587,21593,21592,1,1
2024-08-12 15:17:06.452,21587,21593,21592,1,1
2024-08-12 15:17:06.599,21591,21593,21591,1,-1
2024-08-12 15:17:06.694,21587,21592,21592,1,1
2024-08-12 15:17:06.696,21587,21592,21593,1,1
2024-08-12 15:17:06.696,21587,21592,21594,1,1
2024-08-12 15:17:06.715,21587,21592,21595,1,1
2024-08-12 15:17:06.715,21587,21592,21596,1,1
2024-08-12 15:17:06.716,21587,21592,21598,1,1
2024-08-12 15:17:07.158,21595,21598,21598,1,1
2024-08-12 15:17:07.260,21595,21598,21595,1,-1
2024-08-12 15:17:07.260,21595,21598,21594,1,-1
2024-08-12 15:17:07.262,21595,21598,21593,1,-1
2024-08-12 15:17:07.343,21595,21598,21597,2,2
2024-08-12 15:17:07.387,21594,21598,21594,1,-1
2024-08-12 15:17:07.399,21594,21598,21594,1,-1
2024-08-12 15:17:07.565,21594,21598,21594,1,-1
2024-08-12 15:17:07.587,21594,21598,21597,1,1
2024-08-12 15:17:07.629,21594,21598,21599,1,1
2024-08-12 15:17:07.629,21594,21598,21598,2,2
2024-08-12 15:17:07.629,21594,21598,21597,1,1
2024-08-12 15:17:07.630,21594,21598,21599,1,1
2024-08-12 15:17:07.778,21594,21600,21600,2,2
2024-08-12 15:17:07.821,21594,21600,21603,1,1
2024-08-12 15:17:07.942,21599,21606,21599,1,-1
2024-08-12 15:17:07.949,21599,21606,21598,1,-1
2024-08-12 15:17:08.279,21599,21605,21605,1,1
2024-08-12 15:17:08.279,21599,21605,21606,1,1
2024-08-12 15:17:08.420,21602,21608,21601,1,-1
2024-08-12 15:17:08.420,21602,21608,21602,1,-1
2024-08-12 15:17:08.459,21602,21608,21607,1,1
2024-08-12 15:17:08.999,21600,21607,21601,1,-1
2024-08-12 15:17:09.216,21602,21607,21607,1,1
2024-08-12 15:17:09.216,21602,21607,21608,1,1
2024-08-12 15:17:09.276,21604,21612,21609,10,10
2024-08-12 15:17:09.277,21604,21612,21609,1,1
2024-08-12 15:17:09.386,21604,21612,21612,1,1
2024-08-12 15:17:09.756,21603,21611,21603,1,-1
2024-08-12 15:17:10.113,21603,21609,21603,1,-1
2024-08-12 15:17:10.420,21600,21606,21605,1,1
2024-08-12 15:17:10.477,21600,21606,21600,1,-1
2024-08-12 15:17:10.532,21598,21604,21602,1,1
2024-08-12 15:17:10.570,21598,21604,21602,1,1
2024-08-12 15:17:10.706,21601,21605,21605,1,1
2024-08-12 15:17:10.708,21601,21605,21606,1,1
2024-08-12 15:17:10.862,21602,21606,21606,1,1
2024-08-12 15:17:11.205,21601,21606,21601,3,-3
2024-08-12 15:17:11.504,21599,21605,21605,5,5
2024-08-12 15:17:11.504,21599,21605,21606,4,4
2024-08-12 15:17:11.504,21599,21605,21607,5,5
2024-08-12 15:17:11.505,21599,21605,21607,2,2
2024-08-12 15:17:11.505,21599,21605,21607,2,2
2024-08-12 15:17:11.505,21599,21605,21607,2,2
2024-08-12 15:17:11.817,21604,21608,21604,1,-1
2024-08-12 15:17:12.107,21604,21607,21604,1,-1
2024-08-12 15:17:12.201,21603,21607,21608,1,1
2024-08-12 15:17:12.325,21605,21608,21607,1,1
2024-08-12 15:17:12.469,21606,21608,21606,1,-1
2024-08-12 15:17:12.470,21606,21608,21605,12,-12
2024-08-12 15:17:12.660,21603,21606,21606,1,1
2024-08-12 15:17:12.711,21603,21606,21601,2,-2
2024-08-12 15:17:12.711,21603,21606,21602,2,-2
2024-08-12 15:17:12.711,21603,21606,21603,2,-2
2024-08-12 15:17:12.929,21600,21604,21604,1,1
2024-08-12 15:17:13.226,21600,21605,21605,1,1
2024-08-12 15:17:13.249,21600,21605,21602,1,-1
2024-08-12 15:17:13.249,21600,21605,21601,2,-2
2024-08-12 15:17:13.249,21600,21605,21600,4,-4
2024-08-12 15:17:13.250,21600,21605,21600,1,-1
2024-08-12 15:17:13.411,21598,21601,21601,1,1
2024-08-12 15:17:13.478,21598,21601,21602,1,1
2024-08-12 15:17:13.479,21598,21601,21602,1,1
2024-08-12 15:17:14.437,21599,21602,21598,2,-2
2024-08-12 15:17:14.437,21599,21602,21599,1,-1
2024-08-12 15:17:14.569,21598,21601,21599,1,-1
2024-08-12 15:17:14.639,21595,21598,21598,3,3
2024-08-12 15:17:14.639,21595,21598,21599,1,1
2024-08-12 15:17:14.724,21595,21598,21599,1,1
2024-08-12 15:17:14.725,21595,21598,21599,1,1
2024-08-12 15:17:15.165,21596,21599,21599,1,1
2024-08-12 15:17:15.337,21596,21600,21600,1,1
2024-08-12 15:17:15.628,21596,21600,21601,1,1
2024-08-12 15:17:15.628,21596,21600,21600,3,3
2024-08-12 15:17:15.628,21596,21600,21600,1,1
2024-08-12 15:17:16.158,21599,21604,21604,1,1
2024-08-12 15:17:16.164,21599,21604,21606,1,1
2024-08-12 15:17:16.259,21602,21607,21602,2,-2
2024-08-12 15:17:16.259,21602,21607,21602,2,-2
2024-08-12 15:17:16.259,21602,21607,21602,8,-8
2024-08-12 15:17:16.260,21602,21607,21602,1,-1
2024-08-12 15:17:16.260,21602,21607,21602,1,-1
2024-08-12 15:17:16.260,21602,21607,21602,1,-1
2024-08-12 15:17:16.261,21602,21607,21602,5,-5
2024-08-12 15:17:16.282,21602,21607,21602,1,-1
2024-08-12 15:17:16.282,21602,21607,21602,1,-1
2024-08-12 15:17:16.638,21602,21605,21605,1,1
2024-08-12 15:17:16.638,21602,21605,21606,2,2
2024-08-12 15:17:17.182,21603,21606,21605,1,1
2024-08-12 15:17:17.373,21603,21606,21603,1,-1
2024-08-12 15:17:17.678,21603,21606,21606,1,1
2024-08-12 15:17:17.819,21604,21606,21604,1,-1
2024-08-12 15:17:17.894,21603,21605,21603,1,-1
2024-08-12 15:17:17.915,21603,21605,21602,1,-1
2024-08-12 15:17:18.125,21601,21604,21601,1,-1
2024-08-12 15:17:18.134,21601,21604,21601,1,-1
2024-08-12 15:17:18.243,21601,21604,21604,1,1
2024-08-12 15:17:18.308,21601,21604,21601,1,-1
2024-08-12 15:17:18.308,21601,21604,21600,1,-1
2024-08-12 15:17:18.550,21600,21602,21600,1,-1
2024-08-12 15:17:18.550,21600,21602,21600,4,-4
2024-08-12 15:17:18.550,21600,21602,21599,1,-1
2024-08-12 15:17:18.552,21600,21602,21598,2,-2
2024-08-12 15:17:18.553,21600,21602,21597,1,-1
2024-08-12 15:17:18.614,21600,21602,21596,1,-1
2024-08-12 15:17:18.615,21600,21602,21596,1,-1
2024-08-12 15:17:18.743,21595,21598,21594,1,-1
2024-08-12 15:17:18.786,21593,21596,21596,2,2
2024-08-12 15:17:19.079,21594,21596,21594,1,-1
2024-08-12 15:17:19.085,21594,21596,21593,5,-5
2024-08-12 15:17:19.086,21594,21596,21592,2,-2
2024-08-12 15:17:19.087,21594,21596,21590,1,-1
2024-08-12 15:17:19.120,21594,21596,21593,1,-1
2024-08-12 15:17:19.524,21590,21593,21593,1,1
2024-08-12 15:17:19.525,21590,21593,21594,1,1
2024-08-12 15:17:19.525,21590,21593,21593,1,1
2024-08-12 15:17:19.974,21592,21594,21594,3,3
2024-08-12 15:17:20.070,21594,21597,21597,1,1
2024-08-12 15:17:20.236,21595,21598,21595,1,-1
2024-08-12 15:17:20.279,21595,21598,21598,2,2
2024-08-12 15:17:20.346,21595,21598,21599,3,3
2024-08-12 15:17:20.476,21596,21600,21600,1,1
2024-08-12 15:17:20.575,21599,21601,21601,1,1
2024-08-12 15:17:20.664,21599,21602,21602,2,2
2024-08-12 15:17:20.692,21599,21602,21599,1,-1
2024-08-12 15:17:20.693,21599,21602,21598,3,-3
2024-08-12 15:17:20.693,21599,21602,21600,1,-1
2024-08-12 15:17:20.693,21599,21602,21599,1,-1
2024-08-12 15:17:20.838,21596,21600,21600,1,1
2024-08-12 15:17:21.030,21596,21600,21600,1,1
2024-08-12 15:17:21.227,21598,21602,21598,1,-1
2024-08-12 15:17:22.177,21598,21602,21598,3,-3
2024-08-12 15:17:22.471,21597,21600,21596,2,-2
2024-08-12 15:17:22.471,21597,21600,21597,2,-2
2024-08-12 15:17:22.518,21593,21597,21593,1,-1
2024-08-12 15:17:22.530,21593,21597,21593,1,-1
2024-08-12 15:17:22.740,21592,21596,21596,3,3
2024-08-12 15:17:22.741,21592,21596,21597,2,2
2024-08-12 15:17:22.950,21594,21597,21597,1,1
2024-08-12 15:17:23.931,21595,21599,21599,1,1
2024-08-12 15:17:23.931,21595,21599,21600,2,2
2024-08-12 15:17:23.933,21595,21599,21600,1,1
2024-08-12 15:17:24.173,21598,21602,21602,3,3
2024-08-12 15:17:24.174,21598,21602,21603,1,1
2024-08-12 15:17:24.175,21598,21602,21604,1,1
2024-08-12 15:17:24.226,21598,21602,21606,1,1
2024-08-12 15:17:25.112,21602,21605,21605,1,1
2024-08-12 15:17:25.292,21602,21605,21602,1,-1
2024-08-12 15:17:25.542,21602,21605,21602,1,-1
2024-08-12 15:17:25.543,21602,21605,21605,3,3
2024-08-12 15:17:25.678,21604,21606,21604,1,-1
2024-08-12 15:17:26.500,21599,21605,21601,1,-1
2024-08-12 15:17:26.742,21599,21603,21601,3,-3
2024-08-12 15:17:27.094,21599,21601,21599,1,-1
2024-08-12 15:17:27.135,21598,21600,21598,1,-1
2024-08-12 15:17:27.296,21597,21600,21600,1,1
2024-08-12 15:17:27.447,21598,21600,21598,1,-1
2024-08-12 15:17:27.492,21598,21600,21595,1,-1
2024-08-12 15:17:27.492,21598,21600,21596,1,-1
2024-08-12 15:17:27.492,21598,21600,21597,2,-2
2024-08-12 15:17:27.492,21598,21600,21598,1,-1
2024-08-12 15:17:27.548,21595,21599,21598,1,1
2024-08-12 15:17:27.647,21595,21598,21595,1,-1
2024-08-12 15:17:27.661,21595,21598,21598,1,1
2024-08-12 15:17:27.942,21594,21598,21598,1,1
2024-08-12 15:17:28.036,21594,21598,21594,1,-1
2024-08-12 15:17:28.036,21594,21598,21594,1,-1
2024-08-12 15:17:28.037,21594,21598,21593,1,-1
2024-08-12 15:17:28.038,21594,21598,21594,1,-1
2024-08-12 15:17:28.038,21594,21598,21592,1,-1
2024-08-12 15:17:28.039,21594,21598,21594,1,-1
2024-08-12 15:17:28.039,21594,21598,21594,1,-1
2024-08-12 15:17:28.039,21594,21598,21593,1,-1
2024-08-12 15:17:28.040,21594,21598,21595,1,-1
2024-08-12 15:17:28.040,21594,21598,21594,1,-1
2024-08-12 15:17:28.254,21596,21600,21596,1,-1
2024-08-12 15:17:28.255,21596,21600,21599,2,2
2024-08-12 15:17:29.175,21596,21598,21598,1,1
2024-08-12 15:17:29.567,21596,21600,21600,1,1
2024-08-12 15:17:29.567,21596,21600,21600,1,1
2024-08-12 15:17:29.711,21599,21601,21601,1,1
2024-08-12 15:17:29.798,21600,21601,21601,1,1
2024-08-12 15:17:30.023,21599,21601,21599,2,-2
2024-08-12 15:17:30.024,21599,21601,21599,3,-3
2024-08-12 15:17:30.523,21599,21601,21599,1,-1
2024-08-12 15:17:30.596,21599,21601,21601,1,1
2024-08-12 15:17:30.597,21599,21601,21601,2,2
2024-08-12 15:17:30.640,21601,21602,21602,1,1
2024-08-12 15:17:34.058,21598,21601,21598,1,-1
2024-08-12 15:17:34.547,21600,21602,21600,2,-2
2024-08-12 15:17:36.982,21601,21603,21601,2,-2
2024-08-12 15:17:37.183,21601,21603,21603,2,2
2024-08-12 15:17:37.183,21601,21603,21604,2,2
2024-08-12 15:17:37.183,21601,21603,21604,1,1
2024-08-12 15:17:37.506,21603,21606,21606,1,1
2024-08-12 15:17:37.868,21603,21606,21603,2,-2
2024-08-12 15:17:38.238,21603,21605,21603,1,-1
2024-08-12 15:17:38.238,21603,21605,21602,2,-2
2024-08-12 15:17:38.694,21603,21606,21607,2,2
2024-08-12 15:17:38.694,21603,21606,21606,1,1
2024-08-12 15:17:38.695,21603,21606,21607,1,1
2024-08-12 15:17:38.695,21603,21606,21608,1,1
2024-08-12 15:17:39.106,21607,21609,21607,1,-1
2024-08-12 15:17:39.186,21607,21609,21609,3,3
2024-08-12 15:17:39.229,21607,21609,21609,1,1
2024-08-12 15:17:39.229,21607,21609,21609,2,2
2024-08-12 15:17:39.229,21607,21609,21609,1,1
2024-08-12 15:17:39.230,21607,21609,21610,1,1
2024-08-12 15:17:39.230,21607,21609,21610,1,1
2024-08-12 15:17:40.499,21610,21613,21614,1,1
2024-08-12 15:17:40.499,21610,21613,21613,2,2
2024-08-12 15:17:40.574,21611,21614,21611,1,-1
2024-08-12 15:17:42.819,21611,21614,21611,1,-1
2024-08-12 15:17:43.532,21611,21613,21611,1,-1
2024-08-12 15:17:43.575,21611,21613,21612,1,-1
2024-08-12 15:17:43.583,21611,21613,21613,1,1
2024-08-12 15:17:43.624,21611,21613,21614,1,1
2024-08-12 15:17:44.521,21611,21614,21614,1,1
2024-08-12 15:17:44.747,21613,21615,21615,1,1
2024-08-12 15:17:45.102,21613,21615,21613,1,-1
2024-08-12 15:17:45.233,21611,21614,21611,1,-1
2024-08-12 15:17:46.297,21608,21613,21608,1,-1
2024-08-12 15:17:46.827,21608,21612,21608,1,-1
2024-08-12 15:17:47.480,21605,21607,21605,1,-1
2024-08-12 15:17:47.534,21603,21607,21607,1,1
2024-08-12 15:17:47.538,21603,21607,21607,1,1
2024-08-12 15:17:48.329,21605,21609,21609,1,1
2024-08-12 15:17:48.902,21606,21610,21606,3,-3
2024-08-12 15:17:48.902,21606,21610,21605,2,-2
2024-08-12 15:17:49.009,21605,21608,21605,1,-1
2024-08-12 15:17:49.022,21605,21608,21604,1,-1
2024-08-12 15:17:49.023,21605,21608,21603,1,-1
2024-08-12 15:17:49.256,21602,21605,21605,1,1
2024-08-12 15:17:49.433,21605,21609,21610,2,2
2024-08-12 15:17:50.139,21605,21609,21605,1,-1
2024-08-12 15:17:50.876,21606,21608,21605,1,-1
2024-08-12 15:17:51.007,21605,21607,21605,1,-1
2024-08-12 15:17:51.567,21603,21606,21603,1,-1
2024-08-12 15:17:51.568,21603,21606,21602,2,-2
2024-08-12 15:17:51.569,21603,21606,21601,2,-2
2024-08-12 15:17:51.570,21603,21606,21600,2,-2
2024-08-12 15:17:51.738,21599,21603,21599,2,-2
2024-08-12 15:17:51.738,21599,21603,21599,3,-3
2024-08-12 15:17:51.738,21599,21603,21599,2,-2
2024-08-12 15:17:51.739,21599,21603,21598,2,-2
2024-08-12 15:17:51.739,21599,21603,21598,2,-2
2024-08-12 15:17:51.740,21599,21603,21598,5,-5
2024-08-12 15:17:51.740,21599,21603,21598,2,-2
2024-08-12 15:17:51.796,21596,21598,21598,1,1
2024-08-12 15:17:51.799,21596,21598,21600,1,1
2024-08-12 15:17:51.881,21599,21601,21601,1,1
2024-08-12 15:17:52.102,21600,21603,21603,1,1
2024-08-12 15:17:52.958,21601,21603,21603,1,1
2024-08-12 15:17:52.959,21601,21603,21604,1,1
2024-08-12 15:17:52.973,21601,21603,21604,1,1
2024-08-12 15:17:53.726,21601,21604,21601,1,-1
2024-08-12 15:17:55.064,21598,21602,21602,3,3
2024-08-12 15:17:55.064,21598,21602,21603,2,2
2024-08-12 15:17:55.616,21599,21604,21604,1,1
2024-08-12 15:17:55.710,21599,21604,21599,1,-1
