2019-04-29 15:00:00.052,10942,10943,10939,147
2019-04-29 15:00:00.113,10938,10939,10938,1
2019-04-29 15:00:00.164,10938,10939,10937,4
2019-04-29 15:00:00.214,10937,10938,10938,4
2019-04-29 15:00:00.339,10938,10939,10939,5
2019-04-29 15:00:00.490,10938,10940,10940,6
2019-04-29 15:00:00.538,10938,10940,10940,1
2019-04-29 15:00:00.546,10938,10940,10940,1
2019-04-29 15:00:00.946,10938,10940,10940,4
2019-04-29 15:00:01.361,10939,10940,10940,2
2019-04-29 15:00:01.653,10939,10940,10940,1
2019-04-29 15:00:03.100,10937,10938,10937,1
2019-04-29 15:00:03.214,10937,10938,10937,7
2019-04-29 15:00:03.217,10937,10938,10937,3
2019-04-29 15:00:03.220,10937,10938,10937,3
2019-04-29 15:00:03.223,10937,10938,10937,2
2019-04-29 15:00:04.422,10936,10937,10937,4
2019-04-29 15:00:04.464,10936,10937,10937,2
2019-04-29 15:00:04.464,10936,10937,10937,2
2019-04-29 15:00:05.491,10937,10938,10938,5
2019-04-29 15:00:05.800,10937,10939,10938,1
2019-04-29 15:00:05.814,10937,10939,10937,1
2019-04-29 15:00:05.905,10937,10939,10937,2
2019-04-29 15:00:06.997,10938,10939,10939,1
2019-04-29 15:00:11.301,10938,10939,10938,1
2019-04-29 15:00:11.339,10938,10939,10938,1
2019-04-29 15:00:11.704,10938,10939,10938,1
2019-04-29 15:00:12.184,10937,10938,10937,2
2019-04-29 15:00:13.724,10937,10938,10938,2
2019-04-29 15:00:15.759,10937,10938,10938,4
2019-04-29 15:00:17.350,10937,10938,10938,1
2019-04-29 15:00:19.305,10937,10938,10937,2
2019-04-29 15:00:27.920,10936,10937,10936,1
2019-04-29 15:00:30.048,10936,10937,10936,2
2019-04-29 15:00:30.314,10936,10937,10936,1
2019-04-29 15:00:31.522,10936,10937,10936,2
2019-04-29 15:00:31.648,10936,10937,10936,1
2019-04-29 15:00:33.867,10936,10937,10936,1
2019-04-29 15:00:34.166,10936,10937,10936,1
2019-04-29 15:00:35.012,10936,10937,10936,2
2019-04-29 15:00:35.319,10936,10937,10936,1
2019-04-29 15:00:35.560,10936,10937,10936,4
2019-04-29 15:00:36.225,10936,10937,10936,2
2019-04-29 15:00:36.339,10936,10937,10936,9
2019-04-29 15:00:36.757,10935,10936,10935,7
2019-04-29 15:00:37.749,10934,10935,10934,1
2019-04-29 15:00:39.007,10934,10935,10934,6
2019-04-29 15:00:39.030,10934,10935,10935,1
2019-04-29 15:00:39.746,10934,10935,10934,1
2019-04-29 15:00:41.151,10934,10935,10934,1
2019-04-29 15:00:42.838,10934,10935,10934,2
2019-04-29 15:00:44.039,10934,10935,10934,1
2019-04-29 15:00:44.107,10934,10935,10934,3
2019-04-29 15:00:47.705,10934,10935,10934,1
2019-04-29 15:00:49.714,10934,10935,10935,3
2019-04-29 15:00:49.714,10934,10935,10935,5
2019-04-29 15:00:53.707,10934,10935,10935,2
2019-04-29 15:00:58.902,10934,10935,10935,1
2019-04-29 15:01:00.319,10934,10935,10935,2
2019-04-29 15:01:01.683,10934,10935,10935,2
2019-04-29 15:01:07.070,10934,10935,10935,4
2019-04-29 15:01:07.089,10934,10935,10935,12
2019-04-29 15:01:07.464,10935,10936,10936,1
2019-04-29 15:01:07.744,10936,10937,10937,1
2019-04-29 15:01:07.785,10936,10937,10936,3
2019-04-29 15:01:07.785,10936,10937,10935,1
2019-04-29 15:01:09.456,10936,10937,10936,1
2019-04-29 15:01:09.456,10936,10937,10935,4
2019-04-29 15:01:09.877,10936,10937,10936,1
2019-04-29 15:01:10.128,10936,10937,10936,1
2019-04-29 15:01:10.366,10935,10936,10935,2
2019-04-29 15:01:12.526,10935,10936,10936,1
2019-04-29 15:01:19.177,10935,10936,10936,1
2019-04-29 15:01:21.150,10935,10936,10936,1
2019-04-29 15:01:21.990,10936,10937,10936,2
2019-04-29 15:01:25.010,10936,10937,10936,2
2019-04-29 15:01:25.997,10936,10937,10936,2
2019-04-29 15:01:26.483,10936,10937,10937,1
2019-04-29 15:01:28.018,10936,10937,10936,1
2019-04-29 15:01:30.219,10936,10937,10936,1
2019-04-29 15:01:32.573,10936,10937,10936,2
2019-04-29 15:01:32.816,10936,10937,10936,1
2019-04-29 15:01:32.832,10936,10937,10936,1
2019-04-29 15:01:33.630,10936,10937,10936,1
2019-04-29 15:01:33.662,10936,10937,10935,1
2019-04-29 15:01:34.623,10935,10937,10935,2
2019-04-29 15:01:46.147,10936,10937,10936,1
2019-04-29 15:01:48.583,10936,10937,10936,2
2019-04-29 15:01:52.456,10936,10937,10936,1
2019-04-29 15:01:55.373,10936,10937,10936,2
2019-04-29 15:01:56.962,10936,10937,10937,1
2019-04-29 15:01:58.879,10936,10937,10937,2
2019-04-29 15:01:59.496,10936,10937,10936,3
2019-04-29 15:02:02.435,10936,10937,10937,1
2019-04-29 15:02:03.150,10936,10937,10937,4
2019-04-29 15:02:03.230,10936,10937,10937,1
2019-04-29 15:02:03.320,10936,10937,10937,1
2019-04-29 15:02:08.984,10936,10937,10937,2
2019-04-29 15:02:10.892,10936,10937,10937,1
2019-04-29 15:02:11.950,10936,10937,10936,1
2019-04-29 15:02:12.449,10936,10937,10937,2
2019-04-29 15:02:16.679,10936,10937,10936,2
2019-04-29 15:02:18.211,10936,10937,10936,1
2019-04-29 15:02:19.319,10936,10937,10936,1
2019-04-29 15:02:22.490,10936,10937,10936,1
2019-04-29 15:02:22.909,10936,10937,10936,1
2019-04-29 15:02:23.239,10936,10937,10936,1
2019-04-29 15:02:23.290,10936,10937,10936,4
2019-04-29 15:02:25.208,10935,10936,10936,1
2019-04-29 15:02:32.792,10935,10936,10936,2
2019-04-29 15:02:44.433,10935,10936,10936,1
2019-04-29 15:02:47.436,10935,10936,10936,15
2019-04-29 15:02:47.803,10935,10936,10936,1
2019-04-29 15:03:08.469,10935,10936,10936,1
2019-04-29 15:03:21.055,10935,10936,10936,10
2019-04-29 15:03:23.466,10935,10936,10936,1
2019-04-29 15:03:28.214,10935,10936,10936,4
2019-04-29 15:03:28.214,10935,10936,10936,1
2019-04-29 15:03:28.464,10936,10937,10937,4
2019-04-29 15:03:28.485,10936,10937,10937,1
2019-04-29 15:03:46.478,10936,10937,10937,4
2019-04-29 15:03:46.937,10936,10937,10937,1
2019-04-29 15:03:55.462,10936,10937,10937,1
2019-04-29 15:04:24.244,10936,10937,10936,4
2019-04-29 15:04:24.339,10936,10937,10936,1
2019-04-29 15:04:25.931,10936,10937,10936,1
2019-04-29 15:04:25.931,10936,10937,10936,1
2019-04-29 15:04:25.966,10936,10937,10936,1
2019-04-29 15:04:26.341,10936,10937,10936,1
2019-04-29 15:04:57.474,10935,10936,10936,2
2019-04-29 15:05:03.069,10935,10936,10935,2
2019-04-29 15:05:04.760,10935,10936,10935,1
2019-04-29 15:05:05.715,10935,10936,10936,1
2019-04-29 15:05:08.155,10935,10936,10935,6
2019-04-29 15:05:10.964,10935,10936,10935,8
2019-04-29 15:05:12.078,10934,10935,10934,4
2019-04-29 15:05:12.281,10934,10935,10935,2
2019-04-29 15:05:17.901,10934,10935,10934,2
2019-04-29 15:05:18.864,10934,10935,10934,1
2019-04-29 15:05:19.358,10934,10935,10934,7
2019-04-29 15:05:22.812,10934,10935,10934,6
2019-04-29 15:05:23.352,10933,10934,10934,4
2019-04-29 15:05:36.951,10933,10934,10934,2
2019-04-29 15:05:52.598,10933,10934,10933,1
2019-04-29 15:05:53.244,10933,10934,10934,2
2019-04-29 15:06:02.220,10933,10934,10934,1
2019-04-29 15:06:05.107,10933,10934,10934,1
2019-04-29 15:06:11.935,10933,10934,10934,1
2019-04-29 15:06:21.192,10933,10934,10934,1
2019-04-29 15:06:21.495,10933,10934,10934,4
2019-04-29 15:06:39.061,10933,10934,10933,1
2019-04-29 15:06:53.739,10933,10934,10934,2
2019-04-29 15:06:57.927,10933,10934,10933,1
2019-04-29 15:07:00.430,10933,10934,10934,1
2019-04-29 15:07:02.476,10933,10934,10934,2
2019-04-29 15:07:02.725,10933,10934,10933,1
2019-04-29 15:07:02.960,10933,10934,10934,4
2019-04-29 15:07:03.149,10933,10934,10934,1
2019-04-29 15:07:10.021,10934,10935,10935,1
2019-04-29 15:07:10.646,10934,10935,10934,2
2019-04-29 15:07:13.871,10934,10935,10934,1
2019-04-29 15:07:36.425,10934,10935,10934,5
2019-04-29 15:07:41.735,10934,10935,10934,1
2019-04-29 15:07:59.239,10934,10935,10935,1
2019-04-29 15:07:59.341,10934,10935,10935,8
2019-04-29 15:08:03.062,10934,10935,10935,6
2019-04-29 15:08:04.524,10934,10935,10935,1
2019-04-29 15:08:05.548,10934,10935,10935,1
2019-04-29 15:08:06.175,10934,10935,10935,1
2019-04-29 15:08:16.498,10934,10935,10935,2
2019-04-29 15:08:18.407,10934,10935,10935,1
2019-04-29 15:08:36.719,10934,10935,10935,1
2019-04-29 15:08:42.615,10934,10935,10935,1
2019-04-29 15:08:42.684,10934,10935,10935,2
2019-04-29 15:08:46.859,10934,10935,10935,1
2019-04-29 15:09:12.289,10934,10935,10935,1
2019-04-29 15:09:35.408,10934,10935,10935,13
2019-04-29 15:09:35.668,10935,10936,10935,2
2019-04-29 15:09:35.675,10935,10936,10935,1
2019-04-29 15:09:47.796,10935,10936,10935,1
2019-04-29 15:09:49.356,10935,10936,10935,20
2019-04-29 15:09:49.638,10934,10936,10935,1
2019-04-29 15:10:02.063,10934,10935,10934,1
2019-04-29 15:10:08.527,10934,10935,10935,5
2019-04-29 15:10:10.474,10935,10936,10935,1
2019-04-29 15:10:13.126,10934,10936,10934,1
2019-04-29 15:10:33.808,10934,10935,10934,1
2019-04-29 15:10:35.765,10934,10935,10935,1
2019-04-29 15:10:42.633,10934,10935,10934,1
2019-04-29 15:10:54.339,10934,10935,10935,8
2019-04-29 15:10:56.438,10935,10936,10935,1
2019-04-29 15:10:56.493,10935,10936,10935,1
2019-04-29 15:11:02.383,10935,10936,10936,10
2019-04-29 15:11:14.231,10935,10936,10936,1
2019-04-29 15:11:18.033,10935,10936,10936,2
2019-04-29 15:11:18.034,10935,10936,10936,1
2019-04-29 15:11:18.034,10935,10936,10936,1
2019-04-29 15:11:18.034,10935,10936,10936,7
2019-04-29 15:11:18.290,10936,10937,10936,2
2019-04-29 15:11:22.505,10936,10937,10937,1
2019-04-29 15:11:28.228,10936,10937,10937,14
2019-04-29 15:11:28.485,10937,10938,10937,1
2019-04-29 15:11:28.538,10937,10938,10937,5
2019-04-29 15:11:28.667,10937,10938,10937,5
2019-04-29 15:11:28.791,10937,10938,10937,5
2019-04-29 15:11:36.210,10937,10938,10937,1
2019-04-29 15:11:37.220,10937,10938,10937,1
2019-04-29 15:11:40.092,10937,10938,10937,1
2019-04-29 15:11:43.293,10937,10938,10938,3
2019-04-29 15:11:50.120,10937,10938,10937,1
2019-04-29 15:12:00.036,10937,10938,10938,1
2019-04-29 15:12:01.888,10937,10938,10938,5
2019-04-29 15:12:01.933,10937,10938,10938,2
2019-04-29 15:12:01.936,10937,10938,10938,1
2019-04-29 15:12:01.964,10937,10938,10938,2
2019-04-29 15:12:01.964,10937,10938,10938,2
2019-04-29 15:12:01.964,10937,10938,10938,8
2019-04-29 15:12:02.462,10938,10939,10939,1
2019-04-29 15:12:02.507,10938,10939,10939,1
2019-04-29 15:12:02.620,10938,10939,10938,15
2019-04-29 15:12:03.336,10938,10939,10939,2
2019-04-29 15:12:03.542,10938,10939,10938,1
2019-04-29 15:12:04.135,10938,10939,10939,1
2019-04-29 15:12:04.956,10938,10939,10939,1
2019-04-29 15:12:05.006,10938,10939,10939,2
2019-04-29 15:12:06.628,10938,10939,10938,2
2019-04-29 15:12:15.543,10938,10939,10939,1
2019-04-29 15:12:15.786,10938,10939,10939,1
2019-04-29 15:12:16.000,10938,10939,10939,1
2019-04-29 15:12:16.029,10938,10939,10939,1
2019-04-29 15:12:16.750,10938,10939,10939,1
2019-04-29 15:12:16.841,10938,10939,10939,2
2019-04-29 15:12:20.923,10939,10940,10940,1
2019-04-29 15:12:23.002,10939,10940,10940,2
2019-04-29 15:12:23.214,10939,10940,10939,1
2019-04-29 15:12:23.214,10939,10940,10939,1
2019-04-29 15:12:24.689,10939,10940,10939,1
2019-04-29 15:12:25.549,10939,10940,10939,2
2019-04-29 15:12:29.860,10938,10939,10939,2
2019-04-29 15:12:31.824,10938,10939,10939,1
2019-04-29 15:12:38.456,10938,10939,10938,26
2019-04-29 15:12:39.461,10937,10938,10937,1
2019-04-29 15:12:39.527,10937,10938,10937,2
2019-04-29 15:12:39.630,10937,10938,10938,5
2019-04-29 15:12:39.677,10937,10938,10937,1
2019-04-29 15:12:40.726,10937,10938,10937,2
2019-04-29 15:12:40.775,10937,10938,10938,3
2019-04-29 15:12:40.828,10937,10938,10937,1
2019-04-29 15:12:40.938,10937,10938,10937,3
2019-04-29 15:12:41.157,10937,10938,10937,1
2019-04-29 15:12:41.260,10937,10938,10937,2
2019-04-29 15:12:42.382,10936,10937,10937,1
2019-04-29 15:12:44.416,10936,10937,10937,4
2019-04-29 15:12:51.028,10937,10938,10937,1
2019-04-29 15:12:53.834,10937,10938,10937,1
2019-04-29 15:12:54.233,10937,10938,10937,1
2019-04-29 15:12:54.484,10937,10938,10937,1
2019-04-29 15:12:54.848,10937,10938,10937,1
2019-04-29 15:13:00.744,10937,10938,10938,9
2019-04-29 15:13:00.863,10937,10939,10939,2
2019-04-29 15:13:00.962,10937,10939,10939,2
2019-04-29 15:13:07.722,10938,10939,10939,1
2019-04-29 15:13:10.318,10938,10939,10938,1
2019-04-29 15:13:15.454,10937,10939,10939,3
2019-04-29 15:13:15.666,10938,10939,10938,1
2019-04-29 15:13:33.714,10938,10939,10939,4
2019-04-29 15:13:33.714,10938,10939,10939,4
2019-04-29 15:13:33.714,10938,10939,10939,5
2019-04-29 15:13:33.715,10938,10939,10939,7
2019-04-29 15:13:36.324,10939,10940,10939,1
2019-04-29 15:13:45.450,10939,10940,10939,2
2019-04-29 15:13:46.800,10939,10940,10939,12
2019-04-29 15:13:46.800,10939,10940,10939,8
2019-04-29 15:13:46.800,10939,10940,10939,2
2019-04-29 15:13:46.800,10939,10940,10939,3
2019-04-29 15:13:46.800,10939,10940,10939,3
2019-04-29 15:13:52.457,10938,10939,10939,3
2019-04-29 15:13:52.939,10939,10940,10939,1
2019-04-29 15:13:56.496,10939,10940,10939,2
2019-04-29 15:13:58.716,10939,10940,10939,1
2019-04-29 15:14:02.721,10939,10940,10940,1
2019-04-29 15:14:03.379,10939,10940,10940,1
2019-04-29 15:14:15.031,10939,10940,10939,1
2019-04-29 15:14:17.921,10939,10940,10939,1
2019-04-29 15:14:24.744,10939,10940,10939,6
2019-04-29 15:14:24.744,10939,10940,10939,6
2019-04-29 15:14:24.744,10939,10940,10939,7
2019-04-29 15:14:24.744,10939,10940,10939,7
2019-04-29 15:14:25.512,10938,10939,10939,1
2019-04-29 15:14:27.834,10938,10939,10939,1
2019-04-29 15:14:30.161,10938,10939,10939,1
2019-04-29 15:14:34.827,10938,10939,10939,1
2019-04-29 15:14:34.882,10939,10940,10939,1
2019-04-29 15:14:34.883,10939,10940,10939,1
2019-04-29 15:14:35.884,10939,10940,10939,1
2019-04-29 15:14:44.588,10939,10940,10940,1
2019-04-29 15:14:56.454,10939,10940,10940,1
2019-04-29 15:15:00.130,10939,10940,10939,1
2019-04-29 15:15:07.555,10939,10940,10939,1
2019-04-29 15:15:07.555,10939,10940,10939,1
2019-04-29 15:15:07.556,10939,10940,10939,1
2019-04-29 15:15:07.871,10938,10939,10939,1
2019-04-29 15:15:07.883,10938,10939,10939,1
2019-04-29 15:15:08.166,10938,10940,10940,2
2019-04-29 15:15:09.026,10938,10939,10938,1
2019-04-29 15:15:11.718,10938,10939,10938,1
2019-04-29 15:15:12.417,10938,10939,10938,1
2019-04-29 15:15:12.725,10938,10939,10938,1
2019-04-29 15:15:17.621,10937,10938,10937,1
2019-04-29 15:15:17.951,10937,10938,10937,1
2019-04-29 15:15:22.726,10937,10938,10937,1
2019-04-29 15:15:22.793,10937,10938,10937,1
2019-04-29 15:15:30.978,10937,10938,10937,1
2019-04-29 15:15:32.392,10937,10938,10937,2
2019-04-29 15:15:32.863,10937,10938,10937,5
2019-04-29 15:15:35.780,10936,10937,10936,1
2019-04-29 15:15:37.039,10936,10937,10936,1
2019-04-29 15:15:47.079,10936,10937,10937,3
2019-04-29 15:16:01.300,10936,10937,10937,3
2019-04-29 15:16:01.559,10937,10938,10937,2
2019-04-29 15:16:13.339,10937,10938,10937,1
2019-04-29 15:16:13.687,10937,10938,10937,1
2019-04-29 15:16:25.082,10936,10937,10936,1
2019-04-29 15:16:45.219,10936,10937,10937,1
2019-04-29 15:16:57.141,10936,10937,10936,4
2019-04-29 15:16:57.214,10936,10937,10936,10
2019-04-29 15:17:02.821,10935,10936,10935,1
2019-04-29 15:17:03.402,10935,10936,10935,1
2019-04-29 15:17:14.476,10935,10936,10935,1
2019-04-29 15:17:22.889,10935,10936,10936,1
2019-04-29 15:17:22.964,10935,10936,10936,2
2019-04-29 15:17:23.089,10935,10936,10936,1
2019-04-29 15:17:24.223,10935,10937,10935,1
2019-04-29 15:17:28.288,10935,10936,10936,1
2019-04-29 15:17:32.284,10935,10936,10936,1
2019-04-29 15:17:32.570,10935,10936,10936,1
2019-04-29 15:17:34.145,10935,10936,10936,1
2019-04-29 15:17:52.347,10935,10936,10935,1
2019-04-29 15:17:52.939,10935,10936,10936,1
2019-04-29 15:18:14.089,10935,10936,10935,1
2019-04-29 15:18:14.089,10935,10936,10935,2
2019-04-29 15:18:14.089,10935,10936,10935,1
2019-04-29 15:18:14.150,10935,10936,10935,1
2019-04-29 15:18:14.151,10935,10936,10935,1
2019-04-29 15:18:14.151,10935,10936,10935,2
2019-04-29 15:18:14.151,10935,10936,10935,1
2019-04-29 15:18:14.151,10935,10936,10935,3
2019-04-29 15:18:14.152,10935,10936,10935,1
2019-04-29 15:18:14.152,10935,10936,10935,1
2019-04-29 15:18:14.152,10935,10936,10935,1
2019-04-29 15:18:14.152,10935,10936,10935,6
2019-04-29 15:18:14.214,10935,10936,10935,4
2019-04-29 15:18:14.214,10935,10936,10935,4
2019-04-29 15:18:14.996,10934,10935,10935,1
2019-04-29 15:18:18.422,10934,10935,10934,1
2019-04-29 15:18:18.847,10934,10935,10934,2
2019-04-29 15:18:21.851,10934,10935,10934,1
2019-04-29 15:18:24.552,10934,10935,10935,1
2019-04-29 15:18:26.892,10934,10935,10935,3
2019-04-29 15:18:37.336,10934,10935,10935,1
2019-04-29 15:18:46.170,10934,10935,10935,2
2019-04-29 15:18:48.789,10934,10935,10935,1
2019-04-29 15:18:50.343,10934,10935,10935,1
2019-04-29 15:19:01.445,10934,10935,10935,2
2019-04-29 15:19:27.830,10934,10935,10935,2
2019-04-29 15:19:30.176,10934,10935,10935,22
2019-04-29 15:19:30.434,10935,10936,10935,2
2019-04-29 15:19:30.515,10935,10936,10936,1
2019-04-29 15:19:30.583,10935,10936,10936,2
2019-04-29 15:19:32.253,10935,10936,10936,1
2019-04-29 15:19:42.772,10935,10936,10936,1
2019-04-29 15:19:44.883,10935,10936,10936,1
2019-04-29 15:19:49.793,10935,10936,10936,1
2019-04-29 15:19:51.062,10935,10936,10936,1
2019-04-29 15:19:58.758,10935,10936,10936,1
2019-04-29 15:20:54.191,10935,10936,10936,1
2019-04-29 15:20:57.134,10935,10936,10935,3
2019-04-29 15:21:19.063,10935,10936,10935,11
2019-04-29 15:22:27.301,10934,10935,10935,1
2019-04-29 15:22:32.839,10934,10935,10934,8
2019-04-29 15:22:32.964,10934,10935,10934,13
2019-04-29 15:22:32.964,10934,10935,10934,1
2019-04-29 15:22:43.428,10933,10934,10934,1
2019-04-29 15:22:44.476,10933,10934,10934,5
2019-04-29 15:22:51.273,10933,10934,10934,2
2019-04-29 15:22:56.597,10934,10935,10934,1
2019-04-29 15:23:02.908,10934,10935,10934,1
2019-04-29 15:23:03.568,10934,10935,10934,1
2019-04-29 15:23:03.784,10933,10934,10934,1
2019-04-29 15:23:03.939,10933,10934,10934,1
2019-04-29 15:23:05.669,10933,10935,10933,1
2019-04-29 15:23:06.792,10933,10935,10933,1
2019-04-29 15:23:13.763,10934,10935,10934,1
2019-04-29 15:23:30.641,10934,10935,10934,1
2019-04-29 15:23:34.300,10934,10935,10935,1
2019-04-29 15:23:47.199,10934,10935,10935,1
2019-04-29 15:24:12.650,10934,10935,10934,1
2019-04-29 15:24:27.039,10934,10935,10934,4
2019-04-29 15:24:41.010,10934,10935,10934,1
2019-04-29 15:25:05.353,10934,10935,10934,1
2019-04-29 15:25:05.872,10934,10935,10935,1
2019-04-29 15:25:05.927,10934,10935,10934,1
2019-04-29 15:25:11.308,10934,10935,10934,1
2019-04-29 15:25:26.089,10934,10935,10935,1
2019-04-29 15:25:26.089,10934,10935,10935,4
2019-04-29 15:25:26.089,10934,10935,10935,14
2019-04-29 15:25:26.250,10935,10936,10936,4
2019-04-29 15:25:26.967,10935,10936,10936,2
2019-04-29 15:25:27.264,10935,10937,10935,1
2019-04-29 15:25:29.716,10935,10936,10936,1
2019-04-29 15:25:29.793,10935,10936,10936,1
2019-04-29 15:25:30.058,10935,10936,10936,3
2019-04-29 15:25:40.922,10936,10937,10936,1
2019-04-29 15:25:40.964,10936,10937,10936,1
2019-04-29 15:26:00.220,10935,10936,10935,1
2019-04-29 15:26:10.063,10934,10935,10935,1
2019-04-29 15:26:27.214,10934,10935,10934,1
2019-04-29 15:26:27.214,10934,10935,10934,2
2019-04-29 15:26:27.214,10934,10935,10934,1
2019-04-29 15:26:27.214,10934,10935,10934,4
2019-04-29 15:26:27.214,10934,10935,10934,1
2019-04-29 15:26:27.214,10934,10935,10934,3
2019-04-29 15:26:35.268,10933,10934,10934,2
2019-04-29 15:26:46.752,10933,10934,10934,1
2019-04-29 15:27:12.306,10934,10935,10934,1
2019-04-29 15:27:32.888,10934,10935,10934,3
2019-04-29 15:28:43.163,10934,10935,10934,1
2019-04-29 15:29:03.248,10934,10935,10935,2
2019-04-29 15:29:04.405,10934,10935,10935,1
2019-04-29 15:29:16.755,10934,10935,10935,2
2019-04-29 15:29:16.839,10934,10935,10935,4
2019-04-29 15:29:20.088,10935,10936,10935,2
2019-04-29 15:29:20.088,10935,10936,10934,1
2019-04-29 15:30:02.912,10935,10936,10936,4
2019-04-29 15:30:02.912,10935,10936,10936,1
2019-04-29 15:30:03.548,10936,10937,10937,4
2019-04-29 15:30:03.684,10936,10937,10937,1
2019-04-29 15:30:04.361,10936,10937,10937,1
2019-04-29 15:30:04.408,10936,10937,10937,1
2019-04-29 15:30:16.727,10936,10937,10936,1
2019-04-29 15:30:19.991,10936,10937,10937,1
2019-04-29 15:31:08.546,10936,10937,10936,4
2019-04-29 15:31:34.494,10936,10937,10936,4
2019-04-29 15:31:44.069,10935,10936,10936,1
2019-04-29 15:32:03.177,10935,10936,10935,1
2019-04-29 15:32:15.924,10935,10936,10936,1
2019-04-29 15:32:17.948,10935,10936,10936,1
2019-04-29 15:32:26.944,10935,10936,10936,5
2019-04-29 15:32:31.307,10935,10936,10936,1
2019-04-29 15:32:31.615,10935,10936,10936,1
2019-04-29 15:32:32.050,10935,10936,10936,1
2019-04-29 15:32:35.708,10935,10936,10936,1
2019-04-29 15:32:49.431,10935,10936,10936,1
2019-04-29 15:33:03.699,10935,10936,10936,1
2019-04-29 15:34:40.451,10935,10936,10936,1
2019-04-29 15:34:45.032,10935,10936,10936,1
2019-04-29 15:34:55.594,10935,10936,10936,1
2019-04-29 15:34:58.676,10935,10936,10936,1
2019-04-29 15:35:31.614,10936,10937,10936,1
2019-04-29 15:35:44.528,10936,10937,10937,1
2019-04-29 15:36:02.084,10936,10937,10936,1
2019-04-29 15:36:27.511,10936,10937,10936,1
2019-04-29 15:37:14.665,10936,10937,10936,2
2019-04-29 15:37:19.538,10936,10937,10936,2
2019-04-29 15:37:36.881,10936,10937,10936,1
2019-04-29 15:37:43.565,10936,10937,10937,2
2019-04-29 15:37:43.767,10936,10937,10936,1
2019-04-29 15:37:44.010,10936,10937,10936,1
2019-04-29 15:37:44.270,10936,10937,10936,1
2019-04-29 15:37:45.034,10936,10937,10936,1
2019-04-29 15:37:51.839,10936,10937,10937,1
2019-04-29 15:37:51.839,10936,10937,10937,1
2019-04-29 15:37:51.839,10936,10937,10937,1
2019-04-29 15:37:51.839,10936,10937,10937,1
2019-04-29 15:37:51.839,10936,10937,10937,1
2019-04-29 15:37:51.840,10936,10937,10937,5
2019-04-29 15:37:51.840,10936,10937,10937,3
2019-04-29 15:37:51.964,10936,10937,10937,17
2019-04-29 15:37:51.964,10936,10937,10937,7
2019-04-29 15:38:28.096,10937,10938,10937,2
2019-04-29 15:38:28.096,10937,10938,10937,2
2019-04-29 15:38:28.096,10937,10938,10937,2
2019-04-29 15:38:28.096,10937,10938,10937,2
2019-04-29 15:38:28.214,10936,10937,10937,2
2019-04-29 15:38:45.448,10937,10938,10937,10
2019-04-29 15:39:01.403,10937,10938,10937,7
2019-04-29 15:39:10.837,10936,10937,10937,1
2019-04-29 15:39:11.142,10936,10937,10937,1
2019-04-29 15:39:11.521,10936,10937,10937,1
2019-04-29 15:39:12.755,10936,10937,10937,2
2019-04-29 15:39:15.149,10936,10937,10937,1
2019-04-29 15:39:16.211,10937,10938,10937,2
2019-04-29 15:39:18.869,10936,10937,10937,1
2019-04-29 15:39:24.098,10937,10938,10938,2
2019-04-29 15:39:53.510,10937,10938,10938,1
2019-04-29 15:40:23.061,10937,10938,10938,1
2019-04-29 15:40:23.530,10937,10938,10937,3
2019-04-29 15:41:10.964,10937,10938,10938,28
2019-04-29 15:41:11.170,10937,10939,10939,1
2019-04-29 15:41:11.332,10938,10939,10939,1
2019-04-29 15:41:16.214,10938,10939,10939,1
2019-04-29 15:41:16.419,10938,10939,10939,1
2019-04-29 15:41:17.414,10938,10939,10938,2
2019-04-29 15:41:20.140,10938,10939,10938,2
2019-04-29 15:41:20.444,10938,10939,10939,1
2019-04-29 15:41:22.329,10938,10939,10939,1
2019-04-29 15:41:24.167,10938,10939,10939,1
2019-04-29 15:41:36.148,10938,10939,10939,1
2019-04-29 15:41:46.298,10938,10939,10938,1
2019-04-29 15:41:46.298,10938,10939,10938,6
2019-04-29 15:41:46.298,10938,10939,10938,2
2019-04-29 15:41:46.298,10938,10939,10938,3
2019-04-29 15:41:46.298,10938,10939,10938,7
2019-04-29 15:41:46.413,10937,10938,10938,1
2019-04-29 15:41:52.428,10937,10938,10938,1
2019-04-29 15:41:58.393,10937,10938,10938,2
2019-04-29 15:41:58.393,10937,10938,10938,4
2019-04-29 15:41:58.393,10937,10938,10938,2
2019-04-29 15:41:58.434,10937,10938,10939,1
2019-04-29 15:41:58.559,10938,10939,10939,10
2019-04-29 15:42:00.151,10938,10939,10939,4
2019-04-29 15:42:00.325,10938,10939,10939,2
2019-04-29 15:42:09.236,10938,10939,10939,1
2019-04-29 15:42:10.420,10938,10939,10939,1
2019-04-29 15:42:17.435,10938,10939,10939,4
2019-04-29 15:42:17.802,10938,10939,10938,2
2019-04-29 15:42:19.737,10938,10939,10938,1
2019-04-29 15:42:21.955,10938,10939,10939,2
2019-04-29 15:42:46.852,10938,10939,10939,1
2019-04-29 15:42:47.286,10938,10939,10939,1
2019-04-29 15:42:47.299,10938,10939,10939,1
2019-04-29 15:42:59.470,10938,10939,10939,1
2019-04-29 15:43:06.146,10938,10939,10938,3
2019-04-29 15:43:10.459,10938,10939,10938,2
2019-04-29 15:43:17.813,10938,10939,10938,2
2019-04-29 15:43:21.439,10938,10939,10938,1
2019-04-29 15:43:43.896,10938,10939,10938,2
2019-04-29 15:44:05.505,10938,10939,10939,4
2019-04-29 15:44:27.537,10938,10939,10939,1
2019-04-29 15:45:13.253,10938,10939,10939,1
2019-04-29 15:45:16.448,10938,10939,10938,1
2019-04-29 15:45:19.516,10938,10939,10938,1
2019-04-29 15:45:39.002,10938,10939,10938,1
2019-04-29 15:45:56.208,10938,10939,10939,1
2019-04-29 15:45:56.294,10938,10939,10939,2
2019-04-29 15:45:56.305,10938,10939,10939,2
2019-04-29 15:45:56.326,10938,10939,10939,2
2019-04-29 15:45:56.336,10938,10939,10939,2
2019-04-29 15:45:56.339,10938,10939,10939,1
2019-04-29 15:45:56.367,10938,10939,10939,10
2019-04-29 15:45:56.464,10938,10939,10939,14
2019-04-29 15:45:56.464,10938,10939,10939,1
2019-04-29 15:45:56.589,10938,10939,10939,8
2019-04-29 15:45:56.803,10938,10939,10939,1
2019-04-29 15:46:02.856,10939,10940,10940,1
2019-04-29 15:46:02.857,10939,10940,10940,1
2019-04-29 15:46:02.858,10939,10940,10940,1
2019-04-29 15:46:02.860,10939,10940,10940,1
2019-04-29 15:46:03.418,10939,10940,10940,2
2019-04-29 15:46:03.822,10939,10940,10939,1
2019-04-29 15:46:04.111,10939,10940,10940,2
2019-04-29 15:46:04.124,10939,10940,10940,1
2019-04-29 15:46:08.687,10939,10940,10940,5
2019-04-29 15:46:12.248,10939,10940,10939,5
2019-04-29 15:46:12.796,10939,10940,10939,5
2019-04-29 15:46:13.325,10939,10940,10939,5
2019-04-29 15:46:13.504,10938,10940,10940,1
2019-04-29 15:46:17.021,10938,10939,10939,1
2019-04-29 15:46:18.085,10939,10940,10940,3
2019-04-29 15:46:18.543,10939,10940,10939,2
2019-04-29 15:46:26.767,10939,10940,10939,1
2019-04-29 15:46:33.806,10939,10940,10939,18
2019-04-29 15:46:39.248,10938,10939,10939,2
2019-04-29 15:46:43.776,10938,10939,10939,2
2019-04-29 15:46:44.625,10938,10939,10939,2
2019-04-29 15:46:46.917,10938,10939,10939,1
2019-04-29 15:46:48.508,10938,10939,10938,1
2019-04-29 15:47:11.141,10938,10939,10938,1
2019-04-29 15:47:12.978,10938,10939,10938,2
2019-04-29 15:47:26.113,10938,10939,10938,2
2019-04-29 15:47:33.130,10938,10939,10938,1
2019-04-29 15:47:48.922,10938,10939,10938,1
2019-04-29 15:47:53.996,10938,10939,10938,1
2019-04-29 15:49:58.272,10938,10939,10938,3
2019-04-29 15:50:00.241,10938,10939,10938,1
2019-04-29 15:50:00.242,10938,10939,10938,4
2019-04-29 15:50:00.242,10938,10939,10938,9
2019-04-29 15:50:01.205,10937,10938,10938,2
2019-04-29 15:50:03.892,10937,10938,10938,1
2019-04-29 15:50:13.155,10937,10938,10938,1
2019-04-29 15:50:40.966,10938,10939,10939,21
2019-04-29 15:50:53.531,10938,10939,10939,4
2019-04-29 15:50:53.540,10938,10939,10939,4
2019-04-29 15:50:53.573,10938,10939,10939,4
2019-04-29 15:50:53.583,10938,10939,10939,5
2019-04-29 15:50:53.583,10938,10939,10939,4
2019-04-29 15:50:53.583,10938,10939,10939,1
2019-04-29 15:50:53.583,10938,10939,10939,4
2019-04-29 15:50:53.583,10938,10939,10939,1
2019-04-29 15:50:53.584,10938,10939,10939,1
2019-04-29 15:50:53.584,10938,10939,10939,4
2019-04-29 15:50:53.584,10938,10939,10939,1
2019-04-29 15:50:53.584,10938,10939,10939,3
2019-04-29 15:50:53.589,10938,10939,10939,12
2019-04-29 15:50:53.589,10938,10939,10939,3
2019-04-29 15:50:53.589,10938,10939,10939,1
2019-04-29 15:50:53.589,10938,10939,10939,3
2019-04-29 15:50:53.589,10938,10939,10939,4
2019-04-29 15:50:53.589,10938,10939,10939,1
2019-04-29 15:50:53.613,10938,10939,10940,2
2019-04-29 15:50:54.206,10939,10940,10939,1
2019-04-29 15:50:55.985,10939,10940,10940,1
2019-04-29 15:51:03.722,10939,10940,10939,5
2019-04-29 15:51:07.550,10939,10940,10940,1
2019-04-29 15:51:13.818,10939,10940,10939,2
2019-04-29 15:51:13.818,10939,10940,10939,2
2019-04-29 15:51:13.818,10939,10940,10939,2
2019-04-29 15:51:14.290,10938,10939,10939,2
2019-04-29 15:51:20.584,10938,10939,10939,1
2019-04-29 15:51:26.471,10938,10939,10939,3
2019-04-29 15:51:26.471,10938,10939,10940,4
2019-04-29 15:51:33.411,10939,10940,10940,2
2019-04-29 15:51:35.569,10939,10940,10940,4
2019-04-29 15:51:48.816,10939,10940,10939,1
2019-04-29 15:51:51.910,10939,10940,10940,1
2019-04-29 15:52:00.270,10939,10940,10940,4
2019-04-29 15:52:38.188,10939,10940,10940,2
2019-04-29 15:52:38.521,10939,10940,10940,1
2019-04-29 15:53:10.014,10939,10940,10940,1
2019-04-29 15:53:24.743,10939,10940,10939,1
2019-04-29 15:53:39.214,10939,10940,10940,1
2019-04-29 15:53:42.876,10939,10940,10940,1
2019-04-29 15:54:41.613,10939,10940,10940,2
2019-04-29 15:54:43.525,10939,10940,10940,1
2019-04-29 15:54:45.995,10939,10940,10939,3
2019-04-29 15:55:22.695,10939,10940,10939,1
2019-04-29 15:55:27.394,10939,10940,10939,1
2019-04-29 15:55:41.042,10939,10940,10940,5
2019-04-29 15:55:42.307,10939,10940,10939,8
2019-04-29 15:55:42.307,10939,10940,10939,1
2019-04-29 15:55:42.307,10939,10940,10939,1
2019-04-29 15:55:42.307,10939,10940,10939,6
2019-04-29 15:55:42.307,10939,10940,10939,1
2019-04-29 15:55:45.621,10938,10939,10939,1
2019-04-29 15:55:48.910,10938,10939,10939,1
2019-04-29 15:55:49.330,10938,10939,10939,1
2019-04-29 15:55:54.613,10938,10939,10939,1
2019-04-29 15:56:01.628,10939,10940,10939,1
2019-04-29 15:56:06.818,10939,10940,10939,1
2019-04-29 15:56:21.813,10939,10940,10939,1
2019-04-29 15:56:24.714,10939,10940,10939,1
2019-04-29 15:56:24.839,10939,10940,10939,1
2019-04-29 15:56:26.331,10939,10940,10939,1
2019-04-29 15:56:26.331,10939,10940,10939,1
2019-04-29 15:56:46.626,10938,10939,10939,1
2019-04-29 15:56:51.803,10938,10939,10939,1
2019-04-29 15:56:55.066,10938,10939,10939,1
2019-04-29 15:57:01.317,10938,10939,10939,1
2019-04-29 15:57:04.061,10938,10939,10939,1
2019-04-29 15:57:14.124,10938,10939,10939,2
2019-04-29 15:57:22.322,10938,10939,10938,1
2019-04-29 15:58:03.746,10938,10939,10938,1
2019-04-29 15:58:09.316,10938,10939,10939,2
2019-04-29 15:58:11.708,10938,10939,10939,2
2019-04-29 15:58:12.189,10938,10939,10939,1
2019-04-29 15:58:12.459,10938,10939,10939,2
2019-04-29 15:58:12.695,10938,10939,10939,1
2019-04-29 15:58:31.286,10939,10940,10939,1
2019-04-29 15:58:31.734,10939,10940,10939,1
2019-04-29 15:59:02.136,10938,10939,10939,1
2019-04-29 15:59:07.488,10938,10939,10939,10
2019-04-29 15:59:10.576,10939,10940,10939,1
2019-04-29 15:59:29.247,10939,10940,10939,1
2019-04-29 15:59:45.661,10939,10940,10939,1
2019-04-29 15:59:50.689,10939,10940,10939,1
2019-04-29 15:59:56.465,10939,10940,10939,1
2019-04-29 15:59:59.222,10939,10940,10940,3
2019-04-29 16:00:48.767,10939,10940,10940,1
2019-04-29 16:00:49.034,10939,10940,10940,4
2019-04-29 16:00:49.131,10939,10940,10940,2
2019-04-29 16:00:49.607,10939,10940,10940,4
2019-04-29 16:00:49.898,10939,10940,10940,1
2019-04-29 16:00:49.923,10939,10940,10940,1
2019-04-29 16:00:49.949,10939,10940,10940,1
2019-04-29 16:00:49.974,10939,10940,10940,1
2019-04-29 16:00:49.999,10939,10940,10940,1
2019-04-29 16:00:50.025,10939,10940,10940,1
2019-04-29 16:00:50.050,10939,10940,10940,1
2019-04-29 16:00:50.075,10939,10940,10940,1
2019-04-29 16:01:08.722,10939,10940,10939,2
2019-04-29 16:01:08.978,10939,10940,10939,2
2019-04-29 16:01:09.082,10939,10940,10939,1
2019-04-29 16:01:09.233,10939,10940,10939,1
2019-04-29 16:01:13.865,10938,10939,10939,1
2019-04-29 16:01:14.358,10938,10939,10939,2
2019-04-29 16:01:28.162,10938,10939,10939,1
2019-04-29 16:01:53.122,10938,10939,10938,1
2019-04-29 16:01:55.858,10938,10939,10938,1
2019-04-29 16:02:05.930,10938,10939,10938,17
2019-04-29 16:02:37.676,10937,10938,10937,5
2019-04-29 16:02:38.683,10937,10938,10937,1
2019-04-29 16:02:39.367,10937,10938,10937,1
2019-04-29 16:02:40.039,10937,10938,10937,1
2019-04-29 16:02:41.558,10937,10938,10937,2
2019-04-29 16:02:49.941,10937,10938,10937,2
2019-04-29 16:02:59.446,10937,10938,10937,1
2019-04-29 16:02:59.802,10937,10938,10937,1
2019-04-29 16:03:02.949,10937,10938,10937,9
2019-04-29 16:03:02.964,10937,10938,10937,6
2019-04-29 16:03:14.061,10936,10937,10937,1
2019-04-29 16:03:20.398,10936,10937,10936,10
2019-04-29 16:03:20.866,10936,10937,10936,5
2019-04-29 16:03:20.964,10936,10937,10936,2
2019-04-29 16:03:22.472,10936,10937,10936,1
2019-04-29 16:03:23.140,10936,10937,10936,1
2019-04-29 16:03:23.140,10936,10937,10935,1
2019-04-29 16:03:27.930,10935,10936,10936,1
2019-04-29 16:03:45.746,10935,10936,10936,3
2019-04-29 16:03:50.139,10936,10937,10936,1
2019-04-29 16:04:08.609,10936,10937,10936,2
2019-04-29 16:04:26.800,10936,10937,10936,1
2019-04-29 16:04:43.688,10936,10937,10936,1
2019-04-29 16:05:00.929,10936,10937,10936,1
2019-04-29 16:05:01.518,10936,10937,10937,1
2019-04-29 16:05:02.166,10936,10937,10936,1
2019-04-29 16:05:52.818,10936,10937,10937,1
2019-04-29 16:05:54.913,10936,10937,10937,1
2019-04-29 16:06:02.277,10936,10937,10936,1
2019-04-29 16:06:58.972,10936,10937,10936,1
2019-04-29 16:07:02.383,10936,10937,10936,2
2019-04-29 16:07:29.964,10936,10937,10937,1
2019-04-29 16:07:37.449,10936,10937,10937,1
2019-04-29 16:07:58.254,10936,10937,10937,1
2019-04-29 16:08:00.497,10936,10937,10937,4
2019-04-29 16:08:00.535,10936,10937,10937,1
2019-04-29 16:08:00.535,10936,10937,10937,2
2019-04-29 16:08:00.589,10936,10937,10937,3
2019-04-29 16:08:00.589,10936,10937,10937,4
2019-04-29 16:08:20.962,10937,10938,10937,1
2019-04-29 16:08:20.962,10937,10938,10937,3
2019-04-29 16:08:20.962,10937,10938,10937,3
2019-04-29 16:08:20.962,10937,10938,10937,1
2019-04-29 16:08:20.962,10937,10938,10937,2
2019-04-29 16:08:52.832,10937,10938,10938,1
2019-04-29 16:09:02.617,10937,10938,10937,2
2019-04-29 16:09:10.197,10937,10938,10937,1
2019-04-29 16:09:53.216,10937,10938,10937,1
2019-04-29 16:09:57.712,10937,10938,10937,1
2019-04-29 16:10:02.738,10937,10938,10937,2
2019-04-29 16:10:02.971,10937,10938,10937,2
2019-04-29 16:11:02.531,10936,10937,10937,1
2019-04-29 16:11:04.061,10937,10938,10937,1
2019-04-29 16:11:15.589,10937,10938,10938,2
2019-04-29 16:11:15.607,10937,10938,10939,1
2019-04-29 16:11:15.729,10938,10939,10939,4
2019-04-29 16:11:15.938,10938,10939,10939,2
2019-04-29 16:11:18.746,10938,10939,10939,1
2019-04-29 16:11:27.399,10938,10939,10939,8
2019-04-29 16:11:27.841,10938,10939,10939,7
2019-04-29 16:11:58.123,10939,10940,10940,1
2019-04-29 16:11:58.354,10939,10940,10940,6
2019-04-29 16:11:58.430,10939,10940,10940,2
2019-04-29 16:11:58.589,10939,10940,10940,2
2019-04-29 16:11:58.716,10939,10940,10940,5
2019-04-29 16:12:02.913,10940,10941,10940,2
2019-04-29 16:12:12.388,10940,10941,10941,2
2019-04-29 16:12:12.388,10940,10941,10941,1
2019-04-29 16:12:12.489,10940,10941,10941,2
2019-04-29 16:12:12.646,10940,10941,10941,17
2019-04-29 16:12:15.187,10941,10942,10942,1
2019-04-29 16:12:15.324,10941,10942,10942,1
2019-04-29 16:12:16.913,10941,10942,10942,1
2019-04-29 16:12:20.191,10941,10942,10942,10
2019-04-29 16:12:21.222,10941,10942,10942,2
2019-04-29 16:12:21.773,10941,10942,10942,1
2019-04-29 16:12:21.774,10941,10942,10942,4
2019-04-29 16:12:21.774,10941,10942,10942,1
2019-04-29 16:12:21.774,10941,10942,10942,1
2019-04-29 16:12:21.774,10941,10942,10942,3
2019-04-29 16:12:21.775,10941,10942,10942,1
2019-04-29 16:12:21.775,10941,10942,10942,1
2019-04-29 16:12:21.784,10941,10942,10942,10
2019-04-29 16:12:21.852,10942,10943,10942,1
2019-04-29 16:12:22.244,10942,10943,10943,1
2019-04-29 16:12:22.348,10942,10943,10943,2
2019-04-29 16:12:22.353,10942,10943,10943,3
2019-04-29 16:12:22.372,10942,10943,10943,2
2019-04-29 16:12:23.387,10942,10943,10943,9
2019-04-29 16:12:23.387,10942,10943,10943,8
2019-04-29 16:12:23.387,10942,10943,10943,1
2019-04-29 16:12:23.464,10942,10943,10943,7
2019-04-29 16:12:23.530,10942,10943,10943,4
2019-04-29 16:12:23.762,10943,10944,10944,1
2019-04-29 16:12:23.917,10943,10944,10944,1
2019-04-29 16:12:24.014,10943,10944,10944,1
2019-04-29 16:12:24.018,10943,10944,10944,1
2019-04-29 16:12:24.035,10943,10944,10944,1
2019-04-29 16:12:24.080,10943,10944,10944,1
2019-04-29 16:12:24.276,10942,10944,10944,1
2019-04-29 16:12:24.841,10942,10944,10944,1
2019-04-29 16:12:24.876,10942,10944,10943,2
2019-04-29 16:12:25.319,10942,10943,10943,2
2019-04-29 16:12:25.479,10942,10943,10943,3
2019-04-29 16:12:25.479,10942,10943,10943,3
2019-04-29 16:12:25.479,10942,10943,10943,3
2019-04-29 16:12:25.506,10942,10943,10943,1
2019-04-29 16:12:26.843,10942,10943,10943,1
2019-04-29 16:12:30.154,10942,10943,10943,1
2019-04-29 16:12:33.992,10942,10943,10943,1
2019-04-29 16:12:35.726,10942,10943,10942,3
2019-04-29 16:12:39.260,10942,10943,10942,2
2019-04-29 16:12:44.991,10942,10943,10942,5
2019-04-29 16:12:47.613,10942,10943,10942,11
2019-04-29 16:12:47.721,10941,10943,10942,5
2019-04-29 16:12:55.585,10941,10942,10942,1
2019-04-29 16:12:56.115,10941,10942,10942,1
2019-04-29 16:13:01.267,10942,10943,10943,2
2019-04-29 16:13:03.372,10942,10943,10942,2
2019-04-29 16:13:05.157,10941,10942,10942,1
2019-04-29 16:13:06.778,10942,10943,10943,1
2019-04-29 16:13:07.417,10942,10943,10942,1
2019-04-29 16:13:07.466,10941,10942,10942,2
2019-04-29 16:13:10.998,10941,10942,10942,1
2019-04-29 16:13:16.316,10942,10943,10942,2
2019-04-29 16:13:17.683,10942,10943,10942,1
2019-04-29 16:13:18.518,10942,10943,10942,2
2019-04-29 16:13:24.832,10941,10942,10942,1
2019-04-29 16:13:29.396,10941,10942,10941,8
2019-04-29 16:13:29.464,10941,10942,10941,18
2019-04-29 16:13:37.113,10940,10941,10941,1
2019-04-29 16:13:44.546,10940,10941,10940,1
2019-04-29 16:13:45.089,10940,10941,10940,2
2019-04-29 16:13:45.341,10940,10941,10940,5
2019-04-29 16:13:45.464,10940,10941,10940,1
2019-04-29 16:14:00.216,10940,10941,10941,1
2019-04-29 16:14:01.878,10940,10941,10940,1
2019-04-29 16:14:07.683,10940,10941,10940,1
2019-04-29 16:14:10.194,10940,10941,10941,1
2019-04-29 16:14:14.365,10940,10941,10941,2
2019-04-29 16:14:31.333,10941,10942,10941,1
2019-04-29 16:14:32.609,10941,10942,10941,1
2019-04-29 16:14:32.609,10941,10942,10941,2
2019-04-29 16:14:32.714,10941,10942,10941,2
2019-04-29 16:14:32.738,10941,10942,10941,1
2019-04-29 16:14:33.631,10940,10941,10941,2
2019-04-29 16:14:35.733,10940,10941,10941,1
2019-04-29 16:14:36.115,10940,10941,10941,5
2019-04-29 16:15:02.228,10940,10941,10940,2
2019-04-29 16:15:02.663,10940,10941,10941,10
2019-04-29 16:15:02.973,10940,10941,10941,1
2019-04-29 16:15:02.973,10940,10941,10941,1
2019-04-29 16:15:03.816,10940,10941,10940,4
2019-04-29 16:15:04.196,10940,10941,10940,1
2019-04-29 16:15:04.882,10940,10941,10940,1
2019-04-29 16:15:53.978,10940,10941,10941,4
2019-04-29 16:15:54.592,10940,10941,10940,1
2019-04-29 16:16:12.784,10940,10941,10940,1
2019-04-29 16:16:41.730,10940,10941,10941,1
2019-04-29 16:16:54.014,10940,10941,10941,1
2019-04-29 16:16:54.357,10940,10941,10941,1
2019-04-29 16:16:54.838,10940,10941,10941,1
2019-04-29 16:17:01.472,10940,10941,10941,1
2019-04-29 16:17:02.443,10940,10941,10940,2
2019-04-29 16:17:24.697,10940,10941,10941,2
2019-04-29 16:17:28.042,10940,10941,10941,2
2019-04-29 16:17:32.987,10940,10941,10941,4
2019-04-29 16:17:36.951,10940,10941,10941,1
2019-04-29 16:17:37.006,10940,10941,10941,2
2019-04-29 16:17:37.404,10940,10941,10941,1
2019-04-29 16:18:02.550,10940,10941,10940,2
2019-04-29 16:18:09.453,10940,10941,10941,3
2019-04-29 16:18:13.816,10940,10941,10941,1
2019-04-29 16:18:16.140,10941,10942,10941,1
2019-04-29 16:18:19.573,10940,10941,10941,1
2019-04-29 16:18:21.825,10940,10941,10941,1
2019-04-29 16:19:09.064,10941,10942,10941,5
2019-04-29 16:19:09.064,10941,10942,10941,6
2019-04-29 16:19:09.064,10941,10942,10941,1
2019-04-29 16:19:09.064,10941,10942,10941,2
2019-04-29 16:19:14.733,10940,10941,10941,5
2019-04-29 16:19:21.491,10940,10941,10941,1
2019-04-29 16:19:21.869,10940,10941,10941,1
2019-04-29 16:19:22.170,10940,10941,10941,1
2019-04-29 16:19:25.480,10940,10941,10941,1
2019-04-29 16:19:29.488,10940,10941,10941,1
2019-04-29 16:19:33.284,10940,10941,10941,1
2019-04-29 16:19:37.319,10940,10941,10941,2
2019-04-29 16:19:38.892,10940,10941,10941,1
2019-04-29 16:19:59.102,10940,10941,10940,1
2019-04-29 16:20:02.777,10940,10941,10940,5
2019-04-29 16:20:15.508,10940,10941,10940,4
2019-04-29 16:20:15.508,10940,10941,10940,3
2019-04-29 16:20:15.589,10940,10941,10940,4
2019-04-29 16:20:15.589,10940,10941,10940,2
2019-04-29 16:20:15.589,10940,10941,10940,8
2019-04-29 16:20:25.844,10939,10940,10940,1
2019-04-29 16:20:26.460,10939,10940,10939,1
2019-04-29 16:20:26.724,10939,10940,10939,1
2019-04-29 16:20:32.984,10939,10940,10939,1
2019-04-29 16:20:44.060,10939,10940,10939,1
2019-04-29 16:20:47.127,10939,10940,10939,1
2019-04-29 16:20:49.767,10939,10940,10939,4
2019-04-29 16:21:06.985,10939,10940,10939,1
2019-04-29 16:21:14.962,10939,10940,10939,20
2019-04-29 16:21:14.964,10939,10940,10939,2
2019-04-29 16:21:28.934,10938,10939,10939,1
2019-04-29 16:21:30.574,10938,10939,10938,1
2019-04-29 16:21:37.223,10938,10939,10939,2
2019-04-29 16:22:02.977,10938,10939,10938,5
2019-04-29 16:22:10.277,10938,10939,10939,4
2019-04-29 16:22:10.277,10938,10939,10939,1
2019-04-29 16:22:10.339,10938,10939,10939,4
2019-04-29 16:22:10.339,10938,10939,10939,2
2019-04-29 16:22:17.699,10939,10940,10939,1
2019-04-29 16:22:23.991,10939,10940,10939,1
2019-04-29 16:22:32.605,10939,10940,10939,2
2019-04-29 16:22:32.605,10939,10940,10939,3
2019-04-29 16:22:32.605,10939,10940,10939,2
2019-04-29 16:22:32.605,10939,10940,10939,1
2019-04-29 16:22:32.605,10939,10940,10939,1
2019-04-29 16:22:32.714,10938,10939,10939,1
2019-04-29 16:22:44.348,10939,10940,10940,7
2019-04-29 16:23:03.084,10940,10941,10940,5
2019-04-29 16:23:35.851,10940,10941,10940,2
2019-04-29 16:23:39.808,10940,10941,10940,1
2019-04-29 16:23:39.969,10940,10941,10941,3
2019-04-29 16:24:01.964,10940,10941,10940,8
2019-04-29 16:24:02.018,10940,10941,10940,7
2019-04-29 16:24:08.930,10939,10940,10940,4
2019-04-29 16:24:32.913,10939,10940,10940,19
2019-04-29 16:24:52.538,10940,10941,10941,3
2019-04-29 16:25:02.300,10940,10941,10940,2
2019-04-29 16:25:05.537,10940,10941,10940,6
2019-04-29 16:25:34.439,10940,10941,10941,6
2019-04-29 16:25:35.916,10940,10941,10941,1
2019-04-29 16:25:38.457,10940,10941,10941,1
2019-04-29 16:26:02.443,10940,10941,10940,2
2019-04-29 16:26:04.244,10940,10941,10941,16
2019-04-29 16:26:19.615,10941,10942,10941,1
2019-04-29 16:26:25.268,10941,10942,10941,2
2019-04-29 16:26:25.997,10941,10942,10942,2
2019-04-29 16:26:54.893,10941,10942,10941,1
2019-04-29 16:26:58.037,10941,10942,10941,1
2019-04-29 16:27:02.516,10941,10942,10941,2
2019-04-29 16:27:08.873,10941,10942,10941,7
2019-04-29 16:27:16.664,10940,10941,10941,1
2019-04-29 16:27:19.512,10940,10941,10941,2
2019-04-29 16:27:21.904,10940,10941,10940,30
2019-04-29 16:27:44.955,10940,10941,10940,1
2019-04-29 16:27:58.759,10940,10941,10940,3
2019-04-29 16:28:04.332,10940,10941,10941,2
2019-04-29 16:28:09.154,10940,10941,10940,1
2019-04-29 16:28:21.446,10940,10941,10941,2
2019-04-29 16:29:12.672,10940,10941,10941,1
2019-04-29 16:29:17.875,10940,10941,10941,5
2019-04-29 16:29:58.832,10941,10942,10942,2
2019-04-29 16:30:02.047,10941,10942,10941,1
2019-04-29 16:30:02.638,10941,10942,10942,1
2019-04-29 16:30:02.841,10941,10942,10941,2
2019-04-29 16:30:03.961,10941,10942,10941,6
2019-04-29 16:30:07.542,10941,10942,10941,2
2019-04-29 16:30:07.591,10941,10942,10941,3
2019-04-29 16:30:10.973,10940,10941,10941,1
2019-04-29 16:30:47.551,10940,10941,10941,13
2019-04-29 16:30:48.507,10940,10941,10941,3
2019-04-29 16:30:52.951,10940,10941,10941,3
2019-04-29 16:31:07.091,10941,10942,10941,2
2019-04-29 16:31:32.876,10941,10942,10942,3
2019-04-29 16:31:33.767,10941,10942,10942,1
2019-04-29 16:31:42.943,10941,10942,10941,1
2019-04-29 16:32:03.048,10941,10942,10941,2
2019-04-29 16:32:03.309,10941,10942,10941,1
2019-04-29 16:32:14.854,10941,10942,10941,11
2019-04-29 16:32:25.478,10941,10942,10941,1
2019-04-29 16:32:32.582,10941,10942,10942,10
2019-04-29 16:33:02.156,10941,10942,10941,1
2019-04-29 16:33:08.665,10941,10942,10941,1
2019-04-29 16:34:02.267,10941,10942,10941,2
2019-04-29 16:34:09.825,10941,10942,10941,1
2019-04-29 16:34:28.344,10940,10941,10940,1
2019-04-29 16:34:31.699,10940,10941,10941,2
2019-04-29 16:34:35.885,10940,10941,10941,1
2019-04-29 16:34:57.174,10940,10941,10941,1
2019-04-29 16:35:02.379,10940,10941,10940,1
2019-04-29 16:35:07.043,10940,10941,10940,1
2019-04-29 16:35:11.591,10940,10941,10940,1
2019-04-29 16:35:16.001,10939,10940,10939,1
2019-04-29 16:35:18.005,10939,10940,10939,1
2019-04-29 16:35:26.721,10939,10940,10939,7
2019-04-29 16:35:27.483,10938,10939,10939,4
2019-04-29 16:35:27.568,10938,10939,10939,3
2019-04-29 16:35:33.304,10938,10939,10939,3
2019-04-29 16:35:49.595,10938,10939,10939,1
2019-04-29 16:35:57.315,10938,10939,10938,2
2019-04-29 16:36:02.132,10938,10939,10938,1
2019-04-29 16:36:02.494,10938,10939,10938,3
2019-04-29 16:36:02.590,10938,10939,10938,10
2019-04-29 16:36:02.714,10938,10939,10938,2
2019-04-29 16:36:02.715,10938,10939,10938,15
2019-04-29 16:36:31.463,10937,10938,10938,2
2019-04-29 16:36:54.879,10937,10938,10938,1
2019-04-29 16:37:13.277,10937,10938,10937,1
2019-04-29 16:37:13.634,10937,10938,10937,1
2019-04-29 16:37:22.961,10937,10938,10937,31
2019-04-29 16:37:22.961,10937,10938,10937,1
2019-04-29 16:37:23.457,10936,10937,10937,1
2019-04-29 16:37:30.714,10936,10937,10937,1
2019-04-29 16:37:33.476,10936,10937,10937,1
2019-04-29 16:37:35.332,10936,10937,10936,1
2019-04-29 16:37:45.015,10936,10937,10936,1
2019-04-29 16:37:50.257,10936,10937,10936,1
2019-04-29 16:37:52.134,10936,10937,10936,1
2019-04-29 16:37:52.862,10936,10937,10936,1
2019-04-29 16:37:53.940,10936,10937,10936,5
2019-04-29 16:37:54.468,10936,10937,10936,1
2019-04-29 16:37:58.556,10936,10937,10936,2
2019-04-29 16:38:01.461,10936,10937,10936,4
2019-04-29 16:38:01.991,10935,10936,10936,3
2019-04-29 16:38:08.029,10935,10936,10936,1
2019-04-29 16:38:08.348,10935,10936,10936,1
2019-04-29 16:38:18.802,10935,10936,10936,2
2019-04-29 16:38:19.380,10935,10937,10935,1
2019-04-29 16:38:19.524,10935,10937,10935,1
2019-04-29 16:38:19.545,10935,10937,10935,1
2019-04-29 16:38:27.649,10936,10937,10936,4
2019-04-29 16:38:45.435,10936,10937,10936,1
2019-04-29 16:38:54.303,10936,10937,10936,1
2019-04-29 16:38:56.811,10936,10937,10936,4
2019-04-29 16:39:02.424,10936,10937,10936,1
2019-04-29 16:39:30.139,10936,10937,10936,1
2019-04-29 16:39:50.865,10936,10937,10936,2
2019-04-29 16:39:59.841,10936,10937,10936,1
2019-04-29 16:40:01.605,10936,10937,10936,1
2019-04-29 16:40:17.587,10936,10937,10936,1
2019-04-29 16:41:07.399,10936,10937,10937,2
2019-04-29 16:41:11.368,10936,10937,10937,1
2019-04-29 16:41:35.384,10936,10937,10937,1
2019-04-29 16:41:54.697,10936,10937,10937,1
2019-04-29 16:42:11.750,10936,10937,10937,1
2019-04-29 16:42:23.347,10936,10937,10937,2
2019-04-29 16:42:26.223,10936,10937,10937,3
2019-04-29 16:42:26.223,10936,10937,10937,1
2019-04-29 16:42:26.224,10936,10937,10937,1
2019-04-29 16:42:26.224,10936,10937,10937,2
2019-04-29 16:42:26.225,10936,10937,10937,1
2019-04-29 16:42:26.230,10936,10937,10937,17
2019-04-29 16:42:26.267,10936,10937,10937,2
2019-04-29 16:42:26.272,10936,10937,10937,2
2019-04-29 16:42:51.503,10937,10938,10937,2
2019-04-29 16:42:56.510,10937,10938,10937,2
2019-04-29 16:42:57.094,10937,10938,10937,1
2019-04-29 16:43:05.388,10936,10937,10937,1
2019-04-29 16:43:11.151,10936,10937,10937,1
2019-04-29 16:44:09.822,10936,10937,10937,1
2019-04-29 16:44:20.355,10936,10937,10936,1
2019-04-29 16:44:22.793,10936,10937,10937,3
2019-04-29 16:44:26.239,10936,10937,10936,1
2019-04-29 16:44:43.840,10936,10937,10936,1
2019-04-29 16:44:48.871,10936,10937,10936,1
2019-04-29 16:44:53.178,10936,10937,10936,1
2019-04-29 16:45:06.104,10936,10937,10936,1
2019-04-29 16:45:06.418,10936,10937,10936,1
2019-04-29 16:45:06.623,10936,10937,10936,1
2019-04-29 16:45:07.996,10936,10937,10936,1
2019-04-29 16:45:08.299,10936,10937,10936,1
2019-04-29 16:45:08.582,10936,10937,10936,1
2019-04-29 16:45:09.039,10936,10937,10936,1
2019-04-29 16:45:09.439,10936,10937,10936,5
2019-04-29 16:45:09.465,10936,10937,10936,10
2019-04-29 16:45:31.305,10935,10936,10935,6
2019-04-29 16:45:33.061,10935,10936,10936,1
2019-04-29 16:45:37.685,10935,10936,10935,1
2019-04-29 16:46:38.855,10935,10936,10935,2
2019-04-29 16:46:39.476,10935,10936,10935,1
2019-04-29 16:46:51.561,10935,10936,10935,1
2019-04-29 16:46:51.853,10935,10936,10935,1
2019-04-29 16:46:52.450,10935,10936,10935,1
2019-04-29 16:47:21.302,10935,10936,10935,1
2019-04-29 16:47:21.622,10935,10936,10935,1
2019-04-29 16:47:21.902,10935,10936,10935,1
2019-04-29 16:47:33.135,10935,10936,10935,1
2019-04-29 16:47:59.717,10935,10936,10936,1
2019-04-29 16:48:01.215,10935,10936,10936,1
2019-04-29 16:48:04.036,10935,10936,10936,1
2019-04-29 16:48:09.923,10935,10936,10935,1
2019-04-29 16:48:10.238,10935,10936,10935,1
2019-04-29 16:48:10.542,10935,10936,10935,1
2019-04-29 16:48:10.850,10935,10936,10935,1
2019-04-29 16:48:11.160,10935,10936,10935,1
2019-04-29 16:48:11.257,10935,10936,10935,2
2019-04-29 16:48:11.360,10935,10936,10935,1
2019-04-29 16:48:11.569,10935,10936,10935,1
2019-04-29 16:48:11.672,10935,10936,10935,1
2019-04-29 16:48:11.777,10935,10936,10935,1
2019-04-29 16:48:11.987,10935,10936,10935,1
2019-04-29 16:48:12.093,10935,10936,10935,1
2019-04-29 16:48:12.214,10935,10936,10935,1
2019-04-29 16:48:13.303,10935,10936,10935,1
2019-04-29 16:48:13.340,10935,10936,10935,3
2019-04-29 16:48:21.570,10934,10935,10934,4
2019-04-29 16:48:28.214,10934,10935,10934,2
2019-04-29 16:48:31.484,10934,10935,10934,2
2019-04-29 16:48:31.960,10934,10935,10934,2
2019-04-29 16:48:46.162,10934,10935,10934,1
2019-04-29 16:48:46.463,10934,10935,10934,1
2019-04-29 16:48:46.757,10934,10935,10934,1
2019-04-29 16:48:56.510,10934,10935,10935,2
2019-04-29 16:49:01.819,10934,10935,10935,1
2019-04-29 16:49:07.369,10934,10935,10935,6
2019-04-29 16:49:07.369,10934,10935,10936,8
2019-04-29 16:49:09.457,10934,10936,10934,1
2019-04-29 16:49:10.737,10934,10935,10935,1
2019-04-29 16:49:16.879,10935,10936,10935,1
2019-04-29 16:49:33.010,10935,10936,10936,6
2019-04-29 16:50:00.427,10935,10936,10935,4
2019-04-29 16:50:22.020,10935,10936,10935,1
2019-04-29 16:50:22.340,10935,10936,10935,1
2019-04-29 16:50:22.638,10935,10936,10935,1
2019-04-29 16:50:25.956,10935,10936,10935,1
2019-04-29 16:50:26.015,10935,10936,10935,8
2019-04-29 16:50:31.207,10934,10935,10934,2
2019-04-29 16:50:31.208,10934,10935,10934,17
2019-04-29 16:50:31.208,10934,10935,10934,8
2019-04-29 16:50:31.214,10934,10935,10934,1
2019-04-29 16:50:31.214,10934,10935,10934,13
2019-04-29 16:50:31.382,10933,10934,10933,4
2019-04-29 16:50:31.382,10933,10934,10933,1
2019-04-29 16:50:31.392,10933,10934,10933,1
2019-04-29 16:50:31.418,10933,10934,10933,1
2019-04-29 16:50:31.422,10933,10934,10933,2
2019-04-29 16:50:31.463,10933,10934,10933,1
2019-04-29 16:50:31.464,10933,10934,10933,2
2019-04-29 16:50:31.464,10933,10934,10933,9
2019-04-29 16:50:31.464,10933,10934,10933,4
2019-04-29 16:50:31.466,10933,10934,10933,43
2019-04-29 16:50:31.508,10933,10934,10932,5
2019-04-29 16:50:31.509,10933,10934,10932,5
2019-04-29 16:50:31.509,10933,10934,10932,2
2019-04-29 16:50:31.509,10933,10934,10932,6
2019-04-29 16:50:31.653,10932,10933,10932,1
2019-04-29 16:50:31.691,10932,10933,10932,1
2019-04-29 16:50:31.708,10932,10933,10932,1
2019-04-29 16:50:31.714,10932,10933,10932,4
2019-04-29 16:50:31.738,10932,10933,10932,25
2019-04-29 16:50:31.740,10932,10933,10932,1
2019-04-29 16:50:31.839,10932,10933,10932,2
2019-04-29 16:50:31.839,10932,10933,10932,1
2019-04-29 16:50:32.169,10931,10932,10931,1
2019-04-29 16:50:32.229,10931,10932,10931,3
2019-04-29 16:50:32.282,10931,10932,10931,1
2019-04-29 16:50:32.953,10931,10932,10931,2
2019-04-29 16:50:33.261,10931,10932,10931,2
2019-04-29 16:50:38.297,10931,10932,10931,25
2019-04-29 16:50:39.538,10930,10931,10930,4
2019-04-29 16:50:39.813,10930,10931,10930,1
2019-04-29 16:50:39.923,10930,10931,10930,1
2019-04-29 16:50:40.507,10930,10931,10930,1
2019-04-29 16:50:42.193,10930,10931,10930,2
2019-04-29 16:50:44.262,10930,10931,10930,1
2019-04-29 16:50:46.404,10930,10931,10930,1
2019-04-29 16:50:46.626,10930,10931,10930,7
2019-04-29 16:50:46.666,10930,10931,10930,2
2019-04-29 16:50:47.138,10930,10931,10930,4
2019-04-29 16:50:47.436,10930,10931,10930,10
2019-04-29 16:50:47.779,10930,10931,10930,1
2019-04-29 16:50:47.797,10930,10931,10930,1
2019-04-29 16:50:52.904,10930,10931,10930,2
2019-04-29 16:50:52.904,10930,10931,10929,3
2019-04-29 16:50:53.002,10929,10931,10930,1
2019-04-29 16:50:53.116,10930,10931,10931,1
2019-04-29 16:50:53.283,10930,10931,10930,1
2019-04-29 16:50:53.554,10930,10931,10931,10
2019-04-29 16:50:54.810,10930,10931,10930,1
2019-04-29 16:51:08.479,10930,10931,10930,1
2019-04-29 16:51:09.493,10930,10931,10930,2
2019-04-29 16:51:09.970,10930,10931,10931,1
2019-04-29 16:51:16.415,10930,10931,10931,2
2019-04-29 16:51:16.464,10930,10931,10931,2
2019-04-29 16:51:18.053,10931,10932,10931,3
2019-04-29 16:51:18.053,10931,10932,10930,2
2019-04-29 16:51:18.256,10930,10932,10930,1
2019-04-29 16:51:21.270,10931,10932,10931,6
2019-04-29 16:51:21.270,10931,10932,10930,8
2019-04-29 16:51:21.743,10930,10931,10930,3
2019-04-29 16:51:22.734,10930,10931,10930,4
2019-04-29 16:51:31.848,10930,10931,10931,1
2019-04-29 16:51:33.750,10930,10931,10930,1
2019-04-29 16:51:35.853,10930,10931,10931,1
2019-04-29 16:51:38.126,10930,10931,10931,1
2019-04-29 16:51:45.114,10930,10931,10931,2
2019-04-29 16:51:48.476,10930,10931,10931,1
2019-04-29 16:51:48.599,10930,10931,10931,10
2019-04-29 16:51:48.662,10930,10931,10930,1
2019-04-29 16:51:49.067,10930,10931,10931,2
2019-04-29 16:51:51.428,10930,10931,10931,22
2019-04-29 16:51:51.490,10930,10932,10931,2
2019-04-29 16:51:51.690,10931,10932,10931,4
2019-04-29 16:52:00.274,10931,10932,10931,1
2019-04-29 16:52:03.887,10931,10932,10931,6
2019-04-29 16:52:10.327,10931,10932,10931,1
2019-04-29 16:52:20.959,10931,10932,10932,2
2019-04-29 16:52:22.869,10931,10932,10931,1
2019-04-29 16:52:39.194,10931,10932,10931,2
2019-04-29 16:52:41.214,10931,10932,10932,5
2019-04-29 16:52:41.657,10932,10933,10932,1
2019-04-29 16:52:57.922,10932,10933,10933,6
2019-04-29 16:52:58.266,10932,10933,10933,1
2019-04-29 16:53:00.863,10933,10934,10933,1
2019-04-29 16:53:01.739,10933,10934,10933,4
2019-04-29 16:53:09.014,10933,10934,10933,1
2019-04-29 16:53:11.725,10933,10934,10933,1
2019-04-29 16:53:18.809,10932,10933,10933,1
2019-04-29 16:53:27.953,10932,10933,10933,1
2019-04-29 16:53:44.912,10932,10933,10932,1
2019-04-29 16:54:06.608,10932,10933,10932,2
2019-04-29 16:54:48.160,10932,10933,10932,4
2019-04-29 16:55:43.997,10932,10933,10933,2
2019-04-29 16:55:44.731,10932,10933,10933,1
2019-04-29 16:55:45.384,10932,10933,10933,1
2019-04-29 16:55:48.217,10933,10934,10933,1
2019-04-29 16:56:00.098,10933,10934,10933,2
2019-04-29 16:56:02.902,10933,10934,10933,1
2019-04-29 16:56:18.198,10933,10934,10934,2
2019-04-29 16:56:18.809,10933,10934,10934,2
2019-04-29 16:56:19.302,10933,10934,10934,2
2019-04-29 16:56:19.302,10933,10934,10934,11
2019-04-29 16:56:22.400,10934,10935,10935,5
2019-04-29 16:56:23.666,10934,10935,10935,2
2019-04-29 16:56:46.915,10934,10935,10935,2
2019-04-29 16:56:55.896,10934,10935,10935,1
2019-04-29 16:56:57.646,10934,10935,10935,3
2019-04-29 16:57:09.804,10934,10935,10934,2
2019-04-29 16:57:09.804,10934,10935,10934,5
2019-04-29 16:57:14.877,10933,10934,10934,1
2019-04-29 16:57:16.587,10933,10934,10934,3
2019-04-29 16:57:42.931,10933,10934,10934,1
2019-04-29 16:58:10.492,10933,10934,10934,1
2019-04-29 16:58:10.978,10933,10934,10934,2
2019-04-29 16:58:34.893,10933,10934,10933,2
2019-04-29 16:58:38.691,10933,10934,10933,1
2019-04-29 16:58:47.699,10933,10934,10933,1
2019-04-29 16:58:50.798,10933,10934,10933,2
2019-04-29 16:58:51.721,10932,10933,10932,1
2019-04-29 16:58:58.528,10932,10933,10933,1
2019-04-29 16:59:24.797,10932,10933,10932,1
2019-04-29 16:59:35.500,10932,10933,10932,4
2019-04-29 16:59:36.500,10932,10933,10932,1
2019-04-29 16:59:58.906,10932,10933,10932,1
2019-04-29 17:00:36.798,10932,10933,10932,1
2019-04-29 17:00:37.198,10932,10933,10932,1
2019-04-29 17:00:37.534,10932,10933,10932,2
2019-04-29 17:01:02.221,10932,10933,10933,7
2019-04-29 17:01:03.239,10932,10933,10933,1
2019-04-29 17:01:15.466,10932,10933,10933,1
2019-04-29 17:01:18.165,10932,10933,10933,1
2019-04-29 17:01:22.713,10932,10933,10933,3
2019-04-29 17:01:25.521,10933,10934,10933,1
2019-04-29 17:01:35.956,10933,10934,10933,1
2019-04-29 17:01:55.701,10933,10934,10933,10
2019-04-29 17:01:57.214,10933,10934,10933,1
2019-04-29 17:01:58.770,10932,10933,10933,1
2019-04-29 17:01:59.020,10933,10934,10933,5
2019-04-29 17:02:30.572,10932,10933,10932,2
2019-04-29 17:02:48.442,10932,10933,10932,4
2019-04-29 17:03:03.543,10932,10933,10932,1
2019-04-29 17:03:03.589,10932,10933,10932,1
2019-04-29 17:03:20.795,10932,10933,10933,1
2019-04-29 17:04:02.530,10932,10933,10932,1
2019-04-29 17:04:02.532,10932,10933,10932,1
2019-04-29 17:04:02.589,10932,10933,10932,1
2019-04-29 17:04:02.589,10932,10933,10932,1
2019-04-29 17:04:27.552,10932,10933,10932,1
2019-04-29 17:04:30.879,10932,10933,10933,1
2019-04-29 17:04:54.214,10932,10933,10933,1
2019-04-29 17:04:54.339,10932,10933,10933,1
2019-04-29 17:05:00.786,10932,10933,10933,1
2019-04-29 17:05:00.839,10932,10933,10933,1
2019-04-29 17:06:14.236,10933,10934,10934,3
2019-04-29 17:06:14.619,10933,10934,10933,2
2019-04-29 17:06:14.771,10933,10934,10934,1
2019-04-29 17:06:16.638,10933,10934,10934,1
2019-04-29 17:06:16.912,10933,10934,10934,1
2019-04-29 17:06:25.375,10933,10934,10934,4
2019-04-29 17:06:42.175,10934,10935,10935,1
2019-04-29 17:06:49.977,10934,10935,10934,1
2019-04-29 17:06:50.082,10934,10935,10934,1
2019-04-29 17:08:22.616,10934,10935,10934,1
2019-04-29 17:08:28.910,10934,10935,10934,1
2019-04-29 17:09:00.281,10934,10935,10934,4
2019-04-29 17:09:04.497,10934,10935,10934,4
2019-04-29 17:09:07.590,10934,10935,10934,1
2019-04-29 17:09:11.011,10934,10935,10934,1
2019-04-29 17:11:05.755,10934,10935,10935,2
2019-04-29 17:11:07.178,10934,10935,10935,1
2019-04-29 17:12:04.948,10934,10935,10935,2
2019-04-29 17:12:41.066,10934,10935,10934,1
2019-04-29 17:12:41.124,10934,10935,10935,1
2019-04-29 17:13:05.436,10934,10935,10934,2
2019-04-29 17:13:51.198,10934,10935,10934,1
2019-04-29 17:13:51.198,10934,10935,10934,1
2019-04-29 17:13:56.158,10934,10935,10934,1
2019-04-29 17:13:57.873,10934,10935,10935,1
2019-04-29 17:13:58.848,10934,10935,10934,1
2019-04-29 17:13:58.964,10934,10935,10934,1
2019-04-29 17:13:59.008,10934,10935,10934,2
2019-04-29 17:13:59.008,10934,10935,10934,1
2019-04-29 17:13:59.029,10934,10935,10934,3
2019-04-29 17:13:59.089,10934,10935,10934,2
2019-04-29 17:15:04.325,10933,10934,10934,1
2019-04-29 17:15:04.544,10933,10934,10933,1
2019-04-29 17:15:04.609,10933,10934,10933,1
2019-04-29 17:15:05.538,10933,10934,10933,2
2019-04-29 17:15:05.539,10933,10934,10933,2
2019-04-29 17:15:05.539,10933,10934,10933,1
2019-04-29 17:15:05.539,10933,10934,10933,1
2019-04-29 17:15:05.539,10933,10934,10933,1
2019-04-29 17:15:05.539,10933,10934,10933,2
2019-04-29 17:15:14.547,10932,10933,10933,2
2019-04-29 17:15:51.857,10932,10933,10933,1
2019-04-29 17:16:09.327,10932,10933,10933,5
2019-04-29 17:16:12.628,10932,10933,10933,1
2019-04-29 17:16:39.054,10932,10933,10932,2
2019-04-29 17:16:40.481,10932,10933,10932,1
2019-04-29 17:16:51.404,10932,10933,10932,1
2019-04-29 17:17:24.851,10932,10933,10932,2
2019-04-29 17:18:14.348,10932,10933,10932,1
2019-04-29 17:18:15.258,10932,10933,10932,1
2019-04-29 17:18:17.101,10932,10933,10932,1
2019-04-29 17:18:38.540,10932,10933,10932,5
2019-04-29 17:18:45.000,10932,10933,10932,1
2019-04-29 17:18:58.959,10932,10933,10932,1
2019-04-29 17:19:06.612,10932,10933,10932,1
2019-04-29 17:19:23.031,10932,10933,10933,1
2019-04-29 17:19:38.043,10932,10933,10933,5
2019-04-29 17:19:38.089,10932,10933,10933,4
2019-04-29 17:19:38.089,10932,10933,10933,1
2019-04-29 17:19:38.089,10932,10933,10933,1
2019-04-29 17:19:38.089,10932,10933,10933,1
2019-04-29 17:19:38.784,10932,10933,10933,1
2019-04-29 17:19:38.964,10932,10934,10933,1
2019-04-29 17:19:47.207,10933,10934,10933,1
2019-04-29 17:19:48.349,10932,10933,10933,1
2019-04-29 17:19:48.349,10932,10933,10934,1
2019-04-29 17:19:50.153,10932,10933,10933,1
2019-04-29 17:20:01.111,10933,10934,10933,1
2019-04-29 17:20:01.112,10933,10934,10933,3
2019-04-29 17:20:01.112,10933,10934,10933,2
2019-04-29 17:20:04.689,10933,10934,10933,1
2019-04-29 17:20:26.962,10932,10933,10933,1
2019-04-29 17:20:31.700,10932,10933,10933,1
2019-04-29 17:20:34.793,10932,10933,10932,1
2019-04-29 17:20:38.468,10932,10933,10932,2
2019-04-29 17:20:38.589,10932,10933,10932,8
2019-04-29 17:20:38.589,10932,10933,10932,4
2019-04-29 17:20:38.714,10932,10933,10932,8
2019-04-29 17:20:39.032,10931,10932,10931,6
2019-04-29 17:20:51.591,10931,10932,10931,2
2019-04-29 17:21:40.388,10931,10932,10931,2
2019-04-29 17:21:51.604,10931,10932,10931,1
2019-04-29 17:21:58.725,10931,10932,10931,5
2019-04-29 17:22:03.345,10931,10932,10932,2
2019-04-29 17:22:04.099,10931,10932,10931,1
2019-04-29 17:22:08.226,10931,10932,10932,2
2019-04-29 17:22:14.740,10931,10932,10931,1
2019-04-29 17:22:35.105,10931,10932,10931,5
2019-04-29 17:22:43.457,10931,10932,10932,1
2019-04-29 17:22:48.547,10931,10932,10931,3
2019-04-29 17:23:14.616,10931,10932,10931,1
2019-04-29 17:23:17.015,10931,10932,10931,1
2019-04-29 17:23:17.955,10931,10932,10931,1
2019-04-29 17:23:24.229,10931,10932,10931,1
2019-04-29 17:23:24.339,10931,10932,10931,1
2019-04-29 17:23:24.339,10931,10932,10931,1
2019-04-29 17:23:24.379,10931,10932,10931,2
2019-04-29 17:23:24.381,10931,10932,10931,4
2019-04-29 17:23:24.404,10931,10932,10931,5
2019-04-29 17:23:25.514,10930,10931,10930,1
2019-04-29 17:23:40.207,10930,10931,10930,2
2019-04-29 17:23:40.489,10930,10931,10931,1
2019-04-29 17:23:40.687,10930,10931,10930,1
2019-04-29 17:23:46.720,10930,10931,10931,1
2019-04-29 17:23:53.100,10930,10931,10931,1
2019-04-29 17:23:55.478,10930,10931,10930,8
2019-04-29 17:23:55.632,10930,10931,10930,1
2019-04-29 17:23:55.632,10930,10931,10930,9
2019-04-29 17:23:55.632,10930,10931,10930,4
2019-04-29 17:23:55.633,10930,10931,10930,1
2019-04-29 17:23:55.633,10930,10931,10930,8
2019-04-29 17:23:55.633,10930,10931,10930,2
2019-04-29 17:23:55.641,10930,10931,10930,4
2019-04-29 17:23:55.714,10930,10931,10930,2
2019-04-29 17:23:55.714,10930,10931,10930,2
2019-04-29 17:24:02.651,10929,10930,10929,2
2019-04-29 17:24:03.152,10929,10930,10929,2
2019-04-29 17:24:03.476,10929,10930,10929,1
2019-04-29 17:24:03.524,10929,10930,10929,1
2019-04-29 17:24:03.730,10929,10930,10929,1
2019-04-29 17:24:04.965,10929,10930,10930,1
2019-04-29 17:24:05.022,10929,10930,10929,6
2019-04-29 17:24:06.122,10929,10930,10929,3
2019-04-29 17:24:08.239,10929,10930,10929,1
2019-04-29 17:24:09.802,10929,10930,10929,5
2019-04-29 17:24:11.961,10929,10930,10929,1
2019-04-29 17:24:15.970,10929,10930,10929,1
2019-04-29 17:24:17.073,10929,10930,10929,2
2019-04-29 17:24:17.529,10929,10930,10929,3
2019-04-29 17:24:19.069,10929,10930,10929,1
2019-04-29 17:24:21.234,10929,10930,10929,1
2019-04-29 17:24:21.802,10929,10930,10929,1
2019-04-29 17:24:25.281,10929,10930,10929,1
2019-04-29 17:24:30.383,10929,10930,10929,1
2019-04-29 17:24:36.821,10929,10930,10929,1
2019-04-29 17:24:37.765,10929,10930,10929,2
2019-04-29 17:24:38.073,10929,10930,10929,1
2019-04-29 17:24:39.972,10929,10930,10929,1
2019-04-29 17:24:42.412,10928,10929,10929,1
2019-04-29 17:24:49.179,10928,10929,10929,1
2019-04-29 17:24:58.426,10928,10929,10929,2
2019-04-29 17:25:04.175,10928,10929,10928,10
2019-04-29 17:25:04.177,10928,10929,10928,5
2019-04-29 17:25:04.237,10928,10929,10928,1
2019-04-29 17:25:04.246,10928,10929,10928,10
2019-04-29 17:25:04.256,10928,10929,10928,3
2019-04-29 17:25:04.269,10928,10929,10927,1
2019-04-29 17:25:04.421,10927,10928,10927,1
2019-04-29 17:25:04.464,10927,10928,10927,1
2019-04-29 17:25:04.479,10927,10928,10927,3
2019-04-29 17:25:04.701,10927,10928,10927,1
2019-04-29 17:25:04.851,10927,10928,10927,1
2019-04-29 17:25:04.853,10927,10928,10927,1
2019-04-29 17:25:04.855,10927,10928,10927,1
2019-04-29 17:25:04.996,10927,10928,10927,1
2019-04-29 17:25:05.455,10927,10928,10927,1
2019-04-29 17:25:05.879,10927,10928,10928,1
2019-04-29 17:25:06.330,10927,10928,10927,1
2019-04-29 17:25:06.330,10927,10928,10927,1
2019-04-29 17:25:08.535,10927,10928,10927,3
2019-04-29 17:25:13.495,10927,10928,10927,5
2019-04-29 17:25:15.367,10927,10928,10927,2
2019-04-29 17:25:15.394,10927,10928,10927,4
2019-04-29 17:25:15.433,10927,10928,10927,4
2019-04-29 17:25:15.821,10926,10927,10927,2
2019-04-29 17:25:21.048,10926,10927,10927,1
2019-04-29 17:25:25.017,10926,10927,10927,1
2019-04-29 17:25:27.560,10926,10927,10926,16
2019-04-29 17:25:27.560,10926,10927,10926,2
2019-04-29 17:25:27.589,10926,10927,10926,5
2019-04-29 17:25:27.589,10926,10927,10926,3
2019-04-29 17:25:27.589,10926,10927,10926,6
2019-04-29 17:25:27.671,10926,10927,10926,1
2019-04-29 17:25:28.422,10925,10926,10926,1
2019-04-29 17:25:29.830,10925,10926,10926,1
2019-04-29 17:25:29.830,10925,10926,10926,2
2019-04-29 17:25:29.830,10925,10926,10926,6
2019-04-29 17:25:29.831,10925,10926,10926,2
2019-04-29 17:25:29.964,10926,10927,10927,1
2019-04-29 17:25:29.964,10926,10927,10927,1
2019-04-29 17:25:30.528,10926,10927,10926,5
2019-04-29 17:25:31.360,10925,10926,10926,1
2019-04-29 17:25:32.268,10925,10926,10926,1
2019-04-29 17:25:35.951,10926,10927,10926,1
2019-04-29 17:25:37.464,10926,10927,10926,1
2019-04-29 17:25:38.372,10925,10926,10925,2
2019-04-29 17:25:38.417,10925,10926,10925,4
2019-04-29 17:25:38.586,10925,10926,10926,1
2019-04-29 17:25:39.339,10925,10926,10925,1
2019-04-29 17:25:46.927,10925,10926,10925,3
2019-04-29 17:25:48.884,10925,10926,10925,1
2019-04-29 17:25:49.156,10925,10926,10925,1
2019-04-29 17:25:49.358,10925,10926,10925,1
2019-04-29 17:25:49.363,10925,10926,10925,2
2019-04-29 17:25:49.434,10925,10926,10925,2
2019-04-29 17:25:49.454,10925,10926,10925,2
2019-04-29 17:25:51.432,10925,10926,10925,6
2019-04-29 17:25:51.754,10925,10926,10925,2
2019-04-29 17:25:51.762,10925,10926,10925,1
2019-04-29 17:25:51.822,10925,10926,10925,2
2019-04-29 17:25:51.836,10925,10926,10925,2
2019-04-29 17:25:53.267,10925,10926,10925,5
2019-04-29 17:25:56.029,10925,10926,10925,1
2019-04-29 17:25:56.937,10925,10926,10925,1
2019-04-29 17:25:56.968,10925,10926,10925,2
2019-04-29 17:25:57.017,10925,10926,10925,2
2019-04-29 17:25:57.061,10925,10926,10925,2
2019-04-29 17:25:59.198,10925,10926,10925,1
2019-04-29 17:25:59.203,10925,10926,10925,2
2019-04-29 17:25:59.270,10925,10926,10925,2
2019-04-29 17:25:59.285,10925,10926,10925,2
2019-04-29 17:25:59.400,10925,10926,10925,2
2019-04-29 17:26:01.677,10925,10926,10925,1
2019-04-29 17:26:01.693,10925,10926,10925,2
2019-04-29 17:26:01.761,10925,10926,10925,2
2019-04-29 17:26:01.769,10925,10926,10925,2
2019-04-29 17:26:02.580,10924,10926,10924,1
2019-04-29 17:26:03.321,10924,10926,10924,1
2019-04-29 17:26:03.908,10924,10925,10924,1
2019-04-29 17:26:05.930,10924,10925,10925,6
2019-04-29 17:26:15.291,10925,10926,10925,1
2019-04-29 17:26:17.224,10925,10926,10926,1
2019-04-29 17:26:22.223,10925,10926,10925,1
2019-04-29 17:26:22.243,10925,10926,10925,2
2019-04-29 17:26:22.304,10925,10926,10925,2
2019-04-29 17:26:22.317,10925,10926,10925,2
2019-04-29 17:26:23.791,10925,10926,10925,1
2019-04-29 17:26:25.148,10925,10926,10926,2
2019-04-29 17:26:30.384,10925,10926,10926,17
2019-04-29 17:26:30.623,10926,10927,10926,1
2019-04-29 17:26:30.629,10926,10927,10926,2
2019-04-29 17:26:30.713,10925,10927,10925,2
2019-04-29 17:26:30.716,10925,10927,10925,2
2019-04-29 17:26:34.225,10926,10927,10927,2
2019-04-29 17:26:39.429,10926,10927,10926,2
2019-04-29 17:26:39.434,10926,10927,10926,1
2019-04-29 17:26:39.508,10926,10927,10926,2
2019-04-29 17:26:39.513,10926,10927,10926,2
2019-04-29 17:26:53.891,10926,10927,10926,2
2019-04-29 17:26:53.899,10926,10927,10926,1
2019-04-29 17:26:53.960,10926,10927,10926,2
2019-04-29 17:26:53.981,10926,10927,10926,2
2019-04-29 17:27:00.740,10926,10927,10926,2
2019-04-29 17:27:02.440,10925,10926,10925,1
2019-04-29 17:27:02.826,10925,10926,10926,3
2019-04-29 17:27:02.857,10925,10926,10926,2
2019-04-29 17:27:02.859,10925,10926,10926,1
2019-04-29 17:27:03.011,10925,10926,10926,1
2019-04-29 17:27:03.022,10925,10926,10926,2
2019-04-29 17:27:03.023,10925,10926,10926,2
2019-04-29 17:27:03.137,10925,10927,10927,2
2019-04-29 17:27:03.162,10925,10927,10927,1
2019-04-29 17:27:03.180,10925,10927,10927,1
2019-04-29 17:27:03.354,10925,10927,10927,3
2019-04-29 17:27:03.414,10925,10927,10927,3
2019-04-29 17:27:03.419,10925,10927,10927,1
2019-04-29 17:27:03.422,10925,10927,10927,1
2019-04-29 17:27:03.443,10925,10927,10927,1
2019-04-29 17:27:06.021,10926,10927,10927,1
2019-04-29 17:27:06.805,10926,10927,10927,1
2019-04-29 17:27:11.760,10926,10927,10926,1
2019-04-29 17:27:11.793,10926,10927,10926,2
2019-04-29 17:27:11.839,10926,10927,10926,2
2019-04-29 17:27:11.872,10926,10927,10926,1
2019-04-29 17:27:16.474,10925,10926,10925,1
2019-04-29 17:27:18.105,10925,10926,10926,3
2019-04-29 17:27:19.780,10926,10927,10926,1
2019-04-29 17:27:23.229,10925,10926,10926,6
2019-04-29 17:27:28.173,10926,10927,10926,1
2019-04-29 17:27:29.616,10926,10927,10926,1
2019-04-29 17:27:33.130,10926,10927,10926,1
2019-04-29 17:27:33.130,10926,10927,10925,29
2019-04-29 17:27:38.285,10925,10926,10925,1
2019-04-29 17:27:38.309,10925,10926,10925,2
2019-04-29 17:27:38.357,10925,10926,10925,2
2019-04-29 17:27:38.397,10925,10926,10925,2
2019-04-29 17:27:41.399,10925,10926,10925,1
2019-04-29 17:27:41.407,10925,10926,10925,2
2019-04-29 17:27:41.477,10925,10926,10925,2
2019-04-29 17:27:41.504,10925,10926,10925,2
2019-04-29 17:27:44.048,10925,10926,10925,1
2019-04-29 17:27:44.077,10925,10926,10925,2
2019-04-29 17:27:44.149,10925,10926,10925,2
2019-04-29 17:27:44.153,10925,10926,10925,2
2019-04-29 17:27:45.533,10925,10926,10925,1
2019-04-29 17:27:48.379,10925,10926,10925,1
2019-04-29 17:27:48.384,10925,10926,10925,2
2019-04-29 17:27:48.451,10925,10926,10925,2
2019-04-29 17:27:48.455,10925,10926,10925,2
2019-04-29 17:27:49.217,10924,10926,10926,11
2019-04-29 17:27:51.774,10925,10926,10925,1
2019-04-29 17:27:51.776,10925,10926,10925,1
2019-04-29 17:27:51.803,10925,10926,10925,2
2019-04-29 17:27:51.852,10925,10926,10925,2
2019-04-29 17:27:51.967,10924,10925,10925,2
2019-04-29 17:27:55.803,10925,10926,10925,1
2019-04-29 17:27:55.831,10925,10926,10925,2
2019-04-29 17:27:55.887,10925,10926,10925,2
2019-04-29 17:27:55.923,10925,10926,10925,1
2019-04-29 17:27:55.967,10924,10925,10925,1
2019-04-29 17:27:59.641,10925,10926,10925,1
2019-04-29 17:27:59.680,10925,10926,10925,1
2019-04-29 17:27:59.688,10925,10926,10925,2
2019-04-29 17:27:59.763,10925,10926,10925,2
2019-04-29 17:27:59.765,10925,10926,10925,2
2019-04-29 17:28:01.971,10925,10926,10926,16
2019-04-29 17:28:01.971,10925,10926,10927,14
2019-04-29 17:28:04.037,10925,10926,10925,4
2019-04-29 17:28:07.379,10925,10926,10925,1
2019-04-29 17:28:07.380,10925,10926,10925,2
2019-04-29 17:28:07.453,10925,10926,10925,2
2019-04-29 17:28:07.461,10925,10926,10925,2
2019-04-29 17:28:08.112,10925,10926,10925,4
2019-04-29 17:28:13.414,10924,10925,10925,1
2019-04-29 17:28:13.679,10924,10925,10925,12
2019-04-29 17:28:15.779,10925,10926,10925,1
2019-04-29 17:28:15.809,10925,10926,10925,2
2019-04-29 17:28:15.865,10925,10926,10925,2
2019-04-29 17:28:15.898,10925,10926,10925,2
2019-04-29 17:28:16.863,10925,10926,10925,1
2019-04-29 17:28:17.618,10925,10926,10925,1
2019-04-29 17:28:17.628,10925,10926,10925,2
2019-04-29 17:28:17.686,10925,10926,10925,2
2019-04-29 17:28:17.842,10924,10925,10925,2
2019-04-29 17:28:19.878,10924,10926,10925,1
2019-04-29 17:28:19.966,10924,10925,10925,2
2019-04-29 17:28:19.968,10924,10925,10925,2
2019-04-29 17:28:20.089,10924,10925,10925,1
2019-04-29 17:28:20.089,10924,10925,10925,1
2019-04-29 17:28:21.842,10924,10925,10925,1
2019-04-29 17:28:22.290,10924,10925,10925,3
2019-04-29 17:28:22.923,10924,10925,10925,4
2019-04-29 17:28:25.311,10924,10926,10925,1
2019-04-29 17:28:25.339,10924,10925,10925,1
2019-04-29 17:28:25.341,10924,10925,10925,1
2019-04-29 17:28:25.393,10924,10925,10925,2
2019-04-29 17:28:25.405,10924,10925,10925,2
2019-04-29 17:28:28.532,10925,10926,10925,1
2019-04-29 17:28:28.553,10925,10926,10925,2
2019-04-29 17:28:28.613,10925,10926,10925,2
2019-04-29 17:28:28.629,10925,10926,10925,2
2019-04-29 17:28:28.906,10925,10926,10925,1
2019-04-29 17:28:39.004,10925,10926,10926,1
2019-04-29 17:28:39.216,10925,10926,10926,1
2019-04-29 17:28:43.573,10926,10927,10926,1
2019-04-29 17:28:55.567,10926,10927,10926,6
2019-04-29 17:28:59.681,10926,10927,10927,3
2019-04-29 17:29:04.695,10926,10927,10927,6
2019-04-29 17:29:07.985,10926,10927,10927,1
2019-04-29 17:29:30.154,10926,10927,10927,1
2019-04-29 17:29:41.809,10926,10927,10927,1
2019-04-29 17:29:48.789,10926,10927,10927,1
2019-04-29 17:29:50.618,10926,10927,10927,5
2019-04-29 17:29:57.092,10926,10927,10927,1
2019-04-29 17:29:58.209,10926,10927,10927,1
2019-04-29 17:29:58.399,10926,10927,10927,1
2019-04-29 17:30:00.742,10926,10927,10927,2
2019-04-29 17:30:00.772,10926,10927,10927,1
2019-04-29 17:30:01.140,10927,10928,10927,3
2019-04-29 17:30:01.140,10927,10928,10926,1
2019-04-29 17:30:01.305,10926,10928,10926,1
2019-04-29 17:30:01.311,10926,10928,10926,1
2019-04-29 17:30:01.385,10926,10927,10926,2
2019-04-29 17:30:01.518,10926,10927,10926,2
2019-04-29 17:30:01.564,10926,10927,10926,1
2019-04-29 17:30:02.334,10926,10927,10926,1
2019-04-29 17:30:02.359,10926,10927,10926,1
2019-04-29 17:30:07.449,10926,10927,10926,1
2019-04-29 17:30:07.513,10926,10927,10926,1
2019-04-29 17:30:07.539,10926,10927,10926,1
2019-04-29 17:30:07.572,10926,10927,10926,1
2019-04-29 17:30:07.599,10926,10927,10926,1
2019-04-29 17:30:07.625,10926,10927,10926,1
2019-04-29 17:30:11.228,10926,10927,10927,4
2019-04-29 17:30:11.754,10926,10927,10926,1
2019-04-29 17:30:14.376,10926,10927,10926,1
2019-04-29 17:30:36.941,10927,10928,10928,2
2019-04-29 17:30:36.986,10927,10928,10928,11
2019-04-29 17:30:37.214,10927,10928,10928,20
2019-04-29 17:30:37.339,10927,10928,10928,14
2019-04-29 17:30:38.348,10928,10929,10928,2
2019-04-29 17:30:54.775,10928,10929,10928,1
2019-04-29 17:31:03.552,10928,10929,10929,2
2019-04-29 17:31:10.575,10928,10929,10929,5
2019-04-29 17:31:38.760,10928,10929,10929,3
2019-04-29 17:31:43.938,10928,10929,10929,2
2019-04-29 17:31:46.727,10928,10929,10928,1
2019-04-29 17:31:49.738,10928,10929,10928,5
2019-04-29 17:31:53.370,10928,10929,10928,2
2019-04-29 17:32:04.901,10928,10929,10929,2
2019-04-29 17:32:10.817,10928,10929,10928,2
2019-04-29 17:33:04.591,10928,10929,10928,4
2019-04-29 17:33:19.077,10927,10928,10927,1
2019-04-29 17:33:26.027,10927,10928,10927,1
2019-04-29 17:33:34.977,10926,10927,10926,1
2019-04-29 17:33:37.857,10926,10927,10926,4
2019-04-29 17:33:41.245,10926,10927,10926,3
2019-04-29 17:33:43.072,10926,10927,10927,1
2019-04-29 17:33:49.620,10926,10927,10927,4
2019-04-29 17:33:59.926,10927,10928,10927,2
2019-04-29 17:34:07.479,10927,10928,10927,1
2019-04-29 17:34:07.479,10927,10928,10926,1
2019-04-29 17:34:11.598,10926,10927,10926,4
2019-04-29 17:34:31.061,10926,10927,10926,11
2019-04-29 17:34:31.062,10926,10927,10926,8
2019-04-29 17:34:31.089,10926,10927,10926,2
2019-04-29 17:34:31.089,10926,10927,10926,8
2019-04-29 17:34:31.405,10925,10926,10925,1
2019-04-29 17:34:31.660,10925,10926,10925,1
2019-04-29 17:34:31.732,10925,10926,10925,2
2019-04-29 17:34:35.686,10925,10926,10926,1
2019-04-29 17:34:40.635,10925,10926,10926,2
2019-04-29 17:34:48.379,10925,10926,10926,1
2019-04-29 17:34:57.328,10925,10926,10925,3
2019-04-29 17:35:00.102,10925,10926,10926,2
2019-04-29 17:35:05.105,10925,10926,10926,2
2019-04-29 17:35:09.577,10925,10926,10926,1
2019-04-29 17:35:21.673,10926,10927,10926,1
2019-04-29 17:35:22.602,10925,10926,10926,2
2019-04-29 17:35:51.150,10926,10927,10926,1
2019-04-29 17:35:57.141,10926,10927,10926,1
2019-04-29 17:35:57.174,10926,10927,10926,2
2019-04-29 17:36:16.892,10925,10926,10926,1
2019-04-29 17:36:17.678,10925,10926,10925,2
2019-04-29 17:36:17.966,10925,10926,10925,1
2019-04-29 17:36:25.329,10925,10926,10925,2
2019-04-29 17:36:34.395,10925,10926,10925,1
2019-04-29 17:36:35.024,10925,10926,10925,1
2019-04-29 17:36:40.772,10925,10926,10925,1
2019-04-29 17:36:41.591,10925,10926,10926,1
2019-04-29 17:36:48.647,10925,10926,10926,14
2019-04-29 17:36:49.063,10926,10927,10926,1
2019-04-29 17:36:50.570,10926,10927,10926,1
2019-04-29 17:36:55.607,10926,10927,10926,2
2019-04-29 17:36:56.850,10926,10927,10926,4
2019-04-29 17:37:08.890,10926,10927,10926,1
2019-04-29 17:37:18.237,10926,10927,10926,3
2019-04-29 17:37:51.490,10926,10927,10926,1
2019-04-29 17:38:09.369,10926,10927,10926,11
2019-04-29 17:38:34.528,10925,10926,10926,1
2019-04-29 17:38:53.958,10925,10926,10925,1
2019-04-29 17:39:05.945,10925,10926,10925,3
2019-04-29 17:39:07.592,10925,10926,10925,1
2019-04-29 17:39:13.421,10925,10926,10925,6
2019-04-29 17:39:19.922,10925,10926,10926,1
2019-04-29 17:39:20.180,10925,10926,10925,1
2019-04-29 17:39:38.964,10925,10926,10926,4
2019-04-29 17:39:39.229,10925,10926,10926,7
2019-04-29 17:39:40.857,10926,10927,10926,2
2019-04-29 17:39:50.256,10926,10927,10926,2
2019-04-29 17:40:24.346,10926,10927,10927,1
2019-04-29 17:40:25.580,10926,10927,10926,2
2019-04-29 17:40:27.473,10926,10927,10926,2
2019-04-29 17:40:27.473,10926,10927,10926,1
2019-04-29 17:40:27.473,10926,10927,10926,8
2019-04-29 17:40:36.816,10925,10926,10925,5
2019-04-29 17:40:40.706,10925,10926,10925,1
2019-04-29 17:40:49.770,10925,10926,10925,1
2019-04-29 17:40:54.602,10925,10926,10926,1
2019-04-29 17:40:54.819,10925,10926,10926,1
2019-04-29 17:41:00.155,10925,10926,10925,2
2019-04-29 17:41:15.878,10925,10926,10925,5
2019-04-29 17:41:35.610,10925,10926,10925,3
2019-04-29 17:41:35.619,10925,10926,10925,1
2019-04-29 17:41:35.636,10925,10926,10925,3
2019-04-29 17:41:35.640,10925,10926,10925,1
2019-04-29 17:41:35.659,10925,10926,10925,2
2019-04-29 17:41:35.721,10925,10926,10926,1
2019-04-29 17:41:36.343,10925,10926,10925,3
2019-04-29 17:41:36.367,10925,10926,10925,1
2019-04-29 17:41:36.377,10925,10926,10925,3
2019-04-29 17:41:36.383,10925,10926,10925,1
2019-04-29 17:41:36.383,10925,10926,10925,2
2019-04-29 17:41:38.259,10925,10926,10925,1
2019-04-29 17:41:40.465,10925,10926,10925,10
2019-04-29 17:41:40.589,10925,10926,10925,2
2019-04-29 17:41:42.127,10924,10925,10924,3
2019-04-29 17:41:42.136,10924,10925,10924,1
2019-04-29 17:41:42.213,10924,10925,10924,1
2019-04-29 17:41:42.219,10924,10925,10924,3
2019-04-29 17:41:42.223,10924,10925,10924,2
2019-04-29 17:41:42.740,10924,10925,10924,1
2019-04-29 17:41:44.503,10924,10925,10924,3
2019-04-29 17:41:44.503,10924,10925,10923,2
2019-04-29 17:41:44.781,10923,10924,10923,3
2019-04-29 17:41:45.197,10923,10924,10923,2
2019-04-29 17:41:48.336,10923,10924,10924,1
2019-04-29 17:41:48.797,10923,10924,10924,1
2019-04-29 17:41:52.307,10923,10925,10923,3
2019-04-29 17:41:54.385,10924,10925,10924,2
2019-04-29 17:41:54.385,10924,10925,10923,6
2019-04-29 17:41:54.898,10923,10925,10923,2
2019-04-29 17:41:59.913,10924,10925,10924,1
2019-04-29 17:42:00.484,10923,10924,10923,2
2019-04-29 17:42:05.088,10923,10924,10923,1
2019-04-29 17:42:05.111,10923,10924,10924,1
2019-04-29 17:42:05.536,10923,10924,10923,1
2019-04-29 17:42:06.115,10923,10924,10923,1
2019-04-29 17:42:06.896,10923,10924,10923,1
2019-04-29 17:42:13.091,10923,10924,10924,3
2019-04-29 17:42:15.126,10923,10924,10923,1
2019-04-29 17:42:15.126,10923,10924,10923,3
2019-04-29 17:42:15.149,10923,10924,10923,3
2019-04-29 17:42:15.172,10923,10924,10923,1
2019-04-29 17:42:15.189,10923,10924,10923,2
2019-04-29 17:42:36.366,10924,10925,10924,1
2019-04-29 17:42:37.742,10924,10925,10924,1
2019-04-29 17:42:37.930,10924,10925,10924,1
2019-04-29 17:42:43.012,10924,10925,10924,1
2019-04-29 17:42:52.966,10924,10925,10925,2
2019-04-29 17:42:53.091,10924,10925,10925,5
2019-04-29 17:42:55.462,10924,10926,10924,1
2019-04-29 17:43:20.583,10924,10925,10925,2
2019-04-29 17:43:27.501,10924,10925,10925,1
2019-04-29 17:43:27.591,10924,10925,10925,4
2019-04-29 17:43:43.017,10925,10926,10925,1
2019-04-29 17:43:46.279,10924,10925,10925,2
2019-04-29 17:43:48.871,10924,10925,10925,1
2019-04-29 17:43:57.656,10925,10926,10925,1
2019-04-29 17:44:17.859,10925,10926,10925,4
2019-04-29 17:44:31.681,10924,10925,10925,4
2019-04-29 17:44:52.440,10925,10926,10925,5
2019-04-29 17:45:17.276,10925,10926,10926,1
2019-04-29 17:45:28.293,10925,10926,10925,1
2019-04-29 17:45:30.231,10925,10926,10926,1
2019-04-29 17:45:40.671,10925,10926,10925,1
2019-04-29 17:45:44.524,10925,10926,10926,3
2019-04-29 17:45:55.141,10925,10926,10926,1
2019-04-29 17:45:57.339,10925,10926,10926,1
2019-04-29 17:45:57.339,10925,10926,10926,2
2019-04-29 17:45:58.611,10926,10927,10927,1
2019-04-29 17:46:20.364,10926,10927,10927,2
2019-04-29 17:46:31.766,10926,10927,10927,3
2019-04-29 17:46:31.767,10926,10927,10927,2
2019-04-29 17:46:31.767,10926,10927,10927,2
2019-04-29 17:46:31.767,10926,10927,10927,5
2019-04-29 17:46:31.767,10926,10927,10927,1
2019-04-29 17:46:31.794,10926,10927,10927,1
2019-04-29 17:46:54.346,10927,10928,10927,5
2019-04-29 17:47:02.810,10927,10928,10928,1
2019-04-29 17:47:03.942,10927,10928,10928,1
2019-04-29 17:47:15.938,10927,10928,10928,1
2019-04-29 17:47:17.157,10927,10928,10928,2
2019-04-29 17:47:21.108,10927,10928,10928,4
2019-04-29 17:47:23.555,10927,10928,10927,1
2019-04-29 17:47:30.334,10927,10928,10928,3
2019-04-29 17:47:37.796,10927,10928,10928,1
2019-04-29 17:48:08.209,10927,10928,10928,1
2019-04-29 17:48:24.156,10927,10928,10928,2
2019-04-29 17:48:52.210,10927,10928,10928,2
2019-04-29 17:49:03.061,10927,10928,10928,1
2019-04-29 17:49:14.466,10927,10928,10928,1
2019-04-29 17:49:14.466,10927,10928,10929,1
2019-04-29 17:49:22.933,10927,10928,10928,1
2019-04-29 17:49:28.750,10927,10928,10928,1
2019-04-29 17:49:32.612,10927,10928,10928,1
2019-04-29 17:49:39.860,10928,10929,10928,2
2019-04-29 17:49:51.589,10927,10928,10928,1
2019-04-29 17:50:19.337,10927,10928,10928,2
2019-04-29 17:50:26.813,10928,10929,10928,1
2019-04-29 17:50:37.142,10927,10928,10928,2
2019-04-29 17:50:59.089,10927,10928,10928,5
2019-04-29 17:51:18.214,10928,10929,10929,1
2019-04-29 17:51:18.339,10928,10929,10929,1
2019-04-29 17:51:19.189,10928,10929,10929,1
2019-04-29 17:51:19.190,10928,10929,10929,4
2019-04-29 17:51:19.190,10928,10929,10929,2
2019-04-29 17:51:19.190,10928,10929,10929,4
2019-04-29 17:51:19.190,10928,10929,10929,1
2019-04-29 17:51:19.190,10928,10929,10929,2
2019-04-29 17:51:22.552,10929,10930,10929,1
2019-04-29 17:51:28.722,10929,10930,10930,1
2019-04-29 17:51:29.027,10929,10930,10930,5
2019-04-29 17:51:32.933,10929,10930,10929,1
2019-04-29 17:51:39.531,10929,10930,10930,1
2019-04-29 17:51:42.671,10929,10930,10930,2
2019-04-29 17:51:45.362,10929,10930,10930,1
2019-04-29 17:51:46.515,10929,10930,10930,1
2019-04-29 17:52:00.154,10930,10931,10930,1
2019-04-29 17:52:00.415,10930,10931,10930,1
2019-04-29 17:52:00.687,10930,10931,10930,1
2019-04-29 17:52:00.747,10930,10931,10930,1
2019-04-29 17:52:01.557,10930,10931,10930,1
2019-04-29 17:52:09.219,10930,10931,10931,6
2019-04-29 17:52:09.374,10930,10931,10931,1
2019-04-29 17:52:09.649,10930,10931,10931,1
2019-04-29 17:52:12.445,10930,10931,10930,1
2019-04-29 17:52:13.071,10930,10931,10930,5
2019-04-29 17:52:25.357,10929,10930,10929,1
2019-04-29 17:52:50.794,10929,10930,10929,3
2019-04-29 17:52:50.795,10929,10930,10929,2
2019-04-29 17:52:50.795,10929,10930,10929,6
2019-04-29 17:52:53.137,10928,10929,10929,1
2019-04-29 17:52:58.464,10928,10929,10928,1
2019-04-29 17:52:59.258,10928,10929,10928,3
2019-04-29 17:52:59.258,10928,10929,10927,1
2019-04-29 17:53:03.506,10927,10928,10927,1
2019-04-29 17:53:05.856,10927,10928,10927,2
2019-04-29 17:53:06.160,10927,10928,10927,1
2019-04-29 17:53:06.295,10927,10928,10927,1
2019-04-29 17:53:09.781,10926,10927,10927,2
2019-04-29 17:53:24.016,10927,10928,10927,1
2019-04-29 17:53:33.142,10927,10928,10927,3
2019-04-29 17:53:43.157,10927,10928,10928,1
2019-04-29 17:54:11.259,10927,10928,10928,5
2019-04-29 17:54:22.277,10927,10928,10927,3
2019-04-29 17:54:22.495,10927,10928,10927,4
2019-04-29 17:55:09.132,10926,10927,10927,1
2019-04-29 17:55:14.659,10926,10927,10927,3
2019-04-29 17:55:20.129,10927,10928,10927,2
2019-04-29 17:55:38.982,10927,10928,10928,10
2019-04-29 17:56:01.081,10927,10928,10928,2
2019-04-29 17:56:03.512,10927,10928,10927,13
2019-04-29 17:56:03.512,10927,10928,10927,5
2019-04-29 17:56:03.513,10927,10928,10927,4
2019-04-29 17:56:03.513,10927,10928,10927,1
2019-04-29 17:56:03.616,10926,10927,10926,1
2019-04-29 17:56:05.418,10926,10927,10926,2
2019-04-29 17:56:06.285,10926,10927,10926,2
2019-04-29 17:56:22.091,10926,10927,10927,3
2019-04-29 17:56:34.419,10927,10928,10927,1
2019-04-29 17:56:51.581,10927,10928,10928,2
2019-04-29 17:57:28.745,10927,10928,10927,2
2019-04-29 17:58:05.172,10927,10928,10927,1
2019-04-29 17:58:13.546,10927,10928,10928,1
2019-04-29 17:58:37.793,10927,10928,10928,4
2019-04-29 17:58:47.960,10927,10928,10928,1
2019-04-29 17:58:49.325,10927,10928,10928,2
2019-04-29 17:58:51.598,10927,10928,10928,1
2019-04-29 17:59:02.147,10927,10928,10927,1
2019-04-29 17:59:25.726,10927,10928,10927,1
2019-04-29 17:59:57.636,10927,10928,10927,1
2019-04-29 17:59:58.778,10927,10928,10927,2
2019-04-29 18:00:00.957,10927,10928,10927,2
2019-04-29 18:00:21.586,10927,10928,10927,1
2019-04-29 18:00:21.783,10927,10928,10927,3
2019-04-29 18:00:21.794,10927,10928,10927,3
2019-04-29 18:00:21.962,10927,10928,10927,1
2019-04-29 18:00:21.962,10927,10928,10926,1
2019-04-29 18:00:22.064,10926,10928,10926,2
2019-04-29 18:00:22.233,10926,10927,10927,1
2019-04-29 18:00:22.718,10926,10927,10926,2
2019-04-29 18:00:26.106,10926,10927,10927,2
2019-04-29 18:01:16.566,10926,10927,10927,2
2019-04-29 18:01:47.223,10926,10927,10927,1
2019-04-29 18:02:06.063,10926,10927,10927,2
2019-04-29 18:02:22.384,10926,10927,10927,1
2019-04-29 18:02:38.908,10926,10927,10927,8
2019-04-29 18:02:39.476,10927,10928,10928,2
2019-04-29 18:02:54.878,10927,10928,10928,1
2019-04-29 18:02:57.936,10927,10928,10928,2
2019-04-29 18:03:26.502,10927,10928,10928,2
2019-04-29 18:04:15.946,10927,10928,10927,2
2019-04-29 18:04:24.857,10927,10928,10927,1
2019-04-29 18:04:52.189,10927,10928,10928,3
2019-04-29 18:04:57.505,10927,10928,10928,1
2019-04-29 18:06:08.294,10927,10928,10928,2
2019-04-29 18:06:28.576,10927,10928,10928,5
2019-04-29 18:07:11.212,10928,10929,10928,1
2019-04-29 18:07:22.330,10928,10929,10929,2
2019-04-29 18:07:22.349,10928,10929,10929,2
2019-04-29 18:07:37.218,10928,10929,10929,1
2019-04-29 18:07:37.254,10928,10929,10929,1
2019-04-29 18:07:37.339,10928,10929,10929,1
2019-04-29 18:07:44.064,10928,10929,10929,1
2019-04-29 18:07:47.578,10928,10929,10928,1
2019-04-29 18:07:47.600,10928,10929,10928,1
2019-04-29 18:08:12.039,10928,10929,10929,1
2019-04-29 18:08:12.059,10928,10929,10929,1
2019-04-29 18:08:19.099,10928,10929,10929,1
2019-04-29 18:08:27.573,10928,10929,10929,1
2019-04-29 18:08:32.171,10928,10929,10928,1
2019-04-29 18:08:32.363,10928,10929,10928,1
2019-04-29 18:09:12.226,10928,10929,10928,1
2019-04-29 18:10:04.721,10928,10929,10929,2
2019-04-29 18:10:20.562,10928,10929,10929,11
2019-04-29 18:10:36.827,10929,10930,10930,1
2019-04-29 18:10:47.321,10929,10930,10930,1
2019-04-29 18:10:47.321,10929,10930,10930,1
2019-04-29 18:10:47.323,10929,10930,10930,1
2019-04-29 18:10:47.339,10929,10930,10930,1
2019-04-29 18:10:48.024,10929,10930,10930,3
2019-04-29 18:10:48.089,10929,10930,10930,1
2019-04-29 18:10:48.089,10929,10930,10930,1
2019-04-29 18:10:48.089,10929,10930,10930,2
2019-04-29 18:10:48.089,10929,10930,10930,1
2019-04-29 18:10:48.089,10929,10930,10930,2
2019-04-29 18:10:48.090,10929,10930,10930,2
2019-04-29 18:10:48.090,10929,10930,10930,3
2019-04-29 18:10:48.090,10929,10930,10930,1
2019-04-29 18:10:59.211,10929,10931,10931,18
2019-04-29 18:11:02.883,10930,10931,10931,2
2019-04-29 18:11:11.705,10930,10931,10930,5
2019-04-29 18:11:20.467,10930,10931,10930,1
2019-04-29 18:11:30.428,10930,10931,10931,2
2019-04-29 18:11:34.340,10930,10931,10931,1
2019-04-29 18:11:37.153,10930,10931,10931,1
2019-04-29 18:11:43.584,10930,10931,10931,2
2019-04-29 18:11:48.263,10931,10932,10931,1
2019-04-29 18:12:08.495,10931,10932,10931,30
2019-04-29 18:12:08.495,10931,10932,10931,7
2019-04-29 18:12:08.495,10931,10932,10931,4
2019-04-29 18:12:08.495,10931,10932,10931,7
2019-04-29 18:12:08.496,10931,10932,10931,2
2019-04-29 18:12:08.496,10931,10932,10931,7
2019-04-29 18:12:08.589,10931,10932,10931,3
2019-04-29 18:12:11.336,10930,10931,10931,4
2019-04-29 18:12:26.641,10930,10931,10931,1
2019-04-29 18:12:38.221,10930,10931,10931,1
2019-04-29 18:12:51.269,10930,10931,10931,1
2019-04-29 18:12:51.308,10930,10931,10931,6
2019-04-29 18:12:55.632,10931,10932,10931,1
2019-04-29 18:13:30.054,10930,10931,10931,1
2019-04-29 18:13:45.796,10930,10931,10930,1
2019-04-29 18:15:52.827,10930,10931,10930,2
2019-04-29 18:16:07.725,10930,10931,10930,7
2019-04-29 18:16:07.933,10929,10931,10930,1
2019-04-29 18:17:14.475,10929,10930,10929,1
2019-04-29 18:17:55.403,10929,10930,10929,2
2019-04-29 18:17:59.083,10929,10930,10929,1
2019-04-29 18:17:59.089,10929,10930,10929,1
2019-04-29 18:17:59.214,10929,10930,10929,5
2019-04-29 18:17:59.214,10929,10930,10929,3
2019-04-29 18:18:09.391,10928,10929,10928,1
2019-04-29 18:18:09.757,10928,10929,10928,2
2019-04-29 18:18:12.983,10928,10929,10928,3
2019-04-29 18:18:15.359,10928,10929,10928,1
2019-04-29 18:18:35.928,10927,10928,10928,2
2019-04-29 18:19:50.529,10929,10930,10929,5
2019-04-29 18:19:51.603,10929,10930,10930,1
2019-04-29 18:19:53.794,10929,10930,10929,1
2019-04-29 18:20:27.947,10929,10930,10930,2
2019-04-29 18:20:28.446,10929,10930,10929,6
2019-04-29 18:20:45.490,10929,10930,10929,3
2019-04-29 18:20:49.218,10929,10930,10929,1
2019-04-29 18:21:25.185,10929,10930,10930,1
2019-04-29 18:21:58.016,10929,10930,10930,4
2019-04-29 18:22:24.741,10930,10931,10931,2
2019-04-29 18:22:44.203,10931,10932,10931,2
2019-04-29 18:23:05.936,10931,10932,10931,1
2019-04-29 18:23:06.091,10931,10932,10931,4
2019-04-29 18:23:08.338,10930,10931,10931,1
2019-04-29 18:23:39.226,10930,10931,10931,2
2019-04-29 18:23:39.648,10930,10931,10930,1
2019-04-29 18:23:41.524,10930,10931,10931,1
2019-04-29 18:23:49.630,10930,10931,10931,1
2019-04-29 18:23:57.998,10930,10931,10931,5
2019-04-29 18:24:16.152,10930,10931,10931,16
2019-04-29 18:24:16.152,10930,10931,10931,1
2019-04-29 18:24:16.152,10930,10931,10931,1
2019-04-29 18:24:16.214,10931,10932,10931,1
2019-04-29 18:24:16.217,10931,10932,10931,1
2019-04-29 18:24:35.407,10930,10931,10931,1
2019-04-29 18:24:37.483,10930,10931,10931,1
2019-04-29 18:24:42.228,10930,10931,10931,1
2019-04-29 18:24:42.339,10930,10931,10931,1
2019-04-29 18:24:42.592,10931,10932,10931,1
2019-04-29 18:24:58.914,10930,10931,10930,4
2019-04-29 18:25:08.866,10929,10930,10930,3
2019-04-29 18:25:11.442,10929,10931,10929,19
2019-04-29 18:25:11.442,10929,10931,10929,1
2019-04-29 18:25:29.768,10929,10930,10929,20
2019-04-29 18:26:29.051,10929,10930,10929,1
2019-04-29 18:27:47.716,10929,10930,10930,2
2019-04-29 18:28:02.814,10929,10930,10930,2
2019-04-29 18:28:14.690,10929,10930,10930,2
2019-04-29 18:28:25.325,10929,10930,10930,6
2019-04-29 18:29:00.589,10930,10931,10930,4
2019-04-29 18:29:22.545,10929,10930,10929,1
2019-04-29 18:29:22.547,10929,10930,10929,1
2019-04-29 18:29:22.587,10929,10930,10929,1
2019-04-29 18:29:22.589,10929,10930,10929,1
2019-04-29 18:29:22.589,10929,10930,10929,1
2019-04-29 18:29:23.211,10928,10929,10929,2
2019-04-29 18:29:48.810,10928,10929,10929,2
2019-04-29 18:29:56.594,10928,10929,10928,1
2019-04-29 18:30:00.843,10928,10929,10928,2
2019-04-29 18:30:17.996,10927,10928,10928,1
2019-04-29 18:30:18.504,10927,10928,10927,6
2019-04-29 18:30:35.372,10927,10928,10927,1
2019-04-29 18:30:37.491,10927,10928,10927,1
2019-04-29 18:30:44.454,10927,10928,10927,4
2019-04-29 18:30:52.526,10926,10927,10927,5
2019-04-29 18:30:54.388,10926,10927,10927,1
2019-04-29 18:31:19.565,10926,10927,10926,1
2019-04-29 18:31:19.724,10926,10927,10926,1
2019-04-29 18:31:24.220,10926,10927,10926,2
2019-04-29 18:31:25.219,10926,10927,10926,1
2019-04-29 18:31:30.831,10926,10927,10926,1
2019-04-29 18:31:31.416,10926,10927,10926,2
2019-04-29 18:31:31.507,10926,10927,10926,1
2019-04-29 18:31:38.547,10926,10927,10927,1
2019-04-29 18:31:38.796,10926,10927,10927,1
2019-04-29 18:31:38.969,10926,10927,10926,5
2019-04-29 18:31:57.160,10926,10927,10926,3
2019-04-29 18:32:08.828,10926,10927,10926,2
2019-04-29 18:33:01.910,10926,10927,10926,1
2019-04-29 18:33:07.729,10926,10927,10926,1
2019-04-29 18:33:17.842,10926,10927,10926,2
2019-04-29 18:33:17.842,10926,10927,10926,4
2019-04-29 18:33:17.842,10926,10927,10926,1
2019-04-29 18:33:17.843,10926,10927,10926,2
2019-04-29 18:33:17.843,10926,10927,10926,1
2019-04-29 18:33:17.844,10926,10927,10926,1
2019-04-29 18:33:23.838,10926,10927,10926,1
2019-04-29 18:33:24.992,10926,10927,10927,1
2019-04-29 18:33:25.977,10926,10927,10926,1
2019-04-29 18:33:39.702,10926,10927,10927,1
2019-04-29 18:33:42.591,10926,10927,10926,1
2019-04-29 18:33:42.591,10926,10927,10926,1
2019-04-29 18:33:46.726,10926,10927,10926,2
2019-04-29 18:33:50.171,10926,10927,10926,5
2019-04-29 18:33:50.498,10926,10927,10926,1
2019-04-29 18:33:50.757,10926,10927,10926,1
2019-04-29 18:33:52.658,10926,10927,10926,1
2019-04-29 18:34:05.929,10925,10926,10926,1
2019-04-29 18:34:05.929,10925,10926,10926,1
2019-04-29 18:34:07.414,10926,10927,10926,1
2019-04-29 18:34:18.004,10926,10927,10926,5
2019-04-29 18:34:18.369,10926,10927,10926,1
2019-04-29 18:34:18.507,10926,10927,10926,1
2019-04-29 18:34:18.792,10926,10927,10926,1
2019-04-29 18:34:33.043,10926,10927,10926,2
2019-04-29 18:34:39.989,10926,10927,10926,2
2019-04-29 18:34:48.983,10926,10927,10926,1
2019-04-29 18:34:49.089,10925,10926,10926,1
2019-04-29 18:35:11.352,10925,10926,10926,1
2019-04-29 18:35:25.040,10925,10926,10926,3
2019-04-29 18:35:25.089,10925,10926,10926,2
2019-04-29 18:35:25.983,10926,10927,10926,1
2019-04-29 18:35:38.882,10926,10927,10926,1
2019-04-29 18:35:47.139,10926,10927,10926,6
2019-04-29 18:36:11.655,10926,10927,10926,10
2019-04-29 18:36:12.860,10926,10927,10926,1
2019-04-29 18:36:17.310,10926,10927,10926,5
2019-04-29 18:36:58.523,10926,10927,10926,3
2019-04-29 18:37:29.816,10926,10927,10927,1
2019-04-29 18:37:29.816,10926,10927,10927,1
2019-04-29 18:37:29.816,10926,10927,10927,2
2019-04-29 18:37:29.817,10926,10927,10927,3
2019-04-29 18:37:47.152,10927,10928,10927,1
2019-04-29 18:38:15.776,10927,10928,10927,1
2019-04-29 18:38:35.311,10927,10928,10927,1
2019-04-29 18:38:35.349,10927,10928,10927,2
2019-04-29 18:38:52.960,10926,10927,10927,3
2019-04-29 18:38:54.995,10926,10927,10926,2
2019-04-29 18:38:55.466,10926,10927,10926,1
2019-04-29 18:39:10.707,10926,10927,10927,2
2019-04-29 18:39:10.714,10926,10927,10927,2
2019-04-29 18:39:10.883,10926,10927,10927,2
2019-04-29 18:39:10.908,10926,10927,10927,2
2019-04-29 18:39:19.682,10927,10928,10927,1
2019-04-29 18:39:19.964,10926,10927,10927,3
2019-04-29 18:39:22.589,10926,10927,10927,1
2019-04-29 18:39:36.464,10926,10927,10927,1
2019-04-29 18:39:50.545,10926,10927,10927,1
2019-04-29 18:40:15.837,10927,10928,10928,1
2019-04-29 18:40:16.043,10927,10928,10927,1
2019-04-29 18:40:16.132,10927,10928,10927,1
2019-04-29 18:40:30.373,10927,10928,10928,1
2019-04-29 18:41:28.274,10927,10928,10927,1
2019-04-29 18:41:28.560,10927,10928,10927,1
2019-04-29 18:41:59.423,10927,10928,10928,4
2019-04-29 18:41:59.423,10927,10928,10928,6
2019-04-29 18:42:26.548,10928,10929,10929,4
2019-04-29 18:42:26.568,10928,10929,10929,1
2019-04-29 18:42:26.885,10929,10930,10930,1
2019-04-29 18:42:27.040,10929,10930,10930,3
2019-04-29 18:42:27.192,10929,10930,10930,4
2019-04-29 18:42:27.240,10929,10930,10930,1
2019-04-29 18:42:39.881,10929,10930,10930,1
2019-04-29 18:42:48.996,10929,10930,10930,3
2019-04-29 18:42:52.706,10929,10930,10930,2
2019-04-29 18:43:05.301,10929,10930,10929,2
2019-04-29 18:43:21.545,10929,10930,10930,2
2019-04-29 18:43:31.899,10929,10930,10930,2
2019-04-29 18:43:32.054,10929,10930,10929,1
2019-04-29 18:43:40.494,10929,10930,10929,1
2019-04-29 18:43:40.589,10929,10930,10929,1
2019-04-29 18:43:40.591,10929,10930,10929,1
2019-04-29 18:43:44.703,10929,10930,10929,1
2019-04-29 18:43:45.004,10929,10930,10929,1
2019-04-29 18:43:45.623,10928,10930,10928,1
2019-04-29 18:43:57.126,10928,10930,10928,1
2019-04-29 18:43:57.140,10928,10930,10928,4
2019-04-29 18:44:09.750,10928,10930,10928,4
2019-04-29 18:44:13.376,10928,10929,10928,1
2019-04-29 18:44:16.901,10927,10928,10928,1
2019-04-29 18:44:47.221,10926,10927,10927,1
2019-04-29 18:44:50.469,10926,10927,10926,1
2019-04-29 18:44:50.798,10926,10927,10926,12
2019-04-29 18:45:09.239,10926,10927,10926,5
2019-04-29 18:45:10.722,10926,10927,10926,1
2019-04-29 18:45:11.246,10926,10927,10926,1
2019-04-29 18:45:11.303,10926,10927,10926,2
2019-04-29 18:45:11.339,10926,10927,10926,1
2019-04-29 18:45:11.817,10926,10927,10926,2
2019-04-29 18:45:11.839,10926,10927,10926,1
2019-04-29 18:45:13.738,10926,10927,10926,3
2019-04-29 18:45:17.255,10925,10926,10925,1
2019-04-29 18:45:17.386,10925,10926,10925,1
2019-04-29 18:45:19.655,10925,10926,10925,2
2019-04-29 18:45:27.668,10925,10926,10926,1
2019-04-29 18:45:42.829,10925,10926,10926,1
2019-04-29 18:45:52.594,10925,10926,10925,1
2019-04-29 18:46:11.295,10925,10926,10925,1
2019-04-29 18:46:18.102,10925,10926,10925,1
2019-04-29 18:46:24.950,10925,10926,10925,2
2019-04-29 18:46:31.780,10925,10926,10925,1
2019-04-29 18:46:35.630,10925,10926,10925,2
2019-04-29 18:46:48.095,10925,10926,10925,1
2019-04-29 18:46:49.406,10925,10926,10926,2
2019-04-29 18:46:49.407,10925,10926,10926,3
2019-04-29 18:46:55.016,10925,10926,10926,2
2019-04-29 18:47:01.794,10925,10926,10926,1
2019-04-29 18:47:46.995,10925,10926,10926,1
2019-04-29 18:47:52.293,10925,10926,10926,1
2019-04-29 18:48:00.832,10925,10926,10926,1
2019-04-29 18:48:14.804,10925,10926,10925,1
2019-04-29 18:48:15.742,10925,10926,10925,1
2019-04-29 18:48:18.485,10925,10926,10925,1
2019-04-29 18:48:18.710,10925,10926,10926,1
2019-04-29 18:48:18.866,10925,10926,10925,1
2019-04-29 18:48:18.969,10925,10926,10925,1
2019-04-29 18:48:24.361,10925,10926,10925,1
2019-04-29 18:48:41.169,10925,10926,10925,1
2019-04-29 18:48:56.438,10925,10926,10925,2
2019-04-29 18:49:16.219,10925,10926,10926,1
2019-04-29 18:49:30.502,10925,10926,10926,2
2019-04-29 18:49:56.455,10925,10926,10926,1
2019-04-29 18:50:02.967,10925,10926,10926,1
2019-04-29 18:50:03.089,10925,10926,10926,1
2019-04-29 18:50:06.490,10925,10926,10926,1
2019-04-29 18:50:15.687,10925,10926,10926,2
2019-04-29 18:50:23.730,10925,10926,10926,1
2019-04-29 18:50:23.845,10925,10926,10926,1
2019-04-29 18:50:42.371,10925,10926,10926,1
2019-04-29 18:51:26.852,10925,10926,10926,1
2019-04-29 18:51:26.964,10925,10926,10926,1
2019-04-29 18:51:27.089,10925,10926,10926,1
2019-04-29 18:51:28.979,10925,10926,10926,2
2019-04-29 18:51:29.839,10926,10927,10926,1
2019-04-29 18:52:02.883,10926,10927,10926,1
2019-04-29 18:52:03.151,10926,10927,10926,1
2019-04-29 18:52:03.399,10926,10927,10926,1
2019-04-29 18:52:03.664,10926,10927,10926,1
2019-04-29 18:52:20.695,10926,10927,10927,1
2019-04-29 18:53:20.270,10926,10927,10927,10
2019-04-29 18:53:22.019,10926,10927,10927,1
2019-04-29 18:53:23.734,10926,10927,10927,10
2019-04-29 18:53:46.299,10926,10927,10927,2
2019-04-29 18:54:10.597,10926,10927,10927,1
2019-04-29 18:54:10.597,10926,10927,10928,1
2019-04-29 18:54:15.431,10927,10928,10927,1
2019-04-29 18:54:18.883,10927,10928,10927,2
2019-04-29 18:54:43.165,10926,10927,10926,1
2019-04-29 18:54:43.166,10926,10927,10926,4
2019-04-29 18:54:43.166,10926,10927,10926,3
2019-04-29 18:54:50.647,10925,10926,10925,5
2019-04-29 18:54:59.714,10925,10926,10925,2
2019-04-29 18:55:01.193,10925,10926,10925,5
2019-04-29 18:55:09.437,10925,10926,10925,1
2019-04-29 18:55:23.310,10925,10926,10925,2
2019-04-29 18:55:23.339,10925,10926,10925,1
2019-04-29 18:55:23.464,10925,10926,10925,1
2019-04-29 18:55:24.213,10925,10926,10925,2
2019-04-29 18:55:24.214,10925,10926,10925,1
2019-04-29 18:55:25.085,10925,10926,10925,1
2019-04-29 18:55:25.085,10925,10926,10925,1
2019-04-29 18:55:25.086,10925,10926,10925,1
2019-04-29 18:55:25.146,10925,10926,10925,7
2019-04-29 18:55:50.106,10924,10925,10924,1
2019-04-29 18:55:57.486,10924,10925,10924,1
2019-04-29 18:56:00.250,10924,10925,10924,1
2019-04-29 18:56:00.504,10924,10925,10924,1
2019-04-29 18:56:00.888,10924,10925,10924,1
2019-04-29 18:56:02.176,10924,10925,10924,5
2019-04-29 18:56:03.950,10924,10925,10924,1
2019-04-29 18:56:04.498,10924,10925,10924,1
2019-04-29 18:56:10.598,10924,10925,10924,5
2019-04-29 18:56:11.285,10924,10925,10924,2
2019-04-29 18:56:16.182,10924,10925,10924,1
2019-04-29 18:56:16.563,10924,10925,10924,15
2019-04-29 18:56:23.195,10923,10924,10924,1
2019-04-29 18:56:35.961,10924,10925,10924,1
2019-04-29 18:56:36.841,10924,10925,10925,2
2019-04-29 18:56:38.639,10924,10925,10924,1
2019-04-29 18:56:43.135,10924,10925,10925,1
2019-04-29 18:56:43.155,10924,10925,10925,2
2019-04-29 18:56:43.214,10924,10925,10925,1
2019-04-29 18:56:43.214,10924,10925,10925,1
2019-04-29 18:56:43.214,10924,10925,10925,1
2019-04-29 18:56:46.646,10925,10926,10925,1
