2020-05-14 15:00:00.012,10736,10737,10735,104,-104
2020-05-14 15:00:00.013,10735,10736,10735,5,-5
2020-05-14 15:00:00.086,10734,10736,10734,1,-1
2020-05-14 15:00:00.202,10734,10736,10734,1,-1
2020-05-14 15:00:00.219,10734,10736,10734,2,-2
2020-05-14 15:00:00.219,10734,10736,10733,11,-11
2020-05-14 15:00:00.219,10734,10736,10732,2,-2
2020-05-14 15:00:00.221,10734,10736,10733,1,1
2020-05-14 15:00:00.234,10734,10736,10733,4,-4
2020-05-14 15:00:00.234,10734,10736,10732,3,-3
2020-05-14 15:00:00.277,10733,10734,10734,1,1
2020-05-14 15:00:00.436,10733,10735,10733,1,-1
2020-05-14 15:00:00.440,10733,10735,10733,1,-1
2020-05-14 15:00:00.442,10733,10735,10732,1,-1
2020-05-14 15:00:00.483,10733,10735,10732,4,-4
2020-05-14 15:00:00.524,10732,10734,10732,1,-1
2020-05-14 15:00:00.620,10732,10734,10734,1,1
2020-05-14 15:00:00.632,10732,10734,10733,1,-1
2020-05-14 15:00:00.634,10732,10734,10734,1,1
2020-05-14 15:00:00.634,10732,10734,10735,1,1
2020-05-14 15:00:00.636,10732,10734,10733,1,-1
2020-05-14 15:00:00.663,10732,10734,10734,1,1
2020-05-14 15:00:00.663,10732,10734,10735,5,5
2020-05-14 15:00:00.664,10732,10734,10733,2,-2
2020-05-14 15:00:00.672,10732,10734,10733,1,-1
2020-05-14 15:00:00.672,10732,10734,10732,1,-1
2020-05-14 15:00:00.684,10732,10734,10733,2,2
2020-05-14 15:00:00.761,10732,10734,10733,1,-1
2020-05-14 15:00:00.793,10733,10735,10735,2,2
2020-05-14 15:00:00.795,10733,10735,10735,3,3
2020-05-14 15:00:00.795,10733,10735,10736,3,3
2020-05-14 15:00:00.827,10733,10735,10734,1,-1
2020-05-14 15:00:00.864,10733,10735,10735,5,5
2020-05-14 15:00:00.864,10733,10735,10736,1,1
2020-05-14 15:00:00.864,10733,10735,10734,1,-1
2020-05-14 15:00:00.874,10733,10735,10736,2,2
2020-05-14 15:00:00.880,10733,10735,10736,2,2
2020-05-14 15:00:00.891,10733,10735,10736,1,1
2020-05-14 15:00:00.913,10734,10736,10734,1,-1
2020-05-14 15:00:00.917,10734,10736,10736,2,2
2020-05-14 15:00:00.937,10734,10736,10734,1,-1
2020-05-14 15:00:00.954,10734,10736,10736,2,2
2020-05-14 15:00:00.955,10734,10736,10735,1,-1
2020-05-14 15:00:00.955,10734,10736,10736,1,1
2020-05-14 15:00:00.965,10734,10736,10736,4,4
2020-05-14 15:00:01.005,10734,10736,10734,2,-2
2020-05-14 15:00:01.005,10734,10736,10733,1,-1
2020-05-14 15:00:01.040,10733,10736,10736,1,1
2020-05-14 15:00:01.040,10733,10736,10737,1,1
2020-05-14 15:00:01.059,10733,10736,10733,1,-1
2020-05-14 15:00:01.116,10733,10736,10736,1,1
2020-05-14 15:00:01.116,10733,10736,10737,1,1
2020-05-14 15:00:01.123,10733,10736,10735,1,-1
2020-05-14 15:00:01.130,10733,10736,10737,2,2
2020-05-14 15:00:01.218,10735,10737,10735,1,-1
2020-05-14 15:00:01.251,10735,10737,10735,2,-2
2020-05-14 15:00:01.285,10735,10736,10736,2,2
2020-05-14 15:00:01.315,10735,10736,10736,1,1
2020-05-14 15:00:01.315,10735,10736,10737,1,1
2020-05-14 15:00:01.399,10735,10737,10737,2,2
2020-05-14 15:00:01.417,10735,10737,10735,1,-1
2020-05-14 15:00:01.421,10735,10737,10735,1,-1
2020-05-14 15:00:01.456,10735,10737,10736,1,1
2020-05-14 15:00:01.456,10735,10737,10737,4,4
2020-05-14 15:00:01.516,10735,10737,10736,1,-1
2020-05-14 15:00:01.626,10735,10737,10735,1,-1
2020-05-14 15:00:01.627,10735,10737,10737,2,2
2020-05-14 15:00:01.733,10735,10737,10737,4,4
2020-05-14 15:00:01.733,10735,10737,10737,3,3
2020-05-14 15:00:01.736,10735,10737,10737,4,4
2020-05-14 15:00:01.770,10736,10737,10737,1,1
2020-05-14 15:00:02.029,10736,10738,10738,2,2
2020-05-14 15:00:02.227,10735,10736,10735,1,-1
2020-05-14 15:00:02.337,10734,10736,10737,1,1
2020-05-14 15:00:02.430,10735,10737,10737,2,2
2020-05-14 15:00:02.443,10735,10737,10737,1,1
2020-05-14 15:00:02.451,10735,10737,10737,1,1
2020-05-14 15:00:02.609,10735,10737,10737,3,3
2020-05-14 15:00:02.672,10735,10738,10738,1,1
2020-05-14 15:00:02.893,10736,10738,10738,6,6
2020-05-14 15:00:03.372,10736,10738,10737,1,-1
2020-05-14 15:00:03.428,10736,10738,10737,1,-1
2020-05-14 15:00:03.474,10736,10738,10738,13,13
2020-05-14 15:00:03.645,10738,10739,10739,9,9
2020-05-14 15:00:03.645,10738,10739,10739,9,9
2020-05-14 15:00:03.809,10738,10740,10738,1,-1
2020-05-14 15:00:03.981,10738,10740,10740,5,5
2020-05-14 15:00:04.198,10738,10741,10740,1,-1
2020-05-14 15:00:04.274,10738,10741,10741,1,1
2020-05-14 15:00:04.491,10739,10741,10741,2,2
2020-05-14 15:00:04.563,10740,10741,10740,1,-1
2020-05-14 15:00:04.732,10740,10741,10741,1,1
2020-05-14 15:00:05.523,10741,10742,10742,1,1
2020-05-14 15:00:05.858,10741,10742,10742,2,2
2020-05-14 15:00:06.008,10742,10743,10742,2,-2
2020-05-14 15:00:06.008,10742,10743,10741,3,-3
2020-05-14 15:00:06.117,10741,10743,10741,1,-1
2020-05-14 15:00:06.117,10741,10743,10741,2,-2
2020-05-14 15:00:06.117,10741,10743,10741,1,-1
2020-05-14 15:00:06.117,10741,10743,10741,2,-2
2020-05-14 15:00:06.118,10741,10743,10741,1,-1
2020-05-14 15:00:06.445,10740,10741,10741,1,1
2020-05-14 15:00:06.660,10740,10742,10742,1,1
2020-05-14 15:00:06.675,10740,10742,10740,2,-2
2020-05-14 15:00:06.978,10739,10741,10741,2,2
2020-05-14 15:00:07.603,10740,10741,10741,2,2
2020-05-14 15:00:08.479,10740,10741,10741,2,2
2020-05-14 15:00:08.623,10740,10742,10741,1,-1
2020-05-14 15:00:09.144,10740,10742,10742,1,1
2020-05-14 15:00:10.035,10740,10742,10742,1,1
2020-05-14 15:00:10.309,10740,10742,10740,1,-1
2020-05-14 15:00:10.620,10740,10741,10740,3,-3
2020-05-14 15:00:10.620,10740,10741,10739,3,-3
2020-05-14 15:00:10.622,10740,10741,10739,4,-4
2020-05-14 15:00:10.856,10739,10741,10741,2,2
2020-05-14 15:00:10.863,10739,10741,10741,2,2
2020-05-14 15:00:12.476,10740,10741,10741,1,1
2020-05-14 15:00:12.847,10740,10741,10740,1,-1
2020-05-14 15:00:13.075,10740,10741,10741,2,2
2020-05-14 15:00:13.492,10740,10741,10741,1,1
2020-05-14 15:00:14.387,10740,10741,10740,1,-1
2020-05-14 15:00:15.082,10739,10740,10740,1,1
2020-05-14 15:00:15.615,10739,10740,10739,1,-1
2020-05-14 15:00:15.681,10739,10740,10739,1,-1
2020-05-14 15:00:16.049,10739,10740,10740,2,2
2020-05-14 15:00:16.103,10739,10740,10739,4,-4
2020-05-14 15:00:16.104,10739,10740,10739,1,-1
2020-05-14 15:00:16.220,10738,10740,10740,1,1
2020-05-14 15:00:16.371,10738,10740,10740,3,3
2020-05-14 15:00:17.383,10738,10740,10739,1,-1
2020-05-14 15:00:17.565,10738,10740,10739,1,-1
2020-05-14 15:00:17.745,10738,10740,10740,1,1
2020-05-14 15:00:17.850,10738,10740,10738,1,-1
2020-05-14 15:00:17.952,10738,10739,10739,1,1
2020-05-14 15:00:18.185,10738,10739,10738,2,-2
2020-05-14 15:00:19.443,10737,10739,10737,4,-4
2020-05-14 15:00:21.280,10737,10739,10739,1,1
2020-05-14 15:00:22.439,10737,10739,10737,2,-2
2020-05-14 15:00:22.590,10737,10739,10737,1,-1
2020-05-14 15:00:22.936,10737,10738,10738,1,1
2020-05-14 15:00:23.390,10737,10738,10737,1,-1
2020-05-14 15:00:23.610,10737,10738,10737,15,-15
2020-05-14 15:00:24.103,10736,10738,10738,2,2
2020-05-14 15:00:24.989,10736,10737,10736,1,-1
2020-05-14 15:00:26.940,10736,10737,10737,1,1
2020-05-14 15:00:26.940,10736,10737,10738,1,1
2020-05-14 15:00:26.940,10736,10737,10739,4,4
2020-05-14 15:00:28.820,10738,10739,10738,1,-1
2020-05-14 15:00:29.402,10737,10739,10739,1,1
2020-05-14 15:00:29.848,10737,10739,10739,1,1
2020-05-14 15:00:31.394,10739,10740,10739,1,-1
2020-05-14 15:00:31.702,10738,10740,10738,4,-4
2020-05-14 15:00:31.702,10738,10740,10737,2,-2
2020-05-14 15:00:31.785,10738,10739,10738,1,1
2020-05-14 15:00:32.311,10739,10740,10740,1,1
2020-05-14 15:00:33.121,10739,10740,10740,1,1
2020-05-14 15:00:33.517,10739,10740,10740,1,1
2020-05-14 15:00:33.801,10739,10740,10740,1,1
2020-05-14 15:00:34.042,10739,10741,10741,1,1
2020-05-14 15:00:34.044,10739,10741,10741,2,2
2020-05-14 15:00:34.566,10740,10741,10740,1,-1
2020-05-14 15:00:34.743,10740,10741,10740,1,-1
2020-05-14 15:00:35.019,10740,10741,10740,1,-1
2020-05-14 15:00:35.342,10740,10741,10741,1,1
2020-05-14 15:00:36.446,10740,10741,10741,1,1
2020-05-14 15:00:36.643,10740,10741,10741,3,3
2020-05-14 15:00:38.042,10740,10741,10741,3,3
2020-05-14 15:00:39.077,10741,10742,10742,1,1
2020-05-14 15:00:39.144,10741,10742,10741,1,-1
2020-05-14 15:00:39.539,10741,10742,10741,2,-2
2020-05-14 15:00:40.581,10741,10742,10742,1,1
2020-05-14 15:00:42.481,10741,10742,10741,1,-1
2020-05-14 15:00:44.580,10741,10742,10741,2,-2
2020-05-14 15:00:45.194,10741,10742,10742,1,1
2020-05-14 15:00:45.737,10741,10742,10742,1,1
2020-05-14 15:00:46.656,10741,10742,10742,1,1
2020-05-14 15:00:46.656,10741,10742,10742,2,2
2020-05-14 15:00:46.656,10741,10742,10742,2,2
2020-05-14 15:00:46.863,10742,10743,10743,5,5
2020-05-14 15:00:46.904,10742,10744,10744,2,2
2020-05-14 15:00:47.606,10742,10744,10744,2,2
2020-05-14 15:00:47.753,10743,10745,10744,1,-1
2020-05-14 15:00:47.753,10743,10745,10745,1,1
2020-05-14 15:00:47.797,10743,10745,10743,2,-2
2020-05-14 15:00:47.797,10743,10745,10742,3,-3
2020-05-14 15:00:47.896,10742,10744,10742,1,-1
2020-05-14 15:00:47.922,10742,10744,10742,1,-1
2020-05-14 15:00:48.920,10742,10743,10742,1,-1
2020-05-14 15:00:49.858,10742,10743,10743,4,4
2020-05-14 15:00:49.858,10742,10743,10744,6,6
2020-05-14 15:00:51.474,10742,10743,10743,1,1
2020-05-14 15:00:51.474,10742,10743,10744,1,1
2020-05-14 15:00:51.915,10742,10744,10744,1,1
2020-05-14 15:00:52.425,10742,10743,10743,1,1
2020-05-14 15:00:54.739,10742,10743,10743,1,1
2020-05-14 15:00:56.139,10742,10743,10742,1,-1
2020-05-14 15:00:56.185,10742,10743,10742,1,-1
2020-05-14 15:00:56.186,10742,10743,10742,1,-1
2020-05-14 15:00:56.186,10742,10743,10742,1,-1
2020-05-14 15:00:56.186,10742,10743,10742,1,-1
2020-05-14 15:00:57.772,10742,10743,10743,2,2
2020-05-14 15:00:57.772,10742,10743,10744,3,3
2020-05-14 15:00:57.929,10743,10744,10743,1,-1
2020-05-14 15:00:59.414,10742,10744,10742,2,-2
2020-05-14 15:00:59.901,10742,10743,10742,1,-1
2020-05-14 15:00:59.901,10742,10743,10742,2,-2
2020-05-14 15:00:59.937,10742,10743,10741,2,-2
2020-05-14 15:00:59.941,10742,10743,10741,1,-1
2020-05-14 15:00:59.943,10742,10743,10741,2,-2
2020-05-14 15:01:00.001,10742,10743,10741,1,-1
2020-05-14 15:01:00.113,10741,10742,10741,1,-1
2020-05-14 15:01:00.164,10741,10742,10742,1,1
2020-05-14 15:01:00.233,10741,10742,10742,2,2
2020-05-14 15:01:00.234,10741,10742,10742,3,3
2020-05-14 15:01:00.234,10741,10742,10741,1,-1
2020-05-14 15:01:00.524,10740,10742,10742,5,5
2020-05-14 15:01:00.556,10740,10742,10742,1,1
2020-05-14 15:01:01.385,10740,10742,10742,1,1
2020-05-14 15:01:01.385,10740,10742,10742,4,4
2020-05-14 15:01:01.956,10742,10743,10742,1,-1
2020-05-14 15:01:01.956,10742,10743,10741,4,-4
2020-05-14 15:01:02.099,10741,10743,10741,2,-2
2020-05-14 15:01:03.013,10740,10742,10741,1,-1
2020-05-14 15:01:04.682,10741,10742,10742,1,1
2020-05-14 15:01:05.122,10741,10742,10741,1,-1
2020-05-14 15:01:05.122,10741,10742,10740,1,-1
2020-05-14 15:01:06.190,10740,10742,10740,1,-1
2020-05-14 15:01:08.047,10741,10742,10742,1,1
2020-05-14 15:01:10.443,10741,10742,10742,1,1
2020-05-14 15:01:10.443,10741,10742,10742,5,5
2020-05-14 15:01:10.485,10741,10742,10742,3,3
2020-05-14 15:01:10.681,10742,10743,10743,1,1
2020-05-14 15:01:10.843,10742,10743,10742,1,-1
2020-05-14 15:01:11.860,10742,10743,10743,5,5
2020-05-14 15:01:11.860,10742,10743,10743,4,4
2020-05-14 15:01:11.861,10742,10743,10743,2,2
2020-05-14 15:01:12.412,10742,10744,10742,1,-1
2020-05-14 15:01:13.080,10742,10744,10742,1,-1
2020-05-14 15:01:16.317,10743,10744,10743,1,1
2020-05-14 15:01:16.948,10743,10744,10744,1,1
2020-05-14 15:01:16.948,10743,10744,10744,1,1
2020-05-14 15:01:17.548,10743,10745,10743,3,-3
2020-05-14 15:01:17.548,10743,10745,10742,3,-3
2020-05-14 15:01:17.865,10743,10744,10744,2,2
2020-05-14 15:01:17.865,10743,10744,10745,3,3
2020-05-14 15:01:18.263,10743,10745,10745,5,5
2020-05-14 15:01:21.565,10743,10744,10744,1,1
2020-05-14 15:01:21.726,10743,10745,10743,7,-7
2020-05-14 15:01:21.727,10743,10745,10743,2,-2
2020-05-14 15:01:21.727,10743,10745,10743,2,-2
2020-05-14 15:01:21.877,10743,10744,10745,1,1
2020-05-14 15:01:21.894,10743,10745,10745,1,1
2020-05-14 15:01:25.023,10744,10745,10745,1,1
2020-05-14 15:01:27.275,10744,10745,10745,2,2
2020-05-14 15:01:27.295,10744,10745,10745,1,1
2020-05-14 15:01:28.956,10744,10745,10745,1,1
2020-05-14 15:01:29.060,10744,10745,10745,1,1
2020-05-14 15:01:29.527,10744,10745,10745,1,1
2020-05-14 15:01:30.288,10744,10746,10746,5,5
2020-05-14 15:01:32.830,10744,10745,10744,1,-1
2020-05-14 15:01:32.895,10744,10745,10744,6,-6
2020-05-14 15:01:33.237,10743,10744,10744,1,1
2020-05-14 15:01:33.935,10743,10744,10744,1,1
2020-05-14 15:01:34.242,10743,10744,10744,2,2
2020-05-14 15:01:36.519,10743,10744,10743,2,-2
2020-05-14 15:01:36.646,10742,10744,10743,1,-1
2020-05-14 15:01:38.010,10743,10744,10743,1,-1
2020-05-14 15:01:38.028,10742,10743,10743,1,1
2020-05-14 15:01:43.105,10743,10744,10744,1,1
2020-05-14 15:01:43.865,10743,10744,10743,2,-2
2020-05-14 15:01:44.359,10743,10744,10743,1,-1
2020-05-14 15:01:44.394,10743,10744,10743,1,-1
2020-05-14 15:01:47.177,10743,10744,10744,1,1
2020-05-14 15:01:49.740,10743,10744,10744,1,1
2020-05-14 15:01:49.740,10743,10744,10744,4,4
2020-05-14 15:01:50.770,10744,10745,10745,3,3
2020-05-14 15:01:50.770,10744,10745,10745,1,1
2020-05-14 15:01:52.138,10744,10746,10745,1,-1
2020-05-14 15:01:52.138,10744,10746,10745,1,-1
2020-05-14 15:01:52.769,10745,10746,10746,2,2
2020-05-14 15:01:52.930,10745,10747,10747,1,1
2020-05-14 15:01:53.189,10746,10747,10746,1,-1
2020-05-14 15:01:53.728,10745,10747,10745,1,-1
2020-05-14 15:01:56.379,10745,10746,10746,1,1
2020-05-14 15:01:57.939,10746,10747,10746,2,-2
2020-05-14 15:01:59.361,10746,10747,10746,1,-1
2020-05-14 15:01:59.362,10746,10747,10746,3,-3
2020-05-14 15:01:59.362,10746,10747,10746,1,-1
2020-05-14 15:01:59.389,10746,10747,10746,3,-3
2020-05-14 15:02:00.059,10746,10747,10746,1,-1
2020-05-14 15:02:00.060,10746,10747,10745,1,-1
2020-05-14 15:02:00.447,10745,10746,10746,1,1
2020-05-14 15:02:01.907,10745,10746,10745,1,-1
2020-05-14 15:02:02.173,10745,10746,10745,2,-2
2020-05-14 15:02:02.319,10745,10746,10745,1,-1
2020-05-14 15:02:02.948,10745,10746,10746,1,1
2020-05-14 15:02:03.660,10745,10746,10745,1,-1
2020-05-14 15:02:03.904,10745,10746,10745,1,-1
2020-05-14 15:02:04.711,10744,10746,10744,1,-1
2020-05-14 15:02:06.277,10744,10745,10745,1,1
2020-05-14 15:02:07.826,10744,10745,10744,1,-1
2020-05-14 15:02:07.826,10744,10745,10744,5,-5
2020-05-14 15:02:08.889,10743,10744,10744,1,1
2020-05-14 15:02:09.440,10744,10745,10744,1,-1
2020-05-14 15:02:09.595,10743,10745,10743,1,-1
2020-05-14 15:02:10.141,10743,10744,10744,1,1
2020-05-14 15:02:11.896,10743,10744,10743,1,-1
2020-05-14 15:02:11.897,10743,10744,10743,6,-6
2020-05-14 15:02:12.051,10742,10743,10742,1,-1
2020-05-14 15:02:12.979,10742,10743,10743,1,1
2020-05-14 15:02:13.503,10742,10743,10743,1,1
2020-05-14 15:02:17.111,10743,10744,10744,1,1
2020-05-14 15:02:17.285,10743,10744,10744,1,1
2020-05-14 15:02:17.310,10743,10744,10743,2,-2
2020-05-14 15:02:18.946,10743,10744,10744,1,1
2020-05-14 15:02:18.946,10743,10744,10744,4,4
2020-05-14 15:02:18.946,10743,10744,10744,1,1
2020-05-14 15:02:18.946,10743,10744,10744,3,3
2020-05-14 15:02:18.947,10743,10744,10744,2,2
2020-05-14 15:02:21.918,10744,10745,10744,1,-1
2020-05-14 15:02:22.948,10744,10745,10745,1,1
2020-05-14 15:02:27.738,10745,10746,10746,1,1
2020-05-14 15:02:34.964,10745,10746,10745,1,-1
2020-05-14 15:02:35.249,10745,10746,10746,4,4
2020-05-14 15:02:35.249,10745,10746,10746,5,5
2020-05-14 15:02:35.474,10746,10747,10746,1,-1
2020-05-14 15:02:40.514,10746,10747,10746,1,-1
2020-05-14 15:02:43.252,10745,10746,10746,2,2
2020-05-14 15:02:43.956,10745,10747,10747,1,1
2020-05-14 15:02:44.137,10745,10747,10745,5,-5
2020-05-14 15:02:44.181,10745,10746,10745,1,-1
2020-05-14 15:02:45.970,10745,10746,10745,1,-1
2020-05-14 15:02:47.553,10745,10746,10745,5,-5
2020-05-14 15:02:50.117,10745,10746,10745,1,-1
2020-05-14 15:02:50.273,10744,10745,10744,2,-2
2020-05-14 15:02:51.878,10744,10745,10744,3,-3
2020-05-14 15:02:52.272,10744,10745,10744,1,-1
2020-05-14 15:02:53.021,10743,10744,10744,1,1
2020-05-14 15:02:53.021,10743,10744,10745,1,1
2020-05-14 15:02:53.968,10743,10744,10743,5,-5
2020-05-14 15:02:56.753,10743,10744,10744,1,1
2020-05-14 15:02:57.401,10743,10745,10743,5,-5
2020-05-14 15:03:00.887,10743,10745,10744,1,1
2020-05-14 15:03:01.283,10743,10744,10743,1,-1
2020-05-14 15:03:02.349,10743,10744,10743,1,-1
2020-05-14 15:03:02.384,10743,10744,10743,1,-1
2020-05-14 15:03:02.546,10743,10744,10743,2,-2
2020-05-14 15:03:02.546,10743,10744,10743,5,-5
2020-05-14 15:03:03.804,10742,10743,10742,3,-3
2020-05-14 15:03:03.804,10742,10743,10743,1,1
2020-05-14 15:03:03.898,10742,10743,10742,1,-1
2020-05-14 15:03:05.163,10742,10743,10742,1,-1
2020-05-14 15:03:07.660,10742,10744,10742,5,-5
2020-05-14 15:03:08.636,10742,10744,10743,1,1
2020-05-14 15:03:08.870,10743,10744,10743,2,-2
2020-05-14 15:03:09.346,10742,10744,10744,1,1
2020-05-14 15:03:11.262,10743,10744,10743,1,-1
2020-05-14 15:03:11.485,10742,10743,10742,5,-5
2020-05-14 15:03:12.249,10742,10743,10742,1,-1
2020-05-14 15:03:12.944,10742,10743,10742,8,-8
2020-05-14 15:03:12.944,10742,10743,10742,3,-3
2020-05-14 15:03:12.944,10742,10743,10742,1,-1
2020-05-14 15:03:12.944,10742,10743,10742,3,-3
2020-05-14 15:03:14.781,10741,10742,10741,5,-5
2020-05-14 15:03:15.305,10741,10742,10741,1,-1
2020-05-14 15:03:15.628,10741,10742,10741,12,-12
2020-05-14 15:03:15.761,10741,10742,10741,3,-3
2020-05-14 15:03:16.919,10741,10742,10741,2,-2
2020-05-14 15:03:19.502,10741,10742,10741,6,-6
2020-05-14 15:03:19.722,10741,10742,10741,2,-2
2020-05-14 15:03:19.722,10741,10742,10741,1,-1
2020-05-14 15:03:19.722,10741,10742,10741,1,-1
2020-05-14 15:03:19.723,10741,10742,10741,1,-1
2020-05-14 15:03:19.723,10741,10742,10741,1,-1
2020-05-14 15:03:19.723,10741,10742,10741,1,-1
2020-05-14 15:03:19.723,10741,10742,10741,5,-5
2020-05-14 15:03:19.773,10740,10741,10740,15,-15
2020-05-14 15:03:19.774,10740,10741,10740,2,-2
2020-05-14 15:03:19.774,10740,10741,10740,1,-1
2020-05-14 15:03:20.682,10739,10740,10739,5,-5
2020-05-14 15:03:20.943,10739,10740,10739,5,-5
2020-05-14 15:03:24.197,10739,10740,10739,1,-1
2020-05-14 15:03:25.595,10739,10740,10739,1,-1
2020-05-14 15:03:26.409,10739,10740,10740,1,1
2020-05-14 15:03:27.014,10739,10740,10739,1,-1
2020-05-14 15:03:28.060,10739,10740,10740,1,1
2020-05-14 15:03:28.060,10739,10740,10740,4,4
2020-05-14 15:03:29.421,10741,10742,10741,1,1
2020-05-14 15:03:30.188,10741,10742,10742,2,2
2020-05-14 15:03:30.241,10741,10742,10743,3,3
2020-05-14 15:03:30.660,10742,10743,10742,2,-2
2020-05-14 15:03:35.971,10742,10743,10743,6,6
2020-05-14 15:03:37.578,10743,10744,10743,1,-1
2020-05-14 15:03:40.861,10742,10743,10743,1,1
2020-05-14 15:03:45.051,10743,10744,10744,1,1
2020-05-14 15:03:45.440,10743,10744,10744,2,2
2020-05-14 15:03:46.450,10743,10744,10743,1,-1
2020-05-14 15:03:50.854,10743,10744,10744,1,1
2020-05-14 15:03:52.362,10743,10744,10744,2,2
2020-05-14 15:03:56.889,10742,10744,10744,2,2
2020-05-14 15:04:01.677,10743,10744,10744,1,1
2020-05-14 15:04:01.677,10743,10744,10744,1,1
2020-05-14 15:04:02.241,10744,10745,10744,3,-3
2020-05-14 15:04:02.241,10744,10745,10744,2,-2
2020-05-14 15:04:02.242,10744,10745,10744,2,-2
2020-05-14 15:04:02.331,10744,10745,10744,1,-1
2020-05-14 15:04:02.496,10744,10745,10744,3,-3
2020-05-14 15:04:02.497,10744,10745,10744,1,-1
2020-05-14 15:04:04.627,10744,10745,10745,1,1
2020-05-14 15:04:04.627,10744,10745,10745,3,3
2020-05-14 15:04:04.627,10744,10745,10745,4,4
2020-05-14 15:04:04.829,10744,10746,10744,3,-3
2020-05-14 15:04:06.820,10745,10746,10746,2,2
2020-05-14 15:04:08.895,10745,10746,10746,4,4
2020-05-14 15:04:10.289,10746,10747,10746,6,-6
2020-05-14 15:04:10.876,10746,10747,10746,1,-1
2020-05-14 15:04:11.006,10746,10747,10747,1,1
2020-05-14 15:04:12.201,10746,10747,10747,1,1
2020-05-14 15:04:12.510,10746,10747,10746,5,-5
2020-05-14 15:04:12.867,10746,10747,10747,6,6
2020-05-14 15:04:13.091,10747,10748,10746,1,-1
2020-05-14 15:04:13.987,10747,10748,10748,3,3
2020-05-14 15:04:19.187,10747,10748,10748,7,7
2020-05-14 15:04:19.980,10747,10749,10749,1,1
2020-05-14 15:04:22.195,10748,10749,10749,1,1
2020-05-14 15:04:22.227,10748,10749,10749,1,1
2020-05-14 15:04:22.227,10748,10749,10749,3,3
2020-05-14 15:04:22.617,10748,10750,10748,5,-5
2020-05-14 15:04:23.670,10749,10750,10749,2,2
2020-05-14 15:04:24.885,10749,10750,10750,6,6
2020-05-14 15:04:24.895,10749,10750,10750,6,6
2020-05-14 15:04:24.897,10749,10750,10750,3,3
2020-05-14 15:04:24.901,10749,10750,10750,6,6
2020-05-14 15:04:24.901,10749,10750,10750,6,6
2020-05-14 15:04:24.969,10749,10750,10751,3,3
2020-05-14 15:04:26.124,10749,10751,10749,1,-1
2020-05-14 15:04:26.250,10749,10750,10750,1,1
2020-05-14 15:04:28.384,10749,10750,10750,1,1
2020-05-14 15:04:29.152,10749,10750,10750,2,2
2020-05-14 15:04:29.243,10749,10750,10750,1,1
2020-05-14 15:04:29.385,10749,10750,10750,1,1
2020-05-14 15:04:29.616,10749,10750,10750,1,1
2020-05-14 15:04:29.800,10749,10750,10750,1,1
2020-05-14 15:04:30.313,10749,10750,10750,1,1
2020-05-14 15:04:30.395,10749,10750,10750,1,1
2020-05-14 15:04:31.693,10749,10750,10749,1,-1
2020-05-14 15:04:31.697,10749,10750,10750,1,1
2020-05-14 15:04:33.947,10749,10750,10750,1,1
2020-05-14 15:04:34.894,10749,10750,10749,1,-1
2020-05-14 15:04:34.895,10749,10750,10749,2,-2
2020-05-14 15:04:34.895,10749,10750,10749,4,-4
2020-05-14 15:04:35.289,10747,10749,10749,1,1
2020-05-14 15:04:35.652,10748,10749,10749,2,2
2020-05-14 15:04:35.653,10748,10749,10749,1,1
2020-05-14 15:04:35.965,10748,10749,10749,1,1
2020-05-14 15:04:36.196,10748,10749,10749,3,3
2020-05-14 15:04:36.196,10748,10749,10750,10,10
2020-05-14 15:04:39.338,10748,10750,10748,1,-1
2020-05-14 15:04:43.944,10748,10749,10748,3,-3
2020-05-14 15:04:43.944,10748,10749,10747,2,-2
2020-05-14 15:04:45.379,10748,10749,10748,1,1
2020-05-14 15:04:45.868,10748,10749,10748,1,-1
2020-05-14 15:04:49.030,10748,10749,10748,1,-1
2020-05-14 15:04:53.217,10748,10749,10749,2,2
2020-05-14 15:04:53.217,10748,10749,10749,2,2
2020-05-14 15:04:53.380,10749,10750,10749,1,-1
2020-05-14 15:04:54.459,10749,10750,10749,1,-1
2020-05-14 15:04:55.121,10749,10750,10750,1,1
2020-05-14 15:04:55.121,10749,10750,10750,1,1
2020-05-14 15:04:58.169,10749,10751,10751,1,1
2020-05-14 15:05:01.448,10750,10751,10751,1,1
2020-05-14 15:05:02.001,10750,10751,10751,1,1
2020-05-14 15:05:02.549,10750,10751,10750,3,-3
2020-05-14 15:05:02.549,10750,10751,10749,1,-1
2020-05-14 15:05:04.595,10749,10750,10750,1,1
2020-05-14 15:05:04.753,10749,10751,10751,10,10
2020-05-14 15:05:05.725,10751,10752,10751,1,-1
2020-05-14 15:05:05.785,10751,10752,10751,1,-1
2020-05-14 15:05:09.819,10750,10751,10751,3,3
2020-05-14 15:05:10.056,10751,10752,10751,1,-1
2020-05-14 15:05:11.847,10750,10751,10751,1,1
2020-05-14 15:05:14.927,10751,10752,10752,1,1
2020-05-14 15:05:15.019,10751,10752,10752,2,2
2020-05-14 15:05:18.114,10751,10752,10751,1,-1
2020-05-14 15:05:21.872,10751,10752,10751,1,-1
2020-05-14 15:05:24.072,10751,10752,10752,2,2
2020-05-14 15:05:24.072,10751,10752,10752,1,1
2020-05-14 15:05:25.003,10752,10753,10752,1,-1
2020-05-14 15:05:25.486,10752,10753,10752,1,-1
2020-05-14 15:05:25.983,10752,10753,10751,1,-1
2020-05-14 15:05:30.292,10752,10753,10752,1,1
2020-05-14 15:05:35.349,10751,10752,10752,1,1
2020-05-14 15:05:42.315,10751,10752,10752,2,2
2020-05-14 15:05:42.906,10751,10752,10752,1,1
2020-05-14 15:05:44.726,10751,10752,10752,2,2
2020-05-14 15:05:44.902,10751,10752,10752,1,1
2020-05-14 15:05:44.902,10751,10752,10752,4,4
2020-05-14 15:05:46.703,10752,10753,10753,2,2
2020-05-14 15:05:46.974,10752,10753,10752,1,-1
2020-05-14 15:05:47.843,10752,10753,10752,1,-1
2020-05-14 15:05:48.500,10752,10753,10753,1,1
2020-05-14 15:05:48.501,10752,10753,10753,3,3
2020-05-14 15:05:49.895,10753,10754,10753,1,-1
2020-05-14 15:05:53.440,10753,10754,10753,1,-1
2020-05-14 15:05:54.375,10752,10753,10753,1,1
2020-05-14 15:05:55.114,10752,10754,10754,1,1
2020-05-14 15:05:55.820,10752,10753,10753,1,1
2020-05-14 15:05:55.887,10752,10753,10753,1,1
2020-05-14 15:05:57.739,10752,10753,10753,2,2
2020-05-14 15:05:59.917,10752,10753,10752,3,-3
2020-05-14 15:05:59.967,10752,10753,10752,1,-1
2020-05-14 15:06:00.094,10752,10753,10752,4,-4
2020-05-14 15:06:00.805,10751,10752,10752,1,1
2020-05-14 15:06:01.306,10751,10752,10752,4,4
2020-05-14 15:06:01.553,10751,10752,10752,2,2
2020-05-14 15:06:02.179,10751,10753,10753,1,1
2020-05-14 15:06:02.287,10751,10753,10752,2,-2
2020-05-14 15:06:04.544,10752,10753,10753,3,3
2020-05-14 15:06:11.023,10752,10753,10752,1,-1
2020-05-14 15:06:16.887,10752,10753,10752,1,-1
2020-05-14 15:06:17.211,10752,10753,10752,3,-3
2020-05-14 15:06:17.499,10751,10752,10752,1,1
2020-05-14 15:06:18.325,10751,10752,10752,5,5
2020-05-14 15:06:19.967,10751,10752,10752,1,1
2020-05-14 15:06:24.859,10751,10752,10751,1,-1
2020-05-14 15:06:27.645,10751,10752,10752,5,5
2020-05-14 15:06:27.961,10751,10752,10751,6,-6
2020-05-14 15:06:31.832,10751,10752,10752,1,1
2020-05-14 15:06:33.549,10751,10752,10751,1,-1
2020-05-14 15:06:33.718,10751,10752,10752,1,1
2020-05-14 15:06:36.848,10751,10752,10751,2,-2
2020-05-14 15:06:38.071,10751,10752,10752,1,1
2020-05-14 15:06:38.090,10751,10752,10752,1,1
2020-05-14 15:06:39.584,10751,10752,10751,1,-1
2020-05-14 15:06:41.186,10751,10752,10752,1,1
2020-05-14 15:06:41.563,10751,10752,10752,5,5
2020-05-14 15:06:42.171,10751,10752,10752,1,1
2020-05-14 15:06:42.171,10751,10752,10752,5,5
2020-05-14 15:06:42.171,10751,10752,10752,4,4
2020-05-14 15:06:45.857,10752,10753,10753,3,3
2020-05-14 15:06:46.023,10752,10753,10753,1,1
2020-05-14 15:06:46.023,10752,10753,10754,3,3
2020-05-14 15:06:47.613,10752,10754,10753,1,-1
2020-05-14 15:06:48.030,10752,10753,10753,1,1
2020-05-14 15:06:48.185,10753,10754,10753,1,-1
2020-05-14 15:06:51.251,10752,10753,10753,1,1
2020-05-14 15:06:53.754,10752,10753,10753,3,3
2020-05-14 15:06:57.925,10753,10754,10753,1,-1
2020-05-14 15:07:01.184,10753,10754,10753,2,-2
2020-05-14 15:07:01.769,10752,10753,10753,1,1
2020-05-14 15:07:01.791,10752,10753,10753,1,1
2020-05-14 15:07:02.324,10752,10753,10752,8,-8
2020-05-14 15:07:03.195,10752,10753,10752,1,-1
2020-05-14 15:07:05.036,10751,10752,10751,3,-3
2020-05-14 15:07:05.038,10751,10752,10751,12,-12
2020-05-14 15:07:05.376,10750,10751,10751,1,1
2020-05-14 15:07:05.707,10750,10752,10750,1,-1
2020-05-14 15:07:09.218,10750,10751,10751,1,1
2020-05-14 15:07:11.123,10750,10752,10751,1,-1
2020-05-14 15:07:14.298,10751,10752,10751,2,-2
2020-05-14 15:07:17.921,10750,10751,10751,2,2
2020-05-14 15:07:22.091,10751,10752,10751,1,-1
2020-05-14 15:07:24.509,10751,10752,10751,9,-9
2020-05-14 15:07:26.116,10750,10751,10751,1,1
2020-05-14 15:07:26.314,10751,10752,10752,1,1
2020-05-14 15:07:28.614,10751,10752,10751,12,-12
2020-05-14 15:07:30.523,10750,10752,10751,4,-4
2020-05-14 15:07:30.523,10750,10752,10751,4,-4
2020-05-14 15:07:30.523,10750,10752,10751,2,-2
2020-05-14 15:07:34.775,10750,10751,10750,13,-13
2020-05-14 15:07:34.776,10750,10751,10750,4,-4
2020-05-14 15:07:40.154,10750,10751,10751,1,1
2020-05-14 15:07:40.154,10750,10751,10752,4,4
2020-05-14 15:07:46.323,10751,10752,10751,1,-1
2020-05-14 15:07:53.145,10750,10751,10750,1,-1
2020-05-14 15:07:57.932,10750,10751,10751,3,3
2020-05-14 15:07:59.467,10750,10751,10751,3,3
2020-05-14 15:08:13.293,10750,10751,10750,1,-1
2020-05-14 15:08:13.295,10750,10751,10750,4,-4
2020-05-14 15:08:14.418,10749,10750,10750,1,1
2020-05-14 15:08:15.186,10749,10750,10750,1,1
2020-05-14 15:08:15.500,10749,10750,10750,1,1
2020-05-14 15:08:17.450,10749,10750,10750,1,1
2020-05-14 15:08:22.210,10749,10750,10750,2,2
2020-05-14 15:08:26.202,10749,10750,10750,1,1
2020-05-14 15:08:26.505,10749,10750,10750,1,1
2020-05-14 15:08:27.342,10749,10750,10749,1,-1
2020-05-14 15:08:28.150,10749,10750,10750,2,2
2020-05-14 15:08:28.833,10750,10751,10750,2,-2
2020-05-14 15:08:31.005,10750,10751,10750,5,-5
2020-05-14 15:08:32.068,10750,10751,10751,5,5
2020-05-14 15:08:36.606,10750,10751,10751,1,1
2020-05-14 15:08:37.142,10750,10752,10750,1,-1
2020-05-14 15:08:37.342,10750,10752,10751,4,4
2020-05-14 15:08:40.053,10750,10751,10751,1,1
2020-05-14 15:08:51.442,10750,10752,10751,10,-10
2020-05-14 15:08:58.386,10751,10752,10752,7,7
2020-05-14 15:08:59.156,10751,10752,10751,3,-3
2020-05-14 15:08:59.700,10750,10751,10751,2,2
2020-05-14 15:09:03.050,10750,10751,10751,2,2
2020-05-14 15:09:07.195,10751,10752,10751,1,-1
2020-05-14 15:09:07.195,10751,10752,10751,2,-2
2020-05-14 15:09:07.195,10751,10752,10751,1,-1
2020-05-14 15:09:07.195,10751,10752,10751,1,-1
2020-05-14 15:09:07.195,10751,10752,10751,5,-5
2020-05-14 15:09:09.280,10750,10751,10751,1,1
2020-05-14 15:09:12.142,10750,10751,10750,9,-9
2020-05-14 15:09:12.905,10749,10750,10749,7,-7
2020-05-14 15:09:14.439,10748,10750,10750,1,1
2020-05-14 15:09:27.449,10748,10749,10748,1,-1
2020-05-14 15:09:33.818,10748,10749,10748,2,-2
2020-05-14 15:09:39.874,10748,10749,10748,1,-1
2020-05-14 15:09:44.437,10748,10749,10748,8,-8
2020-05-14 15:09:45.412,10747,10748,10747,6,-6
2020-05-14 15:09:45.422,10747,10748,10747,6,-6
2020-05-14 15:09:45.425,10747,10748,10747,6,-6
2020-05-14 15:09:45.425,10747,10748,10747,6,-6
2020-05-14 15:09:45.963,10746,10747,10747,3,3
2020-05-14 15:09:47.660,10747,10748,10747,1,-1
2020-05-14 15:09:49.015,10747,10748,10747,5,-5
2020-05-14 15:09:49.402,10746,10747,10747,2,2
2020-05-14 15:09:49.975,10747,10748,10748,1,1
2020-05-14 15:09:50.058,10747,10748,10747,2,-2
2020-05-14 15:09:51.865,10747,10748,10747,1,-1
2020-05-14 15:09:54.391,10747,10748,10748,9,9
2020-05-14 15:09:54.912,10747,10749,10747,1,-1
2020-05-14 15:10:02.257,10747,10748,10747,1,-1
2020-05-14 15:10:02.647,10747,10748,10747,1,-1
2020-05-14 15:10:04.256,10747,10748,10747,1,-1
2020-05-14 15:10:12.731,10747,10748,10748,1,1
2020-05-14 15:10:13.202,10747,10748,10747,1,-1
2020-05-14 15:10:16.760,10747,10748,10747,4,-4
2020-05-14 15:10:16.808,10746,10747,10746,1,-1
2020-05-14 15:10:16.980,10746,10747,10746,1,-1
2020-05-14 15:10:17.662,10746,10747,10747,3,3
2020-05-14 15:10:17.843,10746,10748,10747,1,-1
2020-05-14 15:10:19.952,10747,10748,10747,1,-1
2020-05-14 15:10:21.433,10746,10748,10746,1,-1
2020-05-14 15:10:25.468,10746,10747,10746,1,-1
2020-05-14 15:10:28.894,10746,10747,10746,1,-1
2020-05-14 15:10:29.083,10746,10747,10747,4,4
2020-05-14 15:10:30.002,10747,10748,10748,3,3
2020-05-14 15:10:31.409,10747,10749,10747,1,-1
2020-05-14 15:10:34.700,10748,10749,10749,3,3
2020-05-14 15:10:40.724,10749,10750,10749,1,-1
2020-05-14 15:10:41.443,10749,10750,10750,8,8
2020-05-14 15:10:42.552,10750,10751,10750,1,-1
2020-05-14 15:10:45.765,10750,10751,10751,3,3
2020-05-14 15:10:47.633,10751,10752,10752,2,2
2020-05-14 15:10:48.979,10751,10752,10751,1,-1
2020-05-14 15:10:49.972,10751,10752,10751,2,-2
2020-05-14 15:10:52.378,10751,10752,10751,2,-2
2020-05-14 15:10:53.001,10751,10752,10752,4,4
2020-05-14 15:10:53.118,10751,10752,10751,5,-5
2020-05-14 15:10:53.252,10750,10752,10752,3,3
2020-05-14 15:10:54.242,10750,10752,10750,1,-1
2020-05-14 15:10:56.785,10751,10752,10752,2,2
2020-05-14 15:10:56.804,10751,10752,10753,1,1
2020-05-14 15:10:58.430,10751,10752,10751,1,-1
2020-05-14 15:11:02.799,10750,10751,10751,2,2
2020-05-14 15:11:03.499,10750,10752,10750,1,-1
2020-05-14 15:11:06.854,10751,10752,10751,1,1
2020-05-14 15:11:07.772,10751,10752,10751,4,-4
2020-05-14 15:11:10.688,10750,10751,10751,1,1
2020-05-14 15:11:11.372,10750,10751,10750,1,-1
2020-05-14 15:11:13.001,10750,10751,10751,1,1
2020-05-14 15:11:15.185,10750,10751,10751,2,2
2020-05-14 15:11:20.526,10751,10752,10751,3,-3
2020-05-14 15:11:23.946,10750,10752,10751,1,-1
2020-05-14 15:11:26.169,10750,10752,10750,2,-2
2020-05-14 15:11:27.704,10751,10752,10751,1,1
2020-05-14 15:11:31.864,10750,10752,10752,2,2
2020-05-14 15:11:35.779,10750,10751,10751,1,1
2020-05-14 15:11:39.873,10751,10752,10752,10,10
2020-05-14 15:11:41.465,10752,10753,10752,1,-1
2020-05-14 15:11:41.740,10752,10753,10752,1,-1
2020-05-14 15:11:45.259,10752,10753,10752,1,-1
2020-05-14 15:11:45.462,10752,10753,10752,1,-1
2020-05-14 15:11:46.371,10752,10753,10752,1,-1
2020-05-14 15:11:46.559,10752,10753,10752,1,-1
2020-05-14 15:11:47.237,10752,10753,10753,2,2
2020-05-14 15:11:47.465,10752,10753,10753,2,2
2020-05-14 15:11:47.465,10752,10753,10753,2,2
2020-05-14 15:11:47.465,10752,10753,10753,8,8
2020-05-14 15:11:48.176,10753,10754,10754,2,2
2020-05-14 15:11:49.498,10753,10754,10754,2,2
2020-05-14 15:11:49.767,10753,10754,10754,16,16
2020-05-14 15:11:49.893,10754,10755,10755,1,1
2020-05-14 15:11:50.264,10754,10755,10755,1,1
2020-05-14 15:11:50.744,10754,10755,10754,1,-1
2020-05-14 15:11:50.914,10754,10755,10755,5,5
2020-05-14 15:11:51.424,10754,10755,10755,1,1
2020-05-14 15:11:53.261,10754,10755,10754,1,-1
2020-05-14 15:11:56.572,10754,10755,10755,1,1
2020-05-14 15:11:57.629,10754,10755,10754,1,-1
2020-05-14 15:11:58.360,10754,10755,10754,1,-1
2020-05-14 15:12:00.951,10754,10755,10755,5,5
2020-05-14 15:12:00.970,10754,10755,10754,1,-1
2020-05-14 15:12:01.256,10754,10755,10755,1,1
2020-05-14 15:12:01.421,10754,10755,10755,2,2
2020-05-14 15:12:03.896,10754,10755,10754,5,-5
2020-05-14 15:12:04.960,10754,10755,10755,1,1
2020-05-14 15:12:04.961,10754,10755,10755,4,4
2020-05-14 15:12:05.993,10755,10756,10755,1,-1
2020-05-14 15:12:06.079,10755,10756,10755,1,-1
2020-05-14 15:12:09.419,10755,10756,10756,1,1
2020-05-14 15:12:10.380,10755,10756,10756,1,1
2020-05-14 15:12:10.987,10755,10756,10756,1,1
2020-05-14 15:12:11.675,10755,10756,10756,1,1
2020-05-14 15:12:17.818,10755,10756,10756,1,1
2020-05-14 15:12:18.418,10755,10756,10756,2,2
2020-05-14 15:12:18.418,10755,10756,10756,6,6
2020-05-14 15:12:18.419,10755,10756,10756,11,11
2020-05-14 15:12:18.779,10756,10757,10756,3,-3
2020-05-14 15:12:19.430,10756,10757,10757,7,7
2020-05-14 15:12:19.430,10756,10757,10757,6,6
2020-05-14 15:12:19.430,10756,10757,10757,1,1
2020-05-14 15:12:19.430,10756,10757,10757,1,1
2020-05-14 15:12:19.854,10757,10758,10757,1,-1
2020-05-14 15:12:21.094,10757,10758,10758,14,14
2020-05-14 15:12:21.174,10758,10759,10759,1,1
2020-05-14 15:12:21.230,10758,10759,10759,1,1
2020-05-14 15:12:21.269,10758,10759,10759,1,1
2020-05-14 15:12:21.322,10758,10759,10759,1,1
2020-05-14 15:12:21.780,10758,10759,10759,9,9
2020-05-14 15:12:24.093,10758,10760,10758,3,-3
2020-05-14 15:12:26.093,10759,10760,10759,1,1
2020-05-14 15:12:26.790,10759,10760,10759,3,-3
2020-05-14 15:12:27.370,10759,10760,10760,8,8
2020-05-14 15:12:27.540,10760,10761,10761,2,2
2020-05-14 15:12:27.584,10760,10761,10761,2,2
2020-05-14 15:12:27.758,10760,10761,10761,2,2
2020-05-14 15:12:27.763,10760,10761,10762,2,2
2020-05-14 15:12:27.802,10760,10762,10762,1,1
2020-05-14 15:12:27.804,10760,10762,10760,1,-1
2020-05-14 15:12:29.908,10760,10762,10762,3,3
2020-05-14 15:12:29.961,10760,10762,10760,1,-1
2020-05-14 15:12:30.263,10760,10762,10762,16,16
2020-05-14 15:12:30.263,10760,10762,10763,23,23
2020-05-14 15:12:30.263,10760,10762,10764,11,11
2020-05-14 15:12:30.296,10762,10764,10762,1,-1
2020-05-14 15:12:30.296,10762,10764,10763,1,1
2020-05-14 15:12:31.416,10762,10764,10762,1,-1
2020-05-14 15:12:31.481,10762,10764,10762,1,-1
2020-05-14 15:12:31.658,10762,10763,10763,2,2
2020-05-14 15:12:31.679,10762,10763,10762,1,-1
2020-05-14 15:12:31.779,10762,10764,10764,1,1
2020-05-14 15:12:32.150,10762,10764,10764,2,2
2020-05-14 15:12:32.431,10763,10764,10763,3,-3
2020-05-14 15:12:33.699,10762,10763,10762,1,-1
2020-05-14 15:12:33.701,10762,10763,10762,1,-1
2020-05-14 15:12:33.743,10762,10763,10763,1,1
2020-05-14 15:12:35.817,10761,10763,10763,2,2
2020-05-14 15:12:36.020,10762,10763,10762,1,-1
2020-05-14 15:12:37.360,10761,10762,10761,1,-1
2020-05-14 15:12:37.842,10761,10762,10763,2,2
2020-05-14 15:12:39.535,10761,10763,10763,5,5
2020-05-14 15:12:41.427,10761,10762,10762,1,1
2020-05-14 15:12:41.688,10761,10762,10762,1,1
2020-05-14 15:12:41.731,10761,10762,10761,2,-2
2020-05-14 15:12:41.734,10761,10762,10762,2,2
2020-05-14 15:12:41.848,10762,10763,10762,1,-1
2020-05-14 15:12:41.854,10762,10763,10763,1,1
2020-05-14 15:12:41.958,10762,10763,10762,3,-3
2020-05-14 15:12:43.372,10761,10762,10762,1,1
2020-05-14 15:12:44.772,10761,10762,10762,1,1
2020-05-14 15:12:45.300,10761,10762,10762,2,2
2020-05-14 15:12:45.446,10761,10762,10761,1,-1
2020-05-14 15:12:48.252,10761,10762,10762,1,1
2020-05-14 15:12:49.021,10761,10762,10762,2,2
2020-05-14 15:12:52.407,10761,10762,10762,2,2
2020-05-14 15:12:53.828,10761,10762,10761,1,-1
2020-05-14 15:12:54.133,10761,10762,10762,2,2
2020-05-14 15:12:54.133,10761,10762,10762,7,7
2020-05-14 15:12:55.509,10762,10763,10762,2,-2
2020-05-14 15:12:55.805,10761,10762,10761,1,-1
2020-05-14 15:12:57.770,10761,10762,10762,1,1
2020-05-14 15:12:59.432,10762,10763,10762,1,-1
2020-05-14 15:12:59.879,10762,10763,10763,1,1
2020-05-14 15:12:59.940,10762,10763,10763,2,2
2020-05-14 15:13:00.017,10762,10763,10762,1,-1
2020-05-14 15:13:00.366,10762,10763,10763,1,1
2020-05-14 15:13:00.552,10762,10763,10763,6,6
2020-05-14 15:13:00.654,10762,10763,10763,1,1
2020-05-14 15:13:00.699,10762,10763,10763,2,2
2020-05-14 15:13:00.699,10762,10763,10764,1,1
2020-05-14 15:13:00.794,10762,10764,10764,3,3
2020-05-14 15:13:01.816,10762,10764,10764,2,2
2020-05-14 15:13:03.713,10762,10763,10763,1,1
2020-05-14 15:13:04.851,10762,10763,10762,1,-1
2020-05-14 15:13:05.410,10762,10763,10763,1,1
2020-05-14 15:13:05.410,10762,10763,10763,2,2
2020-05-14 15:13:07.036,10762,10764,10764,5,5
2020-05-14 15:13:07.809,10763,10764,10764,1,1
2020-05-14 15:13:07.838,10763,10764,10763,1,-1
2020-05-14 15:13:08.242,10763,10764,10765,1,1
2020-05-14 15:13:08.318,10763,10765,10765,1,1
2020-05-14 15:13:08.382,10763,10765,10765,1,1
2020-05-14 15:13:08.422,10763,10765,10763,1,-1
2020-05-14 15:13:08.530,10763,10765,10765,5,5
2020-05-14 15:13:08.577,10763,10765,10763,4,-4
2020-05-14 15:13:08.609,10763,10765,10765,1,1
2020-05-14 15:13:08.686,10764,10765,10765,5,5
2020-05-14 15:13:08.716,10764,10765,10765,1,1
2020-05-14 15:13:08.726,10764,10765,10765,3,3
2020-05-14 15:13:09.329,10765,10766,10766,2,2
2020-05-14 15:13:09.455,10765,10766,10765,2,-2
2020-05-14 15:13:09.484,10765,10766,10766,2,2
2020-05-14 15:13:09.485,10765,10766,10766,9,9
2020-05-14 15:13:09.485,10765,10766,10766,1,1
2020-05-14 15:13:09.804,10766,10767,10767,2,2
2020-05-14 15:13:09.821,10766,10767,10767,2,2
2020-05-14 15:13:09.856,10766,10767,10766,1,-1
2020-05-14 15:13:09.892,10766,10767,10768,1,1
2020-05-14 15:13:09.932,10766,10768,10768,6,6
2020-05-14 15:13:10.183,10766,10768,10768,1,1
2020-05-14 15:13:10.607,10767,10768,10768,1,1
2020-05-14 15:13:10.636,10767,10768,10768,1,1
2020-05-14 15:13:10.758,10767,10768,10767,1,-1
2020-05-14 15:13:10.958,10766,10768,10768,1,1
2020-05-14 15:13:11.018,10766,10768,10768,2,2
2020-05-14 15:13:11.695,10766,10768,10768,1,1
2020-05-14 15:13:11.786,10766,10768,10768,1,1
2020-05-14 15:13:13.035,10765,10767,10765,1,-1
2020-05-14 15:13:13.080,10765,10767,10766,2,2
2020-05-14 15:13:13.080,10765,10767,10767,3,3
2020-05-14 15:13:14.243,10765,10767,10767,4,4
2020-05-14 15:13:14.701,10766,10767,10767,1,1
2020-05-14 15:13:15.235,10766,10767,10767,1,1
2020-05-14 15:13:15.253,10766,10767,10767,3,3
2020-05-14 15:13:15.253,10766,10767,10768,3,3
2020-05-14 15:13:15.855,10766,10768,10766,2,-2
2020-05-14 15:13:15.878,10766,10768,10766,1,-1
2020-05-14 15:13:17.195,10766,10767,10766,1,-1
2020-05-14 15:13:17.576,10765,10767,10767,1,1
2020-05-14 15:13:17.888,10765,10767,10765,1,-1
2020-05-14 15:13:18.148,10765,10767,10765,1,-1
2020-05-14 15:13:18.473,10765,10767,10767,2,2
2020-05-14 15:13:20.030,10766,10767,10767,1,1
2020-05-14 15:13:20.606,10766,10767,10766,1,-1
2020-05-14 15:13:21.072,10766,10767,10766,1,-1
2020-05-14 15:13:21.328,10766,10767,10767,4,4
2020-05-14 15:13:23.078,10767,10768,10768,8,8
2020-05-14 15:13:23.693,10767,10768,10767,1,-1
2020-05-14 15:13:24.466,10767,10768,10768,1,1
2020-05-14 15:13:25.893,10767,10768,10767,1,-1
2020-05-14 15:13:29.030,10767,10768,10768,1,1
2020-05-14 15:13:30.143,10767,10768,10768,2,2
2020-05-14 15:13:30.213,10767,10768,10768,3,3
2020-05-14 15:13:33.093,10767,10768,10768,1,1
2020-05-14 15:13:33.114,10767,10768,10768,1,1
2020-05-14 15:13:33.760,10767,10768,10768,1,1
2020-05-14 15:13:33.761,10767,10768,10768,1,1
2020-05-14 15:13:35.530,10768,10769,10768,12,-12
2020-05-14 15:13:36.162,10768,10769,10769,1,1
2020-05-14 15:13:36.292,10768,10769,10769,2,2
2020-05-14 15:13:36.292,10768,10769,10770,3,3
2020-05-14 15:13:36.296,10768,10769,10770,5,5
2020-05-14 15:13:36.420,10768,10770,10770,1,1
2020-05-14 15:13:36.430,10768,10770,10770,1,1
2020-05-14 15:13:36.672,10768,10769,10769,1,1
2020-05-14 15:13:36.725,10768,10769,10768,1,-1
2020-05-14 15:13:38.447,10768,10769,10769,1,1
2020-05-14 15:13:38.887,10768,10769,10768,1,-1
2020-05-14 15:13:39.440,10768,10769,10768,10,-10
2020-05-14 15:13:39.736,10767,10768,10768,1,1
2020-05-14 15:13:40.006,10767,10768,10768,1,1
2020-05-14 15:13:40.820,10767,10768,10767,20,-20
2020-05-14 15:13:41.198,10766,10767,10767,3,3
2020-05-14 15:13:41.678,10766,10767,10766,5,-5
2020-05-14 15:13:42.143,10766,10767,10766,5,-5
2020-05-14 15:13:42.588,10766,10767,10767,5,5
2020-05-14 15:13:42.899,10767,10768,10767,1,-1
2020-05-14 15:13:44.695,10766,10767,10767,1,1
2020-05-14 15:13:44.927,10766,10767,10767,1,1
2020-05-14 15:13:47.534,10767,10768,10767,1,-1
2020-05-14 15:13:49.497,10765,10767,10767,8,8
2020-05-14 15:13:49.498,10765,10767,10767,2,2
2020-05-14 15:13:53.324,10766,10767,10767,4,4
2020-05-14 15:13:56.127,10766,10767,10767,1,1
2020-05-14 15:13:58.017,10766,10767,10766,1,-1
2020-05-14 15:13:59.466,10766,10767,10767,1,1
2020-05-14 15:14:03.241,10766,10767,10767,1,1
2020-05-14 15:14:03.352,10766,10767,10767,5,5
2020-05-14 15:14:03.401,10767,10768,10767,1,-1
2020-05-14 15:14:03.830,10767,10768,10768,5,5
2020-05-14 15:14:03.920,10767,10768,10768,5,5
2020-05-14 15:14:04.021,10767,10768,10768,2,2
2020-05-14 15:14:04.021,10767,10768,10769,2,2
2020-05-14 15:14:04.299,10767,10769,10769,1,1
2020-05-14 15:14:04.978,10767,10768,10767,1,-1
2020-05-14 15:14:05.562,10766,10767,10767,1,1
2020-05-14 15:14:07.522,10767,10768,10767,2,-2
2020-05-14 15:14:08.167,10767,10768,10768,2,2
2020-05-14 15:14:08.339,10767,10769,10767,1,-1
2020-05-14 15:14:10.488,10767,10768,10768,1,1
2020-05-14 15:14:14.384,10767,10768,10768,2,2
2020-05-14 15:14:14.600,10767,10768,10767,1,-1
2020-05-14 15:14:14.755,10767,10768,10768,4,4
2020-05-14 15:14:15.062,10767,10768,10768,1,1
2020-05-14 15:14:17.783,10767,10768,10768,1,1
2020-05-14 15:14:19.298,10767,10768,10768,1,1
2020-05-14 15:14:21.023,10767,10768,10767,2,-2
2020-05-14 15:14:25.521,10766,10767,10767,1,1
2020-05-14 15:14:27.298,10766,10767,10767,2,2
2020-05-14 15:14:27.945,10767,10768,10767,1,-1
2020-05-14 15:14:28.926,10766,10767,10767,1,1
2020-05-14 15:14:29.340,10766,10767,10767,8,8
2020-05-14 15:14:30.768,10766,10767,10766,21,-21
2020-05-14 15:14:30.912,10765,10767,10765,1,-1
2020-05-14 15:14:32.285,10765,10767,10765,1,-1
2020-05-14 15:14:34.026,10765,10767,10765,1,-1
2020-05-14 15:14:38.365,10765,10767,10765,1,-1
2020-05-14 15:14:41.883,10765,10766,10765,10,-10
2020-05-14 15:14:45.112,10765,10766,10766,1,1
2020-05-14 15:14:50.705,10765,10766,10766,1,1
2020-05-14 15:14:54.715,10765,10766,10766,5,5
2020-05-14 15:14:55.115,10765,10766,10765,6,-6
2020-05-14 15:14:57.025,10765,10766,10766,5,5
2020-05-14 15:14:57.026,10765,10766,10766,1,1
2020-05-14 15:15:00.295,10765,10766,10765,2,-2
2020-05-14 15:15:00.490,10764,10766,10766,1,1
2020-05-14 15:15:00.510,10764,10766,10766,1,1
2020-05-14 15:15:02.313,10765,10767,10765,6,-6
2020-05-14 15:15:02.796,10765,10766,10765,1,-1
2020-05-14 15:15:03.074,10764,10766,10766,3,3
2020-05-14 15:15:03.121,10764,10766,10766,5,5
2020-05-14 15:15:04.132,10764,10765,10765,3,3
2020-05-14 15:15:04.492,10764,10766,10765,1,-1
2020-05-14 15:15:05.266,10765,10766,10765,1,-1
2020-05-14 15:15:06.367,10764,10766,10764,1,-1
2020-05-14 15:15:12.556,10764,10765,10765,1,1
2020-05-14 15:15:13.967,10764,10765,10765,2,2
2020-05-14 15:15:17.847,10764,10765,10765,1,1
2020-05-14 15:15:18.806,10764,10765,10764,1,-1
2020-05-14 15:15:19.039,10764,10765,10765,1,1
2020-05-14 15:15:21.047,10764,10765,10765,1,1
2020-05-14 15:15:21.260,10764,10765,10764,1,-1
2020-05-14 15:15:21.539,10764,10765,10764,1,-1
2020-05-14 15:15:22.290,10764,10765,10764,1,-1
2020-05-14 15:15:23.650,10764,10765,10765,2,2
2020-05-14 15:15:24.306,10764,10765,10765,1,1
2020-05-14 15:15:27.746,10764,10765,10765,2,2
2020-05-14 15:15:34.636,10765,10766,10766,1,1
2020-05-14 15:15:35.194,10765,10766,10766,1,1
2020-05-14 15:15:35.494,10765,10766,10766,1,1
2020-05-14 15:15:35.743,10766,10767,10767,1,1
2020-05-14 15:15:37.028,10766,10767,10767,1,1
2020-05-14 15:15:40.882,10766,10767,10767,3,3
2020-05-14 15:15:44.546,10767,10768,10768,1,1
2020-05-14 15:15:44.547,10767,10768,10768,4,4
2020-05-14 15:15:44.547,10767,10768,10768,3,3
2020-05-14 15:15:45.011,10768,10769,10768,1,-1
2020-05-14 15:15:45.564,10768,10769,10768,1,-1
2020-05-14 15:15:48.240,10768,10769,10768,10,-10
2020-05-14 15:15:48.430,10767,10768,10768,1,1
2020-05-14 15:15:48.906,10767,10768,10768,1,1
2020-05-14 15:15:49.426,10767,10769,10768,1,-1
2020-05-14 15:15:51.502,10767,10769,10768,1,-1
2020-05-14 15:15:52.605,10768,10769,10768,1,-1
2020-05-14 15:15:54.633,10767,10769,10768,2,-2
2020-05-14 15:15:55.999,10767,10768,10767,2,-2
2020-05-14 15:15:56.667,10766,10768,10768,1,1
2020-05-14 15:15:59.188,10767,10768,10768,1,1
2020-05-14 15:16:00.945,10767,10768,10768,1,1
2020-05-14 15:16:01.127,10767,10768,10768,1,1
2020-05-14 15:16:01.203,10768,10769,10768,2,-2
2020-05-14 15:16:04.158,10768,10769,10768,3,-3
2020-05-14 15:16:04.158,10768,10769,10768,1,-1
2020-05-14 15:16:05.334,10767,10768,10768,6,6
2020-05-14 15:16:08.960,10768,10769,10769,7,7
2020-05-14 15:16:09.279,10769,10770,10769,1,-1
2020-05-14 15:16:09.280,10769,10770,10769,1,-1
2020-05-14 15:16:09.335,10769,10770,10769,1,-1
2020-05-14 15:16:09.834,10768,10769,10769,4,4
2020-05-14 15:16:10.330,10769,10770,10769,1,-1
2020-05-14 15:16:11.322,10769,10770,10770,26,26
2020-05-14 15:16:11.323,10769,10770,10770,21,21
2020-05-14 15:16:11.923,10770,10771,10771,2,2
2020-05-14 15:16:12.196,10770,10771,10771,1,1
2020-05-14 15:16:12.468,10770,10771,10771,3,3
2020-05-14 15:16:12.672,10770,10771,10771,1,1
2020-05-14 15:16:12.780,10770,10771,10771,1,1
2020-05-14 15:16:13.299,10770,10771,10770,1,-1
2020-05-14 15:16:13.830,10770,10771,10771,3,3
2020-05-14 15:16:13.961,10770,10771,10771,2,2
2020-05-14 15:16:14.519,10770,10771,10771,1,1
2020-05-14 15:16:15.240,10770,10771,10771,2,2
2020-05-14 15:16:15.240,10770,10771,10772,2,2
2020-05-14 15:16:15.512,10771,10772,10772,1,1
2020-05-14 15:16:16.144,10771,10772,10772,2,2
2020-05-14 15:16:16.856,10771,10772,10772,1,1
2020-05-14 15:16:16.903,10771,10772,10772,1,1
2020-05-14 15:16:17.140,10771,10772,10772,4,4
2020-05-14 15:16:17.171,10771,10772,10771,1,-1
2020-05-14 15:16:17.386,10771,10772,10771,4,-4
2020-05-14 15:16:17.981,10771,10772,10771,3,-3
2020-05-14 15:16:17.981,10771,10772,10771,1,-1
2020-05-14 15:16:18.333,10770,10771,10771,2,2
2020-05-14 15:16:20.072,10770,10771,10770,5,-5
2020-05-14 15:16:20.487,10769,10770,10770,1,1
2020-05-14 15:16:20.492,10769,10770,10771,1,1
2020-05-14 15:16:21.167,10769,10771,10771,1,1
2020-05-14 15:16:21.934,10769,10770,10770,2,2
2020-05-14 15:16:22.982,10769,10770,10770,1,1
2020-05-14 15:16:25.965,10769,10770,10770,1,1
2020-05-14 15:16:26.007,10769,10770,10770,2,2
2020-05-14 15:16:26.092,10769,10770,10770,1,1
2020-05-14 15:16:27.670,10769,10770,10770,1,1
2020-05-14 15:16:27.791,10769,10770,10769,1,-1
2020-05-14 15:16:28.085,10769,10770,10770,1,1
2020-05-14 15:16:28.526,10769,10771,10769,1,-1
2020-05-14 15:16:32.376,10769,10771,10770,2,2
2020-05-14 15:16:34.221,10769,10770,10769,11,-11
2020-05-14 15:16:38.428,10769,10770,10769,2,-2
2020-05-14 15:16:38.645,10768,10769,10768,15,-15
2020-05-14 15:16:39.110,10767,10768,10768,1,1
2020-05-14 15:16:39.255,10767,10768,10768,1,1
2020-05-14 15:16:39.257,10767,10768,10768,3,3
2020-05-14 15:16:41.236,10767,10769,10769,1,1
2020-05-14 15:16:44.586,10767,10768,10767,15,-15
2020-05-14 15:16:45.225,10766,10767,10766,3,-3
2020-05-14 15:16:45.372,10766,10767,10767,3,3
2020-05-14 15:16:45.551,10766,10767,10766,5,-5
2020-05-14 15:16:46.480,10765,10767,10767,1,1
2020-05-14 15:16:49.107,10766,10767,10766,1,-1
2020-05-14 15:16:51.780,10765,10766,10766,3,3
2020-05-14 15:16:57.223,10765,10767,10766,1,-1
2020-05-14 15:16:57.501,10766,10767,10766,2,-2
2020-05-14 15:16:57.572,10766,10767,10766,3,-3
2020-05-14 15:16:59.384,10766,10767,10766,1,-1
2020-05-14 15:17:01.166,10765,10766,10765,1,-1
2020-05-14 15:17:02.213,10765,10766,10766,3,3
2020-05-14 15:17:02.562,10765,10766,10766,2,2
2020-05-14 15:17:03.139,10766,10767,10766,3,-3
2020-05-14 15:17:03.359,10765,10766,10766,1,1
2020-05-14 15:17:03.384,10765,10766,10766,1,1
2020-05-14 15:17:04.575,10766,10767,10766,5,-5
2020-05-14 15:17:07.994,10766,10767,10767,1,1
2020-05-14 15:17:09.038,10766,10767,10767,1,1
2020-05-14 15:17:09.038,10766,10767,10767,1,1
2020-05-14 15:17:09.038,10766,10767,10767,2,2
2020-05-14 15:17:09.310,10767,10768,10767,1,-1
2020-05-14 15:17:16.602,10766,10767,10766,1,-1
2020-05-14 15:17:18.177,10766,10767,10766,5,-5
2020-05-14 15:17:21.537,10766,10767,10766,1,-1
2020-05-14 15:17:28.810,10766,10767,10767,2,2
2020-05-14 15:17:29.534,10766,10767,10766,1,-1
2020-05-14 15:17:29.631,10766,10767,10767,4,4
2020-05-14 15:17:29.631,10766,10767,10767,4,4
2020-05-14 15:17:29.632,10766,10767,10767,1,1
2020-05-14 15:17:29.632,10766,10767,10767,1,1
2020-05-14 15:17:29.632,10766,10767,10767,2,2
2020-05-14 15:17:29.632,10766,10767,10767,1,1
2020-05-14 15:17:29.678,10767,10768,10767,1,-1
2020-05-14 15:17:31.898,10767,10768,10767,1,-1
2020-05-14 15:17:41.461,10767,10768,10767,1,-1
2020-05-14 15:17:42.749,10767,10768,10767,6,-6
2020-05-14 15:17:43.123,10766,10767,10767,1,1
2020-05-14 15:17:45.947,10766,10768,10766,1,-1
2020-05-14 15:17:48.653,10767,10768,10767,3,3
2020-05-14 15:17:51.449,10766,10767,10766,18,-18
2020-05-14 15:17:52.469,10765,10766,10766,1,1
2020-05-14 15:17:53.301,10765,10766,10766,1,1
2020-05-14 15:17:56.316,10765,10766,10765,1,-1
2020-05-14 15:17:58.777,10765,10767,10765,10,-10
2020-05-14 15:18:00.846,10766,10767,10766,5,5
2020-05-14 15:18:03.758,10765,10767,10765,2,-2
2020-05-14 15:18:03.990,10765,10767,10765,1,-1
2020-05-14 15:18:05.329,10766,10767,10766,1,1
2020-05-14 15:18:10.498,10766,10767,10766,1,-1
2020-05-14 15:18:10.751,10765,10766,10766,2,2
2020-05-14 15:18:12.015,10765,10766,10765,1,-1
2020-05-14 15:18:14.280,10765,10766,10766,1,1
2020-05-14 15:18:15.414,10765,10766,10765,13,-13
2020-05-14 15:18:15.625,10764,10765,10765,2,2
2020-05-14 15:18:15.970,10764,10765,10765,1,1
2020-05-14 15:18:18.460,10764,10765,10764,1,-1
2020-05-14 15:18:19.589,10764,10765,10764,1,-1
2020-05-14 15:18:20.041,10764,10765,10765,3,3
2020-05-14 15:18:21.535,10764,10765,10764,10,-10
2020-05-14 15:18:21.535,10764,10765,10763,10,-10
2020-05-14 15:18:23.558,10763,10764,10764,8,8
2020-05-14 15:18:23.558,10763,10764,10765,2,2
2020-05-14 15:18:28.170,10763,10764,10764,1,1
2020-05-14 15:18:31.376,10763,10764,10764,1,1
2020-05-14 15:18:34.786,10764,10765,10764,1,-1
2020-05-14 15:18:35.417,10764,10765,10764,1,-1
2020-05-14 15:18:36.536,10764,10765,10765,5,5
2020-05-14 15:18:36.601,10764,10765,10765,1,1
2020-05-14 15:18:38.949,10765,10766,10766,4,4
2020-05-14 15:18:39.976,10765,10766,10765,6,-6
2020-05-14 15:18:39.976,10765,10766,10764,4,-4
2020-05-14 15:18:45.809,10764,10765,10764,2,-2
2020-05-14 15:18:45.809,10764,10765,10764,2,-2
2020-05-14 15:18:45.809,10764,10765,10764,2,-2
2020-05-14 15:18:45.809,10764,10765,10764,1,-1
2020-05-14 15:18:45.920,10763,10764,10764,1,1
2020-05-14 15:18:52.403,10763,10764,10763,1,-1
2020-05-14 15:18:52.555,10763,10764,10763,1,-1
2020-05-14 15:18:54.437,10763,10764,10764,1,1
2020-05-14 15:18:55.290,10763,10764,10764,1,1
2020-05-14 15:18:56.702,10763,10764,10763,2,-2
2020-05-14 15:18:58.873,10763,10764,10764,1,1
2020-05-14 15:19:00.841,10763,10765,10763,5,-5
2020-05-14 15:19:01.434,10763,10764,10764,1,1
2020-05-14 15:19:02.259,10764,10765,10765,10,10
2020-05-14 15:19:02.513,10764,10765,10765,1,1
2020-05-14 15:19:04.153,10764,10765,10765,5,5
2020-05-14 15:19:10.124,10764,10765,10765,2,2
2020-05-14 15:19:10.718,10764,10765,10764,7,-7
2020-05-14 15:19:10.718,10764,10765,10763,13,-13
2020-05-14 15:19:10.719,10764,10765,10764,1,1
2020-05-14 15:19:11.649,10763,10764,10764,2,2
2020-05-14 15:19:16.416,10764,10765,10765,1,1
2020-05-14 15:19:18.877,10765,10766,10765,1,-1
2020-05-14 15:19:18.877,10765,10766,10765,1,-1
2020-05-14 15:19:20.807,10765,10766,10765,1,-1
2020-05-14 15:19:21.831,10765,10766,10766,4,4
2020-05-14 15:19:24.473,10766,10767,10766,1,-1
2020-05-14 15:19:24.474,10766,10767,10766,1,-1
2020-05-14 15:19:24.586,10765,10766,10766,1,1
2020-05-14 15:19:25.695,10765,10766,10766,2,2
2020-05-14 15:19:35.004,10765,10766,10766,2,2
2020-05-14 15:19:36.459,10766,10767,10766,2,-2
2020-05-14 15:19:46.203,10766,10767,10767,1,1
2020-05-14 15:19:49.838,10766,10767,10767,2,2
2020-05-14 15:19:55.738,10767,10768,10767,2,-2
2020-05-14 15:19:55.961,10766,10767,10767,2,2
2020-05-14 15:19:58.294,10766,10767,10767,2,2
2020-05-14 15:20:00.568,10766,10767,10767,1,1
2020-05-14 15:20:02.384,10767,10768,10767,1,-1
2020-05-14 15:20:03.597,10767,10768,10767,2,-2
2020-05-14 15:20:07.579,10767,10768,10767,1,-1
2020-05-14 15:20:09.169,10767,10768,10767,1,-1
2020-05-14 15:20:11.235,10767,10768,10768,2,2
2020-05-14 15:20:11.236,10767,10768,10768,9,9
2020-05-14 15:20:11.236,10767,10768,10768,4,4
2020-05-14 15:20:11.236,10767,10768,10768,1,1
2020-05-14 15:20:11.236,10767,10768,10768,1,1
2020-05-14 15:20:11.236,10767,10768,10768,1,1
2020-05-14 15:20:11.236,10767,10768,10768,13,13
2020-05-14 15:20:12.502,10768,10769,10769,3,3
2020-05-14 15:20:12.994,10768,10769,10768,1,-1
2020-05-14 15:20:13.005,10768,10769,10768,1,-1
2020-05-14 15:20:19.881,10768,10769,10768,1,-1
2020-05-14 15:20:20.660,10768,10769,10769,1,1
2020-05-14 15:20:20.915,10768,10769,10768,1,-1
2020-05-14 15:20:21.964,10767,10769,10768,1,-1
2020-05-14 15:20:25.788,10768,10769,10769,1,1
2020-05-14 15:20:27.030,10768,10769,10768,2,-2
2020-05-14 15:20:28.251,10768,10769,10768,1,-1
2020-05-14 15:20:31.532,10768,10769,10769,6,6
2020-05-14 15:20:32.635,10768,10769,10769,3,3
2020-05-14 15:20:33.350,10768,10769,10769,3,3
2020-05-14 15:20:34.534,10769,10770,10769,1,-1
2020-05-14 15:20:35.564,10769,10770,10769,3,-3
2020-05-14 15:20:42.903,10769,10770,10770,10,10
2020-05-14 15:20:43.553,10769,10770,10770,1,1
2020-05-14 15:20:45.054,10769,10770,10769,2,-2
2020-05-14 15:20:45.055,10769,10770,10769,3,-3
2020-05-14 15:20:46.932,10768,10769,10769,2,2
2020-05-14 15:20:47.219,10769,10770,10769,1,-1
2020-05-14 15:20:47.396,10768,10769,10769,3,3
2020-05-14 15:20:49.229,10768,10769,10769,2,2
2020-05-14 15:20:49.646,10769,10770,10769,1,-1
2020-05-14 15:20:49.865,10768,10770,10769,1,-1
2020-05-14 15:20:50.454,10769,10770,10769,1,-1
2020-05-14 15:20:50.998,10768,10770,10769,1,-1
2020-05-14 15:20:51.138,10769,10770,10769,2,-2
2020-05-14 15:20:51.483,10768,10769,10769,1,1
2020-05-14 15:20:52.874,10768,10769,10769,2,2
2020-05-14 15:20:55.007,10768,10769,10768,2,-2
2020-05-14 15:20:55.053,10768,10769,10768,11,-11
2020-05-14 15:20:56.277,10767,10768,10768,1,1
2020-05-14 15:20:56.572,10767,10768,10768,1,1
2020-05-14 15:20:57.873,10767,10768,10767,7,-7
2020-05-14 15:20:58.854,10766,10768,10768,5,5
2020-05-14 15:20:59.570,10766,10768,10768,1,1
2020-05-14 15:21:03.347,10767,10768,10767,1,-1
2020-05-14 15:21:07.689,10767,10768,10767,3,-3
2020-05-14 15:21:07.771,10767,10768,10768,4,4
2020-05-14 15:21:07.844,10767,10768,10768,1,1
2020-05-14 15:21:08.168,10767,10769,10767,2,-2
2020-05-14 15:21:10.360,10767,10768,10767,3,-3
2020-05-14 15:21:10.755,10767,10768,10767,1,-1
2020-05-14 15:21:14.758,10767,10768,10767,1,-1
2020-05-14 15:21:17.241,10766,10767,10766,8,-8
2020-05-14 15:21:17.450,10765,10767,10767,3,3
2020-05-14 15:21:18.944,10765,10766,10766,1,1
2020-05-14 15:21:20.630,10765,10766,10765,5,-5
2020-05-14 15:21:21.237,10765,10766,10765,3,-3
2020-05-14 15:21:21.238,10765,10766,10765,6,-6
2020-05-14 15:21:29.391,10765,10766,10765,1,-1
2020-05-14 15:21:29.531,10765,10766,10765,1,-1
2020-05-14 15:21:30.005,10765,10766,10765,1,-1
2020-05-14 15:21:34.234,10765,10766,10765,1,-1
2020-05-14 15:21:36.733,10765,10766,10766,3,3
2020-05-14 15:21:43.615,10765,10766,10765,1,-1
2020-05-14 15:21:48.786,10765,10766,10766,2,2
2020-05-14 15:21:53.171,10765,10766,10765,1,-1
2020-05-14 15:21:54.614,10765,10766,10766,2,2
2020-05-14 15:21:54.645,10766,10767,10766,1,-1
2020-05-14 15:22:03.575,10767,10768,10767,1,1
2020-05-14 15:22:04.228,10766,10768,10768,1,1
2020-05-14 15:22:05.162,10767,10768,10767,1,-1
2020-05-14 15:22:07.989,10767,10768,10768,3,3
2020-05-14 15:22:10.460,10767,10768,10768,1,1
2020-05-14 15:22:12.399,10767,10768,10768,3,3
2020-05-14 15:22:12.441,10767,10768,10767,1,-1
2020-05-14 15:22:13.526,10766,10767,10767,1,1
2020-05-14 15:22:16.724,10766,10768,10768,2,2
2020-05-14 15:22:22.635,10766,10768,10766,1,-1
2020-05-14 15:22:26.473,10766,10768,10766,1,-1
2020-05-14 15:22:31.611,10767,10768,10767,1,1
2020-05-14 15:22:37.858,10766,10767,10767,1,1
2020-05-14 15:22:45.909,10767,10768,10767,1,-1
2020-05-14 15:22:53.808,10766,10767,10767,1,1
2020-05-14 15:22:54.164,10766,10767,10767,1,1
2020-05-14 15:22:56.440,10767,10768,10767,1,-1
2020-05-14 15:23:02.156,10767,10768,10768,3,3
2020-05-14 15:23:02.157,10767,10768,10768,7,7
2020-05-14 15:23:04.675,10768,10769,10768,10,-10
2020-05-14 15:23:05.166,10768,10769,10768,1,-1
2020-05-14 15:23:06.903,10768,10769,10768,1,-1
2020-05-14 15:23:10.722,10768,10769,10769,3,3
2020-05-14 15:23:13.075,10768,10769,10769,2,2
2020-05-14 15:23:19.257,10768,10769,10769,1,1
2020-05-14 15:23:19.735,10768,10769,10768,1,-1
2020-05-14 15:23:20.390,10768,10769,10769,2,2
2020-05-14 15:23:20.431,10768,10769,10769,1,1
2020-05-14 15:23:21.342,10768,10769,10769,1,1
2020-05-14 15:23:21.343,10768,10769,10769,2,2
2020-05-14 15:23:21.496,10769,10770,10770,1,1
2020-05-14 15:23:21.622,10769,10770,10770,1,1
2020-05-14 15:23:21.640,10769,10770,10770,1,1
2020-05-14 15:23:22.549,10769,10770,10769,1,-1
2020-05-14 15:23:23.679,10769,10770,10770,1,1
2020-05-14 15:23:23.834,10769,10770,10770,1,1
2020-05-14 15:23:24.578,10769,10770,10770,5,5
2020-05-14 15:23:25.425,10769,10770,10769,1,-1
2020-05-14 15:23:34.765,10769,10770,10769,4,-4
2020-05-14 15:23:40.336,10768,10769,10769,2,2
2020-05-14 15:23:40.612,10768,10769,10769,1,1
2020-05-14 15:23:43.175,10768,10769,10768,17,-17
2020-05-14 15:23:43.278,10767,10768,10768,1,1
2020-05-14 15:23:44.029,10767,10768,10768,1,1
2020-05-14 15:23:44.163,10767,10768,10768,1,1
2020-05-14 15:23:44.179,10767,10768,10768,1,1
2020-05-14 15:23:44.214,10767,10768,10768,2,2
2020-05-14 15:23:45.197,10767,10768,10768,1,1
2020-05-14 15:23:46.944,10767,10768,10767,2,-2
2020-05-14 15:23:46.944,10767,10768,10767,1,-1
2020-05-14 15:23:49.059,10766,10767,10767,2,2
2020-05-14 15:23:50.374,10766,10767,10766,5,-5
2020-05-14 15:23:50.952,10766,10767,10766,1,-1
2020-05-14 15:23:58.333,10766,10767,10766,1,-1
2020-05-14 15:24:06.164,10766,10767,10767,1,1
2020-05-14 15:24:13.551,10766,10767,10767,1,1
2020-05-14 15:24:17.911,10766,10767,10767,1,1
2020-05-14 15:24:18.052,10766,10767,10767,1,1
2020-05-14 15:24:18.151,10766,10767,10767,1,1
2020-05-14 15:24:25.897,10766,10767,10766,1,-1
2020-05-14 15:24:25.897,10766,10767,10766,3,-3
2020-05-14 15:24:25.897,10766,10767,10766,3,-3
2020-05-14 15:24:25.897,10766,10767,10766,10,-10
2020-05-14 15:24:28.033,10765,10766,10766,5,5
2020-05-14 15:24:31.459,10765,10766,10765,2,-2
2020-05-14 15:24:31.460,10765,10766,10765,2,-2
2020-05-14 15:24:31.460,10765,10766,10765,9,-9
2020-05-14 15:24:31.460,10765,10766,10765,1,-1
2020-05-14 15:24:31.751,10764,10765,10765,3,3
2020-05-14 15:24:31.751,10764,10765,10766,2,2
2020-05-14 15:24:31.862,10764,10766,10766,28,28
2020-05-14 15:24:32.103,10766,10767,10766,3,-3
2020-05-14 15:24:41.036,10766,10767,10767,1,1
2020-05-14 15:24:41.037,10766,10767,10767,1,1
2020-05-14 15:24:41.037,10766,10767,10767,6,6
2020-05-14 15:24:41.037,10766,10767,10767,1,1
2020-05-14 15:24:41.037,10766,10767,10767,17,17
2020-05-14 15:24:44.074,10767,10768,10767,1,-1
2020-05-14 15:24:44.074,10767,10768,10766,2,-2
2020-05-14 15:24:47.558,10767,10768,10767,1,1
2020-05-14 15:24:56.088,10766,10767,10766,2,-2
2020-05-14 15:24:56.898,10766,10767,10767,12,12
2020-05-14 15:25:03.258,10766,10767,10767,1,1
2020-05-14 15:25:03.937,10766,10767,10767,2,2
2020-05-14 15:25:04.772,10766,10767,10767,1,1
2020-05-14 15:25:13.319,10766,10767,10766,1,-1
2020-05-14 15:25:15.270,10766,10767,10766,5,-5
2020-05-14 15:25:17.000,10766,10767,10766,1,-1
2020-05-14 15:25:21.770,10766,10767,10766,1,-1
2020-05-14 15:25:26.301,10766,10767,10766,15,-15
2020-05-14 15:25:31.261,10765,10766,10765,1,-1
2020-05-14 15:25:34.818,10765,10766,10765,1,-1
2020-05-14 15:25:41.572,10765,10766,10765,1,-1
2020-05-14 15:25:41.572,10765,10766,10765,2,-2
2020-05-14 15:25:50.787,10764,10765,10765,1,1
2020-05-14 15:25:57.107,10764,10765,10764,1,-1
2020-05-14 15:25:57.415,10764,10765,10765,4,4
2020-05-14 15:25:58.967,10764,10765,10764,1,-1
2020-05-14 15:26:01.569,10764,10765,10764,1,-1
2020-05-14 15:26:04.979,10764,10765,10765,2,2
2020-05-14 15:26:04.979,10764,10765,10765,2,2
2020-05-14 15:26:07.741,10764,10765,10764,2,-2
2020-05-14 15:26:08.341,10764,10765,10764,1,-1
2020-05-14 15:26:08.393,10764,10765,10764,5,-5
2020-05-14 15:26:08.393,10764,10765,10764,2,-2
2020-05-14 15:26:08.393,10764,10765,10764,1,-1
2020-05-14 15:26:08.394,10764,10765,10764,2,-2
2020-05-14 15:26:08.394,10764,10765,10764,2,-2
2020-05-14 15:26:08.394,10764,10765,10764,1,-1
2020-05-14 15:26:08.394,10764,10765,10764,1,-1
2020-05-14 15:26:10.161,10763,10764,10764,2,2
2020-05-14 15:26:11.379,10763,10764,10764,1,1
2020-05-14 15:26:13.519,10763,10764,10764,1,1
2020-05-14 15:26:14.057,10763,10764,10764,2,2
2020-05-14 15:26:17.749,10764,10765,10764,1,-1
2020-05-14 15:26:17.767,10764,10765,10764,1,-1
2020-05-14 15:26:17.951,10764,10765,10764,1,-1
2020-05-14 15:26:18.118,10764,10765,10764,1,-1
2020-05-14 15:26:20.660,10763,10764,10763,1,-1
2020-05-14 15:26:20.910,10763,10764,10763,1,-1
2020-05-14 15:26:21.523,10763,10764,10763,1,-1
2020-05-14 15:26:21.876,10763,10764,10763,11,-11
2020-05-14 15:26:25.252,10762,10763,10762,1,-1
2020-05-14 15:26:25.252,10762,10763,10762,3,-3
2020-05-14 15:26:27.625,10761,10762,10761,3,-3
2020-05-14 15:26:28.063,10761,10762,10762,1,1
2020-05-14 15:26:29.919,10761,10762,10761,1,-1
2020-05-14 15:26:33.687,10760,10761,10760,1,-1
2020-05-14 15:26:33.804,10760,10761,10760,1,-1
2020-05-14 15:26:34.736,10760,10761,10760,1,-1
2020-05-14 15:26:34.993,10760,10761,10760,1,-1
2020-05-14 15:26:35.485,10760,10761,10760,2,-2
2020-05-14 15:26:35.604,10760,10761,10760,1,-1
2020-05-14 15:26:35.851,10759,10761,10760,2,-2
2020-05-14 15:26:35.910,10759,10761,10760,1,-1
2020-05-14 15:26:37.052,10760,10761,10760,1,-1
2020-05-14 15:26:37.257,10760,10761,10760,1,-1
2020-05-14 15:26:37.405,10760,10761,10760,1,-1
2020-05-14 15:26:38.756,10760,10761,10760,1,-1
2020-05-14 15:26:40.479,10760,10761,10760,3,-3
2020-05-14 15:26:41.148,10760,10761,10760,1,-1
2020-05-14 15:26:41.376,10759,10761,10759,2,-2
2020-05-14 15:26:41.467,10759,10761,10761,1,1
2020-05-14 15:26:41.629,10759,10761,10759,1,-1
2020-05-14 15:26:42.468,10760,10761,10760,1,1
2020-05-14 15:26:43.107,10760,10761,10761,3,3
2020-05-14 15:26:43.426,10760,10761,10760,4,-4
2020-05-14 15:26:43.926,10759,10761,10760,1,-1
2020-05-14 15:26:44.220,10759,10761,10760,1,-1
2020-05-14 15:26:46.220,10759,10760,10760,3,3
2020-05-14 15:26:48.620,10760,10761,10760,1,-1
2020-05-14 15:26:48.845,10760,10761,10760,3,-3
2020-05-14 15:26:50.339,10760,10761,10761,4,4
2020-05-14 15:26:50.712,10760,10761,10760,1,-1
2020-05-14 15:26:51.284,10760,10761,10760,1,-1
2020-05-14 15:26:51.902,10760,10761,10760,1,-1
2020-05-14 15:26:52.832,10760,10761,10760,1,-1
2020-05-14 15:26:54.155,10760,10761,10760,2,-2
2020-05-14 15:26:54.559,10760,10761,10760,1,-1
2020-05-14 15:26:55.131,10759,10760,10760,2,2
2020-05-14 15:26:55.131,10759,10760,10760,1,1
2020-05-14 15:26:56.620,10759,10760,10760,2,2
2020-05-14 15:27:00.242,10760,10761,10760,1,-1
2020-05-14 15:27:00.643,10760,10761,10761,2,2
2020-05-14 15:27:01.399,10761,10762,10761,1,-1
2020-05-14 15:27:01.578,10761,10762,10761,1,-1
2020-05-14 15:27:02.293,10761,10762,10761,2,-2
2020-05-14 15:27:02.294,10761,10762,10761,18,-18
2020-05-14 15:27:03.448,10761,10762,10761,1,-1
2020-05-14 15:27:06.090,10761,10762,10762,1,1
2020-05-14 15:27:09.325,10761,10762,10761,1,-1
2020-05-14 15:27:10.038,10761,10762,10762,1,1
2020-05-14 15:27:10.877,10761,10762,10762,1,1
2020-05-14 15:27:12.268,10761,10762,10761,1,-1
2020-05-14 15:27:14.954,10761,10762,10762,1,1
2020-05-14 15:27:15.781,10761,10762,10761,2,-2
2020-05-14 15:27:20.511,10761,10762,10761,1,-1
2020-05-14 15:27:20.567,10761,10762,10761,1,-1
2020-05-14 15:27:21.911,10761,10762,10761,9,-9
2020-05-14 15:27:21.912,10761,10762,10761,9,-9
2020-05-14 15:27:29.942,10761,10762,10761,1,-1
2020-05-14 15:27:29.942,10761,10762,10760,1,-1
2020-05-14 15:27:32.865,10761,10762,10761,1,1
2020-05-14 15:27:33.451,10761,10762,10761,1,-1
2020-05-14 15:27:34.687,10761,10762,10761,1,-1
2020-05-14 15:27:35.289,10761,10762,10762,1,1
2020-05-14 15:27:35.494,10761,10762,10762,2,2
2020-05-14 15:27:36.640,10761,10762,10762,2,2
2020-05-14 15:27:36.641,10761,10762,10762,1,1
2020-05-14 15:27:36.667,10762,10763,10762,1,-1
2020-05-14 15:27:38.076,10761,10763,10762,1,-1
2020-05-14 15:27:38.527,10762,10763,10762,2,-2
2020-05-14 15:27:43.972,10761,10762,10761,2,-2
2020-05-14 15:27:43.972,10761,10762,10761,1,-1
2020-05-14 15:27:47.755,10760,10761,10761,1,1
2020-05-14 15:27:49.642,10760,10762,10761,1,-1
2020-05-14 15:28:00.024,10760,10761,10760,2,-2
2020-05-14 15:28:17.343,10760,10761,10760,1,-1
2020-05-14 15:28:19.509,10760,10761,10761,4,4
2020-05-14 15:28:19.509,10760,10761,10761,3,3
2020-05-14 15:28:23.547,10761,10762,10762,10,10
2020-05-14 15:28:30.267,10761,10762,10762,1,1
2020-05-14 15:28:35.076,10761,10762,10761,2,-2
2020-05-14 15:28:38.880,10761,10762,10762,4,4
2020-05-14 15:28:41.387,10762,10763,10762,4,-4
2020-05-14 15:28:42.389,10761,10762,10761,2,-2
2020-05-14 15:28:42.389,10761,10762,10761,2,-2
2020-05-14 15:28:42.389,10761,10762,10761,2,-2
2020-05-14 15:28:42.389,10761,10762,10761,1,-1
2020-05-14 15:28:42.389,10761,10762,10761,1,-1
2020-05-14 15:28:42.389,10761,10762,10761,3,-3
2020-05-14 15:28:42.790,10760,10761,10761,5,5
2020-05-14 15:28:51.976,10760,10761,10760,1,-1
2020-05-14 15:29:00.742,10760,10761,10760,2,-2
2020-05-14 15:29:07.482,10760,10761,10760,1,-1
2020-05-14 15:29:07.755,10760,10761,10761,1,1
2020-05-14 15:29:07.772,10761,10762,10761,1,-1
2020-05-14 15:29:12.999,10760,10761,10761,1,1
2020-05-14 15:29:17.575,10761,10762,10761,1,-1
2020-05-14 15:29:18.521,10761,10762,10761,1,-1
2020-05-14 15:29:20.140,10761,10762,10761,1,-1
2020-05-14 15:29:23.252,10761,10762,10762,2,2
2020-05-14 15:29:23.259,10761,10762,10762,2,2
2020-05-14 15:29:23.259,10761,10762,10763,3,3
2020-05-14 15:29:23.785,10761,10763,10761,3,-3
2020-05-14 15:29:24.485,10761,10763,10763,5,5
2020-05-14 15:29:30.359,10761,10763,10763,4,4
2020-05-14 15:29:34.268,10761,10762,10762,5,5
2020-05-14 15:29:35.093,10761,10762,10762,5,5
2020-05-14 15:29:38.392,10761,10762,10762,5,5
2020-05-14 15:29:38.537,10761,10762,10762,2,2
2020-05-14 15:29:38.850,10761,10762,10762,3,3
2020-05-14 15:29:38.850,10761,10762,10763,2,2
2020-05-14 15:29:39.605,10762,10763,10762,1,-1
2020-05-14 15:29:39.735,10761,10762,10762,1,1
2020-05-14 15:29:41.483,10761,10763,10761,5,-5
2020-05-14 15:29:42.192,10761,10762,10762,3,3
2020-05-14 15:29:48.404,10761,10762,10762,1,1
2020-05-14 15:29:56.465,10761,10762,10761,1,-1
2020-05-14 15:29:56.655,10761,10762,10762,1,1
2020-05-14 15:29:56.682,10761,10762,10761,1,-1
2020-05-14 15:29:57.766,10761,10762,10762,2,2
2020-05-14 15:30:01.083,10761,10762,10762,1,1
2020-05-14 15:30:01.446,10761,10762,10762,2,2
2020-05-14 15:30:01.450,10761,10762,10763,2,2
2020-05-14 15:30:01.461,10761,10762,10763,2,2
2020-05-14 15:30:01.463,10761,10762,10762,1,1
2020-05-14 15:30:01.464,10761,10762,10763,1,1
2020-05-14 15:30:01.480,10761,10762,10763,1,1
2020-05-14 15:30:01.541,10761,10763,10763,1,1
2020-05-14 15:30:02.181,10761,10763,10762,1,-1
2020-05-14 15:30:02.192,10761,10763,10762,1,-1
2020-05-14 15:30:02.835,10761,10762,10762,2,2
2020-05-14 15:30:03.068,10761,10762,10762,3,3
2020-05-14 15:30:03.135,10761,10762,10762,1,1
2020-05-14 15:30:03.136,10761,10762,10762,1,1
2020-05-14 15:30:06.479,10762,10763,10763,5,5
2020-05-14 15:30:06.762,10762,10764,10762,1,-1
2020-05-14 15:30:07.381,10762,10764,10763,1,1
2020-05-14 15:30:07.518,10763,10764,10764,4,4
2020-05-14 15:30:07.518,10763,10764,10764,2,2
2020-05-14 15:30:08.180,10764,10765,10764,1,-1
2020-05-14 15:30:09.105,10764,10765,10764,1,-1
2020-05-14 15:30:09.454,10763,10765,10763,1,-1
2020-05-14 15:30:10.014,10763,10765,10765,4,4
2020-05-14 15:30:12.786,10764,10765,10765,1,1
2020-05-14 15:30:12.786,10764,10765,10765,1,1
2020-05-14 15:30:14.218,10765,10766,10766,2,2
2020-05-14 15:30:14.219,10765,10766,10766,1,1
2020-05-14 15:30:14.219,10765,10766,10766,5,5
2020-05-14 15:30:14.219,10765,10766,10766,2,2
2020-05-14 15:30:14.219,10765,10766,10766,1,1
2020-05-14 15:30:14.219,10765,10766,10766,3,3
2020-05-14 15:30:14.407,10766,10767,10767,1,1
2020-05-14 15:30:15.885,10766,10767,10767,2,2
2020-05-14 15:30:16.211,10766,10767,10767,2,2
2020-05-14 15:30:16.211,10766,10767,10767,4,4
2020-05-14 15:30:16.835,10767,10768,10767,1,-1
2020-05-14 15:30:17.353,10767,10768,10768,5,5
2020-05-14 15:30:17.638,10767,10768,10768,1,1
2020-05-14 15:30:17.662,10767,10768,10768,1,1
2020-05-14 15:30:20.451,10767,10768,10768,1,1
2020-05-14 15:30:23.170,10767,10768,10768,1,1
2020-05-14 15:30:23.170,10767,10768,10768,1,1
2020-05-14 15:30:23.170,10767,10768,10768,1,1
2020-05-14 15:30:23.170,10767,10768,10768,9,9
2020-05-14 15:30:23.170,10767,10768,10768,1,1
2020-05-14 15:30:23.445,10768,10769,10769,3,3
2020-05-14 15:30:23.564,10769,10770,10770,1,1
2020-05-14 15:30:23.585,10769,10770,10770,1,1
2020-05-14 15:30:23.751,10769,10770,10770,1,1
2020-05-14 15:30:23.900,10769,10770,10770,1,1
2020-05-14 15:30:24.288,10769,10770,10769,1,-1
2020-05-14 15:30:26.498,10769,10770,10770,1,1
2020-05-14 15:30:27.308,10769,10770,10769,1,-1
2020-05-14 15:30:27.481,10769,10770,10770,2,2
2020-05-14 15:30:27.552,10769,10770,10770,1,1
2020-05-14 15:30:28.003,10769,10770,10770,3,3
2020-05-14 15:30:28.022,10769,10770,10770,3,3
2020-05-14 15:30:28.184,10769,10770,10770,1,1
2020-05-14 15:30:28.464,10769,10770,10769,4,-4
2020-05-14 15:30:28.464,10769,10770,10769,1,-1
2020-05-14 15:30:28.464,10769,10770,10769,4,-4
2020-05-14 15:30:31.956,10769,10770,10769,1,-1
2020-05-14 15:30:32.927,10768,10770,10768,2,-2
2020-05-14 15:30:33.452,10768,10770,10768,1,-1
2020-05-14 15:30:35.100,10769,10770,10769,1,1
2020-05-14 15:30:44.067,10769,10770,10769,1,-1
2020-05-14 15:30:46.385,10768,10769,10769,1,1
2020-05-14 15:30:49.422,10768,10769,10768,5,-5
2020-05-14 15:30:50.368,10767,10768,10768,1,1
2020-05-14 15:30:51.063,10767,10768,10768,1,1
2020-05-14 15:30:52.165,10767,10768,10768,1,1
2020-05-14 15:30:56.299,10768,10769,10768,1,-1
2020-05-14 15:31:00.597,10768,10769,10769,1,1
2020-05-14 15:31:00.598,10768,10769,10769,3,3
2020-05-14 15:31:00.598,10768,10769,10769,1,1
2020-05-14 15:31:00.598,10768,10769,10769,3,3
2020-05-14 15:31:02.462,10769,10770,10770,1,1
2020-05-14 15:31:02.926,10769,10770,10769,1,-1
2020-05-14 15:31:03.029,10769,10770,10769,2,-2
2020-05-14 15:31:03.035,10769,10770,10768,1,-1
2020-05-14 15:31:03.037,10769,10770,10768,2,-2
2020-05-14 15:31:03.038,10769,10770,10768,1,-1
2020-05-14 15:31:03.043,10769,10770,10768,1,-1
2020-05-14 15:31:03.045,10769,10770,10768,1,-1
2020-05-14 15:31:03.046,10769,10770,10768,2,-2
2020-05-14 15:31:03.047,10769,10770,10768,1,-1
2020-05-14 15:31:03.048,10769,10770,10768,1,-1
2020-05-14 15:31:03.052,10769,10770,10767,1,-1
2020-05-14 15:31:03.054,10769,10770,10767,6,-6
2020-05-14 15:31:03.056,10769,10770,10767,1,-1
2020-05-14 15:31:03.056,10769,10770,10766,1,-1
2020-05-14 15:31:03.146,10766,10768,10766,1,-1
2020-05-14 15:31:03.147,10766,10768,10766,5,-5
2020-05-14 15:31:03.690,10766,10767,10767,2,2
2020-05-14 15:31:04.145,10766,10767,10767,3,3
2020-05-14 15:31:04.683,10766,10767,10767,1,1
2020-05-14 15:31:04.801,10766,10768,10768,1,1
2020-05-14 15:31:05.298,10766,10768,10766,1,-1
2020-05-14 15:31:06.789,10766,10767,10767,1,1
2020-05-14 15:31:07.081,10766,10768,10768,2,2
2020-05-14 15:31:07.757,10766,10768,10766,1,-1
2020-05-14 15:31:10.640,10766,10767,10766,2,-2
2020-05-14 15:31:11.112,10765,10766,10766,1,1
2020-05-14 15:31:12.014,10765,10766,10766,1,1
2020-05-14 15:31:18.644,10767,10769,10767,3,3
2020-05-14 15:31:25.331,10767,10769,10769,1,1
2020-05-14 15:31:32.646,10768,10769,10768,4,-4
2020-05-14 15:31:33.413,10768,10769,10769,2,2
2020-05-14 15:31:39.732,10768,10769,10769,1,1
2020-05-14 15:31:41.183,10768,10769,10769,2,2
2020-05-14 15:31:45.174,10768,10769,10768,4,-4
2020-05-14 15:31:45.266,10768,10769,10767,5,-5
2020-05-14 15:31:45.267,10768,10769,10767,9,-9
2020-05-14 15:31:45.308,10766,10767,10766,1,-1
2020-05-14 15:31:45.332,10766,10767,10766,2,-2
2020-05-14 15:31:45.898,10765,10766,10765,2,-2
2020-05-14 15:31:48.728,10765,10766,10765,1,-1
2020-05-14 15:31:48.728,10765,10766,10765,1,-1
2020-05-14 15:31:48.728,10765,10766,10765,2,-2
2020-05-14 15:31:48.728,10765,10766,10765,2,-2
2020-05-14 15:31:49.307,10764,10765,10764,6,-6
2020-05-14 15:31:54.408,10764,10765,10764,1,-1
2020-05-14 15:31:56.955,10764,10765,10764,1,-1
2020-05-14 15:32:02.219,10764,10765,10765,2,2
2020-05-14 15:32:06.523,10764,10765,10764,1,-1
2020-05-14 15:32:09.461,10764,10765,10764,1,-1
2020-05-14 15:32:09.746,10764,10765,10765,5,5
2020-05-14 15:32:19.108,10765,10766,10766,1,1
2020-05-14 15:32:19.148,10765,10766,10765,1,-1
2020-05-14 15:32:26.094,10765,10766,10766,1,1
2020-05-14 15:32:27.544,10766,10768,10768,5,5
2020-05-14 15:32:29.508,10767,10768,10767,1,-1
2020-05-14 15:32:33.788,10766,10768,10768,5,5
2020-05-14 15:32:43.249,10767,10768,10768,1,1
2020-05-14 15:32:43.770,10768,10769,10768,1,-1
2020-05-14 15:32:44.374,10768,10769,10768,1,-1
2020-05-14 15:32:44.640,10767,10768,10768,1,1
2020-05-14 15:32:45.647,10767,10768,10768,1,1
2020-05-14 15:32:47.717,10768,10769,10768,1,-1
2020-05-14 15:32:49.338,10767,10769,10769,6,6
2020-05-14 15:32:51.843,10768,10769,10769,1,1
2020-05-14 15:32:53.034,10769,10770,10769,1,-1
2020-05-14 15:32:53.426,10769,10770,10769,1,-1
2020-05-14 15:32:53.426,10769,10770,10769,4,-4
2020-05-14 15:32:53.427,10769,10770,10769,1,-1
2020-05-14 15:32:53.788,10768,10769,10769,2,2
2020-05-14 15:32:53.909,10768,10769,10770,2,2
2020-05-14 15:32:56.612,10768,10769,10768,1,-1
2020-05-14 15:33:02.478,10767,10768,10768,2,2
2020-05-14 15:33:02.663,10767,10768,10768,1,1
2020-05-14 15:33:02.663,10767,10768,10768,1,1
2020-05-14 15:33:03.142,10768,10769,10768,1,-1
2020-05-14 15:33:03.143,10768,10769,10768,1,-1
2020-05-14 15:33:06.683,10767,10768,10768,1,1
2020-05-14 15:33:08.419,10768,10769,10768,2,-2
2020-05-14 15:33:08.700,10767,10768,10768,1,1
2020-05-14 15:33:10.336,10767,10768,10767,7,-7
2020-05-14 15:33:10.430,10766,10767,10766,1,-1
2020-05-14 15:33:10.888,10766,10767,10767,1,1
2020-05-14 15:33:11.021,10766,10767,10766,1,-1
2020-05-14 15:33:11.282,10766,10767,10767,6,6
2020-05-14 15:33:11.283,10766,10767,10767,3,3
2020-05-14 15:33:15.801,10766,10767,10767,3,3
2020-05-14 15:33:15.802,10766,10767,10767,7,7
2020-05-14 15:33:18.328,10766,10767,10766,2,-2
2020-05-14 15:33:21.191,10764,10766,10765,2,-2
2020-05-14 15:33:25.538,10764,10765,10763,2,-2
2020-05-14 15:33:25.676,10763,10765,10763,1,-1
2020-05-14 15:33:26.942,10763,10765,10765,1,1
2020-05-14 15:33:31.945,10763,10764,10763,2,-2
2020-05-14 15:33:31.946,10763,10764,10763,3,-3
2020-05-14 15:33:35.097,10762,10763,10763,1,1
2020-05-14 15:33:35.156,10762,10763,10762,1,-1
2020-05-14 15:33:37.085,10762,10763,10763,5,5
2020-05-14 15:33:42.389,10762,10763,10762,2,-2
2020-05-14 15:33:42.389,10762,10763,10762,2,-2
2020-05-14 15:33:42.389,10762,10763,10762,1,-1
2020-05-14 15:33:42.389,10762,10763,10762,2,-2
2020-05-14 15:33:45.275,10762,10763,10762,1,-1
2020-05-14 15:33:46.484,10761,10762,10762,2,2
2020-05-14 15:33:51.923,10762,10763,10762,1,-1
2020-05-14 15:33:53.904,10761,10762,10761,1,-1
2020-05-14 15:33:54.150,10761,10762,10761,2,-2
2020-05-14 15:34:00.139,10761,10762,10761,1,-1
2020-05-14 15:34:00.560,10761,10762,10762,2,2
2020-05-14 15:34:01.084,10761,10763,10761,1,-1
2020-05-14 15:34:04.924,10762,10763,10763,1,1
2020-05-14 15:34:18.255,10762,10764,10763,1,-1
2020-05-14 15:34:26.665,10763,10764,10763,4,-4
2020-05-14 15:34:27.292,10763,10764,10763,1,-1
2020-05-14 15:34:27.293,10763,10764,10763,1,-1
2020-05-14 15:34:30.529,10762,10764,10762,2,-2
2020-05-14 15:34:41.314,10763,10764,10764,1,1
2020-05-14 15:34:41.314,10763,10764,10764,2,2
2020-05-14 15:34:45.000,10763,10765,10763,1,-1
2020-05-14 15:34:49.352,10763,10765,10763,1,-1
2020-05-14 15:34:53.836,10763,10764,10763,1,-1
2020-05-14 15:34:56.766,10763,10764,10763,1,-1
2020-05-14 15:34:59.870,10763,10764,10763,1,-1
2020-05-14 15:35:00.780,10763,10764,10763,1,-1
2020-05-14 15:35:00.780,10763,10764,10763,2,-2
2020-05-14 15:35:00.781,10763,10764,10763,8,-8
2020-05-14 15:35:08.825,10762,10763,10763,2,2
2020-05-14 15:35:09.546,10762,10764,10762,1,-1
2020-05-14 15:35:17.318,10763,10764,10764,1,1
2020-05-14 15:35:18.215,10763,10765,10763,1,-1
2020-05-14 15:35:20.698,10763,10764,10764,1,1
2020-05-14 15:35:22.120,10763,10765,10763,1,-1
2020-05-14 15:35:27.215,10763,10764,10763,1,-1
2020-05-14 15:35:31.199,10763,10764,10763,2,-2
2020-05-14 15:35:31.199,10763,10764,10762,1,-1
2020-05-14 15:35:33.830,10763,10764,10764,1,1
2020-05-14 15:35:33.830,10763,10764,10764,1,1
2020-05-14 15:35:47.912,10763,10764,10764,5,5
2020-05-14 15:35:51.184,10763,10765,10765,5,5
2020-05-14 15:36:00.040,10763,10765,10765,1,1
2020-05-14 15:36:00.497,10763,10765,10764,2,-2
2020-05-14 15:36:00.497,10763,10765,10765,3,3
2020-05-14 15:36:04.392,10763,10765,10765,1,1
2020-05-14 15:36:08.711,10764,10766,10765,1,-1
2020-05-14 15:36:16.890,10765,10766,10766,1,1
2020-05-14 15:36:16.890,10765,10766,10766,1,1
2020-05-14 15:36:19.029,10766,10767,10766,2,-2
2020-05-14 15:36:19.276,10765,10767,10765,1,-1
2020-05-14 15:36:19.375,10765,10767,10766,2,2
2020-05-14 15:36:20.832,10764,10766,10766,3,3
2020-05-14 15:36:23.432,10763,10765,10765,1,1
2020-05-14 15:36:42.664,10764,10765,10765,4,4
2020-05-14 15:36:42.664,10764,10765,10765,1,1
2020-05-14 15:36:59.049,10764,10765,10765,2,2
2020-05-14 15:37:00.151,10765,10766,10765,1,-1
2020-05-14 15:37:12.942,10764,10765,10765,2,2
2020-05-14 15:37:14.393,10765,10766,10766,1,1
2020-05-14 15:37:14.394,10765,10766,10766,1,1
2020-05-14 15:37:15.719,10765,10767,10767,27,27
2020-05-14 15:37:16.756,10767,10768,10768,2,2
2020-05-14 15:37:16.756,10767,10768,10768,2,2
2020-05-14 15:37:16.756,10767,10768,10768,1,1
2020-05-14 15:37:17.436,10768,10769,10768,3,-3
2020-05-14 15:37:17.436,10768,10769,10767,2,-2
2020-05-14 15:37:30.185,10767,10769,10767,1,-1
2020-05-14 15:37:35.945,10767,10769,10767,4,-4
2020-05-14 15:37:39.244,10767,10769,10769,3,3
2020-05-14 15:37:44.959,10768,10769,10769,15,15
2020-05-14 15:37:47.620,10769,10770,10770,1,1
2020-05-14 15:37:52.233,10769,10770,10770,9,9
2020-05-14 15:37:53.223,10769,10770,10770,9,9
2020-05-14 15:37:54.491,10769,10770,10770,4,4
2020-05-14 15:37:55.231,10769,10770,10769,2,-2
2020-05-14 15:37:55.753,10769,10770,10770,4,4
2020-05-14 15:37:56.945,10769,10770,10770,1,1
2020-05-14 15:37:57.477,10769,10770,10770,5,5
2020-05-14 15:37:57.601,10769,10770,10770,1,1
2020-05-14 15:37:58.789,10769,10771,10771,1,1
2020-05-14 15:37:59.119,10769,10771,10771,1,1
2020-05-14 15:37:59.199,10770,10771,10771,1,1
2020-05-14 15:37:59.213,10770,10771,10771,1,1
2020-05-14 15:38:00.781,10770,10771,10771,3,3
2020-05-14 15:38:01.053,10770,10771,10771,1,1
2020-05-14 15:38:01.053,10770,10771,10771,5,5
2020-05-14 15:38:01.053,10770,10771,10771,4,4
2020-05-14 15:38:01.053,10770,10771,10771,6,6
2020-05-14 15:38:01.067,10770,10771,10771,5,5
2020-05-14 15:38:01.227,10771,10772,10772,1,1
2020-05-14 15:38:01.296,10771,10772,10772,1,1
2020-05-14 15:38:01.319,10771,10772,10772,1,1
2020-05-14 15:38:01.522,10771,10772,10772,2,2
2020-05-14 15:38:01.525,10771,10772,10772,2,2
2020-05-14 15:38:01.531,10771,10772,10772,1,1
2020-05-14 15:38:01.535,10771,10772,10772,1,1
2020-05-14 15:38:01.540,10771,10772,10772,1,1
2020-05-14 15:38:01.566,10771,10772,10772,1,1
2020-05-14 15:38:01.566,10771,10772,10772,1,1
2020-05-14 15:38:01.566,10771,10772,10772,5,5
2020-05-14 15:38:01.566,10771,10772,10772,2,2
2020-05-14 15:38:01.684,10772,10773,10773,1,1
2020-05-14 15:38:01.693,10772,10773,10773,1,1
2020-05-14 15:38:01.695,10772,10773,10773,1,1
2020-05-14 15:38:01.879,10772,10773,10773,3,3
2020-05-14 15:38:01.917,10772,10773,10773,1,1
2020-05-14 15:38:01.992,10772,10773,10773,1,1
2020-05-14 15:38:01.997,10772,10773,10772,1,-1
2020-05-14 15:38:02.031,10772,10773,10773,1,1
2020-05-14 15:38:02.065,10772,10773,10773,1,1
2020-05-14 15:38:02.693,10772,10773,10772,1,-1
2020-05-14 15:38:02.724,10772,10773,10773,2,2
2020-05-14 15:38:02.724,10772,10773,10773,2,2
2020-05-14 15:38:02.724,10772,10773,10773,1,1
2020-05-14 15:38:02.725,10772,10773,10773,1,1
2020-05-14 15:38:02.725,10772,10773,10773,1,1
2020-05-14 15:38:03.603,10772,10774,10774,1,1
2020-05-14 15:38:03.667,10772,10774,10774,2,2
2020-05-14 15:38:03.674,10772,10774,10774,1,1
2020-05-14 15:38:03.702,10772,10774,10773,1,-1
2020-05-14 15:38:03.788,10773,10774,10774,3,3
2020-05-14 15:38:03.816,10773,10774,10774,1,1
2020-05-14 15:38:03.969,10773,10774,10774,3,3
2020-05-14 15:38:04.013,10773,10774,10774,1,1
2020-05-14 15:38:04.253,10773,10774,10774,1,1
2020-05-14 15:38:04.403,10773,10775,10775,1,1
2020-05-14 15:38:04.718,10773,10775,10775,2,2
2020-05-14 15:38:04.840,10773,10775,10775,3,3
2020-05-14 15:38:04.977,10774,10775,10774,1,-1
2020-05-14 15:38:05.216,10773,10775,10775,1,1
2020-05-14 15:38:05.909,10774,10775,10775,1,1
2020-05-14 15:38:06.681,10774,10775,10774,1,-1
2020-05-14 15:38:07.077,10774,10775,10774,1,-1
2020-05-14 15:38:07.256,10773,10775,10773,1,-1
2020-05-14 15:38:07.906,10772,10774,10774,1,1
2020-05-14 15:38:09.067,10772,10774,10774,1,1
2020-05-14 15:38:12.963,10772,10774,10774,2,2
2020-05-14 15:38:13.210,10772,10774,10774,1,1
2020-05-14 15:38:14.557,10773,10774,10774,1,1
2020-05-14 15:38:15.369,10773,10774,10774,4,4
2020-05-14 15:38:17.528,10773,10774,10773,4,-4
2020-05-14 15:38:18.053,10773,10774,10773,1,-1
2020-05-14 15:38:18.526,10772,10773,10773,1,1
2020-05-14 15:38:19.742,10772,10773,10773,5,5
2020-05-14 15:38:20.832,10772,10773,10773,1,1
2020-05-14 15:38:22.216,10772,10773,10773,1,1
2020-05-14 15:38:27.018,10772,10773,10773,1,1
2020-05-14 15:38:27.048,10772,10774,10773,1,-1
2020-05-14 15:38:28.481,10772,10773,10772,24,-24
2020-05-14 15:38:28.628,10771,10772,10771,1,-1
2020-05-14 15:38:30.543,10770,10772,10772,4,4
2020-05-14 15:38:34.092,10771,10772,10771,1,-1
2020-05-14 15:38:39.060,10772,10773,10772,1,1
2020-05-14 15:38:39.064,10772,10773,10772,1,-1
2020-05-14 15:38:39.613,10772,10773,10773,2,2
2020-05-14 15:38:40.284,10772,10773,10772,1,-1
2020-05-14 15:38:41.244,10772,10773,10771,1,-1
2020-05-14 15:38:43.831,10771,10772,10772,1,1
2020-05-14 15:38:43.875,10771,10772,10771,1,-1
2020-05-14 15:38:45.088,10770,10772,10772,1,1
2020-05-14 15:38:46.820,10770,10771,10770,4,-4
2020-05-14 15:38:47.186,10770,10771,10771,1,1
2020-05-14 15:38:47.700,10770,10771,10771,1,1
2020-05-14 15:38:50.313,10770,10772,10772,1,1
2020-05-14 15:38:55.455,10771,10772,10772,1,1
2020-05-14 15:38:55.738,10771,10772,10772,4,4
2020-05-14 15:38:56.906,10771,10772,10772,1,1
2020-05-14 15:38:57.344,10771,10772,10772,1,1
2020-05-14 15:38:58.556,10771,10772,10772,5,5
2020-05-14 15:39:01.052,10772,10773,10772,1,-1
2020-05-14 15:39:01.342,10772,10773,10773,2,2
2020-05-14 15:39:01.394,10772,10773,10773,2,2
2020-05-14 15:39:04.690,10772,10773,10773,2,2
2020-05-14 15:39:07.230,10772,10773,10772,2,-2
2020-05-14 15:39:10.093,10772,10773,10772,1,-1
2020-05-14 15:39:15.333,10772,10773,10772,1,-1
2020-05-14 15:39:15.733,10772,10773,10772,1,-1
2020-05-14 15:39:24.527,10772,10773,10772,1,-1
2020-05-14 15:39:27.837,10772,10773,10772,1,-1
2020-05-14 15:39:30.608,10772,10773,10773,1,1
2020-05-14 15:39:31.741,10772,10773,10773,11,11
2020-05-14 15:39:31.742,10772,10773,10773,1,1
2020-05-14 15:39:35.002,10773,10774,10773,1,-1
2020-05-14 15:39:36.714,10773,10774,10774,1,1
2020-05-14 15:39:40.387,10773,10774,10774,1,1
2020-05-14 15:39:40.639,10773,10774,10774,2,2
2020-05-14 15:39:41.549,10773,10774,10774,2,2
2020-05-14 15:39:41.877,10773,10774,10774,2,2
2020-05-14 15:39:48.547,10773,10774,10773,1,-1
2020-05-14 15:39:51.368,10773,10774,10774,1,1
2020-05-14 15:39:51.368,10773,10774,10774,4,4
2020-05-14 15:39:51.369,10773,10774,10774,1,1
2020-05-14 15:39:52.674,10774,10775,10774,1,-1
2020-05-14 15:39:53.877,10774,10775,10774,1,-1
2020-05-14 15:39:55.516,10774,10775,10774,1,-1
2020-05-14 15:39:56.833,10774,10775,10774,1,-1
2020-05-14 15:39:56.833,10774,10775,10774,2,-2
2020-05-14 15:39:57.915,10773,10774,10774,1,1
2020-05-14 15:39:58.717,10773,10774,10774,3,3
2020-05-14 15:40:01.094,10773,10774,10774,1,1
2020-05-14 15:40:02.166,10773,10774,10773,2,-2
2020-05-14 15:40:02.563,10773,10774,10774,1,1
2020-05-14 15:40:04.248,10773,10774,10773,1,-1
2020-05-14 15:40:06.002,10773,10774,10774,5,5
2020-05-14 15:40:07.019,10774,10775,10774,2,-2
2020-05-14 15:40:07.019,10774,10775,10774,2,-2
2020-05-14 15:40:07.019,10774,10775,10774,1,-1
2020-05-14 15:40:14.223,10773,10774,10774,1,1
2020-05-14 15:40:14.407,10773,10774,10773,2,-2
2020-05-14 15:40:14.663,10772,10773,10772,1,-1
2020-05-14 15:40:17.214,10771,10772,10771,2,-2
2020-05-14 15:40:18.417,10770,10771,10771,2,2
2020-05-14 15:40:19.937,10771,10772,10771,1,-1
2020-05-14 15:40:21.995,10770,10771,10771,2,2
2020-05-14 15:40:21.995,10770,10771,10772,2,2
2020-05-14 15:40:22.146,10771,10772,10771,1,-1
2020-05-14 15:40:22.715,10770,10771,10771,2,2
2020-05-14 15:40:22.912,10770,10771,10771,4,4
2020-05-14 15:40:30.450,10771,10772,10771,2,-2
2020-05-14 15:40:32.951,10771,10772,10771,1,-1
2020-05-14 15:40:37.473,10771,10772,10771,1,-1
2020-05-14 15:40:44.599,10771,10772,10771,1,-1
2020-05-14 15:40:46.879,10770,10772,10771,1,-1
2020-05-14 15:40:48.999,10770,10771,10771,2,2
2020-05-14 15:40:48.999,10770,10771,10771,3,3
2020-05-14 15:40:49.597,10771,10772,10772,1,1
2020-05-14 15:40:50.711,10771,10772,10771,1,-1
2020-05-14 15:40:51.423,10771,10772,10772,1,1
2020-05-14 15:40:57.608,10771,10772,10771,3,-3
2020-05-14 15:40:58.628,10770,10771,10771,1,1
2020-05-14 15:41:15.850,10770,10771,10771,1,1
2020-05-14 15:41:23.799,10770,10771,10770,1,-1
2020-05-14 15:41:25.396,10770,10771,10770,1,-1
2020-05-14 15:41:25.528,10770,10771,10771,3,3
2020-05-14 15:41:25.528,10770,10771,10771,1,1
2020-05-14 15:41:25.529,10770,10771,10771,1,1
2020-05-14 15:41:25.530,10770,10771,10771,1,1
2020-05-14 15:41:25.537,10770,10771,10771,1,1
2020-05-14 15:41:25.537,10770,10771,10772,1,1
2020-05-14 15:41:29.102,10770,10772,10771,1,-1
2020-05-14 15:41:32.603,10770,10772,10772,4,4
2020-05-14 15:41:40.611,10770,10771,10770,2,-2
2020-05-14 15:41:41.419,10770,10771,10770,1,-1
2020-05-14 15:41:45.012,10770,10771,10770,1,-1
2020-05-14 15:41:51.424,10770,10771,10770,1,-1
2020-05-14 15:41:52.371,10770,10771,10771,1,1
2020-05-14 15:41:52.486,10770,10771,10770,1,-1
2020-05-14 15:41:54.191,10770,10772,10770,5,-5
2020-05-14 15:41:57.952,10770,10771,10770,1,-1
2020-05-14 15:41:58.985,10770,10771,10771,1,1
2020-05-14 15:42:09.860,10770,10771,10770,10,-10
2020-05-14 15:42:10.229,10769,10770,10769,1,-1
2020-05-14 15:42:10.230,10769,10770,10769,2,-2
2020-05-14 15:42:10.230,10769,10770,10769,4,-4
2020-05-14 15:42:12.867,10768,10769,10768,1,-1
2020-05-14 15:42:13.878,10768,10769,10768,9,-9
2020-05-14 15:42:16.081,10767,10769,10767,1,-1
2020-05-14 15:42:17.524,10767,10768,10767,1,-1
2020-05-14 15:42:19.734,10767,10768,10768,8,8
2020-05-14 15:42:19.951,10768,10769,10768,1,-1
2020-05-14 15:42:23.822,10768,10769,10767,4,-4
2020-05-14 15:42:26.542,10767,10769,10767,2,-2
2020-05-14 15:42:30.306,10768,10769,10768,1,1
2020-05-14 15:42:31.933,10767,10769,10767,1,-1
2020-05-14 15:42:35.156,10767,10769,10767,1,-1
2020-05-14 15:42:44.035,10767,10768,10766,3,-3
2020-05-14 15:42:45.738,10767,10768,10767,1,1
2020-05-14 15:42:56.952,10766,10767,10767,1,1
2020-05-14 15:42:57.330,10766,10767,10767,1,1
2020-05-14 15:43:04.718,10766,10767,10766,1,-1
2020-05-14 15:43:05.217,10766,10767,10766,1,-1
2020-05-14 15:43:05.218,10766,10767,10766,3,-3
2020-05-14 15:43:06.653,10765,10766,10765,1,-1
2020-05-14 15:43:07.690,10765,10766,10766,2,2
2020-05-14 15:43:09.077,10765,10766,10765,1,-1
2020-05-14 15:43:09.077,10765,10766,10765,5,-5
2020-05-14 15:43:09.078,10765,10766,10765,1,-1
2020-05-14 15:43:09.141,10765,10766,10765,5,-5
2020-05-14 15:43:09.893,10765,10766,10766,4,4
2020-05-14 15:43:14.051,10765,10766,10766,2,2
2020-05-14 15:43:14.159,10766,10767,10767,1,1
2020-05-14 15:43:14.932,10766,10767,10767,2,2
2020-05-14 15:43:14.932,10766,10767,10767,4,4
2020-05-14 15:43:14.932,10766,10767,10767,1,1
2020-05-14 15:43:15.617,10767,10768,10767,1,-1
2020-05-14 15:43:21.100,10767,10769,10767,1,-1
2020-05-14 15:43:29.464,10768,10769,10768,3,3
2020-05-14 15:43:33.817,10768,10769,10769,5,5
2020-05-14 15:43:34.384,10769,10770,10769,1,-1
2020-05-14 15:43:35.221,10768,10770,10768,1,-1
2020-05-14 15:43:36.083,10767,10769,10767,1,-1
2020-05-14 15:43:37.510,10766,10768,10768,1,1
2020-05-14 15:43:40.976,10767,10768,10767,1,-1
2020-05-14 15:43:42.437,10766,10768,10768,1,1
2020-05-14 15:43:43.202,10767,10768,10767,1,-1
2020-05-14 15:43:43.617,10767,10768,10767,1,-1
2020-05-14 15:43:49.072,10766,10767,10767,1,1
2020-05-14 15:43:53.572,10766,10767,10767,2,2
2020-05-14 15:44:14.864,10767,10769,10767,5,-5
2020-05-14 15:44:16.022,10766,10767,10767,1,1
2020-05-14 15:44:31.245,10766,10767,10766,1,-1
2020-05-14 15:44:31.246,10766,10767,10766,1,-1
2020-05-14 15:44:31.246,10766,10767,10766,3,-3
2020-05-14 15:44:31.246,10766,10767,10766,2,-2
2020-05-14 15:44:31.789,10765,10766,10766,2,2
2020-05-14 15:44:36.328,10765,10766,10766,1,1
2020-05-14 15:44:37.924,10765,10766,10766,2,2
2020-05-14 15:44:42.029,10766,10767,10766,1,-1
2020-05-14 15:44:45.278,10766,10767,10766,1,-1
2020-05-14 15:44:53.811,10765,10766,10765,6,-6
2020-05-14 15:45:00.033,10764,10765,10764,1,-1
2020-05-14 15:45:00.033,10764,10765,10764,2,-2
2020-05-14 15:45:00.033,10764,10765,10764,2,-2
2020-05-14 15:45:00.033,10764,10765,10764,2,-2
2020-05-14 15:45:00.034,10764,10765,10764,2,-2
2020-05-14 15:45:00.034,10764,10765,10764,1,-1
2020-05-14 15:45:00.150,10763,10764,10763,3,-3
2020-05-14 15:45:00.209,10763,10764,10763,1,-1
2020-05-14 15:45:00.314,10763,10764,10764,15,15
2020-05-14 15:45:00.314,10763,10764,10764,1,1
2020-05-14 15:45:02.176,10764,10765,10764,1,-1
2020-05-14 15:45:05.085,10764,10765,10764,1,-1
2020-05-14 15:45:05.305,10764,10765,10764,1,-1
2020-05-14 15:45:06.589,10763,10765,10763,1,-1
2020-05-14 15:45:07.271,10763,10765,10764,2,2
2020-05-14 15:45:07.272,10763,10765,10764,1,-1
2020-05-14 15:45:07.855,10764,10765,10764,3,-3
2020-05-14 15:45:09.716,10764,10765,10764,1,-1
2020-05-14 15:45:10.436,10764,10765,10765,1,1
2020-05-14 15:45:15.110,10764,10765,10765,1,1
2020-05-14 15:45:15.110,10764,10765,10765,3,3
2020-05-14 15:45:23.677,10765,10766,10765,1,-1
2020-05-14 15:45:26.787,10765,10766,10765,1,-1
2020-05-14 15:45:28.500,10764,10765,10765,1,1
2020-05-14 15:45:28.505,10764,10765,10765,2,2
2020-05-14 15:45:28.505,10764,10765,10765,5,5
2020-05-14 15:45:30.363,10765,10766,10766,3,3
2020-05-14 15:45:30.363,10765,10766,10766,1,1
2020-05-14 15:45:30.363,10765,10766,10766,3,3
2020-05-14 15:45:30.481,10766,10767,10766,1,-1
2020-05-14 15:45:41.434,10765,10766,10766,1,1
2020-05-14 15:45:48.353,10765,10766,10765,1,-1
2020-05-14 15:45:52.116,10765,10766,10765,1,-1
2020-05-14 15:45:57.447,10764,10765,10765,1,1
2020-05-14 15:45:58.575,10764,10765,10764,1,-1
2020-05-14 15:45:58.575,10764,10765,10763,1,-1
2020-05-14 15:45:59.062,10763,10764,10764,1,1
2020-05-14 15:46:06.051,10763,10764,10764,1,1
2020-05-14 15:46:08.146,10763,10764,10763,2,-2
2020-05-14 15:46:09.586,10762,10763,10763,1,1
2020-05-14 15:46:10.524,10763,10764,10763,2,-2
2020-05-14 15:46:13.846,10762,10763,10763,1,1
2020-05-14 15:46:15.451,10762,10763,10763,1,1
2020-05-14 15:46:15.520,10762,10764,10762,1,-1
2020-05-14 15:46:19.389,10762,10763,10762,1,-1
2020-05-14 15:46:19.998,10762,10763,10763,1,1
2020-05-14 15:46:19.998,10762,10763,10763,1,1
2020-05-14 15:46:22.604,10763,10764,10763,1,-1
2020-05-14 15:46:26.145,10763,10764,10763,1,-1
2020-05-14 15:46:27.029,10763,10764,10763,1,-1
2020-05-14 15:46:27.386,10763,10764,10763,1,-1
2020-05-14 15:46:38.247,10762,10763,10762,1,-1
2020-05-14 15:46:48.157,10762,10763,10762,1,-1
2020-05-14 15:46:48.572,10762,10763,10762,1,-1
2020-05-14 15:46:53.111,10762,10763,10763,2,2
2020-05-14 15:46:59.075,10762,10763,10763,1,1
2020-05-14 15:47:03.617,10762,10763,10763,1,1
2020-05-14 15:47:06.408,10762,10763,10763,1,1
2020-05-14 15:47:07.983,10762,10763,10763,1,1
2020-05-14 15:47:08.710,10762,10763,10763,1,1
2020-05-14 15:47:10.053,10762,10763,10763,1,1
2020-05-14 15:47:12.401,10762,10763,10763,1,1
2020-05-14 15:47:13.923,10762,10763,10763,2,2
2020-05-14 15:47:13.924,10762,10763,10763,2,2
2020-05-14 15:47:13.924,10762,10763,10763,1,1
2020-05-14 15:47:17.433,10763,10764,10764,5,5
2020-05-14 15:47:20.902,10763,10764,10763,2,-2
2020-05-14 15:47:27.746,10763,10764,10763,10,-10
2020-05-14 15:47:28.677,10762,10763,10763,1,1
2020-05-14 15:47:34.454,10762,10763,10762,3,-3
2020-05-14 15:47:34.454,10762,10763,10762,5,-5
2020-05-14 15:47:34.454,10762,10763,10762,4,-4
2020-05-14 15:47:34.454,10762,10763,10762,5,-5
2020-05-14 15:47:34.454,10762,10763,10762,2,-2
2020-05-14 15:47:34.454,10762,10763,10762,1,-1
2020-05-14 15:47:37.637,10761,10762,10762,1,1
2020-05-14 15:47:50.377,10762,10763,10763,1,1
2020-05-14 15:47:50.377,10762,10763,10763,4,4
2020-05-14 15:47:50.377,10762,10763,10763,18,18
2020-05-14 15:47:50.378,10762,10763,10763,2,2
2020-05-14 15:47:51.814,10762,10764,10762,1,-1
2020-05-14 15:47:55.567,10763,10764,10763,1,1
2020-05-14 15:47:56.406,10763,10764,10763,1,-1
2020-05-14 15:48:12.608,10762,10763,10762,12,-12
2020-05-14 15:48:14.693,10761,10762,10762,1,1
2020-05-14 15:48:17.388,10761,10762,10761,1,-1
2020-05-14 15:48:18.360,10761,10762,10761,2,-2
2020-05-14 15:48:18.360,10761,10762,10761,13,-13
2020-05-14 15:48:18.361,10761,10762,10761,3,-3
2020-05-14 15:48:18.751,10760,10761,10760,3,-3
2020-05-14 15:48:20.490,10760,10761,10760,1,-1
2020-05-14 15:48:20.509,10760,10761,10760,1,-1
2020-05-14 15:48:21.338,10760,10761,10761,1,1
2020-05-14 15:48:23.298,10760,10761,10761,1,1
2020-05-14 15:48:26.483,10761,10762,10761,1,-1
2020-05-14 15:48:38.240,10761,10762,10762,2,2
2020-05-14 15:48:38.928,10762,10763,10762,1,-1
2020-05-14 15:48:39.420,10762,10763,10763,2,2
2020-05-14 15:48:39.420,10762,10763,10763,1,1
2020-05-14 15:48:48.988,10762,10763,10763,1,1
2020-05-14 15:48:51.499,10762,10763,10762,1,-1
2020-05-14 15:48:51.500,10762,10763,10762,1,-1
2020-05-14 15:48:52.098,10761,10763,10762,1,-1
2020-05-14 15:48:53.251,10762,10763,10763,2,2
2020-05-14 15:49:00.572,10761,10762,10762,1,1
2020-05-14 15:49:06.573,10762,10763,10763,5,5
2020-05-14 15:49:10.575,10762,10764,10763,1,-1
2020-05-14 15:49:23.692,10762,10763,10762,2,-2
2020-05-14 15:49:24.182,10761,10762,10762,1,1
2020-05-14 15:49:25.771,10761,10762,10761,8,-8
2020-05-14 15:49:26.813,10761,10762,10761,1,-1
2020-05-14 15:49:39.223,10760,10761,10761,1,1
2020-05-14 15:49:41.979,10760,10761,10761,1,1
2020-05-14 15:49:45.050,10760,10761,10760,1,-1
2020-05-14 15:49:52.228,10760,10761,10760,1,-1
2020-05-14 15:49:54.412,10760,10761,10760,1,-1
2020-05-14 15:49:54.412,10760,10761,10760,1,-1
2020-05-14 15:49:54.412,10760,10761,10760,1,-1
2020-05-14 15:49:54.412,10760,10761,10760,2,-2
2020-05-14 15:49:54.413,10760,10761,10760,2,-2
2020-05-14 15:49:54.413,10760,10761,10760,3,-3
2020-05-14 15:49:54.413,10760,10761,10760,6,-6
2020-05-14 15:49:54.413,10760,10761,10760,4,-4
2020-05-14 15:49:54.413,10760,10761,10760,3,-3
2020-05-14 15:49:55.477,10759,10760,10759,8,-8
2020-05-14 15:49:55.519,10759,10760,10759,10,-10
2020-05-14 15:49:58.491,10758,10759,10758,1,-1
2020-05-14 15:49:58.528,10758,10759,10758,3,-3
2020-05-14 15:49:59.423,10758,10759,10758,4,-4
2020-05-14 15:49:59.538,10758,10759,10758,4,-4
2020-05-14 15:49:59.635,10758,10759,10758,4,-4
2020-05-14 15:49:59.644,10758,10759,10758,5,-5
2020-05-14 15:49:59.738,10758,10759,10757,2,-2
2020-05-14 15:49:59.749,10758,10759,10757,2,-2
2020-05-14 15:49:59.807,10757,10758,10757,1,-1
2020-05-14 15:49:59.818,10757,10758,10757,1,-1
2020-05-14 15:49:59.959,10757,10758,10757,1,-1
2020-05-14 15:49:59.982,10757,10758,10757,1,-1
2020-05-14 15:49:59.994,10757,10758,10757,1,-1
2020-05-14 15:50:00.422,10757,10758,10757,3,-3
2020-05-14 15:50:02.123,10757,10758,10758,1,1
2020-05-14 15:50:02.254,10757,10758,10757,2,-2
2020-05-14 15:50:04.392,10757,10758,10757,2,-2
2020-05-14 15:50:05.354,10757,10758,10757,5,-5
2020-05-14 15:50:06.565,10757,10758,10757,1,-1
2020-05-14 15:50:07.871,10757,10758,10758,1,1
2020-05-14 15:50:08.190,10757,10758,10757,5,-5
2020-05-14 15:50:08.389,10757,10758,10757,1,-1
2020-05-14 15:50:08.844,10757,10758,10758,1,1
2020-05-14 15:50:09.111,10757,10758,10757,1,-1
2020-05-14 15:50:11.153,10756,10757,10757,2,2
2020-05-14 15:50:11.422,10756,10757,10757,1,1
2020-05-14 15:50:13.787,10757,10758,10758,1,1
2020-05-14 15:50:15.772,10757,10758,10757,1,-1
2020-05-14 15:50:16.490,10757,10758,10758,1,1
2020-05-14 15:50:19.952,10757,10758,10757,2,-2
2020-05-14 15:50:20.169,10757,10758,10757,3,-3
2020-05-14 15:50:20.169,10757,10758,10757,3,-3
2020-05-14 15:50:20.169,10757,10758,10757,3,-3
2020-05-14 15:50:21.658,10756,10757,10757,2,2
2020-05-14 15:50:21.710,10756,10757,10757,1,1
2020-05-14 15:50:23.332,10756,10757,10757,3,3
2020-05-14 15:50:27.904,10756,10757,10756,2,-2
2020-05-14 15:50:28.886,10756,10757,10756,1,-1
2020-05-14 15:50:29.276,10756,10757,10756,17,-17
2020-05-14 15:50:30.642,10755,10756,10755,2,-2
2020-05-14 15:50:30.714,10755,10756,10755,1,-1
2020-05-14 15:50:30.715,10755,10756,10755,5,-5
2020-05-14 15:50:30.715,10755,10756,10755,2,-2
2020-05-14 15:50:30.715,10755,10756,10755,2,-2
2020-05-14 15:50:31.815,10754,10755,10754,1,-1
2020-05-14 15:50:31.929,10754,10755,10754,1,-1
2020-05-14 15:50:32.563,10754,10755,10754,1,-1
2020-05-14 15:50:33.287,10754,10756,10754,1,-1
2020-05-14 15:50:34.271,10754,10755,10755,2,2
2020-05-14 15:50:34.272,10754,10755,10755,1,1
2020-05-14 15:50:34.707,10755,10756,10755,3,-3
2020-05-14 15:50:34.707,10755,10756,10755,1,-1
2020-05-14 15:50:34.912,10755,10756,10755,1,-1
2020-05-14 15:50:35.471,10755,10756,10755,1,-1
2020-05-14 15:50:37.912,10754,10755,10754,1,-1
2020-05-14 15:50:38.648,10754,10755,10754,3,-3
2020-05-14 15:50:38.723,10754,10755,10754,3,-3
2020-05-14 15:50:38.794,10753,10754,10754,1,1
2020-05-14 15:50:39.081,10753,10754,10754,1,1
2020-05-14 15:50:39.086,10753,10754,10754,1,1
2020-05-14 15:50:40.309,10754,10755,10754,1,-1
2020-05-14 15:50:40.865,10753,10755,10753,2,-2
2020-05-14 15:50:41.211,10753,10755,10753,1,-1
2020-05-14 15:50:41.482,10753,10755,10753,1,-1
2020-05-14 15:50:43.184,10753,10754,10753,1,-1
2020-05-14 15:50:44.240,10753,10754,10753,8,-8
2020-05-14 15:50:44.655,10753,10754,10754,1,1
2020-05-14 15:50:46.658,10753,10754,10753,2,-2
2020-05-14 15:50:46.797,10753,10754,10753,1,-1
2020-05-14 15:50:47.430,10753,10754,10753,1,-1
2020-05-14 15:50:47.572,10753,10754,10753,1,-1
2020-05-14 15:50:49.075,10752,10754,10752,1,-1
2020-05-14 15:50:49.169,10752,10753,10752,2,-2
2020-05-14 15:50:49.171,10752,10753,10752,2,-2
2020-05-14 15:50:49.177,10752,10753,10752,2,-2
2020-05-14 15:50:49.891,10752,10753,10753,1,1
2020-05-14 15:50:51.095,10752,10753,10752,1,-1
2020-05-14 15:50:51.499,10752,10753,10753,1,1
2020-05-14 15:50:51.706,10752,10753,10753,1,1
2020-05-14 15:50:53.979,10752,10753,10753,1,1
2020-05-14 15:50:54.358,10752,10753,10752,5,-5
2020-05-14 15:50:56.741,10752,10753,10752,1,-1
2020-05-14 15:50:58.020,10752,10753,10753,3,3
2020-05-14 15:50:58.882,10752,10754,10752,2,-2
2020-05-14 15:50:59.132,10752,10753,10753,2,2
2020-05-14 15:50:59.134,10752,10753,10753,1,1
2020-05-14 15:50:59.895,10752,10753,10752,2,-2
2020-05-14 15:51:00.544,10752,10753,10752,2,-2
2020-05-14 15:51:00.810,10752,10753,10752,1,-1
2020-05-14 15:51:01.356,10752,10753,10753,1,1
2020-05-14 15:51:01.479,10752,10753,10752,3,-3
2020-05-14 15:51:01.892,10751,10753,10752,1,-1
2020-05-14 15:51:02.456,10751,10752,10752,1,1
