2020-09-01 15:00:00.008,12692,12693,12694,72,72
2020-09-01 15:00:00.009,12693,12694,12694,8,8
2020-09-01 15:00:00.017,12693,12694,12695,4,4
2020-09-01 15:00:00.017,12693,12694,12695,5,5
2020-09-01 15:00:00.114,12693,12696,12696,1,1
2020-09-01 15:00:00.225,12694,12696,12694,1,-1
2020-09-01 15:00:00.234,12694,12696,12694,1,-1
2020-09-01 15:00:00.287,12694,12696,12694,1,-1
2020-09-01 15:00:00.297,12694,12696,12694,1,-1
2020-09-01 15:00:00.313,12694,12696,12694,1,-1
2020-09-01 15:00:00.324,12694,12696,12696,1,1
2020-09-01 15:00:00.326,12694,12696,12694,1,-1
2020-09-01 15:00:00.332,12694,12696,12694,1,-1
2020-09-01 15:00:00.354,12694,12696,12694,1,-1
2020-09-01 15:00:00.364,12694,12696,12696,2,2
2020-09-01 15:00:00.385,12694,12696,12694,1,-1
2020-09-01 15:00:00.398,12694,12696,12694,1,-1
2020-09-01 15:00:00.406,12694,12696,12696,1,1
2020-09-01 15:00:00.415,12694,12696,12696,1,1
2020-09-01 15:00:00.432,12694,12696,12696,1,1
2020-09-01 15:00:00.437,12694,12696,12694,1,-1
2020-09-01 15:00:00.478,12694,12696,12696,1,1
2020-09-01 15:00:00.497,12694,12696,12694,1,-1
2020-09-01 15:00:00.549,12694,12696,12695,1,1
2020-09-01 15:00:00.576,12695,12697,12697,1,1
2020-09-01 15:00:00.599,12695,12697,12695,1,-1
2020-09-01 15:00:00.625,12695,12697,12695,1,-1
2020-09-01 15:00:00.699,12694,12696,12696,2,2
2020-09-01 15:00:00.703,12694,12696,12697,3,3
2020-09-01 15:00:00.759,12694,12696,12697,3,3
2020-09-01 15:00:00.764,12694,12696,12698,2,2
2020-09-01 15:00:00.768,12694,12696,12698,1,1
2020-09-01 15:00:00.827,12695,12698,12698,2,2
2020-09-01 15:00:00.885,12695,12698,12696,1,-1
2020-09-01 15:00:00.938,12695,12698,12697,5,5
2020-09-01 15:00:00.938,12695,12698,12698,3,3
2020-09-01 15:00:00.962,12695,12698,12698,3,3
2020-09-01 15:00:00.965,12695,12698,12699,5,5
2020-09-01 15:00:00.990,12695,12698,12695,3,-3
2020-09-01 15:00:01.017,12695,12698,12698,1,1
2020-09-01 15:00:01.017,12695,12698,12699,2,2
2020-09-01 15:00:01.049,12695,12698,12699,2,2
2020-09-01 15:00:01.068,12695,12698,12699,3,3
2020-09-01 15:00:01.068,12695,12698,12700,3,3
2020-09-01 15:00:01.117,12695,12700,12700,2,2
2020-09-01 15:00:01.132,12695,12700,12700,1,1
2020-09-01 15:00:01.132,12695,12700,12701,4,4
2020-09-01 15:00:01.153,12695,12700,12701,5,5
2020-09-01 15:00:01.175,12695,12700,12700,5,5
2020-09-01 15:00:01.179,12695,12700,12701,4,4
2020-09-01 15:00:01.188,12695,12700,12701,1,1
2020-09-01 15:00:01.189,12695,12700,12701,4,4
2020-09-01 15:00:01.191,12695,12700,12702,5,5
2020-09-01 15:00:01.203,12699,12702,12702,5,5
2020-09-01 15:00:01.219,12699,12702,12702,1,1
2020-09-01 15:00:01.269,12699,12702,12702,1,1
2020-09-01 15:00:01.301,12699,12702,12699,5,-5
2020-09-01 15:00:01.309,12699,12702,12698,2,-2
2020-09-01 15:00:01.309,12699,12702,12699,3,3
2020-09-01 15:00:01.447,12697,12698,12698,1,1
2020-09-01 15:00:01.456,12697,12698,12699,2,2
2020-09-01 15:00:01.515,12697,12698,12700,2,2
2020-09-01 15:00:01.565,12697,12698,12700,3,3
2020-09-01 15:00:01.571,12699,12701,12701,1,1
2020-09-01 15:00:01.575,12699,12701,12701,2,2
2020-09-01 15:00:01.583,12699,12701,12702,1,1
2020-09-01 15:00:01.613,12699,12701,12702,2,2
2020-09-01 15:00:01.629,12699,12701,12702,4,4
2020-09-01 15:00:01.631,12699,12701,12701,3,3
2020-09-01 15:00:01.633,12699,12701,12700,3,-3
2020-09-01 15:00:01.633,12699,12701,12700,2,-2
2020-09-01 15:00:01.633,12699,12701,12699,2,-2
2020-09-01 15:00:01.676,12699,12701,12701,1,1
2020-09-01 15:00:01.714,12699,12702,12702,1,1
2020-09-01 15:00:01.728,12699,12702,12702,4,4
2020-09-01 15:00:01.745,12699,12702,12703,1,1
2020-09-01 15:00:01.826,12699,12701,12701,1,1
2020-09-01 15:00:01.827,12699,12701,12701,1,1
2020-09-01 15:00:01.827,12699,12701,12702,5,5
2020-09-01 15:00:01.827,12699,12701,12703,2,2
2020-09-01 15:00:01.882,12699,12701,12703,1,1
2020-09-01 15:00:01.932,12699,12701,12702,2,2
2020-09-01 15:00:02.042,12699,12702,12701,5,-5
2020-09-01 15:00:02.115,12699,12702,12702,5,5
2020-09-01 15:00:02.133,12699,12702,12699,2,-2
2020-09-01 15:00:02.352,12698,12700,12700,1,1
2020-09-01 15:00:02.352,12698,12700,12701,1,1
2020-09-01 15:00:02.352,12698,12700,12702,3,3
2020-09-01 15:00:02.506,12700,12703,12700,1,-1
2020-09-01 15:00:02.506,12700,12703,12699,6,-6
2020-09-01 15:00:02.513,12700,12703,12698,1,-1
2020-09-01 15:00:02.513,12700,12703,12697,5,-5
2020-09-01 15:00:02.513,12700,12703,12696,1,-1
2020-09-01 15:00:02.526,12700,12703,12696,7,-7
2020-09-01 15:00:02.531,12700,12703,12696,1,-1
2020-09-01 15:00:02.843,12698,12700,12700,2,2
2020-09-01 15:00:02.843,12698,12700,12701,3,3
2020-09-01 15:00:02.877,12698,12700,12701,7,7
2020-09-01 15:00:02.877,12698,12700,12702,2,2
2020-09-01 15:00:02.878,12698,12700,12702,12,12
2020-09-01 15:00:02.912,12698,12700,12702,3,3
2020-09-01 15:00:03.043,12698,12703,12701,2,-2
2020-09-01 15:00:03.043,12698,12703,12702,1,1
2020-09-01 15:00:03.104,12699,12701,12701,1,1
2020-09-01 15:00:03.132,12699,12701,12702,3,3
2020-09-01 15:00:03.132,12699,12701,12703,2,2
2020-09-01 15:00:03.331,12699,12704,12700,1,-1
2020-09-01 15:00:03.365,12699,12704,12702,1,1
2020-09-01 15:00:03.458,12699,12702,12702,5,5
2020-09-01 15:00:03.458,12699,12702,12703,4,4
2020-09-01 15:00:03.458,12699,12702,12704,3,3
2020-09-01 15:00:03.458,12699,12702,12705,1,1
2020-09-01 15:00:03.610,12698,12704,12704,1,1
2020-09-01 15:00:03.709,12698,12703,12703,1,1
2020-09-01 15:00:03.760,12698,12703,12704,2,2
2020-09-01 15:00:03.803,12698,12703,12704,1,1
2020-09-01 15:00:03.803,12698,12703,12705,19,19
2020-09-01 15:00:03.824,12698,12706,12698,2,-2
2020-09-01 15:00:03.912,12698,12706,12702,1,1
2020-09-01 15:00:04.434,12697,12702,12698,1,-1
2020-09-01 15:00:04.434,12697,12702,12697,2,-2
2020-09-01 15:00:04.494,12697,12701,12699,1,1
2020-09-01 15:00:04.673,12697,12700,12697,1,-1
2020-09-01 15:00:04.751,12695,12697,12697,1,1
2020-09-01 15:00:04.751,12695,12697,12698,1,1
2020-09-01 15:00:04.953,12695,12698,12698,4,4
2020-09-01 15:00:04.953,12695,12698,12699,6,6
2020-09-01 15:00:04.953,12695,12698,12700,2,2
2020-09-01 15:00:04.953,12695,12698,12700,2,2
2020-09-01 15:00:05.055,12695,12698,12702,1,1
2020-09-01 15:00:05.055,12695,12698,12702,2,2
2020-09-01 15:00:05.055,12695,12698,12703,4,4
2020-09-01 15:00:05.257,12697,12704,12704,3,3
2020-09-01 15:00:05.257,12697,12704,12705,1,1
2020-09-01 15:00:05.257,12697,12704,12705,2,2
2020-09-01 15:00:05.661,12697,12704,12704,1,1
2020-09-01 15:00:05.661,12697,12704,12705,2,2
2020-09-01 15:00:05.661,12697,12704,12706,1,1
2020-09-01 15:00:05.800,12698,12706,12698,1,-1
2020-09-01 15:00:05.860,12697,12706,12697,2,-2
2020-09-01 15:00:05.860,12697,12706,12696,1,-1
2020-09-01 15:00:05.864,12697,12706,12705,1,1
2020-09-01 15:00:05.864,12697,12706,12706,1,1
2020-09-01 15:00:05.977,12697,12706,12706,2,2
2020-09-01 15:00:06.265,12699,12702,12702,1,1
2020-09-01 15:00:06.265,12699,12702,12703,1,1
2020-09-01 15:00:06.265,12699,12702,12705,6,6
2020-09-01 15:00:06.573,12700,12704,12704,1,1
2020-09-01 15:00:06.573,12700,12704,12705,1,1
2020-09-01 15:00:06.599,12700,12704,12700,1,-1
2020-09-01 15:00:06.796,12700,12704,12702,1,1
2020-09-01 15:00:06.796,12700,12704,12704,1,1
2020-09-01 15:00:06.829,12700,12705,12703,1,-1
2020-09-01 15:00:06.884,12700,12705,12700,2,-2
2020-09-01 15:00:06.996,12699,12704,12700,2,-2
2020-09-01 15:00:07.091,12699,12704,12704,1,1
2020-09-01 15:00:07.091,12699,12704,12704,3,3
2020-09-01 15:00:07.107,12699,12704,12700,1,-1
2020-09-01 15:00:07.200,12700,12704,12704,1,1
2020-09-01 15:00:07.393,12701,12705,12705,4,4
2020-09-01 15:00:07.636,12701,12705,12701,2,-2
2020-09-01 15:00:07.721,12700,12705,12705,4,4
2020-09-01 15:00:07.755,12700,12705,12701,1,-1
2020-09-01 15:00:07.883,12702,12704,12702,1,1
2020-09-01 15:00:07.883,12702,12704,12701,1,-1
2020-09-01 15:00:07.884,12702,12704,12701,1,-1
2020-09-01 15:00:07.895,12702,12704,12701,1,-1
2020-09-01 15:00:07.895,12702,12704,12700,1,-1
2020-09-01 15:00:07.897,12702,12704,12704,1,1
2020-09-01 15:00:07.897,12702,12704,12705,5,5
2020-09-01 15:00:07.942,12702,12704,12701,1,-1
2020-09-01 15:00:08.198,12700,12703,12703,1,1
2020-09-01 15:00:08.397,12701,12704,12703,1,-1
2020-09-01 15:00:08.512,12701,12704,12704,1,1
2020-09-01 15:00:08.628,12701,12704,12701,1,-1
2020-09-01 15:00:08.861,12700,12703,12701,1,-1
2020-09-01 15:00:08.939,12700,12703,12702,1,1
2020-09-01 15:00:09.256,12700,12702,12700,1,-1
2020-09-01 15:00:09.485,12700,12703,12700,1,-1
2020-09-01 15:00:09.889,12699,12701,12700,2,-2
2020-09-01 15:00:10.327,12699,12701,12700,1,-1
2020-09-01 15:00:10.447,12699,12701,12699,6,-6
2020-09-01 15:00:11.293,12697,12700,12700,1,1
2020-09-01 15:00:11.293,12697,12700,12701,3,3
2020-09-01 15:00:11.489,12699,12702,12700,1,-1
2020-09-01 15:00:11.631,12699,12701,12699,1,-1
2020-09-01 15:00:12.090,12698,12702,12702,1,1
2020-09-01 15:00:13.447,12699,12701,12699,1,-1
2020-09-01 15:00:13.500,12699,12701,12698,1,-1
2020-09-01 15:00:13.500,12699,12701,12697,1,-1
2020-09-01 15:00:13.929,12699,12701,12699,1,1
2020-09-01 15:00:14.817,12698,12701,12701,1,1
2020-09-01 15:00:14.837,12698,12701,12701,1,1
2020-09-01 15:00:14.965,12700,12701,12701,1,1
2020-09-01 15:00:15.200,12700,12701,12700,1,-1
2020-09-01 15:00:15.201,12700,12701,12701,1,1
2020-09-01 15:00:15.201,12700,12701,12702,1,1
2020-09-01 15:00:16.077,12699,12701,12701,1,1
2020-09-01 15:00:16.714,12700,12702,12700,2,-2
2020-09-01 15:00:17.009,12700,12702,12702,1,1
2020-09-01 15:00:17.398,12701,12702,12701,1,-1
2020-09-01 15:00:18.199,12700,12702,12700,1,-1
2020-09-01 15:00:18.401,12700,12702,12702,1,1
2020-09-01 15:00:18.401,12700,12702,12703,1,1
2020-09-01 15:00:18.525,12701,12703,12701,1,-1
2020-09-01 15:00:18.529,12701,12703,12701,4,-4
2020-09-01 15:00:18.529,12701,12703,12700,1,-1
2020-09-01 15:00:18.596,12700,12703,12703,1,1
2020-09-01 15:00:18.795,12700,12703,12703,2,2
2020-09-01 15:00:18.870,12700,12704,12700,1,-1
2020-09-01 15:00:19.274,12700,12702,12702,1,1
2020-09-01 15:00:19.327,12701,12704,12704,1,1
2020-09-01 15:00:19.383,12701,12704,12704,1,1
2020-09-01 15:00:19.406,12701,12704,12704,1,1
2020-09-01 15:00:19.493,12702,12704,12702,2,-2
2020-09-01 15:00:19.713,12702,12704,12702,1,-1
2020-09-01 15:00:19.790,12702,12704,12702,1,-1
2020-09-01 15:00:20.066,12702,12704,12702,1,-1
2020-09-01 15:00:20.067,12702,12704,12702,4,-4
2020-09-01 15:00:20.086,12701,12704,12701,1,-1
2020-09-01 15:00:20.121,12701,12704,12701,1,-1
2020-09-01 15:00:20.440,12701,12704,12702,1,1
2020-09-01 15:00:20.628,12702,12704,12702,5,-5
2020-09-01 15:00:21.114,12701,12703,12701,1,-1
2020-09-01 15:00:21.132,12701,12703,12701,1,-1
2020-09-01 15:00:21.189,12701,12703,12703,1,1
2020-09-01 15:00:21.699,12701,12703,12701,4,-4
2020-09-01 15:00:22.520,12700,12701,12700,1,-1
2020-09-01 15:00:22.532,12700,12701,12699,1,-1
2020-09-01 15:00:22.565,12700,12701,12700,2,2
2020-09-01 15:00:23.003,12700,12701,12701,1,1
2020-09-01 15:00:23.072,12700,12701,12701,3,3
2020-09-01 15:00:23.081,12700,12701,12700,1,-1
2020-09-01 15:00:24.033,12699,12701,12701,1,1
2020-09-01 15:00:24.109,12699,12701,12701,1,1
2020-09-01 15:00:25.660,12700,12701,12700,1,-1
2020-09-01 15:00:25.660,12700,12701,12700,1,-1
2020-09-01 15:00:25.986,12699,12701,12699,1,-1
2020-09-01 15:00:26.523,12698,12700,12700,1,1
2020-09-01 15:00:29.751,12698,12700,12700,2,2
2020-09-01 15:00:30.860,12699,12701,12699,2,-2
2020-09-01 15:00:31.152,12698,12700,12700,1,1
2020-09-01 15:00:31.227,12699,12701,12701,1,1
2020-09-01 15:00:31.229,12699,12701,12701,1,1
2020-09-01 15:00:31.334,12699,12701,12701,1,1
2020-09-01 15:00:31.536,12699,12701,12699,1,-1
2020-09-01 15:00:32.371,12699,12701,12700,1,1
2020-09-01 15:00:32.486,12699,12701,12701,1,1
2020-09-01 15:00:32.837,12699,12701,12699,1,-1
2020-09-01 15:00:32.936,12699,12701,12699,1,-1
2020-09-01 15:00:34.169,12699,12700,12700,1,1
2020-09-01 15:00:35.359,12699,12700,12700,1,1
2020-09-01 15:00:35.465,12699,12701,12699,1,-1
2020-09-01 15:00:35.807,12700,12702,12700,1,1
2020-09-01 15:00:35.848,12700,12702,12700,4,-4
2020-09-01 15:00:35.872,12700,12702,12700,1,-1
2020-09-01 15:00:35.947,12700,12701,12700,4,-4
2020-09-01 15:00:36.389,12699,12701,12699,2,-2
2020-09-01 15:00:36.447,12699,12700,12699,1,-1
2020-09-01 15:00:36.830,12698,12699,12698,2,-2
2020-09-01 15:00:37.038,12698,12699,12698,1,-1
2020-09-01 15:00:37.039,12698,12699,12698,6,-6
2020-09-01 15:00:37.045,12698,12699,12699,1,1
2020-09-01 15:00:37.075,12697,12699,12699,1,1
2020-09-01 15:00:37.076,12697,12699,12699,1,1
2020-09-01 15:00:37.077,12697,12699,12699,1,1
2020-09-01 15:00:37.453,12698,12700,12698,1,-1
2020-09-01 15:00:38.254,12698,12699,12698,1,-1
2020-09-01 15:00:38.327,12697,12699,12697,1,-1
2020-09-01 15:00:38.367,12697,12699,12697,1,-1
2020-09-01 15:00:38.763,12697,12699,12697,1,-1
2020-09-01 15:00:39.638,12696,12697,12697,2,2
2020-09-01 15:00:42.135,12696,12697,12696,2,-2
2020-09-01 15:00:42.868,12695,12697,12697,3,3
2020-09-01 15:00:43.897,12696,12697,12696,1,-1
2020-09-01 15:00:44.089,12696,12697,12696,1,-1
2020-09-01 15:00:44.822,12696,12697,12697,2,2
2020-09-01 15:00:44.978,12697,12699,12698,1,1
2020-09-01 15:00:45.622,12696,12697,12697,5,5
2020-09-01 15:00:46.221,12696,12698,12698,5,5
2020-09-01 15:00:48.523,12697,12698,12697,6,-6
2020-09-01 15:00:51.578,12696,12697,12696,2,-2
2020-09-01 15:00:53.179,12696,12698,12698,1,1
2020-09-01 15:00:53.624,12697,12698,12698,1,1
2020-09-01 15:00:54.822,12697,12698,12698,3,3
2020-09-01 15:00:54.947,12698,12699,12699,3,3
2020-09-01 15:00:56.278,12698,12700,12699,1,-1
2020-09-01 15:00:59.015,12698,12699,12699,1,1
2020-09-01 15:00:59.020,12698,12699,12699,1,1
2020-09-01 15:00:59.020,12698,12699,12700,1,1
2020-09-01 15:00:59.034,12698,12699,12700,2,2
2020-09-01 15:00:59.047,12698,12699,12700,2,2
2020-09-01 15:00:59.051,12698,12699,12700,2,2
2020-09-01 15:00:59.051,12698,12699,12700,1,1
2020-09-01 15:00:59.170,12699,12701,12701,1,1
2020-09-01 15:00:59.212,12699,12701,12699,2,-2
2020-09-01 15:00:59.245,12699,12701,12701,1,1
2020-09-01 15:00:59.259,12699,12701,12699,2,-2
2020-09-01 15:00:59.327,12699,12701,12699,1,-1
2020-09-01 15:00:59.918,12699,12701,12701,4,4
2020-09-01 15:00:59.930,12699,12701,12702,1,1
2020-09-01 15:00:59.969,12700,12702,12702,1,1
2020-09-01 15:01:00.007,12700,12702,12702,3,3
2020-09-01 15:01:00.035,12700,12702,12703,1,1
2020-09-01 15:01:00.038,12700,12702,12703,1,1
2020-09-01 15:01:00.045,12700,12702,12701,2,-2
2020-09-01 15:01:00.050,12700,12702,12703,1,1
2020-09-01 15:01:00.071,12700,12702,12703,1,1
2020-09-01 15:01:00.079,12701,12703,12703,1,1
2020-09-01 15:01:00.088,12701,12703,12703,1,1
2020-09-01 15:01:00.146,12701,12703,12703,1,1
2020-09-01 15:01:00.196,12701,12703,12703,2,2
2020-09-01 15:01:00.205,12701,12703,12703,4,4
2020-09-01 15:01:00.318,12701,12703,12703,1,1
2020-09-01 15:01:00.480,12702,12704,12704,1,1
2020-09-01 15:01:00.721,12701,12703,12701,4,-4
2020-09-01 15:01:00.912,12700,12701,12700,1,-1
2020-09-01 15:01:00.969,12700,12701,12700,1,-1
2020-09-01 15:01:01.062,12700,12701,12701,1,1
2020-09-01 15:01:01.076,12700,12701,12700,1,-1
2020-09-01 15:01:01.076,12700,12701,12700,1,-1
2020-09-01 15:01:01.077,12700,12701,12700,1,-1
2020-09-01 15:01:01.221,12699,12701,12701,1,1
2020-09-01 15:01:01.237,12699,12701,12699,1,-1
2020-09-01 15:01:01.378,12699,12701,12699,1,-1
2020-09-01 15:01:01.380,12699,12701,12701,1,1
2020-09-01 15:01:01.393,12699,12701,12699,1,-1
2020-09-01 15:01:01.590,12699,12700,12699,1,-1
2020-09-01 15:01:01.717,12698,12700,12700,1,1
2020-09-01 15:01:01.723,12698,12700,12698,1,-1
2020-09-01 15:01:01.782,12698,12700,12700,4,4
2020-09-01 15:01:01.791,12698,12700,12700,1,1
2020-09-01 15:01:01.800,12698,12700,12701,1,1
2020-09-01 15:01:02.032,12699,12701,12701,1,1
2020-09-01 15:01:02.102,12700,12702,12700,1,-1
2020-09-01 15:01:02.108,12700,12702,12699,1,-1
2020-09-01 15:01:02.278,12699,12701,12699,1,-1
2020-09-01 15:01:02.376,12698,12700,12700,1,1
2020-09-01 15:01:02.376,12698,12700,12700,1,1
2020-09-01 15:01:02.602,12698,12701,12701,1,1
2020-09-01 15:01:02.878,12699,12701,12699,1,-1
2020-09-01 15:01:02.893,12699,12701,12698,1,-1
2020-09-01 15:01:03.055,12698,12700,12698,1,-1
2020-09-01 15:01:03.243,12698,12700,12700,1,1
2020-09-01 15:01:03.279,12698,12700,12700,1,1
2020-09-01 15:01:03.385,12698,12700,12700,1,1
2020-09-01 15:01:03.975,12698,12700,12698,1,-1
2020-09-01 15:01:04.028,12698,12700,12699,1,1
2020-09-01 15:01:04.365,12698,12700,12698,1,-1
2020-09-01 15:01:04.496,12698,12700,12700,1,1
2020-09-01 15:01:04.745,12698,12700,12700,1,1
2020-09-01 15:01:04.761,12698,12700,12700,1,1
2020-09-01 15:01:04.976,12699,12700,12700,1,1
2020-09-01 15:01:05.323,12699,12700,12699,2,-2
2020-09-01 15:01:05.368,12699,12700,12700,2,2
2020-09-01 15:01:05.802,12698,12699,12698,1,-1
2020-09-01 15:01:05.862,12698,12699,12698,1,-1
2020-09-01 15:01:05.882,12698,12699,12698,1,-1
2020-09-01 15:01:06.185,12697,12699,12699,9,9
2020-09-01 15:01:06.337,12699,12701,12701,1,1
2020-09-01 15:01:06.354,12699,12701,12701,1,1
2020-09-01 15:01:06.357,12699,12701,12700,4,-4
2020-09-01 15:01:06.458,12699,12701,12701,1,1
2020-09-01 15:01:07.197,12700,12701,12701,1,1
2020-09-01 15:01:07.326,12700,12702,12700,1,-1
2020-09-01 15:01:07.646,12700,12701,12700,1,-1
2020-09-01 15:01:07.646,12700,12701,12699,1,-1
2020-09-01 15:01:07.698,12699,12701,12699,1,-1
2020-09-01 15:01:07.929,12699,12701,12701,1,1
2020-09-01 15:01:07.934,12699,12701,12701,1,1
2020-09-01 15:01:08.000,12699,12701,12701,1,1
2020-09-01 15:01:08.042,12699,12701,12700,1,-1
2020-09-01 15:01:08.042,12699,12701,12700,1,-1
2020-09-01 15:01:08.131,12700,12701,12700,1,-1
2020-09-01 15:01:08.295,12699,12701,12701,1,1
2020-09-01 15:01:08.302,12699,12701,12701,1,1
2020-09-01 15:01:08.379,12699,12701,12699,1,-1
2020-09-01 15:01:08.430,12699,12701,12699,1,-1
2020-09-01 15:01:08.470,12699,12701,12701,1,1
2020-09-01 15:01:08.489,12699,12701,12701,1,1
2020-09-01 15:01:08.696,12700,12702,12700,1,-1
2020-09-01 15:01:08.697,12700,12702,12700,1,-1
2020-09-01 15:01:08.771,12700,12702,12701,1,1
2020-09-01 15:01:08.801,12700,12702,12701,1,-1
2020-09-01 15:01:08.801,12700,12702,12701,1,-1
2020-09-01 15:01:08.910,12700,12702,12700,1,-1
2020-09-01 15:01:08.916,12700,12702,12700,1,-1
2020-09-01 15:01:08.962,12700,12702,12702,1,1
2020-09-01 15:01:08.975,12700,12702,12702,1,1
2020-09-01 15:01:09.008,12700,12702,12700,1,-1
2020-09-01 15:01:09.083,12700,12702,12700,1,-1
2020-09-01 15:01:09.099,12700,12702,12700,1,-1
2020-09-01 15:01:09.129,12700,12702,12702,1,1
2020-09-01 15:01:09.325,12700,12701,12701,1,1
2020-09-01 15:01:09.369,12700,12701,12702,1,1
2020-09-01 15:01:09.373,12700,12701,12702,1,1
2020-09-01 15:01:09.711,12701,12703,12701,1,-1
2020-09-01 15:01:09.715,12701,12703,12701,1,-1
2020-09-01 15:01:09.718,12701,12703,12701,1,-1
2020-09-01 15:01:10.003,12700,12702,12702,1,1
2020-09-01 15:01:10.021,12700,12702,12702,1,1
2020-09-01 15:01:10.021,12700,12702,12702,1,1
2020-09-01 15:01:10.122,12700,12702,12700,1,-1
2020-09-01 15:01:10.123,12700,12702,12700,1,-1
2020-09-01 15:01:10.185,12700,12702,12702,1,1
2020-09-01 15:01:10.197,12700,12702,12700,1,-1
2020-09-01 15:01:10.411,12700,12702,12702,1,1
2020-09-01 15:01:10.440,12700,12702,12703,1,1
2020-09-01 15:01:10.499,12701,12703,12701,1,-1
2020-09-01 15:01:10.524,12701,12703,12701,1,-1
2020-09-01 15:01:10.546,12701,12703,12701,1,-1
2020-09-01 15:01:10.607,12700,12702,12702,1,1
2020-09-01 15:01:10.708,12700,12702,12702,1,1
2020-09-01 15:01:10.740,12700,12702,12703,1,1
2020-09-01 15:01:10.775,12700,12702,12701,1,-1
2020-09-01 15:01:10.801,12700,12702,12701,1,-1
2020-09-01 15:01:10.854,12701,12703,12703,1,1
2020-09-01 15:01:10.855,12701,12703,12703,1,1
2020-09-01 15:01:10.942,12701,12703,12701,1,-1
2020-09-01 15:01:10.976,12701,12703,12701,1,-1
2020-09-01 15:01:11.050,12701,12703,12701,1,-1
2020-09-01 15:01:11.062,12701,12703,12703,1,1
2020-09-01 15:01:11.064,12701,12703,12703,1,1
2020-09-01 15:01:11.115,12701,12703,12701,1,-1
2020-09-01 15:01:11.127,12701,12703,12701,1,-1
2020-09-01 15:01:11.216,12701,12703,12703,1,1
2020-09-01 15:01:11.236,12701,12703,12703,1,1
2020-09-01 15:01:11.261,12701,12703,12703,1,1
2020-09-01 15:01:11.300,12701,12703,12701,1,-1
2020-09-01 15:01:11.323,12701,12703,12701,1,-1
2020-09-01 15:01:11.416,12701,12703,12703,1,1
2020-09-01 15:01:11.426,12701,12703,12703,1,1
2020-09-01 15:01:11.496,12701,12703,12701,1,-1
2020-09-01 15:01:11.508,12701,12703,12701,1,-1
2020-09-01 15:01:11.551,12701,12703,12703,1,1
2020-09-01 15:01:11.568,12701,12703,12703,1,1
2020-09-01 15:01:11.646,12701,12703,12701,1,-1
2020-09-01 15:01:11.701,12701,12703,12701,1,-1
2020-09-01 15:01:11.729,12701,12703,12701,1,-1
2020-09-01 15:01:11.751,12701,12703,12703,1,1
2020-09-01 15:01:11.752,12701,12703,12703,1,1
2020-09-01 15:01:11.910,12702,12704,12702,1,-1
2020-09-01 15:01:11.917,12702,12704,12702,1,-1
2020-09-01 15:01:11.954,12702,12703,12703,1,1
2020-09-01 15:01:11.966,12702,12703,12704,1,1
2020-09-01 15:01:12.038,12702,12703,12704,1,1
2020-09-01 15:01:12.124,12702,12704,12702,1,-1
2020-09-01 15:01:12.159,12702,12704,12702,1,-1
2020-09-01 15:01:12.210,12702,12703,12702,1,-1
2020-09-01 15:01:12.237,12702,12703,12703,1,1
2020-09-01 15:01:12.241,12702,12703,12703,1,1
2020-09-01 15:01:12.496,12702,12704,12702,1,-1
2020-09-01 15:01:12.504,12702,12704,12702,1,-1
2020-09-01 15:01:12.600,12702,12704,12704,1,1
2020-09-01 15:01:12.610,12702,12704,12704,1,1
2020-09-01 15:01:12.694,12702,12704,12702,1,-1
2020-09-01 15:01:12.724,12702,12704,12702,1,-1
2020-09-01 15:01:12.735,12702,12704,12704,1,1
2020-09-01 15:01:12.903,12702,12704,12704,1,1
2020-09-01 15:01:12.915,12702,12704,12704,1,1
2020-09-01 15:01:12.994,12702,12704,12702,1,-1
2020-09-01 15:01:12.996,12702,12704,12702,1,-1
2020-09-01 15:01:13.051,12702,12704,12702,1,-1
2020-09-01 15:01:13.110,12701,12703,12703,1,1
2020-09-01 15:01:13.116,12701,12703,12703,1,1
2020-09-01 15:01:13.224,12701,12703,12703,1,1
2020-09-01 15:01:14.724,12702,12703,12702,1,-1
2020-09-01 15:01:15.231,12701,12702,12702,1,1
2020-09-01 15:01:15.798,12701,12702,12701,2,-2
2020-09-01 15:01:19.048,12699,12701,12700,1,-1
2020-09-01 15:01:21.022,12699,12700,12700,1,1
2020-09-01 15:01:21.075,12699,12700,12699,1,-1
2020-09-01 15:01:21.075,12699,12700,12698,1,-1
2020-09-01 15:01:21.075,12699,12700,12698,1,-1
2020-09-01 15:01:21.076,12699,12700,12698,1,-1
2020-09-01 15:01:21.076,12699,12700,12698,1,-1
2020-09-01 15:01:21.076,12699,12700,12698,1,-1
2020-09-01 15:01:21.079,12699,12700,12698,1,-1
2020-09-01 15:01:21.080,12699,12700,12698,1,-1
2020-09-01 15:01:21.083,12699,12700,12698,1,-1
2020-09-01 15:01:21.083,12699,12700,12698,1,-1
2020-09-01 15:01:21.084,12699,12700,12698,1,-1
2020-09-01 15:01:21.125,12699,12700,12698,1,-1
2020-09-01 15:01:21.125,12699,12700,12698,1,-1
2020-09-01 15:01:21.125,12699,12700,12698,1,-1
2020-09-01 15:01:21.197,12698,12699,12698,5,-5
2020-09-01 15:01:22.187,12697,12698,12697,1,-1
2020-09-01 15:01:23.197,12697,12698,12697,1,-1
2020-09-01 15:01:23.389,12697,12698,12698,1,1
2020-09-01 15:01:23.757,12697,12698,12697,1,-1
2020-09-01 15:01:23.944,12697,12698,12697,5,-5
2020-09-01 15:01:26.434,12698,12699,12698,1,1
2020-09-01 15:01:26.775,12697,12699,12697,1,-1
2020-09-01 15:01:26.932,12697,12699,12697,1,-1
2020-09-01 15:01:28.999,12697,12699,12699,1,1
2020-09-01 15:01:30.766,12698,12700,12698,1,-1
2020-09-01 15:01:32.294,12699,12700,12699,1,1
2020-09-01 15:01:32.421,12699,12700,12699,1,-1
2020-09-01 15:01:34.322,12699,12700,12700,1,1
2020-09-01 15:01:35.878,12700,12701,12700,1,-1
2020-09-01 15:01:38.737,12700,12701,12700,1,-1
2020-09-01 15:01:39.280,12699,12701,12699,5,-5
2020-09-01 15:01:40.606,12699,12700,12699,1,-1
2020-09-01 15:01:40.729,12699,12700,12699,1,-1
2020-09-01 15:01:40.729,12699,12700,12698,1,-1
2020-09-01 15:01:44.982,12697,12699,12698,1,-1
2020-09-01 15:01:45.873,12697,12699,12699,1,1
2020-09-01 15:01:47.379,12698,12699,12699,1,1
2020-09-01 15:01:52.756,12698,12699,12698,1,-1
2020-09-01 15:01:54.011,12698,12699,12699,3,3
2020-09-01 15:01:55.324,12698,12699,12698,3,-3
2020-09-01 15:01:57.986,12697,12699,12699,1,1
2020-09-01 15:01:59.508,12697,12699,12699,4,4
2020-09-01 15:01:59.576,12698,12700,12698,1,-1
2020-09-01 15:01:59.685,12698,12700,12699,1,1
2020-09-01 15:01:59.845,12697,12699,12699,2,2
2020-09-01 15:02:00.245,12697,12699,12699,1,1
2020-09-01 15:02:01.649,12698,12700,12698,4,-4
2020-09-01 15:02:02.445,12698,12699,12698,2,-2
2020-09-01 15:02:05.083,12698,12700,12700,1,1
2020-09-01 15:02:07.195,12698,12699,12699,1,1
2020-09-01 15:02:07.771,12698,12699,12698,1,-1
2020-09-01 15:02:07.809,12698,12699,12698,1,-1
2020-09-01 15:02:07.965,12698,12699,12698,1,-1
2020-09-01 15:02:08.327,12698,12699,12699,1,1
2020-09-01 15:02:08.352,12698,12699,12700,1,1
2020-09-01 15:02:08.437,12698,12699,12698,1,-1
2020-09-01 15:02:08.442,12698,12699,12700,1,1
2020-09-01 15:02:08.447,12698,12700,12698,1,-1
2020-09-01 15:02:08.550,12698,12700,12698,1,-1
2020-09-01 15:02:08.661,12698,12700,12700,1,1
2020-09-01 15:02:08.735,12698,12700,12700,1,1
2020-09-01 15:02:08.774,12698,12700,12698,1,-1
2020-09-01 15:02:08.775,12698,12700,12698,1,-1
2020-09-01 15:02:08.844,12697,12699,12699,1,1
2020-09-01 15:02:08.850,12697,12699,12700,1,1
2020-09-01 15:02:08.857,12697,12699,12700,1,1
2020-09-01 15:02:08.983,12698,12700,12698,1,-1
2020-09-01 15:02:08.995,12698,12700,12698,1,-1
2020-09-01 15:02:09.165,12698,12700,12700,1,1
2020-09-01 15:02:09.165,12698,12700,12700,1,1
2020-09-01 15:02:09.291,12698,12700,12698,1,-1
2020-09-01 15:02:09.299,12698,12700,12698,1,-1
2020-09-01 15:02:09.348,12698,12700,12700,1,1
2020-09-01 15:02:09.384,12698,12700,12700,1,1
2020-09-01 15:02:09.439,12698,12700,12698,1,-1
2020-09-01 15:02:09.463,12698,12700,12698,1,-1
2020-09-01 15:02:09.524,12698,12700,12698,1,-1
2020-09-01 15:02:09.574,12698,12700,12700,1,1
2020-09-01 15:02:09.599,12698,12700,12700,1,1
2020-09-01 15:02:09.615,12698,12700,12700,1,1
2020-09-01 15:02:09.623,12698,12700,12698,1,-1
2020-09-01 15:02:09.669,12698,12700,12699,1,1
2020-09-01 15:02:09.760,12698,12700,12698,1,-1
2020-09-01 15:02:09.766,12698,12700,12698,1,-1
2020-09-01 15:02:09.782,12698,12700,12698,1,-1
2020-09-01 15:02:10.116,12698,12699,12699,1,1
2020-09-01 15:02:10.116,12698,12699,12699,1,1
2020-09-01 15:02:10.173,12698,12699,12698,1,-1
2020-09-01 15:02:10.397,12698,12700,12700,1,1
2020-09-01 15:02:10.407,12698,12700,12700,1,1
2020-09-01 15:02:10.424,12698,12700,12699,1,-1
2020-09-01 15:02:10.436,12698,12700,12700,1,1
2020-09-01 15:02:10.511,12698,12700,12698,1,-1
2020-09-01 15:02:10.536,12698,12700,12698,1,-1
2020-09-01 15:02:10.613,12698,12700,12700,1,1
2020-09-01 15:02:10.846,12698,12700,12700,1,1
2020-09-01 15:02:11.425,12698,12700,12698,1,-1
2020-09-01 15:02:11.471,12698,12699,12699,1,1
2020-09-01 15:02:11.537,12698,12699,12699,1,1
2020-09-01 15:02:11.845,12698,12699,12698,1,-1
2020-09-01 15:02:12.422,12698,12699,12699,1,1
2020-09-01 15:02:12.536,12698,12699,12698,1,-1
2020-09-01 15:02:12.863,12698,12699,12699,1,1
2020-09-01 15:02:13.428,12698,12699,12698,1,-1
2020-09-01 15:02:13.557,12698,12699,12699,1,1
2020-09-01 15:02:13.866,12698,12699,12698,1,-1
2020-09-01 15:02:14.109,12698,12699,12698,1,-1
2020-09-01 15:02:14.228,12698,12699,12698,1,-1
2020-09-01 15:02:14.423,12697,12698,12698,1,1
2020-09-01 15:02:16.697,12697,12698,12697,10,-10
2020-09-01 15:02:16.697,12697,12698,12697,7,-7
2020-09-01 15:02:16.767,12697,12698,12696,1,-1
2020-09-01 15:02:16.871,12696,12697,12696,1,-1
2020-09-01 15:02:16.880,12696,12697,12696,1,-1
2020-09-01 15:02:16.890,12696,12697,12696,1,-1
2020-09-01 15:02:18.984,12696,12697,12697,5,5
2020-09-01 15:02:18.991,12696,12697,12698,2,2
2020-09-01 15:02:24.070,12696,12697,12697,1,1
2020-09-01 15:02:24.264,12696,12697,12697,5,5
2020-09-01 15:02:24.710,12696,12697,12697,1,1
2020-09-01 15:02:26.578,12696,12697,12696,1,-1
2020-09-01 15:02:26.579,12696,12697,12696,8,-8
2020-09-01 15:02:26.579,12696,12697,12696,10,-10
2020-09-01 15:02:26.956,12695,12696,12695,2,-2
2020-09-01 15:02:26.956,12695,12696,12695,1,-1
2020-09-01 15:02:26.957,12695,12696,12695,3,-3
2020-09-01 15:02:27.635,12694,12695,12694,2,-2
2020-09-01 15:02:29.335,12694,12695,12695,1,1
2020-09-01 15:02:29.719,12694,12695,12694,1,-1
2020-09-01 15:02:35.462,12694,12695,12694,1,-1
2020-09-01 15:02:36.073,12694,12695,12695,3,3
2020-09-01 15:02:36.125,12694,12695,12695,2,2
2020-09-01 15:02:37.010,12694,12696,12694,2,-2
2020-09-01 15:02:38.615,12694,12695,12695,1,1
2020-09-01 15:02:38.615,12694,12695,12696,4,4
2020-09-01 15:02:38.712,12695,12696,12695,1,-1
2020-09-01 15:02:38.823,12695,12696,12695,1,-1
2020-09-01 15:02:38.947,12694,12696,12694,1,-1
2020-09-01 15:02:42.941,12695,12696,12695,4,4
2020-09-01 15:02:42.942,12695,12696,12695,1,-1
2020-09-01 15:02:43.659,12694,12695,12695,1,1
2020-09-01 15:02:44.648,12694,12695,12695,2,2
2020-09-01 15:02:45.484,12695,12696,12695,2,-2
2020-09-01 15:02:45.806,12695,12696,12696,1,1
2020-09-01 15:02:46.535,12695,12696,12695,1,-1
2020-09-01 15:02:48.113,12695,12696,12696,12,12
2020-09-01 15:02:48.953,12696,12697,12696,1,-1
2020-09-01 15:02:52.114,12696,12697,12696,6,-6
2020-09-01 15:02:52.114,12696,12697,12695,4,-4
2020-09-01 15:02:53.115,12695,12696,12696,1,1
2020-09-01 15:02:53.514,12695,12697,12695,1,-1
2020-09-01 15:02:58.116,12695,12696,12696,1,1
2020-09-01 15:03:00.022,12695,12696,12696,2,2
2020-09-01 15:03:00.043,12695,12696,12696,2,2
2020-09-01 15:03:05.743,12695,12696,12696,1,1
2020-09-01 15:03:08.254,12695,12696,12696,1,1
2020-09-01 15:03:08.370,12695,12696,12696,1,1
2020-09-01 15:03:08.425,12695,12696,12695,3,-3
2020-09-01 15:03:10.086,12695,12696,12695,9,-9
2020-09-01 15:03:13.380,12694,12695,12694,15,-15
2020-09-01 15:03:20.766,12693,12694,12693,3,-3
2020-09-01 15:03:20.766,12693,12694,12693,4,-4
2020-09-01 15:03:20.767,12693,12694,12693,2,-2
2020-09-01 15:03:28.744,12692,12693,12693,1,1
2020-09-01 15:03:31.379,12692,12693,12692,1,-1
2020-09-01 15:03:32.922,12692,12693,12692,2,-2
2020-09-01 15:03:32.923,12692,12693,12692,5,-5
2020-09-01 15:03:34.367,12691,12692,12691,1,-1
2020-09-01 15:03:36.068,12691,12692,12691,4,-4
2020-09-01 15:03:37.767,12691,12692,12691,2,-2
2020-09-01 15:03:40.061,12691,12692,12692,1,1
2020-09-01 15:03:40.615,12691,12692,12691,9,-9
2020-09-01 15:03:43.342,12691,12692,12692,5,5
2020-09-01 15:03:44.768,12691,12692,12691,1,-1
2020-09-01 15:03:45.342,12691,12692,12691,1,-1
2020-09-01 15:03:47.730,12690,12692,12690,1,-1
2020-09-01 15:03:47.858,12690,12692,12692,1,1
2020-09-01 15:03:47.866,12690,12692,12690,1,-1
2020-09-01 15:03:47.924,12690,12692,12690,1,-1
2020-09-01 15:03:48.436,12690,12691,12690,1,-1
2020-09-01 15:03:48.994,12690,12691,12691,1,1
2020-09-01 15:03:53.959,12690,12691,12690,1,-1
2020-09-01 15:03:54.439,12690,12691,12691,1,1
2020-09-01 15:03:54.827,12690,12691,12690,2,-2
2020-09-01 15:03:54.827,12690,12691,12690,1,-1
2020-09-01 15:03:55.357,12690,12691,12691,4,4
2020-09-01 15:03:55.908,12691,12692,12692,1,1
2020-09-01 15:03:56.005,12691,12692,12691,1,-1
2020-09-01 15:03:56.302,12691,12692,12692,1,1
2020-09-01 15:03:56.841,12691,12692,12691,1,-1
2020-09-01 15:04:01.689,12691,12692,12691,1,-1
2020-09-01 15:04:01.956,12691,12692,12692,1,1
2020-09-01 15:04:02.287,12691,12692,12691,1,-1
2020-09-01 15:04:02.305,12691,12692,12692,1,1
2020-09-01 15:04:02.649,12691,12692,12692,2,2
2020-09-01 15:04:02.759,12692,12693,12693,1,1
2020-09-01 15:04:03.501,12692,12694,12694,1,1
2020-09-01 15:04:14.112,12693,12694,12694,1,1
2020-09-01 15:04:16.828,12693,12694,12693,2,-2
2020-09-01 15:04:25.085,12693,12694,12693,1,-1
2020-09-01 15:04:28.997,12692,12694,12693,3,-3
2020-09-01 15:04:32.014,12693,12694,12693,1,-1
2020-09-01 15:04:34.079,12692,12693,12693,1,1
2020-09-01 15:04:35.833,12692,12693,12693,1,1
2020-09-01 15:04:39.526,12692,12693,12693,1,1
2020-09-01 15:04:45.134,12692,12693,12692,3,-3
2020-09-01 15:04:47.710,12692,12693,12692,3,-3
2020-09-01 15:04:49.134,12692,12693,12692,1,-1
2020-09-01 15:04:51.344,12691,12692,12691,3,-3
2020-09-01 15:04:52.338,12691,12692,12691,2,-2
2020-09-01 15:04:52.805,12691,12692,12691,5,-5
2020-09-01 15:04:53.374,12691,12692,12691,2,-2
2020-09-01 15:04:57.293,12690,12691,12691,5,5
2020-09-01 15:04:58.145,12690,12692,12690,2,-2
2020-09-01 15:05:00.441,12691,12692,12691,5,5
2020-09-01 15:05:00.798,12690,12692,12691,1,-1
2020-09-01 15:05:00.900,12690,12692,12690,16,-16
2020-09-01 15:05:00.900,12690,12692,12690,5,-5
2020-09-01 15:05:01.007,12689,12690,12690,1,1
2020-09-01 15:05:01.101,12689,12690,12689,2,-2
2020-09-01 15:05:01.270,12689,12690,12690,1,1
2020-09-01 15:05:01.504,12689,12690,12689,3,-3
2020-09-01 15:05:01.928,12689,12690,12689,1,-1
2020-09-01 15:05:03.602,12688,12689,12688,1,-1
2020-09-01 15:05:04.481,12688,12689,12689,2,2
2020-09-01 15:05:04.482,12688,12689,12689,2,2
2020-09-01 15:05:04.482,12688,12689,12689,1,1
2020-09-01 15:05:04.482,12688,12689,12689,2,2
2020-09-01 15:05:05.951,12689,12690,12689,1,-1
2020-09-01 15:05:06.143,12689,12690,12689,1,-1
2020-09-01 15:05:06.248,12688,12690,12688,5,-5
2020-09-01 15:05:08.565,12688,12689,12689,4,4
2020-09-01 15:05:10.725,12688,12689,12688,11,-11
2020-09-01 15:05:12.206,12687,12688,12687,3,-3
2020-09-01 15:05:12.231,12687,12688,12688,9,9
2020-09-01 15:05:13.604,12688,12689,12688,3,-3
2020-09-01 15:05:14.168,12688,12689,12689,1,1
2020-09-01 15:05:17.301,12689,12690,12689,1,-1
2020-09-01 15:05:17.363,12689,12690,12689,1,-1
2020-09-01 15:05:17.938,12689,12690,12690,4,4
2020-09-01 15:05:18.218,12690,12691,12691,1,1
2020-09-01 15:05:19.602,12690,12692,12692,1,1
2020-09-01 15:05:21.226,12691,12692,12691,1,-1
2020-09-01 15:05:21.856,12691,12692,12692,3,3
2020-09-01 15:05:21.879,12691,12692,12692,1,1
2020-09-01 15:05:27.087,12692,12693,12692,1,-1
2020-09-01 15:05:29.954,12692,12693,12693,1,1
2020-09-01 15:05:30.021,12692,12693,12692,3,-3
2020-09-01 15:05:35.109,12691,12692,12691,1,-1
2020-09-01 15:05:35.287,12691,12692,12691,2,-2
2020-09-01 15:05:36.843,12691,12692,12691,1,-1
2020-09-01 15:05:36.844,12691,12692,12691,2,-2
2020-09-01 15:05:36.844,12691,12692,12691,1,-1
2020-09-01 15:05:36.844,12691,12692,12691,1,-1
2020-09-01 15:05:36.964,12690,12691,12690,2,-2
2020-09-01 15:05:39.294,12690,12691,12690,1,-1
2020-09-01 15:05:41.057,12689,12690,12689,4,-4
2020-09-01 15:05:43.177,12688,12689,12689,2,2
2020-09-01 15:05:43.575,12689,12691,12689,1,-1
2020-09-01 15:05:50.799,12689,12690,12689,1,-1
2020-09-01 15:05:51.119,12688,12689,12689,1,1
2020-09-01 15:05:51.850,12689,12691,12689,1,-1
2020-09-01 15:05:56.031,12688,12690,12690,1,1
2020-09-01 15:06:00.287,12688,12690,12690,1,1
2020-09-01 15:06:00.298,12688,12690,12690,1,1
2020-09-01 15:06:00.315,12688,12690,12690,1,1
2020-09-01 15:06:00.318,12688,12690,12690,1,1
2020-09-01 15:06:00.343,12689,12691,12691,1,1
2020-09-01 15:06:00.372,12689,12691,12691,1,1
2020-09-01 15:06:05.679,12688,12690,12690,1,1
2020-09-01 15:06:07.725,12689,12690,12689,2,-2
2020-09-01 15:06:07.775,12689,12690,12689,2,-2
2020-09-01 15:06:12.929,12688,12689,12688,14,-14
2020-09-01 15:06:17.054,12687,12688,12688,2,2
2020-09-01 15:06:19.901,12688,12689,12688,1,-1
2020-09-01 15:06:22.160,12687,12689,12687,4,-4
2020-09-01 15:06:26.118,12687,12688,12688,1,1
2020-09-01 15:06:30.935,12687,12688,12688,1,1
2020-09-01 15:06:32.534,12687,12688,12688,1,1
2020-09-01 15:06:33.901,12687,12689,12689,1,1
2020-09-01 15:06:39.176,12687,12689,12688,1,-1
2020-09-01 15:06:43.864,12687,12688,12688,1,1
2020-09-01 15:06:45.615,12687,12688,12687,4,-4
2020-09-01 15:06:51.235,12687,12688,12687,1,-1
2020-09-01 15:06:53.705,12687,12688,12687,4,-4
2020-09-01 15:06:53.723,12687,12688,12687,1,-1
2020-09-01 15:06:53.747,12687,12688,12687,1,-1
2020-09-01 15:06:54.859,12687,12688,12688,1,1
2020-09-01 15:06:55.305,12688,12689,12688,5,-5
2020-09-01 15:06:55.305,12688,12689,12687,1,-1
2020-09-01 15:07:13.747,12687,12688,12688,2,2
2020-09-01 15:07:14.150,12687,12688,12688,1,1
2020-09-01 15:07:14.590,12687,12688,12688,1,1
2020-09-01 15:07:15.394,12687,12688,12687,9,-9
2020-09-01 15:07:16.856,12686,12687,12687,1,1
2020-09-01 15:07:20.836,12686,12687,12687,5,5
2020-09-01 15:07:22.105,12686,12687,12686,1,-1
2020-09-01 15:07:24.245,12686,12687,12687,1,1
2020-09-01 15:07:24.375,12686,12687,12687,1,1
2020-09-01 15:07:32.713,12686,12687,12687,6,6
2020-09-01 15:07:34.134,12686,12687,12687,1,1
2020-09-01 15:07:34.618,12687,12688,12688,1,1
2020-09-01 15:07:35.616,12687,12688,12687,1,-1
2020-09-01 15:08:00.675,12687,12688,12687,1,-1
2020-09-01 15:08:00.812,12687,12688,12688,9,9
2020-09-01 15:08:00.822,12688,12689,12689,10,10
2020-09-01 15:08:01.218,12688,12690,12688,5,-5
2020-09-01 15:08:05.863,12688,12690,12690,1,1
2020-09-01 15:08:11.334,12688,12690,12688,6,-6
2020-09-01 15:08:11.334,12688,12690,12688,4,-4
2020-09-01 15:08:11.335,12688,12690,12688,1,-1
2020-09-01 15:08:11.335,12688,12690,12688,9,-9
2020-09-01 15:08:25.516,12688,12690,12688,3,-3
2020-09-01 15:08:26.297,12688,12689,12688,1,-1
2020-09-01 15:08:30.080,12687,12688,12688,1,1
2020-09-01 15:08:43.736,12687,12688,12688,1,1
2020-09-01 15:08:45.235,12687,12688,12688,1,1
2020-09-01 15:09:08.043,12687,12688,12688,1,1
2020-09-01 15:09:08.072,12688,12689,12689,2,2
2020-09-01 15:09:08.251,12688,12690,12690,1,1
2020-09-01 15:09:08.534,12688,12689,12688,1,-1
2020-09-01 15:09:10.160,12687,12688,12687,1,-1
2020-09-01 15:09:10.531,12687,12688,12688,1,1
2020-09-01 15:09:12.979,12687,12688,12687,17,-17
2020-09-01 15:09:17.124,12686,12687,12687,2,2
2020-09-01 15:09:20.342,12686,12688,12686,1,-1
2020-09-01 15:09:25.483,12686,12687,12686,28,-28
2020-09-01 15:09:25.484,12686,12687,12686,3,-3
2020-09-01 15:09:25.754,12685,12686,12685,1,-1
2020-09-01 15:09:29.836,12685,12686,12685,4,-4
2020-09-01 15:09:29.836,12685,12686,12685,13,-13
2020-09-01 15:09:32.447,12684,12685,12684,2,-2
2020-09-01 15:09:32.614,12684,12685,12685,3,3
2020-09-01 15:09:32.767,12684,12686,12684,1,-1
2020-09-01 15:09:35.043,12684,12685,12684,2,-2
2020-09-01 15:09:35.073,12684,12685,12684,1,-1
2020-09-01 15:09:35.105,12684,12685,12684,1,-1
2020-09-01 15:09:39.972,12684,12685,12684,1,-1
2020-09-01 15:09:41.398,12684,12685,12685,1,1
2020-09-01 15:09:41.398,12684,12685,12685,1,1
2020-09-01 15:09:43.177,12685,12687,12685,1,-1
2020-09-01 15:09:43.663,12685,12687,12685,1,-1
2020-09-01 15:09:43.997,12685,12687,12685,1,-1
2020-09-01 15:09:44.005,12685,12687,12685,1,-1
2020-09-01 15:09:45.235,12685,12687,12685,1,-1
2020-09-01 15:09:46.436,12684,12686,12686,5,5
2020-09-01 15:09:46.447,12686,12687,12687,9,9
2020-09-01 15:09:46.702,12687,12688,12687,4,-4
2020-09-01 15:09:46.702,12687,12688,12687,1,-1
2020-09-01 15:09:47.123,12685,12687,12685,2,-2
2020-09-01 15:09:59.202,12685,12686,12685,2,-2
2020-09-01 15:09:59.203,12685,12686,12685,4,-4
2020-09-01 15:09:59.634,12684,12685,12684,3,-3
2020-09-01 15:10:00.255,12683,12685,12683,1,-1
2020-09-01 15:10:00.261,12683,12685,12683,11,-11
2020-09-01 15:10:00.261,12683,12685,12682,25,-25
2020-09-01 15:10:00.262,12683,12685,12683,1,1
2020-09-01 15:10:00.555,12682,12683,12683,1,1
2020-09-01 15:10:00.667,12682,12683,12682,1,-1
2020-09-01 15:10:00.671,12682,12683,12682,1,-1
2020-09-01 15:10:00.958,12682,12683,12682,1,-1
2020-09-01 15:10:01.960,12682,12683,12683,3,3
2020-09-01 15:10:01.960,12682,12683,12684,1,1
2020-09-01 15:10:08.422,12683,12684,12683,1,-1
2020-09-01 15:10:11.565,12682,12684,12682,1,-1
2020-09-01 15:10:12.692,12682,12684,12682,1,-1
2020-09-01 15:10:15.555,12682,12683,12682,1,-1
2020-09-01 15:10:17.965,12682,12683,12683,1,1
2020-09-01 15:10:19.547,12683,12684,12683,1,-1
2020-09-01 15:10:22.250,12682,12683,12682,1,-1
2020-09-01 15:10:23.100,12682,12683,12683,4,4
2020-09-01 15:10:23.332,12682,12683,12682,2,-2
2020-09-01 15:10:23.360,12682,12683,12682,6,-6
2020-09-01 15:10:23.360,12682,12683,12682,3,-3
2020-09-01 15:10:25.386,12681,12682,12682,1,1
2020-09-01 15:10:27.232,12681,12682,12681,1,-1
2020-09-01 15:10:27.803,12681,12682,12682,2,2
2020-09-01 15:10:29.379,12681,12682,12682,1,1
2020-09-01 15:10:31.631,12681,12682,12682,1,1
2020-09-01 15:10:31.795,12681,12682,12682,1,1
2020-09-01 15:10:32.034,12681,12682,12681,1,-1
2020-09-01 15:10:32.104,12681,12682,12681,1,-1
2020-09-01 15:10:33.039,12681,12682,12681,1,-1
2020-09-01 15:10:33.050,12681,12682,12681,3,-3
2020-09-01 15:10:35.281,12681,12682,12681,5,-5
2020-09-01 15:10:35.603,12681,12682,12681,1,-1
2020-09-01 15:10:36.292,12681,12682,12681,1,-1
2020-09-01 15:10:37.917,12681,12682,12681,1,-1
2020-09-01 15:10:38.438,12681,12682,12681,1,-1
2020-09-01 15:10:39.438,12681,12682,12681,1,-1
2020-09-01 15:10:40.836,12681,12682,12682,5,5
2020-09-01 15:10:41.258,12682,12683,12682,3,-3
2020-09-01 15:10:42.065,12682,12683,12682,2,-2
2020-09-01 15:10:44.855,12682,12683,12682,1,-1
2020-09-01 15:10:47.392,12682,12683,12683,1,1
2020-09-01 15:10:47.393,12682,12683,12683,5,5
2020-09-01 15:10:47.393,12682,12683,12683,1,1
2020-09-01 15:10:47.393,12682,12683,12683,5,5
2020-09-01 15:10:48.804,12683,12684,12684,1,1
2020-09-01 15:10:48.898,12683,12684,12684,1,1
2020-09-01 15:10:49.697,12683,12684,12683,1,-1
2020-09-01 15:10:50.376,12683,12684,12683,1,-1
2020-09-01 15:10:52.213,12683,12684,12683,1,-1
2020-09-01 15:10:53.048,12683,12684,12684,2,2
2020-09-01 15:10:55.975,12683,12685,12683,1,-1
2020-09-01 15:11:00.778,12683,12684,12683,9,-9
2020-09-01 15:11:06.084,12682,12683,12683,1,1
2020-09-01 15:11:06.764,12683,12684,12682,9,-9
2020-09-01 15:11:09.889,12682,12683,12682,1,-1
2020-09-01 15:11:12.036,12682,12683,12682,5,-5
2020-09-01 15:11:12.036,12682,12683,12681,4,-4
2020-09-01 15:11:15.154,12681,12683,12681,1,-1
2020-09-01 15:11:15.385,12681,12682,12681,9,-9
2020-09-01 15:11:17.163,12680,12681,12681,1,1
2020-09-01 15:11:17.602,12680,12681,12681,1,1
2020-09-01 15:11:18.515,12681,12682,12681,1,-1
2020-09-01 15:11:19.066,12680,12682,12681,1,-1
2020-09-01 15:11:26.048,12681,12682,12682,1,1
2020-09-01 15:11:28.902,12681,12682,12681,1,-1
2020-09-01 15:11:29.304,12681,12682,12681,5,-5
2020-09-01 15:11:30.817,12681,12682,12682,1,1
2020-09-01 15:11:30.817,12681,12682,12682,4,4
2020-09-01 15:11:31.700,12682,12683,12682,1,-1
2020-09-01 15:11:38.018,12681,12683,12681,1,-1
2020-09-01 15:11:40.593,12682,12683,12682,1,1
2020-09-01 15:11:40.593,12682,12683,12681,11,-11
2020-09-01 15:11:46.163,12681,12682,12682,1,1
2020-09-01 15:11:48.532,12681,12682,12681,1,-1
2020-09-01 15:12:00.692,12681,12682,12682,3,3
2020-09-01 15:12:00.902,12682,12683,12683,1,1
2020-09-01 15:12:00.916,12682,12683,12683,2,2
2020-09-01 15:12:01.057,12682,12683,12683,2,2
2020-09-01 15:12:02.545,12682,12683,12682,1,-1
2020-09-01 15:12:02.713,12681,12682,12682,1,1
2020-09-01 15:12:03.625,12681,12682,12682,1,1
2020-09-01 15:12:04.224,12681,12682,12682,7,7
2020-09-01 15:12:04.348,12682,12683,12682,1,-1
2020-09-01 15:12:10.617,12682,12683,12682,1,-1
2020-09-01 15:12:15.574,12682,12683,12683,2,2
2020-09-01 15:12:17.821,12682,12683,12683,1,1
2020-09-01 15:12:19.938,12682,12683,12683,1,1
2020-09-01 15:12:21.863,12682,12683,12683,1,1
2020-09-01 15:12:26.319,12682,12683,12683,1,1
2020-09-01 15:12:27.819,12682,12683,12683,1,1
2020-09-01 15:12:30.342,12682,12683,12683,3,3
2020-09-01 15:12:33.149,12682,12683,12683,3,3
2020-09-01 15:12:35.537,12682,12683,12683,3,3
2020-09-01 15:12:37.954,12683,12684,12683,5,-5
2020-09-01 15:12:41.944,12683,12684,12684,3,3
2020-09-01 15:12:43.420,12683,12684,12683,1,-1
2020-09-01 15:12:43.534,12683,12684,12683,5,-5
2020-09-01 15:12:44.747,12682,12684,12684,4,4
2020-09-01 15:12:47.788,12682,12684,12684,3,3
2020-09-01 15:12:49.441,12682,12683,12683,3,3
2020-09-01 15:12:52.775,12682,12683,12682,4,-4
2020-09-01 15:13:02.552,12681,12683,12681,1,-1
2020-09-01 15:13:02.783,12681,12683,12681,1,-1
2020-09-01 15:13:02.871,12681,12683,12681,2,-2
2020-09-01 15:13:07.535,12682,12683,12682,1,1
2020-09-01 15:13:08.519,12682,12683,12682,1,-1
2020-09-01 15:13:09.842,12681,12682,12682,1,1
2020-09-01 15:13:10.502,12681,12682,12681,2,-2
2020-09-01 15:13:12.574,12680,12682,12682,1,1
2020-09-01 15:13:15.882,12681,12682,12681,4,-4
2020-09-01 15:13:18.366,12681,12682,12681,3,-3
2020-09-01 15:13:19.967,12680,12681,12681,5,5
2020-09-01 15:13:24.066,12680,12681,12681,1,1
2020-09-01 15:13:29.706,12680,12681,12681,1,1
2020-09-01 15:13:30.905,12680,12681,12681,1,1
2020-09-01 15:13:32.041,12680,12681,12681,1,1
2020-09-01 15:13:35.814,12680,12681,12681,1,1
2020-09-01 15:13:36.403,12680,12681,12681,1,1
2020-09-01 15:13:41.518,12680,12681,12681,3,3
2020-09-01 15:13:42.509,12681,12682,12681,1,-1
2020-09-01 15:13:43.634,12681,12682,12681,1,-1
2020-09-01 15:13:50.833,12681,12682,12681,1,-1
2020-09-01 15:14:01.756,12681,12682,12681,1,-1
2020-09-01 15:14:16.624,12681,12682,12681,1,-1
2020-09-01 15:14:22.091,12681,12682,12682,1,1
2020-09-01 15:14:29.167,12681,12682,12682,2,2
2020-09-01 15:14:29.726,12681,12682,12682,1,1
2020-09-01 15:14:31.083,12681,12682,12682,1,1
2020-09-01 15:14:31.982,12681,12682,12682,1,1
2020-09-01 15:14:33.577,12681,12682,12682,1,1
2020-09-01 15:14:34.739,12681,12682,12682,2,2
2020-09-01 15:14:34.822,12681,12682,12682,3,3
2020-09-01 15:14:36.959,12682,12683,12682,1,-1
2020-09-01 15:14:37.595,12682,12683,12682,1,-1
2020-09-01 15:14:43.904,12682,12683,12683,14,14
2020-09-01 15:14:43.905,12682,12683,12683,2,2
2020-09-01 15:14:47.302,12682,12684,12684,2,2
2020-09-01 15:14:48.795,12682,12684,12684,1,1
2020-09-01 15:14:54.723,12682,12684,12684,1,1
2020-09-01 15:14:59.038,12682,12684,12684,1,1
2020-09-01 15:15:00.870,12683,12684,12684,8,8
2020-09-01 15:15:00.870,12683,12684,12684,1,1
2020-09-01 15:15:11.921,12683,12684,12684,1,1
2020-09-01 15:15:11.950,12683,12684,12684,1,1
2020-09-01 15:15:11.978,12683,12684,12684,3,3
2020-09-01 15:15:12.320,12683,12684,12684,2,2
2020-09-01 15:15:12.601,12683,12684,12684,3,3
2020-09-01 15:15:16.243,12684,12685,12685,2,2
2020-09-01 15:15:20.020,12685,12686,12685,2,-2
2020-09-01 15:15:20.036,12685,12686,12685,3,-3
2020-09-01 15:15:29.759,12685,12686,12685,1,-1
2020-09-01 15:15:30.226,12685,12686,12686,1,1
2020-09-01 15:15:36.395,12685,12686,12686,1,1
2020-09-01 15:15:37.034,12685,12686,12686,1,1
2020-09-01 15:15:37.561,12685,12686,12686,2,2
2020-09-01 15:15:37.561,12685,12686,12686,4,4
2020-09-01 15:15:37.561,12685,12686,12686,2,2
2020-09-01 15:15:38.379,12686,12687,12686,1,-1
2020-09-01 15:15:39.439,12686,12687,12686,1,-1
2020-09-01 15:15:46.559,12686,12687,12686,1,-1
2020-09-01 15:15:51.672,12685,12686,12686,4,4
2020-09-01 15:15:53.310,12685,12686,12686,3,3
2020-09-01 15:15:53.716,12685,12686,12686,1,1
2020-09-01 15:15:55.230,12685,12686,12686,4,4
2020-09-01 15:15:55.908,12685,12686,12686,1,1
2020-09-01 15:16:00.062,12685,12686,12686,1,1
2020-09-01 15:16:02.001,12685,12686,12686,1,1
2020-09-01 15:16:04.915,12685,12686,12686,1,1
2020-09-01 15:16:08.133,12685,12686,12686,1,1
2020-09-01 15:16:09.129,12685,12686,12686,1,1
2020-09-01 15:16:09.130,12685,12686,12686,4,4
2020-09-01 15:16:09.130,12685,12686,12686,2,2
2020-09-01 15:16:09.810,12685,12686,12686,1,1
2020-09-01 15:16:11.284,12685,12686,12686,1,1
2020-09-01 15:16:12.605,12686,12687,12686,1,-1
2020-09-01 15:16:19.559,12686,12687,12687,2,2
2020-09-01 15:16:19.766,12686,12687,12687,2,2
2020-09-01 15:16:19.772,12686,12687,12686,2,-2
2020-09-01 15:16:28.505,12686,12687,12687,2,2
2020-09-01 15:16:28.506,12686,12687,12687,1,1
2020-09-01 15:16:28.506,12686,12687,12687,1,1
2020-09-01 15:16:28.506,12686,12687,12687,1,1
2020-09-01 15:16:32.253,12687,12688,12687,1,-1
2020-09-01 15:16:33.142,12686,12687,12687,1,1
2020-09-01 15:16:33.639,12686,12687,12686,14,-14
2020-09-01 15:16:33.639,12686,12687,12685,17,-17
2020-09-01 15:16:33.640,12686,12687,12685,2,-2
2020-09-01 15:16:33.641,12686,12687,12685,24,-24
2020-09-01 15:16:36.771,12685,12686,12686,1,1
2020-09-01 15:16:39.817,12685,12686,12686,1,1
2020-09-01 15:16:44.581,12686,12687,12687,11,11
2020-09-01 15:16:55.278,12686,12687,12686,1,-1
2020-09-01 15:16:56.718,12685,12686,12686,1,1
2020-09-01 15:17:11.883,12686,12687,12686,2,-2
2020-09-01 15:17:11.884,12686,12687,12686,2,-2
2020-09-01 15:17:14.782,12685,12686,12685,1,-1
2020-09-01 15:17:19.152,12685,12686,12685,1,-1
2020-09-01 15:17:30.026,12685,12686,12686,1,1
2020-09-01 15:17:30.282,12685,12686,12686,1,1
2020-09-01 15:17:31.922,12685,12686,12686,4,4
2020-09-01 15:17:32.172,12686,12687,12686,1,-1
2020-09-01 15:17:33.324,12686,12687,12686,1,-1
2020-09-01 15:17:47.450,12686,12687,12687,14,14
2020-09-01 15:17:50.463,12687,12688,12687,1,-1
2020-09-01 15:18:30.953,12686,12687,12686,1,-1
2020-09-01 15:18:31.538,12686,12687,12687,2,2
2020-09-01 15:18:46.373,12686,12687,12687,1,1
2020-09-01 15:18:49.127,12687,12688,12687,3,-3
2020-09-01 15:18:54.281,12686,12687,12687,4,4
2020-09-01 15:18:57.667,12686,12687,12687,2,2
2020-09-01 15:19:01.049,12687,12688,12687,1,-1
2020-09-01 15:19:02.631,12686,12687,12687,1,1
2020-09-01 15:19:21.013,12686,12687,12687,1,1
2020-09-01 15:19:24.136,12686,12687,12687,3,3
2020-09-01 15:19:30.388,12686,12687,12687,1,1
2020-09-01 15:19:40.857,12686,12687,12687,5,5
2020-09-01 15:20:02.206,12686,12687,12687,5,5
2020-09-01 15:20:10.424,12686,12687,12687,1,1
2020-09-01 15:20:11.841,12686,12687,12687,2,2
2020-09-01 15:20:15.230,12687,12688,12688,13,13
2020-09-01 15:20:17.860,12688,12689,12689,1,1
2020-09-01 15:20:19.052,12688,12689,12689,1,1
2020-09-01 15:20:19.194,12688,12689,12689,2,2
2020-09-01 15:20:19.194,12688,12689,12689,4,4
2020-09-01 15:20:20.575,12688,12690,12690,1,1
2020-09-01 15:20:22.076,12689,12690,12689,1,-1
2020-09-01 15:20:25.048,12688,12689,12689,1,1
2020-09-01 15:20:29.342,12689,12690,12689,1,-1
2020-09-01 15:20:29.975,12689,12690,12690,1,1
2020-09-01 15:20:32.078,12689,12690,12690,1,1
2020-09-01 15:20:42.366,12689,12690,12690,1,1
2020-09-01 15:20:50.186,12689,12690,12690,1,1
2020-09-01 15:20:52.449,12689,12690,12690,1,1
2020-09-01 15:20:55.259,12689,12690,12690,1,1
2020-09-01 15:20:55.307,12689,12690,12690,10,10
2020-09-01 15:20:55.308,12689,12690,12690,2,2
2020-09-01 15:20:56.654,12690,12691,12690,1,-1
2020-09-01 15:20:59.968,12690,12691,12690,1,-1
2020-09-01 15:21:00.724,12690,12691,12691,6,6
2020-09-01 15:21:02.450,12691,12692,12692,4,4
2020-09-01 15:21:02.450,12691,12692,12692,8,8
2020-09-01 15:21:03.160,12692,12693,12693,2,2
2020-09-01 15:21:04.031,12692,12693,12693,1,1
2020-09-01 15:21:07.773,12692,12693,12692,1,-1
2020-09-01 15:21:08.045,12692,12693,12693,1,1
2020-09-01 15:21:08.083,12692,12693,12693,8,8
2020-09-01 15:21:09.025,12692,12694,12694,1,1
2020-09-01 15:21:09.292,12692,12694,12692,1,-1
2020-09-01 15:21:09.354,12692,12694,12694,5,5
2020-09-01 15:21:10.415,12692,12693,12693,1,1
2020-09-01 15:21:12.091,12693,12694,12693,2,-2
2020-09-01 15:21:13.570,12692,12694,12693,6,-6
2020-09-01 15:21:13.680,12692,12693,12693,4,4
2020-09-01 15:21:14.671,12693,12694,12694,1,1
2020-09-01 15:21:16.430,12693,12694,12694,1,1
2020-09-01 15:21:16.430,12693,12694,12694,6,6
2020-09-01 15:21:18.067,12694,12695,12694,1,-1
2020-09-01 15:21:18.354,12694,12695,12694,10,-10
2020-09-01 15:21:18.622,12694,12695,12694,1,-1
2020-09-01 15:21:19.093,12694,12695,12694,1,-1
2020-09-01 15:21:22.847,12694,12695,12694,1,-1
2020-09-01 15:21:22.884,12694,12695,12694,2,-2
2020-09-01 15:21:22.987,12694,12695,12694,1,-1
2020-09-01 15:21:23.455,12694,12695,12695,1,1
2020-09-01 15:21:24.552,12694,12695,12695,10,10
2020-09-01 15:21:27.354,12694,12696,12694,1,-1
2020-09-01 15:21:32.891,12694,12695,12694,5,-5
2020-09-01 15:21:38.543,12694,12695,12695,5,5
2020-09-01 15:21:40.765,12694,12695,12695,1,1
2020-09-01 15:21:41.102,12694,12695,12695,1,1
2020-09-01 15:21:41.191,12694,12695,12695,1,1
2020-09-01 15:21:43.581,12694,12695,12695,1,1
2020-09-01 15:21:46.127,12694,12695,12695,3,3
2020-09-01 15:21:46.218,12694,12695,12695,1,1
2020-09-01 15:21:47.388,12694,12695,12695,1,1
2020-09-01 15:21:48.932,12694,12695,12695,1,1
2020-09-01 15:21:49.509,12694,12695,12695,2,2
2020-09-01 15:21:50.183,12694,12695,12695,1,1
2020-09-01 15:21:50.876,12694,12695,12695,1,1
2020-09-01 15:21:52.124,12694,12695,12694,1,-1
2020-09-01 15:21:53.233,12694,12696,12694,1,-1
2020-09-01 15:21:58.824,12694,12695,12694,1,-1
2020-09-01 15:21:59.524,12694,12695,12695,1,1
2020-09-01 15:21:59.702,12695,12696,12695,4,-4
2020-09-01 15:22:01.183,12694,12696,12696,1,1
2020-09-01 15:22:03.031,12694,12695,12695,1,1
2020-09-01 15:22:05.977,12695,12696,12696,1,1
2020-09-01 15:22:07.295,12695,12696,12696,1,1
2020-09-01 15:22:08.383,12695,12696,12695,1,-1
2020-09-01 15:22:09.840,12695,12696,12696,1,1
2020-09-01 15:22:10.362,12695,12696,12696,1,1
2020-09-01 15:22:10.792,12695,12696,12696,1,1
2020-09-01 15:22:11.312,12695,12696,12696,1,1
2020-09-01 15:22:11.403,12695,12696,12696,3,3
2020-09-01 15:22:12.351,12695,12697,12697,1,1
2020-09-01 15:22:12.473,12695,12697,12697,1,1
2020-09-01 15:22:13.639,12695,12696,12696,3,3
2020-09-01 15:22:15.088,12695,12696,12696,1,1
2020-09-01 15:22:15.756,12695,12696,12696,5,5
2020-09-01 15:22:16.354,12695,12696,12696,5,5
2020-09-01 15:22:17.004,12695,12696,12696,1,1
2020-09-01 15:22:17.176,12695,12696,12696,5,5
2020-09-01 15:22:18.498,12695,12696,12696,1,1
2020-09-01 15:22:19.177,12695,12696,12696,5,5
2020-09-01 15:22:19.809,12695,12696,12696,3,3
2020-09-01 15:22:19.810,12695,12696,12696,2,2
2020-09-01 15:22:21.423,12695,12696,12696,1,1
2020-09-01 15:22:22.318,12696,12697,12697,1,1
2020-09-01 15:22:23.461,12696,12697,12696,1,-1
2020-09-01 15:22:25.501,12696,12697,12697,1,1
2020-09-01 15:22:25.598,12696,12697,12697,1,1
2020-09-01 15:22:28.303,12696,12697,12697,1,1
2020-09-01 15:22:30.146,12696,12697,12697,2,2
2020-09-01 15:22:30.371,12696,12697,12697,1,1
2020-09-01 15:22:31.676,12696,12697,12697,1,1
2020-09-01 15:22:33.831,12696,12697,12697,1,1
2020-09-01 15:22:37.551,12696,12697,12696,2,-2
2020-09-01 15:22:39.699,12696,12697,12697,2,2
2020-09-01 15:22:41.107,12696,12697,12697,1,1
2020-09-01 15:22:41.241,12696,12697,12697,4,4
2020-09-01 15:22:45.236,12697,12698,12698,1,1
2020-09-01 15:22:45.345,12697,12698,12698,2,2
2020-09-01 15:22:45.644,12697,12698,12698,1,1
2020-09-01 15:22:46.016,12697,12698,12698,1,1
2020-09-01 15:22:46.434,12697,12698,12697,1,-1
2020-09-01 15:22:49.187,12697,12698,12698,5,5
2020-09-01 15:22:50.740,12697,12698,12698,1,1
2020-09-01 15:22:51.967,12697,12698,12698,1,1
2020-09-01 15:22:52.243,12697,12698,12698,1,1
2020-09-01 15:22:56.652,12697,12698,12698,2,2
2020-09-01 15:22:56.741,12697,12698,12698,5,5
2020-09-01 15:22:57.489,12697,12698,12698,1,1
2020-09-01 15:22:59.080,12697,12698,12698,1,1
2020-09-01 15:23:00.096,12697,12698,12698,8,8
2020-09-01 15:23:00.476,12697,12698,12698,1,1
2020-09-01 15:23:00.499,12697,12698,12698,1,1
2020-09-01 15:23:01.565,12697,12698,12698,1,1
2020-09-01 15:23:01.587,12698,12699,12698,2,-2
2020-09-01 15:23:01.947,12697,12698,12698,2,2
2020-09-01 15:23:02.072,12697,12698,12698,2,2
2020-09-01 15:23:02.601,12698,12699,12699,1,1
2020-09-01 15:23:03.490,12698,12699,12698,1,-1
2020-09-01 15:23:03.661,12698,12699,12698,1,-1
2020-09-01 15:23:07.694,12698,12699,12699,32,32
2020-09-01 15:23:10.381,12699,12700,12700,12,12
2020-09-01 15:23:10.390,12699,12700,12700,6,6
2020-09-01 15:23:10.454,12700,12701,12700,2,-2
2020-09-01 15:23:10.501,12700,12701,12701,2,2
2020-09-01 15:23:10.504,12700,12701,12700,2,-2
2020-09-01 15:23:10.517,12700,12701,12701,1,1
2020-09-01 15:23:10.620,12700,12701,12701,6,6
2020-09-01 15:23:10.693,12700,12701,12702,1,1
2020-09-01 15:23:10.797,12701,12702,12702,2,2
2020-09-01 15:23:10.814,12701,12702,12701,2,-2
2020-09-01 15:23:10.830,12701,12702,12701,2,-2
2020-09-01 15:23:11.163,12700,12702,12702,1,1
2020-09-01 15:23:11.266,12700,12702,12702,1,1
2020-09-01 15:23:11.391,12700,12702,12700,5,-5
2020-09-01 15:23:12.619,12700,12701,12700,1,-1
2020-09-01 15:23:14.232,12700,12701,12700,1,-1
2020-09-01 15:23:14.554,12700,12701,12701,1,1
2020-09-01 15:23:15.064,12700,12701,12701,1,1
2020-09-01 15:23:15.107,12700,12701,12701,1,1
2020-09-01 15:23:15.568,12700,12701,12701,3,3
2020-09-01 15:23:15.727,12700,12701,12701,1,1
2020-09-01 15:23:16.165,12700,12701,12701,1,1
2020-09-01 15:23:17.011,12700,12701,12701,1,1
2020-09-01 15:23:17.962,12700,12701,12701,1,1
2020-09-01 15:23:18.195,12700,12701,12701,9,9
2020-09-01 15:23:19.460,12701,12702,12701,1,-1
2020-09-01 15:23:20.838,12701,12702,12701,1,-1
2020-09-01 15:23:21.613,12701,12702,12702,1,1
2020-09-01 15:23:22.323,12701,12702,12701,2,-2
2020-09-01 15:23:23.339,12701,12702,12702,2,2
2020-09-01 15:23:23.445,12701,12702,12702,6,6
2020-09-01 15:23:23.544,12701,12703,12702,1,-1
2020-09-01 15:23:23.573,12701,12702,12702,1,1
2020-09-01 15:23:23.573,12701,12702,12703,1,1
2020-09-01 15:23:23.863,12701,12702,12702,2,2
2020-09-01 15:23:23.865,12701,12702,12702,2,2
2020-09-01 15:23:23.915,12701,12702,12702,2,2
2020-09-01 15:23:23.947,12702,12703,12702,2,-2
2020-09-01 15:23:24.000,12702,12703,12702,1,-1
2020-09-01 15:23:25.423,12701,12703,12701,1,-1
2020-09-01 15:23:25.467,12701,12703,12701,1,-1
2020-09-01 15:23:25.546,12701,12703,12703,2,2
2020-09-01 15:23:29.937,12701,12702,12702,3,3
2020-09-01 15:23:29.937,12701,12702,12703,2,2
2020-09-01 15:23:30.107,12701,12703,12701,1,-1
2020-09-01 15:23:33.154,12702,12703,12702,1,1
2020-09-01 15:23:33.211,12702,12703,12703,9,9
2020-09-01 15:23:33.377,12703,12704,12703,1,-1
2020-09-01 15:23:33.789,12703,12704,12703,1,-1
2020-09-01 15:23:34.050,12703,12704,12703,1,-1
2020-09-01 15:23:34.230,12703,12704,12703,1,-1
2020-09-01 15:23:37.023,12703,12704,12704,1,1
2020-09-01 15:23:37.392,12703,12704,12704,1,1
2020-09-01 15:23:37.405,12703,12704,12704,6,6
2020-09-01 15:23:38.070,12704,12705,12704,2,-2
2020-09-01 15:23:39.362,12703,12705,12703,1,-1
2020-09-01 15:23:39.498,12703,12704,12704,1,1
2020-09-01 15:23:40.024,12704,12705,12705,12,12
2020-09-01 15:23:40.442,12704,12705,12705,1,1
2020-09-01 15:23:40.490,12704,12705,12705,1,1
2020-09-01 15:23:40.597,12704,12705,12705,1,1
2020-09-01 15:23:40.985,12704,12705,12705,1,1
2020-09-01 15:23:41.132,12704,12705,12705,1,1
2020-09-01 15:23:41.227,12704,12705,12705,8,8
2020-09-01 15:23:41.842,12705,12706,12706,1,1
2020-09-01 15:23:41.972,12705,12706,12706,1,1
2020-09-01 15:23:41.974,12705,12706,12706,2,2
2020-09-01 15:23:41.980,12705,12706,12706,1,1
2020-09-01 15:23:41.981,12705,12706,12706,2,2
2020-09-01 15:23:41.994,12705,12706,12706,3,3
2020-09-01 15:23:41.994,12705,12706,12707,2,2
2020-09-01 15:23:41.995,12705,12706,12707,1,1
2020-09-01 15:23:42.096,12705,12707,12707,1,1
2020-09-01 15:23:42.129,12705,12707,12707,4,4
2020-09-01 15:23:42.149,12705,12707,12708,1,1
2020-09-01 15:23:42.156,12705,12707,12708,1,1
2020-09-01 15:23:42.167,12705,12707,12708,1,1
2020-09-01 15:23:42.180,12705,12707,12708,1,1
2020-09-01 15:23:42.245,12706,12708,12708,2,2
2020-09-01 15:23:42.262,12706,12708,12707,2,-2
2020-09-01 15:23:42.273,12706,12708,12707,1,-1
2020-09-01 15:23:42.281,12706,12708,12708,1,1
2020-09-01 15:23:42.291,12706,12708,12707,1,-1
2020-09-01 15:23:42.297,12706,12708,12708,1,1
2020-09-01 15:23:42.319,12706,12708,12707,2,-2
2020-09-01 15:23:42.343,12706,12708,12707,1,-1
2020-09-01 15:23:42.346,12706,12708,12707,1,-1
2020-09-01 15:23:42.405,12706,12708,12708,1,1
2020-09-01 15:23:42.407,12706,12708,12708,1,1
2020-09-01 15:23:42.429,12706,12708,12708,1,1
2020-09-01 15:23:42.476,12707,12708,12708,1,1
2020-09-01 15:23:42.477,12707,12708,12708,1,1
2020-09-01 15:23:42.507,12707,12708,12708,1,1
2020-09-01 15:23:42.519,12707,12708,12709,2,2
2020-09-01 15:23:42.576,12707,12709,12709,1,1
2020-09-01 15:23:42.577,12707,12709,12709,1,1
2020-09-01 15:23:42.608,12707,12709,12709,3,3
2020-09-01 15:23:42.622,12707,12709,12709,1,1
2020-09-01 15:23:42.623,12707,12709,12709,1,1
2020-09-01 15:23:42.623,12707,12709,12709,1,1
2020-09-01 15:23:42.625,12707,12709,12709,8,8
2020-09-01 15:23:42.648,12707,12709,12708,2,-2
2020-09-01 15:23:42.653,12707,12709,12709,1,1
2020-09-01 15:23:42.687,12707,12709,12709,1,1
2020-09-01 15:23:42.698,12708,12709,12708,1,-1
2020-09-01 15:23:42.732,12708,12709,12708,1,-1
2020-09-01 15:23:42.747,12708,12709,12709,1,1
2020-09-01 15:23:42.774,12708,12709,12709,1,1
2020-09-01 15:23:42.784,12708,12709,12709,1,1
2020-09-01 15:23:42.843,12707,12709,12709,1,1
2020-09-01 15:23:42.844,12707,12709,12709,1,1
2020-09-01 15:23:42.857,12707,12709,12709,4,4
2020-09-01 15:23:42.857,12707,12709,12710,6,6
2020-09-01 15:23:42.933,12707,12709,12709,1,1
2020-09-01 15:23:42.993,12707,12709,12709,1,1
2020-09-01 15:23:43.014,12707,12709,12709,2,2
2020-09-01 15:23:43.132,12707,12709,12709,1,1
2020-09-01 15:23:43.133,12707,12709,12709,1,1
2020-09-01 15:23:43.183,12707,12709,12709,1,1
2020-09-01 15:23:43.330,12708,12709,12709,1,1
2020-09-01 15:23:43.366,12708,12709,12709,1,1
2020-09-01 15:23:43.432,12708,12709,12709,1,1
2020-09-01 15:23:43.673,12708,12709,12708,1,-1
2020-09-01 15:23:43.777,12707,12709,12709,1,1
2020-09-01 15:23:43.837,12707,12709,12709,1,1
2020-09-01 15:23:43.854,12707,12709,12709,1,1
2020-09-01 15:23:43.884,12707,12709,12709,1,1
2020-09-01 15:23:43.886,12707,12709,12708,5,-5
2020-09-01 15:23:43.890,12707,12709,12709,1,1
2020-09-01 15:23:43.928,12707,12709,12709,1,1
2020-09-01 15:23:44.298,12707,12709,12709,1,1
2020-09-01 15:23:44.320,12707,12709,12709,1,1
2020-09-01 15:23:44.336,12707,12709,12709,1,1
2020-09-01 15:23:45.161,12707,12708,12708,3,3
2020-09-01 15:23:45.492,12707,12709,12709,1,1
2020-09-01 15:23:45.663,12707,12709,12707,1,-1
2020-09-01 15:23:45.826,12707,12708,12708,1,1
2020-09-01 15:23:45.856,12707,12708,12707,1,-1
2020-09-01 15:23:46.899,12706,12708,12706,1,-1
2020-09-01 15:23:47.081,12706,12708,12708,4,4
2020-09-01 15:23:48.467,12706,12707,12706,1,-1
2020-09-01 15:23:49.147,12705,12707,12707,11,11
2020-09-01 15:23:49.147,12705,12707,12708,4,4
2020-09-01 15:23:49.366,12706,12707,12707,1,1
2020-09-01 15:23:49.813,12706,12707,12706,2,-2
2020-09-01 15:23:53.884,12706,12707,12706,1,-1
2020-09-01 15:23:53.929,12706,12707,12706,1,-1
2020-09-01 15:23:53.929,12706,12707,12705,4,-4
2020-09-01 15:23:53.944,12706,12707,12705,1,-1
2020-09-01 15:23:55.288,12705,12707,12707,7,7
2020-09-01 15:23:55.288,12705,12707,12707,2,2
2020-09-01 15:23:56.570,12706,12707,12706,7,-7
2020-09-01 15:23:56.572,12706,12707,12706,2,-2
2020-09-01 15:23:56.581,12706,12707,12707,1,1
2020-09-01 15:23:58.554,12704,12705,12705,1,1
2020-09-01 15:23:59.664,12704,12706,12704,1,-1
2020-09-01 15:23:59.856,12705,12706,12706,1,1
2020-09-01 15:24:00.100,12705,12706,12706,3,3
2020-09-01 15:24:00.174,12705,12706,12706,1,1
2020-09-01 15:24:00.292,12705,12706,12706,1,1
2020-09-01 15:24:00.376,12705,12706,12706,1,1
2020-09-01 15:24:00.439,12705,12706,12705,2,-2
2020-09-01 15:24:00.723,12705,12707,12707,4,4
2020-09-01 15:24:03.015,12704,12706,12704,1,-1
2020-09-01 15:24:04.442,12705,12706,12706,2,2
2020-09-01 15:24:04.580,12705,12706,12705,1,-1
2020-09-01 15:24:04.947,12704,12706,12704,1,-1
2020-09-01 15:24:05.509,12704,12705,12705,1,1
2020-09-01 15:24:05.903,12704,12705,12705,2,2
2020-09-01 15:24:08.487,12704,12705,12705,1,1
2020-09-01 15:24:09.636,12704,12705,12705,1,1
2020-09-01 15:24:10.518,12704,12706,12704,1,-1
2020-09-01 15:24:13.258,12705,12706,12705,2,2
2020-09-01 15:24:20.498,12704,12705,12704,15,-15
2020-09-01 15:24:20.504,12704,12705,12703,1,-1
2020-09-01 15:24:20.681,12703,12704,12704,2,2
2020-09-01 15:24:20.911,12703,12704,12703,1,-1
2020-09-01 15:24:22.903,12703,12704,12704,3,3
2020-09-01 15:24:25.478,12703,12704,12704,4,4
2020-09-01 15:24:25.794,12704,12705,12704,6,-6
2020-09-01 15:24:27.867,12703,12704,12704,1,1
2020-09-01 15:24:30.559,12703,12704,12703,1,-1
2020-09-01 15:24:30.808,12703,12704,12703,1,-1
2020-09-01 15:24:35.777,12702,12703,12702,1,-1
2020-09-01 15:24:35.777,12702,12703,12702,1,-1
2020-09-01 15:24:36.667,12701,12703,12703,1,1
2020-09-01 15:24:37.508,12702,12703,12703,1,1
2020-09-01 15:24:42.322,12702,12703,12703,1,1
2020-09-01 15:24:43.224,12702,12703,12702,1,-1
2020-09-01 15:24:44.118,12702,12703,12703,1,1
2020-09-01 15:24:49.218,12701,12702,12702,1,1
2020-09-01 15:24:50.131,12701,12702,12702,4,4
2020-09-01 15:24:51.463,12701,12703,12701,1,-1
2020-09-01 15:24:52.957,12702,12703,12702,1,1
2020-09-01 15:24:52.957,12702,12703,12702,1,-1
2020-09-01 15:24:54.820,12701,12702,12702,1,1
2020-09-01 15:24:56.658,12701,12702,12701,1,-1
2020-09-01 15:25:00.236,12701,12702,12702,1,1
2020-09-01 15:25:01.119,12701,12703,12701,1,-1
2020-09-01 15:25:01.897,12702,12703,12702,1,1
2020-09-01 15:25:04.528,12702,12703,12702,1,-1
2020-09-01 15:25:04.582,12702,12703,12702,1,-1
2020-09-01 15:25:05.693,12702,12703,12703,2,2
2020-09-01 15:25:05.708,12702,12703,12703,2,2
2020-09-01 15:25:06.315,12702,12703,12702,1,-1
2020-09-01 15:25:07.078,12702,12703,12703,1,1
2020-09-01 15:25:07.102,12702,12703,12703,3,3
2020-09-01 15:25:07.290,12703,12704,12703,1,-1
2020-09-01 15:25:07.756,12703,12704,12703,2,-2
2020-09-01 15:25:11.164,12703,12704,12704,1,1
2020-09-01 15:25:11.537,12703,12704,12703,1,-1
2020-09-01 15:25:12.769,12703,12704,12704,1,1
2020-09-01 15:25:12.770,12703,12704,12704,5,5
2020-09-01 15:25:12.801,12703,12704,12705,1,1
2020-09-01 15:25:12.832,12704,12705,12705,1,1
2020-09-01 15:25:15.685,12703,12704,12704,2,2
2020-09-01 15:25:15.989,12703,12704,12704,1,1
2020-09-01 15:25:16.928,12703,12704,12704,2,2
2020-09-01 15:25:18.895,12704,12705,12705,16,16
2020-09-01 15:25:19.981,12705,12706,12706,1,1
2020-09-01 15:25:20.180,12705,12706,12706,2,2
2020-09-01 15:25:21.116,12705,12707,12705,5,-5
2020-09-01 15:25:24.276,12705,12706,12705,1,-1
2020-09-01 15:25:25.709,12704,12706,12706,1,1
2020-09-01 15:25:26.686,12704,12706,12704,1,-1
2020-09-01 15:25:27.881,12703,12705,12704,1,-1
2020-09-01 15:25:27.881,12703,12705,12703,3,-3
2020-09-01 15:25:29.256,12704,12705,12704,1,1
2020-09-01 15:25:29.768,12703,12705,12705,5,5
2020-09-01 15:25:31.254,12703,12704,12704,2,2
2020-09-01 15:25:38.914,12703,12705,12703,2,-2
2020-09-01 15:25:42.873,12704,12705,12704,5,5
2020-09-01 15:25:43.465,12703,12704,12703,1,-1
2020-09-01 15:25:46.338,12703,12704,12703,7,-7
2020-09-01 15:25:46.343,12703,12704,12702,1,-1
2020-09-01 15:25:46.410,12703,12704,12702,1,-1
2020-09-01 15:25:46.548,12702,12703,12702,1,-1
2020-09-01 15:25:46.852,12702,12703,12703,3,3
2020-09-01 15:25:47.279,12702,12704,12702,3,-3
2020-09-01 15:25:47.290,12702,12704,12702,1,-1
2020-09-01 15:25:48.021,12702,12704,12704,5,5
2020-09-01 15:25:49.331,12702,12704,12702,5,-5
2020-09-01 15:25:49.493,12702,12703,12703,1,1
2020-09-01 15:25:52.360,12702,12703,12702,8,-8
2020-09-01 15:25:52.360,12702,12703,12701,13,-13
2020-09-01 15:25:52.361,12702,12703,12702,1,1
2020-09-01 15:25:52.717,12702,12703,12703,1,1
2020-09-01 15:25:54.098,12702,12704,12702,1,-1
2020-09-01 15:25:58.617,12702,12703,12702,1,-1
2020-09-01 15:25:59.798,12701,12702,12702,1,1
2020-09-01 15:26:00.333,12701,12702,12702,1,1
2020-09-01 15:26:03.758,12702,12703,12702,1,-1
2020-09-01 15:26:05.011,12702,12703,12702,1,-1
2020-09-01 15:26:07.042,12702,12703,12702,1,-1
2020-09-01 15:26:17.819,12702,12703,12702,1,-1
2020-09-01 15:26:19.590,12702,12703,12702,1,-1
2020-09-01 15:26:19.754,12702,12703,12702,4,-4
2020-09-01 15:26:19.962,12701,12702,12702,1,1
2020-09-01 15:26:19.992,12701,12702,12702,1,1
2020-09-01 15:26:21.710,12701,12702,12702,1,1
2020-09-01 15:26:24.308,12701,12702,12702,1,1
2020-09-01 15:26:30.936,12701,12702,12702,1,1
2020-09-01 15:26:32.613,12701,12702,12702,1,1
2020-09-01 15:26:40.361,12701,12702,12702,1,1
2020-09-01 15:26:40.601,12701,12702,12702,1,1
2020-09-01 15:26:52.171,12701,12702,12702,1,1
2020-09-01 15:26:52.749,12701,12702,12702,2,2
2020-09-01 15:26:52.750,12701,12702,12702,1,1
2020-09-01 15:26:52.777,12701,12702,12702,2,2
2020-09-01 15:26:55.711,12701,12702,12702,2,2
2020-09-01 15:26:57.031,12702,12703,12702,1,-1
2020-09-01 15:27:05.013,12702,12703,12702,4,-4
2020-09-01 15:27:18.514,12702,12703,12702,1,-1
2020-09-01 15:27:23.578,12702,12703,12702,4,-4
2020-09-01 15:27:24.155,12702,12703,12702,4,-4
2020-09-01 15:27:24.156,12702,12703,12702,4,-4
2020-09-01 15:27:24.232,12701,12702,12701,2,-2
2020-09-01 15:27:28.321,12701,12702,12702,1,1
2020-09-01 15:27:33.703,12701,12702,12702,1,1
2020-09-01 15:27:35.307,12701,12702,12702,1,1
2020-09-01 15:27:38.887,12701,12702,12702,1,1
2020-09-01 15:27:40.864,12701,12702,12702,1,1
2020-09-01 15:27:45.283,12701,12702,12702,3,3
2020-09-01 15:27:45.691,12701,12702,12702,1,1
2020-09-01 15:27:53.845,12701,12702,12702,1,1
2020-09-01 15:27:54.631,12701,12702,12701,1,-1
2020-09-01 15:27:58.733,12701,12702,12702,1,1
2020-09-01 15:27:58.821,12701,12702,12702,1,1
2020-09-01 15:28:03.313,12702,12703,12702,1,-1
2020-09-01 15:28:03.579,12701,12702,12702,1,1
2020-09-01 15:28:04.144,12701,12702,12702,1,1
2020-09-01 15:28:06.527,12701,12702,12702,1,1
2020-09-01 15:28:09.421,12701,12702,12702,1,1
2020-09-01 15:28:10.177,12701,12702,12701,2,-2
2020-09-01 15:28:11.883,12701,12702,12702,1,1
2020-09-01 15:28:14.623,12701,12702,12702,1,1
2020-09-01 15:28:16.041,12701,12702,12702,1,1
2020-09-01 15:28:23.573,12702,12703,12702,1,-1
2020-09-01 15:28:23.908,12701,12702,12702,1,1
2020-09-01 15:28:28.678,12701,12702,12702,1,1
2020-09-01 15:28:29.502,12701,12702,12702,1,1
2020-09-01 15:28:29.838,12701,12702,12702,1,1
2020-09-01 15:28:32.746,12702,12703,12702,1,-1
2020-09-01 15:28:37.172,12702,12703,12702,1,-1
2020-09-01 15:28:44.653,12701,12703,12701,1,-1
2020-09-01 15:28:45.449,12701,12703,12701,1,-1
2020-09-01 15:29:02.315,12701,12702,12702,1,1
2020-09-01 15:29:09.704,12702,12703,12702,1,-1
2020-09-01 15:29:12.228,12702,12703,12703,6,6
2020-09-01 15:29:16.341,12702,12704,12704,1,1
2020-09-01 15:29:26.904,12701,12703,12703,1,1
2020-09-01 15:29:30.282,12701,12703,12703,1,1
2020-09-01 15:29:38.963,12701,12702,12702,1,1
2020-09-01 15:29:42.046,12701,12702,12702,1,1
2020-09-01 15:29:47.459,12701,12702,12702,1,1
2020-09-01 15:29:48.472,12701,12702,12702,4,4
2020-09-01 15:29:49.261,12702,12703,12703,1,1
2020-09-01 15:29:49.261,12702,12703,12703,1,1
2020-09-01 15:29:49.262,12702,12703,12703,1,1
2020-09-01 15:29:49.262,12702,12703,12703,1,1
2020-09-01 15:30:10.068,12703,12704,12704,2,2
2020-09-01 15:30:10.068,12703,12704,12704,3,3
2020-09-01 15:30:10.069,12703,12704,12704,2,2
2020-09-01 15:30:10.069,12703,12704,12705,5,5
2020-09-01 15:30:10.070,12703,12704,12705,9,9
2020-09-01 15:30:10.070,12703,12704,12705,3,3
2020-09-01 15:30:10.370,12704,12706,12704,1,-1
2020-09-01 15:30:10.389,12704,12706,12706,3,3
2020-09-01 15:30:10.446,12704,12706,12704,1,-1
2020-09-01 15:30:10.446,12704,12706,12704,1,-1
2020-09-01 15:30:10.490,12704,12706,12704,1,-1
2020-09-01 15:30:10.516,12704,12706,12704,1,-1
2020-09-01 15:30:10.531,12704,12706,12704,1,-1
2020-09-01 15:30:11.254,12705,12707,12707,1,1
2020-09-01 15:30:11.336,12705,12707,12705,4,-4
2020-09-01 15:30:13.011,12704,12706,12706,1,1
2020-09-01 15:30:14.017,12704,12706,12706,1,1
2020-09-01 15:30:14.466,12704,12706,12704,3,-3
2020-09-01 15:30:22.863,12705,12706,12705,2,2
2020-09-01 15:30:23.505,12704,12705,12704,2,-2
2020-09-01 15:30:23.818,12703,12705,12703,3,-3
2020-09-01 15:30:34.900,12702,12703,12702,1,-1
2020-09-01 15:30:34.916,12702,12703,12703,1,1
2020-09-01 15:30:40.192,12702,12703,12703,1,1
2020-09-01 15:30:40.822,12702,12703,12703,1,1
2020-09-01 15:30:46.318,12702,12703,12703,1,1
2020-09-01 15:30:46.999,12702,12703,12702,2,-2
2020-09-01 15:30:49.214,12702,12703,12702,1,-1
2020-09-01 15:30:49.899,12702,12703,12702,1,-1
2020-09-01 15:30:50.466,12702,12703,12702,1,-1
2020-09-01 15:30:50.883,12702,12703,12702,1,-1
2020-09-01 15:31:02.066,12701,12702,12701,3,-3
2020-09-01 15:31:02.066,12701,12702,12701,5,-5
2020-09-01 15:31:03.062,12700,12701,12701,1,1
2020-09-01 15:31:03.929,12701,12702,12701,1,-1
2020-09-01 15:31:05.582,12700,12701,12701,2,2
2020-09-01 15:31:06.651,12700,12701,12700,1,-1
2020-09-01 15:31:07.842,12700,12701,12700,2,-2
2020-09-01 15:31:10.955,12700,12701,12700,4,-4
2020-09-01 15:31:11.575,12700,12701,12700,1,-1
2020-09-01 15:31:11.575,12700,12701,12700,5,-5
2020-09-01 15:31:11.575,12700,12701,12700,11,-11
2020-09-01 15:31:11.655,12700,12701,12699,3,-3
2020-09-01 15:31:11.655,12700,12701,12699,2,-2
2020-09-01 15:31:11.656,12700,12701,12699,3,-3
2020-09-01 15:31:11.656,12700,12701,12699,1,-1
2020-09-01 15:31:11.656,12700,12701,12699,2,-2
2020-09-01 15:31:11.697,12699,12700,12699,1,-1
2020-09-01 15:31:11.735,12699,12700,12698,1,-1
2020-09-01 15:31:11.756,12699,12700,12698,1,-1
2020-09-01 15:31:11.757,12699,12700,12698,3,-3
2020-09-01 15:31:12.109,12698,12699,12698,1,-1
2020-09-01 15:31:12.137,12698,12699,12698,1,-1
2020-09-01 15:31:12.711,12698,12699,12698,1,-1
2020-09-01 15:31:13.145,12698,12699,12698,1,-1
2020-09-01 15:31:13.168,12698,12699,12698,1,-1
2020-09-01 15:31:13.175,12698,12699,12698,1,-1
2020-09-01 15:31:13.667,12698,12699,12698,1,-1
2020-09-01 15:31:13.667,12698,12699,12698,2,-2
2020-09-01 15:31:13.667,12698,12699,12698,3,-3
2020-09-01 15:31:13.667,12698,12699,12698,1,-1
2020-09-01 15:31:13.667,12698,12699,12698,1,-1
2020-09-01 15:31:18.104,12698,12699,12698,1,-1
2020-09-01 15:31:18.112,12698,12699,12699,3,3
2020-09-01 15:31:18.112,12698,12699,12700,1,1
2020-09-01 15:31:18.810,12698,12700,12699,1,-1
2020-09-01 15:31:18.810,12698,12700,12698,2,-2
2020-09-01 15:31:30.099,12698,12699,12699,1,1
2020-09-01 15:31:30.699,12698,12699,12699,1,1
2020-09-01 15:31:33.109,12699,12700,12699,1,-1
2020-09-01 15:31:33.109,12699,12700,12698,2,-2
2020-09-01 15:31:43.645,12698,12699,12699,1,1
2020-09-01 15:31:45.675,12698,12700,12698,3,-3
2020-09-01 15:31:55.043,12698,12699,12699,1,1
2020-09-01 15:31:57.272,12698,12700,12698,2,-2
2020-09-01 15:32:00.258,12699,12700,12699,3,3
2020-09-01 15:32:00.376,12699,12700,12700,1,1
2020-09-01 15:32:00.376,12699,12700,12700,5,5
2020-09-01 15:32:00.376,12699,12700,12700,2,2
2020-09-01 15:32:00.376,12699,12700,12700,2,2
2020-09-01 15:32:00.376,12699,12700,12700,2,2
2020-09-01 15:32:00.378,12699,12700,12700,2,2
2020-09-01 15:32:00.569,12699,12700,12699,2,-2
2020-09-01 15:32:01.117,12699,12700,12700,2,2
2020-09-01 15:32:01.118,12699,12700,12700,2,2
2020-09-01 15:32:12.513,12699,12700,12699,1,-1
2020-09-01 15:32:13.636,12698,12700,12700,1,1
2020-09-01 15:32:18.071,12698,12699,12699,1,1
2020-09-01 15:32:19.411,12698,12699,12699,1,1
2020-09-01 15:32:27.766,12699,12700,12699,1,-1
2020-09-01 15:32:28.131,12698,12699,12699,1,1
2020-09-01 15:32:28.209,12698,12699,12699,1,1
2020-09-01 15:32:32.228,12698,12699,12699,1,1
2020-09-01 15:32:32.228,12698,12699,12699,1,1
2020-09-01 15:32:32.228,12698,12699,12699,1,1
2020-09-01 15:32:32.229,12698,12699,12699,2,2
2020-09-01 15:32:33.850,12698,12700,12699,1,-1
2020-09-01 15:32:38.136,12699,12700,12699,1,-1
2020-09-01 15:32:38.454,12699,12700,12700,1,1
2020-09-01 15:32:39.689,12700,12701,12700,1,-1
2020-09-01 15:32:42.332,12700,12701,12700,1,-1
2020-09-01 15:32:46.071,12699,12700,12699,5,-5
2020-09-01 15:32:49.762,12698,12700,12700,2,2
2020-09-01 15:32:51.703,12699,12700,12700,2,2
2020-09-01 15:32:51.703,12699,12700,12700,1,1
2020-09-01 15:32:52.725,12700,12701,12700,1,-1
2020-09-01 15:32:57.912,12700,12701,12701,2,2
2020-09-01 15:33:00.070,12700,12702,12702,1,1
2020-09-01 15:33:10.821,12701,12702,12702,1,1
2020-09-01 15:33:10.822,12701,12702,12702,2,2
2020-09-01 15:33:10.822,12701,12702,12702,2,2
2020-09-01 15:33:11.828,12702,12703,12703,1,1
2020-09-01 15:33:11.829,12702,12703,12703,2,2
2020-09-01 15:33:12.520,12702,12704,12702,1,-1
2020-09-01 15:33:13.581,12702,12704,12702,1,-1
2020-09-01 15:33:14.251,12702,12703,12703,1,1
2020-09-01 15:33:16.461,12702,12704,12703,5,-5
2020-09-01 15:33:16.462,12702,12704,12703,4,-4
2020-09-01 15:33:17.486,12702,12704,12702,1,-1
2020-09-01 15:33:24.290,12703,12704,12704,1,1
2020-09-01 15:33:29.218,12703,12704,12704,5,5
2020-09-01 15:33:29.278,12703,12704,12704,5,5
2020-09-01 15:33:30.835,12704,12705,12704,1,-1
2020-09-01 15:33:48.552,12703,12704,12704,1,1
2020-09-01 15:33:49.261,12703,12704,12704,1,1
2020-09-01 15:33:54.063,12703,12704,12703,14,-14
2020-09-01 15:33:57.793,12702,12703,12702,2,-2
2020-09-01 15:33:57.793,12702,12703,12702,2,-2
2020-09-01 15:34:00.495,12703,12704,12703,1,1
2020-09-01 15:34:05.052,12703,12704,12704,11,11
2020-09-01 15:34:13.970,12704,12705,12705,1,1
2020-09-01 15:34:18.531,12704,12705,12704,4,-4
2020-09-01 15:34:20.125,12703,12705,12705,1,1
2020-09-01 15:34:21.957,12703,12705,12705,1,1
2020-09-01 15:34:24.987,12703,12705,12705,1,1
2020-09-01 15:34:30.327,12703,12704,12703,2,-2
2020-09-01 15:34:30.779,12702,12704,12704,1,1
2020-09-01 15:34:33.810,12702,12703,12702,1,-1
2020-09-01 15:34:35.144,12702,12703,12703,1,1
2020-09-01 15:34:40.392,12702,12703,12702,10,-10
2020-09-01 15:34:41.609,12701,12703,12703,1,1
2020-09-01 15:34:49.382,12701,12702,12701,11,-11
2020-09-01 15:34:49.389,12701,12702,12701,1,-1
2020-09-01 15:35:02.898,12700,12702,12701,1,-1
2020-09-01 15:35:03.494,12700,12702,12701,1,-1
2020-09-01 15:35:03.651,12700,12702,12702,1,1
2020-09-01 15:35:04.781,12700,12701,12701,1,1
2020-09-01 15:35:29.021,12700,12701,12701,1,1
2020-09-01 15:35:29.807,12700,12701,12701,4,4
2020-09-01 15:35:52.265,12702,12703,12702,1,1
2020-09-01 15:35:57.737,12701,12702,12702,2,2
2020-09-01 15:36:14.906,12702,12703,12703,4,4
2020-09-01 15:36:14.947,12703,12704,12703,2,-2
2020-09-01 15:36:15.231,12702,12703,12703,1,1
2020-09-01 15:36:15.363,12702,12703,12703,1,1
2020-09-01 15:36:15.414,12702,12703,12703,2,2
2020-09-01 15:36:15.625,12702,12703,12703,2,2
2020-09-01 15:36:15.625,12702,12703,12703,1,1
2020-09-01 15:36:15.625,12702,12703,12703,1,1
2020-09-01 15:36:25.947,12702,12703,12703,1,1
2020-09-01 15:36:25.947,12702,12703,12703,2,2
2020-09-01 15:36:28.973,12702,12703,12703,1,1
2020-09-01 15:36:29.554,12702,12703,12703,1,1
2020-09-01 15:36:30.035,12702,12703,12703,2,2
2020-09-01 15:36:30.035,12702,12703,12703,2,2
2020-09-01 15:36:34.372,12703,12704,12703,1,-1
2020-09-01 15:36:35.958,12703,12704,12704,1,1
2020-09-01 15:36:37.361,12704,12705,12704,4,-4
2020-09-01 15:36:38.618,12703,12704,12703,1,-1
2020-09-01 15:36:54.169,12703,12704,12703,3,-3
2020-09-01 15:37:00.009,12702,12704,12702,1,-1
2020-09-01 15:37:04.033,12703,12704,12704,1,1
2020-09-01 15:37:18.426,12703,12704,12704,1,1
2020-09-01 15:37:26.266,12704,12705,12705,12,12
2020-09-01 15:37:28.716,12705,12706,12705,1,-1
2020-09-01 15:37:35.113,12704,12706,12704,1,-1
2020-09-01 15:37:37.744,12704,12705,12704,1,-1
2020-09-01 15:37:39.009,12703,12705,12705,1,1
2020-09-01 15:37:45.791,12704,12705,12705,1,1
2020-09-01 15:37:48.991,12704,12705,12705,1,1
2020-09-01 15:37:53.437,12704,12705,12705,1,1
2020-09-01 15:37:54.987,12705,12706,12705,1,-1
2020-09-01 15:38:00.253,12705,12706,12706,4,4
2020-09-01 15:38:09.405,12705,12706,12705,2,-2
2020-09-01 15:38:12.696,12705,12706,12706,1,1
2020-09-01 15:38:13.485,12705,12706,12706,1,1
2020-09-01 15:38:13.486,12705,12706,12706,1,1
2020-09-01 15:38:13.486,12705,12706,12706,1,1
2020-09-01 15:38:13.486,12705,12706,12706,1,1
2020-09-01 15:38:17.781,12706,12707,12706,4,-4
2020-09-01 15:38:19.766,12705,12707,12705,1,-1
2020-09-01 15:38:24.582,12705,12706,12705,1,-1
2020-09-01 15:38:26.112,12705,12706,12706,1,1
2020-09-01 15:38:30.605,12705,12706,12706,3,3
2020-09-01 15:38:30.605,12705,12706,12706,1,1
2020-09-01 15:38:30.605,12705,12706,12706,2,2
2020-09-01 15:38:35.135,12705,12706,12706,1,1
2020-09-01 15:38:35.136,12705,12706,12706,1,1
2020-09-01 15:38:37.706,12706,12707,12706,5,-5
2020-09-01 15:38:37.707,12706,12707,12706,5,-5
2020-09-01 15:38:41.868,12705,12706,12706,1,1
2020-09-01 15:38:51.208,12705,12706,12706,1,1
2020-09-01 15:38:53.842,12705,12706,12705,3,-3
2020-09-01 15:38:54.222,12705,12706,12706,5,5
2020-09-01 15:38:54.431,12705,12706,12706,1,1
2020-09-01 15:38:54.431,12705,12706,12707,4,4
2020-09-01 15:38:54.681,12705,12707,12707,1,1
2020-09-01 15:38:55.071,12705,12707,12707,3,3
2020-09-01 15:38:57.003,12705,12707,12705,1,-1
2020-09-01 15:39:07.087,12705,12706,12706,1,1
2020-09-01 15:39:12.282,12705,12706,12705,1,-1
2020-09-01 15:39:12.282,12705,12706,12705,3,-3
2020-09-01 15:39:12.282,12705,12706,12705,5,-5
2020-09-01 15:39:12.282,12705,12706,12705,7,-7
2020-09-01 15:39:13.383,12704,12705,12704,3,-3
2020-09-01 15:39:17.948,12703,12705,12705,1,1
2020-09-01 15:39:23.296,12704,12705,12704,1,-1
2020-09-01 15:39:23.354,12704,12705,12704,1,-1
2020-09-01 15:39:25.590,12703,12704,12704,1,1
2020-09-01 15:39:43.022,12703,12704,12703,8,-8
2020-09-01 15:39:43.189,12702,12703,12703,3,3
2020-09-01 15:39:57.546,12702,12703,12703,1,1
2020-09-01 15:40:07.715,12702,12703,12703,2,2
2020-09-01 15:40:07.715,12702,12703,12703,1,1
2020-09-01 15:40:10.749,12703,12704,12703,1,-1
2020-09-01 15:40:14.803,12703,12704,12704,6,6
2020-09-01 15:40:15.231,12704,12705,12705,2,2
2020-09-01 15:40:15.231,12704,12705,12705,2,2
2020-09-01 15:40:15.231,12704,12705,12705,1,1
2020-09-01 15:40:15.231,12704,12705,12705,2,2
2020-09-01 15:40:15.231,12704,12705,12705,3,3
2020-09-01 15:40:15.367,12705,12706,12705,2,-2
2020-09-01 15:40:15.446,12704,12705,12705,1,1
2020-09-01 15:40:15.661,12704,12705,12705,1,1
2020-09-01 15:40:39.097,12703,12705,12705,1,1
2020-09-01 15:41:01.357,12705,12706,12706,2,2
2020-09-01 15:41:02.172,12706,12707,12707,1,1
2020-09-01 15:41:02.411,12706,12707,12707,1,1
2020-09-01 15:41:03.268,12706,12707,12707,3,3
2020-09-01 15:41:03.269,12706,12707,12707,4,4
2020-09-01 15:41:03.269,12706,12707,12707,8,8
2020-09-01 15:41:04.158,12706,12708,12708,2,2
2020-09-01 15:41:08.641,12707,12708,12708,7,7
2020-09-01 15:41:10.456,12707,12708,12707,1,-1
2020-09-01 15:41:12.036,12706,12707,12707,4,4
2020-09-01 15:41:12.036,12706,12707,12708,1,1
2020-09-01 15:41:14.819,12706,12707,12707,1,1
2020-09-01 15:41:14.853,12706,12707,12707,1,1
2020-09-01 15:41:15.280,12706,12707,12707,1,1
2020-09-01 15:41:19.240,12706,12707,12707,1,1
2020-09-01 15:41:19.254,12706,12707,12707,1,1
2020-09-01 15:41:20.056,12706,12707,12706,1,-1
2020-09-01 15:41:27.891,12706,12707,12707,1,1
2020-09-01 15:41:30.717,12706,12707,12707,1,1
2020-09-01 15:41:32.885,12706,12707,12707,1,1
2020-09-01 15:41:33.214,12706,12707,12707,2,2
2020-09-01 15:41:33.501,12706,12707,12707,1,1
2020-09-01 15:41:37.403,12706,12707,12706,3,-3
2020-09-01 15:41:37.883,12705,12706,12706,1,1
2020-09-01 15:41:38.854,12705,12707,12707,6,6
2020-09-01 15:41:41.339,12706,12707,12706,1,-1
2020-09-01 15:41:43.024,12706,12707,12706,1,-1
2020-09-01 15:41:53.420,12706,12707,12707,1,1
2020-09-01 15:41:56.082,12706,12707,12706,1,-1
2020-09-01 15:41:57.155,12706,12707,12706,2,-2
2020-09-01 15:42:00.324,12706,12707,12707,1,1
2020-09-01 15:42:00.681,12706,12707,12707,1,1
2020-09-01 15:42:00.877,12706,12707,12706,1,-1
2020-09-01 15:42:15.266,12706,12707,12707,2,2
2020-09-01 15:42:15.368,12706,12707,12707,5,5
2020-09-01 15:42:15.368,12706,12707,12707,1,1
2020-09-01 15:42:15.368,12706,12707,12707,1,1
2020-09-01 15:42:15.369,12706,12707,12707,1,1
2020-09-01 15:42:15.369,12706,12707,12707,1,1
2020-09-01 15:42:17.561,12706,12708,12706,1,-1
2020-09-01 15:42:18.975,12707,12708,12708,1,1
2020-09-01 15:42:24.610,12707,12708,12708,1,1
2020-09-01 15:42:31.688,12707,12708,12708,1,1
2020-09-01 15:42:32.501,12707,12708,12707,5,-5
2020-09-01 15:42:34.261,12706,12707,12707,1,1
2020-09-01 15:42:39.197,12706,12707,12706,1,-1
2020-09-01 15:42:39.197,12706,12707,12706,12,-12
2020-09-01 15:42:42.293,12705,12706,12706,3,3
2020-09-01 15:42:43.097,12705,12706,12705,1,-1
2020-09-01 15:42:43.098,12705,12706,12705,1,-1
2020-09-01 15:42:43.098,12705,12706,12705,4,-4
2020-09-01 15:42:43.098,12705,12706,12705,6,-6
2020-09-01 15:42:43.099,12705,12706,12705,2,-2
2020-09-01 15:42:43.099,12705,12706,12705,22,-22
2020-09-01 15:42:43.099,12705,12706,12705,2,-2
2020-09-01 15:42:43.099,12705,12706,12705,4,-4
2020-09-01 15:42:43.099,12705,12706,12705,1,-1
2020-09-01 15:42:44.342,12704,12706,12706,1,1
2020-09-01 15:43:01.385,12704,12705,12705,1,1
2020-09-01 15:43:03.324,12705,12706,12705,1,-1
2020-09-01 15:43:07.273,12704,12705,12705,1,1
2020-09-01 15:43:08.013,12705,12706,12705,8,-8
2020-09-01 15:43:14.631,12704,12705,12705,1,1
2020-09-01 15:43:14.805,12704,12706,12705,1,-1
2020-09-01 15:43:21.464,12704,12706,12705,2,-2
2020-09-01 15:43:29.427,12704,12705,12705,2,2
2020-09-01 15:43:34.917,12706,12708,12706,1,1
2020-09-01 15:43:45.353,12705,12706,12706,2,2
2020-09-01 15:43:45.935,12705,12706,12706,1,1
2020-09-01 15:43:54.730,12705,12706,12706,1,1
2020-09-01 15:44:12.764,12705,12706,12705,1,-1
2020-09-01 15:44:20.854,12705,12706,12705,1,-1
2020-09-01 15:44:24.313,12705,12706,12705,3,-3
2020-09-01 15:44:24.313,12705,12706,12705,4,-4
2020-09-01 15:44:24.313,12705,12706,12705,2,-2
2020-09-01 15:44:24.313,12705,12706,12705,1,-1
2020-09-01 15:44:24.313,12705,12706,12705,1,-1
2020-09-01 15:44:24.313,12705,12706,12705,5,-5
2020-09-01 15:44:24.313,12705,12706,12705,4,-4
2020-09-01 15:44:24.313,12705,12706,12705,1,-1
2020-09-01 15:44:24.313,12705,12706,12705,7,-7
2020-09-01 15:44:28.590,12704,12705,12705,2,2
2020-09-01 15:44:28.590,12704,12705,12705,1,1
2020-09-01 15:44:31.987,12705,12706,12705,1,-1
2020-09-01 15:44:41.089,12705,12706,12705,2,-2
2020-09-01 15:44:43.317,12705,12706,12705,1,-1
2020-09-01 15:45:02.449,12705,12706,12705,8,-8
2020-09-01 15:45:04.273,12705,12706,12706,17,17
2020-09-01 15:45:04.273,12705,12706,12706,1,1
2020-09-01 15:45:14.245,12706,12707,12706,2,-2
2020-09-01 15:45:18.865,12706,12707,12706,1,-1
2020-09-01 15:45:26.297,12706,12707,12706,1,-1
2020-09-01 15:45:31.748,12706,12707,12706,1,-1
2020-09-01 15:45:32.697,12706,12707,12705,4,-4
2020-09-01 15:45:34.953,12705,12706,12706,4,4
2020-09-01 15:45:35.701,12705,12706,12705,2,-2
2020-09-01 15:45:35.701,12705,12706,12705,3,-3
2020-09-01 15:45:46.314,12704,12706,12706,1,1
2020-09-01 15:45:52.115,12704,12706,12704,2,-2
2020-09-01 15:45:54.750,12705,12706,12706,2,2
2020-09-01 15:45:56.468,12706,12707,12706,1,-1
2020-09-01 15:45:58.127,12706,12707,12706,1,-1
2020-09-01 15:45:59.944,12706,12707,12706,4,-4
2020-09-01 15:45:59.945,12706,12707,12706,3,-3
2020-09-01 15:46:08.552,12706,12707,12706,1,-1
2020-09-01 15:46:12.709,12706,12707,12706,1,-1
2020-09-01 15:46:15.012,12705,12706,12706,1,1
2020-09-01 15:46:25.531,12706,12707,12707,4,4
2020-09-01 15:46:25.531,12706,12707,12707,2,2
2020-09-01 15:46:25.531,12706,12707,12707,3,3
2020-09-01 15:46:28.860,12707,12708,12707,6,-6
2020-09-01 15:46:33.847,12707,12708,12707,1,-1
2020-09-01 15:46:36.405,12707,12708,12708,1,1
2020-09-01 15:46:36.645,12707,12708,12708,3,3
2020-09-01 15:46:40.888,12707,12708,12708,18,18
2020-09-01 15:46:41.328,12708,12709,12708,1,-1
2020-09-01 15:46:41.549,12708,12709,12708,1,-1
2020-09-01 15:46:44.103,12707,12708,12708,2,2
2020-09-01 15:46:47.222,12708,12709,12708,1,-1
2020-09-01 15:46:47.387,12708,12709,12708,5,-5
2020-09-01 15:46:52.580,12708,12709,12708,1,-1
2020-09-01 15:46:52.818,12707,12709,12707,2,-2
2020-09-01 15:46:59.639,12708,12709,12708,1,1
2020-09-01 15:46:59.995,12707,12709,12709,1,1
2020-09-01 15:47:00.261,12708,12709,12709,1,1
2020-09-01 15:47:00.543,12708,12709,12709,1,1
2020-09-01 15:47:05.297,12708,12709,12709,1,1
2020-09-01 15:47:10.221,12708,12709,12709,1,1
2020-09-01 15:47:11.297,12708,12709,12709,1,1
2020-09-01 15:47:11.644,12708,12709,12709,1,1
2020-09-01 15:47:11.645,12708,12709,12709,1,1
2020-09-01 15:47:15.243,12708,12709,12709,3,3
2020-09-01 15:47:15.353,12708,12709,12708,1,-1
2020-09-01 15:47:15.828,12708,12709,12709,2,2
2020-09-01 15:47:15.829,12708,12709,12709,4,4
2020-09-01 15:47:15.829,12708,12709,12709,5,5
2020-09-01 15:47:21.228,12708,12710,12710,1,1
2020-09-01 15:47:21.525,12708,12710,12710,1,1
2020-09-01 15:47:21.527,12708,12710,12710,2,2
2020-09-01 15:47:21.543,12708,12710,12710,1,1
2020-09-01 15:47:21.544,12708,12710,12710,1,1
2020-09-01 15:47:21.546,12708,12710,12710,3,3
2020-09-01 15:47:21.700,12708,12710,12710,1,1
2020-09-01 15:47:21.731,12708,12710,12710,1,1
2020-09-01 15:47:21.737,12708,12710,12710,1,1
2020-09-01 15:47:21.740,12708,12710,12710,1,1
2020-09-01 15:47:21.819,12708,12710,12710,1,1
2020-09-01 15:47:21.839,12708,12710,12708,1,-1
2020-09-01 15:47:21.864,12708,12710,12710,3,3
2020-09-01 15:47:21.874,12708,12710,12710,1,1
2020-09-01 15:47:21.904,12708,12710,12710,1,1
2020-09-01 15:47:22.162,12708,12710,12708,1,-1
2020-09-01 15:47:22.241,12708,12710,12710,1,1
2020-09-01 15:47:22.380,12708,12710,12710,3,3
2020-09-01 15:47:25.610,12709,12710,12710,1,1
2020-09-01 15:47:26.697,12709,12710,12709,1,-1
2020-09-01 15:47:28.397,12708,12709,12708,3,-3
2020-09-01 15:47:29.338,12707,12708,12707,1,-1
2020-09-01 15:47:32.760,12707,12708,12707,2,-2
2020-09-01 15:47:32.810,12707,12708,12707,2,-2
2020-09-01 15:47:35.166,12707,12708,12708,1,1
2020-09-01 15:47:35.577,12707,12708,12707,5,-5
2020-09-01 15:47:36.916,12707,12708,12707,1,-1
2020-09-01 15:47:42.538,12706,12707,12707,1,1
2020-09-01 15:47:42.798,12706,12707,12707,1,1
2020-09-01 15:47:43.599,12706,12707,12707,5,5
2020-09-01 15:47:44.402,12706,12708,12708,1,1
2020-09-01 15:47:48.439,12706,12708,12707,1,-1
2020-09-01 15:47:51.752,12707,12708,12708,2,2
2020-09-01 15:47:51.784,12707,12708,12707,1,-1
2020-09-01 15:47:55.223,12706,12707,12707,1,1
2020-09-01 15:47:55.223,12706,12707,12708,4,4
2020-09-01 15:47:55.223,12706,12707,12707,2,2
2020-09-01 15:47:55.224,12706,12707,12707,2,2
2020-09-01 15:47:59.459,12706,12707,12707,1,1
2020-09-01 15:48:00.565,12706,12708,12706,1,-1
2020-09-01 15:48:02.459,12706,12708,12708,1,1
2020-09-01 15:48:13.713,12707,12708,12707,1,-1
2020-09-01 15:48:13.714,12707,12708,12707,1,-1
2020-09-01 15:48:18.660,12706,12707,12707,1,1
2020-09-01 15:48:30.191,12706,12707,12707,5,5
2020-09-01 15:48:32.447,12706,12708,12708,1,1
2020-09-01 15:48:34.932,12707,12708,12707,2,-2
2020-09-01 15:48:48.684,12706,12707,12707,2,2
2020-09-01 15:48:48.684,12706,12707,12707,2,2
2020-09-01 15:48:48.698,12707,12708,12707,2,-2
2020-09-01 15:48:48.748,12707,12708,12707,2,-2
2020-09-01 15:49:02.150,12706,12708,12708,7,7
2020-09-01 15:49:13.073,12707,12708,12708,1,1
2020-09-01 15:49:30.803,12706,12708,12706,2,-2
2020-09-01 15:49:40.323,12706,12707,12706,2,-2
2020-09-01 15:49:55.569,12706,12707,12707,2,2
2020-09-01 15:49:55.569,12706,12707,12708,2,2
2020-09-01 15:49:55.622,12706,12708,12707,1,-1
2020-09-01 15:49:56.156,12706,12707,12707,1,1
2020-09-01 15:50:04.990,12706,12707,12707,2,2
2020-09-01 15:50:04.996,12706,12707,12707,2,2
2020-09-01 15:50:05.466,12706,12707,12707,1,1
2020-09-01 15:50:20.632,12706,12707,12706,4,-4
2020-09-01 15:50:20.632,12706,12707,12706,7,-7
2020-09-01 15:50:23.130,12705,12706,12706,1,1
2020-09-01 15:50:23.130,12705,12706,12707,1,1
2020-09-01 15:50:40.941,12706,12707,12706,4,-4
2020-09-01 15:50:41.382,12706,12707,12707,2,2
2020-09-01 15:50:45.942,12706,12707,12706,1,-1
2020-09-01 15:51:00.231,12705,12706,12705,1,-1
2020-09-01 15:51:00.505,12705,12706,12705,1,-1
2020-09-01 15:51:11.448,12705,12706,12705,1,-1
2020-09-01 15:51:11.448,12705,12706,12705,5,-5
2020-09-01 15:51:11.448,12705,12706,12705,4,-4
2020-09-01 15:51:20.109,12704,12705,12704,1,-1
2020-09-01 15:51:20.233,12704,12705,12704,1,-1
2020-09-01 15:51:22.629,12704,12705,12704,1,-1
2020-09-01 15:51:23.798,12704,12705,12705,1,1
2020-09-01 15:51:25.705,12704,12706,12704,1,-1
2020-09-01 15:51:27.020,12704,12705,12704,4,-4
2020-09-01 15:51:27.020,12704,12705,12704,3,-3
2020-09-01 15:51:27.020,12704,12705,12704,2,-2
2020-09-01 15:51:27.021,12704,12705,12704,20,-20
2020-09-01 15:51:31.910,12703,12705,12703,1,-1
2020-09-01 15:51:32.148,12703,12705,12703,1,-1
2020-09-01 15:51:35.003,12703,12704,12703,6,-6
2020-09-01 15:51:36.104,12703,12704,12703,2,-2
2020-09-01 15:51:46.023,12702,12703,12703,1,1
2020-09-01 15:51:51.918,12702,12703,12702,10,-10
2020-09-01 15:52:01.917,12701,12702,12701,6,-6
2020-09-01 15:52:02.226,12701,12702,12701,1,-1
2020-09-01 15:52:02.300,12701,12702,12702,2,2
2020-09-01 15:52:02.699,12701,12703,12703,1,1
2020-09-01 15:52:02.734,12701,12703,12703,1,1
2020-09-01 15:52:03.181,12701,12703,12701,1,-1
2020-09-01 15:52:05.789,12701,12703,12701,1,-1
2020-09-01 15:52:11.223,12701,12702,12701,11,-11
2020-09-01 15:52:11.919,12700,12701,12700,1,-1
2020-09-01 15:52:12.088,12700,12701,12700,2,-2
2020-09-01 15:52:12.088,12700,12701,12700,1,-1
2020-09-01 15:52:12.141,12700,12701,12700,1,-1
2020-09-01 15:52:14.319,12700,12701,12700,1,-1
2020-09-01 15:52:14.446,12700,12701,12700,1,-1
2020-09-01 15:52:14.508,12700,12701,12700,19,-19
2020-09-01 15:52:15.728,12699,12700,12700,1,1
2020-09-01 15:52:18.291,12699,12700,12699,1,-1
2020-09-01 15:52:18.589,12699,12700,12699,1,-1
2020-09-01 15:52:19.592,12699,12700,12699,1,-1
2020-09-01 15:52:19.647,12699,12700,12699,1,-1
2020-09-01 15:52:22.071,12699,12700,12699,2,-2
2020-09-01 15:52:23.384,12699,12700,12699,3,-3
2020-09-01 15:52:28.354,12698,12699,12699,1,1
2020-09-01 15:52:28.973,12698,12699,12699,1,1
2020-09-01 15:52:30.235,12698,12700,12698,6,-6
2020-09-01 15:52:32.490,12699,12700,12699,1,1
2020-09-01 15:52:32.616,12699,12700,12699,1,-1
2020-09-01 15:52:33.358,12698,12700,12698,1,-1
2020-09-01 15:52:34.471,12699,12700,12699,1,1
2020-09-01 15:52:34.694,12698,12699,12699,1,1
2020-09-01 15:52:40.738,12699,12700,12699,1,-1
2020-09-01 15:52:40.975,12699,12700,12699,1,-1
2020-09-01 15:52:43.012,12698,12700,12699,2,-2
2020-09-01 15:52:45.271,12699,12700,12699,1,-1
2020-09-01 15:52:46.641,12699,12700,12699,1,-1
2020-09-01 15:52:48.213,12699,12700,12699,1,-1
2020-09-01 15:52:52.072,12698,12699,12699,2,2
2020-09-01 15:52:53.240,12699,12700,12699,2,-2
2020-09-01 15:52:54.163,12698,12699,12699,2,2
2020-09-01 15:52:54.163,12698,12699,12699,1,1
2020-09-01 15:52:57.425,12699,12700,12700,1,1
2020-09-01 15:53:05.553,12699,12700,12699,1,-1
2020-09-01 15:53:14.585,12699,12700,12699,3,-3
2020-09-01 15:53:21.505,12699,12700,12699,1,-1
2020-09-01 15:53:28.405,12699,12700,12699,1,-1
2020-09-01 15:53:36.519,12699,12700,12700,2,2
2020-09-01 15:53:36.519,12699,12700,12700,4,4
2020-09-01 15:53:36.519,12699,12700,12700,2,2
2020-09-01 15:53:36.519,12699,12700,12700,1,1
2020-09-01 15:53:36.561,12699,12700,12701,1,1
2020-09-01 15:53:38.353,12700,12702,12700,1,-1
2020-09-01 15:53:38.751,12700,12701,12700,1,-1
2020-09-01 15:53:41.520,12700,12701,12701,1,1
2020-09-01 15:53:50.929,12700,12702,12700,1,-1
2020-09-01 15:54:05.621,12700,12701,12701,1,1
2020-09-01 15:54:07.132,12700,12701,12700,1,-1
2020-09-01 15:54:07.285,12700,12701,12701,2,2
2020-09-01 15:54:07.857,12700,12702,12700,1,-1
2020-09-01 15:54:08.393,12700,12702,12700,1,-1
2020-09-01 15:54:11.705,12700,12702,12700,1,-1
2020-09-01 15:54:16.457,12700,12702,12700,1,-1
2020-09-01 15:54:23.626,12700,12702,12700,1,-1
2020-09-01 15:54:24.835,12700,12702,12700,1,-1
2020-09-01 15:54:24.875,12700,12702,12700,1,-1
2020-09-01 15:54:30.436,12700,12702,12700,2,-2
2020-09-01 15:54:34.282,12701,12702,12702,1,1
2020-09-01 15:54:39.734,12701,12702,12701,1,-1
2020-09-01 15:55:00.244,12701,12702,12702,2,2
2020-09-01 15:55:00.244,12701,12702,12702,1,1
2020-09-01 15:55:02.433,12701,12702,12701,5,-5
2020-09-01 15:55:24.612,12701,12702,12702,1,1
2020-09-01 15:55:37.354,12701,12702,12702,1,1
2020-09-01 15:55:45.133,12701,12702,12702,2,2
2020-09-01 15:55:45.133,12701,12702,12702,1,1
2020-09-01 15:55:45.133,12701,12702,12702,2,2
2020-09-01 15:55:50.081,12702,12703,12702,1,-1
2020-09-01 15:56:02.232,12702,12703,12703,4,4
2020-09-01 15:56:02.362,12702,12703,12703,1,1
2020-09-01 15:56:02.611,12702,12703,12702,1,-1
2020-09-01 15:56:05.296,12702,12703,12703,1,1
2020-09-01 15:56:09.660,12703,12704,12704,2,2
2020-09-01 15:56:14.353,12703,12705,12705,2,2
2020-09-01 15:56:18.487,12703,12705,12703,2,-2
2020-09-01 15:56:20.500,12703,12704,12704,1,1
2020-09-01 15:56:30.751,12703,12704,12704,1,1
2020-09-01 15:56:31.193,12703,12704,12703,2,-2
2020-09-01 15:56:40.776,12703,12704,12703,1,-1
2020-09-01 15:56:46.794,12703,12704,12703,2,-2
2020-09-01 15:56:47.807,12702,12704,12704,1,1
2020-09-01 15:56:54.732,12703,12704,12703,1,-1
2020-09-01 15:56:58.740,12703,12704,12704,1,1
2020-09-01 15:57:00.537,12703,12704,12703,1,-1
2020-09-01 15:57:02.574,12702,12703,12703,1,1
2020-09-01 15:57:16.519,12701,12702,12702,1,1
2020-09-01 15:57:31.217,12702,12703,12703,1,1
2020-09-01 15:57:37.045,12702,12703,12703,1,1
2020-09-01 15:57:45.483,12703,12704,12704,1,1
2020-09-01 15:57:54.095,12703,12705,12704,10,-10
2020-09-01 15:57:54.239,12703,12705,12704,1,-1
2020-09-01 15:57:59.599,12702,12703,12702,2,-2
2020-09-01 15:58:16.992,12701,12703,12701,1,-1
2020-09-01 15:58:17.897,12701,12703,12701,1,-1
2020-09-01 15:58:21.602,12701,12702,12701,2,-2
2020-09-01 15:58:21.602,12701,12702,12701,6,-6
2020-09-01 15:58:21.602,12701,12702,12701,4,-4
2020-09-01 15:58:21.602,12701,12702,12701,1,-1
2020-09-01 15:58:21.602,12701,12702,12701,1,-1
2020-09-01 15:58:21.602,12701,12702,12701,1,-1
2020-09-01 15:58:21.858,12700,12701,12700,1,-1
2020-09-01 15:58:22.519,12700,12701,12700,29,-29
2020-09-01 15:58:22.704,12699,12700,12699,1,-1
2020-09-01 15:58:24.101,12698,12699,12698,5,-5
2020-09-01 15:58:24.101,12698,12699,12698,1,-1
2020-09-01 15:58:24.101,12698,12699,12698,4,-4
2020-09-01 15:58:24.101,12698,12699,12698,2,-2
2020-09-01 15:58:26.503,12697,12698,12698,1,1
2020-09-01 15:58:30.398,12698,12699,12698,1,-1
2020-09-01 15:58:36.254,12698,12699,12699,5,5
2020-09-01 15:58:36.254,12698,12699,12699,1,1
2020-09-01 15:58:44.340,12698,12699,12699,5,5
2020-09-01 15:58:45.004,12698,12700,12698,1,-1
2020-09-01 15:58:49.461,12699,12700,12699,2,2
2020-09-01 15:58:49.496,12699,12700,12699,1,-1
2020-09-01 15:58:50.202,12698,12699,12698,1,-1
2020-09-01 15:58:55.506,12698,12699,12699,1,1
2020-09-01 15:59:02.226,12698,12700,12698,1,-1
2020-09-01 15:59:09.446,12698,12700,12698,1,-1
2020-09-01 15:59:10.223,12698,12700,12698,1,-1
2020-09-01 15:59:15.272,12698,12700,12698,1,-1
2020-09-01 15:59:16.986,12698,12700,12699,1,1
2020-09-01 15:59:20.732,12698,12700,12700,1,1
2020-09-01 15:59:21.382,12698,12700,12698,3,-3
2020-09-01 15:59:33.677,12698,12699,12698,1,-1
2020-09-01 15:59:44.942,12698,12699,12698,1,-1
2020-09-01 15:59:50.420,12698,12699,12698,1,-1
2020-09-01 15:59:55.371,12698,12699,12698,3,-3
2020-09-01 15:59:57.873,12698,12699,12699,2,2
2020-09-01 15:59:58.088,12698,12700,12698,1,-1
2020-09-01 16:00:02.419,12699,12700,12700,7,7
2020-09-01 16:00:02.632,12700,12701,12701,1,1
2020-09-01 16:00:02.646,12700,12701,12702,1,1
2020-09-01 16:00:02.715,12700,12702,12702,1,1
2020-09-01 16:00:02.860,12700,12702,12702,1,1
2020-09-01 16:00:02.888,12700,12702,12702,2,2
2020-09-01 16:00:02.888,12700,12702,12702,1,1
2020-09-01 16:00:02.890,12700,12702,12702,1,1
2020-09-01 16:00:02.895,12700,12702,12703,1,1
2020-09-01 16:00:02.898,12700,12702,12703,2,2
2020-09-01 16:00:02.908,12700,12702,12703,1,1
2020-09-01 16:00:02.915,12700,12702,12703,1,1
2020-09-01 16:00:02.941,12700,12702,12703,1,1
2020-09-01 16:00:02.961,12701,12703,12703,1,1
2020-09-01 16:00:02.989,12701,12703,12701,1,-1
2020-09-01 16:00:03.036,12701,12703,12701,1,-1
2020-09-01 16:00:03.039,12701,12703,12703,2,2
2020-09-01 16:00:03.227,12701,12703,12701,1,-1
2020-09-01 16:00:03.330,12701,12703,12703,4,4
2020-09-01 16:00:03.938,12701,12703,12701,1,-1
2020-09-01 16:00:06.139,12702,12703,12702,2,2
2020-09-01 16:00:06.704,12701,12703,12703,2,2
2020-09-01 16:00:08.074,12701,12703,12701,4,-4
2020-09-01 16:00:13.748,12700,12702,12702,5,5
2020-09-01 16:00:26.706,12700,12701,12701,1,1
2020-09-01 16:00:30.650,12700,12701,12700,1,-1
2020-09-01 16:01:02.248,12700,12701,12700,5,-5
2020-09-01 16:01:02.248,12700,12701,12700,1,-1
2020-09-01 16:01:04.361,12699,12700,12699,2,-2
2020-09-01 16:01:25.321,12699,12701,12700,1,1
2020-09-01 16:01:27.434,12700,12701,12700,1,-1
2020-09-01 16:01:29.882,12700,12701,12701,2,2
2020-09-01 16:01:33.557,12700,12702,12700,1,-1
2020-09-01 16:01:34.341,12700,12701,12700,1,-1
2020-09-01 16:01:38.147,12700,12701,12700,1,-1
2020-09-01 16:01:38.898,12699,12700,12700,3,3
2020-09-01 16:01:39.146,12699,12700,12699,1,-1
2020-09-01 16:01:42.577,12699,12700,12699,1,-1
2020-09-01 16:01:44.315,12699,12700,12699,2,-2
2020-09-01 16:01:45.739,12698,12699,12699,1,1
2020-09-01 16:01:48.503,12698,12700,12698,1,-1
2020-09-01 16:02:02.652,12699,12700,12699,1,1
2020-09-01 16:02:06.949,12699,12700,12699,5,-5
2020-09-01 16:02:06.949,12699,12700,12699,3,-3
2020-09-01 16:02:14.819,12698,12699,12699,1,1
2020-09-01 16:02:24.154,12698,12699,12698,1,-1
2020-09-01 16:02:29.386,12698,12699,12698,1,-1
2020-09-01 16:02:33.581,12698,12699,12698,1,-1
2020-09-01 16:02:43.424,12698,12699,12699,2,2
2020-09-01 16:02:43.425,12698,12699,12699,1,1
2020-09-01 16:02:55.305,12698,12699,12699,2,2
2020-09-01 16:02:58.904,12699,12700,12699,1,-1
2020-09-01 16:02:59.636,12699,12700,12699,1,-1
2020-09-01 16:03:19.816,12698,12700,12700,1,1
2020-09-01 16:03:20.579,12699,12700,12699,2,-2
2020-09-01 16:03:37.169,12698,12699,12698,1,-1
2020-09-01 16:03:43.680,12698,12699,12698,1,-1
2020-09-01 16:03:47.246,12698,12699,12698,3,-3
2020-09-01 16:03:47.246,12698,12699,12698,2,-2
2020-09-01 16:03:47.246,12698,12699,12698,2,-2
2020-09-01 16:03:47.246,12698,12699,12698,4,-4
2020-09-01 16:03:47.246,12698,12699,12698,3,-3
2020-09-01 16:03:47.246,12698,12699,12698,6,-6
