2019-06-20 15:00:00.042,10601,10602,10602,86
2019-06-20 15:00:00.044,10601,10602,10602,1
2019-06-20 15:00:00.134,10601,10602,10601,3
2019-06-20 15:00:00.289,10601,10602,10602,1
2019-06-20 15:00:00.425,10601,10602,10602,2
2019-06-20 15:00:00.425,10601,10602,10603,2
2019-06-20 15:00:00.467,10601,10602,10601,1
2019-06-20 15:00:00.547,10601,10602,10601,1
2019-06-20 15:00:00.633,10601,10602,10602,1
2019-06-20 15:00:00.722,10601,10602,10601,1
2019-06-20 15:00:00.725,10601,10602,10601,1
2019-06-20 15:00:00.782,10601,10602,10601,1
2019-06-20 15:00:00.798,10601,10602,10601,1
2019-06-20 15:00:00.798,10601,10602,10601,1
2019-06-20 15:00:01.039,10601,10602,10602,2
2019-06-20 15:00:01.043,10601,10602,10602,2
2019-06-20 15:00:01.045,10601,10602,10602,3
2019-06-20 15:00:01.047,10601,10602,10602,2
2019-06-20 15:00:01.117,10602,10603,10603,2
2019-06-20 15:00:01.266,10602,10603,10603,3
2019-06-20 15:00:01.776,10602,10603,10602,2
2019-06-20 15:00:01.860,10602,10603,10602,1
2019-06-20 15:00:02.254,10601,10603,10601,1
2019-06-20 15:00:02.278,10601,10603,10601,1
2019-06-20 15:00:02.351,10601,10603,10601,1
2019-06-20 15:00:02.446,10601,10603,10601,1
2019-06-20 15:00:02.463,10601,10603,10603,4
2019-06-20 15:00:03.858,10602,10603,10602,1
2019-06-20 15:00:04.075,10602,10603,10602,1
2019-06-20 15:00:04.868,10602,10603,10603,1
2019-06-20 15:00:04.961,10602,10603,10603,5
2019-06-20 15:00:05.263,10603,10604,10603,2
2019-06-20 15:00:05.907,10602,10603,10602,1
2019-06-20 15:00:07.362,10602,10603,10602,1
2019-06-20 15:00:07.480,10602,10603,10602,4
2019-06-20 15:00:07.562,10602,10603,10603,2
2019-06-20 15:00:09.812,10602,10603,10603,13
2019-06-20 15:00:09.996,10603,10604,10603,2
2019-06-20 15:00:10.154,10603,10604,10603,1
2019-06-20 15:00:11.140,10603,10604,10603,1
2019-06-20 15:00:11.324,10603,10604,10603,2
2019-06-20 15:00:11.485,10603,10604,10603,2
2019-06-20 15:00:11.525,10603,10604,10603,1
2019-06-20 15:00:11.576,10603,10604,10603,3
2019-06-20 15:00:11.743,10603,10604,10603,1
2019-06-20 15:00:11.743,10603,10604,10602,1
2019-06-20 15:00:11.764,10603,10604,10602,1
2019-06-20 15:00:12.025,10602,10603,10602,3
2019-06-20 15:00:12.839,10602,10603,10603,4
2019-06-20 15:00:13.877,10602,10603,10603,1
2019-06-20 15:00:14.024,10602,10603,10603,1
2019-06-20 15:00:14.324,10603,10604,10603,1
2019-06-20 15:00:15.108,10603,10604,10603,1
2019-06-20 15:00:15.680,10602,10604,10603,1
2019-06-20 15:00:15.907,10603,10604,10603,1
2019-06-20 15:00:16.427,10602,10604,10602,1
2019-06-20 15:00:19.550,10602,10603,10602,1
2019-06-20 15:00:22.591,10602,10603,10603,2
2019-06-20 15:00:22.857,10602,10603,10602,2
2019-06-20 15:00:23.255,10602,10603,10602,1
2019-06-20 15:00:23.779,10602,10603,10602,1
2019-06-20 15:00:26.468,10602,10603,10603,10
2019-06-20 15:00:26.559,10602,10603,10602,1
2019-06-20 15:00:29.420,10602,10603,10602,2
2019-06-20 15:00:29.510,10602,10603,10602,1
2019-06-20 15:00:30.795,10602,10603,10602,1
2019-06-20 15:00:31.516,10602,10603,10603,1
2019-06-20 15:00:31.585,10602,10603,10603,2
2019-06-20 15:00:31.735,10602,10603,10602,1
2019-06-20 15:00:31.783,10602,10603,10603,1
2019-06-20 15:00:31.951,10602,10603,10603,1
2019-06-20 15:00:32.085,10602,10603,10603,5
2019-06-20 15:00:32.094,10602,10603,10603,1
2019-06-20 15:00:32.130,10602,10603,10602,1
2019-06-20 15:00:32.277,10602,10603,10603,1
2019-06-20 15:00:32.490,10602,10603,10602,1
2019-06-20 15:00:32.606,10602,10603,10602,1
2019-06-20 15:00:32.739,10602,10603,10603,3
2019-06-20 15:00:34.518,10603,10604,10603,1
2019-06-20 15:00:36.690,10603,10604,10604,1
2019-06-20 15:00:36.869,10603,10604,10603,1
2019-06-20 15:00:37.687,10603,10604,10603,1
2019-06-20 15:00:39.408,10603,10604,10604,1
2019-06-20 15:00:39.581,10603,10604,10604,1
2019-06-20 15:00:39.776,10603,10604,10604,1
2019-06-20 15:00:41.322,10603,10604,10604,1
2019-06-20 15:00:41.921,10603,10604,10604,2
2019-06-20 15:00:42.472,10603,10604,10603,1
2019-06-20 15:00:43.523,10603,10604,10604,2
2019-06-20 15:00:43.523,10603,10604,10604,2
2019-06-20 15:00:43.524,10603,10604,10604,2
2019-06-20 15:00:43.524,10603,10604,10604,2
2019-06-20 15:00:43.524,10603,10604,10604,2
2019-06-20 15:00:43.610,10603,10604,10604,14
2019-06-20 15:00:43.610,10603,10604,10604,1
2019-06-20 15:00:43.610,10603,10604,10604,4
2019-06-20 15:00:43.735,10603,10605,10604,2
2019-06-20 15:00:43.735,10603,10605,10604,2
2019-06-20 15:00:43.767,10603,10605,10604,26
2019-06-20 15:00:44.190,10604,10605,10605,9
2019-06-20 15:00:44.270,10604,10605,10605,2
2019-06-20 15:00:44.279,10604,10605,10605,7
2019-06-20 15:00:44.311,10604,10605,10605,1
2019-06-20 15:00:44.622,10604,10605,10605,1
2019-06-20 15:00:44.800,10604,10605,10605,1
2019-06-20 15:00:44.878,10604,10605,10605,1
2019-06-20 15:00:44.919,10604,10605,10605,7
2019-06-20 15:00:44.925,10604,10605,10605,1
2019-06-20 15:00:45.151,10605,10606,10605,1
2019-06-20 15:00:45.383,10605,10606,10606,1
2019-06-20 15:00:45.510,10605,10606,10606,5
2019-06-20 15:00:45.781,10605,10606,10606,1
2019-06-20 15:00:45.796,10605,10606,10606,12
2019-06-20 15:00:46.410,10605,10606,10606,1
2019-06-20 15:00:46.678,10605,10606,10606,1
2019-06-20 15:00:46.749,10605,10606,10605,1
2019-06-20 15:00:46.813,10605,10606,10606,5
2019-06-20 15:00:47.101,10605,10606,10606,1
2019-06-20 15:00:47.182,10605,10606,10606,5
2019-06-20 15:00:47.396,10605,10606,10606,1
2019-06-20 15:00:47.776,10605,10606,10606,1
2019-06-20 15:00:47.820,10605,10606,10606,1
2019-06-20 15:00:48.230,10605,10606,10606,1
2019-06-20 15:00:48.554,10605,10606,10606,1
2019-06-20 15:00:50.965,10605,10606,10605,1
2019-06-20 15:00:51.403,10605,10606,10606,5
2019-06-20 15:00:51.667,10605,10606,10606,5
2019-06-20 15:00:52.858,10605,10606,10606,2
2019-06-20 15:00:53.086,10605,10607,10607,3
2019-06-20 15:00:53.360,10605,10607,10607,1
2019-06-20 15:00:54.448,10605,10606,10605,1
2019-06-20 15:00:54.692,10605,10606,10606,1
2019-06-20 15:00:55.051,10605,10606,10606,1
2019-06-20 15:00:55.986,10605,10606,10605,1
2019-06-20 15:00:56.494,10605,10606,10606,1
2019-06-20 15:00:56.765,10605,10606,10605,10
2019-06-20 15:00:56.978,10605,10606,10606,5
2019-06-20 15:00:57.759,10606,10607,10607,1
2019-06-20 15:00:57.948,10605,10607,10606,1
2019-06-20 15:00:58.005,10606,10607,10606,3
2019-06-20 15:00:58.860,10605,10606,10606,1
2019-06-20 15:00:59.282,10605,10606,10606,1
2019-06-20 15:01:00.059,10605,10606,10606,5
2019-06-20 15:01:00.096,10605,10606,10606,8
2019-06-20 15:01:00.132,10605,10607,10607,5
2019-06-20 15:01:00.151,10605,10607,10606,2
2019-06-20 15:01:00.153,10605,10607,10606,1
2019-06-20 15:01:00.153,10605,10607,10607,6
2019-06-20 15:01:00.153,10605,10607,10608,1
2019-06-20 15:01:00.156,10605,10607,10606,2
2019-06-20 15:01:00.158,10605,10607,10606,1
2019-06-20 15:01:00.158,10605,10607,10608,11
2019-06-20 15:01:00.158,10605,10607,10608,2
2019-06-20 15:01:00.174,10605,10607,10606,3
2019-06-20 15:01:00.174,10605,10607,10608,5
2019-06-20 15:01:00.231,10605,10607,10608,3
2019-06-20 15:01:00.298,10605,10608,10608,1
2019-06-20 15:01:00.372,10606,10608,10606,6
2019-06-20 15:01:00.437,10606,10608,10607,2
2019-06-20 15:01:00.485,10606,10607,10607,3
2019-06-20 15:01:00.488,10606,10607,10606,1
2019-06-20 15:01:00.576,10606,10607,10607,1
2019-06-20 15:01:00.924,10607,10608,10608,8
2019-06-20 15:01:00.924,10607,10608,10608,8
2019-06-20 15:01:00.980,10607,10608,10608,4
2019-06-20 15:01:00.980,10607,10608,10609,2
2019-06-20 15:01:00.986,10607,10609,10609,5
2019-06-20 15:01:00.993,10607,10609,10609,5
2019-06-20 15:01:01.079,10607,10609,10608,1
2019-06-20 15:01:01.110,10607,10608,10608,2
2019-06-20 15:01:01.257,10608,10609,10609,1
2019-06-20 15:01:01.265,10608,10609,10609,2
2019-06-20 15:01:01.265,10608,10609,10609,1
2019-06-20 15:01:01.282,10608,10609,10609,1
2019-06-20 15:01:01.298,10608,10609,10609,1
2019-06-20 15:01:01.373,10608,10609,10609,2
2019-06-20 15:01:01.985,10609,10610,10609,3
2019-06-20 15:01:02.073,10609,10610,10609,1
2019-06-20 15:01:02.110,10609,10610,10609,2
2019-06-20 15:01:02.126,10609,10610,10609,1
2019-06-20 15:01:02.238,10609,10610,10609,1
2019-06-20 15:01:02.850,10608,10609,10609,4
2019-06-20 15:01:02.974,10608,10609,10608,1
2019-06-20 15:01:04.645,10608,10609,10608,1
2019-06-20 15:01:05.408,10608,10609,10608,2
2019-06-20 15:01:05.950,10608,10609,10608,1
2019-06-20 15:01:06.947,10608,10609,10608,2
2019-06-20 15:01:07.202,10608,10609,10608,1
2019-06-20 15:01:08.492,10608,10609,10608,2
2019-06-20 15:01:08.979,10607,10609,10607,1
2019-06-20 15:01:09.199,10607,10609,10608,6
2019-06-20 15:01:09.503,10607,10608,10608,1
2019-06-20 15:01:09.630,10607,10608,10608,1
2019-06-20 15:01:11.398,10607,10608,10608,1
2019-06-20 15:01:11.881,10607,10608,10608,1
2019-06-20 15:01:15.359,10607,10608,10607,1
2019-06-20 15:01:15.696,10607,10608,10608,3
2019-06-20 15:01:17.052,10607,10608,10607,1
2019-06-20 15:01:18.263,10607,10608,10607,1
2019-06-20 15:01:19.124,10606,10608,10606,1
2019-06-20 15:01:21.122,10607,10608,10607,1
2019-06-20 15:01:21.223,10607,10608,10607,1
2019-06-20 15:01:22.801,10606,10608,10607,1
2019-06-20 15:01:24.329,10606,10607,10606,1
2019-06-20 15:01:27.979,10606,10607,10606,1
2019-06-20 15:01:28.139,10606,10607,10607,1
2019-06-20 15:01:28.966,10607,10608,10608,1
2019-06-20 15:01:29.006,10607,10608,10607,1
2019-06-20 15:01:29.664,10607,10608,10607,1
2019-06-20 15:01:29.724,10607,10608,10607,2
2019-06-20 15:01:29.783,10606,10607,10606,1
2019-06-20 15:01:30.121,10607,10608,10607,2
2019-06-20 15:01:30.932,10606,10607,10607,1
2019-06-20 15:01:31.966,10606,10607,10606,1
2019-06-20 15:01:31.987,10606,10607,10607,5
2019-06-20 15:01:31.990,10606,10607,10607,3
2019-06-20 15:01:31.993,10606,10607,10607,3
2019-06-20 15:01:31.997,10606,10607,10607,3
2019-06-20 15:01:32.001,10606,10607,10607,1
2019-06-20 15:01:32.403,10606,10607,10607,1
2019-06-20 15:01:34.599,10606,10607,10606,1
2019-06-20 15:01:34.773,10606,10607,10606,3
2019-06-20 15:01:36.331,10606,10607,10607,4
2019-06-20 15:01:36.385,10606,10607,10606,4
2019-06-20 15:01:36.793,10606,10607,10607,1
2019-06-20 15:01:38.950,10606,10607,10606,1
2019-06-20 15:01:39.450,10606,10607,10606,1
2019-06-20 15:01:40.896,10606,10607,10606,1
2019-06-20 15:01:41.703,10606,10607,10606,1
2019-06-20 15:01:43.559,10606,10607,10607,10
2019-06-20 15:01:45.480,10606,10607,10606,1
2019-06-20 15:01:45.742,10606,10607,10606,3
2019-06-20 15:01:46.196,10606,10607,10606,1
2019-06-20 15:01:47.284,10606,10607,10607,1
2019-06-20 15:01:50.096,10606,10607,10607,1
2019-06-20 15:01:50.958,10606,10607,10607,3
2019-06-20 15:01:57.001,10606,10607,10606,2
2019-06-20 15:01:58.609,10606,10607,10606,1
2019-06-20 15:01:59.953,10606,10607,10606,7
2019-06-20 15:02:00.059,10605,10607,10607,3
2019-06-20 15:02:00.065,10605,10607,10607,10
2019-06-20 15:02:00.088,10605,10607,10607,3
2019-06-20 15:02:00.088,10605,10607,10607,4
2019-06-20 15:02:00.089,10605,10607,10608,4
2019-06-20 15:02:00.125,10605,10608,10608,3
2019-06-20 15:02:04.989,10606,10607,10607,1
2019-06-20 15:02:05.257,10606,10607,10607,1
2019-06-20 15:02:07.286,10606,10607,10606,1
2019-06-20 15:02:07.403,10606,10607,10607,1
2019-06-20 15:02:10.117,10606,10607,10607,1
2019-06-20 15:02:10.383,10606,10607,10607,1
2019-06-20 15:02:11.033,10606,10607,10607,2
2019-06-20 15:02:14.096,10606,10607,10607,1
2019-06-20 15:02:14.402,10606,10607,10607,1
2019-06-20 15:02:14.808,10606,10607,10607,4
2019-06-20 15:02:14.996,10607,10608,10607,1
2019-06-20 15:02:15.415,10606,10607,10606,4
2019-06-20 15:02:15.545,10606,10607,10606,2
2019-06-20 15:02:15.945,10606,10607,10607,5
2019-06-20 15:02:16.801,10607,10608,10607,1
2019-06-20 15:02:17.979,10607,10608,10607,1
2019-06-20 15:02:18.380,10607,10608,10607,1
2019-06-20 15:02:19.527,10607,10608,10607,1
2019-06-20 15:02:19.904,10607,10608,10607,1
2019-06-20 15:02:20.015,10607,10608,10607,2
2019-06-20 15:02:23.842,10606,10607,10607,1
2019-06-20 15:02:25.497,10606,10607,10607,1
2019-06-20 15:02:26.488,10606,10607,10607,1
2019-06-20 15:02:28.327,10606,10607,10607,1
2019-06-20 15:02:28.432,10606,10607,10607,6
2019-06-20 15:02:29.504,10607,10608,10607,1
2019-06-20 15:02:29.860,10607,10608,10607,2
2019-06-20 15:02:32.346,10607,10608,10607,4
2019-06-20 15:02:33.149,10607,10608,10607,1
2019-06-20 15:02:34.366,10607,10608,10607,1
2019-06-20 15:02:36.006,10607,10608,10608,1
2019-06-20 15:02:36.348,10607,10608,10607,4
2019-06-20 15:02:43.200,10607,10608,10608,1
2019-06-20 15:02:43.247,10607,10608,10607,4
2019-06-20 15:02:43.348,10607,10608,10608,1
2019-06-20 15:02:43.535,10607,10608,10608,1
2019-06-20 15:02:43.716,10607,10608,10608,1
2019-06-20 15:02:44.486,10607,10608,10607,1
2019-06-20 15:02:48.236,10607,10608,10608,4
2019-06-20 15:02:48.783,10607,10608,10607,1
2019-06-20 15:02:49.464,10607,10608,10607,3
2019-06-20 15:02:50.623,10607,10608,10608,1
2019-06-20 15:02:50.996,10607,10608,10608,1
2019-06-20 15:02:51.925,10607,10608,10607,1
2019-06-20 15:02:51.956,10607,10608,10607,4
2019-06-20 15:02:54.115,10607,10608,10607,1
2019-06-20 15:02:54.789,10607,10608,10608,1
2019-06-20 15:02:55.271,10607,10608,10607,2
2019-06-20 15:02:59.457,10607,10608,10607,5
2019-06-20 15:03:00.058,10606,10607,10607,3
2019-06-20 15:03:00.077,10606,10607,10607,2
2019-06-20 15:03:00.081,10606,10607,10607,2
2019-06-20 15:03:00.081,10606,10607,10608,1
2019-06-20 15:03:02.586,10606,10607,10607,1
2019-06-20 15:03:02.679,10606,10607,10607,1
2019-06-20 15:03:05.298,10607,10608,10607,2
2019-06-20 15:03:05.314,10607,10608,10608,1
2019-06-20 15:03:05.323,10607,10608,10606,1
2019-06-20 15:03:13.927,10606,10607,10607,3
2019-06-20 15:03:16.701,10606,10607,10607,1
2019-06-20 15:03:22.287,10606,10607,10607,1
2019-06-20 15:03:25.252,10606,10607,10607,1
2019-06-20 15:03:25.326,10606,10607,10606,15
2019-06-20 15:03:34.944,10606,10607,10607,1
2019-06-20 15:03:38.994,10606,10607,10607,4
2019-06-20 15:03:42.089,10606,10607,10607,2
2019-06-20 15:03:42.399,10607,10608,10607,3
2019-06-20 15:03:42.921,10607,10608,10607,1
2019-06-20 15:03:50.191,10607,10608,10607,1
2019-06-20 15:03:52.062,10607,10608,10607,1
2019-06-20 15:03:54.601,10607,10608,10607,1
2019-06-20 15:03:56.867,10607,10608,10607,3
2019-06-20 15:03:59.886,10606,10607,10607,1
2019-06-20 15:04:00.059,10606,10607,10607,3
2019-06-20 15:04:00.066,10606,10607,10608,3
2019-06-20 15:04:00.263,10607,10608,10608,6
2019-06-20 15:04:02.345,10607,10608,10607,1
2019-06-20 15:04:03.734,10607,10608,10607,1
2019-06-20 15:04:06.622,10607,10608,10607,1
2019-06-20 15:04:16.068,10607,10608,10607,1
2019-06-20 15:04:16.071,10607,10608,10607,4
2019-06-20 15:04:16.783,10607,10608,10607,8
2019-06-20 15:04:16.860,10607,10608,10607,1
2019-06-20 15:04:21.167,10606,10607,10607,1
2019-06-20 15:04:28.645,10606,10607,10606,1
2019-06-20 15:04:29.460,10606,10607,10607,2
2019-06-20 15:04:30.531,10606,10607,10607,1
2019-06-20 15:04:41.332,10606,10607,10606,2
2019-06-20 15:04:43.866,10606,10607,10607,1
2019-06-20 15:04:46.067,10606,10607,10607,1
2019-06-20 15:04:47.288,10606,10607,10607,1
2019-06-20 15:04:48.874,10606,10607,10607,1
2019-06-20 15:04:50.657,10606,10607,10606,2
2019-06-20 15:04:53.663,10606,10607,10606,1
2019-06-20 15:05:00.096,10606,10607,10607,4
2019-06-20 15:05:02.295,10606,10607,10607,1
2019-06-20 15:05:02.695,10606,10607,10607,1
2019-06-20 15:05:05.372,10606,10607,10607,1
2019-06-20 15:05:07.543,10606,10607,10607,2
2019-06-20 15:05:08.616,10606,10607,10606,1
2019-06-20 15:05:19.032,10606,10607,10606,2
2019-06-20 15:05:21.782,10606,10607,10607,10
2019-06-20 15:05:24.437,10606,10607,10607,4
2019-06-20 15:05:24.738,10607,10608,10607,1
2019-06-20 15:05:26.607,10606,10607,10606,1
2019-06-20 15:05:30.153,10606,10607,10606,1
2019-06-20 15:05:31.608,10606,10607,10606,5
2019-06-20 15:05:35.718,10606,10607,10606,1
2019-06-20 15:05:41.769,10606,10607,10606,1
2019-06-20 15:05:42.071,10606,10607,10607,1
2019-06-20 15:05:47.198,10606,10607,10607,5
2019-06-20 15:05:50.310,10606,10607,10607,1
2019-06-20 15:05:57.408,10606,10607,10607,1
2019-06-20 15:05:59.237,10606,10607,10607,1
2019-06-20 15:05:59.933,10606,10607,10607,3
2019-06-20 15:06:02.019,10606,10607,10607,1
2019-06-20 15:06:10.449,10606,10607,10607,3
2019-06-20 15:06:10.779,10606,10607,10607,3
2019-06-20 15:06:12.809,10606,10607,10607,1
2019-06-20 15:06:18.382,10606,10607,10606,1
2019-06-20 15:06:21.142,10606,10607,10606,1
2019-06-20 15:06:21.744,10606,10607,10607,1
2019-06-20 15:06:25.768,10606,10607,10607,1
2019-06-20 15:06:28.069,10606,10607,10607,1
2019-06-20 15:06:31.465,10606,10607,10606,2
2019-06-20 15:06:32.850,10606,10607,10607,1
2019-06-20 15:06:32.972,10606,10607,10606,5
2019-06-20 15:06:34.027,10606,10607,10606,1
2019-06-20 15:06:37.206,10606,10607,10607,17
2019-06-20 15:06:38.215,10607,10608,10608,1
2019-06-20 15:06:38.674,10607,10608,10607,1
2019-06-20 15:06:38.674,10607,10608,10607,1
2019-06-20 15:06:38.735,10607,10608,10607,1
2019-06-20 15:06:38.735,10607,10608,10607,3
2019-06-20 15:06:38.860,10607,10608,10607,1
2019-06-20 15:06:38.860,10607,10608,10607,1
2019-06-20 15:06:39.969,10606,10607,10606,1
2019-06-20 15:06:43.206,10606,10607,10607,1
2019-06-20 15:06:44.213,10606,10608,10607,1
2019-06-20 15:06:44.405,10606,10608,10608,1
2019-06-20 15:06:49.833,10606,10607,10607,1
2019-06-20 15:06:51.903,10606,10607,10607,2
2019-06-20 15:06:53.290,10606,10607,10607,1
2019-06-20 15:07:02.775,10606,10607,10607,1
2019-06-20 15:07:02.776,10606,10607,10607,1
2019-06-20 15:07:02.777,10606,10607,10607,9
2019-06-20 15:07:02.777,10606,10607,10607,7
2019-06-20 15:07:06.411,10607,10608,10607,6
2019-06-20 15:07:09.781,10607,10608,10607,1
2019-06-20 15:07:10.109,10607,10608,10607,1
2019-06-20 15:07:16.224,10607,10608,10607,1
2019-06-20 15:07:16.538,10607,10608,10607,2
2019-06-20 15:07:27.426,10607,10608,10607,1
2019-06-20 15:07:27.559,10607,10608,10607,1
2019-06-20 15:07:32.694,10607,10608,10608,1
2019-06-20 15:07:33.360,10607,10608,10607,9
2019-06-20 15:07:36.197,10607,10608,10607,3
2019-06-20 15:07:38.053,10607,10608,10607,1
2019-06-20 15:07:41.392,10606,10607,10607,3
2019-06-20 15:07:45.368,10607,10608,10607,1
2019-06-20 15:07:51.668,10607,10608,10607,1
2019-06-20 15:07:52.551,10607,10608,10607,1
2019-06-20 15:07:53.435,10607,10608,10607,1
2019-06-20 15:07:57.545,10607,10608,10607,1
2019-06-20 15:07:58.350,10607,10608,10607,1
2019-06-20 15:07:59.261,10607,10608,10607,1
2019-06-20 15:08:06.761,10607,10608,10607,1
2019-06-20 15:08:11.249,10607,10608,10607,1
2019-06-20 15:08:13.536,10607,10608,10607,1
2019-06-20 15:08:22.890,10607,10608,10607,1
2019-06-20 15:08:25.274,10607,10608,10607,3
2019-06-20 15:08:33.877,10607,10608,10608,1
2019-06-20 15:08:37.007,10607,10608,10608,2
2019-06-20 15:08:37.709,10607,10608,10608,1
2019-06-20 15:08:42.250,10607,10608,10608,4
2019-06-20 15:08:42.265,10607,10608,10607,2
2019-06-20 15:08:45.664,10607,10608,10608,5
2019-06-20 15:08:45.753,10607,10608,10608,10
2019-06-20 15:08:46.201,10607,10608,10607,1
2019-06-20 15:08:46.344,10607,10608,10608,5
2019-06-20 15:08:46.613,10607,10608,10608,38
2019-06-20 15:08:47.536,10608,10609,10608,1
2019-06-20 15:08:49.517,10608,10609,10609,1
2019-06-20 15:08:49.973,10608,10609,10609,1
2019-06-20 15:08:50.241,10608,10609,10609,1
2019-06-20 15:08:50.356,10608,10609,10609,1
2019-06-20 15:08:50.357,10608,10609,10609,1
2019-06-20 15:08:50.367,10608,10609,10609,1
2019-06-20 15:08:50.462,10608,10609,10609,1
2019-06-20 15:08:50.464,10608,10609,10609,1
2019-06-20 15:08:51.069,10608,10609,10608,1
2019-06-20 15:08:51.089,10608,10609,10608,2
2019-06-20 15:08:53.583,10608,10609,10608,2
2019-06-20 15:09:01.527,10608,10609,10609,5
2019-06-20 15:09:01.684,10608,10609,10609,5
2019-06-20 15:09:01.860,10608,10609,10609,4
2019-06-20 15:09:02.268,10608,10609,10609,1
2019-06-20 15:09:05.201,10608,10609,10609,1
2019-06-20 15:09:06.542,10608,10609,10609,2
2019-06-20 15:09:07.120,10608,10609,10609,1
2019-06-20 15:09:07.545,10608,10609,10609,1
2019-06-20 15:09:09.325,10608,10609,10609,1
2019-06-20 15:09:11.488,10608,10609,10609,2
2019-06-20 15:09:13.100,10608,10609,10609,1
2019-06-20 15:09:13.734,10608,10609,10609,1
2019-06-20 15:09:14.739,10608,10609,10609,1
2019-06-20 15:09:16.677,10608,10609,10608,1
2019-06-20 15:09:24.259,10608,10609,10608,3
2019-06-20 15:09:25.640,10608,10609,10609,9
2019-06-20 15:09:32.792,10608,10609,10608,1
2019-06-20 15:09:35.584,10608,10609,10609,1
2019-06-20 15:09:38.737,10608,10609,10609,7
2019-06-20 15:09:47.125,10609,10610,10609,1
2019-06-20 15:09:59.436,10609,10610,10609,1
2019-06-20 15:10:00.456,10609,10610,10610,1
2019-06-20 15:10:00.513,10609,10610,10610,1
2019-06-20 15:10:00.567,10609,10610,10610,5
2019-06-20 15:10:00.576,10609,10610,10610,5
2019-06-20 15:10:00.576,10609,10610,10610,5
2019-06-20 15:10:01.315,10609,10610,10610,5
2019-06-20 15:10:01.360,10609,10610,10610,3
2019-06-20 15:10:01.374,10609,10610,10610,1
2019-06-20 15:10:01.400,10609,10610,10610,49
2019-06-20 15:10:01.487,10610,10611,10610,5
2019-06-20 15:10:01.674,10610,10611,10611,1
2019-06-20 15:10:01.985,10610,10611,10611,6
2019-06-20 15:10:01.999,10610,10611,10611,2
2019-06-20 15:10:02.000,10610,10611,10611,2
2019-06-20 15:10:02.000,10610,10611,10611,2
2019-06-20 15:10:02.007,10610,10611,10611,4
2019-06-20 15:10:02.007,10610,10611,10612,1
2019-06-20 15:10:02.112,10611,10612,10611,5
2019-06-20 15:10:02.144,10611,10612,10612,1
2019-06-20 15:10:02.167,10611,10612,10612,1
2019-06-20 15:10:02.323,10611,10612,10612,1
2019-06-20 15:10:02.346,10611,10612,10612,1
2019-06-20 15:10:02.389,10611,10612,10612,2
2019-06-20 15:10:02.521,10611,10612,10612,4
2019-06-20 15:10:02.600,10611,10612,10612,5
2019-06-20 15:10:02.646,10611,10612,10612,2
2019-06-20 15:10:03.116,10611,10612,10612,5
2019-06-20 15:10:03.444,10611,10612,10612,1
2019-06-20 15:10:08.152,10611,10612,10611,1
2019-06-20 15:10:08.952,10611,10612,10612,2
2019-06-20 15:10:10.976,10611,10612,10612,1
2019-06-20 15:10:12.579,10611,10612,10611,1
2019-06-20 15:10:12.706,10611,10612,10611,1
2019-06-20 15:10:13.377,10611,10612,10612,5
2019-06-20 15:10:16.066,10611,10612,10611,1
2019-06-20 15:10:16.727,10611,10612,10612,1
2019-06-20 15:10:16.738,10611,10612,10612,10
2019-06-20 15:10:16.862,10611,10612,10612,1
2019-06-20 15:10:17.303,10612,10613,10612,2
2019-06-20 15:10:17.525,10612,10613,10612,1
2019-06-20 15:10:19.211,10612,10613,10612,1
2019-06-20 15:10:19.525,10612,10613,10612,1
2019-06-20 15:10:19.995,10612,10613,10612,1
2019-06-20 15:10:20.586,10612,10613,10612,1
2019-06-20 15:10:21.101,10612,10613,10612,1
2019-06-20 15:10:21.246,10612,10613,10613,1
2019-06-20 15:10:21.421,10612,10613,10613,1
2019-06-20 15:10:21.764,10612,10613,10613,1
2019-06-20 15:10:22.663,10612,10613,10613,2
2019-06-20 15:10:22.699,10612,10613,10613,1
2019-06-20 15:10:23.067,10612,10613,10613,1
2019-06-20 15:10:23.361,10612,10613,10613,2
2019-06-20 15:10:23.828,10612,10613,10612,1
2019-06-20 15:10:23.933,10612,10613,10613,3
2019-06-20 15:10:24.703,10613,10614,10614,1
2019-06-20 15:10:24.935,10613,10614,10614,1
2019-06-20 15:10:25.122,10613,10614,10614,1
2019-06-20 15:10:25.327,10613,10614,10614,1
2019-06-20 15:10:25.394,10613,10614,10613,1
2019-06-20 15:10:25.960,10613,10614,10613,1
2019-06-20 15:10:26.154,10613,10614,10614,3
2019-06-20 15:10:26.778,10613,10614,10614,1
2019-06-20 15:10:26.884,10613,10614,10613,1
2019-06-20 15:10:27.257,10613,10614,10614,1
2019-06-20 15:10:27.853,10613,10614,10614,1
2019-06-20 15:10:28.214,10613,10614,10614,2
2019-06-20 15:10:29.312,10613,10614,10614,1
2019-06-20 15:10:29.724,10613,10614,10614,1
2019-06-20 15:10:29.803,10613,10614,10613,1
2019-06-20 15:10:29.956,10613,10614,10614,2
2019-06-20 15:10:30.264,10614,10615,10614,1
2019-06-20 15:10:30.533,10614,10615,10615,5
2019-06-20 15:10:30.698,10614,10615,10614,2
2019-06-20 15:10:31.068,10614,10615,10614,1
2019-06-20 15:10:31.086,10614,10615,10614,1
2019-06-20 15:10:31.191,10614,10615,10615,1
2019-06-20 15:10:31.711,10614,10615,10615,1
2019-06-20 15:10:31.929,10614,10615,10615,5
2019-06-20 15:10:32.073,10614,10615,10615,1
2019-06-20 15:10:32.112,10614,10615,10615,9
2019-06-20 15:10:32.236,10615,10616,10615,4
2019-06-20 15:10:32.352,10615,10616,10616,5
2019-06-20 15:10:32.406,10615,10616,10616,1
2019-06-20 15:10:32.531,10615,10616,10616,1
2019-06-20 15:10:32.544,10615,10616,10616,1
2019-06-20 15:10:32.853,10615,10616,10615,2
2019-06-20 15:10:33.821,10615,10616,10616,1
2019-06-20 15:10:34.164,10615,10616,10616,1
2019-06-20 15:10:34.554,10616,10617,10616,1
2019-06-20 15:10:34.732,10616,10617,10616,1
2019-06-20 15:10:34.833,10616,10617,10617,1
2019-06-20 15:10:35.872,10616,10617,10617,2
2019-06-20 15:10:36.294,10616,10617,10617,3
2019-06-20 15:10:36.547,10616,10617,10617,1
2019-06-20 15:10:36.593,10616,10617,10617,1
2019-06-20 15:10:36.695,10616,10617,10616,1
2019-06-20 15:10:38.243,10616,10617,10616,1
2019-06-20 15:10:39.008,10616,10617,10617,1
2019-06-20 15:10:39.100,10616,10617,10616,2
2019-06-20 15:10:39.613,10616,10617,10616,3
2019-06-20 15:10:40.692,10615,10616,10616,1
2019-06-20 15:10:41.318,10615,10616,10616,1
2019-06-20 15:10:41.391,10615,10616,10616,1
2019-06-20 15:10:41.925,10615,10616,10616,1
2019-06-20 15:10:41.975,10615,10616,10616,3
2019-06-20 15:10:42.125,10615,10616,10615,1
2019-06-20 15:10:42.154,10615,10616,10616,1
2019-06-20 15:10:42.736,10616,10617,10616,1
2019-06-20 15:10:43.411,10616,10617,10616,1
2019-06-20 15:10:44.684,10616,10617,10616,1
2019-06-20 15:10:44.795,10616,10617,10616,1
2019-06-20 15:10:44.900,10616,10617,10617,2
2019-06-20 15:10:45.777,10616,10617,10616,1
2019-06-20 15:10:46.223,10616,10617,10616,2
2019-06-20 15:10:47.909,10616,10617,10617,1
2019-06-20 15:10:49.763,10616,10617,10617,4
2019-06-20 15:10:50.143,10616,10617,10616,1
2019-06-20 15:10:53.734,10616,10617,10616,1
2019-06-20 15:10:53.860,10616,10617,10616,1
2019-06-20 15:10:56.497,10616,10617,10616,6
2019-06-20 15:10:56.610,10616,10617,10616,1
2019-06-20 15:10:57.389,10615,10616,10616,5
2019-06-20 15:10:57.650,10615,10616,10616,5
2019-06-20 15:10:57.736,10615,10616,10616,1
2019-06-20 15:10:58.238,10615,10616,10616,1
2019-06-20 15:11:00.518,10615,10616,10615,1
2019-06-20 15:11:00.520,10615,10616,10616,1
2019-06-20 15:11:01.367,10615,10616,10616,1
2019-06-20 15:11:02.994,10615,10616,10616,1
2019-06-20 15:11:03.846,10615,10616,10616,1
2019-06-20 15:11:04.429,10615,10616,10616,4
2019-06-20 15:11:04.625,10615,10616,10616,3
2019-06-20 15:11:05.619,10615,10616,10616,1
2019-06-20 15:11:06.963,10615,10616,10615,1
2019-06-20 15:11:08.974,10615,10616,10616,5
2019-06-20 15:11:14.197,10615,10616,10616,1
2019-06-20 15:11:16.455,10615,10616,10616,10
2019-06-20 15:11:18.000,10615,10616,10616,4
2019-06-20 15:11:19.944,10615,10616,10616,1
2019-06-20 15:11:20.723,10615,10616,10615,1
2019-06-20 15:11:20.992,10615,10616,10616,1
2019-06-20 15:11:22.283,10616,10617,10617,1
2019-06-20 15:11:22.809,10616,10617,10617,1
2019-06-20 15:11:22.823,10616,10617,10617,1
2019-06-20 15:11:22.826,10616,10617,10617,1
2019-06-20 15:11:23.301,10616,10617,10617,1
2019-06-20 15:11:23.708,10616,10617,10617,1
2019-06-20 15:11:23.734,10616,10617,10617,2
2019-06-20 15:11:23.965,10616,10617,10617,1
2019-06-20 15:11:24.006,10616,10617,10617,1
2019-06-20 15:11:24.168,10616,10617,10617,1
2019-06-20 15:11:24.198,10616,10617,10618,1
2019-06-20 15:11:24.601,10616,10618,10618,1
2019-06-20 15:11:24.627,10616,10618,10618,1
2019-06-20 15:11:25.012,10617,10618,10617,1
2019-06-20 15:11:25.171,10617,10618,10618,1
2019-06-20 15:11:25.377,10617,10618,10618,1
2019-06-20 15:11:25.388,10617,10618,10618,4
2019-06-20 15:11:25.483,10617,10618,10617,1
2019-06-20 15:11:25.541,10617,10618,10618,2
2019-06-20 15:11:27.388,10617,10618,10618,1
2019-06-20 15:11:27.396,10617,10618,10618,1
2019-06-20 15:11:28.482,10617,10618,10617,2
2019-06-20 15:11:29.021,10617,10618,10618,1
2019-06-20 15:11:30.986,10617,10618,10617,1
2019-06-20 15:11:33.353,10617,10618,10618,1
2019-06-20 15:11:33.610,10617,10618,10618,1
2019-06-20 15:11:33.791,10617,10618,10618,1
2019-06-20 15:11:34.016,10617,10618,10618,1
2019-06-20 15:11:34.277,10617,10618,10618,1
2019-06-20 15:11:34.737,10617,10618,10618,1
2019-06-20 15:11:35.793,10617,10618,10618,1
2019-06-20 15:11:36.045,10617,10618,10618,2
2019-06-20 15:11:36.045,10617,10618,10619,1
2019-06-20 15:11:36.454,10617,10619,10619,1
2019-06-20 15:11:36.690,10617,10619,10619,1
2019-06-20 15:11:36.750,10617,10619,10618,1
2019-06-20 15:11:36.924,10618,10619,10619,1
2019-06-20 15:11:36.961,10618,10619,10619,1
2019-06-20 15:11:38.079,10618,10619,10618,1
2019-06-20 15:11:39.418,10617,10618,10618,1
2019-06-20 15:11:41.690,10617,10618,10618,2
2019-06-20 15:11:42.243,10617,10618,10618,1
2019-06-20 15:11:43.863,10617,10618,10618,1
2019-06-20 15:11:45.947,10617,10618,10617,1
2019-06-20 15:11:47.421,10617,10618,10617,1
2019-06-20 15:11:47.812,10617,10618,10618,1
2019-06-20 15:11:48.168,10617,10618,10618,4
2019-06-20 15:11:50.378,10617,10618,10617,14
2019-06-20 15:11:51.239,10616,10617,10617,3
2019-06-20 15:11:54.229,10616,10617,10617,2
2019-06-20 15:11:54.605,10616,10617,10617,1
2019-06-20 15:11:56.436,10616,10617,10616,1
2019-06-20 15:11:58.669,10616,10617,10617,4
2019-06-20 15:11:58.751,10616,10617,10617,2
2019-06-20 15:11:59.427,10616,10617,10617,1
2019-06-20 15:11:59.775,10616,10617,10617,1
2019-06-20 15:12:03.712,10616,10617,10617,1
2019-06-20 15:12:03.897,10616,10617,10617,1
2019-06-20 15:12:03.897,10616,10617,10618,3
2019-06-20 15:12:04.009,10616,10618,10618,4
2019-06-20 15:12:04.010,10616,10618,10618,4
2019-06-20 15:12:04.011,10616,10618,10618,3
2019-06-20 15:12:04.012,10616,10618,10618,2
2019-06-20 15:12:04.022,10616,10618,10618,5
2019-06-20 15:12:04.042,10616,10618,10618,5
2019-06-20 15:12:04.045,10616,10618,10618,5
2019-06-20 15:12:04.050,10616,10618,10618,4
2019-06-20 15:12:04.050,10616,10618,10619,1
2019-06-20 15:12:04.050,10616,10618,10619,5
2019-06-20 15:12:04.050,10616,10618,10619,5
2019-06-20 15:12:04.079,10616,10618,10619,2
2019-06-20 15:12:04.094,10616,10618,10619,6
2019-06-20 15:12:04.097,10616,10618,10619,2
2019-06-20 15:12:04.100,10616,10618,10619,1
2019-06-20 15:12:04.105,10616,10618,10619,1
2019-06-20 15:12:04.107,10616,10618,10619,2
2019-06-20 15:12:04.108,10616,10618,10619,1
2019-06-20 15:12:04.109,10616,10618,10619,2
2019-06-20 15:12:04.112,10618,10619,10618,1
2019-06-20 15:12:04.140,10618,10619,10619,1
2019-06-20 15:12:04.140,10618,10619,10619,1
2019-06-20 15:12:04.141,10618,10619,10619,1
2019-06-20 15:12:04.164,10618,10619,10620,1
2019-06-20 15:12:04.165,10618,10619,10620,1
2019-06-20 15:12:04.212,10618,10619,10620,1
2019-06-20 15:12:04.215,10618,10619,10620,1
2019-06-20 15:12:04.223,10618,10619,10620,1
2019-06-20 15:12:04.228,10618,10619,10620,2
2019-06-20 15:12:04.231,10618,10619,10620,2
2019-06-20 15:12:04.231,10618,10619,10620,2
2019-06-20 15:12:04.232,10618,10619,10620,1
2019-06-20 15:12:04.235,10619,10620,10619,1
2019-06-20 15:12:04.235,10619,10620,10619,1
2019-06-20 15:12:04.242,10619,10620,10619,1
2019-06-20 15:12:04.253,10619,10620,10619,1
2019-06-20 15:12:04.256,10619,10620,10620,1
2019-06-20 15:12:04.256,10619,10620,10620,1
2019-06-20 15:12:04.271,10619,10620,10620,1
2019-06-20 15:12:04.293,10619,10620,10620,1
2019-06-20 15:12:04.302,10619,10620,10619,1
2019-06-20 15:12:04.328,10619,10620,10620,1
2019-06-20 15:12:04.341,10619,10620,10620,1
2019-06-20 15:12:04.346,10619,10620,10620,1
2019-06-20 15:12:04.352,10619,10620,10620,2
2019-06-20 15:12:04.353,10619,10620,10620,2
2019-06-20 15:12:04.354,10619,10620,10620,4
2019-06-20 15:12:04.354,10619,10620,10620,2
2019-06-20 15:12:04.360,10619,10620,10619,1
2019-06-20 15:12:04.403,10619,10620,10620,1
2019-06-20 15:12:04.485,10619,10620,10619,6
2019-06-20 15:12:04.487,10619,10620,10620,1
2019-06-20 15:12:04.548,10619,10620,10620,3
2019-06-20 15:12:04.610,10619,10620,10619,1
2019-06-20 15:12:05.447,10618,10619,10619,1
2019-06-20 15:12:05.742,10618,10619,10618,1
2019-06-20 15:12:08.574,10617,10619,10619,1
2019-06-20 15:12:08.849,10618,10619,10619,1
2019-06-20 15:12:09.318,10618,10619,10619,1
2019-06-20 15:12:13.250,10618,10619,10619,1
2019-06-20 15:12:14.763,10618,10619,10619,1
2019-06-20 15:12:15.226,10618,10619,10619,1
2019-06-20 15:12:18.602,10618,10619,10619,2
2019-06-20 15:12:19.200,10618,10619,10619,3
2019-06-20 15:12:19.909,10618,10619,10619,1
2019-06-20 15:12:20.770,10618,10619,10619,2
2019-06-20 15:12:20.873,10618,10619,10619,1
2019-06-20 15:12:24.376,10618,10619,10618,1
2019-06-20 15:12:29.062,10618,10619,10618,1
2019-06-20 15:12:29.218,10618,10619,10618,1
2019-06-20 15:12:30.068,10618,10619,10618,1
2019-06-20 15:12:30.110,10618,10619,10618,1
2019-06-20 15:12:34.310,10618,10619,10619,5
2019-06-20 15:12:34.360,10618,10619,10619,2
2019-06-20 15:12:34.381,10618,10619,10619,2
2019-06-20 15:12:34.458,10618,10619,10619,2
2019-06-20 15:12:37.200,10619,10620,10619,2
2019-06-20 15:12:37.300,10619,10620,10619,1
2019-06-20 15:12:37.427,10619,10620,10619,12
2019-06-20 15:12:37.715,10619,10620,10619,1
2019-06-20 15:12:37.715,10619,10620,10618,4
2019-06-20 15:12:38.895,10618,10619,10619,1
2019-06-20 15:12:39.020,10618,10619,10619,1
2019-06-20 15:12:40.606,10618,10619,10619,1
2019-06-20 15:12:41.087,10618,10619,10619,1
2019-06-20 15:12:41.360,10618,10619,10619,1
2019-06-20 15:12:42.029,10618,10619,10619,3
2019-06-20 15:12:43.306,10618,10619,10618,1
2019-06-20 15:12:43.950,10618,10619,10619,1
2019-06-20 15:12:44.215,10618,10619,10619,20
2019-06-20 15:12:45.580,10618,10619,10618,2
2019-06-20 15:12:45.735,10618,10619,10618,1
2019-06-20 15:12:45.795,10618,10619,10618,2
2019-06-20 15:12:48.544,10618,10619,10619,2
2019-06-20 15:12:48.902,10618,10619,10618,1
2019-06-20 15:12:49.550,10618,10619,10618,1
2019-06-20 15:12:51.118,10618,10619,10619,6
2019-06-20 15:12:51.999,10618,10619,10619,2
2019-06-20 15:12:57.118,10618,10619,10619,2
2019-06-20 15:12:59.966,10618,10619,10619,5
2019-06-20 15:13:00.149,10619,10620,10619,1
2019-06-20 15:13:01.404,10619,10620,10619,1
2019-06-20 15:13:01.532,10619,10620,10620,2
2019-06-20 15:13:02.037,10619,10620,10619,1
2019-06-20 15:13:02.892,10619,10620,10619,1
2019-06-20 15:13:04.082,10619,10620,10620,1
2019-06-20 15:13:05.302,10619,10620,10620,1
2019-06-20 15:13:05.420,10619,10620,10620,1
2019-06-20 15:13:05.575,10619,10620,10620,1
2019-06-20 15:13:05.866,10619,10620,10619,1
2019-06-20 15:13:05.932,10619,10620,10620,1
2019-06-20 15:13:06.352,10619,10620,10620,1
2019-06-20 15:13:08.190,10619,10620,10620,1
2019-06-20 15:13:08.949,10619,10620,10620,1
2019-06-20 15:13:09.314,10619,10620,10620,1
2019-06-20 15:13:09.646,10619,10620,10620,1
2019-06-20 15:13:11.235,10619,10620,10620,1
2019-06-20 15:13:11.881,10619,10620,10620,1
2019-06-20 15:13:13.736,10619,10620,10619,1
2019-06-20 15:13:17.333,10619,10620,10620,5
2019-06-20 15:13:20.001,10619,10620,10619,2
2019-06-20 15:13:21.092,10619,10620,10619,1
2019-06-20 15:13:21.513,10619,10620,10619,1
2019-06-20 15:13:22.047,10619,10620,10620,1
2019-06-20 15:13:22.753,10619,10620,10619,1
2019-06-20 15:13:23.146,10619,10620,10619,1
2019-06-20 15:13:23.160,10619,10620,10620,3
2019-06-20 15:13:24.854,10619,10620,10619,1
2019-06-20 15:13:25.045,10619,10620,10619,1
2019-06-20 15:13:25.759,10619,10620,10620,1
2019-06-20 15:13:26.423,10619,10620,10620,1
2019-06-20 15:13:32.605,10619,10620,10620,5
2019-06-20 15:13:33.949,10619,10620,10620,1
2019-06-20 15:13:33.991,10619,10620,10620,1
2019-06-20 15:13:34.950,10619,10620,10619,2
2019-06-20 15:13:36.069,10619,10620,10619,2
2019-06-20 15:13:39.496,10619,10620,10619,1
2019-06-20 15:13:39.994,10619,10620,10619,5
2019-06-20 15:13:40.112,10619,10620,10619,1
2019-06-20 15:13:42.863,10619,10620,10619,2
2019-06-20 15:13:43.293,10619,10620,10619,1
2019-06-20 15:13:44.777,10619,10620,10619,1
2019-06-20 15:13:45.115,10619,10620,10619,2
2019-06-20 15:13:45.852,10618,10619,10618,1
2019-06-20 15:13:48.016,10618,10619,10618,1
2019-06-20 15:13:48.158,10618,10619,10619,2
2019-06-20 15:13:50.118,10618,10619,10618,39
2019-06-20 15:13:50.485,10617,10618,10617,7
2019-06-20 15:13:50.610,10617,10618,10617,5
2019-06-20 15:13:51.735,10616,10617,10617,2
2019-06-20 15:13:55.738,10616,10617,10616,2
2019-06-20 15:13:56.251,10616,10617,10617,3
2019-06-20 15:14:09.704,10616,10617,10617,1
2019-06-20 15:14:09.984,10616,10617,10617,1
2019-06-20 15:14:14.098,10616,10617,10617,1
2019-06-20 15:14:15.699,10616,10617,10616,2
2019-06-20 15:14:16.701,10616,10617,10616,2
2019-06-20 15:14:16.756,10616,10617,10617,1
2019-06-20 15:14:16.892,10616,10617,10617,2
2019-06-20 15:14:18.049,10616,10617,10616,1
2019-06-20 15:14:19.307,10616,10617,10616,2
2019-06-20 15:14:21.221,10616,10617,10617,2
2019-06-20 15:14:23.390,10616,10617,10617,1
2019-06-20 15:14:23.510,10616,10617,10617,19
2019-06-20 15:14:23.666,10617,10618,10617,1
2019-06-20 15:14:23.666,10617,10618,10617,1
2019-06-20 15:14:26.150,10616,10617,10617,1
2019-06-20 15:14:27.893,10616,10617,10617,1
2019-06-20 15:14:31.077,10617,10618,10617,1
2019-06-20 15:14:33.028,10616,10618,10618,1
2019-06-20 15:14:37.545,10617,10618,10617,1
2019-06-20 15:14:45.629,10617,10618,10617,1
2019-06-20 15:14:46.595,10617,10618,10617,1
2019-06-20 15:14:48.109,10617,10618,10617,5
2019-06-20 15:14:49.485,10617,10618,10617,8
2019-06-20 15:14:49.828,10616,10617,10617,1
2019-06-20 15:14:51.600,10616,10617,10617,1
2019-06-20 15:14:52.431,10617,10618,10618,2
2019-06-20 15:14:52.475,10617,10618,10617,1
2019-06-20 15:14:56.437,10616,10617,10616,1
2019-06-20 15:14:57.812,10616,10617,10617,1
2019-06-20 15:15:01.192,10616,10617,10616,1
2019-06-20 15:15:01.262,10616,10617,10616,1
2019-06-20 15:15:01.377,10616,10617,10616,1
2019-06-20 15:15:01.579,10616,10617,10617,2
2019-06-20 15:15:01.608,10616,10617,10617,1
2019-06-20 15:15:01.614,10616,10617,10617,1
2019-06-20 15:15:01.794,10616,10617,10617,1
2019-06-20 15:15:02.097,10616,10617,10617,1
2019-06-20 15:15:07.616,10616,10617,10617,1
2019-06-20 15:15:11.435,10616,10617,10617,1
2019-06-20 15:15:11.435,10616,10617,10617,3
2019-06-20 15:15:11.436,10616,10617,10617,2
2019-06-20 15:15:11.436,10616,10617,10617,1
2019-06-20 15:15:11.436,10616,10617,10617,3
2019-06-20 15:15:11.436,10616,10617,10617,1
2019-06-20 15:15:11.436,10616,10617,10617,1
2019-06-20 15:15:13.408,10617,10618,10617,1
2019-06-20 15:15:13.408,10617,10618,10616,14
2019-06-20 15:15:16.352,10616,10617,10617,1
2019-06-20 15:15:16.747,10616,10617,10617,1
2019-06-20 15:15:21.549,10616,10617,10616,1
2019-06-20 15:15:31.750,10616,10617,10617,1
2019-06-20 15:15:36.940,10616,10617,10617,1
2019-06-20 15:15:42.629,10616,10617,10617,1
2019-06-20 15:15:45.074,10616,10617,10617,1
2019-06-20 15:15:47.625,10616,10617,10617,1
2019-06-20 15:15:50.265,10616,10617,10617,1
2019-06-20 15:15:57.795,10616,10617,10617,1
2019-06-20 15:15:59.027,10616,10617,10617,5
2019-06-20 15:15:59.110,10616,10617,10617,1
2019-06-20 15:16:00.839,10617,10618,10617,3
2019-06-20 15:16:01.649,10617,10618,10617,1
2019-06-20 15:16:02.714,10616,10618,10618,1
2019-06-20 15:16:03.548,10616,10617,10617,6
2019-06-20 15:16:04.527,10617,10618,10617,1
2019-06-20 15:16:05.089,10617,10618,10617,2
2019-06-20 15:16:08.360,10617,10618,10618,13
2019-06-20 15:16:08.485,10617,10618,10618,6
2019-06-20 15:16:08.485,10617,10618,10618,4
2019-06-20 15:16:10.588,10617,10618,10618,1
2019-06-20 15:16:20.447,10617,10618,10618,2
2019-06-20 15:16:25.947,10617,10618,10618,1
2019-06-20 15:16:32.240,10617,10618,10618,4
2019-06-20 15:16:34.279,10617,10618,10618,2
2019-06-20 15:16:35.440,10617,10618,10618,2
2019-06-20 15:16:39.107,10617,10618,10618,1
2019-06-20 15:16:42.514,10617,10618,10618,1
2019-06-20 15:16:44.310,10617,10618,10618,1
2019-06-20 15:16:44.419,10617,10618,10618,2
2019-06-20 15:16:50.648,10617,10618,10618,2
2019-06-20 15:16:52.692,10617,10618,10618,1
2019-06-20 15:16:54.785,10617,10618,10618,15
2019-06-20 15:16:54.986,10618,10619,10618,2
2019-06-20 15:17:00.901,10618,10619,10618,1
2019-06-20 15:17:02.138,10618,10619,10618,2
2019-06-20 15:17:02.488,10617,10619,10619,1
2019-06-20 15:17:02.861,10618,10619,10618,2
2019-06-20 15:17:03.537,10617,10619,10617,1
2019-06-20 15:17:07.120,10618,10619,10619,1
2019-06-20 15:17:13.830,10618,10619,10619,1
2019-06-20 15:17:28.261,10618,10619,10619,1
2019-06-20 15:17:31.140,10618,10619,10619,1
2019-06-20 15:17:34.162,10618,10619,10618,1
2019-06-20 15:17:34.506,10618,10619,10618,1
2019-06-20 15:17:35.236,10618,10619,10618,1
2019-06-20 15:17:35.587,10618,10619,10618,1
2019-06-20 15:17:35.715,10618,10619,10618,1
2019-06-20 15:17:37.574,10617,10618,10618,1
2019-06-20 15:17:41.541,10617,10618,10617,1
2019-06-20 15:17:42.294,10617,10618,10618,1
2019-06-20 15:17:42.786,10617,10618,10618,1
2019-06-20 15:17:43.030,10617,10618,10618,1
2019-06-20 15:17:53.106,10617,10618,10618,3
2019-06-20 15:17:58.866,10617,10618,10617,1
2019-06-20 15:18:01.725,10617,10618,10618,3
2019-06-20 15:18:07.068,10617,10618,10618,2
2019-06-20 15:18:11.703,10617,10618,10618,1
2019-06-20 15:18:15.137,10617,10618,10618,2
2019-06-20 15:18:18.450,10617,10618,10618,1
2019-06-20 15:18:18.918,10617,10618,10618,1
2019-06-20 15:18:21.600,10617,10618,10618,1
2019-06-20 15:18:26.695,10617,10618,10618,2
2019-06-20 15:18:35.629,10618,10619,10618,1
2019-06-20 15:18:40.457,10618,10619,10618,1
2019-06-20 15:18:41.451,10618,10619,10618,1
2019-06-20 15:18:44.142,10618,10619,10618,1
2019-06-20 15:18:45.798,10618,10619,10619,4
2019-06-20 15:18:46.988,10618,10619,10618,4
2019-06-20 15:18:55.948,10618,10619,10618,2
2019-06-20 15:18:56.022,10618,10619,10619,5
2019-06-20 15:18:56.245,10618,10619,10618,1
2019-06-20 15:18:56.360,10618,10619,10618,3
2019-06-20 15:18:56.376,10618,10619,10618,1
2019-06-20 15:18:59.899,10618,10619,10618,1
2019-06-20 15:19:00.336,10618,10619,10618,1
2019-06-20 15:19:00.432,10618,10619,10618,1
2019-06-20 15:19:00.683,10617,10619,10619,2
2019-06-20 15:19:00.897,10617,10619,10619,1
2019-06-20 15:19:01.100,10618,10619,10618,1
2019-06-20 15:19:01.432,10618,10619,10619,3
2019-06-20 15:19:02.540,10618,10619,10618,1
2019-06-20 15:19:02.683,10618,10619,10618,1
2019-06-20 15:19:02.927,10618,10619,10618,1
2019-06-20 15:19:06.681,10617,10618,10618,1
2019-06-20 15:19:08.211,10617,10618,10618,1
2019-06-20 15:19:08.927,10617,10618,10618,1
2019-06-20 15:19:11.695,10617,10618,10618,1
2019-06-20 15:19:12.784,10617,10618,10618,1
2019-06-20 15:19:13.158,10617,10618,10618,3
2019-06-20 15:19:17.125,10617,10618,10618,1
2019-06-20 15:19:21.563,10617,10618,10618,1
2019-06-20 15:19:23.322,10617,10618,10618,1
2019-06-20 15:19:30.506,10617,10618,10617,25
2019-06-20 15:19:31.334,10617,10618,10617,2
2019-06-20 15:19:31.335,10617,10618,10617,2
2019-06-20 15:19:31.335,10617,10618,10617,4
2019-06-20 15:19:31.336,10617,10618,10617,6
2019-06-20 15:19:31.337,10617,10618,10617,2
2019-06-20 15:19:31.340,10617,10618,10617,1
2019-06-20 15:19:31.340,10617,10618,10617,1
2019-06-20 15:19:31.340,10617,10618,10617,3
2019-06-20 15:19:31.346,10617,10618,10617,1
2019-06-20 15:19:31.346,10617,10618,10617,1
2019-06-20 15:19:31.346,10617,10618,10617,1
2019-06-20 15:19:31.346,10617,10618,10617,1
2019-06-20 15:19:31.346,10617,10618,10617,1
2019-06-20 15:19:31.346,10617,10618,10617,1
2019-06-20 15:19:31.346,10617,10618,10617,2
2019-06-20 15:19:31.346,10617,10618,10617,1
2019-06-20 15:19:31.346,10617,10618,10617,1
2019-06-20 15:19:31.360,10617,10618,10617,15
2019-06-20 15:19:44.001,10616,10617,10616,1
2019-06-20 15:19:45.592,10616,10617,10617,1
2019-06-20 15:19:46.552,10616,10617,10617,1
2019-06-20 15:19:51.953,10616,10617,10617,5
2019-06-20 15:20:00.100,10616,10617,10617,1
2019-06-20 15:20:03.065,10616,10617,10617,1
2019-06-20 15:20:09.231,10617,10618,10617,1
2019-06-20 15:20:15.223,10617,10618,10617,1
2019-06-20 15:20:15.881,10617,10618,10617,15
2019-06-20 15:20:17.343,10616,10618,10617,1
2019-06-20 15:20:25.831,10616,10617,10617,1
2019-06-20 15:20:36.403,10616,10617,10616,1
2019-06-20 15:20:46.268,10616,10617,10616,25
2019-06-20 15:20:48.000,10616,10617,10616,1
2019-06-20 15:20:48.112,10616,10617,10616,43
2019-06-20 15:20:56.665,10615,10616,10616,5
2019-06-20 15:20:56.674,10615,10616,10616,1
2019-06-20 15:20:57.467,10615,10617,10616,1
2019-06-20 15:21:04.110,10616,10617,10616,1
2019-06-20 15:21:06.239,10616,10617,10616,1
2019-06-20 15:21:06.818,10616,10617,10616,2
2019-06-20 15:21:08.402,10616,10617,10616,1
2019-06-20 15:21:08.402,10616,10617,10615,1
2019-06-20 15:21:08.797,10615,10617,10615,1
2019-06-20 15:21:11.475,10615,10617,10615,1
2019-06-20 15:21:14.849,10615,10616,10615,5
2019-06-20 15:21:19.055,10615,10616,10615,1
2019-06-20 15:21:19.335,10615,10616,10615,1
2019-06-20 15:21:22.839,10615,10616,10615,1
2019-06-20 15:21:23.514,10615,10616,10615,1
2019-06-20 15:21:26.411,10615,10616,10615,7
2019-06-20 15:21:27.229,10615,10616,10615,1
2019-06-20 15:21:29.029,10615,10616,10616,5
2019-06-20 15:21:31.481,10615,10617,10615,1
2019-06-20 15:21:41.444,10615,10616,10615,1
2019-06-20 15:21:45.242,10615,10616,10616,3
2019-06-20 15:21:49.444,10615,10616,10616,5
2019-06-20 15:21:51.864,10615,10616,10616,1
2019-06-20 15:21:52.570,10615,10616,10615,1
2019-06-20 15:21:56.552,10615,10616,10615,1
2019-06-20 15:21:59.789,10615,10616,10615,1
2019-06-20 15:22:04.349,10615,10616,10615,1
2019-06-20 15:22:05.951,10615,10616,10615,1
2019-06-20 15:22:07.986,10615,10616,10615,1
2019-06-20 15:22:08.747,10615,10616,10615,1
2019-06-20 15:22:20.447,10615,10616,10615,1
2019-06-20 15:22:21.305,10615,10616,10615,1
2019-06-20 15:22:22.929,10615,10616,10616,1
2019-06-20 15:22:23.443,10615,10616,10615,1
2019-06-20 15:22:26.048,10615,10616,10615,1
2019-06-20 15:22:31.238,10615,10616,10615,1
2019-06-20 15:22:31.587,10615,10616,10615,22
2019-06-20 15:22:31.588,10615,10616,10615,1
2019-06-20 15:22:33.306,10614,10615,10615,8
2019-06-20 15:22:35.090,10615,10616,10615,1
2019-06-20 15:22:38.592,10615,10616,10615,5
2019-06-20 15:22:39.714,10615,10616,10615,1
2019-06-20 15:22:42.998,10615,10616,10615,2
2019-06-20 15:22:47.211,10615,10616,10615,2
2019-06-20 15:22:48.141,10615,10616,10615,2
2019-06-20 15:22:53.457,10615,10616,10615,1
2019-06-20 15:23:00.381,10615,10616,10615,1
2019-06-20 15:23:02.362,10615,10616,10615,1
2019-06-20 15:23:07.691,10614,10615,10615,1
2019-06-20 15:23:13.756,10614,10615,10614,1
2019-06-20 15:23:25.434,10614,10615,10614,1
2019-06-20 15:23:25.480,10614,10615,10614,1
2019-06-20 15:23:28.338,10614,10615,10614,1
2019-06-20 15:23:29.180,10614,10615,10614,3
2019-06-20 15:23:29.715,10614,10615,10614,3
2019-06-20 15:23:31.391,10614,10615,10614,1
2019-06-20 15:23:33.116,10614,10615,10614,2
2019-06-20 15:23:33.152,10614,10615,10614,1
2019-06-20 15:23:34.900,10614,10615,10614,5
2019-06-20 15:23:36.730,10614,10615,10614,2
2019-06-20 15:23:40.242,10614,10615,10614,1
2019-06-20 15:23:41.109,10614,10615,10614,7
2019-06-20 15:23:44.179,10614,10615,10614,1
2019-06-20 15:23:44.742,10614,10615,10614,1
2019-06-20 15:23:45.450,10614,10615,10614,1
2019-06-20 15:23:46.207,10614,10615,10614,2
2019-06-20 15:23:46.302,10614,10615,10614,1
2019-06-20 15:23:47.272,10614,10615,10614,1
2019-06-20 15:23:47.804,10614,10615,10614,1
2019-06-20 15:23:48.720,10613,10614,10613,1
2019-06-20 15:23:48.767,10613,10614,10613,2
2019-06-20 15:23:49.371,10613,10614,10613,1
2019-06-20 15:23:57.099,10613,10614,10614,1
2019-06-20 15:23:57.099,10613,10614,10614,1
2019-06-20 15:23:57.099,10613,10614,10614,1
2019-06-20 15:23:57.306,10614,10615,10614,1
2019-06-20 15:23:57.648,10614,10615,10614,1
2019-06-20 15:23:58.445,10614,10615,10614,1
2019-06-20 15:24:00.922,10614,10615,10614,1
2019-06-20 15:24:01.139,10614,10615,10614,1
2019-06-20 15:24:04.089,10614,10615,10614,1
2019-06-20 15:24:06.752,10613,10614,10614,1
2019-06-20 15:24:17.112,10614,10615,10615,51
2019-06-20 15:24:18.204,10615,10616,10615,1
2019-06-20 15:24:27.226,10615,10616,10616,25
2019-06-20 15:24:27.383,10616,10617,10617,2
2019-06-20 15:24:28.363,10616,10617,10617,3
2019-06-20 15:24:29.346,10616,10617,10616,1
2019-06-20 15:24:36.574,10616,10617,10616,1
2019-06-20 15:24:38.311,10616,10617,10616,1
2019-06-20 15:24:42.332,10616,10617,10617,1
2019-06-20 15:24:42.872,10616,10617,10617,1
2019-06-20 15:24:44.122,10616,10617,10617,1
2019-06-20 15:24:44.209,10616,10617,10617,1
2019-06-20 15:24:44.235,10616,10617,10617,1
2019-06-20 15:24:46.269,10616,10618,10616,1
2019-06-20 15:24:47.933,10616,10618,10616,1
2019-06-20 15:24:57.668,10617,10618,10618,1
2019-06-20 15:24:58.471,10617,10618,10618,1
2019-06-20 15:25:02.125,10617,10618,10617,1
2019-06-20 15:25:06.294,10617,10618,10618,4
2019-06-20 15:25:09.079,10617,10618,10618,5
2019-06-20 15:25:09.518,10617,10618,10618,1
2019-06-20 15:25:10.165,10617,10618,10618,1
2019-06-20 15:25:12.577,10617,10618,10618,1
2019-06-20 15:25:13.076,10617,10618,10618,1
2019-06-20 15:25:16.305,10617,10618,10618,1
2019-06-20 15:25:19.459,10617,10618,10618,2
2019-06-20 15:25:23.497,10617,10618,10618,1
2019-06-20 15:25:28.285,10617,10618,10617,1
2019-06-20 15:25:31.005,10617,10618,10617,1
2019-06-20 15:25:36.794,10617,10618,10617,1
2019-06-20 15:25:38.178,10617,10618,10617,5
2019-06-20 15:25:38.444,10616,10617,10617,1
2019-06-20 15:25:39.272,10616,10617,10617,1
2019-06-20 15:25:39.273,10616,10617,10617,1
2019-06-20 15:25:48.200,10617,10618,10617,1
2019-06-20 15:26:07.475,10616,10617,10617,1
2019-06-20 15:26:07.569,10616,10617,10617,3
2019-06-20 15:26:07.638,10616,10617,10617,1
2019-06-20 15:26:07.638,10616,10617,10618,3
2019-06-20 15:26:07.957,10616,10618,10618,2
2019-06-20 15:26:08.431,10616,10618,10616,1
2019-06-20 15:26:15.008,10616,10617,10617,1
2019-06-20 15:26:27.888,10617,10618,10617,5
2019-06-20 15:26:28.878,10616,10617,10616,1
2019-06-20 15:26:37.229,10616,10617,10616,1
2019-06-20 15:26:40.296,10616,10617,10617,1
2019-06-20 15:26:52.989,10616,10617,10617,3
2019-06-20 15:26:52.989,10616,10617,10617,3
2019-06-20 15:26:55.518,10616,10617,10616,2
2019-06-20 15:26:59.678,10616,10617,10616,1
2019-06-20 15:27:07.324,10616,10617,10617,1
2019-06-20 15:27:07.668,10616,10617,10617,4
2019-06-20 15:27:07.672,10616,10617,10617,4
2019-06-20 15:27:07.680,10616,10617,10617,1
2019-06-20 15:27:07.689,10616,10617,10617,3
2019-06-20 15:27:07.763,10616,10618,10618,6
2019-06-20 15:27:07.878,10617,10618,10618,1
2019-06-20 15:27:07.887,10617,10618,10618,1
2019-06-20 15:27:07.888,10617,10618,10618,1
2019-06-20 15:27:07.889,10617,10618,10618,1
2019-06-20 15:27:07.949,10617,10618,10618,1
2019-06-20 15:27:08.002,10617,10618,10618,1
2019-06-20 15:27:08.004,10617,10618,10618,2
2019-06-20 15:27:08.036,10617,10618,10618,1
2019-06-20 15:27:08.052,10617,10618,10618,2
2019-06-20 15:27:08.055,10617,10618,10618,4
2019-06-20 15:27:08.059,10617,10618,10618,1
2019-06-20 15:27:08.060,10617,10618,10618,2
2019-06-20 15:27:08.064,10617,10618,10618,2
2019-06-20 15:27:08.077,10617,10618,10618,1
2019-06-20 15:27:08.092,10617,10618,10618,2
2019-06-20 15:27:08.092,10617,10618,10618,3
2019-06-20 15:27:08.092,10617,10618,10618,2
2019-06-20 15:27:08.092,10617,10618,10618,3
2019-06-20 15:27:08.093,10617,10618,10618,1
2019-06-20 15:27:08.093,10617,10618,10618,3
2019-06-20 15:27:08.093,10617,10618,10618,1
2019-06-20 15:27:08.093,10617,10618,10618,3
2019-06-20 15:27:08.093,10617,10618,10618,3
2019-06-20 15:27:08.094,10617,10618,10618,1
2019-06-20 15:27:11.602,10618,10619,10618,3
2019-06-20 15:27:11.602,10618,10619,10617,3
2019-06-20 15:27:27.485,10617,10618,10618,3
2019-06-20 15:27:31.890,10618,10619,10618,1
2019-06-20 15:27:33.289,10618,10619,10618,1
2019-06-20 15:27:38.449,10618,10619,10619,2
2019-06-20 15:27:38.485,10618,10619,10619,10
2019-06-20 15:27:39.050,10618,10619,10618,5
2019-06-20 15:27:39.163,10618,10619,10619,1
2019-06-20 15:27:39.980,10618,10619,10619,8
2019-06-20 15:27:39.980,10618,10619,10619,4
2019-06-20 15:27:39.980,10618,10619,10619,2
2019-06-20 15:27:39.981,10618,10619,10619,3
2019-06-20 15:27:39.985,10618,10619,10619,1
2019-06-20 15:27:39.985,10618,10619,10619,1
2019-06-20 15:27:41.077,10618,10619,10619,2
2019-06-20 15:27:41.078,10618,10619,10619,1
2019-06-20 15:27:41.078,10618,10619,10619,4
2019-06-20 15:27:41.699,10619,10620,10620,10
2019-06-20 15:27:41.700,10619,10620,10620,2
2019-06-20 15:27:41.700,10619,10620,10620,3
2019-06-20 15:27:41.735,10619,10620,10620,3
2019-06-20 15:27:41.767,10619,10620,10620,1
2019-06-20 15:27:41.781,10619,10620,10620,2
2019-06-20 15:27:41.860,10619,10620,10620,6
2019-06-20 15:27:41.860,10619,10620,10620,3
2019-06-20 15:27:41.860,10619,10620,10620,4
2019-06-20 15:27:41.868,10619,10620,10620,1
2019-06-20 15:27:41.888,10619,10620,10620,2
2019-06-20 15:27:41.985,10619,10620,10620,1
2019-06-20 15:27:41.985,10619,10620,10620,1
2019-06-20 15:27:41.985,10619,10620,10620,1
2019-06-20 15:27:41.985,10619,10620,10620,1
2019-06-20 15:27:41.985,10619,10620,10620,1
2019-06-20 15:27:41.985,10619,10620,10620,1
2019-06-20 15:27:41.986,10619,10620,10620,2
2019-06-20 15:27:41.986,10619,10620,10620,1
2019-06-20 15:27:41.986,10619,10620,10620,1
2019-06-20 15:27:41.986,10619,10620,10620,1
2019-06-20 15:27:41.986,10619,10620,10620,1
2019-06-20 15:27:42.013,10619,10620,10620,1
2019-06-20 15:27:42.058,10619,10620,10620,1
2019-06-20 15:27:42.059,10619,10620,10620,6
2019-06-20 15:27:42.059,10619,10620,10620,1
2019-06-20 15:27:42.059,10619,10620,10620,1
2019-06-20 15:27:42.059,10619,10620,10620,1
2019-06-20 15:27:42.110,10619,10620,10620,3
2019-06-20 15:27:42.110,10619,10620,10620,1
2019-06-20 15:27:42.110,10619,10620,10620,2
2019-06-20 15:27:42.151,10619,10620,10621,1
2019-06-20 15:27:42.193,10619,10620,10621,1
2019-06-20 15:27:42.209,10619,10620,10621,1
2019-06-20 15:27:42.214,10619,10620,10621,1
2019-06-20 15:27:42.243,10620,10621,10621,1
2019-06-20 15:27:42.285,10620,10621,10621,1
2019-06-20 15:27:42.289,10620,10621,10621,1
2019-06-20 15:27:42.318,10620,10621,10621,1
2019-06-20 15:27:42.333,10620,10621,10621,1
2019-06-20 15:27:42.971,10620,10621,10621,5
2019-06-20 15:27:43.047,10620,10621,10621,1
2019-06-20 15:27:43.047,10620,10621,10621,1
2019-06-20 15:27:43.728,10620,10621,10621,1
2019-06-20 15:27:43.905,10620,10621,10620,2
2019-06-20 15:27:44.862,10620,10621,10621,4
2019-06-20 15:27:45.401,10621,10622,10621,1
2019-06-20 15:27:45.401,10621,10622,10621,2
2019-06-20 15:27:45.401,10621,10622,10621,3
2019-06-20 15:27:45.402,10621,10622,10621,1
2019-06-20 15:27:45.608,10620,10621,10621,1
2019-06-20 15:27:48.510,10620,10621,10621,1
2019-06-20 15:27:48.682,10620,10621,10621,1
2019-06-20 15:27:51.211,10620,10621,10621,1
2019-06-20 15:27:51.255,10620,10621,10621,1
2019-06-20 15:27:55.963,10620,10621,10621,1
2019-06-20 15:27:57.136,10620,10621,10621,1
2019-06-20 15:28:01.009,10620,10621,10621,3
2019-06-20 15:28:01.363,10620,10621,10621,2
2019-06-20 15:28:01.379,10620,10621,10621,1
2019-06-20 15:28:01.416,10620,10621,10621,1
2019-06-20 15:28:01.416,10620,10621,10622,1
2019-06-20 15:28:01.423,10620,10621,10622,2
2019-06-20 15:28:01.474,10620,10621,10622,2
2019-06-20 15:28:01.477,10620,10621,10622,1
2019-06-20 15:28:01.539,10620,10622,10622,1
2019-06-20 15:28:01.884,10621,10622,10622,1
2019-06-20 15:28:02.540,10621,10622,10622,1
2019-06-20 15:28:03.720,10621,10622,10621,1
2019-06-20 15:28:03.724,10621,10622,10622,10
2019-06-20 15:28:05.041,10621,10622,10622,1
2019-06-20 15:28:05.343,10621,10622,10622,1
2019-06-20 15:28:06.386,10621,10622,10622,10
2019-06-20 15:28:07.333,10621,10622,10622,1
2019-06-20 15:28:07.361,10622,10623,10622,1
2019-06-20 15:28:07.362,10622,10623,10622,1
2019-06-20 15:28:07.388,10622,10623,10622,2
2019-06-20 15:28:07.485,10622,10623,10622,1
2019-06-20 15:28:07.485,10622,10623,10622,1
2019-06-20 15:28:08.217,10622,10623,10622,1
2019-06-20 15:28:08.373,10622,10623,10622,1
2019-06-20 15:28:09.262,10621,10622,10622,2
2019-06-20 15:28:11.113,10621,10622,10622,2
2019-06-20 15:28:11.649,10621,10622,10622,4
2019-06-20 15:28:12.760,10621,10622,10622,4
2019-06-20 15:28:12.896,10621,10623,10621,1
2019-06-20 15:28:14.539,10621,10622,10622,2
2019-06-20 15:28:15.452,10621,10622,10622,1
2019-06-20 15:28:16.883,10621,10622,10622,1
2019-06-20 15:28:17.194,10621,10622,10622,1
2019-06-20 15:28:17.613,10621,10622,10621,1
2019-06-20 15:28:18.799,10621,10622,10622,5
2019-06-20 15:28:22.746,10621,10622,10622,9
2019-06-20 15:28:23.701,10621,10622,10622,1
2019-06-20 15:28:24.112,10621,10622,10622,1
2019-06-20 15:28:29.540,10621,10622,10622,1
2019-06-20 15:28:31.337,10621,10622,10622,1
2019-06-20 15:28:31.739,10621,10622,10622,1
2019-06-20 15:28:31.860,10621,10622,10622,1
2019-06-20 15:28:40.966,10622,10623,10623,1
2019-06-20 15:28:41.014,10622,10623,10623,2
2019-06-20 15:28:41.024,10622,10623,10623,1
2019-06-20 15:28:41.096,10622,10623,10622,1
2019-06-20 15:28:41.514,10622,10623,10623,1
2019-06-20 15:28:43.977,10622,10623,10623,1
2019-06-20 15:28:47.580,10622,10623,10623,1
2019-06-20 15:28:47.878,10622,10623,10622,6
2019-06-20 15:28:48.110,10621,10622,10622,1
2019-06-20 15:28:48.360,10622,10623,10622,1
2019-06-20 15:28:51.207,10621,10622,10622,1
2019-06-20 15:28:51.207,10621,10622,10623,4
2019-06-20 15:28:53.423,10621,10622,10622,2
2019-06-20 15:28:54.252,10622,10623,10623,1
2019-06-20 15:28:56.038,10622,10623,10623,1
2019-06-20 15:28:57.994,10622,10623,10622,1
2019-06-20 15:29:04.397,10622,10623,10623,1
2019-06-20 15:29:07.159,10622,10623,10623,3
2019-06-20 15:29:07.463,10622,10623,10623,1
2019-06-20 15:29:08.780,10622,10623,10623,1
2019-06-20 15:29:14.127,10622,10623,10623,1
2019-06-20 15:29:15.841,10622,10623,10623,1
2019-06-20 15:29:16.054,10622,10623,10623,1
2019-06-20 15:29:17.733,10622,10623,10623,1
2019-06-20 15:29:17.785,10622,10623,10623,5
2019-06-20 15:29:17.897,10622,10623,10623,5
2019-06-20 15:29:18.627,10622,10623,10623,1
2019-06-20 15:29:19.127,10622,10623,10623,5
2019-06-20 15:29:19.743,10622,10623,10623,3
2019-06-20 15:29:23.244,10622,10623,10623,1
2019-06-20 15:29:27.483,10622,10623,10623,1
2019-06-20 15:29:29.010,10622,10623,10623,1
2019-06-20 15:29:30.519,10622,10623,10623,1
2019-06-20 15:29:32.544,10622,10623,10622,5
2019-06-20 15:29:33.576,10622,10623,10623,1
2019-06-20 15:29:34.032,10622,10623,10623,2
2019-06-20 15:29:37.722,10622,10623,10623,1
2019-06-20 15:29:42.778,10622,10623,10623,1
2019-06-20 15:29:46.676,10622,10623,10623,10
2019-06-20 15:29:47.396,10622,10623,10622,1
2019-06-20 15:29:49.336,10622,10623,10623,5
2019-06-20 15:29:49.433,10622,10623,10623,1
2019-06-20 15:29:54.207,10622,10623,10623,1
2019-06-20 15:29:54.244,10622,10623,10623,6
2019-06-20 15:29:54.272,10622,10623,10623,1
2019-06-20 15:29:54.360,10623,10624,10623,1
2019-06-20 15:29:54.575,10623,10624,10623,1
2019-06-20 15:29:56.262,10623,10624,10623,1
2019-06-20 15:29:56.262,10623,10624,10623,1
2019-06-20 15:29:56.275,10623,10624,10623,1
2019-06-20 15:29:56.860,10623,10624,10623,1
2019-06-20 15:29:57.610,10623,10624,10623,1
2019-06-20 15:30:01.075,10622,10623,10623,2
2019-06-20 15:30:01.077,10622,10623,10623,2
2019-06-20 15:30:01.240,10622,10623,10623,12
2019-06-20 15:30:01.245,10622,10623,10623,7
2019-06-20 15:30:01.245,10622,10623,10624,1
2019-06-20 15:30:01.301,10622,10623,10624,1
2019-06-20 15:30:01.316,10622,10623,10624,1
2019-06-20 15:30:01.363,10622,10624,10624,2
2019-06-20 15:30:01.383,10622,10624,10624,8
2019-06-20 15:30:01.385,10622,10624,10624,2
2019-06-20 15:30:01.395,10622,10624,10624,6
2019-06-20 15:30:01.475,10622,10624,10624,2
2019-06-20 15:30:01.503,10622,10624,10624,4
2019-06-20 15:30:01.517,10622,10624,10624,2
2019-06-20 15:30:01.521,10622,10624,10624,2
2019-06-20 15:30:01.564,10622,10624,10623,2
2019-06-20 15:30:01.572,10622,10624,10625,6
2019-06-20 15:30:01.648,10623,10625,10624,1
2019-06-20 15:30:01.666,10623,10625,10624,1
2019-06-20 15:30:01.695,10623,10625,10625,2
2019-06-20 15:30:01.770,10623,10625,10625,1
2019-06-20 15:30:01.827,10623,10625,10625,1
2019-06-20 15:30:01.879,10624,10625,10625,1
2019-06-20 15:30:01.901,10624,10625,10625,1
2019-06-20 15:30:01.966,10624,10625,10625,1
2019-06-20 15:30:02.300,10624,10625,10624,2
2019-06-20 15:30:02.305,10624,10625,10624,1
2019-06-20 15:30:02.360,10624,10625,10624,2
2019-06-20 15:30:02.595,10623,10624,10625,1
2019-06-20 15:30:02.857,10623,10625,10625,1
2019-06-20 15:30:03.485,10623,10625,10625,1
2019-06-20 15:30:04.436,10623,10625,10625,1
2019-06-20 15:30:04.814,10623,10625,10625,1
2019-06-20 15:30:05.334,10624,10625,10625,2
2019-06-20 15:30:06.029,10624,10625,10624,1
2019-06-20 15:30:06.235,10623,10624,10624,1
2019-06-20 15:30:06.627,10623,10624,10623,1
2019-06-20 15:30:06.770,10623,10624,10624,1
2019-06-20 15:30:09.168,10623,10624,10624,2
2019-06-20 15:30:09.235,10624,10625,10624,1
2019-06-20 15:30:12.433,10623,10624,10624,2
2019-06-20 15:30:13.413,10623,10624,10624,1
2019-06-20 15:30:13.735,10624,10625,10624,5
2019-06-20 15:30:14.110,10624,10625,10624,2
2019-06-20 15:30:15.846,10624,10625,10624,1
2019-06-20 15:30:16.147,10624,10625,10624,1
2019-06-20 15:30:16.462,10624,10625,10624,1
2019-06-20 15:30:16.665,10623,10624,10624,1
2019-06-20 15:30:19.128,10623,10624,10624,2
2019-06-20 15:30:19.566,10623,10624,10624,1
2019-06-20 15:30:19.610,10624,10625,10624,1
2019-06-20 15:30:20.208,10624,10625,10624,1
2019-06-20 15:30:20.235,10624,10625,10624,1
2019-06-20 15:30:23.049,10623,10624,10624,1
2019-06-20 15:30:23.922,10623,10624,10624,3
2019-06-20 15:30:24.538,10624,10625,10624,3
2019-06-20 15:30:27.257,10624,10625,10624,1
2019-06-20 15:30:27.644,10623,10625,10625,1
2019-06-20 15:30:38.436,10624,10625,10625,1
2019-06-20 15:30:41.863,10624,10625,10625,2
2019-06-20 15:30:42.117,10624,10625,10625,2
2019-06-20 15:30:42.153,10624,10625,10625,2
2019-06-20 15:30:42.154,10624,10625,10625,1
2019-06-20 15:30:42.154,10624,10625,10625,2
2019-06-20 15:30:42.154,10624,10625,10625,1
2019-06-20 15:30:42.155,10624,10625,10625,2
2019-06-20 15:30:42.155,10624,10625,10625,1
2019-06-20 15:30:42.155,10624,10625,10625,1
2019-06-20 15:30:42.155,10624,10625,10625,2
2019-06-20 15:30:42.155,10624,10625,10625,1
2019-06-20 15:30:42.155,10624,10625,10625,1
2019-06-20 15:30:42.155,10624,10625,10625,2
2019-06-20 15:30:42.155,10624,10625,10625,1
2019-06-20 15:30:42.155,10624,10625,10625,1
2019-06-20 15:30:42.155,10624,10625,10625,1
2019-06-20 15:30:42.155,10624,10625,10625,1
2019-06-20 15:30:42.434,10625,10626,10626,1
2019-06-20 15:30:42.644,10625,10626,10626,2
2019-06-20 15:30:43.075,10625,10626,10626,1
2019-06-20 15:30:43.225,10625,10626,10626,1
2019-06-20 15:30:43.402,10625,10626,10625,6
2019-06-20 15:30:43.414,10625,10626,10626,1
2019-06-20 15:30:46.613,10625,10626,10625,1
2019-06-20 15:30:47.988,10625,10626,10626,1
2019-06-20 15:30:53.196,10625,10626,10626,1
2019-06-20 15:30:54.308,10625,10626,10626,2
2019-06-20 15:30:54.420,10625,10626,10626,1
2019-06-20 15:30:54.631,10625,10626,10626,1
2019-06-20 15:30:55.475,10625,10626,10625,1
2019-06-20 15:30:56.425,10625,10626,10626,1
2019-06-20 15:30:56.989,10625,10626,10626,1
2019-06-20 15:30:57.094,10625,10626,10626,1
2019-06-20 15:30:57.251,10625,10626,10625,1
2019-06-20 15:30:57.332,10625,10626,10626,1
2019-06-20 15:30:57.745,10625,10626,10625,1
2019-06-20 15:30:57.828,10625,10626,10625,1
2019-06-20 15:30:58.759,10625,10626,10626,2
2019-06-20 15:30:59.269,10625,10626,10626,1
2019-06-20 15:30:59.612,10625,10626,10626,2
2019-06-20 15:31:01.439,10625,10626,10626,10
2019-06-20 15:31:01.884,10625,10626,10626,1
2019-06-20 15:31:01.899,10625,10626,10626,1
2019-06-20 15:31:01.924,10625,10626,10626,1
2019-06-20 15:31:02.052,10625,10626,10626,2
2019-06-20 15:31:02.052,10625,10626,10627,1
2019-06-20 15:31:02.465,10626,10627,10627,1
2019-06-20 15:31:02.476,10626,10627,10627,1
2019-06-20 15:31:03.317,10626,10627,10626,3
2019-06-20 15:31:06.238,10626,10627,10626,1
2019-06-20 15:31:07.002,10626,10627,10626,2
2019-06-20 15:31:08.391,10626,10627,10626,3
2019-06-20 15:31:09.176,10626,10627,10627,1
2019-06-20 15:31:09.350,10626,10627,10627,2
2019-06-20 15:31:09.588,10626,10627,10626,1
2019-06-20 15:31:10.394,10626,10627,10627,1
2019-06-20 15:31:12.438,10626,10627,10627,1
2019-06-20 15:31:13.422,10626,10627,10627,1
2019-06-20 15:31:13.484,10626,10627,10626,1
2019-06-20 15:31:14.315,10626,10627,10627,16
2019-06-20 15:31:14.316,10626,10627,10627,1
2019-06-20 15:31:15.153,10626,10627,10627,1
2019-06-20 15:31:16.358,10627,10628,10627,1
2019-06-20 15:31:16.456,10626,10628,10626,1
2019-06-20 15:31:16.854,10626,10627,10626,10
2019-06-20 15:31:17.192,10626,10627,10627,4
2019-06-20 15:31:18.024,10626,10627,10627,1
2019-06-20 15:31:18.774,10626,10627,10627,1
2019-06-20 15:31:20.576,10626,10627,10627,3
2019-06-20 15:31:22.179,10626,10627,10627,1
2019-06-20 15:31:22.409,10626,10627,10627,2
2019-06-20 15:31:22.998,10626,10627,10627,1
2019-06-20 15:31:23.380,10626,10627,10627,1
2019-06-20 15:31:23.439,10626,10627,10627,2
2019-06-20 15:31:24.095,10626,10627,10626,3
2019-06-20 15:31:24.491,10626,10627,10627,1
2019-06-20 15:31:26.113,10626,10627,10627,2
2019-06-20 15:31:31.025,10626,10627,10626,1
2019-06-20 15:31:31.394,10626,10627,10626,1
2019-06-20 15:31:32.321,10626,10627,10626,3
2019-06-20 15:31:33.922,10626,10627,10627,1
2019-06-20 15:31:35.583,10626,10627,10626,1
2019-06-20 15:31:36.455,10626,10627,10627,1
2019-06-20 15:31:39.258,10626,10627,10627,4
2019-06-20 15:31:39.544,10626,10627,10627,1
2019-06-20 15:31:41.175,10626,10627,10626,1
2019-06-20 15:31:43.708,10626,10627,10627,1
2019-06-20 15:31:46.685,10626,10627,10626,5
2019-06-20 15:31:46.859,10626,10627,10627,1
2019-06-20 15:31:49.738,10626,10627,10626,5
2019-06-20 15:32:00.959,10626,10627,10626,1
2019-06-20 15:32:01.588,10626,10627,10627,1
2019-06-20 15:32:01.601,10626,10627,10627,1
2019-06-20 15:32:03.238,10626,10627,10626,1
2019-06-20 15:32:05.237,10626,10627,10626,1
2019-06-20 15:32:06.104,10626,10627,10626,1
2019-06-20 15:32:06.275,10626,10627,10626,1
2019-06-20 15:32:07.667,10626,10627,10626,1
2019-06-20 15:32:07.731,10626,10627,10626,1
2019-06-20 15:32:08.362,10626,10627,10626,1
2019-06-20 15:32:08.506,10626,10627,10627,1
2019-06-20 15:32:08.948,10626,10627,10626,1
2019-06-20 15:32:09.780,10626,10627,10626,1
2019-06-20 15:32:10.003,10626,10627,10626,1
2019-06-20 15:32:10.078,10626,10627,10626,1
2019-06-20 15:32:10.659,10626,10627,10626,1
2019-06-20 15:32:10.798,10626,10627,10627,1
2019-06-20 15:32:12.629,10626,10627,10626,1
2019-06-20 15:32:13.648,10626,10627,10626,1
2019-06-20 15:32:14.747,10626,10627,10626,1
2019-06-20 15:32:15.011,10626,10627,10627,3
2019-06-20 15:32:17.067,10626,10627,10626,1
2019-06-20 15:32:17.326,10626,10627,10626,1
2019-06-20 15:32:18.457,10626,10627,10626,1
2019-06-20 15:32:18.476,10626,10627,10627,1
2019-06-20 15:32:24.967,10626,10627,10626,1
2019-06-20 15:32:26.971,10626,10627,10627,2
2019-06-20 15:32:28.725,10626,10627,10627,5
2019-06-20 15:32:29.766,10626,10627,10627,1
2019-06-20 15:32:33.377,10626,10627,10627,1
2019-06-20 15:32:33.960,10626,10627,10627,1
2019-06-20 15:32:39.971,10626,10627,10627,1
2019-06-20 15:32:41.157,10626,10627,10627,3
2019-06-20 15:32:46.229,10626,10627,10627,5
2019-06-20 15:32:46.563,10626,10627,10627,15
2019-06-20 15:32:46.564,10626,10627,10627,1
2019-06-20 15:32:46.564,10626,10627,10627,1
2019-06-20 15:32:52.583,10627,10628,10628,50
2019-06-20 15:32:52.610,10627,10628,10628,3
2019-06-20 15:32:52.839,10628,10629,10629,6
2019-06-20 15:32:52.858,10628,10629,10629,3
2019-06-20 15:32:52.862,10628,10629,10629,3
2019-06-20 15:32:52.913,10628,10629,10629,1
2019-06-20 15:32:54.392,10628,10629,10629,1
2019-06-20 15:32:54.470,10628,10629,10629,1
2019-06-20 15:32:56.484,10628,10629,10629,1
2019-06-20 15:32:57.703,10628,10629,10629,1
2019-06-20 15:32:57.762,10628,10629,10629,1
2019-06-20 15:32:57.810,10628,10629,10629,1
2019-06-20 15:32:58.102,10628,10629,10629,1
2019-06-20 15:32:58.308,10628,10629,10629,1
2019-06-20 15:32:58.470,10628,10629,10629,1
2019-06-20 15:32:59.297,10628,10629,10629,1
2019-06-20 15:33:01.501,10628,10629,10629,1
2019-06-20 15:33:01.563,10628,10629,10628,7
2019-06-20 15:33:01.846,10628,10629,10629,4
2019-06-20 15:33:02.091,10628,10629,10629,1
2019-06-20 15:33:02.091,10628,10629,10629,1
2019-06-20 15:33:02.093,10628,10629,10629,1
2019-06-20 15:33:02.161,10628,10629,10628,2
2019-06-20 15:33:02.372,10628,10629,10628,3
2019-06-20 15:33:03.140,10628,10629,10629,1
2019-06-20 15:33:04.094,10628,10629,10629,1
2019-06-20 15:33:04.501,10628,10629,10629,1
2019-06-20 15:33:06.158,10628,10629,10629,1
2019-06-20 15:33:06.254,10628,10629,10629,1
2019-06-20 15:33:06.497,10628,10629,10629,1
2019-06-20 15:33:07.106,10628,10629,10629,4
2019-06-20 15:33:07.535,10628,10629,10628,1
2019-06-20 15:33:08.103,10628,10629,10629,1
2019-06-20 15:33:09.725,10628,10629,10628,1
2019-06-20 15:33:11.428,10628,10629,10628,1
2019-06-20 15:33:12.501,10628,10629,10629,2
2019-06-20 15:33:14.788,10628,10629,10629,1
2019-06-20 15:33:17.070,10628,10629,10629,1
2019-06-20 15:33:17.777,10628,10629,10628,1
2019-06-20 15:33:19.666,10628,10629,10629,1
2019-06-20 15:33:20.506,10628,10629,10629,1
2019-06-20 15:33:24.167,10628,10629,10628,1
2019-06-20 15:33:25.904,10628,10629,10628,1
2019-06-20 15:33:26.094,10628,10629,10628,1
2019-06-20 15:33:26.830,10628,10629,10629,1
2019-06-20 15:33:31.235,10628,10629,10629,1
2019-06-20 15:33:33.194,10628,10629,10629,1
2019-06-20 15:33:34.797,10628,10629,10629,1
2019-06-20 15:33:35.224,10628,10629,10629,1
2019-06-20 15:33:37.387,10628,10629,10629,3
2019-06-20 15:33:37.433,10628,10629,10629,1
2019-06-20 15:33:39.799,10628,10629,10629,1
2019-06-20 15:33:39.881,10628,10629,10628,1
2019-06-20 15:33:40.606,10628,10629,10629,1
2019-06-20 15:33:40.618,10628,10629,10629,5
2019-06-20 15:33:41.269,10628,10629,10629,4
2019-06-20 15:33:42.274,10628,10629,10629,3
2019-06-20 15:33:43.055,10628,10629,10629,5
2019-06-20 15:33:43.269,10628,10629,10629,1
2019-06-20 15:33:43.876,10628,10629,10628,1
2019-06-20 15:33:44.348,10628,10629,10629,1
2019-06-20 15:33:44.350,10628,10629,10629,3
2019-06-20 15:33:44.350,10628,10629,10629,1
2019-06-20 15:33:49.489,10629,10630,10630,1
2019-06-20 15:33:49.629,10629,10630,10630,1
2019-06-20 15:33:55.183,10629,10630,10630,1
2019-06-20 15:33:56.299,10629,10630,10630,2
2019-06-20 15:33:57.369,10629,10630,10630,1
2019-06-20 15:33:57.599,10629,10630,10630,1
2019-06-20 15:33:57.636,10629,10630,10630,4
2019-06-20 15:33:57.821,10629,10630,10630,1
2019-06-20 15:34:00.922,10629,10630,10630,1
2019-06-20 15:34:01.314,10629,10630,10630,1
2019-06-20 15:34:01.953,10629,10630,10630,1
2019-06-20 15:34:02.252,10629,10630,10630,1
2019-06-20 15:34:02.397,10629,10630,10630,1
2019-06-20 15:34:04.014,10629,10630,10630,1
2019-06-20 15:34:04.193,10629,10630,10630,2
2019-06-20 15:34:04.364,10629,10630,10630,1
2019-06-20 15:34:04.537,10629,10630,10629,5
2019-06-20 15:34:04.991,10629,10630,10630,1
2019-06-20 15:34:05.179,10629,10630,10630,1
2019-06-20 15:34:05.633,10629,10630,10630,2
2019-06-20 15:34:05.937,10629,10630,10630,1
2019-06-20 15:34:05.971,10629,10630,10630,1
2019-06-20 15:34:06.348,10629,10630,10630,17
2019-06-20 15:34:06.360,10629,10630,10630,1
2019-06-20 15:34:06.360,10629,10630,10630,1
2019-06-20 15:34:06.402,10629,10630,10630,1
2019-06-20 15:34:08.977,10629,10630,10630,8
2019-06-20 15:34:10.057,10629,10630,10630,1
2019-06-20 15:34:10.262,10629,10630,10630,2
2019-06-20 15:34:10.689,10629,10630,10630,1
2019-06-20 15:34:10.735,10629,10630,10630,1
2019-06-20 15:34:10.942,10629,10630,10630,1
2019-06-20 15:34:11.767,10629,10630,10630,1
2019-06-20 15:34:12.913,10630,10631,10630,1
2019-06-20 15:34:14.695,10630,10631,10630,1
2019-06-20 15:34:14.738,10630,10631,10630,1
2019-06-20 15:34:16.250,10630,10631,10630,1
2019-06-20 15:34:17.956,10630,10631,10631,1
2019-06-20 15:34:18.010,10630,10631,10631,1
2019-06-20 15:34:18.048,10630,10631,10631,3
2019-06-20 15:34:18.066,10630,10631,10630,1
2019-06-20 15:34:18.173,10630,10631,10631,2
2019-06-20 15:34:18.846,10630,10631,10631,1
2019-06-20 15:34:20.494,10630,10631,10630,1
2019-06-20 15:34:21.921,10630,10631,10630,1
2019-06-20 15:34:23.778,10630,10631,10631,4
2019-06-20 15:34:24.347,10630,10631,10631,1
2019-06-20 15:34:26.722,10630,10631,10631,1
2019-06-20 15:34:30.091,10630,10631,10631,1
2019-06-20 15:34:31.338,10630,10631,10631,1
2019-06-20 15:34:31.776,10630,10631,10631,1
2019-06-20 15:34:32.074,10630,10631,10631,1
2019-06-20 15:34:33.920,10630,10631,10630,2
2019-06-20 15:34:38.587,10630,10631,10630,1
2019-06-20 15:34:39.739,10630,10631,10631,1
2019-06-20 15:34:40.316,10630,10631,10631,1
2019-06-20 15:34:44.409,10630,10631,10631,1
2019-06-20 15:34:45.870,10630,10631,10631,1
2019-06-20 15:34:48.763,10630,10631,10631,2
2019-06-20 15:34:49.420,10630,10631,10631,1
2019-06-20 15:34:49.481,10630,10631,10631,5
2019-06-20 15:34:50.517,10630,10631,10630,1
2019-06-20 15:34:52.490,10630,10631,10630,1
2019-06-20 15:34:53.574,10630,10631,10631,9
2019-06-20 15:34:54.843,10630,10631,10631,1
2019-06-20 15:34:55.996,10630,10631,10630,2
2019-06-20 15:34:56.338,10630,10631,10630,8
2019-06-20 15:34:56.360,10630,10631,10630,9
2019-06-20 15:34:56.360,10630,10631,10630,3
2019-06-20 15:34:56.360,10630,10631,10630,4
2019-06-20 15:34:56.552,10629,10630,10630,1
2019-06-20 15:34:56.579,10629,10630,10629,1
2019-06-20 15:34:57.111,10629,10630,10630,1
2019-06-20 15:34:57.196,10629,10630,10630,1
2019-06-20 15:34:58.390,10629,10630,10630,1
2019-06-20 15:34:58.779,10629,10630,10630,1
2019-06-20 15:34:58.910,10629,10630,10630,4
2019-06-20 15:34:59.197,10629,10630,10630,1
2019-06-20 15:34:59.277,10629,10630,10630,1
2019-06-20 15:34:59.686,10629,10630,10630,1
2019-06-20 15:35:00.938,10629,10630,10630,1
2019-06-20 15:35:00.969,10629,10630,10630,1
2019-06-20 15:35:01.512,10629,10630,10630,1
2019-06-20 15:35:01.654,10629,10630,10630,1
2019-06-20 15:35:01.708,10629,10630,10630,1
2019-06-20 15:35:02.364,10629,10630,10630,2
2019-06-20 15:35:03.992,10630,10631,10630,1
2019-06-20 15:35:04.405,10630,10631,10630,2
2019-06-20 15:35:05.106,10630,10631,10630,8
2019-06-20 15:35:05.454,10629,10630,10630,1
2019-06-20 15:35:05.564,10629,10630,10630,1
2019-06-20 15:35:05.676,10629,10630,10630,1
2019-06-20 15:35:05.778,10629,10630,10630,1
2019-06-20 15:35:06.371,10629,10630,10630,1
2019-06-20 15:35:06.461,10629,10630,10629,5
2019-06-20 15:35:07.738,10629,10630,10630,19
2019-06-20 15:35:08.048,10630,10631,10630,2
2019-06-20 15:35:09.316,10630,10631,10630,1
2019-06-20 15:35:10.420,10630,10631,10630,1
2019-06-20 15:35:11.100,10630,10631,10630,1
2019-06-20 15:35:12.163,10630,10631,10630,1
2019-06-20 15:35:12.742,10630,10631,10630,1
2019-06-20 15:35:12.828,10630,10631,10631,1
2019-06-20 15:35:12.964,10630,10631,10630,1
2019-06-20 15:35:14.778,10630,10631,10630,1
2019-06-20 15:35:17.114,10630,10631,10630,1
2019-06-20 15:35:17.368,10630,10631,10630,1
2019-06-20 15:35:22.151,10629,10630,10630,1
2019-06-20 15:35:22.465,10629,10630,10630,11
2019-06-20 15:35:23.358,10630,10631,10630,1
2019-06-20 15:35:23.428,10630,10631,10630,1
2019-06-20 15:35:24.066,10630,10631,10631,1
2019-06-20 15:35:24.287,10630,10631,10630,1
2019-06-20 15:35:24.630,10630,10631,10630,1
2019-06-20 15:35:25.030,10630,10631,10631,1
2019-06-20 15:35:25.502,10630,10631,10630,1
2019-06-20 15:35:29.579,10630,10631,10630,5
2019-06-20 15:35:30.246,10630,10631,10630,1
2019-06-20 15:35:30.667,10630,10631,10630,1
2019-06-20 15:35:30.947,10630,10631,10630,1
2019-06-20 15:35:31.046,10630,10631,10631,1
2019-06-20 15:35:31.148,10630,10631,10630,1
2019-06-20 15:35:31.741,10630,10631,10630,1
2019-06-20 15:35:35.205,10630,10631,10630,1
2019-06-20 15:35:41.474,10629,10630,10630,1
2019-06-20 15:35:41.758,10629,10630,10629,1
2019-06-20 15:35:41.767,10629,10630,10630,6
2019-06-20 15:35:44.977,10629,10630,10630,1
2019-06-20 15:35:50.149,10629,10630,10630,1
2019-06-20 15:35:53.585,10629,10630,10629,1
2019-06-20 15:35:53.610,10629,10630,10630,1
2019-06-20 15:35:55.674,10629,10630,10629,1
2019-06-20 15:35:55.873,10629,10630,10629,1
2019-06-20 15:35:57.661,10629,10630,10630,1
2019-06-20 15:36:01.654,10629,10630,10630,1
2019-06-20 15:36:03.107,10629,10630,10630,1
2019-06-20 15:36:07.622,10629,10630,10629,1
2019-06-20 15:36:11.820,10629,10630,10629,1
2019-06-20 15:36:12.588,10629,10630,10630,1
2019-06-20 15:36:25.038,10629,10630,10629,1
2019-06-20 15:36:28.013,10629,10630,10629,2
2019-06-20 15:36:32.189,10629,10630,10629,1
2019-06-20 15:36:32.235,10629,10630,10629,22
2019-06-20 15:36:32.360,10629,10630,10629,1
2019-06-20 15:36:32.360,10629,10630,10629,12
2019-06-20 15:36:34.220,10628,10629,10628,4
2019-06-20 15:36:34.756,10628,10629,10629,2
2019-06-20 15:36:37.444,10628,10629,10628,1
2019-06-20 15:36:38.801,10628,10629,10628,1
2019-06-20 15:36:40.405,10628,10629,10628,1
2019-06-20 15:36:42.055,10628,10629,10628,1
2019-06-20 15:36:45.079,10628,10629,10628,1
2019-06-20 15:36:46.080,10628,10629,10628,1
2019-06-20 15:36:46.996,10628,10629,10628,1
2019-06-20 15:36:47.577,10628,10629,10628,1
2019-06-20 15:36:49.898,10628,10629,10628,1
2019-06-20 15:36:56.374,10628,10629,10628,1
2019-06-20 15:37:01.339,10628,10629,10628,1
2019-06-20 15:37:01.961,10628,10629,10628,1
2019-06-20 15:37:02.001,10628,10629,10629,8
2019-06-20 15:37:02.001,10628,10629,10629,8
2019-06-20 15:37:02.110,10628,10629,10629,3
2019-06-20 15:37:02.110,10628,10629,10629,2
2019-06-20 15:37:02.110,10628,10629,10629,1
2019-06-20 15:37:02.662,10629,10630,10628,1
2019-06-20 15:37:06.476,10628,10629,10629,1
2019-06-20 15:37:08.731,10628,10629,10629,5
2019-06-20 15:37:21.785,10629,10630,10629,2
2019-06-20 15:37:29.399,10629,10630,10629,40
2019-06-20 15:37:29.485,10629,10630,10629,8
2019-06-20 15:37:29.485,10629,10630,10629,1
2019-06-20 15:37:29.485,10629,10630,10629,2
2019-06-20 15:37:29.485,10629,10630,10629,20
2019-06-20 15:37:29.485,10629,10630,10629,32
2019-06-20 15:37:36.518,10628,10629,10628,1
2019-06-20 15:37:43.982,10628,10629,10629,1
2019-06-20 15:37:44.374,10628,10629,10629,1
2019-06-20 15:37:47.652,10628,10629,10628,3
2019-06-20 15:37:48.280,10628,10629,10629,1
2019-06-20 15:37:54.197,10628,10629,10628,2
2019-06-20 15:37:57.928,10628,10629,10628,3
2019-06-20 15:37:58.446,10628,10629,10629,1
2019-06-20 15:38:02.603,10628,10629,10628,1
2019-06-20 15:38:06.585,10628,10629,10628,90
2019-06-20 15:38:06.817,10627,10628,10627,1
2019-06-20 15:38:06.818,10627,10628,10627,1
2019-06-20 15:38:06.819,10627,10628,10627,1
2019-06-20 15:38:06.882,10627,10628,10627,2
2019-06-20 15:38:07.053,10627,10628,10628,1
2019-06-20 15:38:16.745,10627,10628,10627,1
2019-06-20 15:38:20.108,10626,10627,10626,5
2019-06-20 15:38:20.609,10626,10627,10626,1
2019-06-20 15:38:23.103,10626,10627,10626,1
2019-06-20 15:38:24.454,10626,10627,10626,2
2019-06-20 15:38:27.438,10626,10627,10627,1
2019-06-20 15:38:28.620,10626,10627,10626,1
2019-06-20 15:38:30.402,10626,10627,10626,1
2019-06-20 15:38:37.370,10626,10627,10627,1
2019-06-20 15:38:40.804,10626,10627,10627,1
2019-06-20 15:38:42.550,10626,10627,10627,1
2019-06-20 15:38:42.962,10626,10627,10627,1
2019-06-20 15:38:43.518,10626,10627,10627,1
2019-06-20 15:38:44.942,10626,10627,10627,1
2019-06-20 15:38:55.458,10626,10627,10626,1
2019-06-20 15:39:02.380,10626,10627,10626,1
2019-06-20 15:39:05.413,10626,10627,10626,3
2019-06-20 15:39:06.156,10626,10627,10626,10
2019-06-20 15:39:06.842,10626,10627,10626,1
2019-06-20 15:39:07.294,10626,10627,10626,1
2019-06-20 15:39:11.423,10626,10627,10626,1
2019-06-20 15:39:32.840,10626,10627,10626,1
2019-06-20 15:39:35.312,10626,10627,10626,7
2019-06-20 15:39:44.415,10626,10627,10626,1
2019-06-20 15:39:56.278,10626,10627,10626,5
2019-06-20 15:39:58.622,10626,10627,10626,1
2019-06-20 15:39:59.058,10626,10627,10626,1
2019-06-20 15:40:01.451,10626,10627,10626,3
2019-06-20 15:40:02.018,10626,10627,10626,1
2019-06-20 15:40:02.844,10626,10627,10626,4
2019-06-20 15:40:03.025,10626,10627,10626,4
2019-06-20 15:40:03.236,10626,10627,10626,2
2019-06-20 15:40:14.532,10625,10626,10626,1
2019-06-20 15:40:16.492,10625,10626,10626,12
2019-06-20 15:40:19.050,10626,10627,10626,6
2019-06-20 15:40:28.013,10626,10627,10626,1
2019-06-20 15:40:30.675,10626,10627,10626,10
2019-06-20 15:40:31.062,10626,10627,10626,1
2019-06-20 15:40:35.194,10626,10627,10626,1
2019-06-20 15:40:39.080,10625,10626,10626,1
2019-06-20 15:40:39.112,10625,10626,10626,5
2019-06-20 15:40:40.842,10625,10627,10626,1
2019-06-20 15:40:44.605,10626,10627,10626,1
2019-06-20 15:40:46.754,10626,10627,10626,1
2019-06-20 15:40:47.359,10626,10627,10626,2
2019-06-20 15:40:49.498,10625,10626,10625,1
2019-06-20 15:40:49.876,10625,10626,10626,1
2019-06-20 15:40:51.135,10625,10626,10626,1
2019-06-20 15:41:05.010,10626,10627,10626,2
2019-06-20 15:41:08.962,10626,10627,10627,1
2019-06-20 15:41:12.334,10626,10627,10627,2
2019-06-20 15:41:12.360,10626,10627,10627,14
2019-06-20 15:41:12.485,10626,10627,10627,5
2019-06-20 15:41:21.551,10627,10628,10627,1
2019-06-20 15:41:23.509,10627,10628,10628,1
2019-06-20 15:41:25.949,10627,10628,10627,1
2019-06-20 15:41:28.357,10627,10628,10627,1
2019-06-20 15:41:29.849,10627,10628,10627,1
2019-06-20 15:41:32.227,10627,10628,10627,1
2019-06-20 15:41:34.569,10627,10628,10627,1
2019-06-20 15:41:37.864,10627,10628,10627,1
2019-06-20 15:41:42.545,10627,10628,10628,1
2019-06-20 15:41:54.017,10627,10628,10627,1
2019-06-20 15:42:02.379,10627,10628,10628,1
2019-06-20 15:42:02.458,10627,10628,10628,1
2019-06-20 15:42:08.252,10627,10628,10627,1
2019-06-20 15:42:16.507,10627,10628,10628,2
2019-06-20 15:42:30.975,10627,10628,10628,1
2019-06-20 15:42:33.368,10627,10628,10628,1
2019-06-20 15:42:41.302,10627,10628,10628,1
2019-06-20 15:42:50.381,10627,10628,10628,1
2019-06-20 15:42:51.844,10627,10628,10627,1
2019-06-20 15:42:54.704,10627,10628,10628,1
2019-06-20 15:42:55.321,10627,10628,10627,1
2019-06-20 15:42:59.024,10627,10628,10627,1
2019-06-20 15:43:03.906,10627,10628,10627,2
2019-06-20 15:43:05.741,10627,10628,10627,19
2019-06-20 15:43:05.862,10626,10627,10626,1
2019-06-20 15:43:06.015,10626,10627,10627,1
2019-06-20 15:43:06.031,10626,10627,10627,2
2019-06-20 15:43:11.942,10626,10627,10627,2
2019-06-20 15:43:13.203,10626,10627,10627,1
2019-06-20 15:43:13.580,10626,10627,10627,1
2019-06-20 15:43:14.619,10626,10627,10627,1
2019-06-20 15:43:18.643,10626,10627,10627,2
2019-06-20 15:43:18.737,10627,10628,10627,1
2019-06-20 15:43:22.432,10626,10627,10627,3
2019-06-20 15:43:22.997,10626,10627,10627,1
2019-06-20 15:43:27.098,10626,10627,10627,1
2019-06-20 15:43:29.479,10626,10627,10627,2
2019-06-20 15:43:34.473,10627,10628,10627,1
2019-06-20 15:43:35.755,10627,10628,10627,2
2019-06-20 15:43:50.424,10627,10628,10628,1
2019-06-20 15:43:50.485,10627,10628,10628,17
2019-06-20 15:43:50.610,10627,10628,10628,6
2019-06-20 15:43:51.094,10628,10629,10628,1
2019-06-20 15:43:51.508,10628,10629,10628,2
2019-06-20 15:43:52.447,10628,10629,10628,2
2019-06-20 15:43:53.017,10628,10629,10628,1
2019-06-20 15:43:53.102,10628,10629,10629,1
2019-06-20 15:43:53.546,10628,10629,10629,1
2019-06-20 15:43:54.569,10628,10629,10629,1
2019-06-20 15:44:01.113,10628,10629,10629,5
2019-06-20 15:44:05.673,10628,10629,10629,3
2019-06-20 15:44:10.384,10628,10629,10629,2
2019-06-20 15:44:10.638,10628,10629,10629,1
2019-06-20 15:44:12.638,10628,10629,10628,1
2019-06-20 15:44:13.052,10628,10629,10629,1
2019-06-20 15:44:13.553,10628,10629,10629,1
2019-06-20 15:44:15.088,10628,10629,10629,1
2019-06-20 15:44:16.712,10628,10629,10629,1
2019-06-20 15:44:25.037,10628,10629,10628,1
2019-06-20 15:44:26.245,10628,10629,10629,3
2019-06-20 15:44:28.188,10628,10629,10629,1
2019-06-20 15:44:37.025,10628,10629,10628,1
2019-06-20 15:44:40.945,10628,10629,10629,2
2019-06-20 15:44:45.644,10628,10629,10628,1
2019-06-20 15:44:50.645,10628,10629,10628,16
2019-06-20 15:44:51.623,10627,10628,10628,2
2019-06-20 15:44:54.672,10627,10628,10628,5
2019-06-20 15:44:56.164,10627,10628,10628,1
2019-06-20 15:44:56.491,10627,10628,10627,1
2019-06-20 15:44:58.694,10627,10628,10628,4
2019-06-20 15:45:02.870,10627,10628,10628,5
2019-06-20 15:45:06.751,10627,10628,10628,1
2019-06-20 15:45:09.366,10627,10628,10628,1
2019-06-20 15:45:09.726,10627,10628,10628,1
2019-06-20 15:45:09.726,10627,10628,10629,4
2019-06-20 15:45:11.253,10628,10629,10628,1
2019-06-20 15:45:18.738,10628,10629,10628,1
2019-06-20 15:45:19.416,10627,10628,10628,1
2019-06-20 15:45:22.652,10628,10629,10628,2
2019-06-20 15:45:38.370,10627,10628,10628,2
2019-06-20 15:45:59.942,10627,10628,10628,2
2019-06-20 15:46:02.712,10627,10628,10628,2
2019-06-20 15:46:14.510,10627,10628,10628,1
2019-06-20 15:46:20.452,10627,10628,10627,1
2019-06-20 15:46:21.749,10627,10628,10628,1
2019-06-20 15:46:24.154,10627,10628,10627,10
2019-06-20 15:46:30.020,10626,10628,10628,1
2019-06-20 15:46:30.915,10626,10628,10628,1
2019-06-20 15:46:35.596,10627,10628,10628,2
2019-06-20 15:46:57.614,10627,10628,10628,5
2019-06-20 15:47:03.323,10627,10628,10628,3
2019-06-20 15:47:03.324,10627,10628,10628,8
2019-06-20 15:47:03.375,10628,10629,10629,1
2019-06-20 15:47:03.400,10628,10629,10629,1
2019-06-20 15:47:03.485,10628,10629,10629,2
2019-06-20 15:47:07.805,10627,10628,10628,2
2019-06-20 15:47:07.887,10627,10628,10628,1
2019-06-20 15:47:07.985,10627,10628,10628,1
2019-06-20 15:47:13.562,10627,10628,10627,1
2019-06-20 15:47:15.553,10627,10628,10628,1
2019-06-20 15:47:18.703,10627,10628,10627,1
2019-06-20 15:47:32.008,10627,10628,10628,1
2019-06-20 15:47:46.929,10627,10628,10627,1
2019-06-20 15:47:48.236,10627,10628,10628,5
2019-06-20 15:47:53.679,10627,10628,10628,1
2019-06-20 15:47:56.222,10627,10628,10627,8
2019-06-20 15:47:59.830,10626,10627,10627,1
2019-06-20 15:48:05.363,10626,10627,10627,1
2019-06-20 15:48:05.613,10626,10627,10627,1
2019-06-20 15:48:09.064,10626,10627,10626,5
2019-06-20 15:48:09.110,10626,10627,10626,17
2019-06-20 15:48:09.110,10626,10627,10626,1
2019-06-20 15:48:09.110,10626,10627,10626,4
2019-06-20 15:48:09.235,10626,10627,10626,1
2019-06-20 15:48:09.235,10626,10627,10626,1
2019-06-20 15:48:09.235,10626,10627,10626,1
2019-06-20 15:48:12.230,10625,10626,10626,1
2019-06-20 15:48:14.418,10625,10626,10625,1
2019-06-20 15:48:14.512,10625,10626,10625,1
2019-06-20 15:48:14.607,10625,10626,10625,1
2019-06-20 15:48:22.535,10625,10626,10625,3
2019-06-20 15:48:23.716,10625,10626,10625,1
2019-06-20 15:48:33.401,10625,10626,10625,1
2019-06-20 15:48:41.099,10625,10626,10626,1
2019-06-20 15:48:50.237,10625,10626,10626,2
2019-06-20 15:48:54.062,10625,10626,10626,1
2019-06-20 15:48:54.674,10625,10626,10625,14
2019-06-20 15:48:54.735,10625,10626,10625,4
2019-06-20 15:48:54.735,10625,10626,10625,18
2019-06-20 15:48:54.735,10625,10626,10625,1
2019-06-20 15:48:54.735,10625,10626,10625,2
2019-06-20 15:48:54.735,10625,10626,10625,3
2019-06-20 15:48:54.735,10625,10626,10625,2
2019-06-20 15:48:55.986,10624,10625,10624,1
2019-06-20 15:48:56.176,10624,10625,10624,1
2019-06-20 15:48:56.381,10624,10625,10624,1
2019-06-20 15:48:57.898,10624,10625,10624,1
2019-06-20 15:48:58.951,10624,10625,10624,1
2019-06-20 15:49:00.440,10624,10625,10624,1
2019-06-20 15:49:00.704,10624,10625,10625,1
2019-06-20 15:49:03.257,10624,10625,10624,1
2019-06-20 15:49:10.154,10624,10625,10624,1
2019-06-20 15:49:10.521,10624,10625,10624,1
2019-06-20 15:49:11.300,10624,10625,10624,1
2019-06-20 15:49:13.851,10624,10625,10624,1
2019-06-20 15:49:14.439,10624,10625,10624,2
2019-06-20 15:49:14.677,10624,10625,10624,2
2019-06-20 15:49:14.921,10624,10625,10624,1
2019-06-20 15:49:14.940,10624,10625,10624,1
2019-06-20 15:49:16.777,10624,10625,10624,3
2019-06-20 15:49:17.298,10624,10625,10624,2
2019-06-20 15:49:17.719,10623,10624,10623,1
2019-06-20 15:49:17.724,10623,10624,10624,1
2019-06-20 15:49:17.864,10623,10624,10623,2
2019-06-20 15:49:18.448,10623,10624,10623,1
2019-06-20 15:49:24.707,10623,10624,10623,1
2019-06-20 15:49:28.838,10623,10624,10623,20
2019-06-20 15:49:28.862,10623,10624,10623,4
2019-06-20 15:49:29.864,10622,10623,10622,1
2019-06-20 15:49:29.865,10622,10623,10622,2
2019-06-20 15:49:29.865,10622,10623,10622,3
2019-06-20 15:49:30.017,10622,10623,10622,2
2019-06-20 15:49:31.840,10622,10623,10622,5
2019-06-20 15:49:31.841,10622,10623,10622,3
2019-06-20 15:49:31.841,10622,10623,10622,1
2019-06-20 15:49:32.303,10621,10623,10621,1
2019-06-20 15:49:32.396,10621,10623,10621,1
2019-06-20 15:49:32.416,10621,10623,10621,1
2019-06-20 15:49:32.428,10621,10623,10621,3
2019-06-20 15:49:32.485,10621,10622,10621,2
2019-06-20 15:49:32.485,10621,10622,10621,1
2019-06-20 15:49:32.547,10621,10622,10621,2
2019-06-20 15:49:37.984,10622,10623,10622,1
2019-06-20 15:49:38.763,10621,10623,10621,1
2019-06-20 15:49:42.263,10622,10623,10622,1
2019-06-20 15:49:42.278,10622,10623,10621,5
2019-06-20 15:49:47.168,10621,10622,10621,1
2019-06-20 15:49:47.309,10621,10622,10621,1
2019-06-20 15:49:47.887,10621,10622,10621,1
2019-06-20 15:49:48.043,10621,10622,10622,1
2019-06-20 15:49:48.453,10621,10622,10621,1
2019-06-20 15:49:48.602,10621,10622,10621,1
2019-06-20 15:49:49.099,10621,10622,10621,1
2019-06-20 15:49:49.466,10621,10622,10621,2
2019-06-20 15:49:50.172,10621,10622,10622,1
2019-06-20 15:49:57.235,10621,10622,10622,12
2019-06-20 15:49:58.051,10622,10623,10622,10
2019-06-20 15:49:59.312,10622,10623,10622,1
2019-06-20 15:50:00.160,10622,10623,10623,1
2019-06-20 15:50:00.161,10622,10623,10623,2
2019-06-20 15:50:00.161,10622,10623,10623,3
2019-06-20 15:50:00.161,10622,10623,10623,2
2019-06-20 15:50:00.161,10622,10623,10623,3
2019-06-20 15:50:00.161,10622,10623,10623,1
2019-06-20 15:50:00.161,10622,10623,10623,3
2019-06-20 15:50:02.514,10623,10624,10623,1
2019-06-20 15:50:03.462,10623,10624,10624,1
2019-06-20 15:50:04.371,10623,10624,10623,1
2019-06-20 15:50:11.760,10623,10624,10623,1
2019-06-20 15:50:14.362,10623,10624,10623,1
2019-06-20 15:50:17.148,10623,10624,10623,2
2019-06-20 15:50:17.269,10623,10624,10624,1
2019-06-20 15:50:26.922,10623,10624,10624,1
2019-06-20 15:50:28.850,10623,10624,10623,1
2019-06-20 15:50:28.850,10623,10624,10623,1
2019-06-20 15:50:39.740,10623,10624,10623,2
2019-06-20 15:50:46.407,10623,10624,10623,1
2019-06-20 15:50:55.103,10623,10624,10623,1
2019-06-20 15:51:00.383,10623,10624,10623,1
2019-06-20 15:51:00.522,10623,10624,10623,1
2019-06-20 15:51:01.795,10623,10624,10623,2
2019-06-20 15:51:01.841,10623,10624,10623,9
2019-06-20 15:51:13.301,10622,10623,10622,1
2019-06-20 15:51:13.894,10622,10623,10622,1
2019-06-20 15:51:17.302,10622,10623,10622,1
2019-06-20 15:51:26.898,10622,10623,10622,5
2019-06-20 15:51:28.791,10622,10623,10622,1
2019-06-20 15:51:31.868,10622,10623,10622,1
2019-06-20 15:51:37.338,10622,10623,10622,1
2019-06-20 15:51:50.010,10622,10623,10622,1
2019-06-20 15:51:51.932,10622,10623,10622,1
2019-06-20 15:51:55.981,10622,10623,10622,1
2019-06-20 15:51:57.356,10622,10623,10622,2
2019-06-20 15:52:03.441,10622,10623,10622,2
2019-06-20 15:52:04.474,10622,10623,10622,3
2019-06-20 15:52:04.486,10622,10623,10622,3
2019-06-20 15:52:04.702,10622,10623,10622,2
2019-06-20 15:52:04.879,10622,10623,10623,2
2019-06-20 15:52:04.937,10622,10623,10623,4
2019-06-20 15:52:04.947,10622,10623,10623,3
2019-06-20 15:52:04.953,10622,10623,10623,2
2019-06-20 15:52:04.955,10622,10623,10623,3
2019-06-20 15:52:04.956,10622,10623,10623,4
2019-06-20 15:52:07.807,10622,10623,10623,1
2019-06-20 15:52:08.510,10622,10623,10622,1
2019-06-20 15:52:10.373,10622,10623,10622,2
2019-06-20 15:52:14.984,10622,10623,10622,1
2019-06-20 15:52:26.996,10622,10623,10622,1
2019-06-20 15:52:38.631,10622,10623,10622,2
2019-06-20 15:52:43.612,10622,10623,10622,1
2019-06-20 15:52:45.385,10622,10623,10622,1
2019-06-20 15:52:45.993,10622,10623,10623,1
2019-06-20 15:52:47.595,10622,10623,10622,1
2019-06-20 15:52:47.923,10622,10623,10622,7
2019-06-20 15:52:59.865,10622,10623,10622,1
2019-06-20 15:53:00.046,10622,10623,10622,1
2019-06-20 15:53:06.127,10622,10623,10622,1
2019-06-20 15:53:09.904,10622,10623,10623,1
2019-06-20 15:53:11.370,10622,10623,10623,1
2019-06-20 15:53:11.613,10622,10623,10622,1
2019-06-20 15:53:13.363,10622,10623,10622,1
2019-06-20 15:53:13.680,10622,10623,10623,1
2019-06-20 15:53:19.618,10622,10623,10623,1
2019-06-20 15:53:20.114,10622,10623,10623,1
2019-06-20 15:53:20.114,10622,10623,10624,1
2019-06-20 15:53:20.388,10623,10624,10623,2
2019-06-20 15:53:21.365,10623,10624,10623,1
2019-06-20 15:53:26.462,10623,10624,10623,2
2019-06-20 15:53:26.462,10623,10624,10623,1
2019-06-20 15:53:26.464,10623,10624,10623,2
2019-06-20 15:53:27.342,10623,10624,10623,1
2019-06-20 15:53:32.613,10623,10624,10623,1
2019-06-20 15:53:32.613,10623,10624,10623,2
2019-06-20 15:53:32.638,10623,10624,10623,1
2019-06-20 15:53:33.434,10622,10623,10623,1
2019-06-20 15:53:33.566,10622,10623,10623,8
2019-06-20 15:53:37.083,10623,10624,10624,1
2019-06-20 15:53:51.811,10623,10624,10624,3
2019-06-20 15:53:59.114,10623,10624,10624,1
2019-06-20 15:54:05.629,10623,10624,10624,3
2019-06-20 15:54:12.573,10623,10624,10624,1
2019-06-20 15:54:22.455,10623,10624,10623,1
2019-06-20 15:54:25.748,10623,10624,10623,1
2019-06-20 15:54:27.509,10623,10624,10623,1
2019-06-20 15:54:39.087,10623,10624,10624,1
2019-06-20 15:54:52.436,10623,10624,10624,1
2019-06-20 15:55:25.646,10623,10624,10624,12
2019-06-20 15:55:29.311,10623,10624,10624,1
2019-06-20 15:55:40.240,10623,10624,10624,1
2019-06-20 15:55:44.282,10623,10624,10624,3
2019-06-20 15:55:49.941,10623,10624,10623,10
2019-06-20 15:55:52.711,10623,10624,10624,1
2019-06-20 15:55:57.908,10623,10624,10624,2
2019-06-20 15:55:59.740,10623,10624,10624,1
2019-06-20 15:56:02.986,10623,10624,10624,1
2019-06-20 15:56:05.241,10623,10624,10623,1
2019-06-20 15:56:08.629,10623,10624,10624,1
2019-06-20 15:56:09.503,10623,10624,10623,2
2019-06-20 15:56:09.503,10623,10624,10623,1
2019-06-20 15:56:11.156,10623,10624,10624,8
2019-06-20 15:56:13.649,10623,10624,10623,1
2019-06-20 15:56:27.299,10623,10624,10623,1
2019-06-20 15:56:29.506,10623,10624,10624,1
2019-06-20 15:56:38.788,10623,10624,10624,1
2019-06-20 15:56:41.240,10623,10624,10624,1
2019-06-20 15:56:48.662,10623,10624,10624,1
2019-06-20 15:56:48.870,10623,10624,10624,1
2019-06-20 15:56:58.009,10623,10624,10624,1
2019-06-20 15:56:59.729,10623,10624,10623,1
2019-06-20 15:57:04.830,10623,10624,10624,1
2019-06-20 15:57:11.440,10623,10624,10624,1
2019-06-20 15:57:11.442,10623,10624,10624,1
2019-06-20 15:57:11.442,10623,10624,10624,1
2019-06-20 15:57:11.442,10623,10624,10624,1
2019-06-20 15:57:14.395,10623,10624,10624,1
2019-06-20 15:57:14.395,10623,10624,10624,1
2019-06-20 15:57:14.396,10623,10624,10624,1
2019-06-20 15:57:14.488,10624,10625,10624,1
2019-06-20 15:57:16.769,10624,10625,10624,1
2019-06-20 15:57:17.880,10624,10625,10624,2
2019-06-20 15:57:19.752,10624,10625,10624,2
2019-06-20 15:57:25.505,10623,10624,10624,1
2019-06-20 15:57:46.470,10623,10624,10624,1
2019-06-20 15:57:54.987,10623,10624,10624,1
2019-06-20 15:57:56.062,10623,10624,10624,2
2019-06-20 15:57:57.814,10623,10624,10624,1
2019-06-20 15:57:59.143,10623,10624,10624,1
2019-06-20 15:58:01.320,10623,10624,10624,1
2019-06-20 15:58:08.849,10623,10624,10624,1
2019-06-20 15:58:11.913,10624,10625,10624,1
2019-06-20 15:58:16.910,10624,10625,10624,1
2019-06-20 15:58:20.905,10623,10624,10624,1
2019-06-20 15:58:28.271,10623,10624,10624,2
2019-06-20 15:58:28.271,10623,10624,10624,1
2019-06-20 15:58:28.271,10623,10624,10624,2
2019-06-20 15:58:37.330,10623,10624,10624,1
2019-06-20 15:58:37.330,10623,10624,10625,4
2019-06-20 15:58:45.224,10624,10625,10624,1
2019-06-20 15:58:49.313,10624,10625,10624,2
2019-06-20 15:58:58.942,10623,10624,10624,1
2019-06-20 15:58:58.942,10623,10624,10625,1
2019-06-20 15:59:01.708,10624,10625,10625,1
2019-06-20 15:59:12.085,10624,10625,10625,1
2019-06-20 15:59:15.016,10624,10625,10625,4
2019-06-20 15:59:18.462,10624,10625,10625,1
2019-06-20 15:59:20.158,10624,10625,10624,1
2019-06-20 15:59:22.381,10624,10625,10624,2
2019-06-20 15:59:31.670,10623,10624,10624,1
2019-06-20 15:59:43.988,10623,10624,10624,1
2019-06-20 15:59:44.660,10623,10624,10623,2
2019-06-20 15:59:56.336,10623,10624,10623,1
2019-06-20 15:59:56.419,10623,10624,10623,1
2019-06-20 15:59:58.139,10623,10624,10624,2
2019-06-20 16:00:01.492,10623,10624,10624,1
2019-06-20 16:00:01.905,10623,10624,10623,1
2019-06-20 16:00:01.950,10623,10624,10623,1
2019-06-20 16:00:02.012,10623,10624,10624,1
2019-06-20 16:00:02.193,10623,10624,10624,1
2019-06-20 16:00:02.207,10623,10624,10624,5
2019-06-20 16:00:02.522,10623,10624,10624,2
2019-06-20 16:00:02.557,10623,10624,10624,2
2019-06-20 16:00:03.531,10623,10624,10623,1
2019-06-20 16:00:03.639,10623,10624,10624,1
2019-06-20 16:00:03.640,10623,10624,10625,1
2019-06-20 16:00:03.655,10623,10624,10625,1
2019-06-20 16:00:03.663,10623,10624,10625,1
2019-06-20 16:00:03.762,10623,10625,10625,2
2019-06-20 16:00:04.174,10623,10625,10623,1
2019-06-20 16:00:04.298,10623,10625,10624,1
2019-06-20 16:00:04.352,10623,10625,10624,1
2019-06-20 16:00:04.354,10623,10625,10624,1
2019-06-20 16:00:04.374,10623,10625,10625,1
2019-06-20 16:00:04.391,10623,10625,10625,1
2019-06-20 16:00:04.765,10623,10625,10625,2
2019-06-20 16:00:09.020,10624,10625,10624,1
2019-06-20 16:00:23.691,10624,10625,10625,10
2019-06-20 16:00:24.049,10624,10625,10624,1
2019-06-20 16:00:26.528,10624,10625,10624,1
2019-06-20 16:00:29.362,10624,10625,10624,2
2019-06-20 16:00:49.858,10624,10625,10624,1
2019-06-20 16:00:49.860,10624,10625,10624,1
2019-06-20 16:00:53.408,10623,10624,10623,4
2019-06-20 16:01:13.793,10623,10624,10623,1
2019-06-20 16:01:54.009,10623,10624,10623,1
2019-06-20 16:01:56.493,10623,10624,10623,1
2019-06-20 16:01:56.758,10623,10624,10623,1
2019-06-20 16:02:02.431,10623,10624,10623,2
2019-06-20 16:02:04.455,10623,10624,10623,1
2019-06-20 16:02:08.953,10623,10624,10623,4
2019-06-20 16:02:21.164,10623,10624,10623,1
2019-06-20 16:02:22.086,10623,10624,10623,1
2019-06-20 16:02:37.111,10623,10624,10624,3
2019-06-20 16:02:37.113,10623,10624,10624,1
2019-06-20 16:02:37.120,10623,10624,10624,1
2019-06-20 16:02:37.149,10623,10624,10624,1
2019-06-20 16:02:37.150,10623,10624,10624,2
2019-06-20 16:02:37.150,10623,10624,10624,3
2019-06-20 16:02:37.150,10623,10624,10624,2
2019-06-20 16:02:37.150,10623,10624,10624,3
2019-06-20 16:02:43.420,10624,10625,10624,1
2019-06-20 16:02:54.230,10624,10625,10625,2
2019-06-20 16:03:04.031,10624,10625,10625,1
2019-06-20 16:03:27.298,10624,10625,10624,6
2019-06-20 16:03:34.194,10624,10625,10624,1
2019-06-20 16:03:45.668,10624,10625,10624,1
2019-06-20 16:04:18.650,10624,10625,10624,1
2019-06-20 16:04:27.868,10624,10625,10624,1
2019-06-20 16:04:46.721,10624,10625,10624,1
2019-06-20 16:05:55.771,10624,10625,10624,2
2019-06-20 16:05:58.342,10624,10625,10624,2
2019-06-20 16:06:01.840,10624,10625,10624,1
2019-06-20 16:06:02.090,10624,10625,10625,2
2019-06-20 16:06:02.093,10624,10625,10625,4
2019-06-20 16:06:02.749,10624,10625,10625,1
2019-06-20 16:06:03.420,10624,10625,10625,1
2019-06-20 16:06:08.874,10624,10625,10625,3
2019-06-20 16:06:09.466,10624,10625,10625,2
2019-06-20 16:06:14.808,10624,10625,10625,1
2019-06-20 16:06:25.436,10624,10625,10625,1
2019-06-20 16:06:32.460,10624,10625,10625,1
2019-06-20 16:06:42.552,10624,10625,10625,2
2019-06-20 16:06:43.985,10624,10625,10625,10
2019-06-20 16:06:47.253,10625,10626,10625,1
2019-06-20 16:07:17.866,10625,10626,10625,1
2019-06-20 16:07:18.327,10625,10626,10626,1
2019-06-20 16:07:23.594,10625,10626,10625,1
2019-06-20 16:07:24.081,10625,10626,10626,1
2019-06-20 16:07:35.632,10625,10626,10625,1
2019-06-20 16:07:42.823,10625,10626,10625,1
2019-06-20 16:07:43.376,10625,10626,10625,1
2019-06-20 16:07:57.905,10625,10626,10625,2
2019-06-20 16:08:03.975,10625,10626,10626,1
2019-06-20 16:08:17.171,10625,10626,10626,1
2019-06-20 16:08:20.059,10625,10626,10625,1
2019-06-20 16:08:30.322,10625,10626,10626,1
2019-06-20 16:08:34.915,10625,10626,10625,5
2019-06-20 16:08:36.659,10625,10626,10626,1
2019-06-20 16:08:42.554,10625,10626,10626,1
2019-06-20 16:08:55.548,10625,10626,10625,1
2019-06-20 16:09:01.785,10625,10626,10625,1
2019-06-20 16:09:14.959,10625,10626,10625,1
2019-06-20 16:09:15.685,10625,10626,10625,10
2019-06-20 16:09:19.421,10625,10626,10625,1
2019-06-20 16:09:37.041,10625,10626,10625,1
2019-06-20 16:09:38.342,10625,10626,10625,10
2019-06-20 16:09:49.072,10625,10626,10626,1
2019-06-20 16:09:50.570,10625,10626,10625,1
2019-06-20 16:10:02.447,10625,10626,10625,2
2019-06-20 16:10:18.132,10625,10626,10625,4
2019-06-20 16:10:20.352,10624,10625,10625,1
2019-06-20 16:10:22.239,10624,10625,10625,1
2019-06-20 16:10:25.563,10624,10625,10625,1
2019-06-20 16:10:30.085,10624,10625,10625,1
2019-06-20 16:10:30.761,10624,10625,10625,1
2019-06-20 16:10:33.012,10624,10625,10624,1
2019-06-20 16:10:36.964,10624,10625,10625,1
2019-06-20 16:10:41.309,10624,10625,10625,1
2019-06-20 16:10:43.217,10624,10625,10625,2
2019-06-20 16:11:20.964,10624,10625,10625,1
2019-06-20 16:11:20.964,10624,10625,10625,2
2019-06-20 16:11:20.964,10624,10625,10625,2
2019-06-20 16:11:20.965,10624,10625,10625,1
2019-06-20 16:11:38.148,10625,10626,10626,1
2019-06-20 16:11:39.514,10625,10626,10625,2
2019-06-20 16:11:48.166,10625,10626,10625,1
2019-06-20 16:12:06.281,10625,10626,10626,1
2019-06-20 16:12:06.740,10625,10626,10626,2
2019-06-20 16:12:06.818,10625,10626,10626,4
2019-06-20 16:12:07.483,10625,10626,10626,1
2019-06-20 16:12:07.848,10625,10626,10626,1
2019-06-20 16:12:08.700,10625,10626,10626,1
2019-06-20 16:12:27.387,10625,10626,10626,3
2019-06-20 16:12:27.949,10625,10626,10626,1
