2020-04-15,15:00:00.015000,10318,10319,10315,69
2020-04-15,15:00:00.016000,10315,10316,10316,1
2020-04-15,15:00:00.044000,10315,10316,10316,1
2020-04-15,15:00:00.088000,10315,10316,10317,1
2020-04-15,15:00:00.133000,10316,10318,10316,1
2020-04-15,15:00:00.133000,10316,10318,10315,11
2020-04-15,15:00:00.190000,10316,10318,10315,1
2020-04-15,15:00:00.208000,10316,10318,10315,1
2020-04-15,15:00:00.213000,10316,10318,10314,1
2020-04-15,15:00:00.229000,10316,10318,10318,3
2020-04-15,15:00:00.231000,10316,10318,10314,1
2020-04-15,15:00:00.245000,10316,10318,10314,1
2020-04-15,15:00:00.279000,10314,10317,10314,1
2020-04-15,15:00:00.279000,10314,10317,10313,1
2020-04-15,15:00:00.288000,10314,10317,10313,3
2020-04-15,15:00:00.316000,10314,10317,10313,1
2020-04-15,15:00:00.320000,10314,10317,10313,2
2020-04-15,15:00:00.349000,10314,10317,10312,1
2020-04-15,15:00:00.349000,10314,10317,10311,1
2020-04-15,15:00:00.350000,10314,10317,10316,1
2020-04-15,15:00:00.350000,10314,10317,10317,1
2020-04-15,15:00:00.357000,10314,10317,10312,1
2020-04-15,15:00:00.374000,10314,10317,10311,1
2020-04-15,15:00:00.380000,10311,10316,10311,2
2020-04-15,15:00:00.420000,10311,10316,10310,3
2020-04-15,15:00:00.432000,10311,10316,10310,2
2020-04-15,15:00:00.433000,10311,10316,10310,3
2020-04-15,15:00:00.451000,10311,10316,10309,1
2020-04-15,15:00:00.526000,10309,10315,10309,3
2020-04-15,15:00:00.526000,10309,10315,10308,2
2020-04-15,15:00:00.526000,10309,10315,10307,1
2020-04-15,15:00:00.574000,10309,10315,10315,1
2020-04-15,15:00:00.617000,10309,10315,10310,1
2020-04-15,15:00:00.620000,10309,10315,10310,1
2020-04-15,15:00:00.620000,10309,10315,10309,3
2020-04-15,15:00:00.620000,10309,10315,10308,1
2020-04-15,15:00:00.677000,10308,10313,10308,1
2020-04-15,15:00:00.678000,10308,10313,10308,1
2020-04-15,15:00:00.678000,10308,10313,10307,4
2020-04-15,15:00:00.678000,10308,10313,10306,2
2020-04-15,15:00:00.701000,10308,10313,10307,1
2020-04-15,15:00:00.715000,10308,10313,10313,1
2020-04-15,15:00:00.732000,10308,10313,10307,1
2020-04-15,15:00:00.744000,10308,10313,10307,1
2020-04-15,15:00:00.744000,10308,10313,10306,1
2020-04-15,15:00:00.766000,10307,10314,10314,2
2020-04-15,15:00:00.769000,10307,10314,10315,1
2020-04-15,15:00:00.772000,10307,10314,10309,1
2020-04-15,15:00:00.783000,10307,10314,10309,1
2020-04-15,15:00:00.790000,10307,10314,10308,1
2020-04-15,15:00:00.853000,10307,10314,10309,2
2020-04-15,15:00:00.867000,10307,10314,10308,3
2020-04-15,15:00:00.910000,10307,10310,10307,2
2020-04-15,15:00:00.986000,10307,10310,10307,1
2020-04-15,15:00:00.991000,10307,10310,10307,1
2020-04-15,15:00:01.090000,10307,10310,10309,1
2020-04-15,15:00:01.136000,10307,10310,10307,2
2020-04-15,15:00:01.185000,10307,10310,10310,1
2020-04-15,15:00:01.234000,10307,10310,10307,3
2020-04-15,15:00:01.248000,10307,10310,10306,1
2020-04-15,15:00:01.304000,10306,10310,10307,4
2020-04-15,15:00:01.470000,10308,10309,10310,8
2020-04-15,15:00:01.503000,10310,10311,10311,2
2020-04-15,15:00:01.529000,10310,10311,10311,2
2020-04-15,15:00:01.609000,10310,10311,10311,4
2020-04-15,15:00:01.611000,10310,10311,10312,1
2020-04-15,15:00:01.795000,10311,10314,10312,1
2020-04-15,15:00:01.800000,10311,10314,10312,3
2020-04-15,15:00:01.858000,10311,10314,10313,1
2020-04-15,15:00:02.100000,10313,10316,10313,2
2020-04-15,15:00:02.100000,10313,10316,10312,2
2020-04-15,15:00:02.135000,10313,10316,10316,1
2020-04-15,15:00:02.286000,10313,10316,10313,2
2020-04-15,15:00:02.294000,10313,10316,10316,1
2020-04-15,15:00:02.363000,10313,10316,10313,1
2020-04-15,15:00:02.363000,10313,10316,10312,3
2020-04-15,15:00:02.482000,10312,10314,10311,2
2020-04-15,15:00:02.570000,10311,10314,10311,2
2020-04-15,15:00:02.570000,10311,10314,10310,2
2020-04-15,15:00:02.586000,10311,10314,10313,1
2020-04-15,15:00:02.586000,10311,10314,10313,1
2020-04-15,15:00:02.595000,10311,10314,10314,1
2020-04-15,15:00:02.645000,10312,10315,10314,4
2020-04-15,15:00:02.645000,10312,10315,10315,1
2020-04-15,15:00:02.645000,10312,10315,10315,5
2020-04-15,15:00:02.715000,10312,10315,10314,4
2020-04-15,15:00:02.860000,10312,10316,10312,3
2020-04-15,15:00:02.860000,10312,10316,10311,1
2020-04-15,15:00:02.883000,10310,10316,10311,1
2020-04-15,15:00:02.907000,10310,10316,10312,1
2020-04-15,15:00:03.055000,10310,10313,10313,1
2020-04-15,15:00:03.058000,10310,10313,10310,2
2020-04-15,15:00:03.058000,10310,10313,10309,2
2020-04-15,15:00:03.094000,10310,10313,10309,2
2020-04-15,15:00:03.109000,10310,10313,10309,1
2020-04-15,15:00:03.351000,10309,10312,10312,2
2020-04-15,15:00:03.351000,10309,10312,10313,1
2020-04-15,15:00:03.352000,10309,10312,10311,1
2020-04-15,15:00:03.355000,10309,10312,10310,3
2020-04-15,15:00:03.378000,10309,10311,10311,1
2020-04-15,15:00:03.457000,10309,10311,10309,1
2020-04-15,15:00:03.463000,10309,10311,10309,4
2020-04-15,15:00:03.481000,10309,10311,10312,2
2020-04-15,15:00:03.653000,10310,10312,10312,1
2020-04-15,15:00:03.653000,10310,10312,10312,1
2020-04-15,15:00:03.798000,10310,10313,10311,1
2020-04-15,15:00:03.798000,10310,10313,10311,1
2020-04-15,15:00:04.212000,10312,10315,10312,2
2020-04-15,15:00:05.231000,10312,10314,10312,1
2020-04-15,15:00:05.231000,10312,10314,10312,1
2020-04-15,15:00:05.589000,10312,10313,10311,2
2020-04-15,15:00:05.711000,10310,10313,10312,2
2020-04-15,15:00:05.901000,10309,10312,10309,1
2020-04-15,15:00:06.544000,10310,10312,10310,2
2020-04-15,15:00:06.544000,10310,10312,10310,2
2020-04-15,15:00:06.803000,10308,10310,10310,2
2020-04-15,15:00:07.304000,10308,10310,10310,1
2020-04-15,15:00:07.419000,10308,10310,10309,1
2020-04-15,15:00:07.734000,10308,10309,10308,1
2020-04-15,15:00:07.985000,10308,10309,10309,1
2020-04-15,15:00:08.808000,10308,10309,10308,2
2020-04-15,15:00:08.808000,10308,10309,10308,2
2020-04-15,15:00:08.808000,10308,10309,10308,2
2020-04-15,15:00:08.900000,10307,10309,10306,6
2020-04-15,15:00:09.277000,10306,10308,10308,2
2020-04-15,15:00:09.503000,10307,10309,10309,1
2020-04-15,15:00:09.946000,10308,10310,10310,1
2020-04-15,15:00:10.991000,10309,10310,10310,5
2020-04-15,15:00:11.241000,10309,10311,10311,1
2020-04-15,15:00:11.242000,10309,10311,10311,1
2020-04-15,15:00:11.253000,10310,10311,10311,2
2020-04-15,15:00:11.259000,10310,10311,10313,3
2020-04-15,15:00:11.259000,10310,10311,10314,2
2020-04-15,15:00:11.378000,10311,10313,10313,1
2020-04-15,15:00:11.531000,10312,10314,10314,2
2020-04-15,15:00:11.531000,10312,10314,10315,2
2020-04-15,15:00:11.531000,10312,10314,10316,1
2020-04-15,15:00:11.774000,10313,10316,10316,5
2020-04-15,15:00:12.096000,10312,10314,10312,1
2020-04-15,15:00:12.147000,10312,10314,10314,1
2020-04-15,15:00:12.184000,10312,10314,10312,2
2020-04-15,15:00:12.423000,10313,10314,10313,1
2020-04-15,15:00:12.503000,10313,10314,10314,1
2020-04-15,15:00:12.598000,10313,10314,10315,1
2020-04-15,15:00:12.801000,10314,10315,10315,1
2020-04-15,15:00:13.003000,10315,10316,10315,1
2020-04-15,15:00:13.132000,10314,10315,10314,3
2020-04-15,15:00:13.195000,10314,10315,10314,1
2020-04-15,15:00:13.323000,10313,10314,10314,2
2020-04-15,15:00:13.504000,10313,10314,10314,1
2020-04-15,15:00:13.594000,10313,10314,10314,1
2020-04-15,15:00:13.594000,10313,10314,10315,1
2020-04-15,15:00:13.707000,10313,10315,10315,1
2020-04-15,15:00:13.721000,10313,10315,10313,2
2020-04-15,15:00:13.829000,10312,10313,10313,1
2020-04-15,15:00:13.878000,10312,10313,10312,1
2020-04-15,15:00:13.911000,10312,10313,10313,1
2020-04-15,15:00:13.923000,10312,10313,10313,1
2020-04-15,15:00:13.964000,10312,10313,10312,2
2020-04-15,15:00:14.003000,10311,10312,10312,1
2020-04-15,15:00:14.024000,10311,10312,10312,1
2020-04-15,15:00:14.111000,10311,10312,10313,1
2020-04-15,15:00:14.348000,10312,10314,10312,1
2020-04-15,15:00:14.510000,10311,10314,10314,1
2020-04-15,15:00:15.561000,10313,10315,10313,1
2020-04-15,15:00:15.652000,10313,10315,10313,1
2020-04-15,15:00:15.704000,10313,10315,10314,1
2020-04-15,15:00:16.044000,10314,10315,10314,1
2020-04-15,15:00:16.320000,10314,10315,10314,1
2020-04-15,15:00:16.438000,10314,10315,10314,1
2020-04-15,15:00:16.662000,10313,10315,10315,2
2020-04-15,15:00:16.936000,10313,10315,10313,1
2020-04-15,15:00:17.879000,10314,10315,10314,1
2020-04-15,15:00:18.144000,10313,10314,10314,1
2020-04-15,15:00:18.144000,10313,10314,10315,1
2020-04-15,15:00:18.448000,10314,10315,10314,1
2020-04-15,15:00:18.448000,10314,10315,10313,3
2020-04-15,15:00:18.482000,10314,10315,10313,2
2020-04-15,15:00:18.482000,10314,10315,10313,2
2020-04-15,15:00:18.685000,10312,10314,10313,4
2020-04-15,15:00:18.786000,10313,10314,10313,2
2020-04-15,15:00:18.786000,10313,10314,10313,2
2020-04-15,15:00:18.882000,10312,10314,10312,1
2020-04-15,15:00:19.100000,10312,10313,10312,2
2020-04-15,15:00:19.291000,10312,10314,10312,1
2020-04-15,15:00:19.378000,10313,10314,10313,1
2020-04-15,15:00:19.396000,10313,10314,10311,2
2020-04-15,15:00:19.806000,10311,10312,10311,2
2020-04-15,15:00:21.083000,10311,10312,10312,2
2020-04-15,15:00:22.008000,10311,10312,10311,1
2020-04-15,15:00:22.502000,10310,10311,10310,1
2020-04-15,15:00:23.017000,10310,10311,10310,3
2020-04-15,15:00:23.018000,10310,10311,10310,1
2020-04-15,15:00:23.458000,10310,10311,10311,1
2020-04-15,15:00:23.806000,10310,10311,10310,1
2020-04-15,15:00:24.425000,10309,10311,10311,1
2020-04-15,15:00:25.003000,10309,10310,10310,3
2020-04-15,15:00:25.128000,10309,10310,10310,1
2020-04-15,15:00:25.661000,10309,10311,10311,1
2020-04-15,15:00:25.878000,10310,10311,10311,4
2020-04-15,15:00:26.594000,10311,10312,10312,5
2020-04-15,15:00:26.753000,10311,10312,10312,1
2020-04-15,15:00:26.814000,10311,10312,10311,2
2020-04-15,15:00:26.871000,10311,10312,10313,5
2020-04-15,15:00:27.003000,10311,10312,10312,2
2020-04-15,15:00:27.094000,10311,10312,10312,1
2020-04-15,15:00:27.094000,10311,10312,10313,4
2020-04-15,15:00:27.409000,10311,10313,10313,3
2020-04-15,15:00:27.409000,10311,10313,10314,2
2020-04-15,15:00:29.628000,10311,10313,10311,1
2020-04-15,15:00:30.964000,10311,10313,10311,1
2020-04-15,15:00:31.335000,10311,10313,10313,3
2020-04-15,15:00:32.293000,10312,10313,10312,1
2020-04-15,15:00:32.331000,10312,10313,10312,4
2020-04-15,15:00:33.179000,10311,10313,10312,1
2020-04-15,15:00:34.723000,10311,10313,10311,1
2020-04-15,15:00:34.724000,10311,10313,10311,13
2020-04-15,15:00:35.429000,10310,10311,10311,1
2020-04-15,15:00:36.275000,10310,10311,10311,1
2020-04-15,15:00:37.006000,10310,10312,10310,1
2020-04-15,15:00:37.343000,10310,10312,10310,9
2020-04-15,15:00:37.434000,10310,10311,10310,4
2020-04-15,15:00:38.424000,10309,10311,10311,1
2020-04-15,15:00:39.825000,10309,10311,10309,2
2020-04-15,15:00:39.885000,10309,10311,10311,5
2020-04-15,15:00:39.982000,10309,10311,10310,1
2020-04-15,15:00:40.192000,10309,10311,10311,1
2020-04-15,15:00:42.196000,10310,10312,10312,1
2020-04-15,15:00:43.064000,10310,10311,10311,1
2020-04-15,15:00:43.427000,10311,10312,10311,1
2020-04-15,15:00:45.931000,10310,10311,10311,1
2020-04-15,15:00:46.216000,10310,10312,10310,1
2020-04-15,15:00:47.274000,10311,10312,10311,1
2020-04-15,15:00:47.291000,10311,10312,10311,3
2020-04-15,15:00:47.436000,10310,10312,10312,1
2020-04-15,15:00:47.797000,10311,10312,10312,1
2020-04-15,15:00:47.797000,10311,10312,10312,1
2020-04-15,15:00:47.798000,10311,10312,10312,1
2020-04-15,15:00:49.130000,10312,10313,10313,1
2020-04-15,15:00:49.253000,10312,10313,10313,3
2020-04-15,15:00:50.005000,10312,10314,10312,1
2020-04-15,15:00:50.105000,10312,10314,10313,2
2020-04-15,15:00:50.130000,10311,10313,10312,1
2020-04-15,15:00:50.130000,10311,10313,10312,1
2020-04-15,15:00:50.136000,10311,10313,10312,1
2020-04-15,15:00:50.649000,10311,10313,10311,10
2020-04-15,15:00:51.075000,10311,10313,10313,2
2020-04-15,15:00:52.211000,10311,10312,10312,2
2020-04-15,15:00:53.353000,10311,10312,10311,3
2020-04-15,15:00:54.619000,10311,10312,10311,6
2020-04-15,15:00:54.757000,10310,10311,10310,1
2020-04-15,15:00:55.109000,10310,10311,10311,1
2020-04-15,15:00:55.407000,10310,10311,10311,5
2020-04-15,15:00:55.670000,10310,10312,10310,3
2020-04-15,15:00:56.462000,10310,10311,10311,1
2020-04-15,15:00:56.462000,10310,10311,10312,3
2020-04-15,15:00:57.037000,10311,10312,10311,1
2020-04-15,15:00:57.580000,10311,10312,10311,1
2020-04-15,15:00:58.428000,10311,10312,10313,3
2020-04-15,15:00:58.430000,10311,10312,10313,5
2020-04-15,15:00:59.553000,10311,10313,10311,1
2020-04-15,15:00:59.894000,10311,10313,10311,1
2020-04-15,15:00:59.895000,10311,10313,10311,1
2020-04-15,15:00:59.896000,10311,10313,10311,1
2020-04-15,15:00:59.939000,10311,10313,10311,1
2020-04-15,15:01:00.082000,10310,10312,10310,1
2020-04-15,15:01:00.083000,10310,10312,10310,15
2020-04-15,15:01:00.084000,10310,10312,10310,1
2020-04-15,15:01:00.352000,10310,10312,10310,1
2020-04-15,15:01:00.352000,10310,10312,10309,6
2020-04-15,15:01:00.352000,10310,10312,10308,11
2020-04-15,15:01:00.363000,10310,10312,10308,1
2020-04-15,15:01:00.387000,10308,10310,10309,1
2020-04-15,15:01:00.394000,10308,10310,10309,1
2020-04-15,15:01:00.647000,10309,10311,10311,1
2020-04-15,15:01:01.178000,10309,10311,10311,4
2020-04-15,15:01:01.441000,10309,10311,10310,1
2020-04-15,15:01:01.513000,10310,10311,10310,2
2020-04-15,15:01:01.513000,10310,10311,10309,2
2020-04-15,15:01:01.520000,10310,10311,10308,4
2020-04-15,15:01:01.524000,10310,10311,10307,4
2020-04-15,15:01:01.530000,10310,10311,10308,4
2020-04-15,15:01:01.537000,10310,10311,10307,2
2020-04-15,15:01:01.552000,10310,10311,10307,2
2020-04-15,15:01:02.129000,10307,10309,10307,1
2020-04-15,15:01:02.451000,10308,10309,10309,1
2020-04-15,15:01:02.451000,10308,10309,10310,1
2020-04-15,15:01:03.018000,10308,10310,10310,1
2020-04-15,15:01:03.459000,10308,10310,10310,1
2020-04-15,15:01:03.462000,10308,10310,10310,4
2020-04-15,15:01:03.507000,10308,10310,10310,2
2020-04-15,15:01:03.725000,10309,10311,10311,1
2020-04-15,15:01:04.187000,10309,10311,10310,1
2020-04-15,15:01:04.189000,10309,10311,10311,1
2020-04-15,15:01:05.159000,10308,10310,10308,14
2020-04-15,15:01:05.484000,10307,10308,10308,1
2020-04-15,15:01:05.605000,10307,10308,10307,6
2020-04-15,15:01:05.606000,10307,10308,10307,2
2020-04-15,15:01:05.653000,10307,10308,10307,1
2020-04-15,15:01:07.392000,10306,10308,10307,1
2020-04-15,15:01:08.008000,10306,10307,10307,4
2020-04-15,15:01:08.886000,10306,10308,10308,1
2020-04-15,15:01:09.321000,10306,10308,10308,1
2020-04-15,15:01:09.632000,10306,10308,10308,1
2020-04-15,15:01:10.901000,10307,10308,10308,2
2020-04-15,15:01:11.003000,10307,10308,10308,1
2020-04-15,15:01:11.510000,10307,10308,10308,1
2020-04-15,15:01:11.628000,10307,10308,10308,2
2020-04-15,15:01:11.791000,10308,10309,10308,1
2020-04-15,15:01:12.388000,10307,10309,10307,3
2020-04-15,15:01:12.588000,10307,10309,10309,1
2020-04-15,15:01:13.431000,10308,10309,10308,1
2020-04-15,15:01:13.431000,10308,10309,10307,2
2020-04-15,15:01:13.802000,10307,10309,10307,1
2020-04-15,15:01:16.813000,10307,10308,10308,2
2020-04-15,15:01:17.308000,10307,10308,10307,10
2020-04-15,15:01:17.799000,10307,10308,10307,4
2020-04-15,15:01:18.003000,10306,10307,10306,1
2020-04-15,15:01:18.003000,10306,10307,10306,1
2020-04-15,15:01:18.128000,10306,10307,10306,5
2020-04-15,15:01:18.128000,10306,10307,10306,6
2020-04-15,15:01:18.684000,10305,10307,10305,2
2020-04-15,15:01:19.142000,10305,10307,10307,1
2020-04-15,15:01:19.808000,10306,10307,10307,1
2020-04-15,15:01:20.279000,10306,10307,10307,1
2020-04-15,15:01:20.279000,10306,10307,10308,4
2020-04-15,15:01:21.259000,10306,10308,10308,1
2020-04-15,15:01:21.656000,10306,10308,10306,1
2020-04-15,15:01:21.682000,10306,10308,10306,1
2020-04-15,15:01:22.296000,10306,10307,10307,1
2020-04-15,15:01:22.601000,10307,10308,10306,1
2020-04-15,15:01:24.118000,10306,10307,10307,3
2020-04-15,15:01:25.345000,10306,10308,10306,1
2020-04-15,15:01:26.304000,10306,10307,10306,3
2020-04-15,15:01:26.304000,10306,10307,10306,1
2020-04-15,15:01:26.304000,10306,10307,10306,1
2020-04-15,15:01:26.678000,10306,10307,10306,1
2020-04-15,15:01:26.911000,10305,10307,10307,2
2020-04-15,15:01:30.018000,10307,10308,10307,1
2020-04-15,15:01:30.018000,10307,10308,10306,2
2020-04-15,15:01:31.595000,10306,10308,10306,1
2020-04-15,15:01:32.114000,10306,10308,10306,4
2020-04-15,15:01:32.251000,10305,10306,10305,2
2020-04-15,15:01:33.732000,10305,10306,10306,1
2020-04-15,15:01:34.817000,10305,10306,10305,5
2020-04-15,15:01:34.891000,10305,10306,10305,4
2020-04-15,15:01:34.893000,10305,10306,10305,1
2020-04-15,15:01:35.066000,10304,10306,10305,5
2020-04-15,15:01:36.149000,10305,10306,10305,1
2020-04-15,15:01:36.532000,10305,10306,10305,5
2020-04-15,15:01:36.597000,10305,10306,10304,1
2020-04-15,15:01:37.328000,10305,10306,10305,1
2020-04-15,15:01:37.727000,10305,10306,10305,5
2020-04-15,15:01:38.483000,10304,10306,10304,1
2020-04-15,15:01:38.620000,10304,10305,10305,1
2020-04-15,15:01:38.963000,10304,10305,10305,1
2020-04-15,15:01:38.964000,10304,10305,10305,1
2020-04-15,15:01:39.110000,10304,10305,10305,1
2020-04-15,15:01:39.122000,10304,10305,10305,1
2020-04-15,15:01:39.487000,10305,10306,10306,4
2020-04-15,15:01:40.336000,10305,10306,10306,1
2020-04-15,15:01:40.718000,10305,10306,10305,1
2020-04-15,15:01:40.772000,10305,10306,10306,1
2020-04-15,15:01:41.064000,10305,10307,10307,1
2020-04-15,15:01:41.919000,10305,10306,10305,1
2020-04-15,15:01:43.186000,10305,10306,10306,1
2020-04-15,15:01:43.264000,10305,10306,10305,1
2020-04-15,15:01:43.392000,10305,10306,10305,5
2020-04-15,15:01:44.213000,10305,10306,10305,1
2020-04-15,15:01:44.448000,10305,10306,10305,5
2020-04-15,15:01:44.810000,10304,10306,10306,1
2020-04-15,15:01:45.774000,10305,10306,10306,1
2020-04-15,15:01:46.324000,10305,10307,10306,1
2020-04-15,15:01:46.387000,10305,10307,10305,1
2020-04-15,15:01:46.426000,10305,10307,10305,1
2020-04-15,15:01:48.269000,10305,10306,10305,1
2020-04-15,15:01:48.401000,10305,10306,10305,2
2020-04-15,15:01:48.492000,10305,10306,10306,4
2020-04-15,15:01:48.560000,10306,10307,10306,3
2020-04-15,15:01:48.560000,10306,10307,10305,2
2020-04-15,15:01:49.530000,10305,10307,10305,1
2020-04-15,15:01:49.570000,10305,10307,10305,1
2020-04-15,15:01:49.701000,10305,10307,10305,1
2020-04-15,15:01:50.511000,10305,10306,10305,1
2020-04-15,15:01:51.658000,10305,10307,10306,1
2020-04-15,15:01:51.883000,10305,10307,10305,1
2020-04-15,15:01:51.898000,10305,10307,10305,1
2020-04-15,15:01:52.378000,10306,10307,10307,4
2020-04-15,15:01:54.335000,10306,10308,10306,1
2020-04-15,15:01:54.339000,10306,10308,10306,3
2020-04-15,15:01:55.452000,10307,10308,10308,1
2020-04-15,15:01:55.570000,10307,10308,10307,1
2020-04-15,15:01:55.612000,10307,10308,10307,1
2020-04-15,15:01:56.410000,10307,10308,10307,1
2020-04-15,15:01:56.410000,10307,10308,10306,4
2020-04-15,15:02:00.307000,10307,10308,10308,12
2020-04-15,15:02:00.331000,10307,10308,10308,5
2020-04-15,15:02:00.331000,10307,10308,10309,18
2020-04-15,15:02:00.331000,10307,10308,10310,1
2020-04-15,15:02:00.332000,10307,10308,10309,1
2020-04-15,15:02:00.751000,10308,10309,10308,1
2020-04-15,15:02:01.146000,10308,10309,10308,1
2020-04-15,15:02:01.401000,10308,10309,10309,1
2020-04-15,15:02:01.511000,10308,10309,10308,2
2020-04-15,15:02:01.513000,10308,10309,10308,1
2020-04-15,15:02:01.514000,10308,10309,10308,1
2020-04-15,15:02:01.614000,10308,10309,10308,2
2020-04-15,15:02:01.895000,10307,10308,10308,1
2020-04-15,15:02:04.551000,10308,10309,10308,1
2020-04-15,15:02:05.755000,10308,10309,10308,1
2020-04-15,15:02:05.755000,10308,10309,10307,4
2020-04-15,15:02:05.947000,10307,10308,10308,1
2020-04-15,15:02:08.925000,10308,10309,10309,1
2020-04-15,15:02:09.519000,10309,10310,10309,1
2020-04-15,15:02:09.613000,10309,10310,10309,2
2020-04-15,15:02:09.770000,10309,10310,10309,1
2020-04-15,15:02:10.074000,10308,10310,10308,1
2020-04-15,15:02:12.285000,10308,10309,10309,1
2020-04-15,15:02:12.457000,10309,10310,10309,1
2020-04-15,15:02:15.501000,10309,10310,10309,1
2020-04-15,15:02:18.681000,10309,10310,10310,2
2020-04-15,15:02:18.681000,10309,10310,10310,2
2020-04-15,15:02:18.681000,10309,10310,10310,1
2020-04-15,15:02:18.681000,10309,10310,10310,1
2020-04-15,15:02:18.753000,10309,10310,10310,9
2020-04-15,15:02:20.768000,10310,10311,10311,4
2020-04-15,15:02:20.941000,10311,10312,10311,1
2020-04-15,15:02:24.147000,10311,10312,10311,1
2020-04-15,15:02:24.268000,10311,10312,10312,2
2020-04-15,15:02:25.051000,10311,10312,10312,5
2020-04-15,15:02:25.888000,10311,10313,10313,1
2020-04-15,15:02:26.158000,10312,10313,10312,1
2020-04-15,15:02:29.142000,10312,10313,10312,4
2020-04-15,15:02:29.209000,10312,10313,10312,1
2020-04-15,15:02:29.558000,10312,10313,10313,1
2020-04-15,15:02:29.868000,10312,10313,10313,1
2020-04-15,15:02:29.904000,10312,10313,10313,2
2020-04-15,15:02:31.145000,10312,10313,10312,1
2020-04-15,15:02:33.331000,10312,10313,10312,2
2020-04-15,15:02:33.825000,10311,10312,10311,1
2020-04-15,15:02:35.372000,10311,10312,10312,1
2020-04-15,15:02:35.372000,10311,10312,10313,1
2020-04-15,15:02:38.831000,10311,10312,10312,1
2020-04-15,15:02:39.365000,10311,10312,10312,2
2020-04-15,15:02:39.997000,10311,10312,10312,2
2020-04-15,15:02:40.976000,10311,10312,10312,10
2020-04-15,15:02:41.295000,10312,10313,10313,10
2020-04-15,15:02:42.945000,10313,10314,10314,1
2020-04-15,15:02:45.615000,10313,10314,10313,1
2020-04-15,15:02:46.010000,10312,10313,10312,1
2020-04-15,15:02:46.637000,10312,10313,10313,6
2020-04-15,15:02:46.827000,10313,10314,10314,3
2020-04-15,15:02:47.273000,10313,10314,10313,2
2020-04-15,15:02:47.275000,10313,10314,10313,1
2020-04-15,15:02:49.239000,10312,10313,10313,1
2020-04-15,15:02:49.239000,10312,10313,10314,1
2020-04-15,15:02:51.275000,10312,10313,10312,1
2020-04-15,15:02:51.275000,10312,10313,10312,1
2020-04-15,15:02:51.275000,10312,10313,10312,2
2020-04-15,15:02:51.275000,10312,10313,10312,1
2020-04-15,15:02:51.276000,10312,10313,10312,1
2020-04-15,15:02:53.044000,10311,10312,10312,1
2020-04-15,15:02:56.424000,10311,10312,10311,1
2020-04-15,15:02:58.073000,10311,10312,10312,1
2020-04-15,15:02:59.307000,10312,10313,10312,3
2020-04-15,15:03:01.676000,10311,10312,10312,1
2020-04-15,15:03:01.881000,10311,10312,10311,1
2020-04-15,15:03:02.136000,10311,10312,10311,1
2020-04-15,15:03:02.673000,10311,10312,10312,1
2020-04-15,15:03:02.754000,10311,10312,10312,1
2020-04-15,15:03:02.762000,10311,10312,10311,1
2020-04-15,15:03:02.766000,10311,10312,10311,1
2020-04-15,15:03:02.767000,10311,10312,10311,1
2020-04-15,15:03:04.829000,10311,10312,10312,2
2020-04-15,15:03:05.111000,10311,10312,10312,8
2020-04-15,15:03:06.277000,10311,10313,10311,1
2020-04-15,15:03:07.948000,10312,10313,10312,1
2020-04-15,15:03:08.099000,10311,10312,10312,1
2020-04-15,15:03:08.607000,10311,10313,10311,1
2020-04-15,15:03:09.944000,10312,10313,10312,1
2020-04-15,15:03:11.517000,10312,10313,10312,1
2020-04-15,15:03:12.034000,10312,10313,10312,1
2020-04-15,15:03:12.278000,10312,10313,10312,1
2020-04-15,15:03:12.509000,10311,10313,10311,1
2020-04-15,15:03:14.616000,10311,10312,10312,1
2020-04-15,15:03:17.670000,10312,10313,10312,1
2020-04-15,15:03:18.530000,10312,10313,10313,2
2020-04-15,15:03:18.530000,10312,10313,10313,1
2020-04-15,15:03:18.530000,10312,10313,10313,1
2020-04-15,15:03:18.530000,10312,10313,10313,1
2020-04-15,15:03:18.531000,10312,10313,10313,22
2020-04-15,15:03:18.753000,10313,10314,10314,1
2020-04-15,15:03:18.754000,10313,10314,10314,1
2020-04-15,15:03:18.754000,10313,10314,10314,1
2020-04-15,15:03:18.878000,10313,10314,10314,2
2020-04-15,15:03:18.878000,10313,10314,10314,7
2020-04-15,15:03:18.879000,10313,10314,10314,2
2020-04-15,15:03:20.734000,10313,10315,10313,1
2020-04-15,15:03:25.859000,10313,10314,10313,1
2020-04-15,15:03:26.005000,10312,10314,10313,1
2020-04-15,15:03:28.134000,10312,10313,10313,1
2020-04-15,15:03:28.164000,10312,10313,10314,1
2020-04-15,15:03:29.303000,10313,10314,10313,1
2020-04-15,15:03:31.625000,10313,10314,10313,1
2020-04-15,15:03:33.940000,10313,10314,10314,1
2020-04-15,15:03:34.502000,10313,10314,10314,1
2020-04-15,15:03:34.729000,10313,10314,10313,1
2020-04-15,15:03:34.729000,10313,10314,10313,4
2020-04-15,15:03:37.097000,10312,10313,10313,1
2020-04-15,15:03:40.512000,10312,10313,10313,2
2020-04-15,15:03:44.770000,10313,10314,10313,1
2020-04-15,15:03:48.503000,10312,10313,10313,10
2020-04-15,15:03:51.341000,10313,10314,10313,1
2020-04-15,15:03:54.991000,10313,10314,10314,2
2020-04-15,15:03:54.991000,10313,10314,10314,3
2020-04-15,15:03:54.991000,10313,10314,10314,1
2020-04-15,15:03:55.461000,10314,10315,10315,3
2020-04-15,15:03:55.503000,10314,10315,10315,1
2020-04-15,15:03:55.503000,10314,10315,10315,3
2020-04-15,15:03:55.505000,10314,10315,10315,7
2020-04-15,15:03:57.592000,10315,10316,10315,1
2020-04-15,15:03:58.167000,10315,10316,10315,1
2020-04-15,15:03:58.797000,10315,10316,10315,1
2020-04-15,15:04:00.383000,10315,10316,10316,1
2020-04-15,15:04:00.541000,10315,10316,10316,9
2020-04-15,15:04:01.756000,10316,10317,10316,1
2020-04-15,15:04:02.332000,10316,10317,10316,1
2020-04-15,15:04:02.355000,10316,10317,10316,1
2020-04-15,15:04:02.389000,10316,10317,10317,2
2020-04-15,15:04:02.391000,10316,10317,10317,1
2020-04-15,15:04:02.395000,10316,10317,10317,1
2020-04-15,15:04:02.397000,10316,10317,10317,2
2020-04-15,15:04:02.828000,10316,10318,10317,1
2020-04-15,15:04:02.868000,10316,10318,10317,3
2020-04-15,15:04:06.842000,10317,10318,10318,1
2020-04-15,15:04:07.401000,10317,10318,10317,4
2020-04-15,15:04:08.556000,10317,10318,10318,2
2020-04-15,15:04:09.937000,10317,10318,10318,3
2020-04-15,15:04:13.763000,10317,10318,10317,1
2020-04-15,15:04:15.416000,10317,10318,10317,1
2020-04-15,15:04:15.753000,10317,10318,10318,1
2020-04-15,15:04:17.244000,10317,10318,10318,1
2020-04-15,15:04:18.033000,10317,10318,10318,10
2020-04-15,15:04:18.961000,10317,10318,10318,1
2020-04-15,15:04:19.289000,10317,10319,10319,2
2020-04-15,15:04:19.680000,10318,10319,10318,1
2020-04-15,15:04:19.694000,10318,10319,10318,2
2020-04-15,15:04:20.106000,10317,10319,10319,1
2020-04-15,15:04:22.192000,10317,10318,10318,1
2020-04-15,15:04:22.838000,10317,10319,10319,1
2020-04-15,15:04:25.387000,10318,10319,10318,1
2020-04-15,15:04:25.503000,10318,10319,10318,1
2020-04-15,15:04:25.628000,10318,10319,10318,1
2020-04-15,15:04:27.315000,10317,10318,10318,2
2020-04-15,15:04:27.762000,10317,10318,10318,1
2020-04-15,15:04:29.583000,10317,10318,10318,1
2020-04-15,15:04:30.473000,10317,10318,10318,1
2020-04-15,15:04:30.790000,10317,10318,10318,1
2020-04-15,15:04:36.903000,10317,10318,10318,1
2020-04-15,15:04:38.146000,10317,10318,10318,4
2020-04-15,15:04:38.432000,10317,10318,10317,1
2020-04-15,15:04:38.511000,10317,10318,10317,15
2020-04-15,15:04:40.248000,10316,10317,10317,1
2020-04-15,15:04:40.248000,10316,10317,10318,1
2020-04-15,15:04:41.030000,10316,10317,10317,1
2020-04-15,15:04:42.346000,10317,10318,10318,1
2020-04-15,15:04:48.277000,10317,10318,10317,3
2020-04-15,15:04:48.893000,10316,10317,10316,1
2020-04-15,15:04:49.187000,10316,10317,10317,5
2020-04-15,15:04:50.323000,10317,10318,10317,5
2020-04-15,15:04:53.154000,10316,10317,10316,1
2020-04-15,15:04:55.907000,10317,10318,10317,1
2020-04-15,15:05:01.581000,10316,10317,10317,5
2020-04-15,15:05:01.842000,10316,10317,10316,1
2020-04-15,15:05:01.907000,10316,10317,10317,1
2020-04-15,15:05:01.933000,10316,10317,10317,1
2020-04-15,15:05:01.937000,10316,10317,10317,1
2020-04-15,15:05:02.113000,10316,10317,10316,1
2020-04-15,15:05:02.115000,10316,10317,10316,13
2020-04-15,15:05:02.385000,10315,10316,10316,1
2020-04-15,15:05:02.586000,10315,10316,10315,2
2020-04-15,15:05:03.048000,10315,10316,10315,3
2020-04-15,15:05:03.221000,10315,10316,10316,1
2020-04-15,15:05:06.943000,10315,10316,10316,1
2020-04-15,15:05:08.030000,10315,10316,10315,24
2020-04-15,15:05:08.132000,10314,10315,10314,9
2020-04-15,15:05:09.553000,10314,10316,10316,5
2020-04-15,15:05:10.112000,10315,10316,10315,1
2020-04-15,15:05:10.676000,10315,10316,10315,1
2020-04-15,15:05:10.831000,10315,10316,10315,1
2020-04-15,15:05:12.477000,10315,10316,10316,2
2020-04-15,15:05:12.503000,10315,10316,10316,8
2020-04-15,15:05:12.516000,10315,10316,10316,8
2020-04-15,15:05:13.275000,10316,10317,10316,1
2020-04-15,15:05:13.373000,10316,10317,10316,1
2020-04-15,15:05:13.373000,10316,10317,10315,5
2020-04-15,15:05:20.672000,10315,10316,10315,1
2020-04-15,15:05:21.680000,10315,10316,10315,2
2020-04-15,15:05:21.732000,10315,10316,10315,6
2020-04-15,15:05:23.345000,10314,10315,10315,1
2020-04-15,15:05:24.302000,10314,10315,10315,2
2020-04-15,15:05:26.199000,10314,10315,10315,1
2020-04-15,15:05:29.222000,10314,10315,10315,1
2020-04-15,15:05:29.838000,10314,10315,10315,1
2020-04-15,15:05:32.530000,10315,10316,10316,1
2020-04-15,15:05:33.188000,10315,10316,10316,1
2020-04-15,15:05:33.643000,10315,10317,10315,1
2020-04-15,15:05:38.681000,10315,10316,10315,3
2020-04-15,15:05:38.681000,10315,10316,10315,1
2020-04-15,15:05:38.682000,10315,10316,10315,2
2020-04-15,15:05:38.682000,10315,10316,10315,3
2020-04-15,15:05:38.682000,10315,10316,10315,1
2020-04-15,15:05:38.682000,10315,10316,10315,1
2020-04-15,15:05:38.682000,10315,10316,10315,4
2020-04-15,15:05:38.682000,10315,10316,10315,1
2020-04-15,15:05:40.014000,10314,10315,10315,1
2020-04-15,15:05:40.014000,10314,10315,10315,1
2020-04-15,15:05:42.235000,10315,10316,10315,1
2020-04-15,15:05:46.271000,10314,10315,10315,1
2020-04-15,15:05:46.496000,10314,10316,10315,3
2020-04-15,15:05:47.474000,10314,10315,10314,11
2020-04-15,15:05:50.073000,10313,10314,10313,1
2020-04-15,15:05:50.141000,10313,10314,10313,2
2020-04-15,15:05:52.937000,10313,10314,10313,1
2020-04-15,15:05:53.929000,10313,10314,10314,1
2020-04-15,15:05:53.951000,10313,10314,10314,1
2020-04-15,15:05:56.588000,10313,10314,10313,2
2020-04-15,15:05:56.628000,10313,10314,10313,6
2020-04-15,15:05:56.628000,10313,10314,10313,1
2020-04-15,15:05:59.123000,10312,10313,10312,1
2020-04-15,15:05:59.159000,10312,10313,10312,1
2020-04-15,15:05:59.279000,10312,10313,10313,1
2020-04-15,15:06:10.157000,10312,10313,10313,8
2020-04-15,15:06:10.207000,10312,10313,10313,2
2020-04-15,15:06:13.964000,10313,10314,10313,1
2020-04-15,15:06:14.166000,10313,10314,10313,1
2020-04-15,15:06:15.704000,10313,10314,10313,2
2020-04-15,15:06:16.929000,10312,10314,10312,1
2020-04-15,15:06:20.791000,10312,10313,10313,1
2020-04-15,15:06:25.100000,10312,10313,10313,1
2020-04-15,15:06:25.100000,10312,10313,10313,1
2020-04-15,15:06:25.100000,10312,10313,10313,2
2020-04-15,15:06:25.593000,10313,10314,10313,1
2020-04-15,15:06:25.941000,10313,10314,10313,1
2020-04-15,15:06:27.333000,10313,10314,10313,2
2020-04-15,15:06:27.920000,10313,10314,10314,4
2020-04-15,15:06:28.198000,10314,10315,10315,1
2020-04-15,15:06:29.021000,10314,10315,10314,1
2020-04-15,15:06:30.977000,10314,10315,10314,3
2020-04-15,15:06:31.405000,10314,10315,10314,1
2020-04-15,15:06:31.503000,10314,10315,10314,1
2020-04-15,15:06:39.667000,10313,10314,10314,1
2020-04-15,15:06:40.568000,10313,10314,10314,2
2020-04-15,15:06:41.729000,10313,10314,10313,1
2020-04-15,15:06:41.730000,10313,10314,10313,4
2020-04-15,15:06:41.730000,10313,10314,10313,4
2020-04-15,15:06:41.730000,10313,10314,10313,1
2020-04-15,15:06:43.909000,10312,10313,10313,2
2020-04-15,15:06:43.909000,10312,10313,10314,1
2020-04-15,15:06:45.001000,10313,10314,10313,1
2020-04-15,15:06:47.373000,10312,10313,10312,1
2020-04-15,15:06:54.951000,10312,10313,10313,1
2020-04-15,15:06:58.429000,10312,10313,10312,1
2020-04-15,15:07:00.079000,10312,10313,10312,1
2020-04-15,15:07:01.367000,10312,10313,10312,1
2020-04-15,15:07:01.367000,10312,10313,10312,1
2020-04-15,15:07:01.378000,10312,10313,10312,2
2020-04-15,15:07:01.378000,10312,10313,10312,6
2020-04-15,15:07:01.378000,10312,10313,10312,2
2020-04-15,15:07:02.959000,10311,10312,10312,2
2020-04-15,15:07:04.288000,10311,10312,10311,1
2020-04-15,15:07:04.781000,10311,10312,10311,1
2020-04-15,15:07:04.786000,10311,10312,10311,1
2020-04-15,15:07:04.792000,10311,10312,10310,1
2020-04-15,15:07:04.804000,10311,10312,10310,1
2020-04-15,15:07:08.206000,10311,10312,10311,1
2020-04-15,15:07:09.938000,10311,10312,10311,1
2020-04-15,15:07:15.421000,10311,10312,10311,1
2020-04-15,15:07:16.845000,10311,10312,10312,1
2020-04-15,15:07:20.086000,10311,10312,10312,6
2020-04-15,15:07:21.212000,10312,10313,10313,2
2020-04-15,15:07:21.832000,10312,10313,10313,3
2020-04-15,15:07:21.878000,10312,10313,10313,5
2020-04-15,15:07:23.712000,10313,10314,10314,1
2020-04-15,15:07:24.045000,10313,10314,10314,1
2020-04-15,15:07:26.658000,10314,10315,10315,1
2020-04-15,15:07:26.753000,10314,10315,10315,6
2020-04-15,15:07:26.753000,10314,10315,10315,6
2020-04-15,15:07:29.459000,10315,10316,10315,1
2020-04-15,15:07:30.604000,10313,10315,10313,1
2020-04-15,15:07:37.858000,10312,10313,10313,1
2020-04-15,15:07:39.717000,10312,10313,10313,2
2020-04-15,15:07:40.363000,10313,10314,10313,1
2020-04-15,15:07:44.833000,10313,10314,10313,1
2020-04-15,15:07:47.676000,10313,10314,10313,2
2020-04-15,15:07:48.938000,10313,10314,10314,1
2020-04-15,15:07:49.053000,10313,10314,10313,1
2020-04-15,15:07:55.852000,10313,10314,10313,1
2020-04-15,15:08:00.089000,10313,10314,10313,4
2020-04-15,15:08:00.089000,10313,10314,10313,1
2020-04-15,15:08:01.545000,10312,10313,10313,5
2020-04-15,15:08:04.939000,10312,10313,10313,1
2020-04-15,15:08:10.555000,10313,10314,10313,1
2020-04-15,15:08:12.253000,10313,10314,10314,2
2020-04-15,15:08:12.264000,10313,10314,10314,1
2020-04-15,15:08:12.277000,10313,10314,10314,2
2020-04-15,15:08:12.277000,10313,10314,10314,3
2020-04-15,15:08:15.265000,10313,10315,10313,2
2020-04-15,15:08:17.135000,10313,10314,10314,2
2020-04-15,15:08:18.870000,10313,10314,10313,2
2020-04-15,15:08:22.186000,10313,10314,10314,1
2020-04-15,15:08:27.373000,10313,10314,10314,1
2020-04-15,15:08:28.243000,10313,10314,10314,1
2020-04-15,15:08:29.020000,10313,10314,10314,1
2020-04-15,15:08:29.502000,10313,10314,10314,1
2020-04-15,15:08:31.374000,10313,10314,10314,1
2020-04-15,15:08:31.906000,10313,10314,10314,1
2020-04-15,15:08:34.091000,10313,10314,10313,1
2020-04-15,15:08:34.503000,10313,10314,10313,3
2020-04-15,15:08:36.954000,10312,10314,10312,1
2020-04-15,15:08:37.656000,10313,10314,10313,5
2020-04-15,15:08:38.138000,10312,10313,10313,1
2020-04-15,15:08:46.786000,10312,10313,10312,1
2020-04-15,15:08:49.518000,10312,10313,10313,5
2020-04-15,15:08:50.472000,10313,10314,10313,1
2020-04-15,15:08:57.458000,10313,10314,10313,1
2020-04-15,15:09:04.628000,10313,10314,10313,1
2020-04-15,15:09:04.983000,10312,10314,10312,2
2020-04-15,15:09:05.029000,10312,10314,10312,4
2020-04-15,15:09:05.087000,10312,10314,10313,1
2020-04-15,15:09:05.087000,10312,10314,10314,1
2020-04-15,15:09:08.087000,10312,10314,10314,2
2020-04-15,15:09:12.765000,10312,10313,10312,1
2020-04-15,15:09:15.417000,10312,10313,10312,1
2020-04-15,15:09:20.601000,10312,10313,10313,2
2020-04-15,15:09:22.780000,10312,10313,10313,5
2020-04-15,15:09:22.780000,10312,10313,10313,1
2020-04-15,15:09:22.781000,10312,10313,10313,4
2020-04-15,15:09:25.235000,10312,10313,10312,2
2020-04-15,15:09:25.878000,10312,10313,10312,9
2020-04-15,15:09:25.880000,10312,10313,10312,1
2020-04-15,15:09:31.248000,10311,10312,10311,4
2020-04-15,15:09:31.267000,10310,10311,10311,1
2020-04-15,15:09:31.305000,10310,10311,10311,1
2020-04-15,15:09:33.806000,10310,10311,10311,1
2020-04-15,15:09:34.012000,10310,10311,10311,1
2020-04-15,15:09:37.229000,10310,10311,10310,20
2020-04-15,15:09:37.887000,10310,10311,10311,3
2020-04-15,15:09:37.887000,10310,10311,10312,7
2020-04-15,15:09:38.274000,10311,10312,10311,1
2020-04-15,15:09:40.146000,10311,10313,10311,7
2020-04-15,15:09:40.146000,10311,10313,10310,12
2020-04-15,15:09:41.836000,10311,10312,10311,1
2020-04-15,15:09:42.200000,10310,10312,10310,1
2020-04-15,15:09:43.038000,10310,10312,10312,2
2020-04-15,15:09:43.863000,10311,10312,10311,1
2020-04-15,15:09:43.930000,10311,10312,10311,1
2020-04-15,15:09:46.123000,10311,10312,10311,2
2020-04-15,15:09:47.574000,10311,10312,10311,1
2020-04-15,15:09:57.718000,10311,10312,10311,2
2020-04-15,15:09:58.753000,10311,10312,10312,2
2020-04-15,15:09:58.878000,10311,10312,10312,1
2020-04-15,15:09:59.183000,10311,10313,10311,1
2020-04-15,15:10:08.016000,10311,10312,10311,13
2020-04-15,15:10:08.521000,10310,10311,10310,1
2020-04-15,15:10:08.683000,10310,10311,10310,1
2020-04-15,15:10:15.929000,10311,10312,10312,2
2020-04-15,15:10:16.014000,10311,10313,10311,1
2020-04-15,15:10:21.524000,10312,10313,10312,1
2020-04-15,15:10:26.573000,10312,10313,10313,1
2020-04-15,15:10:26.754000,10312,10313,10313,1
2020-04-15,15:10:31.381000,10312,10313,10313,4
2020-04-15,15:10:31.630000,10313,10314,10313,1
2020-04-15,15:10:32.322000,10313,10314,10314,1
2020-04-15,15:10:34.860000,10313,10314,10314,1
2020-04-15,15:10:34.936000,10313,10314,10313,1
2020-04-15,15:10:35.097000,10312,10314,10312,1
2020-04-15,15:10:42.567000,10313,10314,10313,2
2020-04-15,15:10:42.686000,10313,10314,10313,1
2020-04-15,15:10:43.365000,10313,10314,10313,1
2020-04-15,15:10:51.517000,10313,10314,10314,1
2020-04-15,15:10:56.900000,10313,10314,10314,1
2020-04-15,15:10:57.152000,10313,10314,10313,1
2020-04-15,15:10:57.825000,10313,10314,10314,5
2020-04-15,15:10:58.867000,10313,10314,10314,3
2020-04-15,15:10:59.849000,10314,10315,10314,2
2020-04-15,15:11:02.864000,10314,10315,10314,1
2020-04-15,15:11:03.353000,10313,10315,10314,1
2020-04-15,15:11:05.399000,10313,10314,10313,1
2020-04-15,15:11:05.436000,10313,10314,10313,1
2020-04-15,15:11:05.436000,10313,10314,10313,3
2020-04-15,15:11:05.437000,10313,10314,10313,1
2020-04-15,15:11:05.464000,10313,10314,10313,1
2020-04-15,15:11:05.464000,10313,10314,10313,1
2020-04-15,15:11:05.503000,10313,10314,10313,4
2020-04-15,15:11:05.503000,10313,10314,10313,6
2020-04-15,15:11:05.503000,10313,10314,10313,4
2020-04-15,15:11:05.503000,10313,10314,10313,5
2020-04-15,15:11:08.825000,10312,10313,10312,1
2020-04-15,15:11:15.244000,10312,10313,10312,3
2020-04-15,15:11:18.418000,10312,10313,10312,1
2020-04-15,15:11:21.778000,10312,10313,10312,1
2020-04-15,15:11:22.478000,10311,10312,10311,10
2020-04-15,15:11:24.801000,10310,10311,10311,1
2020-04-15,15:11:30.370000,10311,10312,10311,1
2020-04-15,15:11:32.389000,10310,10311,10310,1
2020-04-15,15:11:32.981000,10310,10311,10311,1
2020-04-15,15:11:32.981000,10310,10311,10312,2
2020-04-15,15:11:35.970000,10311,10312,10311,1
2020-04-15,15:11:41.231000,10310,10311,10310,16
2020-04-15,15:11:41.460000,10309,10310,10309,19
2020-04-15,15:11:41.460000,10309,10310,10309,2
2020-04-15,15:11:41.503000,10309,10310,10309,7
2020-04-15,15:11:41.538000,10309,10310,10308,1
2020-04-15,15:11:41.619000,10309,10310,10309,1
2020-04-15,15:11:42.964000,10308,10309,10309,1
2020-04-15,15:11:43.045000,10308,10310,10308,6
2020-04-15,15:11:43.620000,10308,10309,10308,3
2020-04-15,15:11:46.084000,10308,10309,10308,1
2020-04-15,15:11:46.533000,10308,10309,10309,3
2020-04-15,15:11:47.252000,10308,10309,10308,1
2020-04-15,15:11:47.965000,10308,10309,10309,1
2020-04-15,15:11:49.917000,10308,10309,10309,1
2020-04-15,15:11:49.917000,10308,10309,10309,1
2020-04-15,15:11:51.305000,10310,10311,10310,1
2020-04-15,15:11:51.378000,10310,10311,10310,4
2020-04-15,15:11:52.799000,10309,10310,10309,1
2020-04-15,15:12:01.130000,10309,10310,10310,1
2020-04-15,15:12:02.298000,10309,10310,10310,1
2020-04-15,15:12:02.487000,10309,10310,10310,1
2020-04-15,15:12:03.378000,10310,10311,10310,4
2020-04-15,15:12:03.632000,10309,10310,10310,1
2020-04-15,15:12:08.290000,10309,10310,10310,1
2020-04-15,15:12:12.356000,10309,10310,10309,1
2020-04-15,15:12:15.260000,10309,10310,10310,3
2020-04-15,15:12:28.210000,10309,10310,10310,1
2020-04-15,15:12:28.893000,10309,10310,10309,1
2020-04-15,15:12:29.601000,10309,10310,10309,1
2020-04-15,15:12:34.457000,10309,10310,10310,2
2020-04-15,15:12:35.867000,10310,10311,10310,1
2020-04-15,15:12:38.383000,10310,10311,10311,1
2020-04-15,15:12:39.592000,10310,10311,10310,1
2020-04-15,15:12:41.724000,10310,10311,10311,1
2020-04-15,15:12:42.485000,10310,10311,10310,1
2020-04-15,15:12:42.929000,10310,10311,10310,1
2020-04-15,15:12:43.666000,10310,10311,10310,3
2020-04-15,15:12:47.047000,10310,10311,10310,4
2020-04-15,15:12:54.667000,10310,10311,10311,1
2020-04-15,15:12:56.543000,10310,10311,10310,2
2020-04-15,15:12:57.397000,10310,10311,10311,3
2020-04-15,15:12:57.398000,10310,10311,10311,1
2020-04-15,15:13:01.503000,10311,10312,10312,4
2020-04-15,15:13:02.195000,10312,10313,10313,4
2020-04-15,15:13:02.383000,10312,10313,10313,2
2020-04-15,15:13:05.443000,10313,10314,10313,1
2020-04-15,15:13:08.802000,10313,10314,10314,1
2020-04-15,15:13:08.906000,10313,10314,10313,1
2020-04-15,15:13:11.002000,10313,10314,10314,1
2020-04-15,15:13:11.003000,10313,10314,10314,6
2020-04-15,15:13:11.003000,10313,10314,10314,2
2020-04-15,15:13:11.850000,10314,10315,10314,1
2020-04-15,15:13:12.766000,10314,10315,10314,5
2020-04-15,15:13:13.006000,10314,10315,10314,5
2020-04-15,15:13:13.400000,10314,10315,10314,1
2020-04-15,15:13:15.444000,10313,10315,10315,2
2020-04-15,15:13:18.314000,10314,10315,10315,1
2020-04-15,15:13:19.509000,10314,10315,10314,5
2020-04-15,15:13:19.695000,10314,10315,10314,2
2020-04-15,15:13:19.695000,10314,10315,10313,3
2020-04-15,15:13:23.138000,10314,10315,10314,2
2020-04-15,15:13:25.269000,10314,10315,10314,1
2020-04-15,15:13:27.462000,10314,10315,10314,1
2020-04-15,15:13:28.438000,10314,10315,10314,1
2020-04-15,15:13:29.335000,10313,10314,10313,6
2020-04-15,15:13:30.253000,10313,10314,10313,4
2020-04-15,15:13:30.253000,10313,10314,10313,2
2020-04-15,15:13:30.254000,10313,10314,10313,4
2020-04-15,15:13:30.254000,10313,10314,10313,2
2020-04-15,15:13:30.254000,10313,10314,10313,1
2020-04-15,15:13:30.254000,10313,10314,10313,1
2020-04-15,15:13:30.254000,10313,10314,10313,2
2020-04-15,15:13:32.863000,10313,10314,10314,1
2020-04-15,15:13:32.938000,10313,10314,10314,1
2020-04-15,15:13:35.581000,10313,10314,10313,1
2020-04-15,15:13:36.103000,10313,10314,10314,1
2020-04-15,15:13:42.425000,10313,10314,10313,2
2020-04-15,15:13:43.731000,10313,10314,10314,1
2020-04-15,15:13:43.867000,10313,10314,10313,1
2020-04-15,15:13:56.836000,10312,10313,10313,2
2020-04-15,15:14:00.405000,10312,10313,10313,1
2020-04-15,15:14:02.345000,10312,10313,10312,2
2020-04-15,15:14:03.090000,10311,10312,10312,1
2020-04-15,15:14:05.198000,10311,10312,10311,1
2020-04-15,15:14:09.735000,10311,10312,10311,1
2020-04-15,15:14:13.097000,10310,10312,10310,2
2020-04-15,15:14:14.063000,10310,10312,10310,1
2020-04-15,15:14:20.361000,10310,10311,10310,1
2020-04-15,15:14:21.433000,10310,10311,10310,1
2020-04-15,15:14:23.330000,10310,10311,10310,1
2020-04-15,15:14:24.496000,10310,10311,10311,1
2020-04-15,15:14:26.712000,10310,10311,10310,1
2020-04-15,15:14:31.858000,10310,10311,10310,2
2020-04-15,15:14:31.862000,10310,10311,10310,2
2020-04-15,15:14:32.726000,10309,10310,10310,2
2020-04-15,15:14:32.809000,10309,10311,10311,1
2020-04-15,15:14:35.328000,10310,10312,10312,1
2020-04-15,15:14:36.451000,10310,10312,10310,1
2020-04-15,15:14:40.777000,10310,10312,10310,1
2020-04-15,15:14:50.715000,10311,10312,10311,1
2020-04-15,15:14:57.545000,10311,10312,10312,4
2020-04-15,15:15:02.243000,10311,10312,10311,2
2020-04-15,15:15:02.634000,10311,10312,10311,1
2020-04-15,15:15:02.689000,10311,10312,10312,1
2020-04-15,15:15:02.745000,10311,10312,10310,1
2020-04-15,15:15:04.476000,10310,10311,10311,1
2020-04-15,15:15:05.442000,10310,10311,10311,2
2020-04-15,15:15:13.823000,10310,10311,10310,2
2020-04-15,15:15:14.225000,10310,10311,10311,1
2020-04-15,15:15:20.461000,10310,10311,10310,4
2020-04-15,15:15:20.463000,10310,10311,10310,6
2020-04-15,15:15:25.706000,10309,10310,10309,1
2020-04-15,15:15:27.412000,10309,10310,10310,1
2020-04-15,15:15:27.707000,10309,10310,10309,1
2020-04-15,15:15:28.584000,10309,10310,10309,5
2020-04-15,15:15:29.075000,10309,10310,10310,1
2020-04-15,15:15:30.483000,10309,10310,10310,1
2020-04-15,15:15:38.769000,10309,10310,10309,1
2020-04-15,15:15:47.094000,10309,10310,10309,1
2020-04-15,15:15:50.570000,10309,10310,10310,6
2020-04-15,15:15:53.628000,10310,10311,10311,10
2020-04-15,15:15:55.167000,10311,10312,10312,7
2020-04-15,15:15:55.886000,10312,10313,10312,2
2020-04-15,15:15:56.612000,10312,10313,10312,1
2020-04-15,15:16:00.719000,10312,10313,10313,1
2020-04-15,15:16:00.969000,10312,10313,10312,2
2020-04-15,15:16:01.463000,10311,10312,10312,1
2020-04-15,15:16:03.449000,10311,10312,10312,1
2020-04-15,15:16:03.450000,10311,10312,10312,1
2020-04-15,15:16:06.594000,10312,10313,10312,1
2020-04-15,15:16:07.675000,10311,10312,10312,1
2020-04-15,15:16:07.835000,10311,10313,10311,1
2020-04-15,15:16:15.665000,10311,10312,10311,1
2020-04-15,15:16:32.783000,10310,10311,10310,1
2020-04-15,15:16:33.421000,10309,10310,10309,1
2020-04-15,15:16:37.283000,10309,10310,10310,5
2020-04-15,15:16:37.284000,10309,10310,10310,3
2020-04-15,15:16:37.284000,10309,10310,10310,4
2020-04-15,15:16:37.284000,10309,10310,10310,1
2020-04-15,15:16:37.287000,10309,10310,10310,1
2020-04-15,15:16:45.140000,10309,10310,10310,1
2020-04-15,15:16:46.020000,10309,10310,10309,1
2020-04-15,15:16:50.424000,10309,10310,10309,10
2020-04-15,15:16:53.415000,10308,10309,10309,1
2020-04-15,15:16:56.264000,10308,10309,10308,1
2020-04-15,15:16:56.597000,10308,10309,10308,2
2020-04-15,15:16:56.642000,10308,10309,10308,3
2020-04-15,15:16:56.649000,10308,10309,10308,2
2020-04-15,15:16:57.463000,10308,10309,10308,1
2020-04-15,15:16:58.447000,10307,10308,10308,1
2020-04-15,15:17:00.164000,10307,10308,10308,1
2020-04-15,15:17:05.146000,10308,10309,10308,1
2020-04-15,15:17:05.223000,10308,10309,10309,1
2020-04-15,15:17:07.572000,10308,10309,10309,1
2020-04-15,15:17:07.572000,10308,10309,10309,2
2020-04-15,15:17:09.953000,10308,10309,10308,3
2020-04-15,15:17:11.753000,10308,10309,10308,1
2020-04-15,15:17:15.753000,10308,10309,10308,3
2020-04-15,15:17:15.878000,10308,10309,10308,5
2020-04-15,15:17:17.371000,10307,10308,10308,1
2020-04-15,15:17:17.881000,10307,10308,10307,10
2020-04-15,15:17:18.003000,10307,10308,10307,4
2020-04-15,15:17:18.136000,10307,10308,10308,1
2020-04-15,15:17:18.648000,10307,10308,10307,1
2020-04-15,15:17:18.654000,10307,10308,10307,1
2020-04-15,15:17:22.324000,10307,10308,10307,1
2020-04-15,15:17:24.086000,10307,10308,10307,2
2020-04-15,15:17:24.476000,10307,10308,10307,4
2020-04-15,15:17:24.668000,10306,10307,10307,1
2020-04-15,15:17:25.476000,10306,10307,10306,3
2020-04-15,15:17:26.684000,10306,10307,10307,1
2020-04-15,15:17:27.341000,10306,10307,10306,1
2020-04-15,15:17:27.525000,10306,10307,10306,1
2020-04-15,15:17:29.837000,10306,10307,10306,1
2020-04-15,15:17:32.955000,10306,10307,10306,1
2020-04-15,15:17:35.843000,10306,10307,10307,2
2020-04-15,15:17:35.844000,10306,10307,10307,4
2020-04-15,15:17:38.607000,10307,10308,10308,1
2020-04-15,15:17:43.355000,10307,10308,10308,6
2020-04-15,15:17:44.695000,10308,10309,10309,2
2020-04-15,15:17:46.341000,10309,10310,10310,4
2020-04-15,15:17:58.329000,10310,10311,10310,1
2020-04-15,15:18:01.150000,10310,10311,10310,1
2020-04-15,15:18:02.405000,10310,10311,10310,3
2020-04-15,15:18:02.989000,10310,10311,10311,8
2020-04-15,15:18:06.931000,10310,10312,10312,1
2020-04-15,15:18:07.201000,10311,10312,10311,1
2020-04-15,15:18:11.591000,10311,10312,10311,1
2020-04-15,15:18:16.598000,10311,10312,10312,1
2020-04-15,15:18:25.669000,10311,10312,10311,1
2020-04-15,15:18:25.812000,10311,10312,10312,1
2020-04-15,15:18:29.187000,10311,10312,10311,1
2020-04-15,15:18:34.314000,10311,10312,10311,2
2020-04-15,15:18:34.314000,10311,10312,10311,2
2020-04-15,15:18:36.354000,10310,10311,10310,2
2020-04-15,15:18:38.310000,10309,10310,10309,1
2020-04-15,15:18:42.462000,10309,10310,10309,9
2020-04-15,15:18:46.468000,10308,10309,10308,1
2020-04-15,15:18:47.094000,10308,10309,10308,1
2020-04-15,15:18:48.939000,10308,10309,10309,1
2020-04-15,15:18:50.679000,10308,10309,10308,1
2020-04-15,15:18:53.606000,10307,10308,10308,1
2020-04-15,15:18:55.530000,10307,10308,10307,1
2020-04-15,15:18:57.505000,10307,10308,10307,1
2020-04-15,15:19:01.880000,10307,10308,10307,1
2020-04-15,15:19:03.476000,10307,10308,10307,2
2020-04-15,15:19:11.784000,10306,10307,10307,1
2020-04-15,15:19:12.091000,10306,10307,10307,1
2020-04-15,15:19:14.044000,10306,10307,10307,2
2020-04-15,15:19:14.456000,10306,10307,10307,1
2020-04-15,15:19:15.040000,10306,10307,10307,1
2020-04-15,15:19:15.525000,10306,10308,10306,1
2020-04-15,15:19:19.929000,10306,10307,10306,2
2020-04-15,15:19:22.787000,10306,10307,10306,1
2020-04-15,15:19:24.860000,10306,10307,10306,17
2020-04-15,15:19:26.253000,10305,10306,10305,8
2020-04-15,15:19:26.378000,10305,10306,10305,6
2020-04-15,15:19:26.378000,10305,10306,10305,3
2020-04-15,15:19:26.641000,10305,10306,10305,1
2020-04-15,15:19:27.028000,10305,10306,10305,1
2020-04-15,15:19:28.332000,10304,10305,10305,3
2020-04-15,15:19:28.868000,10305,10306,10306,2
2020-04-15,15:19:28.963000,10305,10306,10305,11
2020-04-15,15:19:28.963000,10305,10306,10304,31
2020-04-15,15:19:29.084000,10304,10305,10304,1
2020-04-15,15:19:29.084000,10304,10305,10303,1
2020-04-15,15:19:29.109000,10304,10305,10303,1
2020-04-15,15:19:29.138000,10303,10305,10305,2
2020-04-15,15:19:29.190000,10303,10305,10304,1
2020-04-15,15:19:29.212000,10303,10305,10303,2
2020-04-15,15:19:29.229000,10303,10305,10303,3
2020-04-15,15:19:29.234000,10303,10305,10303,1
2020-04-15,15:19:29.239000,10303,10305,10303,2
2020-04-15,15:19:29.260000,10303,10305,10303,4
2020-04-15,15:19:29.287000,10303,10305,10302,2
2020-04-15,15:19:29.291000,10303,10305,10302,1
2020-04-15,15:19:29.308000,10303,10305,10304,1
2020-04-15,15:19:29.332000,10303,10305,10302,2
2020-04-15,15:19:29.369000,10303,10305,10302,1
2020-04-15,15:19:29.399000,10302,10303,10302,1
2020-04-15,15:19:29.401000,10302,10303,10302,3
2020-04-15,15:19:29.435000,10302,10303,10302,3
2020-04-15,15:19:29.550000,10302,10303,10302,1
2020-04-15,15:19:29.553000,10302,10303,10302,1
2020-04-15,15:19:29.567000,10302,10303,10302,1
2020-04-15,15:19:29.575000,10302,10303,10301,1
2020-04-15,15:19:29.668000,10301,10303,10301,1
2020-04-15,15:19:29.682000,10301,10303,10301,1
2020-04-15,15:19:29.739000,10301,10303,10301,4
2020-04-15,15:19:29.741000,10301,10303,10301,1
2020-04-15,15:19:29.862000,10301,10303,10301,1
2020-04-15,15:19:29.896000,10301,10303,10302,1
2020-04-15,15:19:29.918000,10301,10303,10302,1
2020-04-15,15:19:29.986000,10301,10303,10302,1
2020-04-15,15:19:30.119000,10302,10303,10302,1
2020-04-15,15:19:30.126000,10302,10303,10302,1
2020-04-15,15:19:30.129000,10301,10303,10302,1
2020-04-15,15:19:30.130000,10301,10303,10302,1
2020-04-15,15:19:30.212000,10301,10303,10302,1
2020-04-15,15:19:30.275000,10302,10303,10302,1
2020-04-15,15:19:30.487000,10301,10303,10301,1
2020-04-15,15:19:30.895000,10302,10303,10302,7
2020-04-15,15:19:30.895000,10302,10303,10302,2
2020-04-15,15:19:30.895000,10302,10303,10302,1
2020-04-15,15:19:30.896000,10302,10303,10302,2
2020-04-15,15:19:31.479000,10302,10303,10302,1
2020-04-15,15:19:31.963000,10302,10303,10302,2
2020-04-15,15:19:32.146000,10302,10303,10302,1
2020-04-15,15:19:32.990000,10301,10303,10301,2
2020-04-15,15:19:33.467000,10302,10303,10302,3
2020-04-15,15:19:33.632000,10301,10303,10301,2
2020-04-15,15:19:34.897000,10301,10303,10302,1
2020-04-15,15:19:35.013000,10301,10302,10301,1
2020-04-15,15:19:35.868000,10301,10302,10302,1
2020-04-15,15:19:35.988000,10301,10302,10301,2
2020-04-15,15:19:36.875000,10301,10302,10301,1
2020-04-15,15:19:37.462000,10301,10302,10301,1
2020-04-15,15:19:37.894000,10301,10302,10301,1
2020-04-15,15:19:38.155000,10301,10302,10301,2
2020-04-15,15:19:38.609000,10301,10302,10301,4
2020-04-15,15:19:38.609000,10301,10302,10300,14
2020-04-15,15:19:38.636000,10300,10301,10300,2
2020-04-15,15:19:38.703000,10300,10301,10301,2
2020-04-15,15:19:39.161000,10300,10301,10300,1
2020-04-15,15:19:39.230000,10300,10301,10301,1
2020-04-15,15:19:39.320000,10300,10301,10301,1
2020-04-15,15:19:39.737000,10300,10301,10300,1
2020-04-15,15:19:39.944000,10300,10301,10300,1
2020-04-15,15:19:40.030000,10300,10301,10301,1
2020-04-15,15:19:40.148000,10300,10301,10301,1
2020-04-15,15:19:40.826000,10300,10301,10300,24
2020-04-15,15:19:40.826000,10300,10301,10300,2
2020-04-15,15:19:40.826000,10300,10301,10300,2
2020-04-15,15:19:40.909000,10299,10300,10299,1
2020-04-15,15:19:40.960000,10299,10300,10300,1
2020-04-15,15:19:41.196000,10299,10300,10300,1
2020-04-15,15:19:41.498000,10299,10300,10299,2
2020-04-15,15:19:41.930000,10299,10300,10299,6
2020-04-15,15:19:41.941000,10299,10300,10299,2
2020-04-15,15:19:42.459000,10298,10299,10299,2
2020-04-15,15:19:42.711000,10299,10300,10299,1
2020-04-15,15:19:42.846000,10299,10300,10299,2
2020-04-15,15:19:42.949000,10299,10300,10300,1
2020-04-15,15:19:43.926000,10299,10300,10300,2
2020-04-15,15:19:45.420000,10299,10300,10299,1
2020-04-15,15:19:45.789000,10298,10300,10300,1
2020-04-15,15:19:45.945000,10298,10300,10300,2
2020-04-15,15:19:46.845000,10299,10301,10299,1
2020-04-15,15:19:47.027000,10299,10301,10299,5
2020-04-15,15:19:47.737000,10299,10301,10299,1
2020-04-15,15:19:48.651000,10299,10300,10299,1
2020-04-15,15:19:49.465000,10299,10300,10299,3
2020-04-15,15:19:51.228000,10299,10300,10299,1
2020-04-15,15:19:51.234000,10299,10300,10299,1
2020-04-15,15:19:51.234000,10299,10300,10298,18
2020-04-15,15:19:51.282000,10297,10299,10297,1
2020-04-15,15:19:51.298000,10297,10299,10297,1
2020-04-15,15:19:51.486000,10297,10299,10298,1
2020-04-15,15:19:51.495000,10297,10299,10300,1
2020-04-15,15:19:51.612000,10298,10300,10298,1
2020-04-15,15:19:53.262000,10298,10299,10298,1
2020-04-15,15:19:53.488000,10298,10299,10298,6
2020-04-15,15:19:53.498000,10298,10299,10297,10
2020-04-15,15:19:53.499000,10298,10299,10297,2
2020-04-15,15:19:53.499000,10298,10299,10297,1
2020-04-15,15:19:53.549000,10296,10297,10296,4
2020-04-15,15:19:53.559000,10296,10297,10296,1
2020-04-15,15:19:53.561000,10296,10297,10296,1
2020-04-15,15:19:53.563000,10296,10297,10296,3
2020-04-15,15:19:53.629000,10295,10296,10295,14
2020-04-15,15:19:53.721000,10295,10296,10296,1
2020-04-15,15:19:53.793000,10294,10296,10294,5
2020-04-15,15:19:53.803000,10294,10296,10294,4
2020-04-15,15:19:53.907000,10293,10295,10293,5
2020-04-15,15:19:53.908000,10293,10295,10295,2
2020-04-15,15:19:54.043000,10293,10296,10294,1
2020-04-15,15:19:54.050000,10293,10296,10294,1
2020-04-15,15:19:54.119000,10293,10296,10294,1
2020-04-15,15:19:54.148000,10293,10294,10293,4
2020-04-15,15:19:54.148000,10293,10294,10292,19
2020-04-15,15:19:54.148000,10293,10294,10291,14
2020-04-15,15:19:54.148000,10293,10294,10290,1
2020-04-15,15:19:54.313000,10291,10294,10291,3
2020-04-15,15:19:54.323000,10291,10294,10293,1
2020-04-15,15:19:54.325000,10291,10294,10291,1
2020-04-15,15:19:54.369000,10291,10294,10291,1
2020-04-15,15:19:54.383000,10290,10293,10290,2
2020-04-15,15:19:54.445000,10290,10293,10293,1
2020-04-15,15:19:54.472000,10290,10293,10293,1
2020-04-15,15:19:54.504000,10291,10292,10291,4
2020-04-15,15:19:54.504000,10291,10292,10290,1
2020-04-15,15:19:54.553000,10291,10292,10290,8
2020-04-15,15:19:54.603000,10291,10292,10292,1
2020-04-15,15:19:54.654000,10290,10292,10290,1
2020-04-15,15:19:54.679000,10290,10292,10292,1
2020-04-15,15:19:54.688000,10290,10292,10292,1
2020-04-15,15:19:54.760000,10290,10293,10293,1
2020-04-15,15:19:54.922000,10291,10293,10291,1
2020-04-15,15:19:54.956000,10291,10293,10291,1
2020-04-15,15:19:55.241000,10291,10293,10291,1
2020-04-15,15:19:55.824000,10291,10293,10291,1
2020-04-15,15:19:56.432000,10291,10293,10292,1
2020-04-15,15:19:56.751000,10291,10293,10291,5
2020-04-15,15:19:56.872000,10290,10292,10291,1
2020-04-15,15:19:57.159000,10290,10292,10292,1
2020-04-15,15:19:58.827000,10290,10292,10292,1
2020-04-15,15:19:58.827000,10290,10292,10292,1
2020-04-15,15:19:59.306000,10291,10293,10291,2
2020-04-15,15:19:59.849000,10292,10293,10293,3
2020-04-15,15:20:00.128000,10293,10294,10294,4
2020-04-15,15:20:00.425000,10293,10295,10295,1
2020-04-15,15:20:00.496000,10293,10295,10293,4
2020-04-15,15:20:00.602000,10293,10295,10293,1
2020-04-15,15:20:00.973000,10293,10295,10293,1
2020-04-15,15:20:01.203000,10293,10295,10293,2
2020-04-15,15:20:01.623000,10293,10295,10293,1
2020-04-15,15:20:01.795000,10293,10295,10293,1
2020-04-15,15:20:02.821000,10293,10295,10295,1
2020-04-15,15:20:03.066000,10293,10295,10295,1
2020-04-15,15:20:03.123000,10293,10295,10295,1
2020-04-15,15:20:04.766000,10294,10295,10295,1
2020-04-15,15:20:07.910000,10295,10297,10295,1
2020-04-15,15:20:08.507000,10295,10297,10297,1
2020-04-15,15:20:08.602000,10295,10297,10295,3
2020-04-15,15:20:12.973000,10294,10296,10295,3
2020-04-15,15:20:12.975000,10294,10296,10295,1
2020-04-15,15:20:14.239000,10294,10295,10295,3
2020-04-15,15:20:15.730000,10295,10296,10295,1
2020-04-15,15:20:16.149000,10295,10296,10295,1
2020-04-15,15:20:16.639000,10294,10295,10294,5
2020-04-15,15:20:17.815000,10294,10295,10295,1
2020-04-15,15:20:22.887000,10294,10295,10295,1
2020-04-15,15:20:23.714000,10294,10295,10295,1
2020-04-15,15:20:23.838000,10294,10295,10295,1
2020-04-15,15:20:24.484000,10294,10295,10294,1
2020-04-15,15:20:24.715000,10294,10295,10295,3
2020-04-15,15:20:25.936000,10294,10295,10295,1
2020-04-15,15:20:26.372000,10294,10295,10294,1
2020-04-15,15:20:26.924000,10294,10295,10294,5
2020-04-15,15:20:27.616000,10294,10295,10295,2
2020-04-15,15:20:28.171000,10294,10295,10294,1
2020-04-15,15:20:29.648000,10294,10295,10294,1
2020-04-15,15:20:29.867000,10294,10295,10294,3
2020-04-15,15:20:31.565000,10293,10295,10293,1
2020-04-15,15:20:31.818000,10293,10295,10293,1
2020-04-15,15:20:34.153000,10293,10294,10294,1
2020-04-15,15:20:34.295000,10293,10295,10295,1
2020-04-15,15:20:37.912000,10293,10294,10293,1
2020-04-15,15:20:38.562000,10293,10294,10294,1
2020-04-15,15:20:39.154000,10293,10295,10295,1
2020-04-15,15:20:39.913000,10293,10294,10294,5
2020-04-15,15:20:40.600000,10293,10295,10293,1
2020-04-15,15:20:41.145000,10293,10295,10293,1
2020-04-15,15:20:41.423000,10293,10295,10293,9
2020-04-15,15:20:41.423000,10293,10295,10292,6
2020-04-15,15:20:42.440000,10292,10294,10294,1
2020-04-15,15:20:42.805000,10293,10295,10295,5
2020-04-15,15:20:42.998000,10293,10295,10295,1
2020-04-15,15:20:44.739000,10293,10294,10293,11
2020-04-15,15:20:44.739000,10293,10294,10292,19
2020-04-15,15:20:44.991000,10292,10293,10293,1
2020-04-15,15:20:47.782000,10292,10293,10293,2
2020-04-15,15:20:48.420000,10293,10294,10293,2
2020-04-15,15:20:49.769000,10292,10294,10294,1
2020-04-15,15:20:53.476000,10293,10294,10294,1
2020-04-15,15:20:54.111000,10293,10294,10293,1
2020-04-15,15:20:55.581000,10293,10294,10293,3
2020-04-15,15:20:55.581000,10293,10294,10293,1
2020-04-15,15:20:57.143000,10292,10293,10293,1
2020-04-15,15:20:57.253000,10292,10293,10292,4
2020-04-15,15:20:57.372000,10292,10293,10292,3
2020-04-15,15:20:57.372000,10292,10293,10292,1
2020-04-15,15:20:57.429000,10291,10293,10292,1
2020-04-15,15:20:58.387000,10291,10293,10293,1
2020-04-15,15:20:59.577000,10291,10292,10291,1
2020-04-15,15:20:59.675000,10291,10292,10291,1
2020-04-15,15:21:00.234000,10291,10292,10291,1
2020-04-15,15:21:00.435000,10291,10292,10291,2
2020-04-15,15:21:00.503000,10291,10292,10291,1
2020-04-15,15:21:00.647000,10291,10292,10291,10
2020-04-15,15:21:00.681000,10291,10292,10291,1
2020-04-15,15:21:01.288000,10291,10292,10292,1
2020-04-15,15:21:01.890000,10291,10292,10292,2
2020-04-15,15:21:02.177000,10291,10292,10291,3
2020-04-15,15:21:02.365000,10291,10292,10291,2
2020-04-15,15:21:02.451000,10291,10292,10291,1
2020-04-15,15:21:02.897000,10291,10292,10290,1
2020-04-15,15:21:03.190000,10290,10292,10290,1
2020-04-15,15:21:04.779000,10290,10291,10290,1
2020-04-15,15:21:04.779000,10290,10291,10290,1
2020-04-15,15:21:05.074000,10290,10291,10290,1
2020-04-15,15:21:05.075000,10290,10291,10290,1
2020-04-15,15:21:05.075000,10290,10291,10290,1
2020-04-15,15:21:05.075000,10290,10291,10290,1
2020-04-15,15:21:05.077000,10290,10291,10290,1
2020-04-15,15:21:05.077000,10290,10291,10290,3
2020-04-15,15:21:05.077000,10290,10291,10290,8
2020-04-15,15:21:05.171000,10289,10290,10289,10
2020-04-15,15:21:05.178000,10289,10290,10289,2
2020-04-15,15:21:05.212000,10289,10290,10289,3
2020-04-15,15:21:05.276000,10288,10290,10290,1
2020-04-15,15:21:05.323000,10288,10290,10288,2
2020-04-15,15:21:05.344000,10288,10290,10288,1
2020-04-15,15:21:05.373000,10288,10290,10290,2
2020-04-15,15:21:05.383000,10288,10290,10290,1
2020-04-15,15:21:05.467000,10288,10290,10288,1
2020-04-15,15:21:05.491000,10288,10290,10288,1
2020-04-15,15:21:05.506000,10288,10290,10288,1
2020-04-15,15:21:05.548000,10288,10290,10288,1
2020-04-15,15:21:05.649000,10288,10290,10288,4
2020-04-15,15:21:05.649000,10288,10290,10287,6
2020-04-15,15:21:05.729000,10288,10290,10287,1
2020-04-15,15:21:05.739000,10288,10290,10287,2
2020-04-15,15:21:05.849000,10287,10289,10287,1
2020-04-15,15:21:06.156000,10287,10289,10287,4
2020-04-15,15:21:06.156000,10287,10289,10286,2
2020-04-15,15:21:06.432000,10286,10288,10286,3
2020-04-15,15:21:06.627000,10286,10288,10287,1
2020-04-15,15:21:06.936000,10287,10288,10288,3
2020-04-15,15:21:07.240000,10288,10289,10288,1
2020-04-15,15:21:07.415000,10287,10289,10287,2
2020-04-15,15:21:07.422000,10287,10289,10289,1
2020-04-15,15:21:07.533000,10287,10289,10289,1
2020-04-15,15:21:07.628000,10287,10289,10289,1
2020-04-15,15:21:07.718000,10287,10289,10289,1
2020-04-15,15:21:07.813000,10288,10291,10290,1
2020-04-15,15:21:07.899000,10288,10290,10291,1
2020-04-15,15:21:07.948000,10288,10290,10289,1
2020-04-15,15:21:07.957000,10288,10290,10289,4
2020-04-15,15:21:07.970000,10288,10290,10290,1
2020-04-15,15:21:08.184000,10289,10291,10291,1
2020-04-15,15:21:08.287000,10289,10291,10291,1
2020-04-15,15:21:08.326000,10289,10291,10291,1
2020-04-15,15:21:08.368000,10289,10291,10289,1
2020-04-15,15:21:08.944000,10289,10290,10289,1
2020-04-15,15:21:09.877000,10289,10290,10290,1
2020-04-15,15:21:10.003000,10289,10290,10290,1
2020-04-15,15:21:10.187000,10289,10291,10291,3
2020-04-15,15:21:10.430000,10290,10291,10291,1
2020-04-15,15:21:11.887000,10289,10290,10289,1
2020-04-15,15:21:12.033000,10289,10290,10289,1
2020-04-15,15:21:14.280000,10289,10290,10290,6
2020-04-15,15:21:14.704000,10289,10290,10289,1
2020-04-15,15:21:14.792000,10289,10290,10290,1
2020-04-15,15:21:15.934000,10289,10290,10290,1
2020-04-15,15:21:16.073000,10289,10290,10289,2
2020-04-15,15:21:16.073000,10289,10290,10288,1
2020-04-15,15:21:16.955000,10289,10290,10289,2
2020-04-15,15:21:17.174000,10289,10290,10290,1
2020-04-15,15:21:17.891000,10289,10291,10289,1
2020-04-15,15:21:18.196000,10289,10291,10291,2
2020-04-15,15:21:19.309000,10289,10291,10290,1
2020-04-15,15:21:19.459000,10290,10291,10290,1
2020-04-15,15:21:19.648000,10290,10291,10290,3
2020-04-15,15:21:19.648000,10290,10291,10289,6
2020-04-15,15:21:19.650000,10290,10291,10289,1
2020-04-15,15:21:19.853000,10289,10290,10290,1
2020-04-15,15:21:20.074000,10290,10291,10290,1
2020-04-15,15:21:21.394000,10289,10290,10289,1
2020-04-15,15:21:22.265000,10288,10290,10288,2
2020-04-15,15:21:22.545000,10288,10290,10288,1
2020-04-15,15:21:24.600000,10288,10289,10288,1
2020-04-15,15:21:25.554000,10288,10289,10289,1
2020-04-15,15:21:26.218000,10288,10289,10289,1
2020-04-15,15:21:26.297000,10288,10290,10288,3
2020-04-15,15:21:29.139000,10288,10289,10289,1
2020-04-15,15:21:30.267000,10288,10290,10288,1
2020-04-15,15:21:31.467000,10288,10289,10289,1
2020-04-15,15:21:32.592000,10288,10290,10288,1
2020-04-15,15:21:32.742000,10288,10290,10289,1
2020-04-15,15:21:33.085000,10288,10289,10289,1
2020-04-15,15:21:34.246000,10289,10290,10289,2
2020-04-15,15:21:35.989000,10289,10290,10290,1
2020-04-15,15:21:37.400000,10289,10290,10289,1
2020-04-15,15:21:37.583000,10289,10290,10289,2
2020-04-15,15:21:38.561000,10289,10290,10289,1
2020-04-15,15:21:38.561000,10289,10290,10288,2
2020-04-15,15:21:38.745000,10288,10290,10288,3
2020-04-15,15:21:39.470000,10288,10290,10290,8
2020-04-15,15:21:39.490000,10288,10290,10289,1
2020-04-15,15:21:39.778000,10289,10290,10289,1
2020-04-15,15:21:41.707000,10289,10290,10289,1
2020-04-15,15:21:41.917000,10289,10290,10290,5
2020-04-15,15:21:42.003000,10289,10290,10290,6
2020-04-15,15:21:42.917000,10289,10291,10289,1
2020-04-15,15:21:43.103000,10289,10291,10289,1
2020-04-15,15:21:45.710000,10289,10290,10289,1
2020-04-15,15:21:45.710000,10289,10290,10288,19
2020-04-15,15:21:45.710000,10289,10290,10287,2
2020-04-15,15:21:45.834000,10287,10289,10288,1
2020-04-15,15:21:45.888000,10287,10289,10287,2
2020-04-15,15:21:47.320000,10288,10289,10288,1
2020-04-15,15:21:47.378000,10288,10289,10288,1
2020-04-15,15:21:48.406000,10287,10288,10287,2
2020-04-15,15:21:48.526000,10287,10288,10288,1
2020-04-15,15:21:49.583000,10287,10288,10288,1
2020-04-15,15:21:49.932000,10287,10288,10288,1
2020-04-15,15:21:50.248000,10287,10288,10287,1
2020-04-15,15:21:52.120000,10286,10288,10287,2
2020-04-15,15:21:52.120000,10286,10288,10286,8
2020-04-15,15:21:52.120000,10286,10288,10285,12
2020-04-15,15:21:52.349000,10286,10287,10286,1
2020-04-15,15:21:52.365000,10286,10287,10286,3
2020-04-15,15:21:52.612000,10285,10287,10285,1
2020-04-15,15:21:53.222000,10285,10287,10285,1
2020-04-15,15:21:53.629000,10285,10286,10286,1
2020-04-15,15:21:54.417000,10285,10286,10286,1
2020-04-15,15:21:54.455000,10285,10286,10285,1
2020-04-15,15:21:54.565000,10285,10286,10285,1
2020-04-15,15:21:55.005000,10285,10286,10285,2
2020-04-15,15:21:55.893000,10284,10285,10285,28
2020-04-15,15:21:56.003000,10285,10286,10286,6
2020-04-15,15:21:56.392000,10286,10287,10286,3
2020-04-15,15:21:56.549000,10285,10286,10286,1
2020-04-15,15:21:57.225000,10285,10286,10286,1
2020-04-15,15:21:57.461000,10285,10286,10285,4
2020-04-15,15:21:58.241000,10285,10286,10286,1
2020-04-15,15:21:59.241000,10285,10286,10286,2
2020-04-15,15:21:59.765000,10285,10286,10286,1
2020-04-15,15:22:00.471000,10285,10286,10285,1
2020-04-15,15:22:00.517000,10285,10286,10285,1
2020-04-15,15:22:01.259000,10285,10286,10285,1
2020-04-15,15:22:01.623000,10285,10286,10285,1
2020-04-15,15:22:01.836000,10285,10286,10285,1
2020-04-15,15:22:02.334000,10285,10286,10285,5
2020-04-15,15:22:02.680000,10285,10286,10285,6
2020-04-15,15:22:02.835000,10284,10285,10284,1
2020-04-15,15:22:03.124000,10284,10285,10284,1
2020-04-15,15:22:03.634000,10284,10285,10285,5
2020-04-15,15:22:03.635000,10284,10285,10285,2
2020-04-15,15:22:05.089000,10284,10285,10285,1
2020-04-15,15:22:05.141000,10284,10285,10285,2
2020-04-15,15:22:05.995000,10284,10285,10285,2
2020-04-15,15:22:06.110000,10284,10286,10284,2
2020-04-15,15:22:07.849000,10284,10285,10285,1
2020-04-15,15:22:08.255000,10284,10285,10285,1
2020-04-15,15:22:08.540000,10284,10285,10284,4
2020-04-15,15:22:08.583000,10284,10285,10285,1
2020-04-15,15:22:08.661000,10284,10285,10284,1
2020-04-15,15:22:08.880000,10284,10285,10284,1
2020-04-15,15:22:08.971000,10284,10285,10284,1
2020-04-15,15:22:09.003000,10284,10285,10284,6
2020-04-15,15:22:09.505000,10283,10284,10284,6
2020-04-15,15:22:09.505000,10283,10284,10285,5
2020-04-15,15:22:09.758000,10284,10285,10285,1
2020-04-15,15:22:09.933000,10283,10285,10285,1
2020-04-15,15:22:13.217000,10283,10284,10284,1
2020-04-15,15:22:14.252000,10283,10285,10285,1
2020-04-15,15:22:15.172000,10284,10285,10284,1
2020-04-15,15:22:15.562000,10283,10285,10285,1
2020-04-15,15:22:15.827000,10283,10284,10284,1
2020-04-15,15:22:15.827000,10283,10284,10285,1
2020-04-15,15:22:17.070000,10283,10284,10284,1
2020-04-15,15:22:20.162000,10283,10285,10285,4
2020-04-15,15:22:20.496000,10283,10285,10283,1
2020-04-15,15:22:20.754000,10283,10285,10285,2
2020-04-15,15:22:20.775000,10283,10285,10285,1
2020-04-15,15:22:20.948000,10283,10285,10283,6
2020-04-15,15:22:20.948000,10283,10285,10283,3
2020-04-15,15:22:20.974000,10283,10285,10283,2
2020-04-15,15:22:20.974000,10283,10285,10282,1
2020-04-15,15:22:20.976000,10283,10285,10282,6
2020-04-15,15:22:21.172000,10282,10284,10284,1
2020-04-15,15:22:22.338000,10283,10284,10284,1
2020-04-15,15:22:23.003000,10283,10284,10284,6
2020-04-15,15:22:24.084000,10283,10284,10284,1
2020-04-15,15:22:25.278000,10284,10285,10284,1
2020-04-15,15:22:25.428000,10284,10285,10285,1
2020-04-15,15:22:25.442000,10284,10285,10285,8
2020-04-15,15:22:25.463000,10284,10285,10284,9
2020-04-15,15:22:25.998000,10285,10286,10285,1
2020-04-15,15:22:26.831000,10284,10286,10284,1
2020-04-15,15:22:28.460000,10284,10285,10285,1
2020-04-15,15:22:28.530000,10285,10286,10285,1
2020-04-15,15:22:29.157000,10285,10286,10286,4
2020-04-15,15:22:29.342000,10286,10287,10286,1
2020-04-15,15:22:29.631000,10285,10287,10285,4
2020-04-15,15:22:29.743000,10285,10287,10285,1
2020-04-15,15:22:31.922000,10285,10286,10285,1
2020-04-15,15:22:31.946000,10285,10286,10285,2
2020-04-15,15:22:34.113000,10285,10286,10285,4
2020-04-15,15:22:34.950000,10284,10286,10286,1
2020-04-15,15:22:36.818000,10284,10286,10285,1
2020-04-15,15:22:38.647000,10285,10286,10285,1
2020-04-15,15:22:38.850000,10285,10286,10286,4
2020-04-15,15:22:39.609000,10285,10287,10287,1
2020-04-15,15:22:39.827000,10286,10287,10286,1
2020-04-15,15:22:39.827000,10286,10287,10285,15
2020-04-15,15:22:39.827000,10286,10287,10285,4
2020-04-15,15:22:40.220000,10285,10287,10285,1
2020-04-15,15:22:41.003000,10285,10286,10285,1
2020-04-15,15:22:42.452000,10285,10287,10287,1
2020-04-15,15:22:42.586000,10285,10287,10287,1
2020-04-15,15:22:43.294000,10285,10287,10287,3
2020-04-15,15:22:43.931000,10286,10288,10287,1
2020-04-15,15:22:43.931000,10286,10288,10288,2
2020-04-15,15:22:44.007000,10286,10287,10286,2
2020-04-15,15:22:44.262000,10285,10287,10285,8
2020-04-15,15:22:44.899000,10285,10287,10286,1
2020-04-15,15:22:45.378000,10285,10287,10287,3
2020-04-15,15:22:48.705000,10285,10287,10287,12
2020-04-15,15:22:48.706000,10285,10287,10287,3
2020-04-15,15:22:48.706000,10285,10287,10287,4
2020-04-15,15:22:48.962000,10285,10287,10287,1
2020-04-15,15:22:52.704000,10285,10286,10286,6
2020-04-15,15:22:54.105000,10286,10287,10287,10
2020-04-15,15:22:54.105000,10286,10287,10287,1
2020-04-15,15:22:54.128000,10286,10287,10287,5
2020-04-15,15:22:55.454000,10286,10288,10286,1
2020-04-15,15:22:56.598000,10286,10288,10286,1
2020-04-15,15:22:57.854000,10286,10288,10287,1
2020-04-15,15:22:59.498000,10286,10287,10287,1
2020-04-15,15:23:05.808000,10287,10288,10288,2
2020-04-15,15:23:05.878000,10287,10288,10288,3
2020-04-15,15:23:06.849000,10287,10288,10287,1
2020-04-15,15:23:07.532000,10287,10288,10287,1
2020-04-15,15:23:07.760000,10287,10288,10287,1
2020-04-15,15:23:07.896000,10287,10288,10287,1
2020-04-15,15:23:09.353000,10287,10288,10288,1
2020-04-15,15:23:09.633000,10288,10289,10288,1
2020-04-15,15:23:09.817000,10287,10289,10287,5
2020-04-15,15:23:12.438000,10287,10288,10287,1
2020-04-15,15:23:12.586000,10287,10288,10287,1
2020-04-15,15:23:13.523000,10287,10288,10288,1
2020-04-15,15:23:14.276000,10287,10288,10287,1
2020-04-15,15:23:14.442000,10287,10288,10287,1
2020-04-15,15:23:14.573000,10287,10288,10287,1
2020-04-15,15:23:14.731000,10287,10288,10288,2
2020-04-15,15:23:14.964000,10287,10288,10287,1
2020-04-15,15:23:16.478000,10287,10288,10288,3
2020-04-15,15:23:16.702000,10288,10289,10288,1
2020-04-15,15:23:17.524000,10288,10289,10289,1
2020-04-15,15:23:17.858000,10288,10289,10288,4
2020-04-15,15:23:18.979000,10286,10288,10288,1
2020-04-15,15:23:20.239000,10287,10288,10288,8
2020-04-15,15:23:20.240000,10287,10288,10288,10
2020-04-15,15:23:20.241000,10287,10288,10288,1
2020-04-15,15:23:21.092000,10286,10287,10286,1
2020-04-15,15:23:21.112000,10286,10287,10287,1
2020-04-15,15:23:22.016000,10287,10289,10287,1
2020-04-15,15:23:24.994000,10287,10288,10288,1
2020-04-15,15:23:27.844000,10287,10288,10288,1
2020-04-15,15:23:27.844000,10287,10288,10289,2
2020-04-15,15:23:28.518000,10287,10288,10288,1
2020-04-15,15:23:29.448000,10287,10288,10287,1
2020-04-15,15:23:32.724000,10287,10288,10287,1
2020-04-15,15:23:32.724000,10287,10288,10287,3
2020-04-15,15:23:32.724000,10287,10288,10287,1
2020-04-15,15:23:32.724000,10287,10288,10287,4
2020-04-15,15:23:32.834000,10286,10288,10287,1
2020-04-15,15:23:33.878000,10286,10287,10286,1
2020-04-15,15:23:33.985000,10286,10287,10286,1
2020-04-15,15:23:33.987000,10286,10287,10286,1
2020-04-15,15:23:33.987000,10286,10287,10286,1
2020-04-15,15:23:33.987000,10286,10287,10286,1
2020-04-15,15:23:34.003000,10286,10287,10286,3
2020-04-15,15:23:34.075000,10286,10287,10287,1
2020-04-15,15:23:34.399000,10285,10287,10285,2
2020-04-15,15:23:35.253000,10286,10287,10286,1
2020-04-15,15:23:36.063000,10285,10287,10287,20
2020-04-15,15:23:38.690000,10287,10288,10288,1
2020-04-15,15:23:38.937000,10287,10289,10287,1
2020-04-15,15:23:40.804000,10287,10288,10287,2
2020-04-15,15:23:42.157000,10287,10288,10287,1
2020-04-15,15:23:42.298000,10287,10288,10287,1
2020-04-15,15:23:45.677000,10287,10288,10288,5
2020-04-15,15:23:45.914000,10288,10289,10288,1
2020-04-15,15:23:46.817000,10287,10288,10287,1
2020-04-15,15:23:48.865000,10287,10288,10287,8
2020-04-15,15:23:54.891000,10287,10288,10287,19
2020-04-15,15:23:55.003000,10287,10288,10287,3
2020-04-15,15:24:01.948000,10287,10288,10288,1
2020-04-15,15:24:02.120000,10287,10288,10288,1
2020-04-15,15:24:02.286000,10287,10288,10287,1
2020-04-15,15:24:02.383000,10287,10288,10287,7
2020-04-15,15:24:03.567000,10287,10288,10288,1
2020-04-15,15:24:04.261000,10287,10288,10288,2
2020-04-15,15:24:04.262000,10287,10288,10288,1
2020-04-15,15:24:04.263000,10287,10288,10288,1
2020-04-15,15:24:05.165000,10288,10289,10288,4
2020-04-15,15:24:18.666000,10287,10288,10288,1
2020-04-15,15:24:21.119000,10287,10288,10287,1
2020-04-15,15:24:21.120000,10287,10288,10287,2
2020-04-15,15:24:24.699000,10287,10288,10288,7
2020-04-15,15:24:25.737000,10288,10289,10289,1
2020-04-15,15:24:28.117000,10288,10289,10288,1
2020-04-15,15:24:28.852000,10288,10289,10289,1
2020-04-15,15:24:29.405000,10288,10289,10288,2
2020-04-15,15:24:29.940000,10287,10289,10287,1
2020-04-15,15:24:35.751000,10287,10288,10287,1
2020-04-15,15:24:37.110000,10287,10288,10288,1
2020-04-15,15:24:37.138000,10287,10288,10287,1
2020-04-15,15:24:39.319000,10287,10288,10287,1
2020-04-15,15:24:42.139000,10287,10288,10287,4
2020-04-15,15:24:48.932000,10287,10288,10288,8
2020-04-15,15:24:50.601000,10288,10289,10288,1
2020-04-15,15:24:58.344000,10287,10288,10288,1
2020-04-15,15:25:05.251000,10287,10288,10288,1
2020-04-15,15:25:05.467000,10288,10289,10289,2
2020-04-15,15:25:05.468000,10288,10289,10288,1
2020-04-15,15:25:05.469000,10288,10289,10289,2
2020-04-15,15:25:05.602000,10287,10289,10287,1
2020-04-15,15:25:05.737000,10287,10289,10288,1
2020-04-15,15:25:10.741000,10288,10289,10288,3
2020-04-15,15:25:10.751000,10288,10289,10288,2
2020-04-15,15:25:10.753000,10288,10289,10288,1
2020-04-15,15:25:10.761000,10288,10289,10288,3
2020-04-15,15:25:15.805000,10287,10288,10288,1
2020-04-15,15:25:16.111000,10287,10288,10288,4
2020-04-15,15:25:20.820000,10288,10289,10288,1
2020-04-15,15:25:21.578000,10288,10289,10289,7
2020-04-15,15:25:23.878000,10289,10290,10290,5
2020-04-15,15:25:23.994000,10289,10290,10289,1
2020-04-15,15:25:24.003000,10289,10290,10290,5
2020-04-15,15:25:24.027000,10289,10290,10290,1
2020-04-15,15:25:24.028000,10289,10290,10290,8
2020-04-15,15:25:24.677000,10290,10291,10290,1
2020-04-15,15:25:25.147000,10290,10291,10290,1
2020-04-15,15:25:28.442000,10290,10291,10290,1
2020-04-15,15:25:28.748000,10290,10291,10290,1
2020-04-15,15:25:29.096000,10290,10291,10290,1
2020-04-15,15:25:30.172000,10290,10291,10291,1
2020-04-15,15:25:33.345000,10290,10291,10291,2
2020-04-15,15:25:34.348000,10290,10291,10291,1
2020-04-15,15:25:34.348000,10290,10291,10291,2
2020-04-15,15:25:34.842000,10291,10292,10291,1
2020-04-15,15:25:35.097000,10291,10292,10292,1
2020-04-15,15:25:35.489000,10291,10292,10291,3
2020-04-15,15:25:35.489000,10291,10292,10291,1
2020-04-15,15:25:36.192000,10290,10291,10290,1
2020-04-15,15:25:36.324000,10290,10291,10291,1
2020-04-15,15:25:36.331000,10290,10291,10292,1
2020-04-15,15:25:36.633000,10291,10292,10291,1
2020-04-15,15:25:36.693000,10291,10292,10292,1
2020-04-15,15:25:37.161000,10290,10292,10292,1
2020-04-15,15:25:37.535000,10290,10292,10291,3
2020-04-15,15:25:39.086000,10290,10291,10291,1
2020-04-15,15:25:39.489000,10290,10291,10291,1
2020-04-15,15:25:41.264000,10291,10292,10291,1
2020-04-15,15:25:42.403000,10291,10292,10291,1
2020-04-15,15:25:42.778000,10291,10292,10291,3
2020-04-15,15:25:45.277000,10291,10292,10292,1
2020-04-15,15:25:47.620000,10291,10292,10292,1
2020-04-15,15:25:48.455000,10291,10292,10292,1
2020-04-15,15:25:48.806000,10291,10292,10292,3
2020-04-15,15:25:49.122000,10291,10292,10291,2
2020-04-15,15:25:49.613000,10291,10292,10292,1
2020-04-15,15:25:50.742000,10291,10292,10292,1
2020-04-15,15:25:51.120000,10291,10292,10292,1
2020-04-15,15:25:51.856000,10291,10292,10292,11
2020-04-15,15:25:53.704000,10292,10293,10292,1
2020-04-15,15:25:53.881000,10292,10293,10292,1
2020-04-15,15:25:55.570000,10291,10292,10292,1
2020-04-15,15:25:57.356000,10291,10292,10292,1
2020-04-15,15:25:58.514000,10291,10292,10292,1
2020-04-15,15:25:58.995000,10291,10292,10292,2
2020-04-15,15:25:59.966000,10291,10293,10293,3
2020-04-15,15:26:00.772000,10291,10293,10293,1
2020-04-15,15:26:01.078000,10291,10293,10291,2
2020-04-15,15:26:02.888000,10292,10293,10293,3
2020-04-15,15:26:03.027000,10292,10293,10292,1
2020-04-15,15:26:04.309000,10292,10293,10293,1
2020-04-15,15:26:04.310000,10292,10293,10293,1
2020-04-15,15:26:06.228000,10292,10293,10292,1
2020-04-15,15:26:10.867000,10292,10293,10293,1
2020-04-15,15:26:13.182000,10292,10293,10293,5
2020-04-15,15:26:13.462000,10292,10293,10292,1
2020-04-15,15:26:18.287000,10292,10293,10293,3
2020-04-15,15:26:19.005000,10292,10293,10293,1
2020-04-15,15:26:19.990000,10292,10293,10292,6
2020-04-15,15:26:22.544000,10291,10292,10291,10
2020-04-15,15:26:22.662000,10290,10291,10291,1
2020-04-15,15:26:26.652000,10291,10292,10291,1
2020-04-15,15:26:26.652000,10291,10292,10290,1
2020-04-15,15:26:29.468000,10291,10292,10291,4
2020-04-15,15:26:31.021000,10290,10291,10291,1
2020-04-15,15:26:34.827000,10290,10291,10290,2
2020-04-15,15:26:36.128000,10290,10291,10290,5
2020-04-15,15:26:37.301000,10290,10291,10291,1
2020-04-15,15:26:39.138000,10290,10291,10291,2
2020-04-15,15:26:42.653000,10290,10292,10292,1
2020-04-15,15:26:45.253000,10291,10292,10292,8
2020-04-15,15:26:47.199000,10291,10293,10291,1
2020-04-15,15:26:51.413000,10292,10293,10293,1
2020-04-15,15:26:53.487000,10292,10293,10292,1
2020-04-15,15:26:55.760000,10292,10293,10292,1
2020-04-15,15:26:57.654000,10292,10293,10292,1
2020-04-15,15:26:57.878000,10292,10293,10292,2
2020-04-15,15:27:00.444000,10291,10292,10292,1
2020-04-15,15:27:00.444000,10291,10292,10292,1
2020-04-15,15:27:00.444000,10291,10292,10292,1
2020-04-15,15:27:00.453000,10291,10292,10292,1
2020-04-15,15:27:00.453000,10291,10292,10292,1
2020-04-15,15:27:01.693000,10292,10293,10292,1
2020-04-15,15:27:01.765000,10292,10293,10292,1
2020-04-15,15:27:02.234000,10291,10293,10291,1
2020-04-15,15:27:02.402000,10291,10293,10291,1
2020-04-15,15:27:02.448000,10291,10293,10291,1
2020-04-15,15:27:03.735000,10291,10292,10291,1
2020-04-15,15:27:05.107000,10291,10292,10291,1
2020-04-15,15:27:08.262000,10291,10292,10292,1
2020-04-15,15:27:08.389000,10291,10292,10292,1
2020-04-15,15:27:13.986000,10291,10292,10292,1
2020-04-15,15:27:16.486000,10291,10292,10291,10
2020-04-15,15:27:17.387000,10291,10292,10292,1
2020-04-15,15:27:30.393000,10291,10292,10291,1
2020-04-15,15:27:40.610000,10291,10292,10291,1
2020-04-15,15:27:40.628000,10291,10292,10292,1
2020-04-15,15:27:43.558000,10291,10292,10291,5
2020-04-15,15:27:43.559000,10291,10292,10291,1
2020-04-15,15:27:46.123000,10290,10291,10290,1
2020-04-15,15:27:48.985000,10290,10291,10290,1
2020-04-15,15:27:49.304000,10290,10291,10290,1
2020-04-15,15:27:50.128000,10290,10291,10290,11
2020-04-15,15:27:50.128000,10290,10291,10290,5
2020-04-15,15:27:50.128000,10290,10291,10290,1
2020-04-15,15:27:51.692000,10289,10290,10290,1
2020-04-15,15:27:53.114000,10289,10290,10289,1
2020-04-15,15:27:59.342000,10289,10290,10290,2
2020-04-15,15:27:59.386000,10289,10290,10289,1
2020-04-15,15:28:00.190000,10289,10290,10289,2
2020-04-15,15:28:00.307000,10289,10290,10289,1
2020-04-15,15:28:00.307000,10289,10290,10289,3
2020-04-15,15:28:00.308000,10289,10290,10289,4
2020-04-15,15:28:00.659000,10288,10289,10288,1
2020-04-15,15:28:00.660000,10288,10289,10288,2
2020-04-15,15:28:00.758000,10288,10289,10288,2
2020-04-15,15:28:00.855000,10288,10289,10288,1
2020-04-15,15:28:00.878000,10288,10289,10288,6
2020-04-15,15:28:00.968000,10288,10289,10287,1
2020-04-15,15:28:00.986000,10288,10289,10287,2
2020-04-15,15:28:01.073000,10287,10288,10287,3
2020-04-15,15:28:01.141000,10287,10288,10287,1
2020-04-15,15:28:01.259000,10287,10288,10287,1
2020-04-15,15:28:01.264000,10287,10288,10286,1
2020-04-15,15:28:01.304000,10287,10288,10286,1
2020-04-15,15:28:01.304000,10287,10288,10286,1
2020-04-15,15:28:01.304000,10287,10288,10286,2
2020-04-15,15:28:01.520000,10286,10288,10286,1
2020-04-15,15:28:01.522000,10286,10288,10286,1
2020-04-15,15:28:01.531000,10286,10288,10286,2
2020-04-15,15:28:01.542000,10286,10288,10286,1
2020-04-15,15:28:01.658000,10286,10288,10286,1
2020-04-15,15:28:01.658000,10286,10288,10286,1
2020-04-15,15:28:01.671000,10286,10288,10286,1
2020-04-15,15:28:01.672000,10286,10288,10286,1
2020-04-15,15:28:01.850000,10286,10288,10288,5
2020-04-15,15:28:02.025000,10286,10288,10286,1
2020-04-15,15:28:02.788000,10286,10288,10287,1
2020-04-15,15:28:05.803000,10287,10288,10287,1
2020-04-15,15:28:07.824000,10287,10288,10288,2
2020-04-15,15:28:08.101000,10287,10288,10287,1
2020-04-15,15:28:08.113000,10287,10288,10288,7
2020-04-15,15:28:08.113000,10287,10288,10289,3
2020-04-15,15:28:09.196000,10287,10289,10287,2
2020-04-15,15:28:12.543000,10288,10289,10288,1
2020-04-15,15:28:16.913000,10287,10288,10287,1
2020-04-15,15:28:18.557000,10287,10288,10287,2
2020-04-15,15:28:18.558000,10287,10288,10287,1
2020-04-15,15:28:19.656000,10287,10288,10287,1
2020-04-15,15:28:22.043000,10287,10288,10287,2
2020-04-15,15:28:23.008000,10286,10287,10286,2
2020-04-15,15:28:23.614000,10286,10287,10287,1
2020-04-15,15:28:26.273000,10287,10288,10288,4
2020-04-15,15:28:26.442000,10288,10289,10288,1
2020-04-15,15:28:26.938000,10288,10289,10288,3
2020-04-15,15:28:27.307000,10288,10289,10288,1
2020-04-15,15:28:30.339000,10288,10289,10288,1
2020-04-15,15:28:34.450000,10287,10288,10287,5
2020-04-15,15:28:34.866000,10287,10288,10287,3
2020-04-15,15:28:38.556000,10286,10287,10287,1
2020-04-15,15:28:39.132000,10286,10287,10287,1
2020-04-15,15:28:41.143000,10286,10287,10287,1
2020-04-15,15:28:41.361000,10286,10287,10287,1
2020-04-15,15:28:41.828000,10286,10287,10287,1
2020-04-15,15:28:44.441000,10287,10288,10288,3
2020-04-15,15:28:47.142000,10288,10289,10288,1
2020-04-15,15:28:52.774000,10288,10289,10288,1
2020-04-15,15:29:00.653000,10287,10288,10287,6
2020-04-15,15:29:01.855000,10286,10287,10287,1
2020-04-15,15:29:02.003000,10286,10287,10287,2
2020-04-15,15:29:05.659000,10286,10288,10286,1
2020-04-15,15:29:07.860000,10286,10287,10286,2
2020-04-15,15:29:09.503000,10285,10286,10285,1
2020-04-15,15:29:09.503000,10285,10286,10285,1
2020-04-15,15:29:09.503000,10285,10286,10285,4
2020-04-15,15:29:09.503000,10285,10286,10285,1
2020-04-15,15:29:09.504000,10285,10286,10285,1
2020-04-15,15:29:09.504000,10285,10286,10285,5
2020-04-15,15:29:09.505000,10285,10286,10285,2
2020-04-15,15:29:09.505000,10285,10286,10285,2
2020-04-15,15:29:09.628000,10285,10286,10285,3
2020-04-15,15:29:09.707000,10285,10286,10284,1
2020-04-15,15:29:09.787000,10284,10286,10284,10
2020-04-15,15:29:09.788000,10284,10286,10284,5
2020-04-15,15:29:09.795000,10284,10286,10284,1
2020-04-15,15:29:09.796000,10284,10286,10284,1
2020-04-15,15:29:09.797000,10284,10286,10284,1
2020-04-15,15:29:09.878000,10284,10285,10284,2
2020-04-15,15:29:10.026000,10283,10284,10284,1
2020-04-15,15:29:10.101000,10283,10284,10283,1
2020-04-15,15:29:10.293000,10283,10284,10283,1
2020-04-15,15:29:10.800000,10283,10284,10284,2
2020-04-15,15:29:11.506000,10283,10284,10283,2
2020-04-15,15:29:11.637000,10283,10284,10284,1
2020-04-15,15:29:11.942000,10283,10284,10284,1
2020-04-15,15:29:12.354000,10283,10284,10283,1
2020-04-15,15:29:14.641000,10283,10284,10283,1
2020-04-15,15:29:15.331000,10283,10284,10283,1
2020-04-15,15:29:15.631000,10283,10284,10283,1
2020-04-15,15:29:16.305000,10283,10284,10283,3
2020-04-15,15:29:16.834000,10283,10284,10283,1
2020-04-15,15:29:17.614000,10283,10284,10283,1
2020-04-15,15:29:17.789000,10283,10285,10283,1
2020-04-15,15:29:17.977000,10283,10285,10283,1
2020-04-15,15:29:18.002000,10283,10285,10283,1
2020-04-15,15:29:18.312000,10283,10284,10283,1
2020-04-15,15:29:18.430000,10283,10284,10283,2
2020-04-15,15:29:18.994000,10283,10284,10283,1
2020-04-15,15:29:21.401000,10283,10285,10285,1
2020-04-15,15:29:21.662000,10283,10284,10283,2
2020-04-15,15:29:22.172000,10283,10284,10283,1
2020-04-15,15:29:22.826000,10283,10284,10283,1
2020-04-15,15:29:23.156000,10283,10284,10284,1
2020-04-15,15:29:23.423000,10283,10284,10283,1
2020-04-15,15:29:24.077000,10283,10284,10283,7
2020-04-15,15:29:24.492000,10282,10283,10283,1
2020-04-15,15:29:24.561000,10282,10283,10283,1
2020-04-15,15:29:24.666000,10282,10283,10283,1
2020-04-15,15:29:24.973000,10282,10284,10282,18
2020-04-15,15:29:24.973000,10282,10284,10281,32
2020-04-15,15:29:24.973000,10282,10284,10280,50
2020-04-15,15:29:25.003000,10280,10281,10280,5
2020-04-15,15:29:25.004000,10280,10281,10279,5
2020-04-15,15:29:25.042000,10280,10281,10280,1
2020-04-15,15:29:25.046000,10280,10281,10280,1
2020-04-15,15:29:25.080000,10280,10281,10280,1
2020-04-15,15:29:25.081000,10280,10281,10279,2
2020-04-15,15:29:25.088000,10280,10281,10280,1
2020-04-15,15:29:25.105000,10280,10281,10279,3
2020-04-15,15:29:25.112000,10280,10281,10281,1
2020-04-15,15:29:25.128000,10279,10281,10280,4
2020-04-15,15:29:25.129000,10279,10281,10280,1
2020-04-15,15:29:25.129000,10279,10281,10280,2
2020-04-15,15:29:25.129000,10279,10281,10280,1
2020-04-15,15:29:25.158000,10279,10281,10279,1
2020-04-15,15:29:25.168000,10279,10281,10279,3
2020-04-15,15:29:25.168000,10279,10281,10278,3
2020-04-15,15:29:25.200000,10279,10281,10279,1
2020-04-15,15:29:25.332000,10279,10281,10279,8
2020-04-15,15:29:25.332000,10279,10281,10278,1
2020-04-15,15:29:25.436000,10279,10281,10279,3
2020-04-15,15:29:25.461000,10279,10281,10278,2
2020-04-15,15:29:25.463000,10279,10281,10278,2
2020-04-15,15:29:25.471000,10279,10281,10278,1
2020-04-15,15:29:25.503000,10278,10279,10278,1
2020-04-15,15:29:25.526000,10278,10279,10278,1
2020-04-15,15:29:25.753000,10277,10279,10277,1
2020-04-15,15:29:25.760000,10277,10279,10278,1
2020-04-15,15:29:25.767000,10277,10279,10278,1
2020-04-15,15:29:25.841000,10277,10279,10279,1
2020-04-15,15:29:25.924000,10278,10279,10278,1
2020-04-15,15:29:26.008000,10278,10279,10279,1
2020-04-15,15:29:26.118000,10278,10279,10278,1
2020-04-15,15:29:26.158000,10277,10279,10279,1
2020-04-15,15:29:26.331000,10277,10279,10278,1
2020-04-15,15:29:26.475000,10277,10279,10277,1
2020-04-15,15:29:26.507000,10277,10279,10279,1
2020-04-15,15:29:26.527000,10277,10279,10277,2
2020-04-15,15:29:27.665000,10277,10278,10277,1
2020-04-15,15:29:27.704000,10277,10278,10277,1
2020-04-15,15:29:28.957000,10277,10278,10278,1
2020-04-15,15:29:29.503000,10277,10278,10278,1
2020-04-15,15:29:29.797000,10278,10279,10278,1
2020-04-15,15:29:29.831000,10278,10279,10278,1
2020-04-15,15:29:30.335000,10278,10279,10278,1
2020-04-15,15:29:30.759000,10278,10279,10278,1
2020-04-15,15:29:30.901000,10278,10279,10278,1
2020-04-15,15:29:30.982000,10278,10279,10277,1
2020-04-15,15:29:31.282000,10277,10279,10277,1
2020-04-15,15:29:32.426000,10278,10279,10279,1
2020-04-15,15:29:32.907000,10278,10279,10278,2
2020-04-15,15:29:33.076000,10278,10279,10278,9
2020-04-15,15:29:33.118000,10278,10279,10278,1
2020-04-15,15:29:33.121000,10278,10279,10278,3
2020-04-15,15:29:33.162000,10278,10279,10279,1
2020-04-15,15:29:33.284000,10278,10279,10279,1
2020-04-15,15:29:33.700000,10278,10280,10278,1
2020-04-15,15:29:34.795000,10279,10280,10280,2
2020-04-15,15:29:35.192000,10279,10280,10279,1
2020-04-15,15:29:35.221000,10279,10280,10278,5
2020-04-15,15:29:35.669000,10278,10279,10278,4
2020-04-15,15:29:36.358000,10278,10279,10278,1
2020-04-15,15:29:36.815000,10277,10278,10277,1
2020-04-15,15:29:37.147000,10277,10278,10278,3
2020-04-15,15:29:37.559000,10277,10278,10277,1
2020-04-15,15:29:37.779000,10277,10278,10277,1
2020-04-15,15:29:38.391000,10277,10278,10277,1
2020-04-15,15:29:38.520000,10277,10278,10277,1
2020-04-15,15:29:39.859000,10277,10278,10277,1
2020-04-15,15:29:39.950000,10277,10278,10278,1
2020-04-15,15:29:40.404000,10277,10278,10278,1
2020-04-15,15:29:40.581000,10277,10278,10278,1
2020-04-15,15:29:41.129000,10277,10278,10277,7
2020-04-15,15:29:41.576000,10277,10278,10278,1
2020-04-15,15:29:42.049000,10277,10278,10277,2
2020-04-15,15:29:42.731000,10276,10277,10277,1
2020-04-15,15:29:43.118000,10276,10277,10276,4
2020-04-15,15:29:43.127000,10276,10277,10276,1
2020-04-15,15:29:43.254000,10276,10277,10276,4
2020-04-15,15:29:43.324000,10276,10277,10277,2
2020-04-15,15:29:44.806000,10276,10277,10277,1
2020-04-15,15:29:45.146000,10276,10277,10276,1
2020-04-15,15:29:45.465000,10276,10277,10276,2
2020-04-15,15:29:45.656000,10276,10277,10276,1
2020-04-15,15:29:46.344000,10275,10277,10275,1
2020-04-15,15:29:46.381000,10275,10277,10275,1
2020-04-15,15:29:46.523000,10275,10276,10276,1
2020-04-15,15:29:47.498000,10275,10277,10275,2
2020-04-15,15:29:47.681000,10275,10277,10275,1
2020-04-15,15:29:49.178000,10275,10276,10275,1
2020-04-15,15:29:49.338000,10275,10276,10275,2
2020-04-15,15:29:50.121000,10275,10276,10275,1
2020-04-15,15:29:50.251000,10274,10275,10275,1
2020-04-15,15:29:50.252000,10274,10275,10275,3
2020-04-15,15:29:50.521000,10275,10276,10275,1
2020-04-15,15:29:51.080000,10275,10276,10276,2
2020-04-15,15:29:51.081000,10275,10276,10276,7
2020-04-15,15:29:51.081000,10275,10276,10276,3
2020-04-15,15:29:51.128000,10276,10277,10277,6
2020-04-15,15:29:51.185000,10276,10277,10277,1
2020-04-15,15:29:51.408000,10277,10278,10278,1
2020-04-15,15:29:51.623000,10277,10278,10277,8
2020-04-15,15:29:51.623000,10277,10278,10276,2
2020-04-15,15:29:51.719000,10277,10278,10277,2
2020-04-15,15:29:51.719000,10277,10278,10276,2
2020-04-15,15:29:52.115000,10277,10278,10277,1
2020-04-15,15:29:52.437000,10276,10277,10277,1
2020-04-15,15:29:52.437000,10276,10277,10276,3
2020-04-15,15:29:52.892000,10276,10277,10277,2
2020-04-15,15:29:53.245000,10276,10278,10276,1
2020-04-15,15:29:53.385000,10275,10277,10275,2
2020-04-15,15:29:53.518000,10275,10276,10276,1
2020-04-15,15:29:54.437000,10275,10276,10275,2
2020-04-15,15:29:58.395000,10276,10277,10276,1
2020-04-15,15:29:59.090000,10276,10277,10277,3
2020-04-15,15:30:00.138000,10277,10278,10277,1
2020-04-15,15:30:00.514000,10277,10278,10277,1
2020-04-15,15:30:00.515000,10277,10278,10277,2
2020-04-15,15:30:01.126000,10276,10278,10276,1
2020-04-15,15:30:01.205000,10276,10277,10276,1
2020-04-15,15:30:01.259000,10275,10276,10276,1
2020-04-15,15:30:01.550000,10275,10276,10276,1
2020-04-15,15:30:01.723000,10275,10276,10275,1
2020-04-15,15:30:01.723000,10275,10276,10275,1
2020-04-15,15:30:02.011000,10275,10276,10275,2
2020-04-15,15:30:02.016000,10275,10276,10275,3
2020-04-15,15:30:02.029000,10275,10276,10275,2
2020-04-15,15:30:02.071000,10275,10276,10275,1
2020-04-15,15:30:02.109000,10275,10276,10275,2
2020-04-15,15:30:02.135000,10275,10276,10275,1
2020-04-15,15:30:02.150000,10275,10276,10274,1
2020-04-15,15:30:02.191000,10275,10276,10274,2
2020-04-15,15:30:02.321000,10274,10276,10274,2
2020-04-15,15:30:02.412000,10274,10276,10275,1
2020-04-15,15:30:02.539000,10275,10276,10276,2
2020-04-15,15:30:02.646000,10276,10277,10276,1
2020-04-15,15:30:02.856000,10276,10277,10277,2
2020-04-15,15:30:03.003000,10276,10277,10277,3
2020-04-15,15:30:03.091000,10276,10277,10277,3
2020-04-15,15:30:03.091000,10276,10277,10276,1
2020-04-15,15:30:03.123000,10276,10277,10277,3
2020-04-15,15:30:03.218000,10277,10278,10278,2
2020-04-15,15:30:03.220000,10277,10278,10278,1
2020-04-15,15:30:03.235000,10277,10278,10278,1
2020-04-15,15:30:03.244000,10277,10278,10278,1
2020-04-15,15:30:03.248000,10277,10278,10277,4
2020-04-15,15:30:03.264000,10277,10278,10278,1
2020-04-15,15:30:03.469000,10277,10278,10278,1
2020-04-15,15:30:03.699000,10277,10278,10278,5
2020-04-15,15:30:04.092000,10277,10278,10278,4
2020-04-15,15:30:06.167000,10278,10279,10278,1
2020-04-15,15:30:06.167000,10278,10279,10278,3
2020-04-15,15:30:06.167000,10278,10279,10278,1
2020-04-15,15:30:06.167000,10278,10279,10278,2
2020-04-15,15:30:08.321000,10277,10278,10278,1
2020-04-15,15:30:09.210000,10277,10278,10278,6
2020-04-15,15:30:09.394000,10277,10278,10278,1
2020-04-15,15:30:09.505000,10278,10279,10279,1
2020-04-15,15:30:12.159000,10278,10279,10278,1
2020-04-15,15:30:12.572000,10278,10279,10279,1
2020-04-15,15:30:13.020000,10278,10279,10278,1
2020-04-15,15:30:13.176000,10277,10279,10279,2
2020-04-15,15:30:15,10278,10279,10278,1
2020-04-15,15:30:15.769000,10277,10279,10279,1
2020-04-15,15:30:16.138000,10277,10278,10277,2
2020-04-15,15:30:16.139000,10277,10278,10278,1
2020-04-15,15:30:16.254000,10278,10279,10279,2
2020-04-15,15:30:17.675000,10277,10278,10278,1
2020-04-15,15:30:18.059000,10277,10278,10278,1
2020-04-15,15:30:18.202000,10277,10278,10277,5
2020-04-15,15:30:18.202000,10277,10278,10277,1
2020-04-15,15:30:18.470000,10276,10277,10276,5
2020-04-15,15:30:20.005000,10276,10277,10276,5
2020-04-15,15:30:20.104000,10276,10277,10277,1
2020-04-15,15:30:20.463000,10276,10277,10276,1
2020-04-15,15:30:20.464000,10276,10277,10276,2
2020-04-15,15:30:20.464000,10276,10277,10276,1
2020-04-15,15:30:20.534000,10275,10276,10275,1
2020-04-15,15:30:20.591000,10275,10276,10276,2
2020-04-15,15:30:23.194000,10275,10276,10275,1
2020-04-15,15:30:23.474000,10275,10276,10275,8
2020-04-15,15:30:23.474000,10275,10276,10275,2
2020-04-15,15:30:23.799000,10274,10275,10275,1
2020-04-15,15:30:25.367000,10274,10276,10276,2
2020-04-15,15:30:26.997000,10276,10277,10277,9
2020-04-15,15:30:26.998000,10276,10277,10277,1
2020-04-15,15:30:29.104000,10276,10277,10277,1
2020-04-15,15:30:29.646000,10276,10278,10277,1
2020-04-15,15:30:30.809000,10277,10278,10277,1
2020-04-15,15:30:30.903000,10277,10278,10277,1
2020-04-15,15:30:32.203000,10277,10278,10277,1
2020-04-15,15:30:33.235000,10276,10277,10276,2
2020-04-15,15:30:36.375000,10276,10277,10277,6
2020-04-15,15:30:37.576000,10276,10278,10276,1
2020-04-15,15:30:41.415000,10276,10277,10277,1
2020-04-15,15:30:44.606000,10276,10277,10276,5
2020-04-15,15:30:44.802000,10276,10277,10277,2
2020-04-15,15:30:44.834000,10276,10277,10276,5
2020-04-15,15:30:45.044000,10276,10278,10276,5
2020-04-15,15:30:45.246000,10276,10277,10277,2
2020-04-15,15:30:45.247000,10276,10277,10276,5
2020-04-15,15:30:45.466000,10275,10277,10275,5
2020-04-15,15:30:47.189000,10275,10277,10275,1
2020-04-15,15:30:47.368000,10275,10277,10277,1
2020-04-15,15:30:49.362000,10275,10277,10275,1
2020-04-15,15:30:49.597000,10275,10276,10276,1
2020-04-15,15:30:50.022000,10276,10277,10277,11
2020-04-15,15:30:50.143000,10276,10278,10276,5
2020-04-15,15:30:50.373000,10276,10278,10276,5
2020-04-15,15:30:50.559000,10276,10278,10276,1
2020-04-15,15:30:50.561000,10276,10278,10276,1
2020-04-15,15:30:50.561000,10276,10278,10275,4
2020-04-15,15:30:50.897000,10276,10277,10277,12
2020-04-15,15:30:51.137000,10276,10278,10278,25
2020-04-15,15:30:51.566000,10277,10279,10278,1
2020-04-15,15:30:53.064000,10277,10279,10279,1
2020-04-15,15:30:53.814000,10278,10279,10278,2
2020-04-15,15:30:54.002000,10278,10279,10278,2
2020-04-15,15:30:56.028000,10278,10279,10279,1
2020-04-15,15:30:56.046000,10278,10279,10279,7
2020-04-15,15:30:56.109000,10278,10279,10278,1
2020-04-15,15:30:57.004000,10278,10280,10280,19
2020-04-15,15:30:57.149000,10279,10280,10280,1
2020-04-15,15:30:57.237000,10279,10280,10281,2
2020-04-15,15:30:57.340000,10280,10281,10280,1
2020-04-15,15:30:57.396000,10280,10281,10281,1
2020-04-15,15:30:59.049000,10278,10279,10279,1
2020-04-15,15:30:59.975000,10279,10280,10279,4
2020-04-15,15:31:01.224000,10278,10279,10279,1
2020-04-15,15:31:01.734000,10279,10281,10281,3
2020-04-15,15:31:01.959000,10279,10281,10279,1
2020-04-15,15:31:02.179000,10279,10280,10280,4
2020-04-15,15:31:03.290000,10279,10280,10280,1
2020-04-15,15:31:04.667000,10279,10280,10279,2
2020-04-15,15:31:05.852000,10279,10280,10280,1
2020-04-15,15:31:06.249000,10280,10281,10281,3
2020-04-15,15:31:06.716000,10280,10282,10280,1
2020-04-15,15:31:07.518000,10280,10282,10280,3
2020-04-15,15:31:07.554000,10280,10282,10280,2
2020-04-15,15:31:08.831000,10280,10282,10280,1
2020-04-15,15:31:10.916000,10280,10281,10281,6
2020-04-15,15:31:11.018000,10280,10282,10280,1
2020-04-15,15:31:11.252000,10280,10282,10280,1
2020-04-15,15:31:12.287000,10280,10281,10281,1
2020-04-15,15:31:14.174000,10280,10281,10281,1
2020-04-15,15:31:14.688000,10280,10282,10280,1
2020-04-15,15:31:15.248000,10280,10281,10280,2
2020-04-15,15:31:17.498000,10280,10281,10280,1
2020-04-15,15:31:18.283000,10280,10281,10281,1
2020-04-15,15:31:22.253000,10280,10281,10280,2
2020-04-15,15:31:22.282000,10280,10281,10281,3
2020-04-15,15:31:24.621000,10280,10281,10280,1
2020-04-15,15:31:24.698000,10280,10281,10281,2
2020-04-15,15:31:25.585000,10280,10281,10281,6
2020-04-15,15:31:27.697000,10280,10282,10280,1
2020-04-15,15:31:28.158000,10281,10282,10282,1
2020-04-15,15:31:29.083000,10281,10282,10281,1
2020-04-15,15:31:30.444000,10280,10281,10280,6
2020-04-15,15:31:31.329000,10279,10280,10280,1
2020-04-15,15:31:32.404000,10279,10280,10280,1
2020-04-15,15:31:35.334000,10279,10280,10279,2
2020-04-15,15:31:35.334000,10279,10280,10279,1
2020-04-15,15:31:35.378000,10279,10280,10279,3
2020-04-15,15:31:40.760000,10279,10280,10279,2
2020-04-15,15:31:45.978000,10279,10280,10279,2
2020-04-15,15:31:46.113000,10278,10279,10279,1
2020-04-15,15:31:46.113000,10278,10279,10280,1
2020-04-15,15:31:49.714000,10278,10279,10278,2
2020-04-15,15:31:49.753000,10278,10279,10278,1
2020-04-15,15:31:53.582000,10278,10279,10278,1
2020-04-15,15:31:56.145000,10277,10278,10277,6
2020-04-15,15:31:56.500000,10276,10277,10277,1
2020-04-15,15:31:56.800000,10276,10278,10276,1
2020-04-15,15:31:57.126000,10276,10277,10277,2
2020-04-15,15:31:58.158000,10277,10278,10277,1
2020-04-15,15:32:02.256000,10277,10278,10278,4
2020-04-15,15:32:02.472000,10278,10279,10278,1
2020-04-15,15:32:02.735000,10278,10279,10278,2
2020-04-15,15:32:03.330000,10278,10279,10278,1
2020-04-15,15:32:03.506000,10278,10279,10278,1
2020-04-15,15:32:05.227000,10278,10279,10279,9
2020-04-15,15:32:05.375000,10278,10280,10279,1
2020-04-15,15:32:08.272000,10279,10280,10279,2
2020-04-15,15:32:08.437000,10279,10280,10279,1
2020-04-15,15:32:11.466000,10279,10280,10279,1
2020-04-15,15:32:12.324000,10279,10280,10279,1
2020-04-15,15:32:12.791000,10279,10280,10279,1
2020-04-15,15:32:12.791000,10279,10280,10279,1
2020-04-15,15:32:16.995000,10278,10279,10279,1
2020-04-15,15:32:18.019000,10278,10279,10279,1
2020-04-15,15:32:18.019000,10278,10279,10279,8
2020-04-15,15:32:18.020000,10278,10279,10279,5
2020-04-15,15:32:18.020000,10278,10279,10279,2
2020-04-15,15:32:18.020000,10278,10279,10279,1
2020-04-15,15:32:18.020000,10278,10279,10279,3
2020-04-15,15:32:18.020000,10278,10279,10279,1
2020-04-15,15:32:18.130000,10279,10280,10280,35
2020-04-15,15:32:18.131000,10279,10280,10281,1
2020-04-15,15:32:18.194000,10279,10280,10281,3
2020-04-15,15:32:18.342000,10280,10282,10282,1
2020-04-15,15:32:18.415000,10281,10282,10281,1
2020-04-15,15:32:20.581000,10281,10282,10281,1
2020-04-15,15:32:22.314000,10281,10282,10282,1
2020-04-15,15:32:23.097000,10281,10282,10282,1
2020-04-15,15:32:23.097000,10281,10282,10282,12
2020-04-15,15:32:23.993000,10282,10283,10283,1
2020-04-15,15:32:28.379000,10281,10282,10282,1
2020-04-15,15:32:30.779000,10281,10282,10282,1
2020-04-15,15:32:30.779000,10281,10282,10282,1
2020-04-15,15:32:31.939000,10281,10283,10283,1
2020-04-15,15:32:37.282000,10282,10283,10283,1
2020-04-15,15:32:38.128000,10282,10283,10282,2
2020-04-15,15:32:46.251000,10282,10283,10282,1
2020-04-15,15:32:48.742000,10281,10283,10282,1
2020-04-15,15:32:50.731000,10282,10283,10282,1
2020-04-15,15:32:50.799000,10281,10282,10282,1
2020-04-15,15:32:51.847000,10281,10282,10281,1
2020-04-15,15:32:51.863000,10281,10282,10282,3
2020-04-15,15:32:52.173000,10281,10282,10282,3
2020-04-15,15:32:52.684000,10281,10283,10281,1
2020-04-15,15:32:53.781000,10281,10282,10282,1
2020-04-15,15:32:55.783000,10281,10283,10283,1
2020-04-15,15:32:58.934000,10282,10283,10282,1
2020-04-15,15:32:59.141000,10282,10283,10283,1
2020-04-15,15:33:01.753000,10282,10283,10283,7
2020-04-15,15:33:01.753000,10282,10283,10283,2
