2020-01-03,15:00:00.026000,12092,12093,12092,51
2020-01-03,15:00:00.431000,12091,12092,12091,2
2020-01-03,15:00:00.558000,12090,12092,12092,1
2020-01-03,15:00:00.564000,12090,12092,12092,2
2020-01-03,15:00:00.571000,12090,12092,12090,1
2020-01-03,15:00:00.577000,12090,12092,12092,2
2020-01-03,15:00:00.678000,12090,12092,12092,1
2020-01-03,15:00:00.703000,12091,12092,12091,1
2020-01-03,15:00:00.703000,12091,12092,12090,4
2020-01-03,15:00:00.803000,12091,12092,12092,3
2020-01-03,15:00:00.893000,12090,12092,12092,6
2020-01-03,15:00:00.945000,12090,12092,12092,1
2020-01-03,15:00:01.088000,12091,12092,12091,1
2020-01-03,15:00:01.088000,12091,12092,12090,5
2020-01-03,15:00:01.142000,12091,12092,12090,1
2020-01-03,15:00:01.291000,12089,12090,12090,1
2020-01-03,15:00:01.352000,12090,12091,12092,1
2020-01-03,15:00:02.340000,12091,12092,12092,8
2020-01-03,15:00:02.465000,12091,12092,12092,1
2020-01-03,15:00:02.476000,12091,12092,12092,1
2020-01-03,15:00:02.488000,12091,12092,12092,1
2020-01-03,15:00:03.995000,12092,12093,12093,18
2020-01-03,15:00:04.041000,12092,12093,12092,1
2020-01-03,15:00:04.074000,12092,12093,12093,2
2020-01-03,15:00:04.169000,12092,12093,12093,1
2020-01-03,15:00:04.217000,12092,12093,12093,3
2020-01-03,15:00:04.574000,12093,12094,12094,1
2020-01-03,15:00:04.605000,12093,12094,12094,1
2020-01-03,15:00:04.645000,12093,12094,12093,1
2020-01-03,15:00:04.645000,12093,12094,12092,4
2020-01-03,15:00:04.679000,12093,12094,12094,2
2020-01-03,15:00:04.900000,12092,12094,12094,2
2020-01-03,15:00:04.935000,12092,12094,12094,1
2020-01-03,15:00:05.093000,12092,12094,12092,8
2020-01-03,15:00:05.464000,12092,12093,12092,6
2020-01-03,15:00:05.574000,12092,12093,12092,3
2020-01-03,15:00:06.629000,12091,12092,12091,1
2020-01-03,15:00:06.789000,12090,12091,12089,1
2020-01-03,15:00:06.936000,12089,12090,12090,5
2020-01-03,15:00:06.953000,12089,12090,12090,5
2020-01-03,15:00:06.964000,12089,12090,12090,5
2020-01-03,15:00:07.085000,12089,12090,12089,3
2020-01-03,15:00:07.243000,12088,12089,12089,1
2020-01-03,15:00:07.354000,12088,12089,12089,5
2020-01-03,15:00:07.394000,12088,12089,12088,2
2020-01-03,15:00:08.053000,12089,12090,12089,1
2020-01-03,15:00:08.355000,12090,12091,12090,1
2020-01-03,15:00:08.355000,12090,12091,12089,4
2020-01-03,15:00:08.431000,12090,12091,12089,1
2020-01-03,15:00:09.094000,12089,12091,12089,3
2020-01-03,15:00:10.292000,12089,12091,12089,5
2020-01-03,15:00:10.590000,12088,12089,12089,4
2020-01-03,15:00:10.909000,12088,12090,12090,1
2020-01-03,15:00:11.437000,12090,12091,12090,1
2020-01-03,15:00:11.458000,12089,12090,12090,1
2020-01-03,15:00:12.062000,12089,12091,12089,1
2020-01-03,15:00:12.270000,12089,12090,12089,2
2020-01-03,15:00:13.130000,12089,12090,12090,1
2020-01-03,15:00:13.477000,12090,12091,12090,1
2020-01-03,15:00:13.477000,12090,12091,12089,1
2020-01-03,15:00:13.834000,12089,12091,12091,1
2020-01-03,15:00:14.485000,12089,12091,12090,1
2020-01-03,15:00:14.485000,12089,12091,12089,1
2020-01-03,15:00:14.733000,12090,12091,12091,2
2020-01-03,15:00:14.993000,12090,12091,12090,6
2020-01-03,15:00:14.993000,12090,12091,12089,9
2020-01-03,15:00:15.341000,12088,12089,12089,3
2020-01-03,15:00:16.292000,12089,12090,12090,5
2020-01-03,15:00:16.308000,12089,12090,12090,1
2020-01-03,15:00:16.506000,12089,12090,12090,1
2020-01-03,15:00:16.892000,12089,12090,12089,2
2020-01-03,15:00:17.066000,12088,12090,12090,1
2020-01-03,15:00:18.349000,12089,12090,12089,1
2020-01-03,15:00:18.870000,12088,12089,12089,1
2020-01-03,15:00:19.273000,12088,12090,12088,2
2020-01-03,15:00:19.287000,12088,12090,12088,2
2020-01-03,15:00:22.251000,12088,12089,12088,1
2020-01-03,15:00:22.542000,12088,12089,12088,5
2020-01-03,15:00:23.977000,12088,12089,12088,12
2020-01-03,15:00:24.212000,12087,12089,12089,1
2020-01-03,15:00:25.913000,12088,12089,12089,1
2020-01-03,15:00:26.028000,12088,12089,12088,3
2020-01-03,15:00:26.658000,12088,12089,12088,1
2020-01-03,15:00:29.568000,12088,12089,12088,1
2020-01-03,15:00:30.460000,12088,12089,12089,1
2020-01-03,15:00:30.462000,12088,12089,12089,1
2020-01-03,15:00:30.462000,12088,12089,12089,17
2020-01-03,15:00:33.495000,12089,12090,12090,8
2020-01-03,15:00:35.702000,12089,12090,12090,1
2020-01-03,15:00:36.725000,12089,12090,12090,1
2020-01-03,15:00:42.078000,12089,12090,12090,3
2020-01-03,15:00:42.211000,12089,12090,12090,1
2020-01-03,15:00:42.360000,12089,12090,12089,1
2020-01-03,15:00:43.025000,12089,12090,12090,1
2020-01-03,15:00:43.663000,12089,12090,12090,1
2020-01-03,15:00:44.267000,12089,12090,12090,1
2020-01-03,15:00:44.989000,12089,12090,12090,1
2020-01-03,15:00:45.610000,12090,12091,12090,1
2020-01-03,15:00:47.535000,12090,12091,12090,1
2020-01-03,15:00:47.771000,12090,12091,12090,2
2020-01-03,15:00:49.843000,12090,12091,12091,2
2020-01-03,15:00:49.932000,12090,12091,12090,2
2020-01-03,15:00:49.966000,12090,12091,12090,1
2020-01-03,15:00:53.680000,12089,12090,12089,5
2020-01-03,15:00:55.212000,12088,12089,12089,12
2020-01-03,15:00:57.760000,12089,12090,12089,11
2020-01-03,15:00:58.997000,12088,12089,12088,3
2020-01-03,15:00:58.997000,12088,12089,12088,2
2020-01-03,15:01:00.018000,12087,12088,12088,2
2020-01-03,15:01:00.033000,12087,12088,12089,3
2020-01-03,15:01:00.273000,12087,12089,12089,1
2020-01-03,15:01:00.300000,12087,12089,12088,5
2020-01-03,15:01:00.307000,12087,12089,12089,6
2020-01-03,15:01:00.381000,12087,12089,12089,1
2020-01-03,15:01:00.974000,12087,12089,12089,2
2020-01-03,15:01:01.074000,12087,12088,12088,2
2020-01-03,15:01:01.375000,12088,12089,12088,2
2020-01-03,15:01:01.462000,12088,12089,12089,1
2020-01-03,15:01:01.462000,12088,12089,12089,1
2020-01-03,15:01:01.464000,12088,12089,12090,1
2020-01-03,15:01:02.003000,12088,12090,12089,1
2020-01-03,15:01:02.175000,12088,12089,12089,4
2020-01-03,15:01:02.379000,12089,12090,12089,2
2020-01-03,15:01:03.779000,12087,12088,12088,1
2020-01-03,15:01:07.997000,12087,12088,12088,2
2020-01-03,15:01:09.137000,12088,12089,12089,1
2020-01-03,15:01:11.087000,12088,12089,12089,1
2020-01-03,15:01:11.087000,12088,12089,12089,2
2020-01-03,15:01:11.087000,12088,12089,12089,3
2020-01-03,15:01:11.090000,12088,12089,12089,1
2020-01-03,15:01:11.097000,12088,12089,12089,1
2020-01-03,15:01:11.199000,12088,12089,12089,4
2020-01-03,15:01:11.200000,12088,12089,12089,8
2020-01-03,15:01:13.535000,12089,12090,12089,1
2020-01-03,15:01:14.537000,12089,12090,12090,1
2020-01-03,15:01:21.032000,12088,12089,12089,1
2020-01-03,15:01:23.480000,12088,12089,12088,1
2020-01-03,15:01:27.335000,12088,12089,12088,1
2020-01-03,15:01:29.608000,12088,12089,12088,1
2020-01-03,15:01:31.810000,12088,12089,12089,1
2020-01-03,15:01:33.074000,12088,12089,12088,25
2020-01-03,15:01:33.075000,12088,12089,12088,10
2020-01-03,15:01:33.804000,12087,12088,12088,5
2020-01-03,15:01:34.338000,12087,12088,12087,8
2020-01-03,15:01:34.646000,12086,12088,12086,1
2020-01-03,15:01:36.792000,12086,12088,12088,3
2020-01-03,15:01:37.010000,12086,12088,12088,1
2020-01-03,15:01:38.684000,12087,12088,12087,1
2020-01-03,15:01:38.876000,12086,12087,12086,1
2020-01-03,15:01:38.894000,12086,12087,12086,2
2020-01-03,15:01:38.916000,12086,12087,12086,2
2020-01-03,15:01:39.447000,12085,12086,12086,2
2020-01-03,15:01:40.857000,12087,12088,12087,1
2020-01-03,15:01:44.462000,12087,12088,12087,1
2020-01-03,15:01:45.565000,12087,12088,12087,3
2020-01-03,15:01:45.571000,12087,12088,12087,5
2020-01-03,15:01:45.571000,12087,12088,12087,1
2020-01-03,15:01:45.574000,12086,12087,12087,2
2020-01-03,15:01:45.700000,12086,12087,12087,2
2020-01-03,15:01:47,12087,12088,12087,1
2020-01-03,15:01:49.337000,12086,12087,12087,1
2020-01-03,15:01:50.699000,12086,12087,12087,1
2020-01-03,15:01:51.577000,12087,12088,12087,1
2020-01-03,15:01:51.577000,12087,12088,12086,1
2020-01-03,15:01:52.481000,12087,12088,12087,1
2020-01-03,15:01:52.571000,12087,12088,12087,3
2020-01-03,15:01:52.857000,12087,12088,12087,1
2020-01-03,15:01:53.476000,12087,12088,12087,1
2020-01-03,15:01:53.940000,12087,12088,12087,1
2020-01-03,15:01:54.035000,12087,12088,12087,1
2020-01-03,15:01:55.464000,12087,12088,12087,3
2020-01-03,15:01:57.446000,12087,12088,12087,1
2020-01-03,15:01:58.700000,12086,12087,12086,1
2020-01-03,15:01:58.778000,12086,12087,12087,1
2020-01-03,15:02:00.071000,12086,12087,12087,2
2020-01-03,15:02:00.655000,12086,12087,12086,3
2020-01-03,15:02:00.661000,12086,12087,12086,6
2020-01-03,15:02:02.451000,12086,12087,12087,4
2020-01-03,15:02:06.514000,12086,12087,12087,2
2020-01-03,15:02:08.898000,12086,12087,12087,1
2020-01-03,15:02:10.321000,12086,12087,12086,3
2020-01-03,15:02:14.077000,12086,12087,12086,12
2020-01-03,15:02:14.264000,12085,12087,12085,1
2020-01-03,15:02:14.520000,12085,12086,12085,1
2020-01-03,15:02:15.681000,12084,12086,12085,4
2020-01-03,15:02:15.681000,12084,12086,12086,1
2020-01-03,15:02:16.206000,12084,12085,12084,1
2020-01-03,15:02:16.223000,12084,12085,12084,1
2020-01-03,15:02:16.338000,12084,12085,12084,4
2020-01-03,15:02:16.338000,12084,12085,12083,11
2020-01-03,15:02:16.389000,12084,12085,12084,1
2020-01-03,15:02:16.450000,12083,12084,12083,1
2020-01-03,15:02:17.025000,12083,12084,12083,1
2020-01-03,15:02:17.199000,12082,12083,12083,2
2020-01-03,15:02:17.403000,12082,12084,12084,1
2020-01-03,15:02:21.588000,12083,12085,12085,2
2020-01-03,15:02:21.686000,12083,12085,12083,1
2020-01-03,15:02:22.350000,12084,12085,12084,2
2020-01-03,15:02:22.467000,12083,12084,12084,1
2020-01-03,15:02:25.859000,12083,12084,12084,1
2020-01-03,15:02:25.913000,12083,12084,12083,6
2020-01-03,15:02:26.517000,12083,12084,12083,5
2020-01-03,15:02:26.517000,12083,12084,12082,7
2020-01-03,15:02:27.017000,12082,12083,12082,1
2020-01-03,15:02:29.280000,12082,12083,12083,1
2020-01-03,15:02:31.104000,12082,12083,12083,4
2020-01-03,15:02:31.168000,12082,12083,12083,2
2020-01-03,15:02:31.168000,12082,12083,12082,23
2020-01-03,15:02:31.168000,12082,12083,12082,1
2020-01-03,15:02:31.168000,12082,12083,12082,1
2020-01-03,15:02:31.199000,12081,12082,12082,1
2020-01-03,15:02:31.199000,12081,12082,12082,2
2020-01-03,15:02:31.292000,12081,12082,12082,3
2020-01-03,15:02:31.364000,12082,12083,12083,1
2020-01-03,15:02:32.261000,12082,12083,12082,1
2020-01-03,15:02:33.168000,12082,12083,12083,3
2020-01-03,15:02:33.191000,12082,12083,12082,1
2020-01-03,15:02:33.708000,12082,12083,12082,1
2020-01-03,15:02:35.430000,12082,12083,12082,1
2020-01-03,15:02:35.538000,12082,12083,12082,1
2020-01-03,15:02:36.146000,12082,12083,12082,6
2020-01-03,15:02:38.747000,12082,12083,12082,14
2020-01-03,15:02:38.825000,12081,12082,12082,5
2020-01-03,15:02:38.842000,12081,12082,12082,8
2020-01-03,15:02:39.298000,12082,12083,12082,3
2020-01-03,15:02:39.298000,12082,12083,12081,2
2020-01-03,15:02:43.452000,12082,12083,12082,1
2020-01-03,15:02:43.842000,12082,12083,12083,1
2020-01-03,15:02:47.338000,12083,12084,12083,1
2020-01-03,15:02:48.750000,12083,12084,12083,1
2020-01-03,15:02:48.845000,12082,12083,12083,4
2020-01-03,15:02:50.129000,12083,12084,12083,1
2020-01-03,15:02:53.942000,12082,12083,12083,1
2020-01-03,15:02:55.256000,12083,12084,12083,1
2020-01-03,15:02:55.426000,12083,12084,12083,1
2020-01-03,15:02:56.447000,12083,12084,12084,19
2020-01-03,15:03:00.086000,12084,12085,12085,1
2020-01-03,15:03:02.134000,12084,12085,12084,1
2020-01-03,15:03:03.066000,12084,12085,12084,1
2020-01-03,15:03:03.780000,12084,12085,12085,9
2020-01-03,15:03:05.666000,12084,12085,12084,2
2020-01-03,15:03:06.529000,12083,12084,12084,1
2020-01-03,15:03:08.201000,12083,12084,12083,4
2020-01-03,15:03:09.389000,12083,12084,12083,1
2020-01-03,15:03:11.883000,12083,12084,12083,1
2020-01-03,15:03:11.897000,12083,12084,12083,1
2020-01-03,15:03:13.067000,12083,12084,12083,2
2020-01-03,15:03:19.125000,12083,12084,12084,2
2020-01-03,15:03:21.215000,12083,12084,12084,2
2020-01-03,15:03:22.223000,12083,12084,12084,9
2020-01-03,15:03:24.552000,12084,12085,12084,1
2020-01-03,15:03:25.028000,12084,12085,12084,3
2020-01-03,15:03:25.661000,12084,12085,12084,1
2020-01-03,15:03:26.767000,12084,12085,12085,4
2020-01-03,15:03:27.027000,12084,12085,12085,4
2020-01-03,15:03:40.824000,12084,12085,12084,1
2020-01-03,15:03:47.648000,12083,12084,12083,1
2020-01-03,15:03:48.557000,12083,12084,12083,5
2020-01-03,15:03:54.145000,12083,12084,12083,5
2020-01-03,15:03:54.282000,12083,12084,12083,1
2020-01-03,15:03:56.440000,12083,12084,12083,7
2020-01-03,15:03:56.608000,12082,12083,12082,1
2020-01-03,15:03:56.623000,12082,12083,12082,1
2020-01-03,15:04:01.894000,12082,12083,12082,8
2020-01-03,15:04:07.281000,12081,12082,12081,5
2020-01-03,15:04:08.394000,12081,12082,12082,1
2020-01-03,15:04:12.451000,12081,12082,12082,1
2020-01-03,15:04:14.972000,12081,12082,12081,1
2020-01-03,15:04:15.645000,12081,12082,12081,1
2020-01-03,15:04:17.046000,12081,12082,12081,1
2020-01-03,15:04:19.432000,12081,12082,12081,2
2020-01-03,15:04:23.212000,12081,12082,12082,1
2020-01-03,15:04:28.194000,12081,12082,12081,1
2020-01-03,15:04:30.648000,12081,12082,12082,1
2020-01-03,15:04:32.011000,12081,12082,12082,1
2020-01-03,15:04:37.841000,12081,12082,12081,14
2020-01-03,15:04:40.633000,12080,12081,12081,1
2020-01-03,15:04:43.747000,12080,12082,12080,5
2020-01-03,15:04:43.900000,12080,12082,12080,1
2020-01-03,15:04:44.195000,12080,12082,12080,2
2020-01-03,15:04:46.543000,12081,12082,12081,4
2020-01-03,15:04:50.324000,12081,12082,12081,1
2020-01-03,15:04:50.798000,12080,12081,12081,1
2020-01-03,15:04:53.464000,12081,12082,12081,1
2020-01-03,15:04:53.622000,12081,12082,12081,1
2020-01-03,15:05:00.116000,12080,12081,12081,1
2020-01-03,15:05:00.833000,12080,12081,12081,1
2020-01-03,15:05:02.292000,12081,12082,12082,1
2020-01-03,15:05:02.818000,12080,12082,12080,1
2020-01-03,15:05:03.529000,12080,12082,12080,1
2020-01-03,15:05:08.893000,12081,12082,12081,1
2020-01-03,15:05:18.440000,12080,12081,12081,1
2020-01-03,15:05:20.073000,12080,12081,12081,3
2020-01-03,15:05:23.627000,12080,12081,12081,1
2020-01-03,15:05:24.370000,12080,12081,12081,1
2020-01-03,15:05:25.052000,12080,12081,12081,2
2020-01-03,15:05:25.074000,12080,12081,12081,2
2020-01-03,15:05:25.260000,12080,12082,12082,2
2020-01-03,15:05:26.567000,12081,12082,12081,2
2020-01-03,15:05:28.121000,12081,12082,12082,6
2020-01-03,15:05:28.199000,12081,12082,12082,12
2020-01-03,15:05:31.947000,12082,12083,12083,1
2020-01-03,15:05:34.046000,12082,12083,12083,1
2020-01-03,15:05:56.057000,12082,12083,12083,3
2020-01-03,15:05:56.716000,12082,12083,12083,1
2020-01-03,15:06:02.200000,12082,12083,12083,3
2020-01-03,15:06:09.674000,12082,12083,12083,1
2020-01-03,15:06:09.856000,12082,12083,12083,1
2020-01-03,15:06:10.472000,12082,12083,12083,1
2020-01-03,15:06:12.637000,12082,12083,12083,2
2020-01-03,15:06:13.136000,12082,12083,12082,1
2020-01-03,15:06:15.203000,12082,12083,12082,1
2020-01-03,15:06:23.735000,12082,12083,12083,2
2020-01-03,15:06:23.735000,12082,12083,12083,2
2020-01-03,15:06:28.249000,12083,12084,12083,1
2020-01-03,15:06:33.348000,12083,12084,12084,5
2020-01-03,15:06:33.616000,12083,12084,12084,1
2020-01-03,15:06:37.191000,12084,12085,12085,4
2020-01-03,15:06:37.474000,12084,12085,12085,1
2020-01-03,15:06:41.538000,12084,12085,12085,1
2020-01-03,15:06:44.103000,12084,12085,12085,2
2020-01-03,15:06:44.948000,12084,12085,12084,5
2020-01-03,15:06:44.948000,12084,12085,12084,6
2020-01-03,15:06:45.300000,12083,12084,12084,3
2020-01-03,15:06:52.339000,12083,12084,12084,6
2020-01-03,15:06:53.629000,12083,12084,12083,1
2020-01-03,15:06:54.958000,12083,12084,12084,4
2020-01-03,15:06:57.406000,12083,12084,12084,3
2020-01-03,15:07:02.360000,12084,12085,12085,2
2020-01-03,15:07:12.188000,12084,12085,12085,10
2020-01-03,15:07:18.987000,12084,12085,12084,1
2020-01-03,15:07:21.470000,12084,12085,12084,1
2020-01-03,15:07:29.101000,12084,12085,12085,1
2020-01-03,15:07:29.108000,12084,12085,12085,1
2020-01-03,15:07:33.070000,12084,12085,12085,1
2020-01-03,15:07:33.118000,12084,12085,12085,2
2020-01-03,15:07:35.291000,12085,12086,12085,5
2020-01-03,15:07:37.367000,12085,12086,12086,1
2020-01-03,15:07:37.367000,12085,12086,12087,2
2020-01-03,15:07:45.656000,12085,12086,12086,5
2020-01-03,15:07:53.185000,12086,12087,12087,2
2020-01-03,15:07:54.248000,12086,12087,12086,1
2020-01-03,15:07:58.664000,12086,12087,12087,1
2020-01-03,15:08:02.391000,12086,12087,12087,6
2020-01-03,15:08:03.164000,12086,12087,12086,1
2020-01-03,15:08:05.726000,12086,12087,12087,2
2020-01-03,15:08:10.870000,12086,12087,12086,1
2020-01-03,15:08:10.999000,12086,12087,12087,1
2020-01-03,15:08:11.288000,12086,12087,12087,3
2020-01-03,15:08:15.759000,12086,12087,12086,1
2020-01-03,15:08:19.261000,12086,12087,12086,1
2020-01-03,15:08:31.293000,12086,12087,12086,1
2020-01-03,15:08:31.438000,12086,12087,12087,1
2020-01-03,15:08:36.978000,12086,12087,12086,1
2020-01-03,15:09:02.186000,12086,12087,12087,9
2020-01-03,15:09:02.199000,12086,12087,12087,2
2020-01-03,15:09:02.242000,12086,12087,12087,1
2020-01-03,15:09:02.324000,12086,12087,12087,2
2020-01-03,15:09:02.324000,12086,12087,12087,4
2020-01-03,15:09:02.542000,12086,12087,12087,2
2020-01-03,15:09:03.074000,12086,12087,12087,5
2020-01-03,15:09:03.074000,12086,12087,12088,35
2020-01-03,15:09:03.100000,12086,12087,12088,5
2020-01-03,15:09:03.126000,12086,12087,12088,3
2020-01-03,15:09:03.151000,12086,12087,12088,2
2020-01-03,15:09:03.151000,12086,12087,12087,1
2020-01-03,15:09:03.176000,12086,12087,12087,3
2020-01-03,15:09:03.201000,12087,12089,12089,6
2020-01-03,15:09:08.714000,12087,12089,12089,2
2020-01-03,15:09:11.610000,12087,12088,12088,1
2020-01-03,15:09:17.824000,12087,12088,12088,1
2020-01-03,15:09:23.245000,12087,12088,12087,1
2020-01-03,15:09:31.812000,12087,12088,12088,5
2020-01-03,15:09:31.812000,12087,12088,12088,2
2020-01-03,15:09:34.077000,12088,12089,12088,1
2020-01-03,15:09:41.527000,12088,12089,12089,1
2020-01-03,15:09:41.721000,12088,12089,12088,3
2020-01-03,15:09:42.859000,12088,12089,12088,2
2020-01-03,15:09:47.869000,12087,12088,12088,2
2020-01-03,15:09:48.873000,12087,12088,12087,1
2020-01-03,15:09:50.227000,12087,12088,12087,1
2020-01-03,15:09:52.095000,12087,12088,12088,1
2020-01-03,15:10:00.231000,12087,12088,12087,1
2020-01-03,15:10:08.558000,12087,12088,12088,1
2020-01-03,15:10:09.400000,12087,12088,12088,1
2020-01-03,15:10:09.400000,12087,12088,12088,2
2020-01-03,15:10:10.087000,12088,12089,12089,2
2020-01-03,15:10:10.087000,12088,12089,12089,5
2020-01-03,15:10:10.087000,12088,12089,12090,50
2020-01-03,15:10:10.087000,12088,12089,12091,27
2020-01-03,15:10:10.088000,12088,12089,12091,1
2020-01-03,15:10:10.089000,12088,12089,12091,1
2020-01-03,15:10:10.167000,12088,12089,12090,5
2020-01-03,15:10:10.199000,12090,12092,12090,2
2020-01-03,15:10:10.200000,12090,12092,12091,1
2020-01-03,15:10:10.241000,12090,12092,12091,1
2020-01-03,15:10:10.253000,12090,12092,12091,1
2020-01-03,15:10:10.280000,12090,12092,12091,1
2020-01-03,15:10:10.292000,12090,12092,12091,1
2020-01-03,15:10:10.320000,12090,12092,12091,1
2020-01-03,15:10:10.325000,12090,12091,12091,2
2020-01-03,15:10:10.450000,12091,12092,12091,1
2020-01-03,15:10:10.450000,12091,12092,12091,1
2020-01-03,15:10:10.450000,12091,12092,12092,2
2020-01-03,15:10:10.963000,12090,12092,12090,1
2020-01-03,15:10:11.123000,12090,12092,12090,1
2020-01-03,15:10:11.200000,12090,12091,12091,1
2020-01-03,15:10:11.473000,12090,12091,12091,1
2020-01-03,15:10:12.940000,12090,12091,12090,2
2020-01-03,15:10:13.535000,12090,12091,12090,1
2020-01-03,15:10:15.785000,12090,12091,12090,1
2020-01-03,15:10:18.430000,12090,12091,12090,1
2020-01-03,15:10:18.450000,12090,12091,12090,4
2020-01-03,15:10:19.795000,12089,12090,12090,1
2020-01-03,15:10:21.301000,12089,12090,12090,2
2020-01-03,15:10:21.362000,12090,12091,12090,3
2020-01-03,15:10:21.813000,12089,12090,12090,1
2020-01-03,15:10:24.528000,12089,12090,12090,1
2020-01-03,15:10:25.720000,12089,12090,12090,1
2020-01-03,15:10:30.344000,12089,12090,12089,5
2020-01-03,15:10:31.319000,12089,12090,12090,1
2020-01-03,15:10:44.161000,12089,12090,12090,3
2020-01-03,15:10:46.421000,12089,12090,12090,1
2020-01-03,15:10:47.184000,12089,12090,12089,1
2020-01-03,15:10:47.445000,12089,12090,12089,1
2020-01-03,15:10:47.965000,12089,12090,12090,1
2020-01-03,15:10:48.908000,12089,12090,12090,1
2020-01-03,15:11:00.885000,12089,12090,12089,1
2020-01-03,15:11:01.557000,12089,12090,12090,1
2020-01-03,15:11:02.250000,12089,12090,12090,8
2020-01-03,15:11:02.913000,12089,12090,12090,1
2020-01-03,15:11:05.153000,12089,12090,12089,2
2020-01-03,15:11:09.074000,12089,12090,12089,8
2020-01-03,15:11:09.921000,12088,12089,12089,1
2020-01-03,15:11:20.717000,12088,12089,12088,1
2020-01-03,15:11:27.453000,12088,12089,12089,1
2020-01-03,15:11:34.023000,12088,12089,12088,1
2020-01-03,15:11:34.066000,12088,12089,12089,1
2020-01-03,15:11:35.031000,12088,12089,12088,1
2020-01-03,15:11:49.502000,12088,12089,12089,3
2020-01-03,15:11:49.574000,12088,12089,12089,5
2020-01-03,15:11:49.699000,12088,12089,12089,1
2020-01-03,15:11:51.444000,12089,12090,12089,1
2020-01-03,15:12:07.164000,12089,12090,12089,1
2020-01-03,15:12:07.234000,12088,12090,12090,2
2020-01-03,15:12:08.481000,12089,12090,12089,1
2020-01-03,15:12:24.949000,12088,12089,12088,11
2020-01-03,15:12:25.074000,12088,12089,12088,1
2020-01-03,15:12:25.074000,12088,12089,12088,5
2020-01-03,15:12:25.199000,12088,12089,12088,2
2020-01-03,15:12:25.225000,12088,12089,12088,2
2020-01-03,15:12:29.248000,12087,12088,12087,1
2020-01-03,15:12:40.262000,12087,12088,12087,23
2020-01-03,15:12:40.262000,12087,12088,12086,77
2020-01-03,15:12:40.325000,12086,12087,12086,9
2020-01-03,15:12:40.325000,12086,12087,12086,5
2020-01-03,15:12:40.325000,12086,12087,12086,3
2020-01-03,15:12:40.325000,12086,12087,12086,2
2020-01-03,15:12:40.574000,12085,12086,12085,2
2020-01-03,15:12:41.474000,12085,12086,12085,1
2020-01-03,15:12:41.959000,12085,12086,12086,1
2020-01-03,15:12:43.120000,12085,12086,12086,1
2020-01-03,15:12:48.957000,12085,12086,12085,2
2020-01-03,15:12:52.574000,12085,12086,12086,2
2020-01-03,15:13:16.555000,12086,12087,12086,1
2020-01-03,15:13:19.940000,12086,12087,12086,1
2020-01-03,15:13:22.204000,12086,12087,12086,5
2020-01-03,15:13:37.586000,12086,12087,12086,1
2020-01-03,15:13:37.586000,12086,12087,12086,2
2020-01-03,15:13:37.699000,12086,12087,12086,4
2020-01-03,15:13:37.942000,12085,12086,12085,2
2020-01-03,15:13:37.952000,12085,12086,12085,2
2020-01-03,15:13:38.042000,12085,12086,12085,1
2020-01-03,15:13:38.055000,12085,12086,12084,1
2020-01-03,15:13:45.602000,12084,12085,12085,4
2020-01-03,15:13:47.038000,12085,12086,12085,1
2020-01-03,15:13:49.127000,12085,12086,12085,1
2020-01-03,15:13:49.953000,12084,12085,12085,1
2020-01-03,15:13:53.888000,12084,12085,12084,1
2020-01-03,15:13:57.633000,12084,12085,12085,1
2020-01-03,15:13:58.127000,12084,12085,12084,2
2020-01-03,15:14:03.991000,12084,12085,12084,2
2020-01-03,15:14:05.041000,12084,12085,12084,1
2020-01-03,15:14:10.281000,12084,12085,12084,1
2020-01-03,15:14:10.332000,12084,12085,12085,1
2020-01-03,15:14:19.246000,12084,12085,12085,2
2020-01-03,15:14:21.453000,12084,12085,12085,1
2020-01-03,15:14:23.587000,12084,12085,12085,1
2020-01-03,15:14:23.750000,12084,12085,12085,5
2020-01-03,15:14:27.651000,12084,12085,12085,3
2020-01-03,15:14:27.916000,12084,12085,12085,1
2020-01-03,15:14:37.074000,12084,12085,12085,10
2020-01-03,15:14:37.610000,12085,12086,12085,5
2020-01-03,15:14:52.174000,12085,12086,12086,1
2020-01-03,15:14:56.977000,12085,12086,12086,2
2020-01-03,15:14:57.518000,12086,12087,12086,3
2020-01-03,15:15:17.130000,12085,12086,12086,6
2020-01-03,15:15:17.130000,12085,12086,12086,2
2020-01-03,15:15:17.310000,12085,12087,12086,7
2020-01-03,15:15:17.316000,12085,12087,12086,1
2020-01-03,15:15:17.325000,12085,12086,12086,3
2020-01-03,15:15:17.327000,12085,12086,12086,4
2020-01-03,15:15:17.521000,12086,12087,12086,1
2020-01-03,15:15:17.720000,12086,12087,12087,4
2020-01-03,15:15:17.737000,12086,12087,12087,4
2020-01-03,15:15:26.079000,12086,12087,12086,1
2020-01-03,15:15:30.920000,12085,12086,12086,1
2020-01-03,15:15:34.798000,12086,12087,12086,1
2020-01-03,15:15:35.008000,12086,12087,12087,1
2020-01-03,15:15:36.738000,12086,12087,12086,3
2020-01-03,15:15:54.923000,12086,12087,12086,2
2020-01-03,15:16:44.175000,12085,12086,12086,1
2020-01-03,15:16:45.374000,12085,12086,12086,1
2020-01-03,15:16:46.348000,12085,12086,12086,3
2020-01-03,15:16:46.458000,12086,12087,12087,2
2020-01-03,15:16:46.459000,12086,12087,12087,1
2020-01-03,15:16:46.459000,12086,12087,12087,1
2020-01-03,15:16:46.459000,12086,12087,12087,1
2020-01-03,15:16:46.460000,12086,12087,12087,5
2020-01-03,15:16:46.464000,12086,12087,12087,1
2020-01-03,15:16:46.465000,12086,12087,12087,1
2020-01-03,15:16:46.469000,12086,12087,12087,1
2020-01-03,15:16:46.469000,12086,12087,12087,1
2020-01-03,15:16:46.469000,12086,12087,12087,1
2020-01-03,15:16:46.470000,12086,12087,12088,3
2020-01-03,15:16:46.470000,12086,12087,12088,1
2020-01-03,15:16:46.471000,12086,12087,12088,1
2020-01-03,15:16:46.471000,12086,12087,12088,2
2020-01-03,15:16:46.471000,12086,12087,12088,6
2020-01-03,15:16:46.471000,12086,12087,12088,2
2020-01-03,15:16:46.471000,12086,12087,12088,4
2020-01-03,15:16:47.098000,12087,12088,12088,4
2020-01-03,15:16:47.465000,12087,12088,12088,4
2020-01-03,15:17:04.887000,12087,12088,12088,1
2020-01-03,15:17:11.917000,12087,12088,12088,1
2020-01-03,15:17:13.943000,12087,12088,12088,2
2020-01-03,15:17:18.622000,12087,12088,12087,18
2020-01-03,15:17:18.699000,12087,12088,12087,1
2020-01-03,15:17:22.075000,12086,12087,12086,9
2020-01-03,15:17:22.199000,12086,12087,12086,2
2020-01-03,15:17:22.199000,12086,12087,12086,6
2020-01-03,15:17:46.802000,12085,12086,12086,1
2020-01-03,15:17:51.207000,12085,12086,12086,1
2020-01-03,15:17:56.793000,12086,12087,12086,1
2020-01-03,15:17:57.050000,12085,12086,12086,1
2020-01-03,15:17:57.553000,12085,12086,12086,1
2020-01-03,15:18:13.824000,12086,12087,12087,3
2020-01-03,15:18:13.949000,12086,12087,12087,5
2020-01-03,15:18:13.949000,12086,12087,12087,4
2020-01-03,15:18:13.990000,12086,12087,12086,2
2020-01-03,15:18:14.074000,12086,12087,12087,4
2020-01-03,15:18:14.074000,12086,12087,12087,1
2020-01-03,15:18:14.074000,12086,12087,12087,3
2020-01-03,15:18:14.074000,12086,12087,12087,9
2020-01-03,15:18:14.075000,12086,12087,12087,1
2020-01-03,15:18:14.099000,12086,12087,12087,1
2020-01-03,15:18:14.099000,12086,12087,12087,2
2020-01-03,15:18:22.717000,12087,12088,12087,1
2020-01-03,15:18:33.414000,12087,12088,12088,1
2020-01-03,15:18:47.568000,12087,12088,12088,1
2020-01-03,15:18:51.687000,12087,12088,12088,1
2020-01-03,15:18:51.886000,12087,12088,12088,1
2020-01-03,15:18:55.343000,12087,12088,12087,1
2020-01-03,15:19:01.841000,12087,12088,12088,14
2020-01-03,15:19:04.844000,12088,12089,12089,6
2020-01-03,15:19:06.870000,12088,12089,12089,4
2020-01-03,15:19:09.251000,12089,12090,12089,1
2020-01-03,15:19:11.321000,12089,12090,12089,1
2020-01-03,15:19:32.127000,12089,12090,12089,3
2020-01-03,15:19:51.452000,12089,12090,12089,2
2020-01-03,15:19:51.458000,12089,12090,12089,1
2020-01-03,15:19:51.459000,12089,12090,12089,1
2020-01-03,15:19:54.324000,12088,12089,12088,2
2020-01-03,15:19:56.329000,12088,12089,12088,1
2020-01-03,15:19:58.500000,12088,12089,12089,1
2020-01-03,15:20:02.888000,12088,12089,12088,4
2020-01-03,15:20:07.975000,12087,12088,12087,3
2020-01-03,15:20:11.755000,12087,12088,12087,1
2020-01-03,15:20:13.751000,12086,12088,12086,1
2020-01-03,15:20:39.168000,12087,12088,12087,1
2020-01-03,15:20:39.929000,12087,12088,12087,1
2020-01-03,15:20:52.575000,12086,12087,12086,6
2020-01-03,15:20:52.668000,12086,12087,12086,1
2020-01-03,15:21:01.615000,12085,12086,12085,1
2020-01-03,15:21:02.844000,12085,12086,12085,1
2020-01-03,15:21:09.186000,12085,12086,12085,3
2020-01-03,15:21:09.208000,12085,12086,12086,1
2020-01-03,15:21:09.208000,12085,12086,12086,1
2020-01-03,15:21:09.213000,12085,12086,12086,1
2020-01-03,15:21:09.214000,12085,12086,12086,1
2020-01-03,15:21:09.214000,12085,12086,12086,1
2020-01-03,15:21:09.217000,12085,12086,12086,1
2020-01-03,15:21:09.220000,12085,12086,12086,1
2020-01-03,15:21:09.220000,12085,12086,12086,1
2020-01-03,15:21:09.220000,12085,12086,12086,1
2020-01-03,15:21:09.221000,12085,12086,12086,1
2020-01-03,15:21:25.108000,12085,12087,12085,1
2020-01-03,15:21:25.115000,12085,12087,12085,1
2020-01-03,15:21:30.443000,12086,12087,12086,1
2020-01-03,15:21:32.784000,12085,12087,12087,14
2020-01-03,15:21:38.114000,12086,12087,12087,1
2020-01-03,15:21:56.609000,12086,12087,12087,6
2020-01-03,15:22:21.055000,12086,12087,12087,1
2020-01-03,15:22:21.744000,12086,12087,12087,1
2020-01-03,15:22:24.048000,12087,12088,12087,1
2020-01-03,15:22:24.305000,12086,12088,12087,1
2020-01-03,15:22:24.332000,12086,12087,12087,1
2020-01-03,15:22:24.344000,12086,12087,12087,1
2020-01-03,15:22:24.347000,12086,12087,12088,1
2020-01-03,15:22:24.349000,12086,12087,12088,1
2020-01-03,15:22:42.736000,12087,12088,12087,5
2020-01-03,15:23:00.282000,12086,12087,12087,8
2020-01-03,15:23:19.673000,12087,12088,12087,1
2020-01-03,15:23:22.657000,12087,12088,12087,1
2020-01-03,15:23:22.714000,12086,12088,12087,1
2020-01-03,15:23:22.719000,12086,12088,12087,1
2020-01-03,15:23:22.720000,12086,12088,12087,1
2020-01-03,15:23:22.724000,12086,12088,12088,2
2020-01-03,15:23:40.259000,12086,12087,12086,3
2020-01-03,15:24:14.220000,12085,12086,12085,10
2020-01-03,15:24:15.188000,12085,12086,12085,4
2020-01-03,15:24:15.400000,12084,12085,12084,1
2020-01-03,15:24:15.457000,12084,12085,12085,1
2020-01-03,15:24:15.462000,12084,12085,12085,1
2020-01-03,15:24:15.462000,12084,12085,12085,1
2020-01-03,15:24:15.467000,12084,12085,12085,1
2020-01-03,15:24:15.467000,12084,12085,12085,1
2020-01-03,15:24:15.467000,12084,12085,12086,1
2020-01-03,15:24:15.470000,12084,12085,12086,1
2020-01-03,15:24:15.471000,12084,12085,12086,1
2020-01-03,15:24:15.472000,12084,12085,12086,1
2020-01-03,15:24:15.473000,12084,12085,12086,1
2020-01-03,15:24:15.473000,12084,12085,12086,1
2020-01-03,15:24:18.524000,12085,12086,12085,2
2020-01-03,15:24:19.885000,12085,12086,12085,4
2020-01-03,15:24:24.112000,12085,12086,12086,6
2020-01-03,15:24:24.112000,12085,12086,12086,1
2020-01-03,15:24:25.095000,12086,12087,12086,3
2020-01-03,15:24:28.980000,12086,12087,12086,3
2020-01-03,15:24:33.643000,12085,12087,12085,1
2020-01-03,15:24:34.822000,12085,12087,12085,4
2020-01-03,15:24:43.390000,12085,12086,12085,3
2020-01-03,15:24:51.460000,12085,12086,12085,3
2020-01-03,15:24:55.983000,12085,12086,12086,3
2020-01-03,15:24:59.084000,12086,12087,12086,2
2020-01-03,15:25:08.454000,12085,12087,12087,1
2020-01-03,15:25:10.306000,12085,12086,12086,1
2020-01-03,15:25:28.626000,12086,12087,12086,5
2020-01-03,15:25:28.720000,12086,12087,12087,1
2020-01-03,15:25:28.722000,12086,12087,12087,1
2020-01-03,15:25:29.326000,12086,12087,12086,1
2020-01-03,15:25:46.144000,12085,12086,12086,1
2020-01-03,15:25:56.043000,12085,12086,12086,1
2020-01-03,15:26:40.359000,12085,12086,12086,1
2020-01-03,15:26:42.494000,12085,12086,12086,1
2020-01-03,15:27:44.801000,12085,12086,12086,3
2020-01-03,15:27:44.838000,12085,12086,12086,1
2020-01-03,15:27:44.840000,12085,12086,12086,1
2020-01-03,15:27:45.840000,12085,12086,12085,1
2020-01-03,15:27:46.087000,12085,12086,12085,1
2020-01-03,15:27:46.209000,12085,12086,12086,1
2020-01-03,15:27:46.212000,12085,12086,12086,1
2020-01-03,15:27:46.212000,12085,12086,12086,1
2020-01-03,15:27:46.217000,12085,12086,12086,1
2020-01-03,15:27:46.218000,12085,12086,12086,1
2020-01-03,15:27:46.220000,12085,12086,12086,1
2020-01-03,15:27:46.221000,12085,12086,12086,1
2020-01-03,15:27:46.227000,12085,12086,12086,1
2020-01-03,15:27:46.227000,12085,12086,12086,1
2020-01-03,15:27:46.227000,12085,12086,12086,1
2020-01-03,15:27:46.227000,12085,12086,12086,1
2020-01-03,15:27:48.545000,12085,12086,12086,1
2020-01-03,15:27:49.739000,12085,12086,12086,1
2020-01-03,15:27:49.792000,12085,12086,12086,1
2020-01-03,15:27:58.301000,12086,12087,12086,5
2020-01-03,15:28:02.151000,12086,12087,12087,2
2020-01-03,15:28:02.373000,12086,12087,12087,1
2020-01-03,15:28:03.090000,12086,12087,12086,1
2020-01-03,15:28:35.259000,12086,12087,12086,2
2020-01-03,15:28:35.342000,12086,12087,12087,1
2020-01-03,15:28:35.346000,12086,12087,12087,1
2020-01-03,15:28:36.859000,12086,12087,12087,1
2020-01-03,15:28:39.558000,12086,12087,12087,1
2020-01-03,15:28:39.570000,12086,12087,12087,1
2020-01-03,15:28:40.756000,12087,12088,12088,1
2020-01-03,15:28:40.826000,12087,12088,12088,2
2020-01-03,15:28:58.015000,12087,12088,12088,1
2020-01-03,15:29:02.302000,12087,12088,12088,1
2020-01-03,15:29:06.986000,12087,12088,12088,3
2020-01-03,15:29:07.075000,12087,12088,12088,15
2020-01-03,15:29:07.199000,12087,12088,12088,5
2020-01-03,15:29:07.219000,12087,12088,12089,1
2020-01-03,15:29:07.221000,12087,12088,12089,1
2020-01-03,15:29:21.378000,12087,12088,12088,2
2020-01-03,15:29:21.378000,12087,12088,12088,2
2020-01-03,15:29:21.449000,12087,12088,12088,5
2020-01-03,15:29:21.449000,12087,12088,12088,1
2020-01-03,15:29:32.996000,12088,12089,12089,1
2020-01-03,15:29:33.035000,12088,12089,12089,1
2020-01-03,15:29:34.710000,12088,12089,12089,3
2020-01-03,15:29:37.744000,12088,12089,12089,4
2020-01-03,15:29:38.788000,12088,12089,12089,1
2020-01-03,15:29:42.817000,12088,12089,12088,19
2020-01-03,15:29:48.293000,12087,12088,12088,1
2020-01-03,15:30:02.206000,12088,12089,12089,4
2020-01-03,15:30:02.821000,12088,12089,12089,1
2020-01-03,15:30:03.150000,12088,12089,12088,2
2020-01-03,15:30:04.827000,12088,12089,12089,2
2020-01-03,15:30:04.958000,12088,12089,12089,1
2020-01-03,15:30:04.959000,12088,12089,12090,1
2020-01-03,15:30:04.959000,12088,12089,12090,1
2020-01-03,15:30:04.962000,12088,12089,12090,1
2020-01-03,15:30:04.963000,12088,12089,12090,1
2020-01-03,15:30:04.963000,12088,12089,12090,1
2020-01-03,15:30:04.965000,12088,12089,12090,1
2020-01-03,15:30:04.974000,12088,12089,12090,1
2020-01-03,15:30:04.974000,12088,12089,12090,1
2020-01-03,15:30:04.975000,12088,12089,12090,1
2020-01-03,15:30:04.975000,12088,12089,12090,1
2020-01-03,15:30:11.860000,12088,12089,12089,1
2020-01-03,15:30:16.422000,12088,12089,12089,1
2020-01-03,15:30:37.450000,12088,12089,12089,4
2020-01-03,15:30:37.450000,12088,12089,12090,1
2020-01-03,15:30:40.739000,12088,12090,12090,2
2020-01-03,15:30:49.740000,12088,12089,12088,1
2020-01-03,15:31:05.376000,12088,12089,12089,8
2020-01-03,15:31:06.979000,12089,12090,12089,1
2020-01-03,15:31:07.736000,12089,12090,12089,1
2020-01-03,15:31:07.846000,12088,12089,12089,1
2020-01-03,15:31:07.847000,12088,12089,12089,1
2020-01-03,15:31:07.848000,12088,12089,12090,1
2020-01-03,15:31:07.852000,12088,12089,12090,1
2020-01-03,15:31:18.018000,12088,12089,12088,4
2020-01-03,15:31:21.195000,12088,12089,12088,5
2020-01-03,15:31:21.199000,12088,12089,12088,4
2020-01-03,15:31:21.200000,12088,12089,12088,3
2020-01-03,15:31:24.515000,12087,12088,12087,1
2020-01-03,15:31:24.545000,12087,12088,12087,1
2020-01-03,15:31:24.875000,12087,12088,12087,1
2020-01-03,15:31:24.886000,12087,12088,12087,1
2020-01-03,15:31:25.403000,12087,12088,12087,25
2020-01-03,15:31:25.450000,12087,12088,12087,8
2020-01-03,15:31:25.450000,12087,12088,12087,1
2020-01-03,15:31:32.764000,12086,12088,12088,1
2020-01-03,15:31:36.074000,12087,12088,12087,1
2020-01-03,15:31:47.518000,12086,12087,12086,3
2020-01-03,15:31:51.648000,12086,12087,12087,1
2020-01-03,15:32:01.121000,12087,12088,12087,1
2020-01-03,15:32:02.301000,12087,12088,12087,1
2020-01-03,15:32:22.312000,12087,12088,12087,1
2020-01-03,15:32:22.346000,12087,12088,12088,1
2020-01-03,15:32:28.833000,12086,12087,12087,1
2020-01-03,15:32:39.853000,12087,12088,12088,2
2020-01-03,15:32:39.877000,12087,12088,12088,2
2020-01-03,15:32:39.877000,12087,12088,12088,2
2020-01-03,15:32:41.782000,12088,12089,12088,8
2020-01-03,15:32:42.565000,12088,12089,12089,2
2020-01-03,15:32:42.574000,12088,12089,12089,3
2020-01-03,15:32:42.700000,12089,12090,12090,2
2020-01-03,15:32:42.700000,12089,12090,12090,3
2020-01-03,15:32:42.700000,12089,12090,12090,12
2020-01-03,15:32:42.825000,12089,12090,12090,4
2020-01-03,15:32:44.306000,12089,12090,12090,1
2020-01-03,15:32:44.722000,12089,12090,12090,1
2020-01-03,15:32:45.207000,12089,12090,12090,1
2020-01-03,15:32:47.422000,12089,12090,12090,1
2020-01-03,15:32:47.949000,12089,12090,12090,1
2020-01-03,15:32:48.075000,12089,12090,12090,4
2020-01-03,15:32:51.633000,12090,12091,12090,2
2020-01-03,15:33:14.044000,12089,12090,12090,3
2020-01-03,15:33:18.122000,12089,12090,12090,1
2020-01-03,15:33:18.595000,12089,12090,12089,2
2020-01-03,15:33:18.595000,12089,12090,12089,1
2020-01-03,15:33:18.595000,12089,12090,12089,15
2020-01-03,15:33:18.708000,12088,12090,12089,1
2020-01-03,15:33:18.708000,12088,12090,12090,1
2020-01-03,15:33:18.709000,12088,12090,12090,1
2020-01-03,15:33:18.709000,12088,12090,12090,1
2020-01-03,15:33:18.714000,12088,12090,12090,1
2020-01-03,15:33:18.716000,12088,12090,12090,1
2020-01-03,15:33:18.718000,12088,12090,12090,1
2020-01-03,15:33:18.718000,12088,12090,12090,1
2020-01-03,15:33:18.719000,12088,12090,12090,1
2020-01-03,15:33:18.719000,12088,12090,12090,1
2020-01-03,15:33:18.721000,12088,12090,12090,1
2020-01-03,15:33:18.721000,12088,12090,12090,1
2020-01-03,15:33:19.513000,12088,12090,12090,1
2020-01-03,15:33:20.195000,12088,12090,12090,2
2020-01-03,15:33:20.301000,12088,12090,12089,1
2020-01-03,15:33:20.325000,12088,12089,12088,4
2020-01-03,15:33:31.569000,12088,12089,12088,1
2020-01-03,15:34:23.255000,12088,12089,12089,5
2020-01-03,15:34:23.255000,12088,12089,12089,5
2020-01-03,15:34:23.324000,12088,12089,12089,1
2020-01-03,15:34:23.325000,12088,12089,12089,4
2020-01-03,15:34:40.412000,12088,12089,12089,1
2020-01-03,15:35:09.291000,12088,12089,12089,1
2020-01-03,15:35:09.345000,12088,12089,12089,1
2020-01-03,15:35:09.353000,12088,12089,12089,1
2020-01-03,15:35:14.154000,12088,12089,12089,5
2020-01-03,15:35:14.199000,12088,12089,12089,1
2020-01-03,15:35:45.098000,12088,12089,12089,1
2020-01-03,15:35:46.492000,12088,12089,12088,1
2020-01-03,15:35:47.033000,12088,12089,12088,1
2020-01-03,15:35:47.529000,12088,12089,12088,1
2020-01-03,15:35:48.057000,12088,12089,12088,1
2020-01-03,15:35:49.351000,12088,12089,12089,6
2020-01-03,15:35:49.351000,12088,12089,12089,2
2020-01-03,15:35:49.449000,12088,12089,12089,2
2020-01-03,15:35:54.184000,12088,12090,12090,1
2020-01-03,15:36:08.819000,12088,12090,12090,6
2020-01-03,15:36:11.321000,12089,12090,12089,2
2020-01-03,15:36:43.196000,12089,12090,12089,2
2020-01-03,15:36:53.699000,12089,12090,12089,1
2020-01-03,15:36:55.687000,12088,12089,12089,2
2020-01-03,15:37:01.880000,12088,12089,12088,8
2020-01-03,15:37:35.819000,12088,12089,12088,1
2020-01-03,15:37:49.075000,12087,12088,12088,2
2020-01-03,15:38:37.512000,12087,12088,12088,1
2020-01-03,15:38:38.672000,12088,12089,12088,1
2020-01-03,15:39:24.449000,12087,12088,12087,5
2020-01-03,15:39:31.907000,12087,12088,12087,1
2020-01-03,15:39:48.414000,12087,12088,12087,3
2020-01-03,15:39:48.465000,12086,12087,12087,1
2020-01-03,15:39:48.468000,12086,12087,12087,1
2020-01-03,15:39:48.475000,12086,12087,12088,1
2020-01-03,15:39:50.767000,12086,12087,12087,1
2020-01-03,15:39:50.767000,12086,12087,12087,4
2020-01-03,15:39:54.377000,12087,12088,12088,1
2020-01-03,15:40:32.283000,12087,12088,12087,2
2020-01-03,15:40:32.283000,12087,12088,12087,1
2020-01-03,15:40:33.046000,12086,12087,12086,1
2020-01-03,15:40:41.424000,12086,12087,12086,2
2020-01-03,15:40:41.457000,12086,12087,12087,1
2020-01-03,15:40:41.458000,12086,12087,12087,1
2020-01-03,15:40:41.458000,12086,12087,12087,1
2020-01-03,15:40:41.459000,12086,12087,12087,1
2020-01-03,15:40:41.459000,12086,12087,12087,1
2020-01-03,15:40:41.460000,12086,12087,12087,1
2020-01-03,15:40:41.460000,12086,12087,12087,1
2020-01-03,15:40:41.463000,12086,12087,12087,1
2020-01-03,15:40:41.465000,12086,12087,12087,1
2020-01-03,15:40:41.467000,12086,12087,12087,1
2020-01-03,15:41:01.065000,12086,12087,12086,3
2020-01-03,15:41:24.482000,12086,12087,12086,1
2020-01-03,15:41:45.662000,12086,12087,12086,1
2020-01-03,15:41:45.708000,12086,12087,12087,1
2020-01-03,15:41:45.711000,12086,12087,12087,1
2020-01-03,15:41:45.711000,12086,12087,12087,1
2020-01-03,15:41:45.711000,12086,12087,12087,1
2020-01-03,15:41:45.713000,12086,12087,12087,1
2020-01-03,15:41:45.715000,12086,12087,12087,1
2020-01-03,15:41:45.825000,12086,12087,12087,1
2020-01-03,15:42:04.252000,12087,12088,12087,1
2020-01-03,15:42:10.415000,12087,12088,12087,1
2020-01-03,15:42:31.785000,12086,12087,12087,2
2020-01-03,15:42:31.845000,12086,12087,12087,1
2020-01-03,15:42:40.176000,12086,12087,12087,1
2020-01-03,15:42:40.176000,12086,12087,12087,1
2020-01-03,15:42:40.177000,12086,12087,12087,2
2020-01-03,15:42:40.177000,12086,12087,12087,1
2020-01-03,15:42:40.234000,12087,12088,12087,1
2020-01-03,15:43:00.459000,12087,12088,12087,1
2020-01-03,15:43:19.156000,12086,12087,12086,1
2020-01-03,15:44:17.544000,12086,12087,12086,1
2020-01-03,15:44:17.585000,12086,12087,12087,1
2020-01-03,15:44:17.594000,12086,12087,12087,1
2020-01-03,15:44:17.597000,12086,12087,12087,1
2020-01-03,15:44:17.603000,12086,12087,12087,1
2020-01-03,15:44:18.763000,12086,12087,12086,1
2020-01-03,15:44:19.258000,12086,12087,12086,1
2020-01-03,15:44:19.332000,12086,12087,12087,1
2020-01-03,15:44:19.333000,12086,12087,12087,1
2020-01-03,15:44:19.337000,12086,12087,12087,1
2020-01-03,15:44:19.337000,12086,12087,12087,1
2020-01-03,15:44:19.338000,12086,12087,12087,1
2020-01-03,15:44:19.338000,12086,12087,12087,1
2020-01-03,15:44:19.339000,12086,12087,12087,1
2020-01-03,15:44:19.339000,12086,12087,12087,1
2020-01-03,15:44:19.340000,12086,12087,12087,1
2020-01-03,15:44:19.348000,12086,12087,12087,1
2020-01-03,15:44:25.369000,12087,12088,12087,1
2020-01-03,15:44:25.592000,12087,12088,12087,1
2020-01-03,15:44:57.726000,12086,12088,12086,3
2020-01-03,15:45:12.398000,12087,12088,12087,1
2020-01-03,15:45:13.144000,12087,12088,12087,1
2020-01-03,15:45:13.463000,12086,12088,12088,4
2020-01-03,15:45:13.612000,12087,12088,12088,2
2020-01-03,15:45:14.038000,12087,12088,12087,2
2020-01-03,15:45:14.158000,12087,12088,12088,2
2020-01-03,15:45:14.226000,12087,12088,12088,2
2020-01-03,15:45:14.386000,12087,12088,12088,2
2020-01-03,15:45:14.386000,12087,12088,12089,2
2020-01-03,15:45:14.480000,12087,12089,12089,4
2020-01-03,15:45:24.414000,12087,12088,12088,1
2020-01-03,15:45:29.420000,12088,12089,12088,1
2020-01-03,15:45:37.449000,12087,12088,12087,1
2020-01-03,15:45:46.169000,12086,12087,12086,6
2020-01-03,15:45:55.829000,12086,12087,12087,1
2020-01-03,15:46:06.729000,12086,12087,12087,1
2020-01-03,15:46:06.729000,12086,12087,12088,1
2020-01-03,15:46:32.214000,12087,12088,12087,3
2020-01-03,15:46:47.530000,12087,12088,12087,1
2020-01-03,15:46:49.085000,12087,12088,12087,4
2020-01-03,15:46:51.442000,12086,12087,12087,1
2020-01-03,15:46:58.362000,12086,12087,12086,9
2020-01-03,15:46:58.449000,12086,12087,12086,12
2020-01-03,15:46:58.575000,12086,12087,12086,9
2020-01-03,15:47:00.834000,12085,12086,12085,12
2020-01-03,15:47:05.357000,12084,12085,12085,2
2020-01-03,15:47:05.733000,12084,12085,12084,4
2020-01-03,15:47:05.861000,12084,12085,12084,2
2020-01-03,15:47:06.496000,12084,12085,12084,1
2020-01-03,15:47:10.335000,12084,12085,12084,1
2020-01-03,15:47:18.950000,12084,12085,12084,12
2020-01-03,15:47:25.242000,12083,12084,12083,5
2020-01-03,15:47:25.817000,12083,12084,12083,1
2020-01-03,15:47:26.819000,12083,12084,12083,1
2020-01-03,15:47:29.324000,12083,12084,12083,1
2020-01-03,15:47:30.036000,12083,12084,12083,1
2020-01-03,15:47:32.775000,12082,12083,12082,1
2020-01-03,15:47:35.869000,12082,12083,12082,5
2020-01-03,15:47:35.983000,12082,12083,12083,3
2020-01-03,15:47:36.074000,12082,12083,12083,6
2020-01-03,15:47:36.842000,12083,12084,12084,3
2020-01-03,15:47:38.404000,12083,12084,12083,1
2020-01-03,15:47:39.635000,12083,12084,12083,1
2020-01-03,15:47:45.025000,12083,12084,12083,11
2020-01-03,15:47:53.157000,12083,12084,12083,1
2020-01-03,15:47:54.789000,12083,12084,12083,3
2020-01-03,15:47:56.184000,12083,12084,12083,4
2020-01-03,15:47:56.218000,12082,12083,12083,2
2020-01-03,15:47:56.505000,12082,12083,12082,6
2020-01-03,15:47:56.505000,12082,12083,12082,3
2020-01-03,15:47:56.574000,12082,12083,12082,4
2020-01-03,15:47:56.574000,12082,12083,12082,4
2020-01-03,15:47:56.575000,12082,12083,12082,4
2020-01-03,15:47:56.582000,12082,12083,12082,18
2020-01-03,15:47:56.645000,12082,12083,12082,1
2020-01-03,15:47:57.777000,12081,12082,12082,2
2020-01-03,15:48:01.429000,12081,12082,12081,4
2020-01-03,15:48:12.813000,12081,12082,12081,8
2020-01-03,15:48:14.867000,12081,12082,12082,5
2020-01-03,15:48:17.427000,12081,12082,12082,2
2020-01-03,15:48:17.451000,12082,12083,12082,2
2020-01-03,15:48:22.672000,12082,12083,12082,3
2020-01-03,15:48:23.665000,12081,12082,12082,1
2020-01-03,15:48:25.780000,12081,12082,12081,2
2020-01-03,15:48:25.780000,12081,12082,12081,1
2020-01-03,15:48:25.783000,12081,12082,12081,7
2020-01-03,15:48:25.783000,12081,12082,12081,1
2020-01-03,15:48:25.783000,12081,12082,12081,3
2020-01-03,15:48:25.791000,12081,12082,12081,5
2020-01-03,15:48:25.791000,12081,12082,12081,4
2020-01-03,15:48:25.865000,12080,12081,12080,4
2020-01-03,15:48:25.873000,12080,12081,12080,3
2020-01-03,15:48:25.875000,12080,12081,12080,1
2020-01-03,15:48:25.877000,12080,12081,12080,1
2020-01-03,15:48:26.010000,12080,12081,12080,5
2020-01-03,15:48:26.127000,12080,12081,12080,2
2020-01-03,15:48:26.815000,12079,12080,12079,4
2020-01-03,15:48:26.816000,12079,12080,12079,2
2020-01-03,15:48:26.816000,12079,12080,12079,1
2020-01-03,15:48:26.816000,12079,12080,12079,3
2020-01-03,15:48:26.816000,12079,12080,12079,3
2020-01-03,15:48:27.054000,12078,12079,12078,1
2020-01-03,15:48:27.273000,12078,12079,12078,1
2020-01-03,15:48:27.286000,12078,12079,12079,1
2020-01-03,15:48:27.287000,12078,12079,12079,1
2020-01-03,15:48:27.326000,12079,12080,12079,1
2020-01-03,15:48:27.396000,12079,12080,12078,1
2020-01-03,15:48:27.462000,12078,12079,12078,5
2020-01-03,15:48:27.630000,12078,12079,12079,2
2020-01-03,15:48:27.933000,12078,12079,12078,1
2020-01-03,15:48:27.936000,12078,12079,12078,1
2020-01-03,15:48:31.209000,12078,12079,12078,8
2020-01-03,15:48:31.324000,12078,12079,12078,3
2020-01-03,15:48:31.324000,12078,12079,12078,1
2020-01-03,15:48:31.350000,12078,12079,12078,2
2020-01-03,15:48:31.375000,12078,12079,12078,2
2020-01-03,15:48:32.825000,12077,12078,12077,3
2020-01-03,15:48:32.825000,12077,12078,12077,4
2020-01-03,15:48:32.827000,12077,12078,12077,4
2020-01-03,15:48:32.828000,12077,12078,12077,4
2020-01-03,15:48:32.972000,12077,12078,12077,2
2020-01-03,15:48:32.988000,12077,12078,12077,3
2020-01-03,15:48:33.049000,12077,12078,12077,1
2020-01-03,15:48:33.389000,12076,12077,12077,1
2020-01-03,15:48:33.700000,12076,12077,12077,3
2020-01-03,15:48:33.716000,12076,12077,12076,1
2020-01-03,15:48:33.864000,12077,12078,12077,1
2020-01-03,15:48:33.872000,12077,12078,12077,1
2020-01-03,15:48:33.929000,12077,12078,12077,1
2020-01-03,15:48:34.478000,12077,12078,12077,4
2020-01-03,15:48:34.488000,12077,12078,12077,1
2020-01-03,15:48:34.615000,12076,12078,12076,1
2020-01-03,15:48:34.856000,12076,12078,12076,1
2020-01-03,15:48:35.743000,12077,12078,12078,7
2020-01-03,15:48:35.774000,12077,12078,12078,5
2020-01-03,15:48:35.774000,12077,12078,12079,2
2020-01-03,15:48:35.825000,12077,12079,12078,1
2020-01-03,15:48:36.938000,12077,12079,12079,1
2020-01-03,15:48:38.493000,12078,12079,12078,2
2020-01-03,15:48:39.581000,12077,12078,12077,1
2020-01-03,15:48:41.194000,12077,12078,12077,1
2020-01-03,15:48:42.932000,12077,12078,12077,5
2020-01-03,15:48:43.093000,12077,12078,12077,1
2020-01-03,15:48:43.235000,12077,12078,12077,1
2020-01-03,15:48:43.338000,12077,12078,12077,5
2020-01-03,15:48:44.155000,12076,12077,12076,1
2020-01-03,15:48:44.341000,12076,12077,12076,2
2020-01-03,15:48:44.430000,12076,12077,12077,1
2020-01-03,15:48:44.809000,12076,12077,12077,3
2020-01-03,15:48:45.776000,12076,12077,12077,1
2020-01-03,15:48:46.168000,12076,12077,12076,42
2020-01-03,15:48:46.200000,12076,12077,12076,1
2020-01-03,15:48:46.200000,12076,12077,12076,3
2020-01-03,15:48:46.574000,12075,12076,12076,2
2020-01-03,15:48:47.142000,12075,12076,12075,5
2020-01-03,15:48:47.715000,12075,12076,12075,2
2020-01-03,15:48:47.715000,12075,12076,12075,1
2020-01-03,15:48:47.715000,12075,12076,12075,2
2020-01-03,15:48:47.715000,12075,12076,12075,1
2020-01-03,15:48:47.716000,12075,12076,12075,3
2020-01-03,15:48:47.716000,12075,12076,12075,1
2020-01-03,15:48:47.716000,12075,12076,12075,4
2020-01-03,15:48:47.716000,12075,12076,12075,1
2020-01-03,15:48:47.765000,12075,12076,12074,1
2020-01-03,15:48:47.827000,12074,12075,12074,4
2020-01-03,15:48:47.950000,12074,12075,12074,8
2020-01-03,15:48:48.067000,12074,12075,12075,1
2020-01-03,15:48:48.188000,12074,12075,12074,1
2020-01-03,15:48:48.336000,12074,12075,12074,1
2020-01-03,15:48:48.358000,12074,12075,12074,1
2020-01-03,15:48:49.069000,12074,12075,12075,1
2020-01-03,15:48:49.531000,12074,12075,12074,2
2020-01-03,15:48:49.801000,12074,12075,12074,2
2020-01-03,15:48:52.238000,12074,12075,12074,1
2020-01-03,15:48:52.770000,12074,12075,12074,2
2020-01-03,15:48:52.945000,12074,12075,12074,1
2020-01-03,15:48:55.643000,12074,12075,12074,1
2020-01-03,15:48:55.677000,12074,12075,12074,10
2020-01-03,15:48:55.701000,12074,12075,12074,12
2020-01-03,15:48:56.189000,12073,12074,12074,2
2020-01-03,15:48:56.189000,12073,12074,12074,1
2020-01-03,15:48:56.189000,12073,12074,12074,1
2020-01-03,15:48:56.189000,12073,12074,12074,2
2020-01-03,15:48:56.189000,12073,12074,12074,2
2020-01-03,15:48:57.230000,12074,12075,12074,3
2020-01-03,15:48:58.128000,12073,12074,12074,1
2020-01-03,15:49:01.879000,12073,12074,12073,2
2020-01-03,15:49:02.238000,12073,12074,12073,4
2020-01-03,15:49:02.447000,12072,12073,12073,2
2020-01-03,15:49:02.460000,12072,12074,12074,1
2020-01-03,15:49:02.463000,12072,12074,12074,2
2020-01-03,15:49:02.472000,12072,12074,12074,1
2020-01-03,15:49:02.473000,12072,12074,12074,1
2020-01-03,15:49:02.476000,12072,12074,12074,1
2020-01-03,15:49:02.670000,12072,12074,12074,1
2020-01-03,15:49:02.917000,12073,12074,12073,1
2020-01-03,15:49:02.949000,12073,12074,12074,2
2020-01-03,15:49:03.024000,12073,12074,12073,1
2020-01-03,15:49:03.729000,12073,12075,12073,1
2020-01-03,15:49:03.955000,12073,12074,12074,1
2020-01-03,15:49:04.343000,12073,12075,12073,15
2020-01-03,15:49:04.501000,12073,12074,12073,1
2020-01-03,15:49:06.001000,12073,12074,12074,1
2020-01-03,15:49:07.223000,12075,12076,12075,1
2020-01-03,15:49:09.022000,12075,12076,12075,1
2020-01-03,15:49:10.475000,12074,12075,12075,1
2020-01-03,15:49:11.771000,12075,12076,12075,1
2020-01-03,15:49:12.558000,12075,12076,12075,5
2020-01-03,15:49:14.133000,12075,12076,12075,1
2020-01-03,15:49:14.227000,12075,12076,12075,4
2020-01-03,15:49:15.385000,12075,12076,12075,1
2020-01-03,15:49:16.256000,12075,12076,12075,1
2020-01-03,15:49:18.579000,12075,12076,12075,7
2020-01-03,15:49:18.585000,12075,12076,12075,1
2020-01-03,15:49:20.751000,12074,12075,12075,5
2020-01-03,15:49:20.825000,12074,12075,12075,1
2020-01-03,15:49:25.820000,12073,12075,12075,1
2020-01-03,15:49:27.936000,12074,12075,12075,1
2020-01-03,15:49:32.783000,12074,12075,12074,1
2020-01-03,15:49:33.042000,12074,12075,12075,1
2020-01-03,15:49:33.213000,12074,12075,12075,1
2020-01-03,15:49:33.317000,12074,12075,12075,11
2020-01-03,15:49:33.324000,12074,12075,12075,1
2020-01-03,15:49:35.060000,12075,12076,12075,1
2020-01-03,15:49:35.866000,12075,12076,12075,1
2020-01-03,15:49:38.138000,12075,12076,12075,1
2020-01-03,15:49:40.806000,12075,12076,12076,3
2020-01-03,15:49:44.055000,12075,12076,12075,1
2020-01-03,15:49:44.942000,12075,12076,12075,1
2020-01-03,15:49:45.668000,12075,12076,12075,1
2020-01-03,15:49:51.115000,12075,12076,12075,1
2020-01-03,15:49:51.281000,12075,12076,12075,1
2020-01-03,15:49:51.935000,12075,12076,12075,1
2020-01-03,15:49:55.289000,12075,12076,12076,4
2020-01-03,15:49:55.315000,12075,12076,12075,2
2020-01-03,15:49:55.781000,12075,12076,12076,1
2020-01-03,15:49:55.783000,12075,12076,12076,1
2020-01-03,15:49:55.866000,12075,12076,12076,1
2020-01-03,15:50:00.400000,12075,12076,12076,2
2020-01-03,15:50:01.467000,12076,12077,12076,1
2020-01-03,15:50:02.206000,12076,12077,12076,1
2020-01-03,15:50:02.333000,12076,12077,12076,1
2020-01-03,15:50:08.256000,12076,12077,12076,2
2020-01-03,15:50:09.284000,12076,12077,12076,1
2020-01-03,15:50:17.066000,12076,12077,12076,1
2020-01-03,15:50:19.326000,12076,12077,12076,1
2020-01-03,15:50:19.326000,12076,12077,12076,1
2020-01-03,15:50:19.368000,12076,12077,12076,2
2020-01-03,15:50:19.368000,12076,12077,12076,1
2020-01-03,15:50:19.369000,12076,12077,12076,1
2020-01-03,15:50:24.179000,12075,12076,12076,5
2020-01-03,15:50:25.682000,12075,12076,12076,1
2020-01-03,15:50:31.296000,12075,12076,12075,11
2020-01-03,15:50:31.324000,12075,12076,12075,3
2020-01-03,15:50:31.324000,12075,12076,12075,8
2020-01-03,15:50:31.325000,12075,12076,12075,3
2020-01-03,15:50:31.582000,12074,12075,12075,1
2020-01-03,15:50:35.964000,12074,12075,12075,4
2020-01-03,15:50:36.327000,12074,12075,12074,4
2020-01-03,15:50:36.616000,12074,12075,12074,4
2020-01-03,15:50:40.834000,12074,12075,12074,31
2020-01-03,15:50:41.075000,12073,12074,12073,1
2020-01-03,15:50:41.089000,12073,12074,12073,1
2020-01-03,15:50:41.268000,12073,12074,12073,1
2020-01-03,15:50:41.522000,12073,12074,12073,1
2020-01-03,15:50:41.665000,12073,12074,12073,2
2020-01-03,15:50:42.416000,12073,12074,12073,4
2020-01-03,15:50:44.088000,12072,12073,12073,1
2020-01-03,15:50:46.643000,12072,12073,12072,5
2020-01-03,15:50:47.264000,12071,12073,12073,1
2020-01-03,15:50:48.379000,12071,12073,12071,2
2020-01-03,15:50:50.381000,12072,12073,12073,1
2020-01-03,15:50:51.136000,12072,12073,12073,1
2020-01-03,15:50:53.220000,12072,12073,12072,2
2020-01-03,15:50:55.750000,12071,12072,12071,12
2020-01-03,15:50:56.199000,12070,12071,12071,1
2020-01-03,15:50:56.649000,12071,12072,12071,1
2020-01-03,15:50:59.978000,12071,12072,12071,1
2020-01-03,15:51:01.386000,12071,12072,12071,1
2020-01-03,15:51:01.395000,12071,12072,12072,1
2020-01-03,15:51:01.780000,12071,12072,12071,2
2020-01-03,15:51:02.542000,12071,12072,12071,1
2020-01-03,15:51:02.829000,12071,12072,12072,1
2020-01-03,15:51:03.543000,12071,12072,12072,1
2020-01-03,15:51:04.033000,12071,12072,12071,2
2020-01-03,15:51:04.619000,12071,12072,12071,1
2020-01-03,15:51:05.375000,12071,12072,12071,6
2020-01-03,15:51:06.068000,12071,12072,12071,1
2020-01-03,15:51:09.281000,12071,12072,12071,1
2020-01-03,15:51:09.657000,12071,12072,12071,1
2020-01-03,15:51:11.864000,12071,12072,12071,1
2020-01-03,15:51:12.146000,12071,12072,12071,9
2020-01-03,15:51:12.465000,12071,12072,12071,4
2020-01-03,15:51:13.515000,12071,12072,12071,1
2020-01-03,15:51:13.828000,12071,12072,12071,1
2020-01-03,15:51:14.170000,12071,12072,12071,1
2020-01-03,15:51:15.508000,12071,12072,12071,1
2020-01-03,15:51:16.775000,12071,12072,12071,7
2020-01-03,15:51:20.817000,12071,12072,12071,1
2020-01-03,15:51:21.989000,12071,12072,12071,5
2020-01-03,15:51:24.322000,12071,12072,12071,1
2020-01-03,15:51:24.408000,12071,12072,12071,2
2020-01-03,15:51:27.107000,12071,12072,12072,1
2020-01-03,15:51:27.624000,12071,12072,12072,1
2020-01-03,15:51:27.666000,12071,12072,12072,2
2020-01-03,15:51:27.666000,12071,12072,12072,6
2020-01-03,15:51:27.666000,12071,12072,12072,1
2020-01-03,15:51:29.061000,12072,12073,12072,6
2020-01-03,15:51:36.063000,12072,12073,12072,18
2020-01-03,15:51:36.408000,12071,12072,12071,5
2020-01-03,15:51:39.611000,12071,12072,12072,1
2020-01-03,15:51:42.318000,12071,12072,12072,1
2020-01-03,15:51:43.680000,12071,12072,12071,1
2020-01-03,15:51:46.580000,12071,12072,12072,1
2020-01-03,15:51:47.617000,12071,12072,12071,4
2020-01-03,15:51:51.864000,12071,12072,12071,3
2020-01-03,15:51:53.026000,12071,12072,12072,1
2020-01-03,15:51:54.039000,12071,12072,12071,2
2020-01-03,15:51:54.047000,12071,12072,12071,1
2020-01-03,15:51:55.656000,12071,12072,12072,1
2020-01-03,15:51:57.431000,12071,12072,12072,1
2020-01-03,15:51:58.764000,12071,12072,12071,1
2020-01-03,15:52:00.074000,12071,12072,12072,13
2020-01-03,15:52:00.540000,12072,12073,12073,1
2020-01-03,15:52:01.058000,12072,12073,12072,2
2020-01-03,15:52:01.080000,12072,12073,12072,1
2020-01-03,15:52:01.919000,12072,12073,12072,1
2020-01-03,15:52:02.221000,12072,12073,12072,1
2020-01-03,15:52:02.283000,12072,12073,12072,1
2020-01-03,15:52:09.299000,12072,12073,12072,2
2020-01-03,15:52:11.302000,12072,12073,12073,3
2020-01-03,15:52:11.896000,12072,12073,12072,2
2020-01-03,15:52:14.526000,12072,12073,12072,1
2020-01-03,15:52:15.921000,12072,12073,12072,1
2020-01-03,15:52:18.034000,12072,12073,12072,1
2020-01-03,15:52:21.162000,12072,12073,12072,1
2020-01-03,15:52:23.279000,12072,12073,12072,3
2020-01-03,15:52:25.390000,12071,12072,12072,1
2020-01-03,15:52:31.896000,12072,12073,12072,1
2020-01-03,15:52:32.824000,12072,12073,12072,2
2020-01-03,15:52:32.824000,12072,12073,12072,1
2020-01-03,15:52:36.506000,12071,12072,12072,1
2020-01-03,15:52:37.670000,12071,12072,12072,1
2020-01-03,15:52:39.248000,12071,12072,12072,1
2020-01-03,15:52:39.762000,12071,12072,12072,6
2020-01-03,15:52:43.427000,12071,12072,12071,1
2020-01-03,15:52:43.859000,12071,12072,12071,2
2020-01-03,15:52:47.461000,12071,12072,12072,1
2020-01-03,15:52:47.515000,12071,12072,12072,1
2020-01-03,15:52:51.863000,12071,12072,12072,1
2020-01-03,15:52:52.459000,12071,12072,12071,1
2020-01-03,15:52:57.179000,12071,12072,12071,1
2020-01-03,15:53:04.575000,12071,12072,12071,5
2020-01-03,15:53:04.699000,12071,12072,12071,9
2020-01-03,15:53:04.824000,12071,12072,12071,2
2020-01-03,15:53:04.824000,12071,12072,12071,3
2020-01-03,15:53:04.824000,12071,12072,12071,1
2020-01-03,15:53:04.825000,12071,12072,12071,3
2020-01-03,15:53:04.825000,12071,12072,12071,3
2020-01-03,15:53:04.825000,12071,12072,12071,4
2020-01-03,15:53:04.825000,12071,12072,12071,1
2020-01-03,15:53:05.409000,12070,12071,12071,2
2020-01-03,15:53:06.581000,12070,12071,12070,25
2020-01-03,15:53:06.699000,12070,12071,12070,1
2020-01-03,15:53:06.742000,12070,12071,12069,2
2020-01-03,15:53:06.745000,12070,12071,12069,1
2020-01-03,15:53:06.907000,12069,12070,12069,5
2020-01-03,15:53:06.967000,12069,12070,12069,1
2020-01-03,15:53:08.676000,12069,12070,12069,2
2020-01-03,15:53:09.159000,12069,12070,12070,1
2020-01-03,15:53:09.740000,12069,12071,12069,1
2020-01-03,15:53:11.934000,12069,12070,12069,1
2020-01-03,15:53:13.571000,12069,12071,12069,10
2020-01-03,15:53:19.304000,12070,12071,12070,1
2020-01-03,15:53:19.304000,12070,12071,12069,4
2020-01-03,15:53:22.528000,12069,12070,12069,2
2020-01-03,15:53:22.528000,12069,12070,12069,1
2020-01-03,15:53:30.135000,12068,12069,12069,1
2020-01-03,15:53:31.218000,12069,12070,12069,1
2020-01-03,15:53:34.469000,12069,12070,12070,2
2020-01-03,15:53:34.469000,12069,12070,12070,5
2020-01-03,15:53:39.949000,12070,12071,12071,1
2020-01-03,15:53:44.244000,12070,12072,12072,1
2020-01-03,15:53:48.290000,12071,12072,12072,1
2020-01-03,15:54:05.855000,12071,12072,12071,7
2020-01-03,15:54:05.855000,12071,12072,12071,6
2020-01-03,15:54:08.899000,12070,12071,12071,1
2020-01-03,15:54:10.636000,12070,12071,12070,8
2020-01-03,15:54:17.999000,12070,12071,12070,1
2020-01-03,15:54:19.094000,12070,12071,12070,4
2020-01-03,15:54:21.785000,12069,12070,12070,2
2020-01-03,15:54:22.869000,12069,12070,12070,1
2020-01-03,15:54:29.374000,12069,12070,12070,1
2020-01-03,15:54:30.437000,12069,12070,12069,2
2020-01-03,15:54:31.039000,12069,12070,12070,1
2020-01-03,15:54:33.677000,12069,12070,12069,1
2020-01-03,15:54:40.321000,12069,12070,12069,2
2020-01-03,15:54:42.893000,12069,12070,12069,1
2020-01-03,15:54:42.998000,12069,12070,12070,1
2020-01-03,15:54:47.548000,12069,12070,12069,10
2020-01-03,15:54:48.613000,12069,12070,12070,1
2020-01-03,15:54:48.735000,12069,12070,12069,6
2020-01-03,15:54:50.927000,12069,12070,12069,5
2020-01-03,15:54:51.255000,12069,12070,12069,1
2020-01-03,15:54:51.698000,12069,12070,12069,10
2020-01-03,15:54:51.765000,12069,12070,12069,3
2020-01-03,15:54:51.765000,12069,12070,12068,1
2020-01-03,15:54:51.855000,12068,12070,12068,1
2020-01-03,15:54:51.991000,12068,12069,12068,1
2020-01-03,15:54:52.555000,12068,12069,12069,1
2020-01-03,15:54:53.515000,12068,12069,12068,2
2020-01-03,15:54:53.993000,12068,12069,12068,1
2020-01-03,15:54:56.919000,12068,12069,12069,2
2020-01-03,15:55:02.825000,12068,12069,12069,3
2020-01-03,15:55:03.897000,12069,12070,12069,10
2020-01-03,15:55:04.052000,12069,12070,12069,1
2020-01-03,15:55:04.131000,12069,12070,12069,1
2020-01-03,15:55:06.449000,12069,12070,12070,9
2020-01-03,15:55:09.279000,12070,12071,12070,1
2020-01-03,15:55:11.957000,12070,12071,12071,3
2020-01-03,15:55:12.109000,12070,12071,12071,1
2020-01-03,15:55:13.438000,12070,12072,12072,1
2020-01-03,15:55:14.898000,12070,12071,12071,1
2020-01-03,15:55:15.082000,12070,12071,12070,1
2020-01-03,15:55:19.050000,12070,12071,12071,1
2020-01-03,15:55:19.886000,12070,12071,12071,1
2020-01-03,15:55:22.074000,12070,12071,12071,3
2020-01-03,15:55:23.055000,12070,12071,12071,1
2020-01-03,15:55:24.975000,12070,12071,12071,1
2020-01-03,15:55:36.762000,12070,12071,12071,1
2020-01-03,15:55:36.858000,12070,12071,12070,1
2020-01-03,15:55:37.302000,12070,12071,12071,1
2020-01-03,15:55:45.536000,12070,12071,12071,2
2020-01-03,15:55:52.985000,12070,12071,12071,1
2020-01-03,15:55:57.581000,12070,12071,12071,1
2020-01-03,15:56:02.338000,12070,12071,12070,2
2020-01-03,15:56:03.203000,12070,12071,12071,1
2020-01-03,15:56:04.930000,12070,12071,12070,2
2020-01-03,15:56:04.930000,12070,12071,12070,1
2020-01-03,15:56:04.930000,12070,12071,12070,1
2020-01-03,15:56:04.941000,12070,12071,12070,1
2020-01-03,15:56:04.941000,12070,12071,12070,2
2020-01-03,15:56:04.942000,12070,12071,12070,5
2020-01-03,15:56:04.942000,12070,12071,12070,1
2020-01-03,15:56:04.942000,12070,12071,12070,4
2020-01-03,15:56:04.942000,12070,12071,12070,1
2020-01-03,15:56:04.950000,12070,12071,12070,3
2020-01-03,15:56:08.051000,12069,12070,12069,5
2020-01-03,15:56:10.453000,12069,12071,12069,1
2020-01-03,15:56:12.098000,12070,12071,12071,1
2020-01-03,15:56:12.441000,12070,12071,12071,1
2020-01-03,15:56:12.764000,12070,12071,12071,1
2020-01-03,15:56:13.155000,12070,12071,12070,1
2020-01-03,15:56:13.960000,12070,12071,12071,1
2020-01-03,15:56:14.441000,12070,12071,12071,4
2020-01-03,15:56:14.815000,12071,12072,12072,1
2020-01-03,15:56:15.615000,12071,12072,12071,1
2020-01-03,15:56:18.871000,12070,12071,12071,1
2020-01-03,15:56:21.467000,12070,12071,12071,1
2020-01-03,15:56:25.883000,12070,12071,12071,2
2020-01-03,15:56:25.884000,12070,12071,12071,3
2020-01-03,15:56:27.915000,12071,12072,12071,1
2020-01-03,15:56:34.704000,12071,12072,12071,1
2020-01-03,15:56:48.639000,12071,12072,12071,2
2020-01-03,15:56:48.641000,12071,12072,12071,8
2020-01-03,15:56:51.227000,12070,12071,12071,1
2020-01-03,15:56:57.529000,12071,12072,12071,1
2020-01-03,15:56:57.673000,12070,12071,12071,1
2020-01-03,15:57:01.363000,12070,12071,12071,1
2020-01-03,15:57:02.245000,12070,12071,12070,3
2020-01-03,15:57:04.397000,12070,12071,12070,3
2020-01-03,15:57:05.319000,12070,12071,12071,4
2020-01-03,15:57:10.733000,12070,12071,12071,1
2020-01-03,15:57:11.692000,12070,12071,12070,1
2020-01-03,15:57:21.306000,12070,12071,12070,4
2020-01-03,15:57:22.371000,12070,12071,12070,1
2020-01-03,15:57:28.864000,12070,12071,12070,2
2020-01-03,15:57:28.949000,12070,12071,12070,1
2020-01-03,15:57:29.055000,12070,12071,12070,7
2020-01-03,15:57:32.749000,12069,12070,12069,4
2020-01-03,15:57:35.767000,12069,12070,12069,3
2020-01-03,15:57:41.394000,12069,12070,12069,2
2020-01-03,15:57:45.433000,12069,12070,12069,6
2020-01-03,15:57:47.923000,12069,12070,12069,1
2020-01-03,15:57:52.609000,12069,12070,12069,21
2020-01-03,15:57:59.561000,12068,12069,12069,4
2020-01-03,15:57:59.580000,12068,12069,12069,13
2020-01-03,15:58:01.101000,12069,12070,12069,1
2020-01-03,15:58:02.203000,12068,12070,12068,1
2020-01-03,15:58:02.341000,12068,12070,12070,1
2020-01-03,15:58:02.622000,12069,12070,12070,1
2020-01-03,15:58:15.494000,12069,12070,12069,11
2020-01-03,15:58:18.008000,12068,12069,12069,2
2020-01-03,15:58:20.917000,12068,12069,12068,1
2020-01-03,15:58:21.975000,12068,12069,12068,1
2020-01-03,15:58:25.988000,12068,12069,12068,1
2020-01-03,15:58:27.797000,12068,12069,12069,1
2020-01-03,15:58:30.823000,12068,12069,12069,1
2020-01-03,15:58:33.146000,12068,12069,12069,1
2020-01-03,15:58:38.833000,12068,12069,12069,1
2020-01-03,15:58:39.685000,12068,12069,12069,2
2020-01-03,15:58:39.685000,12068,12069,12069,2
2020-01-03,15:58:39.685000,12068,12069,12069,14
2020-01-03,15:58:44.683000,12068,12069,12069,2
2020-01-03,15:58:47.280000,12069,12070,12069,2
2020-01-03,15:58:50.756000,12069,12070,12069,1
2020-01-03,15:58:52.792000,12069,12070,12070,1
2020-01-03,15:58:53.106000,12069,12070,12070,1
2020-01-03,15:59:01.632000,12069,12070,12070,1
2020-01-03,15:59:13.041000,12069,12070,12070,1
2020-01-03,15:59:21.535000,12069,12070,12070,3
2020-01-03,15:59:22.642000,12069,12070,12070,1
2020-01-03,15:59:26.973000,12069,12070,12070,12
2020-01-03,15:59:26.973000,12069,12070,12070,1
2020-01-03,15:59:27.252000,12070,12071,12070,6
2020-01-03,15:59:28.746000,12070,12071,12070,1
2020-01-03,15:59:29.042000,12069,12070,12070,1
2020-01-03,15:59:37.647000,12069,12070,12070,1
2020-01-03,15:59:39.469000,12069,12070,12070,1
2020-01-03,15:59:40.096000,12069,12070,12070,2
2020-01-03,15:59:40.164000,12069,12070,12069,1
2020-01-03,15:59:40.365000,12069,12070,12070,2
2020-01-03,16:00:02.509000,12069,12070,12069,6
2020-01-03,16:00:02.509000,12069,12070,12069,6
2020-01-03,16:00:02.509000,12069,12070,12069,2
2020-01-03,16:00:02.512000,12069,12070,12069,5
2020-01-03,16:00:02.691000,12068,12070,12068,4
2020-01-03,16:00:02.693000,12068,12070,12069,1
2020-01-03,16:00:02.699000,12068,12069,12068,6
2020-01-03,16:00:02.700000,12068,12069,12068,5
2020-01-03,16:00:02.802000,12068,12069,12068,1
2020-01-03,16:00:03.074000,12067,12068,12067,1
2020-01-03,16:00:03.074000,12067,12068,12067,4
2020-01-03,16:00:03.075000,12067,12068,12067,1
2020-01-03,16:00:03.096000,12067,12068,12067,17
2020-01-03,16:00:03.216000,12066,12068,12066,1
2020-01-03,16:00:03.362000,12066,12067,12066,1
2020-01-03,16:00:03.455000,12066,12067,12066,1
2020-01-03,16:00:03.647000,12066,12067,12066,1
2020-01-03,16:00:03.673000,12066,12067,12066,2
2020-01-03,16:00:03.702000,12066,12067,12066,1
2020-01-03,16:00:03.808000,12066,12067,12066,3
2020-01-03,16:00:03.894000,12066,12067,12066,1
2020-01-03,16:00:03.921000,12066,12067,12066,1
2020-01-03,16:00:04.222000,12066,12067,12066,1
2020-01-03,16:00:04.343000,12066,12067,12066,1
2020-01-03,16:00:04.356000,12066,12067,12066,1
2020-01-03,16:00:04.444000,12066,12067,12066,2
2020-01-03,16:00:04.450000,12066,12067,12066,11
2020-01-03,16:00:04.674000,12065,12067,12065,1
2020-01-03,16:00:05.108000,12065,12066,12066,1
2020-01-03,16:00:05.682000,12065,12066,12065,1
2020-01-03,16:00:07.426000,12065,12066,12065,1
2020-01-03,16:00:07.888000,12065,12066,12065,6
2020-01-03,16:00:08.654000,12065,12066,12065,2
2020-01-03,16:00:09.624000,12065,12066,12065,1
2020-01-03,16:00:09.916000,12065,12066,12065,2
2020-01-03,16:00:09.918000,12065,12066,12065,1
2020-01-03,16:00:09.918000,12065,12066,12065,14
2020-01-03,16:00:09.918000,12065,12066,12065,1
2020-01-03,16:00:09.918000,12065,12066,12065,1
2020-01-03,16:00:09.918000,12065,12066,12065,1
2020-01-03,16:00:09.918000,12065,12066,12065,2
2020-01-03,16:00:09.918000,12065,12066,12065,1
2020-01-03,16:00:10.031000,12064,12065,12064,1
2020-01-03,16:00:10.032000,12064,12065,12064,1
2020-01-03,16:00:10.056000,12064,12065,12064,1
2020-01-03,16:00:10.057000,12064,12065,12064,1
2020-01-03,16:00:10.057000,12064,12065,12064,1
2020-01-03,16:00:10.068000,12064,12065,12064,2
2020-01-03,16:00:10.075000,12064,12065,12064,17
2020-01-03,16:00:10.176000,12064,12065,12063,1
2020-01-03,16:00:10.226000,12063,12065,12063,4
2020-01-03,16:00:10.290000,12063,12065,12063,1
2020-01-03,16:00:10.325000,12063,12064,12063,9
2020-01-03,16:00:10.325000,12063,12064,12062,1
2020-01-03,16:00:10.541000,12062,12063,12062,1
2020-01-03,16:00:10.647000,12062,12063,12062,1
2020-01-03,16:00:10.756000,12062,12063,12062,5
2020-01-03,16:00:10.776000,12062,12063,12062,5
2020-01-03,16:00:10.790000,12062,12063,12062,1
2020-01-03,16:00:10.795000,12062,12063,12062,1
2020-01-03,16:00:10.891000,12062,12063,12062,1
2020-01-03,16:00:10.990000,12062,12063,12062,1
2020-01-03,16:00:11.075000,12062,12063,12063,3
2020-01-03,16:00:11.263000,12062,12064,12062,1
2020-01-03,16:00:11.490000,12062,12064,12063,1
2020-01-03,16:00:11.811000,12062,12064,12062,1
2020-01-03,16:00:12.007000,12062,12064,12062,10
2020-01-03,16:00:14.629000,12061,12062,12061,10
2020-01-03,16:00:14.699000,12061,12062,12061,4
2020-01-03,16:00:14.752000,12061,12062,12061,9
2020-01-03,16:00:14.752000,12061,12062,12060,1
2020-01-03,16:00:14.831000,12060,12062,12060,15
2020-01-03,16:00:14.873000,12060,12062,12060,10
2020-01-03,16:00:15.028000,12060,12061,12060,1
2020-01-03,16:00:15.038000,12060,12061,12060,5
2020-01-03,16:00:15.083000,12060,12061,12061,1
2020-01-03,16:00:15.719000,12060,12061,12060,12
2020-01-03,16:00:15.843000,12059,12060,12059,1
2020-01-03,16:00:15.968000,12059,12060,12059,10
2020-01-03,16:00:16.052000,12059,12060,12059,3
2020-01-03,16:00:16.092000,12058,12059,12058,1
2020-01-03,16:00:16.352000,12058,12059,12059,1
2020-01-03,16:00:16.369000,12058,12059,12059,1
2020-01-03,16:00:16.593000,12058,12059,12058,3
2020-01-03,16:00:16.619000,12058,12059,12058,1
2020-01-03,16:00:16.748000,12058,12059,12058,5
2020-01-03,16:00:17.379000,12058,12059,12058,1
2020-01-03,16:00:17.782000,12058,12059,12059,2
2020-01-03,16:00:18.040000,12058,12059,12058,10
2020-01-03,16:00:18.414000,12058,12059,12059,2
2020-01-03,16:00:18.574000,12058,12059,12059,2
2020-01-03,16:00:18.795000,12058,12060,12059,1
2020-01-03,16:00:18.921000,12059,12060,12059,1
2020-01-03,16:00:18.991000,12059,12060,12059,2
2020-01-03,16:00:19.076000,12058,12059,12059,4
2020-01-03,16:00:19.216000,12058,12059,12058,1
2020-01-03,16:00:19.704000,12059,12060,12059,1
2020-01-03,16:00:19.825000,12058,12060,12059,3
2020-01-03,16:00:19.827000,12058,12060,12059,1
2020-01-03,16:00:19.870000,12058,12060,12058,20
2020-01-03,16:00:19.901000,12058,12060,12058,1
2020-01-03,16:00:20.188000,12057,12058,12058,2
2020-01-03,16:00:20.300000,12057,12058,12059,1
2020-01-03,16:00:20.623000,12058,12059,12058,2
2020-01-03,16:00:20.776000,12058,12059,12058,2
2020-01-03,16:00:20.913000,12057,12058,12058,1
2020-01-03,16:00:21.740000,12057,12058,12058,2
2020-01-03,16:00:21.950000,12058,12059,12059,2
2020-01-03,16:00:21.950000,12058,12059,12059,1
2020-01-03,16:00:22.019000,12058,12059,12059,1
2020-01-03,16:00:22.104000,12059,12060,12059,1
2020-01-03,16:00:23.814000,12059,12060,12059,2
2020-01-03,16:00:24.077000,12059,12060,12060,3
2020-01-03,16:00:24.749000,12059,12061,12059,1
2020-01-03,16:00:26.273000,12060,12061,12060,1
2020-01-03,16:00:26.433000,12060,12061,12060,1
2020-01-03,16:00:29.288000,12060,12061,12060,1
2020-01-03,16:00:30.093000,12060,12061,12060,5
2020-01-03,16:00:30.852000,12060,12061,12060,1
2020-01-03,16:00:31.431000,12059,12061,12059,2
2020-01-03,16:00:31.539000,12059,12061,12060,1
2020-01-03,16:00:32.354000,12060,12061,12060,1
2020-01-03,16:00:33.023000,12060,12061,12060,1
2020-01-03,16:00:33.915000,12060,12061,12061,5
2020-01-03,16:00:34.354000,12060,12061,12060,2
2020-01-03,16:00:34.355000,12060,12061,12061,2
2020-01-03,16:00:34.424000,12060,12061,12060,1
2020-01-03,16:00:35.386000,12060,12061,12060,1
2020-01-03,16:00:35.575000,12060,12061,12061,4
2020-01-03,16:00:37.035000,12060,12061,12060,1
2020-01-03,16:00:37.621000,12060,12061,12061,8
2020-01-03,16:00:37.857000,12061,12062,12062,2
2020-01-03,16:00:37.874000,12061,12062,12062,2
2020-01-03,16:00:37.901000,12061,12062,12062,2
2020-01-03,16:00:37.930000,12061,12062,12062,2
2020-01-03,16:00:38.120000,12062,12063,12063,1
2020-01-03,16:00:38.313000,12062,12063,12062,1
2020-01-03,16:00:39.327000,12062,12063,12063,2
2020-01-03,16:00:40.297000,12062,12063,12063,1
2020-01-03,16:00:40.556000,12063,12064,12063,1
2020-01-03,16:00:40.805000,12063,12064,12063,3
2020-01-03,16:00:41.255000,12063,12064,12064,1
2020-01-03,16:00:42.007000,12063,12064,12064,3
2020-01-03,16:00:43.744000,12063,12064,12063,5
2020-01-03,16:00:44.284000,12062,12064,12062,1
2020-01-03,16:00:47.396000,12063,12064,12064,1
2020-01-03,16:00:47.702000,12064,12065,12065,4
2020-01-03,16:00:47.702000,12064,12065,12065,3
2020-01-03,16:00:47.982000,12064,12066,12065,1
2020-01-03,16:00:48.415000,12065,12066,12065,2
2020-01-03,16:00:48.415000,12065,12066,12065,1
2020-01-03,16:00:48.415000,12065,12066,12065,1
2020-01-03,16:00:49.386000,12064,12065,12064,1
2020-01-03,16:00:52.648000,12063,12064,12063,4
2020-01-03,16:00:54.974000,12062,12063,12062,1
2020-01-03,16:00:55.987000,12062,12063,12062,6
2020-01-03,16:01:01.204000,12061,12062,12061,1
2020-01-03,16:01:01.210000,12061,12062,12061,2
2020-01-03,16:01:01.216000,12061,12062,12061,2
2020-01-03,16:01:01.414000,12060,12061,12060,2
2020-01-03,16:01:02.647000,12060,12061,12060,1
2020-01-03,16:01:02.784000,12060,12061,12060,1
2020-01-03,16:01:03.200000,12060,12061,12060,1
2020-01-03,16:01:04.047000,12060,12061,12060,6
2020-01-03,16:01:04.076000,12059,12060,12060,19
2020-01-03,16:01:07.297000,12059,12060,12060,3
2020-01-03,16:01:07.870000,12060,12061,12060,1
2020-01-03,16:01:08.132000,12060,12061,12061,1
2020-01-03,16:01:08.132000,12060,12061,12061,11
2020-01-03,16:01:08.739000,12061,12062,12061,2
2020-01-03,16:01:09.184000,12061,12062,12061,4
2020-01-03,16:01:11.057000,12061,12062,12062,12
2020-01-03,16:01:11.808000,12062,12063,12063,1
2020-01-03,16:01:12.016000,12063,12064,12063,1
2020-01-03,16:01:12.666000,12063,12064,12063,1
2020-01-03,16:01:13.854000,12063,12064,12063,1
2020-01-03,16:01:14.127000,12063,12064,12064,2
2020-01-03,16:01:14.917000,12063,12064,12063,1
2020-01-03,16:01:15.489000,12063,12064,12063,2
2020-01-03,16:01:16.340000,12063,12064,12064,1
2020-01-03,16:01:16.393000,12063,12064,12064,1
2020-01-03,16:01:18.343000,12063,12064,12064,4
2020-01-03,16:01:21.023000,12063,12064,12064,1
2020-01-03,16:01:23.598000,12063,12064,12064,1
2020-01-03,16:01:24.406000,12063,12064,12064,1
2020-01-03,16:01:28.875000,12063,12064,12063,1
2020-01-03,16:01:29.196000,12063,12064,12064,7
2020-01-03,16:01:29.196000,12063,12064,12064,7
2020-01-03,16:01:32.324000,12063,12064,12064,1
2020-01-03,16:01:34.027000,12064,12065,12064,1
2020-01-03,16:01:34.325000,12064,12065,12064,2
2020-01-03,16:01:35.411000,12063,12064,12063,1
2020-01-03,16:01:39.964000,12063,12064,12064,1
2020-01-03,16:01:43.813000,12063,12064,12063,1
2020-01-03,16:01:43.852000,12063,12064,12063,1
2020-01-03,16:01:44.508000,12063,12064,12064,1
2020-01-03,16:01:44.948000,12063,12064,12064,1
2020-01-03,16:01:48.257000,12063,12064,12063,1
2020-01-03,16:01:49.294000,12063,12064,12063,1
2020-01-03,16:01:51.359000,12063,12064,12064,1
2020-01-03,16:01:51.766000,12063,12064,12064,1
2020-01-03,16:01:52.317000,12063,12064,12064,1
2020-01-03,16:01:52.317000,12063,12064,12064,7
2020-01-03,16:01:52.317000,12063,12064,12064,3
2020-01-03,16:01:52.319000,12063,12064,12064,2
2020-01-03,16:01:54.238000,12064,12065,12064,2
2020-01-03,16:01:59.345000,12063,12064,12064,1
2020-01-03,16:02:00.355000,12063,12065,12065,1
2020-01-03,16:02:00.816000,12063,12065,12063,4
2020-01-03,16:02:06.058000,12063,12064,12064,1
2020-01-03,16:02:07.051000,12063,12064,12063,8
2020-01-03,16:02:16.198000,12063,12064,12063,2
2020-01-03,16:02:16.908000,12062,12063,12062,10
2020-01-03,16:02:20.744000,12062,12063,12063,1
2020-01-03,16:02:22.472000,12062,12063,12063,1
2020-01-03,16:02:24.085000,12062,12063,12062,1
2020-01-03,16:02:26.389000,12062,12063,12062,1
2020-01-03,16:02:29.719000,12062,12063,12062,1
2020-01-03,16:02:31.989000,12062,12063,12062,2
2020-01-03,16:02:32.613000,12062,12063,12062,2
2020-01-03,16:02:36.074000,12062,12063,12062,1
2020-01-03,16:02:36.664000,12061,12062,12062,9
2020-01-03,16:02:39.677000,12062,12063,12062,1
2020-01-03,16:02:41.877000,12062,12063,12062,2
2020-01-03,16:02:41.877000,12062,12063,12062,11
2020-01-03,16:02:41.877000,12062,12063,12062,7
2020-01-03,16:02:43.258000,12061,12062,12062,1
2020-01-03,16:02:46.405000,12061,12062,12061,2
2020-01-03,16:02:46.405000,12061,12062,12061,1
2020-01-03,16:02:53.363000,12061,12062,12062,1
2020-01-03,16:02:54.605000,12061,12062,12062,1
2020-01-03,16:02:55.042000,12061,12062,12062,7
2020-01-03,16:02:55.709000,12062,12063,12062,1
2020-01-03,16:02:58.722000,12062,12063,12063,4
2020-01-03,16:02:58.784000,12062,12063,12063,1
2020-01-03,16:02:58.824000,12062,12063,12063,15
2020-01-03,16:02:58.824000,12062,12063,12063,2
2020-01-03,16:02:58.825000,12062,12063,12063,2
2020-01-03,16:02:59.611000,12063,12064,12063,1
2020-01-03,16:03:01.848000,12063,12064,12063,5
2020-01-03,16:03:06.552000,12063,12064,12063,9
2020-01-03,16:03:06.552000,12063,12064,12063,1
2020-01-03,16:03:07.670000,12063,12064,12063,1
2020-01-03,16:03:10.872000,12063,12064,12064,1
2020-01-03,16:03:12.520000,12063,12064,12064,25
2020-01-03,16:03:14.159000,12064,12065,12065,2
2020-01-03,16:03:14.159000,12064,12065,12065,5
2020-01-03,16:03:14.159000,12064,12065,12065,1
2020-01-03,16:03:14.160000,12064,12065,12065,4
2020-01-03,16:03:14.160000,12064,12065,12065,1
2020-01-03,16:03:14.160000,12064,12065,12065,2
2020-01-03,16:03:14.160000,12064,12065,12065,2
2020-01-03,16:03:14.558000,12065,12066,12065,1
2020-01-03,16:03:15.464000,12065,12066,12066,4
2020-01-03,16:03:15.600000,12066,12067,12067,1
2020-01-03,16:03:16.682000,12066,12067,12067,1
2020-01-03,16:03:16.875000,12066,12067,12066,2
2020-01-03,16:03:16.899000,12066,12067,12066,1
2020-01-03,16:03:17.001000,12066,12067,12066,2
2020-01-03,16:03:19.282000,12066,12067,12067,1
2020-01-03,16:03:20.037000,12066,12067,12067,8
2020-01-03,16:03:20.859000,12066,12067,12067,1
2020-01-03,16:03:25.663000,12066,12067,12067,4
2020-01-03,16:03:25.711000,12066,12067,12067,1
2020-01-03,16:03:26.046000,12066,12067,12067,4
2020-01-03,16:03:26.824000,12066,12067,12066,2
2020-01-03,16:03:26.825000,12066,12067,12066,7
2020-01-03,16:03:26.890000,12066,12067,12066,2
2020-01-03,16:03:30.668000,12065,12066,12066,3
2020-01-03,16:03:37,12066,12067,12067,1
2020-01-03,16:03:37.706000,12066,12067,12066,1
2020-01-03,16:03:37.791000,12066,12067,12066,1
2020-01-03,16:03:38.678000,12066,12067,12066,1
2020-01-03,16:03:41.555000,12065,12067,12065,3
2020-01-03,16:03:42.987000,12066,12067,12066,1
2020-01-03,16:03:46.195000,12066,12067,12066,1
2020-01-03,16:03:46.621000,12065,12066,12066,1
2020-01-03,16:03:47.175000,12065,12067,12067,2
2020-01-03,16:03:48.069000,12066,12067,12066,4
2020-01-03,16:03:48.252000,12066,12067,12066,1
2020-01-03,16:03:49.102000,12066,12067,12066,1
2020-01-03,16:03:50.576000,12065,12066,12066,2
2020-01-03,16:03:51.023000,12065,12066,12066,1
2020-01-03,16:03:53.266000,12066,12067,12066,1
2020-01-03,16:03:53.466000,12066,12067,12066,3
2020-01-03,16:03:55.351000,12066,12067,12066,1
2020-01-03,16:03:58.746000,12066,12067,12066,1
2020-01-03,16:04:00.503000,12066,12067,12066,1
2020-01-03,16:04:00.750000,12065,12067,12066,1
2020-01-03,16:04:02.498000,12065,12066,12066,1
2020-01-03,16:04:06.777000,12065,12066,12066,3
2020-01-03,16:04:06.842000,12065,12067,12067,1
2020-01-03,16:04:10.585000,12066,12067,12067,9
2020-01-03,16:04:16.732000,12066,12067,12067,1
2020-01-03,16:04:23.822000,12066,12067,12067,1
2020-01-03,16:04:26.384000,12066,12067,12066,10
2020-01-03,16:04:34.757000,12066,12067,12066,1
2020-01-03,16:04:36.770000,12066,12067,12066,1
2020-01-03,16:04:37.241000,12066,12067,12067,1
2020-01-03,16:04:40.427000,12066,12067,12066,2
2020-01-03,16:04:54.981000,12066,12067,12066,2
2020-01-03,16:05:02.161000,12066,12067,12066,4
2020-01-03,16:05:02.161000,12066,12067,12066,1
2020-01-03,16:05:02.539000,12065,12066,12066,4
2020-01-03,16:05:02.549000,12065,12066,12067,2
2020-01-03,16:05:07.184000,12066,12067,12066,1
2020-01-03,16:05:10.701000,12066,12067,12066,1
2020-01-03,16:05:10.734000,12066,12067,12067,1
2020-01-03,16:05:12.121000,12066,12067,12066,2
2020-01-03,16:05:12.787000,12065,12066,12066,1
2020-01-03,16:05:20.045000,12066,12067,12066,1
2020-01-03,16:05:21.602000,12065,12066,12066,1
2020-01-03,16:05:22.613000,12065,12066,12066,1
2020-01-03,16:05:33.156000,12065,12067,12067,1
2020-01-03,16:05:33.271000,12065,12067,12065,1
2020-01-03,16:05:36.806000,12065,12066,12065,1
2020-01-03,16:05:42.795000,12065,12066,12065,1
2020-01-03,16:05:58.324000,12065,12066,12066,1
2020-01-03,16:05:58.523000,12066,12067,12066,1
2020-01-03,16:05:58.987000,12066,12067,12066,2
2020-01-03,16:05:58.987000,12066,12067,12065,1
2020-01-03,16:05:59.940000,12066,12067,12066,1
2020-01-03,16:06:00.095000,12066,12067,12066,1
2020-01-03,16:06:00.859000,12066,12067,12066,1
2020-01-03,16:06:00.860000,12066,12067,12066,3
2020-01-03,16:06:00.870000,12066,12067,12066,1
2020-01-03,16:06:00.870000,12066,12067,12065,1
2020-01-03,16:06:00.889000,12066,12067,12065,1
2020-01-03,16:06:00.895000,12066,12067,12065,3
2020-01-03,16:06:00.910000,12066,12067,12065,2
2020-01-03,16:06:00.920000,12066,12067,12065,2
2020-01-03,16:06:00.921000,12066,12067,12065,1
2020-01-03,16:06:00.932000,12066,12067,12065,1
2020-01-03,16:06:00.933000,12066,12067,12065,1
2020-01-03,16:06:01.255000,12065,12067,12065,2
2020-01-03,16:06:01.589000,12065,12066,12065,1
2020-01-03,16:06:01.709000,12065,12066,12066,1
2020-01-03,16:06:01.709000,12065,12066,12066,1
2020-01-03,16:06:01.710000,12065,12066,12067,1
2020-01-03,16:06:01.711000,12065,12066,12067,1
2020-01-03,16:06:01.712000,12065,12066,12067,1
2020-01-03,16:06:01.716000,12065,12066,12067,1
2020-01-03,16:06:01.717000,12065,12066,12067,1
2020-01-03,16:06:01.720000,12065,12066,12067,1
2020-01-03,16:06:02.911000,12065,12067,12065,1
2020-01-03,16:06:09.630000,12066,12067,12066,2
2020-01-03,16:06:17.449000,12065,12066,12065,4
2020-01-03,16:06:19.699000,12064,12065,12064,5
2020-01-03,16:06:19.699000,12064,12065,12064,1
2020-01-03,16:06:20.472000,12063,12064,12064,1
2020-01-03,16:06:28.128000,12064,12065,12064,1
2020-01-03,16:06:29.862000,12064,12065,12064,1
2020-01-03,16:06:31.012000,12064,12065,12064,2
2020-01-03,16:06:31.012000,12064,12065,12063,3
2020-01-03,16:06:31.563000,12063,12065,12063,1
2020-01-03,16:06:32.343000,12064,12065,12064,1
2020-01-03,16:06:33.841000,12064,12065,12064,3
2020-01-03,16:06:35.208000,12063,12064,12064,4
2020-01-03,16:06:35.226000,12063,12064,12064,1
2020-01-03,16:06:38.158000,12063,12064,12063,22
2020-01-03,16:06:38.201000,12062,12063,12063,3
2020-01-03,16:06:39.932000,12063,12064,12063,2
2020-01-03,16:06:39.932000,12063,12064,12062,1
2020-01-03,16:06:42.146000,12063,12064,12063,1
2020-01-03,16:06:42.267000,12063,12064,12064,1
2020-01-03,16:06:49.988000,12064,12065,12064,3
2020-01-03,16:06:50.952000,12064,12065,12064,1
2020-01-03,16:06:58.831000,12064,12065,12065,1
2020-01-03,16:07:00.449000,12064,12065,12064,6
2020-01-03,16:07:00.531000,12064,12065,12063,1
2020-01-03,16:07:03.168000,12064,12065,12064,1
2020-01-03,16:07:03.243000,12064,12065,12064,1
2020-01-03,16:07:04.454000,12063,12065,12063,1
2020-01-03,16:07:09.362000,12064,12065,12064,1
2020-01-03,16:07:09.377000,12064,12065,12063,1
2020-01-03,16:07:11.248000,12063,12065,12063,1
2020-01-03,16:07:12.350000,12063,12065,12063,1
2020-01-03,16:07:18.855000,12063,12064,12063,5
2020-01-03,16:07:23.843000,12063,12064,12064,2
2020-01-03,16:07:24.150000,12063,12064,12064,2
2020-01-03,16:07:28.705000,12064,12065,12064,1
2020-01-03,16:07:28.754000,12064,12065,12063,1
2020-01-03,16:07:30.611000,12064,12065,12064,1
2020-01-03,16:07:34.272000,12064,12065,12064,1
2020-01-03,16:07:35.988000,12064,12065,12064,2
2020-01-03,16:07:38.398000,12064,12065,12064,5
2020-01-03,16:07:40.687000,12064,12065,12064,5
2020-01-03,16:07:41.114000,12064,12065,12064,2
2020-01-03,16:07:41.284000,12063,12065,12063,1
2020-01-03,16:07:56.190000,12063,12064,12064,1
2020-01-03,16:08:01.420000,12063,12064,12064,2
2020-01-03,16:08:01.512000,12064,12065,12064,6
2020-01-03,16:08:03.110000,12064,12065,12064,1
2020-01-03,16:08:03.110000,12064,12065,12064,1
2020-01-03,16:08:12.105000,12064,12065,12064,1
2020-01-03,16:08:12.668000,12064,12065,12065,1
2020-01-03,16:08:22.800000,12064,12065,12064,1
2020-01-03,16:08:23.561000,12064,12065,12065,1
2020-01-03,16:08:25.567000,12064,12065,12064,1
2020-01-03,16:08:31.653000,12064,12065,12065,2
2020-01-03,16:08:32.199000,12064,12065,12065,1
2020-01-03,16:08:33.738000,12064,12065,12065,3
2020-01-03,16:08:33.738000,12064,12065,12065,5
2020-01-03,16:08:40.884000,12065,12066,12066,1
2020-01-03,16:08:41.203000,12065,12066,12066,2
2020-01-03,16:08:41.324000,12065,12066,12066,6
2020-01-03,16:08:41.449000,12065,12066,12066,4
2020-01-03,16:08:41.574000,12065,12066,12066,7
2020-01-03,16:08:45.843000,12066,12067,12067,1
2020-01-03,16:08:46.207000,12066,12067,12067,1
2020-01-03,16:08:48.069000,12066,12067,12067,1
2020-01-03,16:08:50.027000,12066,12067,12067,3
2020-01-03,16:08:50.756000,12066,12067,12066,1
2020-01-03,16:08:52.653000,12065,12066,12066,1
2020-01-03,16:08:53.613000,12065,12066,12066,3
2020-01-03,16:08:53.887000,12065,12067,12067,5
2020-01-03,16:08:57.084000,12065,12067,12067,2
2020-01-03,16:08:58.040000,12065,12066,12066,2
2020-01-03,16:08:59.522000,12065,12066,12066,1
2020-01-03,16:08:59.661000,12065,12066,12066,1
2020-01-03,16:09:02.224000,12065,12066,12066,1
2020-01-03,16:09:03.942000,12065,12066,12065,7
2020-01-03,16:09:03.942000,12065,12066,12065,3
2020-01-03,16:09:04.128000,12064,12065,12065,1
2020-01-03,16:09:10.121000,12064,12065,12065,1
2020-01-03,16:09:11.427000,12064,12065,12064,1
2020-01-03,16:09:12.197000,12064,12065,12065,1
2020-01-03,16:09:13.395000,12064,12065,12065,1
2020-01-03,16:09:13.467000,12065,12066,12066,4
2020-01-03,16:09:17.579000,12066,12067,12067,4
2020-01-03,16:09:17.596000,12066,12067,12067,2
2020-01-03,16:09:17.699000,12066,12067,12067,3
2020-01-03,16:09:17.699000,12066,12067,12067,7
2020-01-03,16:09:17.824000,12066,12067,12067,1
2020-01-03,16:09:26.864000,12067,12068,12067,2
2020-01-03,16:09:26.864000,12067,12068,12067,3
2020-01-03,16:09:26.967000,12066,12067,12066,1
2020-01-03,16:09:27.583000,12066,12068,12068,1
2020-01-03,16:09:27.732000,12066,12068,12068,2
2020-01-03,16:09:27.736000,12066,12068,12068,2
2020-01-03,16:09:33.788000,12067,12068,12067,1
2020-01-03,16:09:39.533000,12067,12068,12067,1
2020-01-03,16:09:41.892000,12067,12068,12068,2
2020-01-03,16:09:43.932000,12067,12068,12068,1
2020-01-03,16:09:45.017000,12068,12069,12069,2
2020-01-03,16:09:45.074000,12068,12069,12069,2
2020-01-03,16:09:45.075000,12068,12069,12069,6
2020-01-03,16:09:45.310000,12069,12070,12070,1
2020-01-03,16:09:45.363000,12069,12070,12070,1
2020-01-03,16:09:45.483000,12069,12070,12070,1
2020-01-03,16:09:45.534000,12069,12070,12069,1
2020-01-03,16:09:47.752000,12069,12070,12069,3
2020-01-03,16:09:48.629000,12069,12070,12070,2
2020-01-03,16:09:48.646000,12069,12070,12070,4
2020-01-03,16:09:48.699000,12069,12070,12070,2
2020-01-03,16:09:48.700000,12069,12070,12070,7
2020-01-03,16:09:48.741000,12069,12070,12071,3
2020-01-03,16:09:49.108000,12070,12071,12071,3
2020-01-03,16:09:49.247000,12070,12072,12071,1
2020-01-03,16:09:49.248000,12070,12072,12071,1
2020-01-03,16:09:49.249000,12070,12072,12071,1
2020-01-03,16:09:49.249000,12070,12072,12071,1
2020-01-03,16:09:49.252000,12070,12072,12071,1
2020-01-03,16:09:49.254000,12070,12072,12071,1
2020-01-03,16:09:49.325000,12071,12072,12071,1
2020-01-03,16:09:49.325000,12071,12072,12071,1
2020-01-03,16:09:49.589000,12070,12072,12071,1
2020-01-03,16:09:49.627000,12070,12072,12071,1
2020-01-03,16:09:49.658000,12070,12072,12071,1
2020-01-03,16:09:49.660000,12070,12072,12071,1
2020-01-03,16:09:49.663000,12070,12072,12071,1
2020-01-03,16:09:49.665000,12070,12072,12071,1
2020-01-03,16:09:49.685000,12070,12072,12071,1
2020-01-03,16:09:49.689000,12070,12072,12071,1
2020-01-03,16:09:49.697000,12070,12072,12071,1
2020-01-03,16:09:49.700000,12071,12072,12071,1
2020-01-03,16:09:49.825000,12071,12072,12071,1
2020-01-03,16:09:52.765000,12071,12072,12071,1
2020-01-03,16:09:54.764000,12071,12072,12071,2
2020-01-03,16:09:54.764000,12071,12072,12071,2
2020-01-03,16:09:55.629000,12070,12071,12070,1
2020-01-03,16:09:57.783000,12070,12071,12070,1
2020-01-03,16:09:59.674000,12070,12071,12071,1
2020-01-03,16:10:00.010000,12071,12072,12071,1
2020-01-03,16:10:00.913000,12071,12072,12071,1
2020-01-03,16:10:01.069000,12070,12072,12072,2
2020-01-03,16:10:02.346000,12070,12071,12070,2
2020-01-03,16:10:02.346000,12070,12071,12070,10
2020-01-03,16:10:02.346000,12070,12071,12070,1
2020-01-03,16:10:02.346000,12070,12071,12070,3
2020-01-03,16:10:02.417000,12070,12071,12070,1
2020-01-03,16:10:03.726000,12069,12070,12069,1
2020-01-03,16:10:04.507000,12068,12070,12068,1
2020-01-03,16:10:09.546000,12069,12070,12069,1
2020-01-03,16:10:12.999000,12069,12070,12069,1
2020-01-03,16:10:23.673000,12069,12070,12069,2
2020-01-03,16:10:24.611000,12069,12070,12069,1
2020-01-03,16:10:25.495000,12069,12070,12069,17
2020-01-03,16:10:26.861000,12068,12069,12068,1
2020-01-03,16:10:27.044000,12068,12069,12068,10
2020-01-03,16:10:27.762000,12067,12068,12067,1
2020-01-03,16:10:29.783000,12066,12068,12067,1
2020-01-03,16:10:30.780000,12067,12068,12067,1
2020-01-03,16:10:31.001000,12067,12068,12067,1
2020-01-03,16:10:32.973000,12067,12068,12067,1
2020-01-03,16:10:33.120000,12067,12068,12068,1
2020-01-03,16:10:35.041000,12067,12068,12067,2
2020-01-03,16:10:36.032000,12067,12068,12067,1
2020-01-03,16:10:36.088000,12067,12068,12067,1
2020-01-03,16:10:38.140000,12067,12068,12067,1
2020-01-03,16:10:39.521000,12067,12068,12067,1
2020-01-03,16:10:42.090000,12067,12068,12067,1
2020-01-03,16:10:46.369000,12067,12068,12067,1
2020-01-03,16:10:50.662000,12067,12068,12068,1
2020-01-03,16:10:52.097000,12067,12068,12068,1
2020-01-03,16:10:57.681000,12068,12069,12068,1
2020-01-03,16:11:01.465000,12068,12069,12068,4
2020-01-03,16:11:03.380000,12067,12068,12068,1
2020-01-03,16:11:08.261000,12067,12068,12067,1
2020-01-03,16:11:10.556000,12068,12069,12068,1
2020-01-03,16:11:15.744000,12068,12069,12069,8
2020-01-03,16:11:18.788000,12069,12070,12070,2
2020-01-03,16:11:19.267000,12069,12070,12070,1
2020-01-03,16:11:28.830000,12070,12071,12070,5
2020-01-03,16:11:31.562000,12069,12070,12070,1
2020-01-03,16:11:34.650000,12069,12070,12070,1
2020-01-03,16:11:38.426000,12070,12071,12070,1
2020-01-03,16:11:40.054000,12070,12071,12070,1
2020-01-03,16:11:40.973000,12070,12071,12070,1
2020-01-03,16:11:41.165000,12069,12071,12070,1
2020-01-03,16:11:44.428000,12069,12070,12070,1
2020-01-03,16:11:49.065000,12069,12070,12070,8
2020-01-03,16:11:50.063000,12070,12071,12070,1
2020-01-03,16:11:50.562000,12070,12071,12070,1
2020-01-03,16:11:53.461000,12069,12070,12070,2
2020-01-03,16:11:55.263000,12070,12071,12070,1
2020-01-03,16:11:58.840000,12070,12071,12070,1
2020-01-03,16:12:00.108000,12070,12071,12070,1
2020-01-03,16:12:01.252000,12070,12071,12070,1
2020-01-03,16:12:02.500000,12069,12070,12069,1
2020-01-03,16:12:03.579000,12069,12070,12070,5
2020-01-03,16:12:21.253000,12069,12070,12070,1
2020-01-03,16:12:23.505000,12069,12070,12070,1
2020-01-03,16:12:25.243000,12069,12070,12069,2
2020-01-03,16:12:28.854000,12069,12070,12070,2
2020-01-03,16:12:40.532000,12070,12071,12070,1
2020-01-03,16:12:45.906000,12070,12071,12070,1
2020-01-03,16:12:48.845000,12070,12071,12070,4
2020-01-03,16:12:49.021000,12069,12070,12070,1
2020-01-03,16:12:57.866000,12069,12070,12069,10
2020-01-03,16:13:00.103000,12068,12069,12068,1
2020-01-03,16:13:02.048000,12069,12070,12069,1
2020-01-03,16:13:44.027000,12069,12070,12069,2
2020-01-03,16:14:00.204000,12068,12069,12068,1
2020-01-03,16:14:00.204000,12068,12069,12069,1
2020-01-03,16:14:02.394000,12068,12069,12069,2
2020-01-03,16:14:26.796000,12069,12070,12069,1
2020-01-03,16:14:26.838000,12069,12070,12070,1
2020-01-03,16:14:26.844000,12069,12070,12070,1
2020-01-03,16:14:49.046000,12069,12070,12070,2
2020-01-03,16:14:49.519000,12069,12070,12070,5
2020-01-03,16:14:50.335000,12069,12070,12070,4
2020-01-03,16:14:50.540000,12070,12071,12070,1
2020-01-03,16:14:57.186000,12070,12071,12070,1
2020-01-03,16:15:08.824000,12070,12071,12070,4
2020-01-03,16:15:09.655000,12069,12070,12069,2
2020-01-03,16:15:17.199000,12069,12070,12069,2
2020-01-03,16:15:21.826000,12068,12070,12070,3
2020-01-03,16:15:25.502000,12069,12070,12069,2
2020-01-03,16:15:33.106000,12069,12070,12070,12
2020-01-03,16:15:35.976000,12069,12070,12069,10
2020-01-03,16:15:42.533000,12069,12070,12069,1
2020-01-03,16:15:51.165000,12069,12070,12069,2
2020-01-03,16:15:51.458000,12068,12069,12069,1
2020-01-03,16:15:53.014000,12068,12069,12069,3
2020-01-03,16:16:06.340000,12069,12070,12070,1
2020-01-03,16:16:06.349000,12069,12070,12070,1
2020-01-03,16:16:06.375000,12069,12070,12070,1
2020-01-03,16:16:06.449000,12069,12070,12070,4
2020-01-03,16:16:13.817000,12069,12071,12069,1
2020-01-03,16:16:21.682000,12069,12070,12069,1
2020-01-03,16:16:21.890000,12069,12070,12070,1
2020-01-03,16:16:22.879000,12069,12070,12070,1
2020-01-03,16:16:24.336000,12069,12070,12069,1
2020-01-03,16:16:24.594000,12069,12070,12070,1
2020-01-03,16:16:27.226000,12069,12070,12070,1
2020-01-03,16:16:32.190000,12069,12070,12070,2
2020-01-03,16:16:35.319000,12069,12070,12070,1
2020-01-03,16:16:44.904000,12069,12070,12070,1
2020-01-03,16:16:45.778000,12069,12070,12070,2
2020-01-03,16:16:52.951000,12069,12070,12070,1
2020-01-03,16:16:52.951000,12069,12070,12070,4
2020-01-03,16:17:14.606000,12070,12071,12070,1
2020-01-03,16:17:15.882000,12070,12071,12071,1
2020-01-03,16:17:16.236000,12070,12071,12070,1
2020-01-03,16:17:34.502000,12069,12070,12070,4
2020-01-03,16:17:38.916000,12069,12070,12070,1
2020-01-03,16:17:58.377000,12069,12070,12069,1
2020-01-03,16:18:00.324000,12069,12070,12069,20
2020-01-03,16:18:00.449000,12069,12070,12069,2
2020-01-03,16:18:01.283000,12068,12069,12068,1
2020-01-03,16:18:07.674000,12068,12069,12068,2
2020-01-03,16:18:14.505000,12068,12069,12068,1
2020-01-03,16:18:18.665000,12068,12069,12069,1
2020-01-03,16:18:28.927000,12068,12069,12069,2
2020-01-03,16:18:35.324000,12069,12070,12069,1
2020-01-03,16:18:40.886000,12069,12070,12070,4
2020-01-03,16:18:40.949000,12069,12070,12070,8
2020-01-03,16:18:49.114000,12070,12071,12070,1
2020-01-03,16:18:50.882000,12069,12070,12070,1
2020-01-03,16:19:04.525000,12069,12070,12070,1
2020-01-03,16:19:04.525000,12069,12070,12070,2
2020-01-03,16:19:05.422000,12070,12071,12071,1
2020-01-03,16:19:06.608000,12070,12071,12071,1
2020-01-03,16:19:16.434000,12070,12071,12071,1
2020-01-03,16:19:18.991000,12070,12071,12070,1
2020-01-03,16:19:24.553000,12070,12071,12071,1
2020-01-03,16:19:24.574000,12070,12071,12071,3
2020-01-03,16:19:24.623000,12070,12071,12071,40
2020-01-03,16:19:24.825000,12071,12072,12072,1
2020-01-03,16:19:24.841000,12071,12072,12072,1
2020-01-03,16:19:24.867000,12071,12072,12072,4
2020-01-03,16:19:24.867000,12071,12072,12072,2
2020-01-03,16:19:29.393000,12072,12073,12073,1
2020-01-03,16:19:29.393000,12072,12073,12073,5
2020-01-03,16:19:29.393000,12072,12073,12073,1
2020-01-03,16:19:29.393000,12072,12073,12073,1
2020-01-03,16:19:29.476000,12073,12074,12074,1
2020-01-03,16:19:29.489000,12073,12074,12074,2
2020-01-03,16:19:29.548000,12073,12074,12074,1
2020-01-03,16:19:29.625000,12073,12074,12074,1
2020-01-03,16:19:29.640000,12073,12074,12074,3
2020-01-03,16:19:30.652000,12073,12074,12074,4
2020-01-03,16:19:30.652000,12073,12074,12075,3
2020-01-03,16:19:30.738000,12073,12075,12075,2
2020-01-03,16:19:30.738000,12073,12075,12075,3
2020-01-03,16:19:30.740000,12073,12075,12075,10
2020-01-03,16:19:30.748000,12073,12075,12075,5
2020-01-03,16:19:30.758000,12073,12075,12075,1
2020-01-03,16:19:30.875000,12073,12075,12075,1
2020-01-03,16:19:32.066000,12074,12075,12075,1
2020-01-03,16:19:32.788000,12074,12075,12075,1
2020-01-03,16:19:32.823000,12074,12075,12075,1
2020-01-03,16:19:32.824000,12074,12075,12075,2
2020-01-03,16:19:36.486000,12074,12075,12075,1
2020-01-03,16:19:36.486000,12074,12075,12076,1
2020-01-03,16:19:36.892000,12074,12075,12075,1
2020-01-03,16:19:37.309000,12074,12076,12075,1
2020-01-03,16:19:40.198000,12074,12075,12075,1
2020-01-03,16:19:41.303000,12074,12075,12074,1
2020-01-03,16:19:42.489000,12074,12075,12075,1
2020-01-03,16:19:42.956000,12074,12075,12074,1
2020-01-03,16:19:47.574000,12074,12075,12074,2
2020-01-03,16:19:47.575000,12074,12075,12074,3
2020-01-03,16:19:48.457000,12073,12074,12074,1
2020-01-03,16:19:50.039000,12073,12074,12073,1
2020-01-03,16:19:55.479000,12073,12074,12074,1
2020-01-03,16:19:55.479000,12073,12074,12075,1
2020-01-03,16:19:56.420000,12073,12075,12075,1
2020-01-03,16:20:00.118000,12073,12075,12075,1
2020-01-03,16:20:05.209000,12073,12074,12073,1
2020-01-03,16:20:13.314000,12073,12074,12074,1
2020-01-03,16:20:13.919000,12073,12074,12074,5
2020-01-03,16:20:17.002000,12073,12074,12074,1
2020-01-03,16:20:22.190000,12073,12074,12073,5
2020-01-03,16:20:22.190000,12073,12074,12073,3
2020-01-03,16:20:27.150000,12072,12073,12073,1
2020-01-03,16:20:35.020000,12072,12073,12073,1
2020-01-03,16:20:36.001000,12072,12073,12073,4
2020-01-03,16:20:38.777000,12072,12073,12073,10
2020-01-03,16:20:55.132000,12073,12074,12073,1
2020-01-03,16:20:56.790000,12073,12074,12073,3
2020-01-03,16:20:59.007000,12073,12074,12073,1
2020-01-03,16:20:59.603000,12073,12074,12073,1
2020-01-03,16:21:09.417000,12073,12074,12073,2
2020-01-03,16:21:10.387000,12073,12074,12073,1
2020-01-03,16:21:12.369000,12073,12074,12073,2
2020-01-03,16:21:14.463000,12073,12074,12073,11
2020-01-03,16:21:16.753000,12072,12073,12073,2
2020-01-03,16:21:21.621000,12072,12073,12073,3
2020-01-03,16:21:28.699000,12073,12074,12073,3
2020-01-03,16:21:31.943000,12073,12074,12073,1
2020-01-03,16:21:39.913000,12072,12073,12073,6
2020-01-03,16:21:39.913000,12072,12073,12074,6
2020-01-03,16:21:40.496000,12072,12074,12074,3
2020-01-03,16:21:48.575000,12073,12074,12074,1
2020-01-03,16:22:05.750000,12073,12074,12073,1
2020-01-03,16:22:05.750000,12073,12074,12073,1
2020-01-03,16:22:05.824000,12073,12074,12073,2
2020-01-03,16:22:05.824000,12073,12074,12073,3
2020-01-03,16:22:05.825000,12073,12074,12073,1
2020-01-03,16:22:05.826000,12073,12074,12073,4
2020-01-03,16:22:05.949000,12073,12074,12073,1
2020-01-03,16:22:06.564000,12072,12073,12072,3
2020-01-03,16:22:10.794000,12072,12073,12072,8
2020-01-03,16:22:14.450000,12072,12073,12072,13
2020-01-03,16:22:58.971000,12071,12072,12072,1
2020-01-03,16:22:59.074000,12071,12072,12072,1
2020-01-03,16:23:23.270000,12072,12073,12072,1
2020-01-03,16:23:37.028000,12072,12073,12073,1
2020-01-03,16:23:38.825000,12072,12073,12072,3
2020-01-03,16:23:55.071000,12071,12072,12072,1
2020-01-03,16:24:02.716000,12071,12072,12072,1
2020-01-03,16:24:02.717000,12071,12072,12072,2
2020-01-03,16:24:02.717000,12071,12072,12072,3
2020-01-03,16:24:03.730000,12072,12074,12072,2
2020-01-03,16:24:29.655000,12072,12073,12073,1
2020-01-03,16:24:48.878000,12073,12074,12074,1
2020-01-03,16:24:49.597000,12073,12074,12074,2
2020-01-03,16:24:50.200000,12073,12074,12073,1
2020-01-03,16:24:50.829000,12073,12074,12073,1
2020-01-03,16:24:51.734000,12073,12074,12074,10
2020-01-03,16:24:56.805000,12073,12074,12074,4
2020-01-03,16:24:57.097000,12073,12074,12074,4
2020-01-03,16:25:00.053000,12073,12074,12074,2
2020-01-03,16:25:01.022000,12073,12074,12073,1
2020-01-03,16:25:06.832000,12073,12074,12073,2
2020-01-03,16:25:08.098000,12072,12073,12073,3
2020-01-03,16:25:08.214000,12072,12073,12073,2
2020-01-03,16:25:13.641000,12072,12074,12074,5
2020-01-03,16:25:14.539000,12072,12074,12074,8
2020-01-03,16:25:18.197000,12072,12073,12073,1
2020-01-03,16:25:23.037000,12072,12073,12072,10
2020-01-03,16:25:23.074000,12072,12073,12072,3
2020-01-03,16:25:27.454000,12071,12073,12071,1
2020-01-03,16:25:28.681000,12072,12073,12072,1
2020-01-03,16:25:44.215000,12072,12073,12073,3
2020-01-03,16:25:44.324000,12072,12073,12073,13
2020-01-03,16:25:44.324000,12072,12073,12073,1
2020-01-03,16:25:44.610000,12073,12074,12074,6
2020-01-03,16:26:01.772000,12074,12075,12074,1
2020-01-03,16:26:02.151000,12074,12075,12075,1
2020-01-03,16:26:02.226000,12074,12075,12075,15
2020-01-03,16:26:02.379000,12074,12075,12075,1
2020-01-03,16:26:09.008000,12074,12075,12075,1
2020-01-03,16:26:09.110000,12074,12075,12075,1
2020-01-03,16:26:10.543000,12075,12076,12075,1
2020-01-03,16:26:11.618000,12075,12076,12075,1
2020-01-03,16:26:21.454000,12074,12075,12075,1
