2019-12-05,15:00:00,11609,11609,11609,168
2019-12-05,15:00:00,11610,11610,11610,2
2019-12-05,15:00:00,11608,11608,11608,2
2019-12-05,15:00:00,11610,11610,11610,2
2019-12-05,15:00:00,11610,11610,11610,4
2019-12-05,15:00:00,11610,11610,11610,2
2019-12-05,15:00:00,11610,11610,11610,2
2019-12-05,15:00:00,11610,11610,11610,2
2019-12-05,15:00:00,11610,11610,11610,2
2019-12-05,15:00:00,11610,11610,11610,16
2019-12-05,15:00:00,11610,11610,11610,2
2019-12-05,15:00:00,11610,11610,11610,2
2019-12-05,15:00:00,11610,11610,11610,2
2019-12-05,15:00:00,11610,11610,11610,6
2019-12-05,15:00:00,11610,11610,11610,2
2019-12-05,15:00:00,11611,11611,11611,2
2019-12-05,15:00:00,11611,11611,11611,2
2019-12-05,15:00:00,11611,11611,11611,2
2019-12-05,15:00:00,11611,11611,11611,4
2019-12-05,15:00:01,11611,11611,11611,36
2019-12-05,15:00:01,11611,11611,11611,2
2019-12-05,15:00:01,11611,11611,11611,4
2019-12-05,15:00:01,11610,11610,11610,2
2019-12-05,15:00:01,11611,11611,11611,4
2019-12-05,15:00:02,11611,11611,11611,2
2019-12-05,15:00:02,11611,11611,11611,6
2019-12-05,15:00:02,11611,11611,11611,92
2019-12-05,15:00:02,11611,11611,11611,2
2019-12-05,15:00:02,11611,11611,11611,4
2019-12-05,15:00:02,11611,11611,11611,2
2019-12-05,15:00:02,11611,11611,11611,8
2019-12-05,15:00:02,11611,11611,11611,26
2019-12-05,15:00:02,11612,11612,11612,14
2019-12-05,15:00:02,11612,11612,11612,8
2019-12-05,15:00:02,11612,11612,11612,8
2019-12-05,15:00:03,11612,11612,11612,8
2019-12-05,15:00:03,11612,11612,11612,8
2019-12-05,15:00:03,11612,11612,11612,8
2019-12-05,15:00:03,11612,11612,11612,8
2019-12-05,15:00:03,11612,11612,11612,4
2019-12-05,15:00:03,11613,11613,11613,4
2019-12-05,15:00:03,11613,11613,11613,8
2019-12-05,15:00:03,11612,11612,11612,4
2019-12-05,15:00:03,11613,11613,11613,8
2019-12-05,15:00:03,11613,11613,11613,8
2019-12-05,15:00:03,11613,11613,11613,8
2019-12-05,15:00:03,11613,11613,11613,4
2019-12-05,15:00:03,11614,11614,11614,4
2019-12-05,15:00:03,11614,11614,11614,8
2019-12-05,15:00:03,11614,11614,11614,8
2019-12-05,15:00:03,11614,11614,11614,8
2019-12-05,15:00:03,11613,11613,11613,4
2019-12-05,15:00:03,11614,11614,11614,8
2019-12-05,15:00:03,11613,11613,11613,4
2019-12-05,15:00:03,11614,11614,11614,4
2019-12-05,15:00:03,11613,11613,11613,2
2019-12-05,15:00:03,11613,11613,11613,6
2019-12-05,15:00:03,11614,11614,11614,14
2019-12-05,15:00:03,11612,11612,11612,4
2019-12-05,15:00:03,11613,11613,11613,4
2019-12-05,15:00:03,11614,11614,11614,10
2019-12-05,15:00:03,11615,11615,11615,6
2019-12-05,15:00:03,11612,11612,11612,4
2019-12-05,15:00:03,11613,11613,11613,8
2019-12-05,15:00:03,11613,11613,11613,14
2019-12-05,15:00:03,11613,11613,11613,4
2019-12-05,15:00:03,11614,11614,11614,6
2019-12-05,15:00:03,11613,11613,11613,2
2019-12-05,15:00:03,11612,11612,11612,2
2019-12-05,15:00:03,11613,11613,11613,8
2019-12-05,15:00:04,11613,11613,11613,2
2019-12-05,15:00:04,11612,11612,11612,2
2019-12-05,15:00:05,11612,11612,11612,2
2019-12-05,15:00:05,11612,11612,11612,2
2019-12-05,15:00:06,11613,11613,11613,2
2019-12-05,15:00:06,11612,11612,11612,2
2019-12-05,15:00:06,11612,11612,11612,2
2019-12-05,15:00:07,11612,11612,11612,2
2019-12-05,15:00:07,11612,11612,11612,4
2019-12-05,15:00:08,11612,11612,11612,2
2019-12-05,15:00:08,11612,11612,11612,6
2019-12-05,15:00:08,11612,11612,11612,6
2019-12-05,15:00:08,11613,11613,11613,2
2019-12-05,15:00:09,11612,11612,11612,4
2019-12-05,15:00:09,11611,11611,11611,4
2019-12-05,15:00:09,11611,11611,11611,4
2019-12-05,15:00:09,11611,11611,11611,6
2019-12-05,15:00:09,11611,11611,11611,8
2019-12-05,15:00:09,11611,11611,11611,2
2019-12-05,15:00:09,11611,11611,11611,4
2019-12-05,15:00:09,11610,11610,11610,8
2019-12-05,15:00:09,11612,11612,11612,4
2019-12-05,15:00:10,11612,11612,11612,2
2019-12-05,15:00:10,11611,11611,11611,2
2019-12-05,15:00:11,11612,11612,11612,12
2019-12-05,15:00:11,11611,11611,11611,2
2019-12-05,15:00:11,11612,11612,11612,2
2019-12-05,15:00:12,11612,11612,11612,2
2019-12-05,15:00:13,11612,11612,11612,18
2019-12-05,15:00:13,11612,11612,11612,2
2019-12-05,15:00:13,11611,11611,11611,2
2019-12-05,15:00:14,11611,11611,11611,2
2019-12-05,15:00:17,11612,11612,11612,32
2019-12-05,15:00:18,11612,11612,11612,8
2019-12-05,15:00:18,11612,11612,11612,2
2019-12-05,15:00:18,11612,11612,11612,4
2019-12-05,15:00:19,11612,11612,11612,4
2019-12-05,15:00:19,11612,11612,11612,4
2019-12-05,15:00:20,11611,11611,11611,4
2019-12-05,15:00:20,11611,11611,11611,6
2019-12-05,15:00:21,11611,11611,11611,2
2019-12-05,15:00:21,11612,11612,11612,2
2019-12-05,15:00:22,11611,11611,11611,12
2019-12-05,15:00:22,11611,11611,11611,2
2019-12-05,15:00:22,11611,11611,11611,4
2019-12-05,15:00:22,11611,11611,11611,2
2019-12-05,15:00:22,11611,11611,11611,2
2019-12-05,15:00:22,11611,11611,11611,2
2019-12-05,15:00:22,11611,11611,11611,2
2019-12-05,15:00:22,11611,11611,11611,6
2019-12-05,15:00:22,11611,11611,11611,2
2019-12-05,15:00:22,11611,11611,11611,4
2019-12-05,15:00:22,11612,11612,11612,4
2019-12-05,15:00:23,11610,11610,11610,2
2019-12-05,15:00:23,11611,11611,11611,2
2019-12-05,15:00:23,11611,11611,11611,2
2019-12-05,15:00:24,11610,11610,11610,2
2019-12-05,15:00:24,11610,11610,11610,2
2019-12-05,15:00:24,11610,11610,11610,2
2019-12-05,15:00:24,11610,11610,11610,2
2019-12-05,15:00:26,11611,11611,11611,2
2019-12-05,15:00:27,11611,11611,11611,2
2019-12-05,15:00:27,11611,11611,11611,2
2019-12-05,15:00:27,11611,11611,11611,2
2019-12-05,15:00:31,11611,11611,11611,2
2019-12-05,15:00:32,11610,11610,11610,2
2019-12-05,15:00:33,11610,11610,11610,2
2019-12-05,15:00:33,11610,11610,11610,2
2019-12-05,15:00:34,11610,11610,11610,4
2019-12-05,15:00:37,11610,11610,11610,2
2019-12-05,15:00:37,11611,11611,11611,2
2019-12-05,15:00:38,11611,11611,11611,2
2019-12-05,15:00:41,11610,11610,11610,2
2019-12-05,15:00:42,11611,11611,11611,2
2019-12-05,15:00:42,11611,11611,11611,2
2019-12-05,15:00:43,11610,11610,11610,2
2019-12-05,15:00:43,11610,11610,11610,8
2019-12-05,15:00:44,11610,11610,11610,2
2019-12-05,15:00:44,11610,11610,11610,6
2019-12-05,15:00:44,11610,11610,11610,2
2019-12-05,15:00:44,11610,11610,11610,4
2019-12-05,15:00:44,11610,11610,11610,4
2019-12-05,15:00:44,11610,11610,11610,4
2019-12-05,15:00:44,11610,11610,11610,2
2019-12-05,15:00:44,11610,11610,11610,2
2019-12-05,15:00:44,11610,11610,11610,2
2019-12-05,15:00:44,11610,11610,11610,2
2019-12-05,15:00:44,11610,11610,11610,2
2019-12-05,15:00:44,11610,11610,11610,6
2019-12-05,15:00:44,11610,11610,11610,2
2019-12-05,15:00:44,11610,11610,11610,6
2019-12-05,15:00:44,11610,11610,11610,2
2019-12-05,15:00:44,11610,11610,11610,2
2019-12-05,15:00:45,11610,11610,11610,2
2019-12-05,15:00:46,11610,11610,11610,2
2019-12-05,15:00:46,11611,11611,11611,2
2019-12-05,15:00:47,11610,11610,11610,2
2019-12-05,15:00:48,11610,11610,11610,4
2019-12-05,15:00:49,11610,11610,11610,2
2019-12-05,15:00:49,11611,11611,11611,2
2019-12-05,15:00:49,11610,11610,11610,2
2019-12-05,15:00:49,11610,11610,11610,2
2019-12-05,15:00:51,11611,11611,11611,2
2019-12-05,15:00:52,11610,11610,11610,2
2019-12-05,15:00:52,11610,11610,11610,2
2019-12-05,15:00:52,11610,11610,11610,4
2019-12-05,15:00:52,11610,11610,11610,2
2019-12-05,15:00:52,11610,11610,11610,6
2019-12-05,15:00:52,11610,11610,11610,20
2019-12-05,15:00:52,11610,11610,11610,2
2019-12-05,15:00:52,11610,11610,11610,2
2019-12-05,15:00:52,11610,11610,11610,2
2019-12-05,15:00:52,11610,11610,11610,4
2019-12-05,15:00:53,11610,11610,11610,2
2019-12-05,15:00:53,11610,11610,11610,2
2019-12-05,15:00:54,11610,11610,11610,2
2019-12-05,15:00:55,11610,11610,11610,2
2019-12-05,15:00:55,11610,11610,11610,2
2019-12-05,15:00:57,11610,11610,11610,2
2019-12-05,15:00:57,11610,11610,11610,2
2019-12-05,15:00:57,11610,11610,11610,2
2019-12-05,15:00:57,11609,11609,11609,6
2019-12-05,15:00:57,11610,11610,11610,4
2019-12-05,15:00:57,11610,11610,11610,2
2019-12-05,15:00:57,11610,11610,11610,4
2019-12-05,15:00:58,11609,11609,11609,2
2019-12-05,15:00:58,11609,11609,11609,10
2019-12-05,15:00:58,11610,11610,11610,2
2019-12-05,15:00:59,11609,11609,11609,10
2019-12-05,15:00:59,11609,11609,11609,2
2019-12-05,15:00:59,11609,11609,11609,4
2019-12-05,15:00:59,11609,11609,11609,2
2019-12-05,15:00:59,11609,11609,11609,2
2019-12-05,15:01:00,11609,11609,11609,2
2019-12-05,15:01:00,11609,11609,11609,2
2019-12-05,15:01:02,11610,11610,11610,20
2019-12-05,15:01:02,11609,11609,11609,10
2019-12-05,15:01:02,11609,11609,11609,4
2019-12-05,15:01:02,11609,11609,11609,4
2019-12-05,15:01:02,11609,11609,11609,2
2019-12-05,15:01:04,11609,11609,11609,6
2019-12-05,15:01:04,11608,11608,11608,2
2019-12-05,15:01:04,11609,11609,11609,4
2019-12-05,15:01:05,11609,11609,11609,2
2019-12-05,15:01:06,11609,11609,11609,2
2019-12-05,15:01:06,11610,11610,11610,16
2019-12-05,15:01:06,11609,11609,11609,2
2019-12-05,15:01:06,11610,11610,11610,20
2019-12-05,15:01:06,11609,11609,11609,2
2019-12-05,15:01:06,11609,11609,11609,4
2019-12-05,15:01:06,11609,11609,11609,2
2019-12-05,15:01:06,11609,11609,11609,4
2019-12-05,15:01:06,11608,11608,11608,4
2019-12-05,15:01:06,11608,11608,11608,4
2019-12-05,15:01:08,11609,11609,11609,2
2019-12-05,15:01:10,11609,11609,11609,6
2019-12-05,15:01:10,11608,11608,11608,6
2019-12-05,15:01:10,11608,11608,11608,4
2019-12-05,15:01:10,11608,11608,11608,4
2019-12-05,15:01:10,11608,11608,11608,2
2019-12-05,15:01:10,11609,11609,11609,2
2019-12-05,15:01:11,11609,11609,11609,2
2019-12-05,15:01:11,11609,11609,11609,2
2019-12-05,15:01:13,11609,11609,11609,8
2019-12-05,15:01:13,11609,11609,11609,2
2019-12-05,15:01:14,11609,11609,11609,2
2019-12-05,15:01:14,11609,11609,11609,6
2019-12-05,15:01:14,11609,11609,11609,4
2019-12-05,15:01:17,11609,11609,11609,2
2019-12-05,15:01:17,11609,11609,11609,2
2019-12-05,15:01:17,11609,11609,11609,4
2019-12-05,15:01:19,11609,11609,11609,2
2019-12-05,15:01:21,11609,11609,11609,18
2019-12-05,15:01:21,11609,11609,11609,2
2019-12-05,15:01:21,11609,11609,11609,2
2019-12-05,15:01:21,11609,11609,11609,2
2019-12-05,15:01:21,11609,11609,11609,2
2019-12-05,15:01:21,11609,11609,11609,2
2019-12-05,15:01:21,11609,11609,11609,2
2019-12-05,15:01:23,11609,11609,11609,2
2019-12-05,15:01:26,11608,11608,11608,2
2019-12-05,15:01:26,11608,11608,11608,4
2019-12-05,15:01:26,11608,11608,11608,40
2019-12-05,15:01:26,11608,11608,11608,2
2019-12-05,15:01:27,11608,11608,11608,4
2019-12-05,15:01:29,11608,11608,11608,2
2019-12-05,15:01:29,11608,11608,11608,4
2019-12-05,15:01:29,11608,11608,11608,2
2019-12-05,15:01:29,11608,11608,11608,2
2019-12-05,15:01:29,11608,11608,11608,2
2019-12-05,15:01:29,11608,11608,11608,2
2019-12-05,15:01:29,11608,11608,11608,28
2019-12-05,15:01:29,11607,11607,11607,2
2019-12-05,15:01:29,11607,11607,11607,2
2019-12-05,15:01:30,11608,11608,11608,2
2019-12-05,15:01:30,11609,11609,11609,2
2019-12-05,15:01:31,11608,11608,11608,2
2019-12-05,15:01:33,11607,11607,11607,2
2019-12-05,15:01:35,11608,11608,11608,2
2019-12-05,15:01:37,11608,11608,11608,2
2019-12-05,15:01:39,11608,11608,11608,2
2019-12-05,15:01:42,11608,11608,11608,8
2019-12-05,15:01:44,11608,11608,11608,2
2019-12-05,15:01:45,11608,11608,11608,2
2019-12-05,15:01:48,11608,11608,11608,2
2019-12-05,15:01:50,11608,11608,11608,2
2019-12-05,15:01:51,11608,11608,11608,4
2019-12-05,15:01:53,11608,11608,11608,2
2019-12-05,15:01:54,11608,11608,11608,2
2019-12-05,15:01:54,11608,11608,11608,2
2019-12-05,15:01:56,11608,11608,11608,2
2019-12-05,15:01:56,11608,11608,11608,2
2019-12-05,15:01:59,11608,11608,11608,2
2019-12-05,15:01:59,11608,11608,11608,2
2019-12-05,15:01:59,11608,11608,11608,2
2019-12-05,15:01:59,11608,11608,11608,2
2019-12-05,15:01:59,11608,11608,11608,2
2019-12-05,15:02:00,11608,11608,11608,2
2019-12-05,15:02:01,11608,11608,11608,4
2019-12-05,15:02:01,11607,11607,11607,2
2019-12-05,15:02:03,11608,11608,11608,2
2019-12-05,15:02:04,11607,11607,11607,2
2019-12-05,15:02:04,11607,11607,11607,8
2019-12-05,15:02:11,11607,11607,11607,2
2019-12-05,15:02:15,11607,11607,11607,4
2019-12-05,15:02:17,11607,11607,11607,2
2019-12-05,15:02:18,11607,11607,11607,2
2019-12-05,15:02:18,11607,11607,11607,2
2019-12-05,15:02:18,11607,11607,11607,2
2019-12-05,15:02:18,11607,11607,11607,10
2019-12-05,15:02:18,11607,11607,11607,4
2019-12-05,15:02:18,11607,11607,11607,2
2019-12-05,15:02:18,11607,11607,11607,2
2019-12-05,15:02:18,11607,11607,11607,2
2019-12-05,15:02:18,11607,11607,11607,2
2019-12-05,15:02:18,11607,11607,11607,8
2019-12-05,15:02:19,11608,11608,11608,2
2019-12-05,15:02:19,11608,11608,11608,2
2019-12-05,15:02:20,11608,11608,11608,2
2019-12-05,15:02:20,11608,11608,11608,2
2019-12-05,15:02:21,11607,11607,11607,2
2019-12-05,15:02:22,11608,11608,11608,2
2019-12-05,15:02:23,11608,11608,11608,2
2019-12-05,15:02:23,11607,11607,11607,2
2019-12-05,15:02:24,11608,11608,11608,2
2019-12-05,15:02:24,11607,11607,11607,2
2019-12-05,15:02:24,11607,11607,11607,2
2019-12-05,15:02:24,11607,11607,11607,2
2019-12-05,15:02:24,11607,11607,11607,2
2019-12-05,15:02:26,11608,11608,11608,2
2019-12-05,15:02:30,11608,11608,11608,24
2019-12-05,15:02:33,11608,11608,11608,6
2019-12-05,15:02:33,11607,11607,11607,2
2019-12-05,15:02:33,11607,11607,11607,2
2019-12-05,15:02:38,11608,11608,11608,20
2019-12-05,15:02:38,11607,11607,11607,2
2019-12-05,15:02:41,11608,11608,11608,2
2019-12-05,15:02:43,11608,11608,11608,2
2019-12-05,15:02:43,11608,11608,11608,2
2019-12-05,15:02:51,11607,11607,11607,2
2019-12-05,15:02:51,11607,11607,11607,2
2019-12-05,15:02:51,11607,11607,11607,2
2019-12-05,15:02:53,11607,11607,11607,2
2019-12-05,15:02:53,11607,11607,11607,2
2019-12-05,15:02:54,11607,11607,11607,2
2019-12-05,15:02:55,11607,11607,11607,2
2019-12-05,15:02:55,11607,11607,11607,2
2019-12-05,15:02:57,11607,11607,11607,6
2019-12-05,15:02:57,11607,11607,11607,2
2019-12-05,15:02:57,11606,11606,11606,2
2019-12-05,15:03:00,11606,11606,11606,2
2019-12-05,15:03:00,11606,11606,11606,2
2019-12-05,15:03:00,11606,11606,11606,2
2019-12-05,15:03:00,11606,11606,11606,2
2019-12-05,15:03:00,11606,11606,11606,4
2019-12-05,15:03:00,11606,11606,11606,2
2019-12-05,15:03:00,11606,11606,11606,2
2019-12-05,15:03:00,11606,11606,11606,2
2019-12-05,15:03:00,11606,11606,11606,2
2019-12-05,15:03:00,11606,11606,11606,4
2019-12-05,15:03:02,11607,11607,11607,2
2019-12-05,15:03:03,11606,11606,11606,2
2019-12-05,15:03:13,11606,11606,11606,2
2019-12-05,15:03:13,11606,11606,11606,2
2019-12-05,15:03:13,11606,11606,11606,6
2019-12-05,15:03:13,11607,11607,11607,6
2019-12-05,15:03:14,11606,11606,11606,2
2019-12-05,15:03:19,11608,11608,11608,44
2019-12-05,15:03:20,11607,11607,11607,2
2019-12-05,15:03:20,11607,11607,11607,2
2019-12-05,15:03:22,11608,11608,11608,4
2019-12-05,15:03:24,11608,11608,11608,4
2019-12-05,15:03:25,11609,11609,11609,2
2019-12-05,15:03:26,11607,11607,11607,6
2019-12-05,15:03:26,11607,11607,11607,2
2019-12-05,15:03:26,11607,11607,11607,2
2019-12-05,15:03:26,11607,11607,11607,2
2019-12-05,15:03:26,11607,11607,11607,8
2019-12-05,15:03:26,11607,11607,11607,2
2019-12-05,15:03:26,11607,11607,11607,4
2019-12-05,15:03:26,11607,11607,11607,6
2019-12-05,15:03:26,11607,11607,11607,4
2019-12-05,15:03:26,11607,11607,11607,2
2019-12-05,15:03:26,11607,11607,11607,2
2019-12-05,15:03:26,11607,11607,11607,2
2019-12-05,15:03:26,11607,11607,11607,2
2019-12-05,15:03:27,11607,11607,11607,2
2019-12-05,15:03:27,11607,11607,11607,2
2019-12-05,15:03:27,11607,11607,11607,4
2019-12-05,15:03:29,11607,11607,11607,2
2019-12-05,15:03:34,11607,11607,11607,2
2019-12-05,15:03:40,11607,11607,11607,2
2019-12-05,15:03:40,11607,11607,11607,2
2019-12-05,15:03:40,11607,11607,11607,2
2019-12-05,15:03:40,11607,11607,11607,2
2019-12-05,15:03:41,11608,11608,11608,22
2019-12-05,15:03:41,11607,11607,11607,2
2019-12-05,15:03:46,11607,11607,11607,4
2019-12-05,15:03:47,11608,11608,11608,2
2019-12-05,15:03:59,11608,11608,11608,2
2019-12-05,15:03:59,11608,11608,11608,6
2019-12-05,15:03:59,11608,11608,11608,2
2019-12-05,15:03:59,11607,11607,11607,26
2019-12-05,15:03:59,11607,11607,11607,2
2019-12-05,15:03:59,11607,11607,11607,2
2019-12-05,15:03:59,11607,11607,11607,4
2019-12-05,15:03:59,11607,11607,11607,2
2019-12-05,15:03:59,11607,11607,11607,4
2019-12-05,15:03:59,11607,11607,11607,6
2019-12-05,15:03:59,11607,11607,11607,2
2019-12-05,15:03:59,11607,11607,11607,2
2019-12-05,15:03:59,11607,11607,11607,2
2019-12-05,15:03:59,11607,11607,11607,2
2019-12-05,15:03:59,11607,11607,11607,2
2019-12-05,15:03:59,11607,11607,11607,10
2019-12-05,15:03:59,11607,11607,11607,4
2019-12-05,15:03:59,11607,11607,11607,10
2019-12-05,15:03:59,11607,11607,11607,10
2019-12-05,15:03:59,11607,11607,11607,2
2019-12-05,15:03:59,11607,11607,11607,2
2019-12-05,15:03:59,11608,11608,11608,2
2019-12-05,15:04:06,11608,11608,11608,6
2019-12-05,15:04:09,11608,11608,11608,34
2019-12-05,15:04:11,11609,11609,11609,4
2019-12-05,15:04:14,11608,11608,11608,2
2019-12-05,15:04:22,11608,11608,11608,2
2019-12-05,15:04:23,11608,11608,11608,2
2019-12-05,15:04:26,11608,11608,11608,2
2019-12-05,15:04:26,11608,11608,11608,2
2019-12-05,15:04:28,11608,11608,11608,2
2019-12-05,15:04:30,11608,11608,11608,2
2019-12-05,15:04:34,11608,11608,11608,2
2019-12-05,15:04:35,11608,11608,11608,2
2019-12-05,15:04:37,11608,11608,11608,4
2019-12-05,15:04:41,11608,11608,11608,4
2019-12-05,15:04:43,11608,11608,11608,2
2019-12-05,15:05:00,11609,11609,11609,2
2019-12-05,15:05:00,11609,11609,11609,2
2019-12-05,15:05:00,11608,11608,11608,2
2019-12-05,15:05:02,11609,11609,11609,12
2019-12-05,15:05:03,11609,11609,11609,2
2019-12-05,15:05:03,11609,11609,11609,2
2019-12-05,15:05:06,11608,11608,11608,2
2019-12-05,15:05:07,11608,11608,11608,2
2019-12-05,15:05:10,11609,11609,11609,2
2019-12-05,15:05:12,11608,11608,11608,2
2019-12-05,15:05:27,11608,11608,11608,2
2019-12-05,15:05:27,11608,11608,11608,2
2019-12-05,15:05:29,11608,11608,11608,2
2019-12-05,15:05:33,11609,11609,11609,140
2019-12-05,15:05:33,11609,11609,11609,2
2019-12-05,15:05:33,11610,11610,11610,26
2019-12-05,15:05:33,11610,11610,11610,22
2019-12-05,15:05:33,11610,11610,11610,4
2019-12-05,15:05:33,11610,11610,11610,16
2019-12-05,15:05:33,11610,11610,11610,4
2019-12-05,15:05:33,11610,11610,11610,2
2019-12-05,15:05:34,11610,11610,11610,2
2019-12-05,15:05:34,11611,11611,11611,34
2019-12-05,15:05:34,11611,11611,11611,2
2019-12-05,15:05:36,11611,11611,11611,2
2019-12-05,15:05:44,11611,11611,11611,10
2019-12-05,15:05:46,11611,11611,11611,12
2019-12-05,15:05:46,11611,11611,11611,6
2019-12-05,15:05:47,11612,11612,11612,8
2019-12-05,15:05:49,11611,11611,11611,2
2019-12-05,15:05:50,11612,11612,11612,4
2019-12-05,15:05:50,11612,11612,11612,4
2019-12-05,15:05:51,11612,11612,11612,4
2019-12-05,15:05:51,11612,11612,11612,4
2019-12-05,15:05:51,11612,11612,11612,42
2019-12-05,15:05:51,11612,11612,11612,4
2019-12-05,15:05:51,11612,11612,11612,2
2019-12-05,15:05:51,11612,11612,11612,4
2019-12-05,15:05:51,11612,11612,11612,4
2019-12-05,15:05:51,11612,11612,11612,2
2019-12-05,15:05:52,11612,11612,11612,2
2019-12-05,15:05:52,11613,11613,11613,6
2019-12-05,15:05:54,11613,11613,11613,2
2019-12-05,15:05:54,11613,11613,11613,14
2019-12-05,15:05:54,11613,11613,11613,62
2019-12-05,15:05:55,11613,11613,11613,2
2019-12-05,15:05:55,11614,11614,11614,14
2019-12-05,15:05:55,11614,11614,11614,26
2019-12-05,15:05:55,11614,11614,11614,8
2019-12-05,15:05:55,11614,11614,11614,4
2019-12-05,15:05:56,11615,11615,11615,2
2019-12-05,15:05:56,11615,11615,11615,4
2019-12-05,15:05:56,11615,11615,11615,2
2019-12-05,15:05:56,11615,11615,11615,4
2019-12-05,15:05:56,11615,11615,11615,2
2019-12-05,15:05:56,11615,11615,11615,4
2019-12-05,15:05:56,11615,11615,11615,2
2019-12-05,15:05:56,11615,11615,11615,4
2019-12-05,15:05:56,11615,11615,11615,4
2019-12-05,15:05:56,11615,11615,11615,2
2019-12-05,15:05:56,11615,11615,11615,4
2019-12-05,15:05:56,11615,11615,11615,2
2019-12-05,15:05:56,11615,11615,11615,4
2019-12-05,15:05:56,11615,11615,11615,16
2019-12-05,15:05:56,11615,11615,11615,6
2019-12-05,15:05:56,11615,11615,11615,2
2019-12-05,15:05:56,11614,11614,11614,2
2019-12-05,15:05:56,11614,11614,11614,4
2019-12-05,15:05:56,11614,11614,11614,6
2019-12-05,15:05:56,11615,11615,11615,6
2019-12-05,15:05:56,11615,11615,11615,10
2019-12-05,15:05:56,11615,11615,11615,10
2019-12-05,15:05:56,11615,11615,11615,10
2019-12-05,15:05:56,11615,11615,11615,10
2019-12-05,15:05:56,11615,11615,11615,2
2019-12-05,15:05:56,11615,11615,11615,2
2019-12-05,15:05:56,11615,11615,11615,32
2019-12-05,15:05:56,11616,11616,11616,20
2019-12-05,15:05:56,11616,11616,11616,20
2019-12-05,15:05:56,11616,11616,11616,10
2019-12-05,15:05:56,11616,11616,11616,2
2019-12-05,15:05:56,11616,11616,11616,8
2019-12-05,15:05:56,11616,11616,11616,2
2019-12-05,15:05:56,11617,11617,11617,2
2019-12-05,15:05:56,11616,11616,11616,2
2019-12-05,15:05:56,11617,11617,11617,2
2019-12-05,15:05:57,11617,11617,11617,30
2019-12-05,15:05:57,11617,11617,11617,2
2019-12-05,15:05:57,11617,11617,11617,2
2019-12-05,15:05:57,11617,11617,11617,2
2019-12-05,15:05:57,11617,11617,11617,2
2019-12-05,15:05:57,11617,11617,11617,8
2019-12-05,15:05:57,11617,11617,11617,4
2019-12-05,15:05:57,11616,11616,11616,2
2019-12-05,15:05:57,11616,11616,11616,2
2019-12-05,15:05:57,11616,11616,11616,2
2019-12-05,15:05:57,11617,11617,11617,4
2019-12-05,15:05:58,11616,11616,11616,2
2019-12-05,15:05:58,11615,11615,11615,2
2019-12-05,15:05:58,11616,11616,11616,4
2019-12-05,15:05:58,11616,11616,11616,12
2019-12-05,15:06:00,11617,11617,11617,2
2019-12-05,15:06:00,11617,11617,11617,4
2019-12-05,15:06:00,11617,11617,11617,4
2019-12-05,15:06:00,11617,11617,11617,4
2019-12-05,15:06:00,11617,11617,11617,6
2019-12-05,15:06:00,11617,11617,11617,6
2019-12-05,15:06:00,11616,11616,11616,2
2019-12-05,15:06:01,11617,11617,11617,4
2019-12-05,15:06:01,11616,11616,11616,2
2019-12-05,15:06:01,11616,11616,11616,2
2019-12-05,15:06:01,11617,11617,11617,2
2019-12-05,15:06:02,11616,11616,11616,2
2019-12-05,15:06:02,11616,11616,11616,4
2019-12-05,15:06:02,11616,11616,11616,2
2019-12-05,15:06:03,11617,11617,11617,4
2019-12-05,15:06:03,11616,11616,11616,2
2019-12-05,15:06:04,11616,11616,11616,2
2019-12-05,15:06:04,11617,11617,11617,2
2019-12-05,15:06:04,11616,11616,11616,2
2019-12-05,15:06:05,11617,11617,11617,2
2019-12-05,15:06:05,11617,11617,11617,4
2019-12-05,15:06:06,11616,11616,11616,2
2019-12-05,15:06:06,11616,11616,11616,2
2019-12-05,15:06:06,11616,11616,11616,4
2019-12-05,15:06:06,11616,11616,11616,2
2019-12-05,15:06:06,11616,11616,11616,4
2019-12-05,15:06:06,11616,11616,11616,2
2019-12-05,15:06:06,11616,11616,11616,4
2019-12-05,15:06:06,11616,11616,11616,2
2019-12-05,15:06:06,11616,11616,11616,2
2019-12-05,15:06:07,11616,11616,11616,4
2019-12-05,15:06:07,11617,11617,11617,2
2019-12-05,15:06:08,11617,11617,11617,4
2019-12-05,15:06:08,11617,11617,11617,2
2019-12-05,15:06:09,11617,11617,11617,2
2019-12-05,15:06:09,11617,11617,11617,4
2019-12-05,15:06:10,11616,11616,11616,2
2019-12-05,15:06:10,11617,11617,11617,2
2019-12-05,15:06:10,11617,11617,11617,6
2019-12-05,15:06:10,11617,11617,11617,2
2019-12-05,15:06:10,11617,11617,11617,4
2019-12-05,15:06:11,11616,11616,11616,2
2019-12-05,15:06:11,11617,11617,11617,8
2019-12-05,15:06:12,11616,11616,11616,2
2019-12-05,15:06:14,11616,11616,11616,2
2019-12-05,15:06:14,11616,11616,11616,2
2019-12-05,15:06:14,11617,11617,11617,34
2019-12-05,15:06:14,11618,11618,11618,16
2019-12-05,15:06:14,11618,11618,11618,2
2019-12-05,15:06:15,11618,11618,11618,2
2019-12-05,15:06:15,11618,11618,11618,2
2019-12-05,15:06:15,11618,11618,11618,2
2019-12-05,15:06:15,11618,11618,11618,2
2019-12-05,15:06:15,11617,11617,11617,4
2019-12-05,15:06:15,11618,11618,11618,2
2019-12-05,15:06:15,11618,11618,11618,2
2019-12-05,15:06:15,11617,11617,11617,2
2019-12-05,15:06:16,11618,11618,11618,2
2019-12-05,15:06:16,11618,11618,11618,2
2019-12-05,15:06:16,11618,11618,11618,2
2019-12-05,15:06:16,11618,11618,11618,2
2019-12-05,15:06:17,11617,11617,11617,4
2019-12-05,15:06:17,11618,11618,11618,4
2019-12-05,15:06:17,11618,11618,11618,40
2019-12-05,15:06:18,11618,11618,11618,4
2019-12-05,15:06:18,11617,11617,11617,2
2019-12-05,15:06:18,11617,11617,11617,2
2019-12-05,15:06:18,11617,11617,11617,4
2019-12-05,15:06:18,11617,11617,11617,4
2019-12-05,15:06:18,11618,11618,11618,6
2019-12-05,15:06:19,11618,11618,11618,2
2019-12-05,15:06:19,11618,11618,11618,4
2019-12-05,15:06:19,11617,11617,11617,4
2019-12-05,15:06:24,11617,11617,11617,4
2019-12-05,15:06:24,11618,11618,11618,4
2019-12-05,15:06:25,11617,11617,11617,2
2019-12-05,15:06:25,11617,11617,11617,2
2019-12-05,15:06:25,11617,11617,11617,2
2019-12-05,15:06:26,11617,11617,11617,4
2019-12-05,15:06:26,11617,11617,11617,2
2019-12-05,15:06:26,11617,11617,11617,8
2019-12-05,15:06:30,11616,11616,11616,2
2019-12-05,15:06:30,11616,11616,11616,2
2019-12-05,15:06:30,11616,11616,11616,2
2019-12-05,15:06:30,11616,11616,11616,12
2019-12-05,15:06:30,11617,11617,11617,8
2019-12-05,15:06:30,11616,11616,11616,2
2019-12-05,15:06:30,11616,11616,11616,8
2019-12-05,15:06:31,11617,11617,11617,2
2019-12-05,15:06:32,11616,11616,11616,2
2019-12-05,15:06:32,11616,11616,11616,4
2019-12-05,15:06:32,11616,11616,11616,2
2019-12-05,15:06:37,11617,11617,11617,4
2019-12-05,15:06:37,11616,11616,11616,2
2019-12-05,15:06:38,11616,11616,11616,2
2019-12-05,15:06:38,11616,11616,11616,2
2019-12-05,15:06:38,11616,11616,11616,4
2019-12-05,15:06:39,11616,11616,11616,4
2019-12-05,15:06:40,11616,11616,11616,4
2019-12-05,15:06:40,11615,11615,11615,8
2019-12-05,15:06:40,11615,11615,11615,2
2019-12-05,15:06:40,11615,11615,11615,4
2019-12-05,15:06:40,11615,11615,11615,2
2019-12-05,15:06:40,11615,11615,11615,2
2019-12-05,15:06:40,11615,11615,11615,4
2019-12-05,15:06:41,11615,11615,11615,2
2019-12-05,15:06:41,11615,11615,11615,4
2019-12-05,15:06:42,11614,11614,11614,2
2019-12-05,15:06:42,11615,11615,11615,2
2019-12-05,15:06:43,11614,11614,11614,2
2019-12-05,15:06:43,11615,11615,11615,2
2019-12-05,15:06:46,11614,11614,11614,6
2019-12-05,15:06:46,11614,11614,11614,6
2019-12-05,15:06:46,11614,11614,11614,4
2019-12-05,15:06:46,11614,11614,11614,4
2019-12-05,15:06:46,11614,11614,11614,2
2019-12-05,15:06:46,11614,11614,11614,4
2019-12-05,15:06:46,11614,11614,11614,4
2019-12-05,15:06:47,11614,11614,11614,2
2019-12-05,15:06:47,11613,11613,11613,2
2019-12-05,15:06:48,11614,11614,11614,2
2019-12-05,15:06:49,11614,11614,11614,2
2019-12-05,15:06:51,11613,11613,11613,2
2019-12-05,15:06:52,11613,11613,11613,2
2019-12-05,15:06:56,11614,11614,11614,4
2019-12-05,15:06:58,11613,11613,11613,2
2019-12-05,15:06:58,11613,11613,11613,2
2019-12-05,15:06:59,11614,11614,11614,2
2019-12-05,15:07:01,11614,11614,11614,14
2019-12-05,15:07:01,11615,11615,11615,2
2019-12-05,15:07:02,11615,11615,11615,2
2019-12-05,15:07:02,11615,11615,11615,14
2019-12-05,15:07:02,11614,11614,11614,2
2019-12-05,15:07:04,11614,11614,11614,2
2019-12-05,15:07:06,11614,11614,11614,2
2019-12-05,15:07:07,11615,11615,11615,2
2019-12-05,15:07:07,11615,11615,11615,30
2019-12-05,15:07:08,11615,11615,11615,4
2019-12-05,15:07:09,11616,11616,11616,48
2019-12-05,15:07:09,11616,11616,11616,2
2019-12-05,15:07:09,11616,11616,11616,6
2019-12-05,15:07:09,11616,11616,11616,4
2019-12-05,15:07:10,11615,11615,11615,2
2019-12-05,15:07:10,11616,11616,11616,2
2019-12-05,15:07:11,11615,11615,11615,2
2019-12-05,15:07:12,11616,11616,11616,2
2019-12-05,15:07:13,11616,11616,11616,2
2019-12-05,15:07:13,11616,11616,11616,2
2019-12-05,15:07:14,11615,11615,11615,2
2019-12-05,15:07:15,11616,11616,11616,2
2019-12-05,15:07:16,11616,11616,11616,2
2019-12-05,15:07:18,11615,11615,11615,2
2019-12-05,15:07:20,11615,11615,11615,2
2019-12-05,15:07:21,11615,11615,11615,6
2019-12-05,15:07:21,11615,11615,11615,2
2019-12-05,15:07:21,11615,11615,11615,2
2019-12-05,15:07:21,11615,11615,11615,4
2019-12-05,15:07:21,11615,11615,11615,6
2019-12-05,15:07:21,11615,11615,11615,2
2019-12-05,15:07:23,11615,11615,11615,2
2019-12-05,15:07:23,11615,11615,11615,2
2019-12-05,15:07:23,11615,11615,11615,2
2019-12-05,15:07:23,11616,11616,11616,2
2019-12-05,15:07:25,11615,11615,11615,2
2019-12-05,15:07:32,11615,11615,11615,2
2019-12-05,15:07:34,11615,11615,11615,4
2019-12-05,15:07:34,11614,11614,11614,2
2019-12-05,15:07:39,11615,11615,11615,6
2019-12-05,15:07:43,11615,11615,11615,4
2019-12-05,15:07:44,11615,11615,11615,2
2019-12-05,15:07:44,11615,11615,11615,2
2019-12-05,15:07:46,11614,11614,11614,2
2019-12-05,15:07:46,11614,11614,11614,2
2019-12-05,15:07:49,11615,11615,11615,2
2019-12-05,15:07:50,11615,11615,11615,2
2019-12-05,15:07:52,11615,11615,11615,10
2019-12-05,15:07:53,11614,11614,11614,2
2019-12-05,15:07:56,11615,11615,11615,4
2019-12-05,15:07:56,11615,11615,11615,2
2019-12-05,15:08:01,11615,11615,11615,2
2019-12-05,15:08:02,11615,11615,11615,8
2019-12-05,15:08:02,11614,11614,11614,2
2019-12-05,15:08:03,11615,11615,11615,2
2019-12-05,15:08:03,11615,11615,11615,2
2019-12-05,15:08:03,11615,11615,11615,2
2019-12-05,15:08:03,11615,11615,11615,2
2019-12-05,15:08:03,11615,11615,11615,2
2019-12-05,15:08:03,11615,11615,11615,2
2019-12-05,15:08:04,11615,11615,11615,2
2019-12-05,15:08:05,11615,11615,11615,2
2019-12-05,15:08:10,11615,11615,11615,4
2019-12-05,15:08:11,11615,11615,11615,2
2019-12-05,15:08:14,11615,11615,11615,4
2019-12-05,15:08:20,11615,11615,11615,4
2019-12-05,15:08:22,11614,11614,11614,4
2019-12-05,15:08:22,11614,11614,11614,6
2019-12-05,15:08:22,11614,11614,11614,2
2019-12-05,15:08:22,11614,11614,11614,2
2019-12-05,15:08:22,11614,11614,11614,10
2019-12-05,15:08:22,11614,11614,11614,4
2019-12-05,15:08:22,11614,11614,11614,2
2019-12-05,15:08:22,11614,11614,11614,2
2019-12-05,15:08:22,11614,11614,11614,2
2019-12-05,15:08:23,11614,11614,11614,2
2019-12-05,15:08:23,11615,11615,11615,8
2019-12-05,15:08:25,11613,11613,11613,2
2019-12-05,15:08:25,11615,11615,11615,2
2019-12-05,15:08:27,11614,11614,11614,2
2019-12-05,15:08:32,11614,11614,11614,2
2019-12-05,15:08:36,11614,11614,11614,2
2019-12-05,15:08:36,11614,11614,11614,2
2019-12-05,15:08:38,11615,11615,11615,18
2019-12-05,15:08:39,11614,11614,11614,2
2019-12-05,15:08:39,11614,11614,11614,4
2019-12-05,15:08:39,11614,11614,11614,4
2019-12-05,15:08:42,11614,11614,11614,2
2019-12-05,15:08:49,11615,11615,11615,2
2019-12-05,15:08:49,11615,11615,11615,4
2019-12-05,15:08:49,11615,11615,11615,6
2019-12-05,15:08:49,11615,11615,11615,2
2019-12-05,15:08:49,11615,11615,11615,6
2019-12-05,15:08:49,11615,11615,11615,6
2019-12-05,15:08:49,11615,11615,11615,6
2019-12-05,15:08:49,11615,11615,11615,4
2019-12-05,15:08:49,11615,11615,11615,2
2019-12-05,15:08:49,11615,11615,11615,2
2019-12-05,15:08:49,11615,11615,11615,2
2019-12-05,15:08:54,11615,11615,11615,2
2019-12-05,15:08:57,11615,11615,11615,6
2019-12-05,15:08:57,11615,11615,11615,4
2019-12-05,15:08:58,11615,11615,11615,2
2019-12-05,15:09:01,11615,11615,11615,2
2019-12-05,15:09:01,11615,11615,11615,2
2019-12-05,15:09:10,11615,11615,11615,2
2019-12-05,15:09:12,11616,11616,11616,4
2019-12-05,15:09:12,11615,11615,11615,2
2019-12-05,15:09:15,11615,11615,11615,2
2019-12-05,15:09:19,11616,11616,11616,2
2019-12-05,15:09:24,11615,11615,11615,2
2019-12-05,15:09:24,11615,11615,11615,10
2019-12-05,15:09:28,11615,11615,11615,4
2019-12-05,15:09:28,11616,11616,11616,4
2019-12-05,15:09:33,11615,11615,11615,6
2019-12-05,15:09:33,11615,11615,11615,2
2019-12-05,15:09:33,11615,11615,11615,2
2019-12-05,15:09:36,11615,11615,11615,2
2019-12-05,15:09:38,11616,11616,11616,2
2019-12-05,15:09:38,11615,11615,11615,2
2019-12-05,15:09:47,11615,11615,11615,2
2019-12-05,15:10:00,11615,11615,11615,2
2019-12-05,15:10:00,11615,11615,11615,10
2019-12-05,15:10:04,11615,11615,11615,4
2019-12-05,15:10:04,11615,11615,11615,2
2019-12-05,15:10:04,11615,11615,11615,4
2019-12-05,15:10:04,11616,11616,11616,4
2019-12-05,15:10:06,11615,11615,11615,2
2019-12-05,15:10:06,11615,11615,11615,2
2019-12-05,15:10:07,11615,11615,11615,2
2019-12-05,15:10:09,11615,11615,11615,2
2019-12-05,15:10:11,11616,11616,11616,2
2019-12-05,15:10:12,11615,11615,11615,2
2019-12-05,15:10:16,11615,11615,11615,2
2019-12-05,15:10:29,11615,11615,11615,2
2019-12-05,15:10:29,11615,11615,11615,2
2019-12-05,15:10:29,11615,11615,11615,6
2019-12-05,15:10:30,11615,11615,11615,2
2019-12-05,15:10:32,11615,11615,11615,2
2019-12-05,15:10:32,11615,11615,11615,2
2019-12-05,15:10:34,11615,11615,11615,2
2019-12-05,15:10:35,11615,11615,11615,2
2019-12-05,15:10:38,11615,11615,11615,2
2019-12-05,15:10:38,11615,11615,11615,2
2019-12-05,15:10:40,11615,11615,11615,2
2019-12-05,15:10:48,11615,11615,11615,20
2019-12-05,15:10:51,11615,11615,11615,4
2019-12-05,15:11:02,11614,11614,11614,2
2019-12-05,15:11:02,11615,11615,11615,2
2019-12-05,15:11:03,11615,11615,11615,6
2019-12-05,15:11:11,11615,11615,11615,40
2019-12-05,15:11:11,11616,11616,11616,2
2019-12-05,15:11:24,11616,11616,11616,2
2019-12-05,15:11:25,11615,11615,11615,2
2019-12-05,15:11:25,11616,11616,11616,2
2019-12-05,15:11:27,11615,11615,11615,2
2019-12-05,15:11:33,11616,11616,11616,16
2019-12-05,15:11:37,11616,11616,11616,4
2019-12-05,15:11:37,11616,11616,11616,4
2019-12-05,15:11:37,11616,11616,11616,8
2019-12-05,15:11:37,11616,11616,11616,2
2019-12-05,15:11:37,11616,11616,11616,8
2019-12-05,15:11:37,11616,11616,11616,2
2019-12-05,15:11:37,11616,11616,11616,4
2019-12-05,15:11:37,11616,11616,11616,2
2019-12-05,15:11:37,11616,11616,11616,2
2019-12-05,15:11:37,11616,11616,11616,4
2019-12-05,15:11:38,11616,11616,11616,2
2019-12-05,15:11:40,11616,11616,11616,2
2019-12-05,15:11:41,11616,11616,11616,2
2019-12-05,15:11:44,11617,11617,11617,2
2019-12-05,15:11:45,11616,11616,11616,2
2019-12-05,15:11:49,11617,11617,11617,2
2019-12-05,15:11:53,11617,11617,11617,2
2019-12-05,15:11:53,11617,11617,11617,4
2019-12-05,15:11:53,11617,11617,11617,2
2019-12-05,15:11:53,11617,11617,11617,4
2019-12-05,15:11:54,11617,11617,11617,50
2019-12-05,15:11:55,11617,11617,11617,4
2019-12-05,15:11:55,11617,11617,11617,2
2019-12-05,15:11:56,11618,11618,11618,50
2019-12-05,15:11:56,11618,11618,11618,4
2019-12-05,15:11:56,11618,11618,11618,6
2019-12-05,15:11:56,11618,11618,11618,4
2019-12-05,15:11:56,11618,11618,11618,4
2019-12-05,15:11:56,11618,11618,11618,2
2019-12-05,15:11:56,11618,11618,11618,4
2019-12-05,15:11:56,11618,11618,11618,4
2019-12-05,15:11:56,11618,11618,11618,4
2019-12-05,15:11:56,11618,11618,11618,2
2019-12-05,15:11:56,11618,11618,11618,4
2019-12-05,15:11:56,11619,11619,11619,20
2019-12-05,15:11:56,11619,11619,11619,20
2019-12-05,15:11:56,11619,11619,11619,10
2019-12-05,15:11:56,11619,11619,11619,2
2019-12-05,15:11:56,11619,11619,11619,10
2019-12-05,15:11:56,11619,11619,11619,2
2019-12-05,15:11:56,11619,11619,11619,2
2019-12-05,15:11:57,11619,11619,11619,2
2019-12-05,15:11:57,11619,11619,11619,2
2019-12-05,15:11:57,11619,11619,11619,2
2019-12-05,15:11:57,11619,11619,11619,2
2019-12-05,15:11:57,11618,11618,11618,2
2019-12-05,15:11:57,11619,11619,11619,2
2019-12-05,15:11:58,11618,11618,11618,2
2019-12-05,15:11:59,11619,11619,11619,2
2019-12-05,15:11:59,11619,11619,11619,50
2019-12-05,15:12:00,11619,11619,11619,2
2019-12-05,15:12:01,11619,11619,11619,2
2019-12-05,15:12:01,11619,11619,11619,2
2019-12-05,15:12:02,11619,11619,11619,2
2019-12-05,15:12:03,11619,11619,11619,2
2019-12-05,15:12:03,11618,11618,11618,2
2019-12-05,15:12:03,11618,11618,11618,2
2019-12-05,15:12:04,11619,11619,11619,2
2019-12-05,15:12:04,11620,11620,11620,2
2019-12-05,15:12:04,11620,11620,11620,2
2019-12-05,15:12:04,11620,11620,11620,2
2019-12-05,15:12:04,11620,11620,11620,6
2019-12-05,15:12:04,11619,11619,11619,2
2019-12-05,15:12:04,11620,11620,11620,4
2019-12-05,15:12:04,11620,11620,11620,2
2019-12-05,15:12:04,11620,11620,11620,4
2019-12-05,15:12:05,11618,11618,11618,2
2019-12-05,15:12:05,11618,11618,11618,2
2019-12-05,15:12:06,11620,11620,11620,6
2019-12-05,15:12:06,11620,11620,11620,6
2019-12-05,15:12:06,11620,11620,11620,6
2019-12-05,15:12:06,11620,11620,11620,6
2019-12-05,15:12:07,11619,11619,11619,2
2019-12-05,15:12:07,11619,11619,11619,2
2019-12-05,15:12:07,11620,11620,11620,2
2019-12-05,15:12:08,11620,11620,11620,6
2019-12-05,15:12:08,11620,11620,11620,6
2019-12-05,15:12:09,11620,11620,11620,2
2019-12-05,15:12:09,11620,11620,11620,6
2019-12-05,15:12:10,11620,11620,11620,36
2019-12-05,15:12:10,11620,11620,11620,34
2019-12-05,15:12:10,11621,11621,11621,16
2019-12-05,15:12:10,11621,11621,11621,20
2019-12-05,15:12:11,11621,11621,11621,2
2019-12-05,15:12:13,11620,11620,11620,4
2019-12-05,15:12:13,11620,11620,11620,2
2019-12-05,15:12:13,11620,11620,11620,2
2019-12-05,15:12:14,11620,11620,11620,2
2019-12-05,15:12:14,11620,11620,11620,2
2019-12-05,15:12:14,11620,11620,11620,4
2019-12-05,15:12:15,11620,11620,11620,10
2019-12-05,15:12:15,11619,11619,11619,2
2019-12-05,15:12:19,11619,11619,11619,2
2019-12-05,15:12:19,11620,11620,11620,4
2019-12-05,15:12:21,11619,11619,11619,2
2019-12-05,15:12:21,11619,11619,11619,2
2019-12-05,15:12:21,11619,11619,11619,2
2019-12-05,15:12:22,11620,11620,11620,2
2019-12-05,15:12:25,11619,11619,11619,2
2019-12-05,15:12:26,11620,11620,11620,4
2019-12-05,15:12:28,11620,11620,11620,2
2019-12-05,15:12:29,11620,11620,11620,2
2019-12-05,15:12:29,11619,11619,11619,2
2019-12-05,15:12:30,11620,11620,11620,2
2019-12-05,15:12:32,11619,11619,11619,2
2019-12-05,15:12:32,11620,11620,11620,4
2019-12-05,15:12:33,11619,11619,11619,2
2019-12-05,15:12:34,11619,11619,11619,2
2019-12-05,15:12:37,11619,11619,11619,2
2019-12-05,15:12:38,11619,11619,11619,2
2019-12-05,15:12:39,11619,11619,11619,2
2019-12-05,15:12:39,11619,11619,11619,2
2019-12-05,15:12:39,11619,11619,11619,2
2019-12-05,15:12:39,11619,11619,11619,2
2019-12-05,15:12:39,11619,11619,11619,2
2019-12-05,15:12:39,11619,11619,11619,2
2019-12-05,15:12:39,11619,11619,11619,4
2019-12-05,15:12:39,11619,11619,11619,2
2019-12-05,15:12:39,11619,11619,11619,2
2019-12-05,15:12:39,11619,11619,11619,2
2019-12-05,15:12:39,11619,11619,11619,2
2019-12-05,15:12:39,11619,11619,11619,2
2019-12-05,15:12:39,11619,11619,11619,2
2019-12-05,15:12:39,11619,11619,11619,2
2019-12-05,15:12:39,11619,11619,11619,2
2019-12-05,15:12:39,11619,11619,11619,2
2019-12-05,15:12:39,11619,11619,11619,2
2019-12-05,15:12:39,11619,11619,11619,2
2019-12-05,15:12:39,11619,11619,11619,2
2019-12-05,15:12:39,11619,11619,11619,4
2019-12-05,15:12:39,11619,11619,11619,2
2019-12-05,15:12:39,11619,11619,11619,6
2019-12-05,15:12:41,11619,11619,11619,2
2019-12-05,15:12:42,11618,11618,11618,4
2019-12-05,15:12:42,11618,11618,11618,6
2019-12-05,15:12:42,11618,11618,11618,10
2019-12-05,15:12:42,11618,11618,11618,2
2019-12-05,15:12:42,11618,11618,11618,6
2019-12-05,15:12:42,11618,11618,11618,4
2019-12-05,15:12:42,11618,11618,11618,10
2019-12-05,15:12:42,11618,11618,11618,10
2019-12-05,15:12:42,11618,11618,11618,2
2019-12-05,15:12:42,11617,11617,11617,4
2019-12-05,15:12:43,11617,11617,11617,2
2019-12-05,15:12:43,11617,11617,11617,4
2019-12-05,15:12:43,11617,11617,11617,2
2019-12-05,15:12:43,11617,11617,11617,2
2019-12-05,15:12:44,11616,11616,11616,2
2019-12-05,15:12:45,11616,11616,11616,2
2019-12-05,15:12:45,11616,11616,11616,2
2019-12-05,15:12:49,11616,11616,11616,2
2019-12-05,15:12:51,11616,11616,11616,2
2019-12-05,15:12:57,11617,11617,11617,2
2019-12-05,15:13:02,11617,11617,11617,4
2019-12-05,15:13:02,11617,11617,11617,4
2019-12-05,15:13:03,11617,11617,11617,4
2019-12-05,15:13:03,11617,11617,11617,4
2019-12-05,15:13:04,11616,11616,11616,2
2019-12-05,15:13:06,11617,11617,11617,6
2019-12-05,15:13:07,11617,11617,11617,2
2019-12-05,15:13:08,11617,11617,11617,2
2019-12-05,15:13:11,11616,11616,11616,2
2019-12-05,15:13:11,11616,11616,11616,2
2019-12-05,15:13:11,11616,11616,11616,2
2019-12-05,15:13:14,11617,11617,11617,2
2019-12-05,15:13:15,11616,11616,11616,2
2019-12-05,15:13:15,11617,11617,11617,2
2019-12-05,15:13:20,11616,11616,11616,2
2019-12-05,15:13:23,11616,11616,11616,2
2019-12-05,15:13:24,11616,11616,11616,2
2019-12-05,15:13:24,11617,11617,11617,12
2019-12-05,15:13:27,11617,11617,11617,4
2019-12-05,15:13:27,11617,11617,11617,2
2019-12-05,15:13:30,11617,11617,11617,2
2019-12-05,15:13:30,11617,11617,11617,2
2019-12-05,15:13:32,11617,11617,11617,2
2019-12-05,15:13:33,11616,11616,11616,2
2019-12-05,15:13:33,11616,11616,11616,2
2019-12-05,15:13:34,11617,11617,11617,2
2019-12-05,15:13:35,11617,11617,11617,10
2019-12-05,15:13:39,11616,11616,11616,2
2019-12-05,15:13:47,11617,11617,11617,18
2019-12-05,15:13:49,11617,11617,11617,2
2019-12-05,15:13:50,11617,11617,11617,2
2019-12-05,15:13:54,11617,11617,11617,2
2019-12-05,15:13:54,11617,11617,11617,2
2019-12-05,15:14:02,11617,11617,11617,2
2019-12-05,15:14:03,11617,11617,11617,2
2019-12-05,15:14:03,11618,11618,11618,2
2019-12-05,15:14:03,11617,11617,11617,2
2019-12-05,15:14:07,11617,11617,11617,14
2019-12-05,15:14:07,11617,11617,11617,2
2019-12-05,15:14:07,11617,11617,11617,2
2019-12-05,15:14:07,11617,11617,11617,2
2019-12-05,15:14:13,11617,11617,11617,2
2019-12-05,15:14:17,11618,11618,11618,2
2019-12-05,15:14:18,11617,11617,11617,2
2019-12-05,15:14:23,11617,11617,11617,2
2019-12-05,15:14:23,11617,11617,11617,6
2019-12-05,15:14:25,11617,11617,11617,2
2019-12-05,15:14:27,11617,11617,11617,2
2019-12-05,15:14:27,11617,11617,11617,4
2019-12-05,15:14:27,11617,11617,11617,2
2019-12-05,15:14:27,11617,11617,11617,4
2019-12-05,15:14:27,11617,11617,11617,4
2019-12-05,15:14:29,11617,11617,11617,2
2019-12-05,15:14:29,11617,11617,11617,2
2019-12-05,15:14:40,11617,11617,11617,2
2019-12-05,15:14:49,11618,11618,11618,2
2019-12-05,15:14:51,11617,11617,11617,2
2019-12-05,15:14:59,11617,11617,11617,2
2019-12-05,15:15:00,11617,11617,11617,2
2019-12-05,15:15:03,11617,11617,11617,14
2019-12-05,15:15:03,11617,11617,11617,2
2019-12-05,15:15:03,11617,11617,11617,2
2019-12-05,15:15:03,11617,11617,11617,2
2019-12-05,15:15:03,11617,11617,11617,4
2019-12-05,15:15:03,11617,11617,11617,2
2019-12-05,15:15:03,11617,11617,11617,4
2019-12-05,15:15:03,11617,11617,11617,2
2019-12-05,15:15:03,11617,11617,11617,2
2019-12-05,15:15:04,11617,11617,11617,2
2019-12-05,15:15:04,11616,11616,11616,2
2019-12-05,15:15:04,11616,11616,11616,2
2019-12-05,15:15:04,11616,11616,11616,2
2019-12-05,15:15:04,11616,11616,11616,2
2019-12-05,15:15:04,11616,11616,11616,2
2019-12-05,15:15:04,11617,11617,11617,2
2019-12-05,15:15:06,11617,11617,11617,2
2019-12-05,15:15:08,11617,11617,11617,2
2019-12-05,15:15:10,11617,11617,11617,2
2019-12-05,15:15:11,11617,11617,11617,2
2019-12-05,15:15:12,11617,11617,11617,2
2019-12-05,15:15:14,11617,11617,11617,6
2019-12-05,15:15:14,11618,11618,11618,2
2019-12-05,15:15:15,11617,11617,11617,4
2019-12-05,15:15:16,11618,11618,11618,2
2019-12-05,15:15:20,11617,11617,11617,6
2019-12-05,15:15:20,11617,11617,11617,2
2019-12-05,15:15:20,11617,11617,11617,2
2019-12-05,15:15:21,11616,11616,11616,2
2019-12-05,15:15:26,11616,11616,11616,4
2019-12-05,15:15:26,11616,11616,11616,2
2019-12-05,15:15:26,11616,11616,11616,4
2019-12-05,15:15:26,11616,11616,11616,10
2019-12-05,15:15:26,11616,11616,11616,10
2019-12-05,15:15:35,11617,11617,11617,8
2019-12-05,15:15:35,11617,11617,11617,16
2019-12-05,15:15:35,11617,11617,11617,8
2019-12-05,15:15:35,11617,11617,11617,12
2019-12-05,15:15:35,11618,11618,11618,2
2019-12-05,15:15:38,11617,11617,11617,2
2019-12-05,15:15:39,11618,11618,11618,26
2019-12-05,15:15:41,11619,11619,11619,50
2019-12-05,15:15:41,11620,11620,11620,2
2019-12-05,15:15:45,11619,11619,11619,2
2019-12-05,15:15:45,11620,11620,11620,2
2019-12-05,15:15:45,11620,11620,11620,2
2019-12-05,15:15:46,11619,11619,11619,2
2019-12-05,15:15:47,11619,11619,11619,6
2019-12-05,15:15:51,11620,11620,11620,20
2019-12-05,15:15:51,11620,11620,11620,20
2019-12-05,15:15:52,11620,11620,11620,10
2019-12-05,15:15:53,11620,11620,11620,2
2019-12-05,15:15:54,11620,11620,11620,6
2019-12-05,15:15:55,11620,11620,11620,2
2019-12-05,15:15:57,11620,11620,11620,2
2019-12-05,15:16:00,11620,11620,11620,2
2019-12-05,15:16:01,11620,11620,11620,10
2019-12-05,15:16:01,11620,11620,11620,2
2019-12-05,15:16:04,11619,11619,11619,2
2019-12-05,15:16:06,11620,11620,11620,2
2019-12-05,15:16:06,11619,11619,11619,2
2019-12-05,15:16:07,11620,11620,11620,2
2019-12-05,15:16:09,11619,11619,11619,10
2019-12-05,15:16:09,11619,11619,11619,20
2019-12-05,15:16:09,11619,11619,11619,2
2019-12-05,15:16:09,11619,11619,11619,2
2019-12-05,15:16:09,11619,11619,11619,2
2019-12-05,15:16:09,11619,11619,11619,6
2019-12-05,15:16:09,11619,11619,11619,2
2019-12-05,15:16:09,11619,11619,11619,2
2019-12-05,15:16:09,11619,11619,11619,2
2019-12-05,15:16:09,11619,11619,11619,2
2019-12-05,15:16:10,11619,11619,11619,2
2019-12-05,15:16:11,11619,11619,11619,4
2019-12-05,15:16:11,11619,11619,11619,4
2019-12-05,15:16:13,11618,11618,11618,6
2019-12-05,15:16:14,11618,11618,11618,2
2019-12-05,15:16:14,11618,11618,11618,2
2019-12-05,15:16:15,11618,11618,11618,2
2019-12-05,15:16:16,11618,11618,11618,4
2019-12-05,15:16:16,11618,11618,11618,4
2019-12-05,15:16:16,11618,11618,11618,4
2019-12-05,15:16:16,11618,11618,11618,6
2019-12-05,15:16:21,11618,11618,11618,20
2019-12-05,15:16:21,11618,11618,11618,10
2019-12-05,15:16:22,11618,11618,11618,6
2019-12-05,15:16:22,11619,11619,11619,2
2019-12-05,15:16:24,11618,11618,11618,2
2019-12-05,15:16:29,11618,11618,11618,2
2019-12-05,15:16:29,11618,11618,11618,2
2019-12-05,15:16:31,11618,11618,11618,8
2019-12-05,15:16:31,11618,11618,11618,10
2019-12-05,15:16:31,11618,11618,11618,4
2019-12-05,15:16:36,11618,11618,11618,2
2019-12-05,15:16:46,11617,11617,11617,2
2019-12-05,15:16:51,11617,11617,11617,2
2019-12-05,15:16:51,11617,11617,11617,2
2019-12-05,15:16:51,11617,11617,11617,2
2019-12-05,15:16:51,11617,11617,11617,2
2019-12-05,15:16:51,11617,11617,11617,2
2019-12-05,15:16:51,11617,11617,11617,2
2019-12-05,15:16:51,11617,11617,11617,2
2019-12-05,15:16:51,11617,11617,11617,2
2019-12-05,15:16:51,11617,11617,11617,2
2019-12-05,15:16:54,11616,11616,11616,2
2019-12-05,15:16:54,11616,11616,11616,8
2019-12-05,15:16:54,11616,11616,11616,2
2019-12-05,15:16:54,11616,11616,11616,2
2019-12-05,15:16:54,11616,11616,11616,4
2019-12-05,15:16:54,11616,11616,11616,2
2019-12-05,15:16:54,11616,11616,11616,2
2019-12-05,15:16:54,11616,11616,11616,4
2019-12-05,15:16:54,11616,11616,11616,4
2019-12-05,15:16:54,11616,11616,11616,2
2019-12-05,15:16:54,11616,11616,11616,4
2019-12-05,15:16:54,11616,11616,11616,2
2019-12-05,15:16:54,11616,11616,11616,2
2019-12-05,15:16:54,11616,11616,11616,2
2019-12-05,15:16:54,11616,11616,11616,2
2019-12-05,15:16:54,11616,11616,11616,2
2019-12-05,15:16:54,11616,11616,11616,4
2019-12-05,15:16:54,11616,11616,11616,2
2019-12-05,15:16:54,11616,11616,11616,2
2019-12-05,15:16:54,11616,11616,11616,2
2019-12-05,15:16:56,11616,11616,11616,2
2019-12-05,15:16:56,11616,11616,11616,2
2019-12-05,15:16:58,11615,11615,11615,2
2019-12-05,15:16:58,11615,11615,11615,2
2019-12-05,15:16:58,11615,11615,11615,4
2019-12-05,15:17:03,11616,11616,11616,2
2019-12-05,15:17:04,11615,11615,11615,2
2019-12-05,15:17:07,11615,11615,11615,2
2019-12-05,15:17:09,11615,11615,11615,2
2019-12-05,15:17:09,11615,11615,11615,6
2019-12-05,15:17:09,11615,11615,11615,4
2019-12-05,15:17:09,11615,11615,11615,4
2019-12-05,15:17:09,11615,11615,11615,4
2019-12-05,15:17:10,11615,11615,11615,2
2019-12-05,15:17:11,11615,11615,11615,2
2019-12-05,15:17:13,11616,11616,11616,2
2019-12-05,15:17:19,11616,11616,11616,2
2019-12-05,15:17:19,11616,11616,11616,2
2019-12-05,15:17:22,11616,11616,11616,10
2019-12-05,15:17:23,11616,11616,11616,2
2019-12-05,15:17:23,11617,11617,11617,62
2019-12-05,15:17:23,11617,11617,11617,6
2019-12-05,15:17:32,11617,11617,11617,4
2019-12-05,15:17:34,11617,11617,11617,2
2019-12-05,15:17:36,11617,11617,11617,2
2019-12-05,15:17:40,11617,11617,11617,2
2019-12-05,15:17:50,11617,11617,11617,2
2019-12-05,15:17:54,11617,11617,11617,2
2019-12-05,15:17:55,11617,11617,11617,2
2019-12-05,15:17:56,11617,11617,11617,4
2019-12-05,15:17:57,11617,11617,11617,2
2019-12-05,15:17:58,11617,11617,11617,2
2019-12-05,15:18:01,11617,11617,11617,2
2019-12-05,15:18:01,11617,11617,11617,2
2019-12-05,15:18:01,11617,11617,11617,4
2019-12-05,15:18:02,11616,11616,11616,2
2019-12-05,15:18:14,11617,11617,11617,2
2019-12-05,15:18:22,11616,11616,11616,2
2019-12-05,15:18:22,11616,11616,11616,6
2019-12-05,15:18:22,11616,11616,11616,6
2019-12-05,15:18:30,11617,11617,11617,4
2019-12-05,15:18:38,11616,11616,11616,2
2019-12-05,15:18:47,11616,11616,11616,2
2019-12-05,15:18:47,11616,11616,11616,2
2019-12-05,15:18:47,11617,11617,11617,6
2019-12-05,15:18:48,11617,11617,11617,28
2019-12-05,15:18:50,11617,11617,11617,2
2019-12-05,15:19:00,11618,11618,11618,4
2019-12-05,15:19:00,11618,11618,11618,22
2019-12-05,15:19:01,11618,11618,11618,2
2019-12-05,15:19:02,11619,11619,11619,2
2019-12-05,15:19:05,11618,11618,11618,2
2019-12-05,15:19:07,11619,11619,11619,24
2019-12-05,15:19:08,11619,11619,11619,2
2019-12-05,15:19:11,11619,11619,11619,2
2019-12-05,15:19:22,11620,11620,11620,2
2019-12-05,15:19:25,11619,11619,11619,2
2019-12-05,15:19:25,11620,11620,11620,2
2019-12-05,15:19:30,11619,11619,11619,2
2019-12-05,15:19:30,11620,11620,11620,6
2019-12-05,15:19:34,11619,11619,11619,8
2019-12-05,15:19:34,11619,11619,11619,24
2019-12-05,15:19:34,11619,11619,11619,2
2019-12-05,15:19:34,11619,11619,11619,6
2019-12-05,15:19:36,11619,11619,11619,2
2019-12-05,15:19:42,11618,11618,11618,2
2019-12-05,15:19:42,11618,11618,11618,2
2019-12-05,15:19:48,11618,11618,11618,2
2019-12-05,15:19:52,11618,11618,11618,2
2019-12-05,15:20:29,11618,11618,11618,2
2019-12-05,15:20:31,11618,11618,11618,2
2019-12-05,15:20:32,11618,11618,11618,2
2019-12-05,15:20:32,11618,11618,11618,2
2019-12-05,15:20:32,11618,11618,11618,4
2019-12-05,15:20:32,11618,11618,11618,2
2019-12-05,15:20:32,11618,11618,11618,4
2019-12-05,15:20:32,11618,11618,11618,2
2019-12-05,15:20:32,11618,11618,11618,2
2019-12-05,15:20:32,11618,11618,11618,2
2019-12-05,15:20:46,11618,11618,11618,4
2019-12-05,15:20:55,11618,11618,11618,2
2019-12-05,15:20:58,11618,11618,11618,2
2019-12-05,15:21:04,11618,11618,11618,2
2019-12-05,15:21:14,11617,11617,11617,4
2019-12-05,15:21:18,11617,11617,11617,10
2019-12-05,15:21:26,11617,11617,11617,2
2019-12-05,15:21:29,11617,11617,11617,4
2019-12-05,15:21:29,11617,11617,11617,2
2019-12-05,15:21:33,11618,11618,11618,14
2019-12-05,15:21:33,11618,11618,11618,12
2019-12-05,15:21:33,11618,11618,11618,4
2019-12-05,15:21:33,11618,11618,11618,6
2019-12-05,15:21:33,11618,11618,11618,8
2019-12-05,15:21:33,11618,11618,11618,4
2019-12-05,15:21:33,11618,11618,11618,2
2019-12-05,15:21:34,11618,11618,11618,2
2019-12-05,15:21:37,11618,11618,11618,2
2019-12-05,15:21:50,11618,11618,11618,8
2019-12-05,15:21:51,11618,11618,11618,2
2019-12-05,15:21:54,11618,11618,11618,2
2019-12-05,15:22:04,11618,11618,11618,4
2019-12-05,15:22:06,11618,11618,11618,4
2019-12-05,15:22:07,11618,11618,11618,4
2019-12-05,15:22:11,11618,11618,11618,2
2019-12-05,15:22:15,11618,11618,11618,2
2019-12-05,15:22:23,11617,11617,11617,2
2019-12-05,15:22:24,11617,11617,11617,2
2019-12-05,15:22:37,11618,11618,11618,2
2019-12-05,15:22:39,11617,11617,11617,2
2019-12-05,15:22:43,11618,11618,11618,2
2019-12-05,15:22:43,11618,11618,11618,4
2019-12-05,15:22:46,11618,11618,11618,2
2019-12-05,15:22:52,11618,11618,11618,2
2019-12-05,15:22:57,11618,11618,11618,2
2019-12-05,15:22:57,11618,11618,11618,2
2019-12-05,15:23:08,11617,11617,11617,42
2019-12-05,15:23:08,11617,11617,11617,6
2019-12-05,15:23:08,11617,11617,11617,6
2019-12-05,15:23:08,11617,11617,11617,2
2019-12-05,15:23:08,11617,11617,11617,2
2019-12-05,15:23:08,11617,11617,11617,4
2019-12-05,15:23:08,11617,11617,11617,2
2019-12-05,15:23:08,11617,11617,11617,2
2019-12-05,15:23:08,11617,11617,11617,20
2019-12-05,15:23:08,11617,11617,11617,6
2019-12-05,15:23:08,11617,11617,11617,14
2019-12-05,15:23:08,11617,11617,11617,20
2019-12-05,15:23:08,11617,11617,11617,2
2019-12-05,15:23:08,11617,11617,11617,2
2019-12-05,15:23:08,11617,11617,11617,2
2019-12-05,15:23:08,11617,11617,11617,6
2019-12-05,15:23:08,11617,11617,11617,2
2019-12-05,15:23:08,11617,11617,11617,2
2019-12-05,15:23:08,11617,11617,11617,4
2019-12-05,15:23:11,11617,11617,11617,20
2019-12-05,15:23:11,11617,11617,11617,8
2019-12-05,15:23:12,11617,11617,11617,4
2019-12-05,15:23:12,11617,11617,11617,2
2019-12-05,15:23:14,11617,11617,11617,4
2019-12-05,15:23:45,11617,11617,11617,2
2019-12-05,15:24:02,11617,11617,11617,2
2019-12-05,15:24:03,11618,11618,11618,2
2019-12-05,15:24:19,11618,11618,11618,2
2019-12-05,15:24:21,11618,11618,11618,2
2019-12-05,15:24:21,11618,11618,11618,10
2019-12-05,15:24:21,11618,11618,11618,24
2019-12-05,15:24:21,11618,11618,11618,8
2019-12-05,15:24:21,11618,11618,11618,26
2019-12-05,15:24:25,11618,11618,11618,2
2019-12-05,15:24:28,11619,11619,11619,2
2019-12-05,15:24:28,11618,11618,11618,2
2019-12-05,15:24:28,11618,11618,11618,4
2019-12-05,15:24:36,11619,11619,11619,8
2019-12-05,15:24:43,11618,11618,11618,2
2019-12-05,15:24:45,11617,11617,11617,2
2019-12-05,15:24:51,11618,11618,11618,2
2019-12-05,15:24:57,11618,11618,11618,2
2019-12-05,15:24:59,11618,11618,11618,2
2019-12-05,15:25:01,11618,11618,11618,2
2019-12-05,15:25:33,11618,11618,11618,2
2019-12-05,15:25:41,11618,11618,11618,2
2019-12-05,15:25:47,11619,11619,11619,4
2019-12-05,15:25:50,11618,11618,11618,2
2019-12-05,15:25:58,11618,11618,11618,2
2019-12-05,15:26:00,11618,11618,11618,2
2019-12-05,15:26:01,11618,11618,11618,2
2019-12-05,15:26:13,11618,11618,11618,8
2019-12-05,15:26:14,11619,11619,11619,2
2019-12-05,15:26:18,11619,11619,11619,2
2019-12-05,15:26:26,11618,11618,11618,2
2019-12-05,15:26:42,11618,11618,11618,2
2019-12-05,15:26:50,11618,11618,11618,2
2019-12-05,15:26:54,11618,11618,11618,2
2019-12-05,15:26:57,11618,11618,11618,2
2019-12-05,15:27:04,11618,11618,11618,2
2019-12-05,15:27:04,11618,11618,11618,2
2019-12-05,15:27:06,11618,11618,11618,2
2019-12-05,15:27:06,11618,11618,11618,2
2019-12-05,15:27:06,11618,11618,11618,2
2019-12-05,15:27:08,11618,11618,11618,2
2019-12-05,15:27:08,11619,11619,11619,16
2019-12-05,15:27:08,11618,11618,11618,2
2019-12-05,15:27:08,11618,11618,11618,4
2019-12-05,15:27:09,11618,11618,11618,2
2019-12-05,15:27:09,11618,11618,11618,2
2019-12-05,15:27:11,11618,11618,11618,2
2019-12-05,15:27:11,11618,11618,11618,2
2019-12-05,15:27:11,11618,11618,11618,2
2019-12-05,15:27:13,11619,11619,11619,2
2019-12-05,15:27:14,11618,11618,11618,2
2019-12-05,15:27:14,11618,11618,11618,2
2019-12-05,15:27:14,11618,11618,11618,2
2019-12-05,15:27:16,11618,11618,11618,2
2019-12-05,15:27:43,11618,11618,11618,2
2019-12-05,15:27:52,11617,11617,11617,2
2019-12-05,15:27:56,11617,11617,11617,2
2019-12-05,15:27:59,11618,11618,11618,20
2019-12-05,15:28:03,11617,11617,11617,8
2019-12-05,15:28:10,11618,11618,11618,2
2019-12-05,15:28:10,11618,11618,11618,2
2019-12-05,15:28:10,11618,11618,11618,4
2019-12-05,15:28:20,11618,11618,11618,4
2019-12-05,15:28:24,11618,11618,11618,2
2019-12-05,15:28:29,11618,11618,11618,2
2019-12-05,15:28:40,11617,11617,11617,2
2019-12-05,15:29:00,11618,11618,11618,10
2019-12-05,15:29:07,11618,11618,11618,2
2019-12-05,15:29:14,11618,11618,11618,2
2019-12-05,15:29:14,11618,11618,11618,2
2019-12-05,15:29:20,11618,11618,11618,2
2019-12-05,15:29:24,11618,11618,11618,4
2019-12-05,15:29:31,11618,11618,11618,2
2019-12-05,15:29:45,11617,11617,11617,2
2019-12-05,15:29:45,11617,11617,11617,16
2019-12-05,15:30:01,11618,11618,11618,4
2019-12-05,15:30:01,11619,11619,11619,2
2019-12-05,15:30:01,11619,11619,11619,2
2019-12-05,15:30:01,11619,11619,11619,2
2019-12-05,15:30:01,11619,11619,11619,6
2019-12-05,15:30:01,11618,11618,11618,2
2019-12-05,15:30:02,11619,11619,11619,2
2019-12-05,15:30:02,11619,11619,11619,4
2019-12-05,15:30:02,11619,11619,11619,10
2019-12-05,15:30:07,11618,11618,11618,2
2019-12-05,15:30:07,11618,11618,11618,4
2019-12-05,15:30:08,11618,11618,11618,2
2019-12-05,15:30:14,11618,11618,11618,6
2019-12-05,15:30:41,11618,11618,11618,8
2019-12-05,15:30:41,11618,11618,11618,2
2019-12-05,15:30:44,11619,11619,11619,2
2019-12-05,15:31:03,11619,11619,11619,2
2019-12-05,15:31:04,11619,11619,11619,20
2019-12-05,15:31:07,11618,11618,11618,2
2019-12-05,15:31:07,11618,11618,11618,2
2019-12-05,15:31:18,11618,11618,11618,2
2019-12-05,15:31:18,11618,11618,11618,2
2019-12-05,15:31:18,11619,11619,11619,2
2019-12-05,15:31:25,11618,11618,11618,4
2019-12-05,15:31:44,11618,11618,11618,2
2019-12-05,15:31:48,11618,11618,11618,4
2019-12-05,15:31:48,11618,11618,11618,4
2019-12-05,15:31:48,11618,11618,11618,6
2019-12-05,15:31:48,11618,11618,11618,2
2019-12-05,15:31:48,11618,11618,11618,2
2019-12-05,15:31:48,11618,11618,11618,2
2019-12-05,15:31:49,11618,11618,11618,2
2019-12-05,15:32:18,11618,11618,11618,4
2019-12-05,15:32:31,11618,11618,11618,2
2019-12-05,15:32:55,11618,11618,11618,4
2019-12-05,15:32:59,11618,11618,11618,18
2019-12-05,15:32:59,11618,11618,11618,6
2019-12-05,15:32:59,11618,11618,11618,4
2019-12-05,15:33:39,11618,11618,11618,2
2019-12-05,15:33:40,11618,11618,11618,2
2019-12-05,15:34:08,11619,11619,11619,8
2019-12-05,15:34:17,11618,11618,11618,2
2019-12-05,15:34:38,11619,11619,11619,2
2019-12-05,15:34:48,11619,11619,11619,2
2019-12-05,15:35:06,11619,11619,11619,8
2019-12-05,15:35:13,11619,11619,11619,8
2019-12-05,15:35:18,11618,11618,11618,2
2019-12-05,15:35:27,11618,11618,11618,2
2019-12-05,15:35:29,11618,11618,11618,2
2019-12-05,15:35:33,11618,11618,11618,2
2019-12-05,15:35:51,11618,11618,11618,2
2019-12-05,15:35:52,11618,11618,11618,2
2019-12-05,15:35:54,11618,11618,11618,4
2019-12-05,15:35:57,11618,11618,11618,2
2019-12-05,15:35:58,11618,11618,11618,12
2019-12-05,15:35:58,11618,11618,11618,2
2019-12-05,15:35:58,11618,11618,11618,4
2019-12-05,15:35:58,11618,11618,11618,4
2019-12-05,15:35:58,11618,11618,11618,2
2019-12-05,15:35:58,11618,11618,11618,2
2019-12-05,15:35:58,11618,11618,11618,2
2019-12-05,15:35:58,11617,11617,11617,2
2019-12-05,15:36:02,11617,11617,11617,2
2019-12-05,15:36:03,11617,11617,11617,2
2019-12-05,15:36:03,11617,11617,11617,2
2019-12-05,15:36:08,11617,11617,11617,2
2019-12-05,15:36:15,11617,11617,11617,2
2019-12-05,15:36:15,11617,11617,11617,2
2019-12-05,15:36:21,11617,11617,11617,2
2019-12-05,15:36:22,11618,11618,11618,2
2019-12-05,15:36:22,11618,11618,11618,4
2019-12-05,15:36:29,11617,11617,11617,2
2019-12-05,15:36:53,11617,11617,11617,2
2019-12-05,15:36:56,11617,11617,11617,2
2019-12-05,15:37:02,11618,11618,11618,2
2019-12-05,15:37:02,11617,11617,11617,2
2019-12-05,15:37:05,11618,11618,11618,2
2019-12-05,15:37:05,11618,11618,11618,4
2019-12-05,15:37:05,11618,11618,11618,8
2019-12-05,15:37:05,11618,11618,11618,4
2019-12-05,15:37:05,11618,11618,11618,4
2019-12-05,15:37:05,11618,11618,11618,6
2019-12-05,15:37:05,11618,11618,11618,4
2019-12-05,15:37:06,11618,11618,11618,4
2019-12-05,15:37:07,11618,11618,11618,2
2019-12-05,15:37:09,11618,11618,11618,2
2019-12-05,15:37:13,11618,11618,11618,2
2019-12-05,15:38:03,11619,11619,11619,2
2019-12-05,15:38:08,11618,11618,11618,2
2019-12-05,15:38:20,11618,11618,11618,2
2019-12-05,15:38:20,11618,11618,11618,2
2019-12-05,15:38:20,11618,11618,11618,4
2019-12-05,15:38:20,11618,11618,11618,4
2019-12-05,15:38:22,11618,11618,11618,2
2019-12-05,15:38:23,11618,11618,11618,2
2019-12-05,15:38:23,11618,11618,11618,4
2019-12-05,15:38:23,11618,11618,11618,2
2019-12-05,15:38:27,11618,11618,11618,2
2019-12-05,15:38:42,11618,11618,11618,2
2019-12-05,15:38:42,11618,11618,11618,2
2019-12-05,15:38:42,11618,11618,11618,4
2019-12-05,15:38:43,11618,11618,11618,2
2019-12-05,15:38:43,11618,11618,11618,2
2019-12-05,15:38:43,11618,11618,11618,6
2019-12-05,15:38:59,11618,11618,11618,2
2019-12-05,15:39:02,11619,11619,11619,20
2019-12-05,15:39:17,11618,11618,11618,2
2019-12-05,15:39:22,11618,11618,11618,2
2019-12-05,15:39:22,11618,11618,11618,2
2019-12-05,15:39:25,11618,11618,11618,2
2019-12-05,15:39:25,11618,11618,11618,2
2019-12-05,15:39:39,11618,11618,11618,2
2019-12-05,15:40:57,11619,11619,11619,36
2019-12-05,15:40:57,11619,11619,11619,2
2019-12-05,15:40:57,11619,11619,11619,2
2019-12-05,15:40:58,11619,11619,11619,2
2019-12-05,15:40:58,11619,11619,11619,2
2019-12-05,15:41:22,11619,11619,11619,2
2019-12-05,15:41:23,11619,11619,11619,2
2019-12-05,15:41:42,11619,11619,11619,2
2019-12-05,15:41:52,11618,11618,11618,2
2019-12-05,15:42:20,11619,11619,11619,2
2019-12-05,15:42:21,11620,11620,11620,8
2019-12-05,15:42:59,11620,11620,11620,30
2019-12-05,15:43:07,11620,11620,11620,2
2019-12-05,15:43:12,11620,11620,11620,2
2019-12-05,15:43:14,11620,11620,11620,2
2019-12-05,15:43:16,11620,11620,11620,2
2019-12-05,15:43:20,11620,11620,11620,18
2019-12-05,15:43:22,11620,11620,11620,2
2019-12-05,15:43:23,11620,11620,11620,2
2019-12-05,15:43:26,11620,11620,11620,2
2019-12-05,15:43:28,11620,11620,11620,2
2019-12-05,15:43:28,11620,11620,11620,2
2019-12-05,15:43:30,11620,11620,11620,2
2019-12-05,15:43:33,11620,11620,11620,2
2019-12-05,15:43:36,11620,11620,11620,26
2019-12-05,15:43:36,11620,11620,11620,2
2019-12-05,15:44:06,11620,11620,11620,2
2019-12-05,15:44:11,11620,11620,11620,2
2019-12-05,15:44:11,11621,11621,11621,4
2019-12-05,15:44:11,11621,11621,11621,2
2019-12-05,15:44:11,11621,11621,11621,4
2019-12-05,15:44:11,11621,11621,11621,16
2019-12-05,15:44:11,11621,11621,11621,12
2019-12-05,15:44:11,11621,11621,11621,2
2019-12-05,15:44:12,11621,11621,11621,2
2019-12-05,15:44:12,11621,11621,11621,2
2019-12-05,15:44:12,11621,11621,11621,4
2019-12-05,15:44:14,11621,11621,11621,2
2019-12-05,15:44:15,11621,11621,11621,2
2019-12-05,15:44:20,11621,11621,11621,2
2019-12-05,15:44:22,11621,11621,11621,4
2019-12-05,15:44:28,11620,11620,11620,2
2019-12-05,15:44:30,11621,11621,11621,2
2019-12-05,15:44:33,11621,11621,11621,2
2019-12-05,15:44:34,11621,11621,11621,34
2019-12-05,15:44:34,11621,11621,11621,2
2019-12-05,15:44:37,11622,11622,11622,4
2019-12-05,15:44:38,11622,11622,11622,2
2019-12-05,15:44:38,11622,11622,11622,4
2019-12-05,15:44:38,11622,11622,11622,2
2019-12-05,15:44:38,11622,11622,11622,2
2019-12-05,15:44:38,11622,11622,11622,2
2019-12-05,15:44:38,11622,11622,11622,2
2019-12-05,15:44:38,11622,11622,11622,4
2019-12-05,15:44:43,11622,11622,11622,2
2019-12-05,15:44:44,11622,11622,11622,2
2019-12-05,15:44:44,11622,11622,11622,4
2019-12-05,15:44:48,11622,11622,11622,2
2019-12-05,15:44:50,11622,11622,11622,2
2019-12-05,15:44:53,11622,11622,11622,2
2019-12-05,15:44:55,11621,11621,11621,4
2019-12-05,15:44:55,11621,11621,11621,10
2019-12-05,15:44:55,11621,11621,11621,2
2019-12-05,15:44:55,11621,11621,11621,2
2019-12-05,15:44:55,11621,11621,11621,4
2019-12-05,15:44:55,11621,11621,11621,2
2019-12-05,15:44:55,11621,11621,11621,2
2019-12-05,15:44:55,11621,11621,11621,2
2019-12-05,15:44:56,11621,11621,11621,2
2019-12-05,15:45:00,11622,11622,11622,2
2019-12-05,15:45:00,11622,11622,11622,4
2019-12-05,15:45:00,11621,11621,11621,2
2019-12-05,15:45:01,11622,11622,11622,2
2019-12-05,15:45:04,11621,11621,11621,2
2019-12-05,15:45:07,11621,11621,11621,2
2019-12-05,15:45:07,11621,11621,11621,2
2019-12-05,15:45:09,11621,11621,11621,2
2019-12-05,15:45:11,11621,11621,11621,2
2019-12-05,15:45:18,11621,11621,11621,2
2019-12-05,15:45:21,11622,11622,11622,2
2019-12-05,15:45:29,11621,11621,11621,2
2019-12-05,15:45:36,11622,11622,11622,6
2019-12-05,15:45:41,11622,11622,11622,2
2019-12-05,15:45:47,11622,11622,11622,2
2019-12-05,15:45:50,11621,11621,11621,2
2019-12-05,15:45:56,11621,11621,11621,2
2019-12-05,15:45:56,11621,11621,11621,2
2019-12-05,15:45:56,11621,11621,11621,6
2019-12-05,15:46:20,11621,11621,11621,2
2019-12-05,15:46:28,11622,11622,11622,2
2019-12-05,15:46:36,11622,11622,11622,2
2019-12-05,15:46:36,11621,11621,11621,2
2019-12-05,15:46:41,11621,11621,11621,2
2019-12-05,15:46:41,11621,11621,11621,2
2019-12-05,15:46:43,11622,11622,11622,2
2019-12-05,15:46:43,11621,11621,11621,2
2019-12-05,15:46:44,11621,11621,11621,2
2019-12-05,15:46:45,11621,11621,11621,2
2019-12-05,15:46:45,11621,11621,11621,2
2019-12-05,15:46:45,11621,11621,11621,2
2019-12-05,15:46:45,11621,11621,11621,2
2019-12-05,15:46:45,11621,11621,11621,2
2019-12-05,15:46:45,11621,11621,11621,2
2019-12-05,15:46:46,11621,11621,11621,2
2019-12-05,15:46:47,11621,11621,11621,2
2019-12-05,15:46:48,11621,11621,11621,2
2019-12-05,15:46:52,11621,11621,11621,2
2019-12-05,15:46:52,11621,11621,11621,2
2019-12-05,15:46:52,11621,11621,11621,2
2019-12-05,15:46:55,11621,11621,11621,2
2019-12-05,15:46:58,11621,11621,11621,2
2019-12-05,15:47:08,11621,11621,11621,8
2019-12-05,15:47:08,11621,11621,11621,4
2019-12-05,15:47:08,11621,11621,11621,2
2019-12-05,15:47:08,11621,11621,11621,20
2019-12-05,15:47:08,11621,11621,11621,2
2019-12-05,15:47:14,11621,11621,11621,2
2019-12-05,15:47:20,11622,11622,11622,2
2019-12-05,15:47:21,11621,11621,11621,2
2019-12-05,15:47:21,11621,11621,11621,2
2019-12-05,15:47:21,11621,11621,11621,2
2019-12-05,15:47:24,11621,11621,11621,2
2019-12-05,15:47:32,11621,11621,11621,6
2019-12-05,15:47:32,11621,11621,11621,2
2019-12-05,15:47:33,11621,11621,11621,6
2019-12-05,15:47:33,11621,11621,11621,6
2019-12-05,15:47:33,11621,11621,11621,2
2019-12-05,15:47:33,11621,11621,11621,2
2019-12-05,15:47:33,11621,11621,11621,20
2019-12-05,15:47:33,11621,11621,11621,2
2019-12-05,15:47:33,11621,11621,11621,2
2019-12-05,15:47:33,11621,11621,11621,20
2019-12-05,15:47:33,11621,11621,11621,2
2019-12-05,15:47:36,11620,11620,11620,2
2019-12-05,15:47:38,11621,11621,11621,6
2019-12-05,15:47:40,11621,11621,11621,20
2019-12-05,15:47:40,11621,11621,11621,4
2019-12-05,15:47:40,11621,11621,11621,20
2019-12-05,15:47:42,11621,11621,11621,2
2019-12-05,15:47:51,11621,11621,11621,6
2019-12-05,15:47:59,11621,11621,11621,6
2019-12-05,15:48:01,11621,11621,11621,2
2019-12-05,15:48:15,11621,11621,11621,4
2019-12-05,15:48:15,11621,11621,11621,2
2019-12-05,15:48:15,11621,11621,11621,2
2019-12-05,15:48:15,11621,11621,11621,2
2019-12-05,15:48:15,11621,11621,11621,2
2019-12-05,15:48:15,11621,11621,11621,2
2019-12-05,15:48:15,11621,11621,11621,2
2019-12-05,15:48:15,11621,11621,11621,2
2019-12-05,15:48:15,11621,11621,11621,2
2019-12-05,15:48:18,11622,11622,11622,2
2019-12-05,15:48:19,11621,11621,11621,2
2019-12-05,15:48:22,11621,11621,11621,4
2019-12-05,15:48:24,11622,11622,11622,6
2019-12-05,15:48:31,11622,11622,11622,6
2019-12-05,15:48:31,11622,11622,11622,22
2019-12-05,15:48:31,11622,11622,11622,8
2019-12-05,15:48:31,11622,11622,11622,2
2019-12-05,15:48:34,11622,11622,11622,36
2019-12-05,15:48:36,11622,11622,11622,2
2019-12-05,15:48:43,11623,11623,11623,2
2019-12-05,15:48:44,11623,11623,11623,2
2019-12-05,15:48:44,11623,11623,11623,4
2019-12-05,15:48:44,11623,11623,11623,12
2019-12-05,15:48:50,11623,11623,11623,6
2019-12-05,15:48:53,11623,11623,11623,2
2019-12-05,15:48:57,11623,11623,11623,4
2019-12-05,15:48:58,11623,11623,11623,2
2019-12-05,15:48:59,11623,11623,11623,2
2019-12-05,15:49:00,11622,11622,11622,2
2019-12-05,15:49:01,11623,11623,11623,2
2019-12-05,15:49:02,11623,11623,11623,2
2019-12-05,15:49:02,11623,11623,11623,2
2019-12-05,15:49:04,11622,11622,11622,6
2019-12-05,15:49:06,11622,11622,11622,2
2019-12-05,15:49:06,11623,11623,11623,12
2019-12-05,15:49:06,11623,11623,11623,6
2019-12-05,15:49:09,11622,11622,11622,2
2019-12-05,15:49:10,11623,11623,11623,2
2019-12-05,15:49:16,11623,11623,11623,2
2019-12-05,15:49:16,11622,11622,11622,6
2019-12-05,15:49:19,11622,11622,11622,4
2019-12-05,15:49:19,11622,11622,11622,2
2019-12-05,15:49:25,11622,11622,11622,2
2019-12-05,15:49:25,11622,11622,11622,2
2019-12-05,15:49:25,11622,11622,11622,4
2019-12-05,15:49:32,11623,11623,11623,4
2019-12-05,15:49:32,11622,11622,11622,2
2019-12-05,15:49:32,11622,11622,11622,2
2019-12-05,15:49:35,11622,11622,11622,2
2019-12-05,15:49:41,11622,11622,11622,2
2019-12-05,15:49:42,11623,11623,11623,2
2019-12-05,15:49:44,11623,11623,11623,2
2019-12-05,15:49:46,11623,11623,11623,2
2019-12-05,15:49:47,11622,11622,11622,2
2019-12-05,15:49:47,11622,11622,11622,2
2019-12-05,15:49:47,11622,11622,11622,4
2019-12-05,15:49:53,11622,11622,11622,2
2019-12-05,15:49:53,11622,11622,11622,2
2019-12-05,15:49:53,11622,11622,11622,2
2019-12-05,15:50:10,11623,11623,11623,2
2019-12-05,15:50:11,11623,11623,11623,2
2019-12-05,15:50:14,11622,11622,11622,2
2019-12-05,15:50:14,11622,11622,11622,2
2019-12-05,15:50:14,11622,11622,11622,2
2019-12-05,15:50:14,11622,11622,11622,2
2019-12-05,15:50:14,11622,11622,11622,12
2019-12-05,15:50:25,11622,11622,11622,4
2019-12-05,15:50:26,11622,11622,11622,2
2019-12-05,15:50:26,11622,11622,11622,2
2019-12-05,15:50:29,11622,11622,11622,2
2019-12-05,15:50:30,11622,11622,11622,2
2019-12-05,15:50:33,11623,11623,11623,2
2019-12-05,15:50:35,11622,11622,11622,2
2019-12-05,15:50:41,11622,11622,11622,2
2019-12-05,15:50:47,11623,11623,11623,180
2019-12-05,15:50:47,11624,11624,11624,6
2019-12-05,15:50:47,11624,11624,11624,20
2019-12-05,15:50:47,11624,11624,11624,18
2019-12-05,15:50:48,11624,11624,11624,6
2019-12-05,15:50:48,11624,11624,11624,6
2019-12-05,15:50:48,11623,11623,11623,2
2019-12-05,15:50:48,11624,11624,11624,10
2019-12-05,15:50:48,11623,11623,11623,2
2019-12-05,15:50:48,11624,11624,11624,2
2019-12-05,15:50:48,11624,11624,11624,2
2019-12-05,15:50:49,11624,11624,11624,2
2019-12-05,15:50:49,11623,11623,11623,2
2019-12-05,15:50:55,11623,11623,11623,4
2019-12-05,15:50:55,11623,11623,11623,2
2019-12-05,15:50:56,11623,11623,11623,6
2019-12-05,15:50:59,11623,11623,11623,2
2019-12-05,15:50:59,11623,11623,11623,10
2019-12-05,15:50:59,11623,11623,11623,2
2019-12-05,15:50:59,11623,11623,11623,2
2019-12-05,15:50:59,11623,11623,11623,2
2019-12-05,15:50:59,11623,11623,11623,2
2019-12-05,15:50:59,11623,11623,11623,20
2019-12-05,15:50:59,11623,11623,11623,2
2019-12-05,15:50:59,11623,11623,11623,2
2019-12-05,15:50:59,11623,11623,11623,2
2019-12-05,15:50:59,11622,11622,11622,2
2019-12-05,15:50:59,11622,11622,11622,46
2019-12-05,15:50:59,11622,11622,11622,2
2019-12-05,15:50:59,11622,11622,11622,6
2019-12-05,15:50:59,11622,11622,11622,2
2019-12-05,15:50:59,11622,11622,11622,2
2019-12-05,15:50:59,11622,11622,11622,4
2019-12-05,15:50:59,11622,11622,11622,2
2019-12-05,15:50:59,11622,11622,11622,2
2019-12-05,15:50:59,11622,11622,11622,2
2019-12-05,15:50:59,11622,11622,11622,2
2019-12-05,15:50:59,11622,11622,11622,4
2019-12-05,15:50:59,11622,11622,11622,2
2019-12-05,15:50:59,11622,11622,11622,2
2019-12-05,15:50:59,11622,11622,11622,6
2019-12-05,15:50:59,11622,11622,11622,2
2019-12-05,15:50:59,11622,11622,11622,2
2019-12-05,15:50:59,11622,11622,11622,2
2019-12-05,15:50:59,11622,11622,11622,2
2019-12-05,15:50:59,11622,11622,11622,2
2019-12-05,15:50:59,11622,11622,11622,6
2019-12-05,15:50:59,11622,11622,11622,2
2019-12-05,15:50:59,11622,11622,11622,2
2019-12-05,15:50:59,11622,11622,11622,2
2019-12-05,15:50:59,11622,11622,11622,2
2019-12-05,15:50:59,11622,11622,11622,2
2019-12-05,15:50:59,11622,11622,11622,24
2019-12-05,15:50:59,11622,11622,11622,4
2019-12-05,15:50:59,11622,11622,11622,2
2019-12-05,15:50:59,11622,11622,11622,2
2019-12-05,15:50:59,11622,11622,11622,2
2019-12-05,15:50:59,11622,11622,11622,8
2019-12-05,15:50:59,11622,11622,11622,2
2019-12-05,15:50:59,11622,11622,11622,6
2019-12-05,15:51:00,11622,11622,11622,2
2019-12-05,15:51:00,11622,11622,11622,8
2019-12-05,15:51:00,11622,11622,11622,2
2019-12-05,15:51:00,11622,11622,11622,2
2019-12-05,15:51:00,11622,11622,11622,2
2019-12-05,15:51:00,11622,11622,11622,2
2019-12-05,15:51:00,11623,11623,11623,2
2019-12-05,15:51:00,11623,11623,11623,4
2019-12-05,15:51:01,11623,11623,11623,2
2019-12-05,15:51:04,11623,11623,11623,6
2019-12-05,15:51:06,11623,11623,11623,2
2019-12-05,15:51:09,11623,11623,11623,36
2019-12-05,15:51:16,11623,11623,11623,4
2019-12-05,15:51:16,11623,11623,11623,6
2019-12-05,15:51:16,11622,11622,11622,2
2019-12-05,15:51:16,11622,11622,11622,2
2019-12-05,15:51:16,11622,11622,11622,2
2019-12-05,15:51:16,11622,11622,11622,2
2019-12-05,15:51:16,11622,11622,11622,10
2019-12-05,15:51:16,11622,11622,11622,4
2019-12-05,15:51:16,11622,11622,11622,2
2019-12-05,15:51:16,11622,11622,11622,4
2019-12-05,15:51:16,11622,11622,11622,2
2019-12-05,15:51:16,11622,11622,11622,4
2019-12-05,15:51:16,11622,11622,11622,2
2019-12-05,15:51:16,11622,11622,11622,6
2019-12-05,15:51:16,11622,11622,11622,2
2019-12-05,15:51:16,11622,11622,11622,2
2019-12-05,15:51:16,11622,11622,11622,8
2019-12-05,15:51:16,11622,11622,11622,2
2019-12-05,15:51:16,11622,11622,11622,4
2019-12-05,15:51:16,11622,11622,11622,2
2019-12-05,15:51:16,11622,11622,11622,10
2019-12-05,15:51:16,11622,11622,11622,10
2019-12-05,15:51:16,11622,11622,11622,2
2019-12-05,15:51:16,11622,11622,11622,10
2019-12-05,15:51:16,11622,11622,11622,10
2019-12-05,15:51:16,11622,11622,11622,2
2019-12-05,15:51:16,11622,11622,11622,2
2019-12-05,15:51:16,11622,11622,11622,10
2019-12-05,15:51:16,11622,11622,11622,2
2019-12-05,15:51:16,11622,11622,11622,10
2019-12-05,15:51:16,11622,11622,11622,30
2019-12-05,15:51:16,11622,11622,11622,4
2019-12-05,15:51:16,11622,11622,11622,2
2019-12-05,15:51:16,11622,11622,11622,4
2019-12-05,15:51:16,11622,11622,11622,2
2019-12-05,15:51:16,11621,11621,11621,2
2019-12-05,15:51:16,11621,11621,11621,2
2019-12-05,15:51:16,11621,11621,11621,4
2019-12-05,15:51:16,11621,11621,11621,2
2019-12-05,15:51:16,11622,11622,11622,2
2019-12-05,15:51:17,11621,11621,11621,8
2019-12-05,15:51:17,11621,11621,11621,2
2019-12-05,15:51:17,11621,11621,11621,8
2019-12-05,15:51:17,11621,11621,11621,2
2019-12-05,15:51:20,11622,11622,11622,2
2019-12-05,15:51:20,11622,11622,11622,6
2019-12-05,15:51:21,11621,11621,11621,2
2019-12-05,15:51:21,11621,11621,11621,2
2019-12-05,15:51:21,11621,11621,11621,2
2019-12-05,15:51:22,11621,11621,11621,2
2019-12-05,15:51:24,11622,11622,11622,6
2019-12-05,15:51:26,11622,11622,11622,2
2019-12-05,15:51:27,11621,11621,11621,2
2019-12-05,15:51:27,11621,11621,11621,2
2019-12-05,15:51:27,11621,11621,11621,2
2019-12-05,15:51:27,11621,11621,11621,2
2019-12-05,15:51:27,11620,11620,11620,2
2019-12-05,15:51:27,11620,11620,11620,20
2019-12-05,15:51:27,11620,11620,11620,2
2019-12-05,15:51:27,11620,11620,11620,2
2019-12-05,15:51:27,11620,11620,11620,6
2019-12-05,15:51:27,11620,11620,11620,2
2019-12-05,15:51:27,11620,11620,11620,10
2019-12-05,15:51:27,11620,11620,11620,2
2019-12-05,15:51:27,11620,11620,11620,2
2019-12-05,15:51:27,11620,11620,11620,4
2019-12-05,15:51:27,11620,11620,11620,2
2019-12-05,15:51:27,11620,11620,11620,2
2019-12-05,15:51:27,11620,11620,11620,10
2019-12-05,15:51:27,11620,11620,11620,4
2019-12-05,15:51:27,11620,11620,11620,4
2019-12-05,15:51:27,11620,11620,11620,4
2019-12-05,15:51:27,11620,11620,11620,4
2019-12-05,15:51:27,11620,11620,11620,2
2019-12-05,15:51:27,11620,11620,11620,2
2019-12-05,15:51:27,11620,11620,11620,2
2019-12-05,15:51:27,11620,11620,11620,2
2019-12-05,15:51:27,11620,11620,11620,2
2019-12-05,15:51:27,11620,11620,11620,2
2019-12-05,15:51:27,11620,11620,11620,10
2019-12-05,15:51:27,11620,11620,11620,10
2019-12-05,15:51:27,11620,11620,11620,10
2019-12-05,15:51:27,11620,11620,11620,10
2019-12-05,15:51:27,11620,11620,11620,2
2019-12-05,15:51:27,11620,11620,11620,8
2019-12-05,15:51:27,11620,11620,11620,2
2019-12-05,15:51:27,11620,11620,11620,2
2019-12-05,15:51:27,11619,11619,11619,2
2019-12-05,15:51:27,11619,11619,11619,4
2019-12-05,15:51:27,11619,11619,11619,4
2019-12-05,15:51:27,11619,11619,11619,2
2019-12-05,15:51:28,11620,11620,11620,2
2019-12-05,15:51:28,11619,11619,11619,4
2019-12-05,15:51:28,11619,11619,11619,6
2019-12-05,15:51:28,11619,11619,11619,2
2019-12-05,15:51:28,11619,11619,11619,2
2019-12-05,15:51:28,11619,11619,11619,2
2019-12-05,15:51:28,11619,11619,11619,2
2019-12-05,15:51:28,11619,11619,11619,2
2019-12-05,15:51:29,11620,11620,11620,4
2019-12-05,15:51:44,11619,11619,11619,2
2019-12-05,15:51:46,11619,11619,11619,2
2019-12-05,15:51:49,11619,11619,11619,4
2019-12-05,15:51:49,11619,11619,11619,2
2019-12-05,15:51:50,11619,11619,11619,2
2019-12-05,15:51:56,11619,11619,11619,2
2019-12-05,15:51:56,11619,11619,11619,2
2019-12-05,15:52:16,11619,11619,11619,2
2019-12-05,15:52:19,11619,11619,11619,2
2019-12-05,15:52:20,11619,11619,11619,2
2019-12-05,15:52:29,11619,11619,11619,2
2019-12-05,15:52:38,11619,11619,11619,4
2019-12-05,15:52:38,11619,11619,11619,2
2019-12-05,15:52:38,11619,11619,11619,2
2019-12-05,15:52:38,11619,11619,11619,2
2019-12-05,15:52:40,11619,11619,11619,2
2019-12-05,15:52:40,11619,11619,11619,2
2019-12-05,15:52:40,11619,11619,11619,4
2019-12-05,15:52:40,11619,11619,11619,4
2019-12-05,15:52:40,11619,11619,11619,2
2019-12-05,15:52:40,11619,11619,11619,2
2019-12-05,15:52:40,11619,11619,11619,2
2019-12-05,15:52:40,11619,11619,11619,2
2019-12-05,15:52:40,11619,11619,11619,2
2019-12-05,15:52:42,11618,11618,11618,2
2019-12-05,15:52:42,11618,11618,11618,2
2019-12-05,15:52:42,11618,11618,11618,2
2019-12-05,15:52:42,11618,11618,11618,2
2019-12-05,15:52:42,11618,11618,11618,4
2019-12-05,15:52:43,11618,11618,11618,2
2019-12-05,15:52:43,11618,11618,11618,2
2019-12-05,15:52:43,11618,11618,11618,2
2019-12-05,15:52:43,11618,11618,11618,2
2019-12-05,15:52:43,11618,11618,11618,2
2019-12-05,15:52:43,11618,11618,11618,2
2019-12-05,15:52:43,11618,11618,11618,2
2019-12-05,15:52:43,11618,11618,11618,2
2019-12-05,15:52:43,11618,11618,11618,2
2019-12-05,15:52:43,11618,11618,11618,2
2019-12-05,15:52:47,11618,11618,11618,2
2019-12-05,15:52:47,11618,11618,11618,2
2019-12-05,15:52:57,11619,11619,11619,2
2019-12-05,15:52:59,11619,11619,11619,2
2019-12-05,15:53:05,11619,11619,11619,2
2019-12-05,15:53:06,11619,11619,11619,2
2019-12-05,15:53:11,11618,11618,11618,2
2019-12-05,15:53:12,11618,11618,11618,2
2019-12-05,15:53:12,11618,11618,11618,2
2019-12-05,15:53:13,11618,11618,11618,4
2019-12-05,15:53:13,11618,11618,11618,2
2019-12-05,15:53:13,11618,11618,11618,18
2019-12-05,15:53:13,11618,11618,11618,2
2019-12-05,15:53:13,11618,11618,11618,6
2019-12-05,15:53:13,11618,11618,11618,2
2019-12-05,15:53:13,11618,11618,11618,2
2019-12-05,15:53:13,11618,11618,11618,12
2019-12-05,15:53:13,11618,11618,11618,2
2019-12-05,15:53:13,11618,11618,11618,6
2019-12-05,15:53:13,11618,11618,11618,2
2019-12-05,15:53:13,11618,11618,11618,2
2019-12-05,15:53:13,11618,11618,11618,2
2019-12-05,15:53:13,11618,11618,11618,6
2019-12-05,15:53:21,11617,11617,11617,2
2019-12-05,15:53:21,11617,11617,11617,2
2019-12-05,15:53:21,11617,11617,11617,2
2019-12-05,15:53:21,11617,11617,11617,2
2019-12-05,15:53:22,11617,11617,11617,2
2019-12-05,15:53:22,11617,11617,11617,4
2019-12-05,15:53:22,11617,11617,11617,2
2019-12-05,15:53:22,11617,11617,11617,2
2019-12-05,15:53:24,11617,11617,11617,2
2019-12-05,15:53:25,11617,11617,11617,2
2019-12-05,15:53:26,11617,11617,11617,2
2019-12-05,15:53:28,11617,11617,11617,2
2019-12-05,15:53:28,11617,11617,11617,2
2019-12-05,15:53:30,11617,11617,11617,2
2019-12-05,15:53:36,11617,11617,11617,2
2019-12-05,15:53:40,11617,11617,11617,2
2019-12-05,15:53:42,11617,11617,11617,4
2019-12-05,15:53:44,11617,11617,11617,2
2019-12-05,15:53:44,11617,11617,11617,2
2019-12-05,15:53:45,11617,11617,11617,2
2019-12-05,15:53:45,11617,11617,11617,2
2019-12-05,15:53:57,11617,11617,11617,2
2019-12-05,15:54:16,11618,11618,11618,52
2019-12-05,15:54:16,11617,11617,11617,2
2019-12-05,15:54:16,11617,11617,11617,2
2019-12-05,15:54:16,11617,11617,11617,2
2019-12-05,15:54:16,11617,11617,11617,2
2019-12-05,15:54:17,11618,11618,11618,2
2019-12-05,15:54:19,11618,11618,11618,6
2019-12-05,15:54:19,11618,11618,11618,8
2019-12-05,15:54:19,11618,11618,11618,6
2019-12-05,15:54:19,11618,11618,11618,4
2019-12-05,15:54:19,11618,11618,11618,2
2019-12-05,15:54:19,11618,11618,11618,8
2019-12-05,15:54:19,11618,11618,11618,4
2019-12-05,15:54:19,11618,11618,11618,2
2019-12-05,15:54:19,11618,11618,11618,2
2019-12-05,15:54:22,11618,11618,11618,2
2019-12-05,15:54:24,11617,11617,11617,2
2019-12-05,15:54:26,11618,11618,11618,2
2019-12-05,15:54:26,11618,11618,11618,2
2019-12-05,15:54:29,11618,11618,11618,2
2019-12-05,15:54:35,11618,11618,11618,2
2019-12-05,15:54:38,11618,11618,11618,2
2019-12-05,15:54:40,11618,11618,11618,2
2019-12-05,15:54:41,11617,11617,11617,2
2019-12-05,15:54:43,11618,11618,11618,2
2019-12-05,15:54:44,11618,11618,11618,2
2019-12-05,15:54:52,11618,11618,11618,2
2019-12-05,15:55:03,11617,11617,11617,2
2019-12-05,15:55:03,11617,11617,11617,2
2019-12-05,15:55:03,11617,11617,11617,2
2019-12-05,15:55:03,11617,11617,11617,2
2019-12-05,15:55:03,11617,11617,11617,4
2019-12-05,15:55:03,11617,11617,11617,2
2019-12-05,15:55:03,11617,11617,11617,6
2019-12-05,15:55:04,11617,11617,11617,2
2019-12-05,15:55:04,11617,11617,11617,2
2019-12-05,15:55:04,11617,11617,11617,4
2019-12-05,15:55:04,11617,11617,11617,2
2019-12-05,15:55:04,11617,11617,11617,4
2019-12-05,15:55:04,11617,11617,11617,2
2019-12-05,15:55:04,11617,11617,11617,2
2019-12-05,15:55:04,11617,11617,11617,2
2019-12-05,15:55:04,11617,11617,11617,2
2019-12-05,15:55:04,11617,11617,11617,2
2019-12-05,15:55:04,11617,11617,11617,2
2019-12-05,15:55:05,11616,11616,11616,2
2019-12-05,15:55:05,11616,11616,11616,2
2019-12-05,15:55:15,11617,11617,11617,16
2019-12-05,15:55:15,11617,11617,11617,8
2019-12-05,15:55:18,11616,11616,11616,2
2019-12-05,15:55:22,11617,11617,11617,2
2019-12-05,15:55:22,11617,11617,11617,6
2019-12-05,15:55:47,11617,11617,11617,2
2019-12-05,15:55:47,11617,11617,11617,4
2019-12-05,15:55:47,11617,11617,11617,2
2019-12-05,15:55:47,11618,11618,11618,4
2019-12-05,15:55:47,11618,11618,11618,2
2019-12-05,15:55:47,11618,11618,11618,4
2019-12-05,15:55:47,11618,11618,11618,4
2019-12-05,15:55:47,11618,11618,11618,18
2019-12-05,15:55:48,11617,11617,11617,2
2019-12-05,15:55:50,11618,11618,11618,2
2019-12-05,15:55:50,11618,11618,11618,2
2019-12-05,15:55:52,11618,11618,11618,2
2019-12-05,15:55:52,11618,11618,11618,2
2019-12-05,15:55:52,11618,11618,11618,2
2019-12-05,15:55:52,11618,11618,11618,2
2019-12-05,15:55:57,11619,11619,11619,40
2019-12-05,15:56:06,11619,11619,11619,2
2019-12-05,15:56:15,11618,11618,11618,2
2019-12-05,15:56:15,11618,11618,11618,2
2019-12-05,15:56:15,11618,11618,11618,2
2019-12-05,15:56:15,11618,11618,11618,2
2019-12-05,15:56:16,11618,11618,11618,2
2019-12-05,15:56:16,11618,11618,11618,2
2019-12-05,15:56:16,11618,11618,11618,2
2019-12-05,15:56:16,11618,11618,11618,4
2019-12-05,15:56:16,11618,11618,11618,2
2019-12-05,15:56:16,11618,11618,11618,2
2019-12-05,15:56:16,11618,11618,11618,2
2019-12-05,15:56:16,11618,11618,11618,2
2019-12-05,15:56:16,11617,11617,11617,2
2019-12-05,15:56:18,11618,11618,11618,2
2019-12-05,15:56:18,11617,11617,11617,2
2019-12-05,15:56:18,11617,11617,11617,2
2019-12-05,15:56:21,11617,11617,11617,2
2019-12-05,15:56:21,11617,11617,11617,2
2019-12-05,15:56:22,11618,11618,11618,20
2019-12-05,15:56:30,11618,11618,11618,2
2019-12-05,15:56:32,11618,11618,11618,2
2019-12-05,15:56:37,11618,11618,11618,2
2019-12-05,15:56:43,11618,11618,11618,4
2019-12-05,15:56:54,11618,11618,11618,2
2019-12-05,15:57:04,11617,11617,11617,2
2019-12-05,15:57:04,11617,11617,11617,2
2019-12-05,15:57:04,11617,11617,11617,2
2019-12-05,15:57:04,11617,11617,11617,2
2019-12-05,15:57:04,11618,11618,11618,2
2019-12-05,15:57:09,11618,11618,11618,2
2019-12-05,15:57:09,11618,11618,11618,2
2019-12-05,15:57:14,11619,11619,11619,36
2019-12-05,15:57:31,11619,11619,11619,2
2019-12-05,15:57:31,11619,11619,11619,2
2019-12-05,15:57:32,11619,11619,11619,2
2019-12-05,15:57:44,11618,11618,11618,2
2019-12-05,15:57:51,11618,11618,11618,2
2019-12-05,15:58:12,11618,11618,11618,2
2019-12-05,15:58:12,11618,11618,11618,2
2019-12-05,15:58:12,11618,11618,11618,2
2019-12-05,15:58:12,11618,11618,11618,2
2019-12-05,15:58:13,11619,11619,11619,16
2019-12-05,15:58:20,11618,11618,11618,2
2019-12-05,15:58:30,11619,11619,11619,8
2019-12-05,15:58:31,11618,11618,11618,2
2019-12-05,15:58:35,11619,11619,11619,2
2019-12-05,15:58:36,11620,11620,11620,2
2019-12-05,15:59:01,11620,11620,11620,6
2019-12-05,15:59:14,11619,11619,11619,2
2019-12-05,15:59:14,11619,11619,11619,2
2019-12-05,15:59:14,11619,11619,11619,2
2019-12-05,15:59:17,11620,11620,11620,4
2019-12-05,15:59:19,11620,11620,11620,4
2019-12-05,15:59:27,11620,11620,11620,20
2019-12-05,15:59:33,11620,11620,11620,2
2019-12-05,15:59:34,11619,11619,11619,2
2019-12-05,15:59:36,11620,11620,11620,10
2019-12-05,15:59:44,11620,11620,11620,4
2019-12-05,15:59:56,11620,11620,11620,2
2019-12-05,15:59:56,11619,11619,11619,2
2019-12-05,15:59:56,11619,11619,11619,6
2019-12-05,15:59:56,11619,11619,11619,2
2019-12-05,15:59:56,11619,11619,11619,2
2019-12-05,15:59:56,11619,11619,11619,2
2019-12-05,16:00:00,11619,11619,11619,4
2019-12-05,16:00:00,11619,11619,11619,4
2019-12-05,16:00:00,11619,11619,11619,2
2019-12-05,16:00:00,11619,11619,11619,2
2019-12-05,16:00:00,11619,11619,11619,4
2019-12-05,16:00:00,11619,11619,11619,6
2019-12-05,16:00:00,11619,11619,11619,2
2019-12-05,16:00:00,11619,11619,11619,22
2019-12-05,16:00:00,11619,11619,11619,6
2019-12-05,16:00:11,11618,11618,11618,2
2019-12-05,16:00:12,11619,11619,11619,2
2019-12-05,16:00:12,11619,11619,11619,10
2019-12-05,16:00:14,11618,11618,11618,2
2019-12-05,16:00:21,11618,11618,11618,4
2019-12-05,16:00:27,11618,11618,11618,2
2019-12-05,16:00:27,11618,11618,11618,2
2019-12-05,16:00:27,11618,11618,11618,2
2019-12-05,16:00:27,11618,11618,11618,2
2019-12-05,16:00:27,11618,11618,11618,2
2019-12-05,16:00:27,11618,11618,11618,2
2019-12-05,16:00:27,11618,11618,11618,10
2019-12-05,16:00:28,11618,11618,11618,8
2019-12-05,16:00:32,11618,11618,11618,2
2019-12-05,16:00:32,11618,11618,11618,6
2019-12-05,16:00:34,11618,11618,11618,6
2019-12-05,16:00:37,11618,11618,11618,4
2019-12-05,16:00:39,11617,11617,11617,2
2019-12-05,16:00:39,11617,11617,11617,2
2019-12-05,16:00:39,11617,11617,11617,4
2019-12-05,16:00:40,11617,11617,11617,2
2019-12-05,16:00:40,11617,11617,11617,2
2019-12-05,16:00:40,11617,11617,11617,2
2019-12-05,16:00:40,11617,11617,11617,2
2019-12-05,16:00:40,11617,11617,11617,2
2019-12-05,16:00:40,11617,11617,11617,2
2019-12-05,16:00:40,11617,11617,11617,2
2019-12-05,16:00:40,11617,11617,11617,2
2019-12-05,16:00:40,11617,11617,11617,2
2019-12-05,16:00:40,11617,11617,11617,2
2019-12-05,16:00:40,11617,11617,11617,2
2019-12-05,16:00:40,11617,11617,11617,2
2019-12-05,16:00:40,11617,11617,11617,6
2019-12-05,16:00:40,11617,11617,11617,4
2019-12-05,16:00:40,11617,11617,11617,2
2019-12-05,16:00:40,11617,11617,11617,8
2019-12-05,16:00:40,11617,11617,11617,20
2019-12-05,16:00:40,11617,11617,11617,2
2019-12-05,16:00:40,11617,11617,11617,2
2019-12-05,16:00:40,11617,11617,11617,2
2019-12-05,16:00:40,11617,11617,11617,2
2019-12-05,16:00:40,11617,11617,11617,2
2019-12-05,16:00:41,11617,11617,11617,2
2019-12-05,16:00:43,11616,11616,11616,2
2019-12-05,16:00:43,11616,11616,11616,2
2019-12-05,16:00:47,11616,11616,11616,2
2019-12-05,16:00:47,11616,11616,11616,10
2019-12-05,16:00:47,11616,11616,11616,2
2019-12-05,16:00:47,11616,11616,11616,6
2019-12-05,16:00:47,11616,11616,11616,2
2019-12-05,16:00:47,11616,11616,11616,2
2019-12-05,16:00:47,11616,11616,11616,10
2019-12-05,16:00:47,11616,11616,11616,2
2019-12-05,16:00:47,11616,11616,11616,2
2019-12-05,16:00:47,11616,11616,11616,2
2019-12-05,16:00:47,11616,11616,11616,2
2019-12-05,16:00:47,11616,11616,11616,2
2019-12-05,16:00:47,11616,11616,11616,4
2019-12-05,16:00:47,11616,11616,11616,2
2019-12-05,16:00:47,11616,11616,11616,10
2019-12-05,16:00:47,11616,11616,11616,4
2019-12-05,16:00:47,11616,11616,11616,6
2019-12-05,16:00:47,11616,11616,11616,2
2019-12-05,16:00:47,11616,11616,11616,4
2019-12-05,16:00:47,11616,11616,11616,2
2019-12-05,16:00:47,11616,11616,11616,2
2019-12-05,16:00:47,11617,11617,11617,6
2019-12-05,16:00:47,11616,11616,11616,6
2019-12-05,16:00:47,11616,11616,11616,2
2019-12-05,16:00:47,11616,11616,11616,2
2019-12-05,16:00:52,11616,11616,11616,2
2019-12-05,16:00:52,11616,11616,11616,2
2019-12-05,16:00:52,11616,11616,11616,4
2019-12-05,16:00:58,11616,11616,11616,2
2019-12-05,16:00:58,11616,11616,11616,2
2019-12-05,16:00:59,11616,11616,11616,2
2019-12-05,16:00:59,11616,11616,11616,2
2019-12-05,16:00:59,11616,11616,11616,2
2019-12-05,16:00:59,11616,11616,11616,4
2019-12-05,16:01:02,11617,11617,11617,2
2019-12-05,16:01:02,11617,11617,11617,12
2019-12-05,16:01:02,11617,11617,11617,4
2019-12-05,16:01:08,11617,11617,11617,2
2019-12-05,16:01:14,11617,11617,11617,2
2019-12-05,16:01:24,11617,11617,11617,2
2019-12-05,16:01:37,11617,11617,11617,2
2019-12-05,16:01:38,11617,11617,11617,2
2019-12-05,16:01:38,11617,11617,11617,2
2019-12-05,16:01:38,11617,11617,11617,2
2019-12-05,16:01:38,11617,11617,11617,2
2019-12-05,16:01:38,11617,11617,11617,2
2019-12-05,16:01:49,11616,11616,11616,2
2019-12-05,16:01:49,11616,11616,11616,2
2019-12-05,16:01:49,11616,11616,11616,2
2019-12-05,16:01:49,11616,11616,11616,2
2019-12-05,16:01:49,11616,11616,11616,4
2019-12-05,16:01:49,11616,11616,11616,8
2019-12-05,16:01:49,11616,11616,11616,2
2019-12-05,16:01:49,11616,11616,11616,10
2019-12-05,16:01:49,11616,11616,11616,2
2019-12-05,16:01:49,11616,11616,11616,2
2019-12-05,16:01:49,11616,11616,11616,4
2019-12-05,16:01:49,11616,11616,11616,2
2019-12-05,16:01:49,11616,11616,11616,2
2019-12-05,16:01:49,11616,11616,11616,2
2019-12-05,16:01:49,11616,11616,11616,4
2019-12-05,16:01:49,11616,11616,11616,4
2019-12-05,16:01:49,11616,11616,11616,4
2019-12-05,16:01:51,11615,11615,11615,2
2019-12-05,16:01:51,11615,11615,11615,2
2019-12-05,16:02:00,11615,11615,11615,2
2019-12-05,16:02:01,11616,11616,11616,8
2019-12-05,16:02:03,11615,11615,11615,2
2019-12-05,16:02:03,11615,11615,11615,2
2019-12-05,16:02:03,11615,11615,11615,2
2019-12-05,16:02:04,11615,11615,11615,2
2019-12-05,16:02:04,11616,11616,11616,2
2019-12-05,16:02:06,11615,11615,11615,8
2019-12-05,16:02:06,11615,11615,11615,2
2019-12-05,16:02:06,11615,11615,11615,2
2019-12-05,16:02:11,11615,11615,11615,10
2019-12-05,16:02:11,11615,11615,11615,2
2019-12-05,16:02:11,11615,11615,11615,2
2019-12-05,16:02:11,11615,11615,11615,2
2019-12-05,16:02:11,11615,11615,11615,2
2019-12-05,16:02:11,11615,11615,11615,2
2019-12-05,16:02:11,11615,11615,11615,6
2019-12-05,16:02:11,11615,11615,11615,2
2019-12-05,16:02:11,11615,11615,11615,2
2019-12-05,16:02:11,11615,11615,11615,6
2019-12-05,16:02:11,11615,11615,11615,2
2019-12-05,16:02:11,11615,11615,11615,2
2019-12-05,16:02:11,11615,11615,11615,2
2019-12-05,16:02:11,11615,11615,11615,2
2019-12-05,16:02:11,11615,11615,11615,2
2019-12-05,16:02:11,11615,11615,11615,2
2019-12-05,16:02:11,11615,11615,11615,2
2019-12-05,16:02:11,11615,11615,11615,2
2019-12-05,16:02:11,11615,11615,11615,2
2019-12-05,16:02:13,11614,11614,11614,2
2019-12-05,16:02:13,11614,11614,11614,2
2019-12-05,16:02:13,11614,11614,11614,2
2019-12-05,16:02:16,11614,11614,11614,2
2019-12-05,16:02:18,11614,11614,11614,2
2019-12-05,16:02:19,11614,11614,11614,2
2019-12-05,16:02:19,11614,11614,11614,2
2019-12-05,16:02:19,11614,11614,11614,2
2019-12-05,16:02:20,11614,11614,11614,2
2019-12-05,16:02:21,11614,11614,11614,4
2019-12-05,16:02:23,11614,11614,11614,2
2019-12-05,16:02:28,11614,11614,11614,2
2019-12-05,16:02:31,11615,11615,11615,2
2019-12-05,16:02:34,11614,11614,11614,2
2019-12-05,16:02:35,11615,11615,11615,2
2019-12-05,16:02:42,11614,11614,11614,2
2019-12-05,16:02:42,11615,11615,11615,2
2019-12-05,16:02:44,11614,11614,11614,2
2019-12-05,16:02:46,11615,11615,11615,2
2019-12-05,16:02:49,11615,11615,11615,2
2019-12-05,16:02:50,11614,11614,11614,2
2019-12-05,16:02:52,11615,11615,11615,2
2019-12-05,16:02:57,11614,11614,11614,6
2019-12-05,16:03:04,11614,11614,11614,2
2019-12-05,16:03:05,11614,11614,11614,10
2019-12-05,16:03:06,11614,11614,11614,2
2019-12-05,16:03:06,11614,11614,11614,2
2019-12-05,16:03:06,11614,11614,11614,2
2019-12-05,16:03:07,11614,11614,11614,2
2019-12-05,16:03:07,11614,11614,11614,4
2019-12-05,16:03:07,11614,11614,11614,2
2019-12-05,16:03:07,11614,11614,11614,14
2019-12-05,16:03:07,11614,11614,11614,2
2019-12-05,16:03:07,11614,11614,11614,2
2019-12-05,16:03:07,11614,11614,11614,2
2019-12-05,16:03:07,11614,11614,11614,6
2019-12-05,16:03:07,11613,11613,11613,2
2019-12-05,16:03:07,11613,11613,11613,2
2019-12-05,16:03:07,11613,11613,11613,2
2019-12-05,16:03:07,11613,11613,11613,2
2019-12-05,16:03:07,11613,11613,11613,2
2019-12-05,16:03:07,11613,11613,11613,2
2019-12-05,16:03:07,11613,11613,11613,2
2019-12-05,16:03:08,11614,11614,11614,8
2019-12-05,16:03:08,11614,11614,11614,2
2019-12-05,16:03:08,11614,11614,11614,4
2019-12-05,16:03:08,11614,11614,11614,4
2019-12-05,16:03:08,11614,11614,11614,2
2019-12-05,16:03:09,11614,11614,11614,2
2019-12-05,16:03:12,11614,11614,11614,2
2019-12-05,16:03:12,11614,11614,11614,2
2019-12-05,16:03:15,11615,11615,11615,2
2019-12-05,16:03:15,11614,11614,11614,2
2019-12-05,16:03:27,11614,11614,11614,2
2019-12-05,16:03:28,11614,11614,11614,2
2019-12-05,16:03:34,11615,11615,11615,20
2019-12-05,16:03:34,11615,11615,11615,22
2019-12-05,16:03:34,11615,11615,11615,4
2019-12-05,16:03:34,11615,11615,11615,4
2019-12-05,16:03:34,11614,11614,11614,2
2019-12-05,16:03:34,11615,11615,11615,2
2019-12-05,16:03:35,11615,11615,11615,4
2019-12-05,16:03:35,11615,11615,11615,2
2019-12-05,16:03:36,11615,11615,11615,4
2019-12-05,16:03:39,11616,11616,11616,18
2019-12-05,16:03:39,11616,11616,11616,14
2019-12-05,16:03:44,11617,11617,11617,2
2019-12-05,16:03:44,11618,11618,11618,2
2019-12-05,16:03:45,11617,11617,11617,2
2019-12-05,16:03:46,11617,11617,11617,2
2019-12-05,16:03:52,11617,11617,11617,2
2019-12-05,16:03:52,11617,11617,11617,2
2019-12-05,16:03:52,11618,11618,11618,2
2019-12-05,16:03:56,11616,11616,11616,2
2019-12-05,16:03:57,11617,11617,11617,2
2019-12-05,16:04:03,11617,11617,11617,2
2019-12-05,16:04:04,11617,11617,11617,2
2019-12-05,16:04:04,11617,11617,11617,2
2019-12-05,16:04:05,11617,11617,11617,2
2019-12-05,16:04:11,11617,11617,11617,2
2019-12-05,16:04:27,11616,11616,11616,2
2019-12-05,16:04:27,11616,11616,11616,2
2019-12-05,16:04:28,11616,11616,11616,2
2019-12-05,16:04:28,11616,11616,11616,2
2019-12-05,16:04:28,11616,11616,11616,2
2019-12-05,16:04:28,11616,11616,11616,2
2019-12-05,16:04:29,11616,11616,11616,2
2019-12-05,16:04:32,11615,11615,11615,2
2019-12-05,16:04:32,11615,11615,11615,2
2019-12-05,16:04:33,11615,11615,11615,2
2019-12-05,16:04:33,11615,11615,11615,2
2019-12-05,16:04:33,11615,11615,11615,2
2019-12-05,16:04:33,11615,11615,11615,2
2019-12-05,16:04:33,11615,11615,11615,2
2019-12-05,16:04:36,11615,11615,11615,2
2019-12-05,16:04:36,11615,11615,11615,2
2019-12-05,16:04:36,11615,11615,11615,2
2019-12-05,16:04:36,11615,11615,11615,2
2019-12-05,16:04:36,11614,11614,11614,4
2019-12-05,16:04:36,11614,11614,11614,2
2019-12-05,16:04:36,11614,11614,11614,2
2019-12-05,16:04:36,11614,11614,11614,2
2019-12-05,16:04:36,11614,11614,11614,2
2019-12-05,16:04:36,11614,11614,11614,2
2019-12-05,16:04:36,11614,11614,11614,2
2019-12-05,16:04:36,11614,11614,11614,2
2019-12-05,16:04:36,11614,11614,11614,6
2019-12-05,16:04:36,11614,11614,11614,4
2019-12-05,16:04:36,11614,11614,11614,4
2019-12-05,16:04:36,11615,11615,11615,2
2019-12-05,16:04:39,11615,11615,11615,2
2019-12-05,16:04:40,11615,11615,11615,2
2019-12-05,16:04:42,11615,11615,11615,2
2019-12-05,16:04:43,11615,11615,11615,2
2019-12-05,16:04:46,11614,11614,11614,2
2019-12-05,16:04:53,11614,11614,11614,8
2019-12-05,16:04:53,11614,11614,11614,2
2019-12-05,16:04:55,11614,11614,11614,2
2019-12-05,16:05:01,11614,11614,11614,2
2019-12-05,16:05:01,11614,11614,11614,4
2019-12-05,16:05:05,11614,11614,11614,2
2019-12-05,16:05:06,11615,11615,11615,8
2019-12-05,16:05:24,11616,11616,11616,6
2019-12-05,16:05:26,11615,11615,11615,2
2019-12-05,16:05:28,11616,11616,11616,4
2019-12-05,16:05:33,11616,11616,11616,2
2019-12-05,16:06:00,11616,11616,11616,2
2019-12-05,16:06:00,11617,11617,11617,8
2019-12-05,16:06:03,11616,11616,11616,2
2019-12-05,16:06:03,11616,11616,11616,2
2019-12-05,16:06:03,11616,11616,11616,2
2019-12-05,16:06:05,11616,11616,11616,10
2019-12-05,16:06:24,11616,11616,11616,2
2019-12-05,16:06:26,11616,11616,11616,2
2019-12-05,16:06:29,11616,11616,11616,4
2019-12-05,16:06:37,11616,11616,11616,2
2019-12-05,16:06:38,11616,11616,11616,2
2019-12-05,16:06:54,11616,11616,11616,4
2019-12-05,16:07:22,11616,11616,11616,2
2019-12-05,16:07:28,11615,11615,11615,22
2019-12-05,16:07:28,11615,11615,11615,2
2019-12-05,16:07:28,11615,11615,11615,2
2019-12-05,16:07:28,11615,11615,11615,2
2019-12-05,16:07:28,11615,11615,11615,2
2019-12-05,16:07:28,11615,11615,11615,2
2019-12-05,16:07:28,11615,11615,11615,2
2019-12-05,16:07:28,11615,11615,11615,2
2019-12-05,16:07:40,11615,11615,11615,16
2019-12-05,16:07:41,11615,11615,11615,4
2019-12-05,16:07:52,11615,11615,11615,2
2019-12-05,16:07:54,11615,11615,11615,2
2019-12-05,16:07:54,11615,11615,11615,8
2019-12-05,16:08:02,11615,11615,11615,12
2019-12-05,16:08:25,11616,11616,11616,24
2019-12-05,16:08:30,11616,11616,11616,2
2019-12-05,16:08:30,11616,11616,11616,4
2019-12-05,16:08:38,11616,11616,11616,8
2019-12-05,16:08:45,11616,11616,11616,2
2019-12-05,16:08:47,11616,11616,11616,2
2019-12-05,16:08:48,11616,11616,11616,6
2019-12-05,16:08:52,11616,11616,11616,2
2019-12-05,16:08:52,11616,11616,11616,2
2019-12-05,16:09:11,11615,11615,11615,2
2019-12-05,16:09:12,11615,11615,11615,2
2019-12-05,16:09:18,11616,11616,11616,10
2019-12-05,16:09:22,11616,11616,11616,2
2019-12-05,16:09:26,11617,11617,11617,4
2019-12-05,16:09:29,11616,11616,11616,4
2019-12-05,16:09:30,11616,11616,11616,2
2019-12-05,16:09:40,11616,11616,11616,2
2019-12-05,16:09:40,11616,11616,11616,2
2019-12-05,16:10:02,11616,11616,11616,2
2019-12-05,16:10:22,11616,11616,11616,2
2019-12-05,16:10:40,11617,11617,11617,16
2019-12-05,16:10:40,11617,11617,11617,8
2019-12-05,16:10:40,11617,11617,11617,4
2019-12-05,16:10:40,11617,11617,11617,4
2019-12-05,16:10:40,11617,11617,11617,4
2019-12-05,16:10:40,11617,11617,11617,2
2019-12-05,16:10:40,11617,11617,11617,6
2019-12-05,16:10:40,11617,11617,11617,8
2019-12-05,16:10:40,11617,11617,11617,2
2019-12-05,16:10:42,11617,11617,11617,4
2019-12-05,16:10:42,11617,11617,11617,4
2019-12-05,16:10:42,11617,11617,11617,8
2019-12-05,16:10:42,11617,11617,11617,4
2019-12-05,16:11:03,11617,11617,11617,2
2019-12-05,16:11:03,11617,11617,11617,4
2019-12-05,16:11:03,11617,11617,11617,2
2019-12-05,16:11:03,11617,11617,11617,4
2019-12-05,16:11:03,11617,11617,11617,2
2019-12-05,16:11:03,11617,11617,11617,4
2019-12-05,16:11:03,11617,11617,11617,2
2019-12-05,16:11:04,11617,11617,11617,4
2019-12-05,16:11:04,11617,11617,11617,10
2019-12-05,16:11:04,11617,11617,11617,4
2019-12-05,16:11:04,11617,11617,11617,2
2019-12-05,16:11:17,11617,11617,11617,2
2019-12-05,16:11:17,11617,11617,11617,2
2019-12-05,16:11:20,11617,11617,11617,2
2019-12-05,16:11:20,11617,11617,11617,2
2019-12-05,16:11:21,11618,11618,11618,4
2019-12-05,16:11:43,11618,11618,11618,10
2019-12-05,16:11:44,11618,11618,11618,2
2019-12-05,16:11:44,11618,11618,11618,6
2019-12-05,16:11:55,11619,11619,11619,2
2019-12-05,16:11:55,11619,11619,11619,4
2019-12-05,16:11:55,11619,11619,11619,2
2019-12-05,16:12:04,11619,11619,11619,2
2019-12-05,16:12:04,11619,11619,11619,2
2019-12-05,16:12:11,11619,11619,11619,2
2019-12-05,16:12:22,11619,11619,11619,2
2019-12-05,16:12:39,11619,11619,11619,2
2019-12-05,16:12:52,11619,11619,11619,44
2019-12-05,16:13:11,11619,11619,11619,2
2019-12-05,16:13:14,11619,11619,11619,2
2019-12-05,16:13:14,11619,11619,11619,2
2019-12-05,16:13:31,11619,11619,11619,2
2019-12-05,16:13:31,11619,11619,11619,6
2019-12-05,16:13:31,11619,11619,11619,2
2019-12-05,16:13:31,11619,11619,11619,2
2019-12-05,16:13:31,11619,11619,11619,2
2019-12-05,16:13:31,11619,11619,11619,2
2019-12-05,16:13:31,11619,11619,11619,10
2019-12-05,16:13:32,11619,11619,11619,2
2019-12-05,16:13:41,11619,11619,11619,2
2019-12-05,16:13:45,11619,11619,11619,2
2019-12-05,16:14:10,11619,11619,11619,2
2019-12-05,16:14:41,11619,11619,11619,4
2019-12-05,16:14:44,11619,11619,11619,2
2019-12-05,16:14:47,11619,11619,11619,2
2019-12-05,16:14:49,11619,11619,11619,2
2019-12-05,16:14:55,11619,11619,11619,2
2019-12-05,16:15:04,11618,11618,11618,10
2019-12-05,16:15:04,11618,11618,11618,2
2019-12-05,16:15:04,11618,11618,11618,2
2019-12-05,16:15:04,11618,11618,11618,2
2019-12-05,16:15:04,11618,11618,11618,2
2019-12-05,16:15:04,11618,11618,11618,2
2019-12-05,16:15:04,11618,11618,11618,2
2019-12-05,16:15:04,11618,11618,11618,20
2019-12-05,16:15:04,11618,11618,11618,2
2019-12-05,16:15:04,11618,11618,11618,2
2019-12-05,16:15:04,11618,11618,11618,2
2019-12-05,16:15:04,11618,11618,11618,2
2019-12-05,16:15:04,11618,11618,11618,2
2019-12-05,16:15:05,11618,11618,11618,2
2019-12-05,16:15:06,11618,11618,11618,2
2019-12-05,16:15:11,11617,11617,11617,2
2019-12-05,16:15:11,11617,11617,11617,2
2019-12-05,16:15:11,11617,11617,11617,2
2019-12-05,16:15:11,11617,11617,11617,2
2019-12-05,16:15:11,11617,11617,11617,2
2019-12-05,16:15:55,11617,11617,11617,2
2019-12-05,16:15:56,11617,11617,11617,2
2019-12-05,16:15:57,11617,11617,11617,2
2019-12-05,16:16:07,11617,11617,11617,6
2019-12-05,16:16:33,11616,11616,11616,2
2019-12-05,16:16:33,11616,11616,11616,40
2019-12-05,16:16:33,11616,11616,11616,2
2019-12-05,16:16:33,11616,11616,11616,6
2019-12-05,16:16:33,11616,11616,11616,6
2019-12-05,16:16:33,11616,11616,11616,2
2019-12-05,16:16:33,11616,11616,11616,2
2019-12-05,16:16:33,11616,11616,11616,2
2019-12-05,16:16:33,11616,11616,11616,2
2019-12-05,16:16:33,11616,11616,11616,2
