2021-04-16 15:00:00.016,17140,17143,17143,51
2021-04-16 15:00:00.017,17142,17143,17143,1
2021-04-16 15:00:00.018,17142,17143,17144,1
2021-04-16 15:00:00.137,17142,17145,17145,4
2021-04-16 15:00:00.166,17142,17145,17143,1
2021-04-16 15:00:00.192,17142,17145,17143,1
2021-04-16 15:00:00.192,17142,17145,17142,3
2021-04-16 15:00:00.201,17142,17145,17143,1
2021-04-16 15:00:00.202,17142,17145,17142,1
2021-04-16 15:00:00.229,17142,17145,17143,1
2021-04-16 15:00:00.286,17142,17145,17145,2
2021-04-16 15:00:00.296,17142,17145,17143,1
2021-04-16 15:00:00.327,17142,17145,17146,1
2021-04-16 15:00:00.327,17142,17145,17147,1
2021-04-16 15:00:00.328,17142,17145,17147,2
2021-04-16 15:00:00.331,17142,17145,17143,1
2021-04-16 15:00:00.343,17142,17147,17147,3
2021-04-16 15:00:00.343,17142,17147,17148,5
2021-04-16 15:00:00.348,17142,17147,17148,2
2021-04-16 15:00:00.357,17142,17147,17148,3
2021-04-16 15:00:00.363,17142,17147,17143,1
2021-04-16 15:00:00.402,17142,17147,17146,1
2021-04-16 15:00:00.402,17142,17147,17148,1
2021-04-16 15:00:00.409,17142,17147,17148,1
2021-04-16 15:00:00.438,17142,17147,17148,2
2021-04-16 15:00:00.438,17142,17147,17149,1
2021-04-16 15:00:00.443,17142,17147,17149,10
2021-04-16 15:00:00.469,17142,17149,17149,1
2021-04-16 15:00:00.489,17142,17149,17149,1
2021-04-16 15:00:00.489,17142,17149,17149,1
2021-04-16 15:00:00.509,17142,17149,17149,1
2021-04-16 15:00:00.517,17142,17149,17149,1
2021-04-16 15:00:00.524,17142,17149,17150,7
2021-04-16 15:00:00.539,17142,17149,17150,3
2021-04-16 15:00:00.540,17142,17149,17143,1
2021-04-16 15:00:00.542,17142,17149,17149,1
2021-04-16 15:00:00.542,17142,17149,17150,1
2021-04-16 15:00:00.542,17142,17149,17152,1
2021-04-16 15:00:00.542,17142,17149,17153,4
2021-04-16 15:00:00.570,17142,17149,17153,2
2021-04-16 15:00:00.614,17143,17149,17149,1
2021-04-16 15:00:00.614,17143,17149,17154,1
2021-04-16 15:00:00.630,17143,17149,17154,1
2021-04-16 15:00:00.639,17143,17149,17154,2
2021-04-16 15:00:00.847,17144,17153,17153,1
2021-04-16 15:00:00.852,17144,17153,17153,1
2021-04-16 15:00:00.852,17144,17153,17154,1
2021-04-16 15:00:00.883,17144,17153,17155,2
2021-04-16 15:00:00.906,17144,17153,17155,2
2021-04-16 15:00:00.914,17144,17153,17145,1
2021-04-16 15:00:00.916,17144,17153,17154,1
2021-04-16 15:00:00.919,17144,17153,17155,1
2021-04-16 15:00:00.920,17144,17153,17155,1
2021-04-16 15:00:00.935,17144,17153,17155,1
2021-04-16 15:00:00.942,17144,17153,17145,1
2021-04-16 15:00:01.034,17146,17154,17154,1
2021-04-16 15:00:01.199,17148,17155,17155,1
2021-04-16 15:00:01.217,17149,17155,17149,1
2021-04-16 15:00:01.217,17149,17155,17148,2
2021-04-16 15:00:01.217,17149,17155,17147,2
2021-04-16 15:00:01.217,17149,17155,17146,1
2021-04-16 15:00:01.217,17149,17155,17144,1
2021-04-16 15:00:01.217,17149,17155,17143,1
2021-04-16 15:00:01.217,17149,17155,17142,1
2021-04-16 15:00:01.217,17149,17155,17141,1
2021-04-16 15:00:01.435,17142,17154,17153,1
2021-04-16 15:00:01.494,17142,17153,17153,1
2021-04-16 15:00:01.502,17142,17153,17154,2
2021-04-16 15:00:01.504,17142,17153,17154,1
2021-04-16 15:00:01.504,17142,17153,17155,1
2021-04-16 15:00:01.540,17142,17153,17155,1
2021-04-16 15:00:01.598,17144,17155,17155,1
2021-04-16 15:00:01.630,17144,17155,17155,1
2021-04-16 15:00:01.687,17144,17155,17144,2
2021-04-16 15:00:01.687,17144,17155,17143,1
2021-04-16 15:00:01.687,17144,17155,17141,1
2021-04-16 15:00:01.729,17141,17154,17141,1
2021-04-16 15:00:01.734,17141,17154,17154,1
2021-04-16 15:00:01.734,17141,17154,17155,1
2021-04-16 15:00:01.752,17141,17154,17155,1
2021-04-16 15:00:02.560,17146,17149,17147,2
2021-04-16 15:00:02.625,17147,17150,17148,1
2021-04-16 15:00:03.108,17146,17149,17149,1
2021-04-16 15:00:03.239,17146,17150,17150,1
2021-04-16 15:00:03.249,17146,17150,17150,2
2021-04-16 15:00:03.389,17146,17150,17148,1
2021-04-16 15:00:03.449,17146,17150,17146,2
2021-04-16 15:00:03.449,17146,17150,17145,1
2021-04-16 15:00:03.510,17143,17145,17145,1
2021-04-16 15:00:03.514,17143,17145,17145,1
2021-04-16 15:00:03.626,17143,17145,17144,1
2021-04-16 15:00:03.626,17143,17145,17143,2
2021-04-16 15:00:04.002,17143,17145,17143,1
2021-04-16 15:00:04.435,17142,17145,17142,1
2021-04-16 15:00:04.536,17142,17144,17144,1
2021-04-16 15:00:04.619,17142,17145,17145,1
2021-04-16 15:00:04.655,17142,17145,17142,5
2021-04-16 15:00:04.655,17142,17145,17141,7
2021-04-16 15:00:04.655,17142,17145,17140,2
2021-04-16 15:00:04.696,17142,17145,17145,1
2021-04-16 15:00:04.712,17142,17145,17145,1
2021-04-16 15:00:04.792,17143,17145,17145,1
2021-04-16 15:00:04.965,17144,17145,17144,1
2021-04-16 15:00:04.991,17144,17145,17145,1
2021-04-16 15:00:05.032,17144,17145,17145,1
2021-04-16 15:00:05.067,17144,17145,17145,1
2021-04-16 15:00:05.118,17143,17145,17145,1
2021-04-16 15:00:05.208,17143,17145,17145,1
2021-04-16 15:00:05.242,17143,17145,17145,1
2021-04-16 15:00:05.275,17143,17145,17145,1
2021-04-16 15:00:05.308,17143,17145,17145,1
2021-04-16 15:00:05.367,17143,17145,17143,1
2021-04-16 15:00:05.711,17143,17145,17143,1
2021-04-16 15:00:05.727,17143,17145,17143,1
2021-04-16 15:00:05.889,17143,17144,17143,1
2021-04-16 15:00:06.216,17143,17144,17143,10
2021-04-16 15:00:06.261,17143,17144,17144,3
2021-04-16 15:00:06.549,17142,17144,17144,1
2021-04-16 15:00:06.592,17143,17144,17144,1
2021-04-16 15:00:06.620,17143,17144,17143,1
2021-04-16 15:00:06.620,17143,17144,17142,1
2021-04-16 15:00:06.620,17143,17144,17141,3
2021-04-16 15:00:06.672,17143,17144,17140,4
2021-04-16 15:00:06.686,17143,17144,17140,2
2021-04-16 15:00:06.730,17140,17143,17140,4
2021-04-16 15:00:07.947,17140,17143,17143,1
2021-04-16 15:00:07.980,17141,17143,17141,1
2021-04-16 15:00:08.218,17140,17143,17143,2
2021-04-16 15:00:08.805,17141,17144,17144,1
2021-04-16 15:00:09.113,17141,17144,17144,1
2021-04-16 15:00:09.672,17141,17143,17143,1
2021-04-16 15:00:09.807,17142,17144,17143,1
2021-04-16 15:00:11.002,17143,17144,17144,2
2021-04-16 15:00:11.862,17143,17145,17145,1
2021-04-16 15:00:12.100,17143,17145,17145,1
2021-04-16 15:00:12.302,17143,17145,17143,2
2021-04-16 15:00:12.714,17143,17145,17145,1
2021-04-16 15:00:13.119,17144,17145,17144,1
2021-04-16 15:00:13.119,17144,17145,17143,1
2021-04-16 15:00:13.725,17144,17145,17145,2
2021-04-16 15:00:13.908,17144,17145,17144,1
2021-04-16 15:00:14.086,17144,17145,17144,1
2021-04-16 15:00:14.384,17144,17145,17144,1
2021-04-16 15:00:15.821,17144,17145,17144,1
2021-04-16 15:00:16.215,17144,17145,17144,1
2021-04-16 15:00:16.270,17144,17145,17144,1
2021-04-16 15:00:16.430,17144,17145,17145,1
2021-04-16 15:00:16.793,17144,17145,17145,9
2021-04-16 15:00:16.794,17144,17145,17145,1
2021-04-16 15:00:16.794,17144,17145,17145,4
2021-04-16 15:00:16.909,17144,17145,17144,2
2021-04-16 15:00:17.083,17144,17145,17145,1
2021-04-16 15:00:17.090,17144,17145,17145,1
2021-04-16 15:00:17.324,17143,17145,17144,1
2021-04-16 15:00:17.442,17143,17145,17145,1
2021-04-16 15:00:18.264,17144,17146,17146,2
2021-04-16 15:00:18.327,17144,17146,17144,2
2021-04-16 15:00:18.666,17143,17145,17145,1
2021-04-16 15:00:19.464,17143,17144,17144,1
2021-04-16 15:00:19.548,17143,17144,17143,2
2021-04-16 15:00:20.537,17143,17144,17143,1
2021-04-16 15:00:21.091,17143,17144,17144,3
2021-04-16 15:00:21.091,17143,17144,17145,5
2021-04-16 15:00:21.092,17143,17144,17145,1
2021-04-16 15:00:21.430,17143,17146,17143,1
2021-04-16 15:00:21.973,17143,17145,17145,2
2021-04-16 15:00:21.973,17143,17145,17146,3
2021-04-16 15:00:23.295,17144,17145,17144,2
2021-04-16 15:00:23.381,17143,17145,17145,1
2021-04-16 15:00:23.525,17144,17146,17144,2
2021-04-16 15:00:23.525,17144,17146,17143,4
2021-04-16 15:00:24.090,17144,17146,17144,1
2021-04-16 15:00:24.416,17143,17145,17145,1
2021-04-16 15:00:24.470,17144,17146,17144,1
2021-04-16 15:00:25.040,17144,17145,17144,1
2021-04-16 15:00:25.965,17144,17145,17144,1
2021-04-16 15:00:26.364,17144,17145,17145,2
2021-04-16 15:00:26.642,17144,17146,17146,1
2021-04-16 15:00:26.642,17144,17146,17147,1
2021-04-16 15:00:26.776,17145,17146,17146,1
2021-04-16 15:00:26.776,17145,17146,17145,1
2021-04-16 15:00:26.932,17144,17145,17144,1
2021-04-16 15:00:27.465,17144,17145,17144,1
2021-04-16 15:00:29.039,17143,17144,17143,2
2021-04-16 15:00:29.083,17143,17144,17143,1
2021-04-16 15:00:29.083,17143,17144,17144,1
2021-04-16 15:00:29.315,17142,17144,17144,1
2021-04-16 15:00:29.921,17142,17143,17143,4
2021-04-16 15:00:29.922,17142,17143,17143,1
2021-04-16 15:00:30.840,17143,17144,17143,1
2021-04-16 15:00:31.100,17142,17144,17143,1
2021-04-16 15:00:31.114,17142,17144,17144,1
2021-04-16 15:00:31.643,17142,17143,17143,1
2021-04-16 15:00:32.140,17142,17143,17143,1
2021-04-16 15:00:33.341,17142,17143,17142,6
2021-04-16 15:00:33.465,17141,17142,17141,4
2021-04-16 15:00:33.668,17140,17142,17142,1
2021-04-16 15:00:34.099,17140,17141,17141,1
2021-04-16 15:00:34.486,17140,17141,17140,1
2021-04-16 15:00:34.655,17140,17141,17140,1
2021-04-16 15:00:34.885,17140,17141,17140,1
2021-04-16 15:00:34.923,17140,17141,17141,1
2021-04-16 15:00:35.676,17141,17142,17141,1
2021-04-16 15:00:35.787,17140,17141,17141,1
2021-04-16 15:00:35.797,17140,17141,17141,1
2021-04-16 15:00:37.077,17140,17141,17140,1
2021-04-16 15:00:38.149,17140,17141,17141,1
2021-04-16 15:00:38.687,17140,17141,17140,3
2021-04-16 15:00:39.604,17140,17141,17141,1
2021-04-16 15:00:40.039,17140,17141,17141,1
2021-04-16 15:00:40.894,17140,17141,17141,1
2021-04-16 15:00:41.061,17140,17141,17140,1
2021-04-16 15:00:41.265,17140,17141,17141,1
2021-04-16 15:00:41.361,17140,17141,17140,19
2021-04-16 15:00:41.362,17140,17141,17140,1
2021-04-16 15:00:41.362,17140,17141,17140,1
2021-04-16 15:00:41.362,17140,17141,17140,9
2021-04-16 15:00:41.362,17140,17141,17140,3
2021-04-16 15:00:41.433,17140,17141,17140,1
2021-04-16 15:00:41.435,17140,17141,17140,2
2021-04-16 15:00:41.465,17140,17141,17140,16
2021-04-16 15:00:41.466,17140,17141,17139,1
2021-04-16 15:00:41.597,17138,17140,17140,1
2021-04-16 15:00:41.603,17138,17140,17139,1
2021-04-16 15:00:41.641,17138,17140,17140,1
2021-04-16 15:00:41.942,17139,17140,17140,1
2021-04-16 15:00:42.030,17139,17140,17139,2
2021-04-16 15:00:42.188,17138,17140,17138,2
2021-04-16 15:00:42.243,17138,17140,17138,2
2021-04-16 15:00:42.250,17138,17140,17140,1
2021-04-16 15:00:42.447,17139,17141,17141,1
2021-04-16 15:00:42.485,17139,17141,17139,1
2021-04-16 15:00:42.485,17139,17141,17138,2
2021-04-16 15:00:42.485,17139,17141,17137,2
2021-04-16 15:00:42.737,17138,17140,17140,1
2021-04-16 15:00:42.743,17138,17140,17140,1
2021-04-16 15:00:42.763,17138,17140,17138,1
2021-04-16 15:00:43.170,17138,17139,17139,2
2021-04-16 15:00:43.170,17138,17139,17140,3
2021-04-16 15:00:43.368,17138,17140,17138,2
2021-04-16 15:00:44.352,17139,17140,17140,1
2021-04-16 15:00:45.696,17139,17141,17139,1
2021-04-16 15:00:45.734,17138,17140,17138,2
2021-04-16 15:00:46.808,17139,17140,17140,1
2021-04-16 15:00:48.123,17139,17140,17140,1
2021-04-16 15:00:48.123,17139,17140,17140,2
2021-04-16 15:00:48.140,17139,17140,17140,1
2021-04-16 15:00:48.626,17139,17141,17139,1
2021-04-16 15:00:50.329,17139,17141,17139,1
2021-04-16 15:00:50.654,17139,17141,17139,2
2021-04-16 15:00:51.057,17139,17141,17140,1
2021-04-16 15:00:51.226,17140,17141,17141,1
2021-04-16 15:00:51.228,17140,17141,17141,2
2021-04-16 15:00:51.274,17140,17141,17141,1
2021-04-16 15:00:51.678,17140,17141,17141,1
2021-04-16 15:00:51.702,17140,17141,17141,2
2021-04-16 15:00:51.702,17140,17141,17141,1
2021-04-16 15:00:51.702,17140,17141,17141,2
2021-04-16 15:00:51.703,17140,17141,17141,1
2021-04-16 15:00:51.827,17140,17141,17141,1
2021-04-16 15:00:52.257,17140,17141,17140,6
2021-04-16 15:00:52.257,17140,17141,17139,3
2021-04-16 15:00:52.257,17140,17141,17138,11
2021-04-16 15:00:52.258,17140,17141,17138,1
2021-04-16 15:00:52.258,17140,17141,17138,1
2021-04-16 15:00:52.258,17140,17141,17138,1
2021-04-16 15:00:52.258,17140,17141,17138,2
2021-04-16 15:00:52.258,17140,17141,17138,1
2021-04-16 15:00:54.026,17139,17141,17140,1
2021-04-16 15:00:54.821,17139,17140,17139,1
2021-04-16 15:00:54.821,17139,17140,17138,4
2021-04-16 15:00:54.900,17138,17140,17140,1
2021-04-16 15:00:57.073,17139,17140,17139,2
2021-04-16 15:00:57.074,17139,17140,17139,4
2021-04-16 15:00:57.902,17138,17139,17138,1
2021-04-16 15:00:59.146,17138,17140,17138,1
2021-04-16 15:00:59.570,17137,17139,17137,1
2021-04-16 15:00:59.573,17137,17139,17137,1
2021-04-16 15:01:00.046,17137,17139,17139,4
2021-04-16 15:01:00.120,17138,17139,17139,2
2021-04-16 15:01:00.153,17138,17139,17140,1
2021-04-16 15:01:00.168,17138,17139,17140,1
2021-04-16 15:01:00.171,17138,17139,17140,1
2021-04-16 15:01:00.341,17138,17139,17139,2
2021-04-16 15:01:00.347,17138,17139,17139,1
2021-04-16 15:01:00.389,17138,17139,17138,1
2021-04-16 15:01:00.431,17138,17139,17139,1
2021-04-16 15:01:00.482,17138,17139,17139,1
2021-04-16 15:01:00.763,17138,17140,17138,1
2021-04-16 15:01:00.781,17138,17140,17138,1
2021-04-16 15:01:00.864,17137,17140,17137,1
2021-04-16 15:01:00.887,17137,17140,17137,1
2021-04-16 15:01:00.900,17137,17140,17137,1
2021-04-16 15:01:00.908,17137,17140,17137,1
2021-04-16 15:01:01.119,17138,17139,17138,1
2021-04-16 15:01:01.187,17138,17139,17139,2
2021-04-16 15:01:01.218,17138,17140,17140,1
2021-04-16 15:01:01.256,17138,17140,17140,1
2021-04-16 15:01:01.256,17138,17140,17140,1
2021-04-16 15:01:01.256,17138,17140,17140,1
2021-04-16 15:01:01.309,17138,17140,17140,1
2021-04-16 15:01:01.680,17138,17139,17138,2
2021-04-16 15:01:02.146,17138,17139,17139,2
2021-04-16 15:01:04.650,17137,17139,17139,2
2021-04-16 15:01:04.905,17137,17139,17137,1
2021-04-16 15:01:04.910,17137,17139,17139,1
2021-04-16 15:01:07.710,17138,17139,17138,1
2021-04-16 15:01:07.966,17138,17139,17138,1
2021-04-16 15:01:08.637,17137,17139,17137,1
2021-04-16 15:01:09.112,17137,17138,17138,1
2021-04-16 15:01:09.268,17137,17138,17137,4
2021-04-16 15:01:10.034,17137,17138,17137,5
2021-04-16 15:01:10.069,17137,17138,17138,1
2021-04-16 15:01:10.091,17137,17138,17137,3
2021-04-16 15:01:12.947,17137,17138,17138,2
2021-04-16 15:01:13.173,17137,17138,17138,1
2021-04-16 15:01:13.189,17137,17138,17139,1
2021-04-16 15:01:13.659,17137,17139,17139,1
2021-04-16 15:01:14.671,17137,17139,17139,1
2021-04-16 15:01:14.970,17137,17139,17139,1
2021-04-16 15:01:15.319,17137,17139,17139,1
2021-04-16 15:01:15.320,17137,17139,17139,1
2021-04-16 15:01:16.200,17138,17139,17139,4
2021-04-16 15:01:16.321,17139,17140,17139,1
2021-04-16 15:01:17.445,17139,17140,17139,1
2021-04-16 15:01:17.467,17139,17140,17140,1
2021-04-16 15:01:17.468,17139,17140,17140,1
2021-04-16 15:01:17.988,17139,17140,17139,1
2021-04-16 15:01:19.801,17139,17140,17140,1
2021-04-16 15:01:19.802,17139,17140,17140,2
2021-04-16 15:01:20.016,17139,17141,17139,1
2021-04-16 15:01:21.586,17139,17141,17141,2
2021-04-16 15:01:22.256,17139,17141,17141,1
2021-04-16 15:01:22.554,17139,17141,17140,1
2021-04-16 15:01:22.555,17139,17141,17140,1
2021-04-16 15:01:23.686,17139,17141,17141,1
2021-04-16 15:01:24.122,17139,17141,17139,1
2021-04-16 15:01:24.353,17139,17141,17141,2
2021-04-16 15:01:24.601,17140,17142,17142,7
2021-04-16 15:01:24.601,17140,17142,17143,3
2021-04-16 15:01:24.603,17140,17142,17143,4
2021-04-16 15:01:24.603,17140,17142,17144,6
2021-04-16 15:01:25.122,17142,17144,17142,3
2021-04-16 15:01:25.158,17142,17144,17144,5
2021-04-16 15:01:25.158,17142,17144,17145,5
2021-04-16 15:01:26.932,17142,17144,17142,4
2021-04-16 15:01:26.932,17142,17144,17141,1
2021-04-16 15:01:26.936,17142,17144,17142,1
2021-04-16 15:01:27.248,17141,17143,17141,1
2021-04-16 15:01:27.406,17141,17143,17143,1
2021-04-16 15:01:27.965,17143,17144,17143,1
2021-04-16 15:01:28.483,17142,17144,17142,3
2021-04-16 15:01:28.483,17142,17144,17141,1
2021-04-16 15:01:29.756,17142,17144,17142,1
2021-04-16 15:01:29.756,17142,17144,17141,1
2021-04-16 15:01:38.557,17142,17144,17142,1
2021-04-16 15:01:42.567,17142,17143,17143,3
2021-04-16 15:01:42.639,17143,17144,17143,1
2021-04-16 15:01:42.931,17142,17143,17143,1
2021-04-16 15:01:44.171,17142,17144,17142,1
2021-04-16 15:01:44.422,17142,17144,17142,4
2021-04-16 15:01:46.565,17141,17143,17141,1
2021-04-16 15:01:46.879,17141,17143,17143,1
2021-04-16 15:01:46.995,17141,17143,17143,1
2021-04-16 15:01:48.799,17141,17144,17144,1
2021-04-16 15:01:53.728,17142,17143,17142,1
2021-04-16 15:01:55.106,17142,17143,17142,1
2021-04-16 15:01:55.671,17142,17143,17143,2
2021-04-16 15:01:57.306,17142,17143,17143,1
2021-04-16 15:01:57.736,17142,17143,17143,5
2021-04-16 15:01:57.885,17143,17144,17143,1
2021-04-16 15:02:00.125,17143,17144,17144,1
2021-04-16 15:02:00.935,17143,17144,17143,1
2021-04-16 15:02:00.962,17143,17144,17143,8
2021-04-16 15:02:00.962,17143,17144,17143,7
2021-04-16 15:02:00.962,17143,17144,17143,1
2021-04-16 15:02:01.462,17143,17144,17144,1
2021-04-16 15:02:05.662,17143,17144,17144,1
2021-04-16 15:02:07.243,17143,17144,17144,1
2021-04-16 15:02:08.449,17143,17144,17143,1
2021-04-16 15:02:08.621,17143,17144,17143,1
2021-04-16 15:02:08.622,17143,17144,17143,3
2021-04-16 15:02:10.658,17142,17143,17142,2
2021-04-16 15:02:11.081,17142,17143,17143,2
2021-04-16 15:02:11.481,17142,17143,17143,1
2021-04-16 15:02:13.150,17142,17143,17143,1
2021-04-16 15:02:14.635,17143,17144,17143,1
2021-04-16 15:02:15.116,17142,17143,17143,1
2021-04-16 15:02:15.978,17142,17143,17143,1
2021-04-16 15:02:17.978,17142,17143,17143,1
2021-04-16 15:02:17.979,17142,17143,17143,1
2021-04-16 15:02:19.814,17143,17144,17144,3
2021-04-16 15:02:19.814,17143,17144,17144,1
2021-04-16 15:02:19.815,17143,17144,17144,1
2021-04-16 15:02:19.816,17143,17144,17144,9
2021-04-16 15:02:20.235,17144,17145,17144,1
2021-04-16 15:02:21.453,17143,17145,17143,1
2021-04-16 15:02:25.406,17143,17145,17143,1
2021-04-16 15:02:27.721,17144,17145,17144,1
2021-04-16 15:02:28.013,17144,17145,17145,1
2021-04-16 15:02:28.765,17144,17145,17144,5
2021-04-16 15:02:29.115,17143,17144,17144,1
2021-04-16 15:02:29.198,17143,17144,17144,3
2021-04-16 15:02:29.571,17143,17144,17144,8
2021-04-16 15:02:30.948,17143,17145,17145,2
2021-04-16 15:02:31.092,17144,17145,17144,1
2021-04-16 15:02:32.228,17143,17144,17143,1
2021-04-16 15:02:36.038,17143,17144,17144,1
2021-04-16 15:02:37.996,17143,17144,17144,1
2021-04-16 15:02:37.996,17143,17144,17144,1
2021-04-16 15:02:39.071,17143,17144,17144,6
2021-04-16 15:02:42.148,17144,17145,17144,1
2021-04-16 15:02:45.904,17144,17145,17144,5
2021-04-16 15:02:46.979,17144,17145,17145,46
2021-04-16 15:02:46.980,17144,17145,17145,1
2021-04-16 15:02:46.980,17144,17145,17145,1
2021-04-16 15:02:49.129,17145,17146,17145,3
2021-04-16 15:02:51.590,17145,17146,17146,9
2021-04-16 15:02:51.591,17145,17146,17146,5
2021-04-16 15:02:52.165,17146,17147,17146,1
2021-04-16 15:02:53.222,17146,17147,17147,3
2021-04-16 15:02:53.296,17146,17147,17146,4
2021-04-16 15:02:53.587,17145,17147,17147,4
2021-04-16 15:02:53.683,17146,17148,17146,1
2021-04-16 15:02:54.352,17146,17148,17146,2
2021-04-16 15:02:54.453,17146,17148,17146,2
2021-04-16 15:02:58.063,17145,17146,17146,1
2021-04-16 15:02:58.172,17145,17146,17145,1
2021-04-16 15:02:58.172,17145,17146,17145,2
2021-04-16 15:02:58.173,17145,17146,17145,1
2021-04-16 15:02:58.485,17145,17146,17146,1
2021-04-16 15:02:59.514,17144,17146,17146,2
2021-04-16 15:03:01.090,17145,17146,17146,10
2021-04-16 15:03:05.053,17145,17146,17145,1
2021-04-16 15:03:05.054,17145,17146,17145,1
2021-04-16 15:03:05.177,17144,17146,17145,1
2021-04-16 15:03:05.177,17144,17146,17144,3
2021-04-16 15:03:05.239,17144,17145,17145,2
2021-04-16 15:03:05.351,17144,17145,17145,1
2021-04-16 15:03:09.812,17145,17146,17146,1
2021-04-16 15:03:10.781,17145,17146,17146,1
2021-04-16 15:03:10.782,17145,17146,17146,2
2021-04-16 15:03:11.660,17146,17147,17147,1
2021-04-16 15:03:11.660,17146,17147,17147,1
2021-04-16 15:03:11.660,17146,17147,17147,1
2021-04-16 15:03:12.733,17146,17148,17146,1
2021-04-16 15:03:12.859,17147,17148,17147,1
2021-04-16 15:03:17.474,17147,17148,17148,2
2021-04-16 15:03:18.199,17147,17148,17148,1
2021-04-16 15:03:18.199,17147,17148,17148,4
2021-04-16 15:03:20.292,17148,17149,17149,1
2021-04-16 15:03:20.401,17148,17149,17149,1
2021-04-16 15:03:20.597,17148,17149,17149,1
2021-04-16 15:03:21.097,17148,17149,17149,4
2021-04-16 15:03:21.243,17149,17150,17149,1
2021-04-16 15:03:21.481,17148,17149,17148,2
2021-04-16 15:03:21.835,17148,17149,17148,1
2021-04-16 15:03:22.852,17148,17149,17148,1
2021-04-16 15:03:26.962,17148,17149,17148,1
2021-04-16 15:03:31.252,17148,17149,17148,1
2021-04-16 15:03:32.547,17148,17149,17148,10
2021-04-16 15:03:32.942,17148,17149,17148,1
2021-04-16 15:03:33.597,17148,17149,17148,1
2021-04-16 15:03:33.685,17148,17149,17149,1
2021-04-16 15:03:34.819,17148,17149,17148,1
2021-04-16 15:03:34.819,17148,17149,17148,2
2021-04-16 15:03:35.089,17147,17148,17148,4
2021-04-16 15:03:35.089,17147,17148,17149,1
2021-04-16 15:03:35.683,17148,17149,17148,1
2021-04-16 15:03:36.716,17147,17148,17147,1
2021-04-16 15:03:36.716,17147,17148,17147,1
2021-04-16 15:03:36.716,17147,17148,17147,1
2021-04-16 15:03:36.717,17147,17148,17147,1
2021-04-16 15:03:36.717,17147,17148,17147,10
2021-04-16 15:03:38.596,17146,17147,17147,1
2021-04-16 15:03:40.256,17146,17147,17147,1
2021-04-16 15:03:42.322,17146,17147,17146,1
2021-04-16 15:03:43.821,17145,17147,17147,1
2021-04-16 15:03:44.780,17145,17146,17146,1
2021-04-16 15:03:46.562,17145,17147,17147,1
2021-04-16 15:03:47.357,17146,17147,17146,2
2021-04-16 15:03:47.358,17146,17147,17146,1
2021-04-16 15:03:49.149,17146,17147,17146,2
2021-04-16 15:03:50.759,17145,17146,17146,1
2021-04-16 15:03:51.138,17145,17147,17145,1
2021-04-16 15:03:53.703,17145,17146,17145,4
2021-04-16 15:03:54.943,17144,17145,17144,2
2021-04-16 15:03:56.011,17143,17144,17143,3
2021-04-16 15:03:56.337,17143,17144,17144,1
2021-04-16 15:03:56.652,17143,17144,17144,1
2021-04-16 15:04:00.245,17143,17144,17143,1
2021-04-16 15:04:00.667,17143,17144,17144,1
2021-04-16 15:04:02.188,17143,17144,17144,1
2021-04-16 15:04:02.189,17143,17144,17144,1
2021-04-16 15:04:02.261,17144,17145,17144,1
2021-04-16 15:04:02.603,17144,17145,17145,5
2021-04-16 15:04:03.759,17144,17145,17145,1
2021-04-16 15:04:05.022,17144,17146,17144,2
2021-04-16 15:04:09.316,17143,17144,17144,1
2021-04-16 15:04:13.051,17143,17144,17144,1
2021-04-16 15:04:13.942,17143,17144,17144,1
2021-04-16 15:04:14.651,17143,17144,17144,1
2021-04-16 15:04:20.542,17144,17145,17144,1
2021-04-16 15:04:20.985,17144,17145,17145,1
2021-04-16 15:04:20.985,17144,17145,17145,1
2021-04-16 15:04:20.985,17144,17145,17145,2
2021-04-16 15:04:21.580,17144,17146,17144,1
2021-04-16 15:04:26.455,17145,17146,17145,1
2021-04-16 15:04:34.019,17144,17145,17145,2
2021-04-16 15:04:42.523,17144,17145,17145,8
2021-04-16 15:04:59.215,17145,17146,17146,1
2021-04-16 15:04:59.827,17145,17146,17145,1
2021-04-16 15:05:00.497,17145,17146,17146,1
2021-04-16 15:05:00.972,17145,17146,17145,1
2021-04-16 15:05:01.811,17145,17146,17146,6
2021-04-16 15:05:05.865,17145,17146,17146,1
2021-04-16 15:05:06.327,17145,17146,17146,1
2021-04-16 15:05:06.327,17145,17146,17146,1
2021-04-16 15:05:09.127,17145,17146,17146,1
2021-04-16 15:05:11.649,17145,17146,17145,3
2021-04-16 15:05:11.649,17145,17146,17145,1
2021-04-16 15:05:11.649,17145,17146,17145,20
2021-04-16 15:05:13.059,17144,17145,17145,3
2021-04-16 15:05:15.470,17145,17146,17145,2
2021-04-16 15:05:16.715,17145,17146,17145,6
2021-04-16 15:05:17.011,17144,17145,17144,1
2021-04-16 15:05:17.345,17144,17145,17145,1
2021-04-16 15:05:20.446,17145,17146,17145,1
2021-04-16 15:05:25.124,17145,17146,17146,1
2021-04-16 15:05:27.622,17145,17146,17145,2
2021-04-16 15:05:27.623,17145,17146,17145,2
2021-04-16 15:05:27.623,17145,17146,17145,2
2021-04-16 15:05:27.623,17145,17146,17145,4
2021-04-16 15:05:32.709,17144,17145,17144,5
2021-04-16 15:05:33.270,17144,17145,17145,1
2021-04-16 15:05:37.275,17144,17145,17145,1
2021-04-16 15:05:38.074,17145,17146,17146,1
2021-04-16 15:05:38.125,17145,17146,17146,1
2021-04-16 15:05:38.604,17145,17146,17145,4
2021-04-16 15:05:42.346,17144,17145,17145,4
2021-04-16 15:05:44.660,17144,17145,17144,1
2021-04-16 15:05:50.170,17144,17145,17145,4
2021-04-16 15:05:50.498,17145,17146,17145,1
2021-04-16 15:05:50.681,17144,17146,17144,1
2021-04-16 15:05:52.936,17144,17145,17145,1
2021-04-16 15:05:53.269,17144,17146,17145,1
2021-04-16 15:05:54.623,17144,17146,17144,1
2021-04-16 15:05:54.624,17144,17146,17144,1
2021-04-16 15:05:54.624,17144,17146,17144,1
2021-04-16 15:05:58.859,17144,17146,17146,1
2021-04-16 15:06:00.055,17144,17146,17146,1
2021-04-16 15:06:00.057,17144,17146,17146,1
2021-04-16 15:06:00.061,17144,17146,17146,1
2021-04-16 15:06:00.075,17144,17146,17146,1
2021-04-16 15:06:04.801,17144,17145,17145,4
2021-04-16 15:06:05.366,17144,17145,17145,1
2021-04-16 15:06:05.646,17145,17146,17145,1
2021-04-16 15:06:05.841,17145,17146,17145,1
2021-04-16 15:06:11.972,17144,17145,17144,2
2021-04-16 15:06:13.037,17144,17145,17144,4
2021-04-16 15:06:13.219,17143,17144,17143,1
2021-04-16 15:06:13.596,17143,17144,17144,2
2021-04-16 15:06:17.096,17143,17144,17144,1
2021-04-16 15:06:17.598,17143,17145,17144,1
2021-04-16 15:06:18.153,17143,17144,17144,1
2021-04-16 15:06:22.340,17144,17145,17144,1
2021-04-16 15:06:29.521,17143,17144,17144,1
2021-04-16 15:06:30.714,17143,17144,17144,1
2021-04-16 15:06:39.600,17143,17144,17144,1
2021-04-16 15:06:40.458,17143,17144,17143,1
2021-04-16 15:06:44.650,17143,17144,17144,2
2021-04-16 15:06:46.110,17143,17144,17143,1
2021-04-16 15:06:52.997,17143,17144,17143,1
2021-04-16 15:06:53.710,17143,17144,17143,1
2021-04-16 15:06:53.875,17143,17144,17143,6
2021-04-16 15:07:06.997,17142,17143,17143,1
2021-04-16 15:07:09.116,17142,17143,17142,2
2021-04-16 15:07:09.372,17142,17143,17142,1
2021-04-16 15:07:09.389,17142,17143,17143,1
2021-04-16 15:07:09.560,17142,17143,17143,1
2021-04-16 15:07:10.445,17142,17144,17144,1
2021-04-16 15:07:14.290,17142,17144,17144,1
2021-04-16 15:07:21.215,17142,17143,17142,13
2021-04-16 15:07:28.718,17142,17143,17143,1
2021-04-16 15:07:29.961,17142,17143,17142,1
2021-04-16 15:07:37.451,17142,17143,17142,1
2021-04-16 15:07:40.034,17142,17143,17143,1
2021-04-16 15:07:41.217,17142,17143,17142,1
2021-04-16 15:07:41.633,17142,17143,17143,3
2021-04-16 15:07:41.634,17142,17143,17143,2
2021-04-16 15:07:47.681,17142,17143,17143,1
2021-04-16 15:07:48.262,17143,17144,17144,1
2021-04-16 15:07:48.502,17143,17144,17143,1
2021-04-16 15:07:48.667,17143,17144,17144,1
2021-04-16 15:07:48.668,17143,17144,17144,1
2021-04-16 15:07:48.669,17143,17144,17144,1
2021-04-16 15:07:49.210,17143,17145,17143,1
2021-04-16 15:07:56.908,17144,17145,17144,1
2021-04-16 15:07:56.908,17144,17145,17143,3
2021-04-16 15:07:56.959,17144,17145,17143,1
2021-04-16 15:07:57.347,17142,17144,17144,1
2021-04-16 15:07:58.701,17142,17144,17143,1
2021-04-16 15:07:59.440,17143,17144,17144,1
2021-04-16 15:07:59.473,17143,17144,17143,1
2021-04-16 15:08:00.950,17143,17144,17144,1
2021-04-16 15:08:03.594,17143,17144,17143,1
2021-04-16 15:08:04.043,17143,17144,17144,1
2021-04-16 15:08:04.335,17143,17145,17144,1
2021-04-16 15:08:06.081,17144,17145,17144,1
2021-04-16 15:08:06.925,17143,17145,17143,2
2021-04-16 15:08:07.110,17143,17145,17144,1
2021-04-16 15:08:08.811,17143,17145,17144,1
2021-04-16 15:08:10.420,17143,17145,17143,1
2021-04-16 15:08:13.544,17144,17145,17145,5
2021-04-16 15:08:13.593,17144,17145,17144,1
2021-04-16 15:08:17.225,17144,17145,17145,1
2021-04-16 15:08:18.815,17144,17145,17145,2
2021-04-16 15:08:21.639,17145,17146,17145,1
2021-04-16 15:08:29.695,17144,17145,17144,1
2021-04-16 15:08:30.402,17144,17145,17145,1
2021-04-16 15:08:35.686,17144,17146,17146,1
2021-04-16 15:08:39.742,17144,17146,17144,2
2021-04-16 15:08:39.760,17144,17146,17146,5
2021-04-16 15:08:44.952,17144,17146,17146,3
2021-04-16 15:08:51.324,17144,17146,17144,1
2021-04-16 15:08:53.118,17144,17146,17144,1
2021-04-16 15:08:57.537,17144,17145,17145,1
2021-04-16 15:08:57.537,17144,17145,17146,1
2021-04-16 15:08:58.116,17144,17146,17144,2
2021-04-16 15:08:58.606,17144,17146,17144,1
2021-04-16 15:08:59.011,17144,17146,17144,1
2021-04-16 15:09:00.561,17144,17145,17145,1
2021-04-16 15:09:03.694,17145,17146,17145,1
2021-04-16 15:09:04.267,17145,17146,17145,1
2021-04-16 15:09:06.657,17145,17146,17146,2
2021-04-16 15:09:07.262,17145,17147,17145,1
2021-04-16 15:09:08.160,17145,17147,17145,1
2021-04-16 15:09:13.737,17145,17146,17146,2
2021-04-16 15:09:14.053,17145,17146,17145,1
2021-04-16 15:09:14.298,17145,17146,17145,1
2021-04-16 15:09:20.398,17145,17146,17145,1
2021-04-16 15:09:29.558,17145,17146,17145,1
2021-04-16 15:09:46.668,17145,17146,17146,2
2021-04-16 15:09:51.887,17145,17146,17146,1
2021-04-16 15:09:54.739,17145,17146,17146,2
2021-04-16 15:09:55.544,17145,17146,17146,3
2021-04-16 15:09:57.228,17145,17147,17147,1
2021-04-16 15:10:08.651,17146,17147,17146,1
2021-04-16 15:10:08.651,17146,17147,17145,3
2021-04-16 15:10:13.638,17146,17147,17147,1
2021-04-16 15:10:14.305,17146,17147,17147,1
2021-04-16 15:10:14.413,17146,17147,17147,2
2021-04-16 15:10:16.236,17146,17147,17146,1
2021-04-16 15:10:25.077,17146,17147,17147,1
2021-04-16 15:10:27.789,17146,17147,17147,1
2021-04-16 15:10:27.789,17146,17147,17147,1
2021-04-16 15:10:27.789,17146,17147,17147,1
2021-04-16 15:10:29.835,17146,17147,17147,1
2021-04-16 15:10:30.621,17147,17148,17147,1
2021-04-16 15:10:31.325,17147,17148,17148,2
2021-04-16 15:10:31.577,17147,17148,17147,1
2021-04-16 15:10:40.843,17147,17148,17148,1
2021-04-16 15:10:40.844,17147,17148,17148,1
2021-04-16 15:10:40.844,17147,17148,17148,4
2021-04-16 15:10:43.352,17148,17149,17148,1
2021-04-16 15:10:46.076,17148,17149,17148,1
2021-04-16 15:10:50.507,17148,17149,17148,1
2021-04-16 15:10:55.302,17148,17149,17149,1
2021-04-16 15:10:55.369,17148,17149,17149,1
2021-04-16 15:10:57.334,17148,17149,17149,1
2021-04-16 15:10:59.293,17148,17149,17149,1
2021-04-16 15:10:59.293,17148,17149,17149,3
2021-04-16 15:11:01.646,17148,17149,17148,1
2021-04-16 15:11:02.624,17148,17149,17149,5
2021-04-16 15:11:03.152,17149,17150,17150,7
2021-04-16 15:11:03.421,17149,17150,17150,2
2021-04-16 15:11:05.012,17149,17150,17150,1
2021-04-16 15:11:06.546,17149,17150,17149,1
2021-04-16 15:11:06.546,17149,17150,17149,1
2021-04-16 15:11:06.546,17149,17150,17149,1
2021-04-16 15:11:06.547,17149,17150,17149,1
2021-04-16 15:11:06.547,17149,17150,17149,1
2021-04-16 15:11:09.317,17148,17150,17149,1
2021-04-16 15:11:11.228,17149,17150,17150,1
2021-04-16 15:11:11.734,17149,17150,17149,1
2021-04-16 15:11:12.519,17149,17150,17150,2
2021-04-16 15:11:12.618,17149,17150,17150,3
2021-04-16 15:11:13.204,17149,17150,17150,3
2021-04-16 15:11:13.205,17149,17150,17150,3
2021-04-16 15:11:15.981,17150,17151,17150,1
2021-04-16 15:11:16.215,17150,17151,17150,1
2021-04-16 15:11:18.026,17150,17151,17151,1
2021-04-16 15:11:21.897,17150,17151,17151,2
2021-04-16 15:11:22.612,17151,17152,17151,1
2021-04-16 15:11:26.450,17150,17151,17151,4
2021-04-16 15:11:26.451,17150,17151,17151,1
2021-04-16 15:11:26.451,17150,17151,17151,1
2021-04-16 15:11:27.024,17151,17152,17151,1
2021-04-16 15:11:35.590,17151,17152,17152,8
2021-04-16 15:11:37.815,17151,17153,17152,4
2021-04-16 15:11:38.782,17151,17152,17152,2
2021-04-16 15:11:41.443,17151,17152,17152,1
2021-04-16 15:11:43.598,17151,17152,17152,1
2021-04-16 15:11:43.607,17151,17152,17152,3
2021-04-16 15:11:43.607,17151,17152,17153,1
2021-04-16 15:11:44.639,17152,17153,17152,1
2021-04-16 15:11:45.370,17151,17152,17152,1
2021-04-16 15:11:45.370,17151,17152,17152,1
2021-04-16 15:11:46.706,17152,17153,17152,1
2021-04-16 15:11:46.938,17151,17152,17152,1
2021-04-16 15:11:47.339,17151,17152,17152,1
2021-04-16 15:11:48.440,17151,17152,17151,1
2021-04-16 15:11:50.474,17151,17152,17152,2
2021-04-16 15:11:51.573,17152,17153,17152,2
2021-04-16 15:12:00.438,17152,17153,17153,1
2021-04-16 15:12:03.690,17152,17153,17153,5
2021-04-16 15:12:15.452,17152,17153,17153,3
2021-04-16 15:12:18.545,17152,17153,17153,1
2021-04-16 15:12:19.356,17152,17153,17153,1
2021-04-16 15:12:24.992,17152,17153,17153,1
2021-04-16 15:12:26.060,17153,17154,17154,2
2021-04-16 15:12:27.362,17153,17154,17153,1
2021-04-16 15:12:31.219,17152,17153,17153,1
2021-04-16 15:12:32.363,17152,17153,17152,10
2021-04-16 15:12:32.478,17151,17152,17151,2
2021-04-16 15:12:32.522,17151,17152,17151,3
2021-04-16 15:12:32.530,17151,17152,17151,1
2021-04-16 15:12:32.534,17151,17152,17151,1
2021-04-16 15:12:32.534,17151,17152,17151,7
2021-04-16 15:12:32.897,17150,17152,17150,1
2021-04-16 15:12:34.851,17150,17152,17152,2
2021-04-16 15:12:36.908,17151,17152,17152,2
2021-04-16 15:12:39.673,17150,17152,17152,2
2021-04-16 15:12:42.582,17151,17152,17152,5
2021-04-16 15:12:42.591,17151,17152,17152,1
2021-04-16 15:12:49.593,17151,17152,17152,1
2021-04-16 15:12:55.710,17150,17152,17151,1
2021-04-16 15:13:07.554,17150,17151,17150,3
2021-04-16 15:13:07.862,17150,17151,17151,1
2021-04-16 15:13:20.156,17150,17151,17150,2
2021-04-16 15:13:20.156,17150,17151,17150,2
2021-04-16 15:13:24.464,17149,17150,17149,3
2021-04-16 15:13:26.505,17149,17150,17150,1
2021-04-16 15:13:32.465,17149,17150,17149,4
2021-04-16 15:13:41.076,17148,17149,17148,1
2021-04-16 15:13:46.463,17148,17149,17148,4
2021-04-16 15:13:46.463,17148,17149,17148,2
2021-04-16 15:13:46.464,17148,17149,17148,1
2021-04-16 15:13:48.838,17147,17148,17147,7
2021-04-16 15:14:02.639,17147,17148,17147,1
2021-04-16 15:14:03.891,17147,17148,17147,1
2021-04-16 15:14:08.210,17147,17148,17148,1
2021-04-16 15:14:12.638,17147,17148,17148,1
2021-04-16 15:14:12.639,17147,17148,17148,1
2021-04-16 15:14:12.878,17148,17149,17148,3
2021-04-16 15:14:17.934,17147,17148,17148,1
2021-04-16 15:14:19.174,17147,17148,17148,1
2021-04-16 15:14:20.688,17148,17149,17149,1
2021-04-16 15:14:26.494,17148,17149,17149,4
2021-04-16 15:14:31.459,17148,17149,17149,1
2021-04-16 15:14:36.444,17148,17149,17149,3
2021-04-16 15:14:39.051,17148,17149,17149,1
2021-04-16 15:14:39.319,17148,17149,17148,1
2021-04-16 15:14:39.340,17148,17149,17148,12
2021-04-16 15:14:44.303,17148,17149,17148,1
2021-04-16 15:14:47.139,17148,17149,17148,1
2021-04-16 15:14:49.942,17148,17149,17148,1
2021-04-16 15:14:59.788,17148,17149,17148,2
2021-04-16 15:15:02.855,17148,17149,17148,1
2021-04-16 15:15:07.157,17148,17150,17150,1
2021-04-16 15:15:07.255,17148,17150,17150,1
2021-04-16 15:15:19.663,17149,17150,17150,1
2021-04-16 15:15:20.130,17149,17150,17150,2
2021-04-16 15:15:24.279,17150,17151,17150,1
2021-04-16 15:15:26.803,17149,17151,17149,2
2021-04-16 15:15:29.694,17150,17151,17151,1
2021-04-16 15:15:29.952,17150,17151,17151,1
2021-04-16 15:15:34.886,17151,17152,17151,1
2021-04-16 15:15:34.887,17151,17152,17151,1
2021-04-16 15:15:46.164,17150,17152,17151,1
2021-04-16 15:15:46.164,17150,17152,17152,1
2021-04-16 15:15:51.578,17150,17152,17151,2
2021-04-16 15:15:58.855,17150,17151,17150,3
2021-04-16 15:16:00.583,17149,17151,17151,2
2021-04-16 15:16:07.774,17149,17151,17149,2
2021-04-16 15:16:23.863,17149,17150,17150,1
2021-04-16 15:16:23.936,17149,17150,17150,1
2021-04-16 15:16:30.879,17149,17150,17150,1
2021-04-16 15:16:30.879,17149,17150,17151,2
2021-04-16 15:16:30.894,17149,17150,17151,1
2021-04-16 15:16:31.557,17149,17151,17151,1
2021-04-16 15:16:31.558,17149,17151,17151,2
2021-04-16 15:16:31.978,17149,17151,17151,3
2021-04-16 15:16:32.352,17149,17151,17151,1
2021-04-16 15:16:32.353,17149,17151,17151,2
2021-04-16 15:16:32.661,17149,17151,17151,3
2021-04-16 15:16:33.062,17149,17151,17151,3
2021-04-16 15:16:33.448,17150,17151,17151,1
2021-04-16 15:16:33.448,17150,17151,17151,1
2021-04-16 15:16:33.448,17150,17151,17151,1
2021-04-16 15:16:33.856,17150,17152,17151,3
2021-04-16 15:16:38.858,17151,17152,17151,4
2021-04-16 15:16:43.385,17150,17151,17150,1
2021-04-16 15:16:49.074,17150,17151,17151,3
2021-04-16 15:16:49.614,17150,17152,17151,3
2021-04-16 15:16:49.997,17150,17151,17151,1
2021-04-16 15:16:54.616,17151,17152,17151,2
2021-04-16 15:16:57.681,17150,17152,17150,8
2021-04-16 15:16:57.681,17150,17152,17149,7
2021-04-16 15:17:01.321,17150,17151,17150,3
2021-04-16 15:17:09.017,17150,17151,17151,3
2021-04-16 15:17:09.273,17150,17151,17151,2
2021-04-16 15:17:09.274,17150,17151,17151,1
2021-04-16 15:17:10.705,17150,17151,17150,2
2021-04-16 15:17:13.060,17149,17150,17150,3
2021-04-16 15:17:13.879,17149,17150,17150,3
2021-04-16 15:17:13.879,17149,17150,17150,5
2021-04-16 15:17:19.782,17150,17151,17150,1
2021-04-16 15:17:19.840,17150,17151,17150,1
2021-04-16 15:17:23.336,17149,17151,17149,6
2021-04-16 15:17:42.387,17149,17150,17149,2
2021-04-16 15:18:05.442,17149,17150,17149,6
2021-04-16 15:18:05.442,17149,17150,17149,1
2021-04-16 15:18:05.443,17149,17150,17149,1
2021-04-16 15:18:05.443,17149,17150,17149,1
2021-04-16 15:18:05.444,17149,17150,17149,10
2021-04-16 15:18:05.840,17148,17149,17148,7
2021-04-16 15:18:05.851,17148,17149,17147,3
2021-04-16 15:18:13.081,17147,17148,17147,3
2021-04-16 15:18:13.128,17147,17148,17147,1
2021-04-16 15:18:13.568,17146,17148,17146,3
2021-04-16 15:18:13.693,17146,17148,17146,1
2021-04-16 15:18:13.693,17146,17148,17146,1
2021-04-16 15:18:13.723,17146,17148,17146,1
2021-04-16 15:18:13.903,17146,17148,17146,3
2021-04-16 15:18:14.054,17145,17148,17145,3
2021-04-16 15:18:14.342,17146,17148,17146,1
2021-04-16 15:18:14.342,17146,17148,17146,1
2021-04-16 15:18:14.378,17146,17148,17146,1
2021-04-16 15:18:16.202,17146,17147,17146,2
2021-04-16 15:18:16.230,17145,17146,17146,1
2021-04-16 15:18:19.134,17145,17147,17145,5
2021-04-16 15:18:22.001,17145,17146,17145,15
2021-04-16 15:18:23.679,17145,17146,17145,8
2021-04-16 15:18:23.679,17145,17146,17144,17
2021-04-16 15:18:23.679,17145,17146,17143,5
2021-04-16 15:18:23.716,17143,17145,17143,10
2021-04-16 15:18:24.147,17143,17145,17143,1
2021-04-16 15:18:26.884,17143,17145,17143,3
2021-04-16 15:18:27.835,17143,17145,17143,1
2021-04-16 15:18:28.059,17143,17145,17143,1
2021-04-16 15:18:32.325,17144,17146,17145,1
2021-04-16 15:18:34.134,17144,17146,17144,3
2021-04-16 15:18:34.784,17144,17146,17144,3
2021-04-16 15:18:35.176,17144,17146,17144,3
2021-04-16 15:18:35.535,17144,17146,17144,3
2021-04-16 15:18:39.391,17143,17144,17143,1
2021-04-16 15:18:39.946,17143,17144,17144,1
2021-04-16 15:18:40.082,17143,17144,17144,2
2021-04-16 15:18:45.579,17144,17146,17144,1
2021-04-16 15:18:45.832,17145,17146,17145,1
2021-04-16 15:18:47.627,17144,17146,17145,1
2021-04-16 15:18:50.306,17145,17146,17145,2
2021-04-16 15:18:51.223,17145,17146,17146,1
2021-04-16 15:18:51.223,17145,17146,17146,2
2021-04-16 15:18:51.223,17145,17146,17146,5
2021-04-16 15:18:51.734,17145,17148,17146,1
2021-04-16 15:18:52.092,17145,17147,17145,1
2021-04-16 15:18:55.073,17146,17148,17146,1
2021-04-16 15:18:58.640,17146,17148,17146,1
2021-04-16 15:19:04.479,17146,17148,17146,1
2021-04-16 15:19:06.348,17146,17148,17146,1
2021-04-16 15:19:07.494,17146,17148,17146,1
2021-04-16 15:19:10.712,17146,17148,17146,1
2021-04-16 15:19:13.577,17146,17148,17146,1
2021-04-16 15:19:14.850,17145,17146,17145,2
2021-04-16 15:19:16.966,17145,17146,17146,1
2021-04-16 15:19:18.343,17145,17147,17145,1
2021-04-16 15:19:22.221,17146,17147,17146,1
2021-04-16 15:19:36.816,17146,17147,17146,1
2021-04-16 15:19:58.190,17145,17146,17145,1
2021-04-16 15:19:58.937,17145,17146,17145,2
2021-04-16 15:19:59.587,17145,17146,17145,5
2021-04-16 15:19:59.588,17145,17146,17145,1
2021-04-16 15:20:02.790,17145,17146,17145,1
2021-04-16 15:20:02.790,17145,17146,17145,1
2021-04-16 15:20:16.941,17144,17145,17144,2
2021-04-16 15:20:18.479,17144,17145,17144,3
2021-04-16 15:20:21.921,17144,17145,17144,1
2021-04-16 15:20:27.895,17144,17145,17144,2
2021-04-16 15:20:33.610,17144,17145,17145,2
2021-04-16 15:20:33.610,17144,17145,17145,3
2021-04-16 15:20:33.657,17144,17145,17145,2
2021-04-16 15:20:49.090,17145,17146,17146,5
2021-04-16 15:20:49.309,17145,17146,17145,1
2021-04-16 15:20:51.244,17145,17146,17145,1
2021-04-16 15:20:54.093,17145,17146,17146,4
2021-04-16 15:21:00.759,17144,17146,17146,1
2021-04-16 15:21:05.406,17145,17146,17146,5
2021-04-16 15:21:05.656,17145,17146,17146,2
2021-04-16 15:21:15.369,17146,17147,17147,5
2021-04-16 15:21:15.409,17146,17147,17147,1
2021-04-16 15:21:17.297,17146,17148,17148,1
2021-04-16 15:21:17.446,17146,17148,17146,1
2021-04-16 15:21:17.711,17146,17148,17146,3
2021-04-16 15:21:24.728,17146,17147,17147,3
2021-04-16 15:21:25.956,17146,17148,17148,1
2021-04-16 15:21:38.470,17147,17148,17147,1
2021-04-16 15:21:39.466,17147,17148,17148,1
2021-04-16 15:21:41.966,17146,17149,17149,1
2021-04-16 15:21:51.856,17147,17148,17148,1
2021-04-16 15:21:53.125,17147,17149,17148,1
2021-04-16 15:21:59.486,17147,17149,17147,1
2021-04-16 15:22:07.533,17148,17149,17148,1
2021-04-16 15:22:09.314,17147,17149,17149,1
2021-04-16 15:22:18.424,17147,17148,17147,6
2021-04-16 15:22:18.424,17147,17148,17147,1
2021-04-16 15:22:30.956,17147,17148,17147,1
2021-04-16 15:22:32.822,17146,17148,17147,1
2021-04-16 15:22:32.822,17146,17148,17146,2
2021-04-16 15:22:38.169,17146,17148,17146,1
2021-04-16 15:23:13.632,17147,17148,17147,1
2021-04-16 15:23:13.856,17147,17148,17147,1
2021-04-16 15:23:23.080,17146,17147,17146,4
2021-04-16 15:23:31.197,17145,17147,17147,1
2021-04-16 15:23:43.036,17145,17146,17146,1
2021-04-16 15:23:48.971,17146,17147,17147,1
2021-04-16 15:23:58.618,17147,17148,17147,1
2021-04-16 15:23:58.980,17146,17147,17147,1
2021-04-16 15:24:00.695,17146,17147,17147,1
2021-04-16 15:24:01.107,17146,17148,17148,3
2021-04-16 15:24:02.993,17147,17148,17147,2
2021-04-16 15:24:25.466,17146,17147,17146,1
2021-04-16 15:24:39.279,17146,17147,17146,1
2021-04-16 15:24:50.908,17146,17147,17146,2
2021-04-16 15:24:58.445,17146,17147,17147,1
2021-04-16 15:24:59.581,17146,17147,17146,1
2021-04-16 15:25:12.673,17146,17147,17146,1
2021-04-16 15:25:16.100,17146,17147,17147,1
2021-04-16 15:25:23.553,17146,17147,17147,1
2021-04-16 15:25:23.553,17146,17147,17147,1
2021-04-16 15:25:23.553,17146,17147,17147,1
2021-04-16 15:25:23.553,17146,17147,17147,1
2021-04-16 15:25:31.215,17147,17148,17147,1
2021-04-16 15:25:40.944,17147,17148,17148,1
2021-04-16 15:25:51.696,17147,17148,17147,1
2021-04-16 15:25:53.905,17146,17148,17148,3
2021-04-16 15:25:57.732,17147,17148,17148,2
2021-04-16 15:25:57.732,17147,17148,17149,1
2021-04-16 15:25:58.656,17147,17149,17149,3
2021-04-16 15:25:59.564,17147,17149,17149,1
2021-04-16 15:25:59.911,17147,17149,17149,1
2021-04-16 15:26:00.496,17148,17149,17149,3
2021-04-16 15:26:06.193,17148,17149,17149,1
2021-04-16 15:26:22.160,17148,17149,17149,1
2021-04-16 15:26:25.080,17148,17149,17148,1
2021-04-16 15:26:25.080,17148,17149,17147,4
2021-04-16 15:26:29.002,17147,17149,17147,1
2021-04-16 15:26:29.002,17147,17149,17146,4
2021-04-16 15:26:30.715,17147,17148,17147,1
2021-04-16 15:26:58.526,17147,17148,17147,3
2021-04-16 15:26:58.526,17147,17148,17147,1
2021-04-16 15:27:08.291,17146,17147,17147,2
2021-04-16 15:27:23.925,17146,17147,17147,1
2021-04-16 15:27:33.718,17146,17147,17147,1
2021-04-16 15:27:38.292,17146,17147,17147,1
2021-04-16 15:27:38.292,17146,17147,17147,1
2021-04-16 15:27:45.840,17147,17148,17147,1
2021-04-16 15:27:50.446,17147,17148,17148,1
2021-04-16 15:27:57.826,17148,17149,17149,3
2021-04-16 15:28:00.680,17148,17149,17149,1
2021-04-16 15:28:03.420,17148,17149,17149,1
2021-04-16 15:28:05.673,17148,17149,17149,1
2021-04-16 15:28:10.223,17149,17150,17150,1
2021-04-16 15:28:12.325,17149,17150,17150,2
2021-04-16 15:28:13.731,17149,17150,17149,1
2021-04-16 15:28:15.357,17149,17150,17149,3
2021-04-16 15:28:23.741,17148,17149,17149,1
2021-04-16 15:28:26.437,17148,17149,17148,1
2021-04-16 15:28:35.507,17148,17149,17148,1
2021-04-16 15:28:36.496,17148,17149,17149,1
2021-04-16 15:28:44.590,17148,17149,17148,3
2021-04-16 15:28:48.378,17147,17148,17148,1
2021-04-16 15:28:49.251,17148,17149,17148,1
2021-04-16 15:28:55.682,17147,17148,17147,1
2021-04-16 15:28:56.987,17146,17148,17148,3
2021-04-16 15:29:04.226,17147,17148,17147,1
2021-04-16 15:29:20.824,17147,17148,17147,1
2021-04-16 15:29:22.966,17146,17147,17146,1
2021-04-16 15:29:22.966,17146,17147,17146,1
2021-04-16 15:29:22.966,17146,17147,17146,1
2021-04-16 15:29:22.966,17146,17147,17146,1
2021-04-16 15:29:22.967,17146,17147,17146,4
2021-04-16 15:29:31.950,17145,17146,17146,2
2021-04-16 15:29:33.480,17145,17146,17146,1
2021-04-16 15:29:36.823,17145,17146,17146,2
2021-04-16 15:29:41.749,17146,17147,17146,1
2021-04-16 15:29:43.421,17145,17147,17145,2
2021-04-16 15:29:44.776,17145,17147,17146,1
2021-04-16 15:29:47.909,17145,17146,17146,4
2021-04-16 15:29:47.910,17145,17146,17146,1
2021-04-16 15:29:55.465,17145,17146,17145,8
2021-04-16 15:29:55.738,17144,17146,17144,1
2021-04-16 15:29:57.378,17144,17145,17145,1
2021-04-16 15:29:58.555,17144,17145,17144,2
2021-04-16 15:29:59.751,17144,17145,17145,1
2021-04-16 15:30:02.427,17145,17146,17146,1
2021-04-16 15:30:02.914,17145,17146,17145,2
2021-04-16 15:30:02.957,17145,17146,17146,1
2021-04-16 15:30:11.993,17145,17146,17146,1
2021-04-16 15:30:12.171,17145,17147,17147,2
2021-04-16 15:30:12.173,17145,17147,17147,2
2021-04-16 15:30:12.174,17145,17147,17147,1
2021-04-16 15:30:12.174,17145,17147,17147,4
2021-04-16 15:30:12.174,17145,17147,17147,2
2021-04-16 15:30:12.174,17145,17147,17147,1
2021-04-16 15:30:12.208,17145,17147,17148,2
2021-04-16 15:30:17.625,17146,17148,17146,5
2021-04-16 15:30:44.616,17146,17148,17146,5
2021-04-16 15:30:58.424,17145,17146,17145,1
2021-04-16 15:30:58.424,17145,17146,17145,1
2021-04-16 15:31:00.643,17145,17146,17145,1
2021-04-16 15:31:07.126,17144,17145,17144,2
2021-04-16 15:31:07.127,17144,17145,17144,1
2021-04-16 15:31:07.127,17144,17145,17144,4
2021-04-16 15:31:07.717,17143,17144,17144,1
2021-04-16 15:31:10.343,17143,17144,17144,1
2021-04-16 15:31:18.381,17143,17144,17143,2
2021-04-16 15:31:18.381,17143,17144,17143,2
2021-04-16 15:31:18.381,17143,17144,17143,1
2021-04-16 15:31:21.593,17143,17144,17143,2
2021-04-16 15:31:22.423,17143,17144,17144,1
2021-04-16 15:31:22.805,17143,17144,17143,1
2021-04-16 15:31:23.054,17142,17143,17142,6
2021-04-16 15:31:23.576,17142,17143,17143,2
2021-04-16 15:31:32.672,17142,17143,17142,1
2021-04-16 15:31:32.757,17142,17143,17143,1
2021-04-16 15:31:35.986,17142,17143,17142,1
2021-04-16 15:31:38.812,17142,17143,17143,2
2021-04-16 15:31:46.735,17142,17143,17143,1
2021-04-16 15:31:56.847,17142,17143,17143,1
2021-04-16 15:31:59.130,17142,17143,17142,1
2021-04-16 15:31:59.901,17142,17143,17143,1
2021-04-16 15:32:00.093,17142,17143,17142,1
2021-04-16 15:32:00.096,17142,17143,17142,7
2021-04-16 15:32:00.215,17142,17143,17142,8
2021-04-16 15:32:00.363,17141,17143,17141,1
2021-04-16 15:32:03.974,17141,17142,17141,1
2021-04-16 15:32:08.853,17141,17142,17142,1
2021-04-16 15:32:14.273,17142,17143,17143,1
2021-04-16 15:32:14.801,17142,17143,17142,1
2021-04-16 15:32:15.222,17142,17143,17142,1
2021-04-16 15:32:17.731,17142,17143,17143,1
2021-04-16 15:32:17.731,17142,17143,17143,6
2021-04-16 15:32:20.701,17143,17144,17143,5
2021-04-16 15:32:39.219,17142,17143,17143,1
2021-04-16 15:32:39.388,17142,17143,17142,5
2021-04-16 15:32:39.389,17142,17143,17142,2
2021-04-16 15:32:40.822,17141,17142,17142,2
2021-04-16 15:32:41.317,17141,17142,17142,1
2021-04-16 15:32:47.152,17141,17143,17141,3
2021-04-16 15:32:50.418,17141,17142,17141,1
2021-04-16 15:32:50.418,17141,17142,17141,1
2021-04-16 15:32:50.418,17141,17142,17141,1
2021-04-16 15:32:50.418,17141,17142,17141,2
2021-04-16 15:32:50.418,17141,17142,17141,1
2021-04-16 15:32:50.418,17141,17142,17141,6
2021-04-16 15:32:50.418,17141,17142,17141,3
2021-04-16 15:32:50.418,17141,17142,17141,10
2021-04-16 15:32:50.418,17141,17142,17141,1
2021-04-16 15:32:50.418,17141,17142,17141,7
2021-04-16 15:32:50.418,17141,17142,17141,11
2021-04-16 15:32:50.419,17141,17142,17141,10
2021-04-16 15:32:50.419,17141,17142,17141,1
2021-04-16 15:32:50.419,17141,17142,17141,1
2021-04-16 15:32:52.715,17140,17141,17140,15
2021-04-16 15:32:52.899,17139,17140,17139,1
2021-04-16 15:32:53.621,17139,17140,17140,1
2021-04-16 15:32:57.941,17139,17140,17140,1
2021-04-16 15:32:58.570,17139,17140,17139,1
2021-04-16 15:33:02.210,17139,17140,17140,1
2021-04-16 15:33:02.219,17139,17140,17140,1
2021-04-16 15:33:02.219,17139,17140,17140,1
2021-04-16 15:33:02.221,17139,17140,17140,2
2021-04-16 15:33:03.237,17140,17141,17140,1
2021-04-16 15:33:04.087,17140,17141,17141,1
2021-04-16 15:33:04.524,17140,17141,17140,1
2021-04-16 15:33:06.403,17140,17141,17141,1
2021-04-16 15:33:14.490,17140,17141,17140,3
2021-04-16 15:33:14.490,17140,17141,17139,2
2021-04-16 15:33:14.592,17139,17140,17140,1
2021-04-16 15:33:15.501,17139,17141,17141,1
2021-04-16 15:33:19.552,17139,17141,17139,1
2021-04-16 15:33:24.357,17139,17140,17139,1
2021-04-16 15:33:24.468,17139,17140,17140,1
2021-04-16 15:33:24.468,17139,17140,17140,1
2021-04-16 15:33:24.469,17139,17140,17140,1
2021-04-16 15:33:27.569,17139,17140,17139,5
2021-04-16 15:33:31.207,17139,17140,17139,2
2021-04-16 15:33:31.217,17139,17140,17140,1
2021-04-16 15:33:31.218,17139,17140,17140,1
2021-04-16 15:33:33.088,17139,17140,17139,1
2021-04-16 15:33:35.869,17139,17140,17139,2
2021-04-16 15:33:40.651,17139,17140,17139,1
2021-04-16 15:33:41.174,17139,17140,17140,1
2021-04-16 15:33:41.218,17139,17140,17140,1
2021-04-16 15:33:41.219,17139,17140,17140,1
2021-04-16 15:33:41.675,17139,17140,17139,1
2021-04-16 15:33:44.775,17139,17140,17139,2
2021-04-16 15:33:48.241,17138,17139,17139,3
2021-04-16 15:33:54.246,17138,17139,17139,1
2021-04-16 15:33:54.743,17138,17139,17139,1
2021-04-16 15:34:00.206,17138,17139,17139,5
2021-04-16 15:34:09.137,17139,17140,17140,1
2021-04-16 15:34:10.095,17139,17140,17140,1
2021-04-16 15:34:10.793,17139,17140,17139,5
2021-04-16 15:34:14.232,17139,17140,17139,1
2021-04-16 15:34:14.477,17138,17139,17139,1
2021-04-16 15:34:20.882,17139,17140,17139,5
2021-04-16 15:34:22.575,17139,17140,17140,8
2021-04-16 15:34:22.955,17139,17140,17139,1
2021-04-16 15:34:24.113,17139,17140,17139,2
2021-04-16 15:34:26.425,17139,17140,17140,1
2021-04-16 15:34:26.426,17139,17140,17140,19
2021-04-16 15:34:26.427,17139,17140,17141,17
2021-04-16 15:34:26.709,17141,17142,17142,3
2021-04-16 15:34:37.956,17141,17142,17142,1
2021-04-16 15:34:40.469,17141,17142,17142,1
2021-04-16 15:34:47.687,17141,17142,17141,1
2021-04-16 15:34:47.687,17141,17142,17140,2
2021-04-16 15:35:03.883,17140,17141,17141,1
2021-04-16 15:35:03.985,17140,17141,17140,5
2021-04-16 15:35:06.743,17140,17141,17140,1
2021-04-16 15:35:09.379,17140,17141,17140,2
2021-04-16 15:35:09.963,17140,17141,17140,3
2021-04-16 15:35:09.965,17139,17140,17139,7
2021-04-16 15:35:12.449,17138,17140,17139,1
2021-04-16 15:35:14.954,17138,17140,17140,1
2021-04-16 15:35:18.059,17139,17140,17140,3
2021-04-16 15:35:18.221,17139,17140,17140,3
2021-04-16 15:35:22.214,17139,17141,17139,5
2021-04-16 15:35:30.407,17140,17141,17140,1
2021-04-16 15:35:33.852,17139,17140,17140,1
2021-04-16 15:35:52.148,17139,17140,17140,1
2021-04-16 15:36:10.760,17139,17140,17140,1
2021-04-16 15:36:10.917,17139,17140,17139,2
2021-04-16 15:36:11.085,17139,17140,17139,2
2021-04-16 15:36:13.142,17139,17140,17139,12
2021-04-16 15:36:13.144,17139,17140,17139,14
2021-04-16 15:36:16.827,17139,17140,17139,1
2021-04-16 15:36:16.997,17139,17140,17140,2
2021-04-16 15:36:16.999,17139,17140,17140,2
2021-04-16 15:36:17.034,17139,17140,17140,2
2021-04-16 15:36:17.035,17139,17140,17140,7
2021-04-16 15:36:19.621,17140,17141,17140,2
2021-04-16 15:36:19.621,17140,17141,17139,10
2021-04-16 15:36:19.715,17139,17140,17139,1
2021-04-16 15:36:25.765,17140,17141,17140,1
2021-04-16 15:36:27.399,17139,17141,17139,7
2021-04-16 15:36:30.506,17140,17141,17140,1
2021-04-16 15:36:30.537,17140,17141,17139,1
2021-04-16 15:36:32.044,17139,17141,17139,2
2021-04-16 15:36:32.091,17139,17141,17139,3
2021-04-16 15:36:32.368,17138,17140,17140,7
2021-04-16 15:36:37.842,17140,17141,17140,1
2021-04-16 15:36:44.108,17140,17141,17141,1
2021-04-16 15:36:53.961,17140,17141,17140,5
2021-04-16 15:36:54.255,17139,17140,17140,1
2021-04-16 15:37:06.160,17139,17140,17140,1
2021-04-16 15:37:06.712,17139,17140,17139,1
2021-04-16 15:37:09.367,17139,17140,17140,1
2021-04-16 15:37:23.022,17139,17140,17139,8
2021-04-16 15:37:24.069,17138,17139,17139,1
2021-04-16 15:37:24.656,17138,17139,17139,1
2021-04-16 15:37:27.465,17138,17139,17138,15
2021-04-16 15:37:27.467,17138,17139,17137,5
2021-04-16 15:37:27.600,17137,17138,17138,3
2021-04-16 15:37:27.604,17137,17138,17138,3
2021-04-16 15:37:27.614,17137,17138,17138,1
2021-04-16 15:37:27.738,17137,17138,17137,1
2021-04-16 15:37:27.966,17137,17138,17137,6
2021-04-16 15:37:27.966,17137,17138,17137,1
2021-04-16 15:37:27.966,17137,17138,17137,2
2021-04-16 15:37:27.966,17137,17138,17137,3
2021-04-16 15:37:27.966,17137,17138,17137,1
2021-04-16 15:37:35.789,17136,17137,17137,1
2021-04-16 15:37:38.380,17136,17137,17137,4
2021-04-16 15:37:38.380,17136,17137,17138,6
2021-04-16 15:37:41.394,17137,17139,17137,3
2021-04-16 15:37:44.614,17137,17139,17137,2
2021-04-16 15:37:44.614,17137,17139,17137,1
2021-04-16 15:37:45.547,17136,17138,17137,3
2021-04-16 15:37:45.547,17136,17138,17136,2
2021-04-16 15:37:48.282,17137,17139,17137,1
2021-04-16 15:37:53.652,17138,17139,17138,1
2021-04-16 15:37:55.281,17138,17139,17138,4
2021-04-16 15:37:55.281,17138,17139,17137,1
2021-04-16 15:37:55.354,17137,17139,17137,2
2021-04-16 15:37:57.161,17137,17139,17139,1
2021-04-16 15:38:01.759,17137,17138,17138,1
2021-04-16 15:38:08.702,17137,17139,17137,1
2021-04-16 15:38:10.306,17138,17139,17138,1
2021-04-16 15:38:10.306,17138,17139,17137,4
2021-04-16 15:38:12.559,17137,17138,17137,3
2021-04-16 15:38:15.337,17137,17138,17138,1
2021-04-16 15:38:16.229,17137,17138,17138,1
2021-04-16 15:38:17.503,17138,17139,17138,1
2021-04-16 15:38:18.211,17138,17139,17138,2
2021-04-16 15:38:18.211,17138,17139,17137,3
2021-04-16 15:38:25.677,17137,17139,17137,2
2021-04-16 15:38:29.972,17137,17138,17138,1
2021-04-16 15:38:30.206,17138,17139,17139,5
2021-04-16 15:38:30.206,17138,17139,17140,5
2021-04-16 15:38:30.251,17138,17140,17139,6
2021-04-16 15:38:30.263,17138,17140,17140,1
2021-04-16 15:38:34.386,17139,17140,17139,1
2021-04-16 15:38:34.979,17139,17140,17140,2
2021-04-16 15:38:45.716,17139,17140,17140,4
2021-04-16 15:38:45.892,17140,17141,17141,1
2021-04-16 15:38:45.892,17140,17141,17141,2
2021-04-16 15:38:53.466,17139,17140,17140,1
2021-04-16 15:38:57.504,17139,17140,17140,1
2021-04-16 15:38:59.380,17140,17141,17140,1
2021-04-16 15:39:04.487,17140,17141,17140,1
2021-04-16 15:39:09.398,17139,17140,17140,1
2021-04-16 15:39:32.704,17139,17140,17140,12
2021-04-16 15:40:00.679,17140,17141,17140,1
2021-04-16 15:40:01.677,17140,17141,17141,1
2021-04-16 15:40:14.323,17140,17141,17141,1
2021-04-16 15:40:16.414,17140,17141,17141,2
2021-04-16 15:40:16.414,17140,17141,17141,1
2021-04-16 15:40:22.583,17141,17142,17141,1
2021-04-16 15:40:27.454,17141,17142,17142,1
2021-04-16 15:40:42.483,17141,17142,17142,9
2021-04-16 15:40:48.600,17142,17143,17142,1
2021-04-16 15:40:55.557,17142,17143,17143,1
2021-04-16 15:40:55.888,17141,17143,17143,1
2021-04-16 15:41:08.888,17142,17143,17142,3
2021-04-16 15:41:43.678,17141,17142,17142,2
2021-04-16 15:41:46.535,17141,17142,17142,1
2021-04-16 15:41:48.930,17142,17143,17142,4
2021-04-16 15:42:03.677,17141,17142,17142,1
2021-04-16 15:42:05.529,17141,17142,17141,2
2021-04-16 15:42:14.273,17141,17142,17141,1
2021-04-16 15:42:14.645,17141,17142,17141,1
2021-04-16 15:42:24.809,17141,17142,17141,2
2021-04-16 15:42:29.023,17141,17142,17141,1
2021-04-16 15:42:35.322,17141,17142,17141,1
2021-04-16 15:42:35.322,17141,17142,17141,5
2021-04-16 15:42:35.322,17141,17142,17141,1
2021-04-16 15:42:35.322,17141,17142,17141,1
2021-04-16 15:42:35.322,17141,17142,17141,4
2021-04-16 15:42:35.462,17140,17141,17140,2
2021-04-16 15:42:35.463,17140,17141,17140,1
2021-04-16 15:42:35.686,17140,17141,17141,2
2021-04-16 15:42:35.776,17140,17141,17141,2
2021-04-16 15:42:40.095,17139,17141,17141,2
2021-04-16 15:42:44.555,17139,17140,17140,1
2021-04-16 15:42:44.835,17140,17141,17141,7
2021-04-16 15:42:44.836,17140,17141,17141,9
2021-04-16 15:42:44.836,17140,17141,17141,3
2021-04-16 15:42:44.836,17140,17141,17141,1
2021-04-16 15:42:44.836,17140,17141,17141,1
2021-04-16 15:42:44.836,17140,17141,17141,1
2021-04-16 15:42:44.836,17140,17141,17141,18
2021-04-16 15:42:51.335,17140,17141,17140,1
2021-04-16 15:42:52.080,17140,17141,17140,1
2021-04-16 15:42:52.448,17140,17141,17140,3
2021-04-16 15:43:00.665,17139,17140,17140,1
2021-04-16 15:43:18.032,17139,17140,17140,1
2021-04-16 15:43:23.811,17139,17140,17139,1
2021-04-16 15:43:23.811,17139,17140,17139,1
2021-04-16 15:43:23.811,17139,17140,17139,3
2021-04-16 15:43:23.811,17139,17140,17139,2
2021-04-16 15:43:23.811,17139,17140,17139,1
2021-04-16 15:43:23.812,17139,17140,17139,1
2021-04-16 15:43:23.812,17139,17140,17139,1
2021-04-16 15:43:23.812,17139,17140,17139,2
2021-04-16 15:43:23.812,17139,17140,17139,1
2021-04-16 15:43:23.812,17139,17140,17139,2
2021-04-16 15:43:23.812,17139,17140,17139,1
2021-04-16 15:43:23.812,17139,17140,17139,1
2021-04-16 15:43:23.812,17139,17140,17139,2
2021-04-16 15:43:24.686,17138,17139,17138,4
2021-04-16 15:43:27.690,17137,17138,17138,2
2021-04-16 15:43:27.758,17137,17138,17137,3
2021-04-16 15:43:27.872,17136,17137,17136,1
2021-04-16 15:43:30.349,17136,17137,17136,10
2021-04-16 15:43:33.350,17136,17138,17136,2
2021-04-16 15:43:42.273,17136,17137,17136,2
2021-04-16 15:43:49.731,17136,17137,17136,2
2021-04-16 15:43:57.714,17137,17138,17137,4
2021-04-16 15:43:57.743,17136,17137,17137,1
2021-04-16 15:44:01.104,17137,17138,17137,1
2021-04-16 15:44:01.104,17137,17138,17136,4
2021-04-16 15:44:02.781,17136,17138,17136,2
2021-04-16 15:44:09.851,17136,17137,17136,5
2021-04-16 15:44:09.906,17136,17137,17136,3
2021-04-16 15:44:09.906,17136,17137,17135,2
2021-04-16 15:44:09.989,17135,17137,17135,1
2021-04-16 15:44:10.795,17135,17136,17135,4
2021-04-16 15:44:11.590,17136,17137,17136,1
2021-04-16 15:44:14.418,17135,17136,17135,3
2021-04-16 15:44:15.436,17135,17136,17135,1
2021-04-16 15:44:16.091,17135,17136,17135,1
2021-04-16 15:44:16.482,17135,17136,17135,2
2021-04-16 15:44:17.978,17135,17136,17135,2
2021-04-16 15:44:18.372,17135,17136,17135,5
2021-04-16 15:44:19.379,17135,17136,17135,3
2021-04-16 15:44:21.388,17135,17136,17135,1
2021-04-16 15:44:22.157,17135,17136,17136,1
2021-04-16 15:44:22.158,17135,17136,17136,1
2021-04-16 15:44:22.158,17135,17136,17136,2
2021-04-16 15:44:27.752,17136,17137,17136,5
2021-04-16 15:44:38.698,17135,17136,17136,1
2021-04-16 15:44:42.590,17135,17136,17135,9
2021-04-16 15:44:49.106,17135,17136,17136,1
2021-04-16 15:44:49.626,17135,17136,17135,2
2021-04-16 15:44:50.329,17134,17135,17134,13
2021-04-16 15:44:50.356,17133,17134,17133,2
2021-04-16 15:44:50.493,17133,17134,17133,1
2021-04-16 15:44:50.535,17133,17134,17133,1
2021-04-16 15:44:50.584,17133,17134,17133,3
2021-04-16 15:44:50.598,17133,17134,17133,1
2021-04-16 15:44:50.754,17133,17134,17133,2
2021-04-16 15:44:50.785,17133,17134,17133,1
2021-04-16 15:44:50.787,17133,17134,17133,1
2021-04-16 15:44:50.788,17133,17134,17133,1
2021-04-16 15:44:50.788,17133,17134,17133,1
2021-04-16 15:44:50.788,17133,17134,17133,2
2021-04-16 15:44:50.794,17133,17134,17133,2
2021-04-16 15:44:50.825,17133,17134,17133,2
2021-04-16 15:44:50.825,17133,17134,17133,3
2021-04-16 15:44:54.387,17132,17133,17133,1
2021-04-16 15:44:54.443,17132,17133,17133,2
2021-04-16 15:44:54.493,17132,17134,17133,1
2021-04-16 15:44:55.405,17132,17134,17134,1
2021-04-16 15:44:57.405,17133,17134,17133,3
2021-04-16 15:44:57.704,17133,17134,17133,1
2021-04-16 15:45:00.604,17133,17134,17134,1
2021-04-16 15:45:00.604,17133,17134,17134,1
2021-04-16 15:45:00.767,17134,17136,17134,1
2021-04-16 15:45:03.529,17134,17135,17134,1
2021-04-16 15:45:03.530,17134,17135,17134,1
2021-04-16 15:45:03.957,17133,17135,17133,4
2021-04-16 15:45:04.590,17133,17135,17133,2
2021-04-16 15:45:09.322,17133,17135,17133,1
2021-04-16 15:45:11.841,17133,17134,17134,1
2021-04-16 15:45:18.686,17134,17135,17134,1
2021-04-16 15:45:21.784,17134,17135,17134,2
2021-04-16 15:45:21.784,17134,17135,17133,10
2021-04-16 15:45:26.060,17133,17134,17133,1
2021-04-16 15:45:26.060,17133,17134,17133,4
2021-04-16 15:45:27.249,17133,17134,17133,1
2021-04-16 15:45:27.805,17133,17134,17133,1
2021-04-16 15:45:28.527,17133,17134,17133,2
2021-04-16 15:45:29.026,17133,17134,17133,6
2021-04-16 15:45:34.576,17133,17134,17133,2
2021-04-16 15:45:36.215,17133,17134,17133,5
2021-04-16 15:45:37.328,17133,17134,17133,1
2021-04-16 15:45:40.778,17133,17134,17134,1
2021-04-16 15:45:42.332,17133,17134,17133,4
2021-04-16 15:45:45.674,17133,17134,17134,1
2021-04-16 15:45:46.339,17133,17134,17134,1
2021-04-16 15:45:49.489,17133,17134,17134,1
2021-04-16 15:45:52.531,17133,17134,17134,1
2021-04-16 15:45:52.531,17133,17134,17134,9
2021-04-16 15:45:52.589,17133,17134,17134,1
2021-04-16 15:46:00.049,17134,17135,17135,3
2021-04-16 15:46:00.094,17134,17135,17135,1
2021-04-16 15:46:00.094,17134,17135,17135,2
2021-04-16 15:46:00.095,17134,17135,17135,1
2021-04-16 15:46:00.095,17134,17135,17135,1
2021-04-16 15:46:00.095,17134,17135,17135,1
2021-04-16 15:46:00.095,17134,17135,17135,1
2021-04-16 15:46:00.095,17134,17135,17135,3
2021-04-16 15:46:00.095,17134,17135,17136,1
2021-04-16 15:46:00.096,17134,17135,17136,1
2021-04-16 15:46:00.314,17135,17136,17136,2
2021-04-16 15:46:08.115,17135,17136,17135,2
2021-04-16 15:46:08.217,17134,17135,17135,1
2021-04-16 15:46:08.217,17134,17135,17136,1
2021-04-16 15:46:14.426,17135,17136,17135,1
2021-04-16 15:46:14.467,17135,17136,17136,1
2021-04-16 15:46:14.467,17135,17136,17136,1
2021-04-16 15:46:14.467,17135,17136,17136,1
2021-04-16 15:46:14.467,17135,17136,17136,1
2021-04-16 15:46:14.467,17135,17136,17136,1
2021-04-16 15:46:14.468,17135,17136,17136,1
2021-04-16 15:46:14.468,17135,17136,17136,1
2021-04-16 15:46:14.468,17135,17136,17136,1
2021-04-16 15:46:14.468,17135,17136,17136,1
2021-04-16 15:46:14.469,17135,17136,17136,1
2021-04-16 15:46:21.272,17135,17136,17136,7
2021-04-16 15:46:31.522,17136,17137,17136,1
2021-04-16 15:46:31.529,17136,17137,17136,1
2021-04-16 15:46:31.592,17135,17137,17137,1
2021-04-16 15:46:31.593,17135,17137,17137,1
2021-04-16 15:46:31.593,17135,17137,17137,1
2021-04-16 15:46:31.594,17135,17137,17137,1
2021-04-16 15:46:32.511,17135,17137,17137,19
2021-04-16 15:46:33.134,17137,17138,17137,1
2021-04-16 15:46:34.251,17137,17138,17137,2
2021-04-16 15:46:41.076,17137,17138,17137,3
2021-04-16 15:46:41.310,17135,17137,17135,3
2021-04-16 15:46:47.853,17135,17137,17135,1
2021-04-16 15:46:47.967,17135,17137,17137,1
2021-04-16 15:46:52.911,17135,17136,17136,1
2021-04-16 15:46:53.711,17135,17136,17135,1
2021-04-16 15:46:53.820,17135,17136,17135,1
2021-04-16 15:46:57.592,17135,17136,17136,2
2021-04-16 15:47:04.590,17135,17136,17136,1
2021-04-16 15:47:09.502,17135,17136,17136,1
2021-04-16 15:47:13.847,17136,17137,17137,1
2021-04-16 15:47:14.897,17136,17137,17137,1
2021-04-16 15:47:14.897,17136,17137,17137,1
2021-04-16 15:47:14.898,17136,17137,17137,2
2021-04-16 15:47:15.462,17136,17138,17136,5
2021-04-16 15:47:22.344,17136,17138,17138,1
2021-04-16 15:47:25.276,17136,17137,17137,1
2021-04-16 15:47:25.276,17136,17137,17137,5
2021-04-16 15:47:28.047,17137,17138,17137,2
2021-04-16 15:47:34.176,17137,17138,17137,3
2021-04-16 15:47:34.177,17137,17138,17137,3
2021-04-16 15:47:51.146,17137,17138,17137,1
2021-04-16 15:48:07.848,17137,17138,17137,1
2021-04-16 15:48:07.907,17137,17138,17137,1
2021-04-16 15:48:09.060,17136,17137,17136,2
2021-04-16 15:48:16.626,17136,17137,17137,2
2021-04-16 15:48:16.708,17136,17137,17138,5
2021-04-16 15:48:23.792,17137,17138,17138,2
2021-04-16 15:48:25.322,17137,17138,17137,3
2021-04-16 15:48:27.532,17137,17138,17137,2
2021-04-16 15:48:27.532,17137,17138,17137,3
2021-04-16 15:48:34.137,17137,17138,17137,1
2021-04-16 15:49:18.723,17137,17138,17138,2
2021-04-16 15:49:20.634,17137,17138,17138,5
2021-04-16 15:49:20.634,17137,17138,17138,4
2021-04-16 15:49:21.787,17138,17139,17138,2
2021-04-16 15:49:23.821,17138,17139,17139,1
2021-04-16 15:49:23.895,17138,17139,17139,1
2021-04-16 15:49:45.736,17138,17139,17139,1
2021-04-16 15:50:02.958,17138,17139,17139,1
2021-04-16 15:50:03.737,17138,17139,17139,1
2021-04-16 15:50:03.842,17138,17139,17139,1
2021-04-16 15:50:09.465,17138,17139,17139,7
2021-04-16 15:50:13.314,17138,17140,17138,1
2021-04-16 15:50:14.163,17138,17139,17139,1
2021-04-16 15:50:28.024,17138,17139,17139,2
2021-04-16 15:50:29.107,17138,17139,17138,2
2021-04-16 15:50:29.404,17138,17139,17139,5
2021-04-16 15:50:34.304,17138,17139,17139,1
2021-04-16 15:50:57.328,17138,17139,17139,1
2021-04-16 15:51:03.540,17138,17139,17139,2
2021-04-16 15:51:15.410,17138,17139,17139,1
2021-04-16 15:51:16.171,17138,17139,17139,1
2021-04-16 15:51:16.172,17138,17139,17139,4
2021-04-16 15:51:16.172,17138,17139,17139,7
2021-04-16 15:51:17.665,17139,17140,17139,1
2021-04-16 15:51:25.954,17139,17140,17140,1
2021-04-16 15:51:25.989,17139,17140,17140,1
2021-04-16 15:51:25.996,17139,17140,17140,1
2021-04-16 15:51:27.519,17139,17140,17139,1
2021-04-16 15:51:30.951,17139,17140,17139,1
2021-04-16 15:52:04.362,17139,17140,17140,1
2021-04-16 15:52:09.916,17139,17140,17140,1
2021-04-16 15:52:13.171,17139,17140,17140,1
2021-04-16 15:52:40.631,17139,17140,17140,1
2021-04-16 15:52:43.021,17139,17140,17140,1
2021-04-16 15:52:47.966,17139,17140,17139,1
2021-04-16 15:52:47.966,17139,17140,17139,1
2021-04-16 15:52:47.966,17139,17140,17139,1
2021-04-16 15:52:47.966,17139,17140,17139,1
2021-04-16 15:52:47.966,17139,17140,17139,4
2021-04-16 15:52:47.966,17139,17140,17139,1
2021-04-16 15:52:47.966,17139,17140,17139,3
2021-04-16 15:52:47.966,17139,17140,17139,7
2021-04-16 15:52:47.966,17139,17140,17139,1
2021-04-16 15:52:47.967,17139,17140,17139,2
2021-04-16 15:52:47.967,17139,17140,17139,1
2021-04-16 15:52:47.967,17139,17140,17139,1
2021-04-16 15:52:47.967,17139,17140,17139,1
2021-04-16 15:52:47.967,17139,17140,17139,1
2021-04-16 15:52:47.967,17139,17140,17139,1
2021-04-16 15:52:47.967,17139,17140,17139,1
2021-04-16 15:52:47.967,17139,17140,17139,2
2021-04-16 15:52:47.968,17139,17140,17139,1
2021-04-16 15:52:47.969,17139,17140,17139,14
2021-04-16 15:52:47.969,17139,17140,17138,1
2021-04-16 15:52:47.969,17139,17140,17138,1
2021-04-16 15:52:47.970,17139,17140,17138,1
2021-04-16 15:52:53.785,17138,17139,17138,2
2021-04-16 15:53:02.512,17138,17139,17139,1
2021-04-16 15:53:03.413,17138,17139,17138,2
2021-04-16 15:53:06.537,17138,17139,17139,1
2021-04-16 15:53:13.715,17138,17139,17138,23
2021-04-16 15:53:17.856,17137,17138,17138,1
2021-04-16 15:53:41.069,17137,17138,17137,1
2021-04-16 15:53:41.069,17137,17138,17137,3
2021-04-16 15:53:41.070,17137,17138,17137,2
2021-04-16 15:53:41.070,17137,17138,17137,2
2021-04-16 15:53:47.978,17137,17138,17137,2
2021-04-16 15:53:57.185,17137,17138,17137,2
2021-04-16 15:54:10.219,17137,17138,17137,1
2021-04-16 15:54:39.967,17137,17138,17137,1
2021-04-16 15:54:41.455,17137,17138,17138,1
2021-04-16 15:54:41.455,17137,17138,17138,2
2021-04-16 15:54:44.631,17137,17139,17139,1
2021-04-16 15:54:49.151,17138,17139,17138,1
2021-04-16 15:55:12.988,17137,17138,17138,1
2021-04-16 15:55:22.131,17138,17139,17139,1
2021-04-16 15:55:22.131,17138,17139,17139,1
2021-04-16 15:55:22.131,17138,17139,17139,1
2021-04-16 15:55:22.131,17138,17139,17139,1
2021-04-16 15:55:22.131,17138,17139,17139,5
2021-04-16 15:55:32.562,17139,17140,17139,2
2021-04-16 15:55:49.188,17138,17139,17138,1
2021-04-16 15:55:50.371,17138,17139,17138,1
2021-04-16 15:56:06.434,17137,17138,17138,1
2021-04-16 15:56:15.935,17137,17138,17138,1
2021-04-16 15:56:25.096,17137,17138,17137,4
2021-04-16 15:56:25.909,17136,17137,17137,1
2021-04-16 15:56:27.181,17136,17137,17137,1
2021-04-16 15:56:40.029,17136,17137,17136,2
2021-04-16 15:56:47.191,17136,17137,17136,1
2021-04-16 15:57:05.303,17136,17137,17136,1
2021-04-16 15:57:19.390,17136,17137,17136,1
2021-04-16 15:57:25.775,17136,17137,17136,5
2021-04-16 15:57:40.367,17136,17137,17136,5
2021-04-16 15:57:48.680,17136,17137,17137,1
2021-04-16 15:57:49.808,17136,17137,17136,1
2021-04-16 15:57:51.789,17136,17137,17137,1
2021-04-16 15:57:59.730,17136,17137,17137,10
2021-04-16 15:58:04.730,17137,17138,17137,1
2021-04-16 15:58:05.651,17136,17137,17136,1
2021-04-16 15:58:05.653,17136,17137,17136,2
2021-04-16 15:58:05.656,17136,17137,17136,1
2021-04-16 15:58:05.656,17136,17137,17136,2
2021-04-16 15:58:05.661,17136,17137,17136,2
2021-04-16 15:58:05.661,17136,17137,17136,8
2021-04-16 15:58:05.662,17136,17137,17136,1
2021-04-16 15:58:05.822,17136,17137,17136,2
2021-04-16 15:58:06.764,17136,17137,17136,2
2021-04-16 15:58:17.391,17136,17137,17137,1
2021-04-16 15:58:19.763,17136,17137,17137,1
2021-04-16 15:58:23.843,17136,17137,17136,1
2021-04-16 15:58:24.757,17136,17137,17136,1
2021-04-16 15:58:25.879,17135,17136,17136,1
2021-04-16 15:58:31.090,17136,17137,17136,1
2021-04-16 15:58:35.245,17135,17137,17136,1
2021-04-16 15:58:40.837,17135,17136,17136,1
2021-04-16 15:58:43.757,17135,17136,17135,1
2021-04-16 15:58:43.778,17135,17136,17135,8
2021-04-16 15:58:43.778,17135,17136,17135,12
2021-04-16 15:58:43.778,17135,17136,17135,8
2021-04-16 15:58:43.799,17135,17136,17134,1
2021-04-16 15:58:45.354,17135,17136,17135,1
2021-04-16 15:59:04.489,17135,17136,17135,1
2021-04-16 15:59:10.339,17135,17136,17135,4
2021-04-16 15:59:32.455,17134,17135,17134,1
2021-04-16 15:59:36.414,17134,17135,17135,4
2021-04-16 15:59:41.528,17135,17136,17136,1
2021-04-16 15:59:48.367,17135,17136,17135,6
2021-04-16 15:59:48.368,17135,17136,17135,4
2021-04-16 15:59:52.226,17135,17136,17135,3
2021-04-16 15:59:59.615,17134,17135,17135,7
2021-04-16 16:00:02.112,17135,17136,17135,1
2021-04-16 16:00:02.551,17135,17136,17136,2
2021-04-16 16:00:02.893,17135,17136,17136,1
2021-04-16 16:00:02.893,17135,17136,17136,1
2021-04-16 16:00:02.893,17135,17136,17136,1
2021-04-16 16:00:02.893,17135,17136,17136,1
2021-04-16 16:00:02.893,17135,17136,17136,7
2021-04-16 16:00:03.531,17136,17137,17137,1
2021-04-16 16:00:03.783,17135,17136,17136,1
2021-04-16 16:00:03.859,17135,17137,17135,1
2021-04-16 16:00:05.343,17135,17137,17135,1
2021-04-16 16:00:07.251,17136,17138,17136,5
2021-04-16 16:00:07.251,17136,17138,17135,5
2021-04-16 16:00:11.939,17135,17137,17137,1
2021-04-16 16:00:12.480,17135,17137,17137,1
2021-04-16 16:00:14.127,17135,17137,17137,6
2021-04-16 16:00:14.396,17136,17138,17136,1
2021-04-16 16:00:30.002,17136,17138,17138,1
2021-04-16 16:00:34.208,17136,17137,17136,1
2021-04-16 16:00:43.976,17136,17137,17136,4
2021-04-16 16:00:58.514,17135,17136,17135,5
2021-04-16 16:00:58.590,17135,17136,17135,2
2021-04-16 16:01:13.755,17134,17135,17134,1
2021-04-16 16:01:13.755,17134,17135,17134,4
2021-04-16 16:01:13.755,17134,17135,17134,1
2021-04-16 16:01:14.192,17133,17134,17134,1
2021-04-16 16:01:19.378,17134,17135,17134,1
2021-04-16 16:01:32.349,17133,17134,17133,3
2021-04-16 16:01:33.164,17133,17134,17133,1
2021-04-16 16:01:33.216,17133,17134,17133,1
2021-04-16 16:01:33.216,17133,17134,17133,2
2021-04-16 16:01:34.447,17132,17133,17133,1
2021-04-16 16:01:35.723,17132,17134,17132,1
2021-04-16 16:01:38.778,17132,17133,17132,1
2021-04-16 16:01:38.778,17132,17133,17132,1
2021-04-16 16:01:38.778,17132,17133,17132,2
2021-04-16 16:01:38.778,17132,17133,17132,16
2021-04-16 16:01:38.778,17132,17133,17132,1
2021-04-16 16:01:38.778,17132,17133,17132,2
2021-04-16 16:01:44.085,17131,17132,17131,1
2021-04-16 16:01:44.121,17131,17132,17131,2
2021-04-16 16:01:44.215,17131,17132,17131,47
2021-04-16 16:01:44.217,17131,17132,17130,1
2021-04-16 16:01:44.217,17131,17132,17130,1
2021-04-16 16:01:44.218,17131,17132,17130,1
2021-04-16 16:01:44.227,17131,17132,17131,1
2021-04-16 16:01:44.262,17131,17132,17131,1
2021-04-16 16:01:44.376,17130,17131,17130,1
2021-04-16 16:01:44.393,17130,17131,17131,1
2021-04-16 16:01:44.514,17130,17131,17130,2
2021-04-16 16:01:45.547,17130,17132,17130,1
2021-04-16 16:01:45.572,17130,17132,17130,1
2021-04-16 16:01:45.572,17130,17132,17130,1
2021-04-16 16:01:46.508,17131,17132,17132,1
2021-04-16 16:01:46.592,17131,17132,17131,1
2021-04-16 16:01:46.600,17131,17132,17131,1
2021-04-16 16:01:46.683,17131,17132,17131,1
2021-04-16 16:01:46.705,17131,17132,17131,1
2021-04-16 16:01:49.771,17131,17132,17131,1
2021-04-16 16:01:51.501,17131,17132,17131,2
2021-04-16 16:01:53.781,17130,17132,17132,1
2021-04-16 16:01:55.460,17131,17133,17131,3
2021-04-16 16:01:58.066,17130,17131,17131,1
2021-04-16 16:02:04.979,17130,17131,17131,1
2021-04-16 16:02:05.567,17130,17131,17131,2
2021-04-16 16:02:06.816,17130,17131,17130,1
2021-04-16 16:02:07.312,17130,17131,17131,2
2021-04-16 16:02:10.746,17130,17131,17131,2
2021-04-16 16:02:17.219,17130,17131,17131,1
2021-04-16 16:02:18.670,17130,17131,17131,1
2021-04-16 16:02:18.717,17130,17131,17130,1
2021-04-16 16:02:20.404,17130,17131,17131,1
2021-04-16 16:02:21.335,17131,17133,17133,5
2021-04-16 16:02:22.856,17132,17134,17132,1
2021-04-16 16:02:30.920,17134,17135,17134,3
2021-04-16 16:02:30.920,17134,17135,17133,3
2021-04-16 16:02:38.185,17133,17135,17133,1
2021-04-16 16:02:38.217,17133,17135,17133,1
2021-04-16 16:02:48.217,17134,17135,17135,3
2021-04-16 16:02:55.713,17133,17135,17135,1
2021-04-16 16:03:09.251,17133,17134,17134,1
2021-04-16 16:03:18.393,17133,17134,17133,1
2021-04-16 16:03:18.995,17132,17134,17132,1
2021-04-16 16:03:26.741,17134,17135,17134,1
2021-04-16 16:03:29.380,17133,17134,17133,1
2021-04-16 16:03:35.204,17133,17134,17134,1
2021-04-16 16:03:38.018,17134,17135,17135,2
2021-04-16 16:03:38.201,17134,17136,17134,10
2021-04-16 16:03:38.202,17134,17136,17134,2
2021-04-16 16:03:57.906,17134,17135,17135,1
2021-04-16 16:03:57.906,17134,17135,17135,2
2021-04-16 16:03:58.267,17134,17137,17134,1
2021-04-16 16:04:01.679,17134,17135,17135,7
2021-04-16 16:04:03.361,17135,17137,17135,3
2021-04-16 16:04:05.462,17135,17136,17136,1
2021-04-16 16:04:07.473,17135,17137,17137,2
2021-04-16 16:04:24.880,17136,17137,17136,2
2021-04-16 16:04:37.132,17136,17137,17136,1
2021-04-16 16:04:44.481,17136,17137,17136,4
2021-04-16 16:05:24.701,17136,17137,17137,2
2021-04-16 16:05:25.236,17137,17139,17137,2
2021-04-16 16:05:25.452,17137,17138,17138,1
2021-04-16 16:05:26.568,17137,17138,17137,1
2021-04-16 16:05:28.142,17137,17138,17138,2
2021-04-16 16:05:28.289,17137,17138,17138,1
2021-04-16 16:05:43.354,17138,17139,17139,3
2021-04-16 16:05:43.374,17138,17139,17138,1
2021-04-16 16:05:45.616,17139,17140,17139,1
2021-04-16 16:05:45.616,17139,17140,17138,3
2021-04-16 16:05:51.630,17138,17139,17139,1
2021-04-16 16:05:52.028,17138,17139,17139,1
2021-04-16 16:06:06.011,17139,17140,17140,1
2021-04-16 16:06:06.513,17139,17140,17139,1
2021-04-16 16:06:06.683,17139,17140,17139,1
2021-04-16 16:06:14.818,17138,17140,17140,26
2021-04-16 16:06:14.819,17138,17140,17140,1
2021-04-16 16:06:14.819,17138,17140,17140,1
2021-04-16 16:06:14.819,17138,17140,17140,1
2021-04-16 16:06:15.316,17140,17141,17140,1
2021-04-16 16:06:21.928,17140,17141,17140,1
2021-04-16 16:06:25.457,17140,17141,17140,3
2021-04-16 16:06:45.540,17139,17140,17139,1
2021-04-16 16:06:45.540,17139,17140,17139,3
2021-04-16 16:07:11.882,17138,17139,17138,1
2021-04-16 16:07:11.882,17138,17139,17138,1
2021-04-16 16:07:13.512,17136,17138,17138,1
2021-04-16 16:07:20.961,17137,17138,17138,1
2021-04-16 16:07:41.174,17137,17138,17138,1
2021-04-16 16:08:00.130,17137,17138,17138,1
2021-04-16 16:08:00.820,17137,17138,17138,1
2021-04-16 16:08:09.878,17137,17138,17138,2
2021-04-16 16:08:31.218,17137,17138,17138,1
2021-04-16 16:08:33.243,17137,17138,17138,1
2021-04-16 16:08:44.713,17138,17139,17138,1
2021-04-16 16:08:44.717,17138,17139,17138,1
2021-04-16 16:08:47.262,17137,17139,17139,1
2021-04-16 16:08:57.066,17138,17139,17139,1
2021-04-16 16:09:12.760,17139,17140,17139,1
2021-04-16 16:09:23.604,17139,17140,17140,1
2021-04-16 16:09:30.410,17139,17140,17139,1
2021-04-16 16:09:40.554,17139,17140,17140,1
2021-04-16 16:09:50.211,17139,17140,17140,1
2021-04-16 16:09:53.102,17139,17140,17140,6
2021-04-16 16:09:53.102,17139,17140,17140,1
2021-04-16 16:09:53.103,17139,17140,17140,1
2021-04-16 16:10:02.340,17140,17141,17141,1
2021-04-16 16:10:02.583,17140,17141,17141,1
2021-04-16 16:10:04.762,17140,17141,17141,2
2021-04-16 16:10:13.881,17140,17141,17141,1
2021-04-16 16:10:14.640,17140,17141,17141,1
2021-04-16 16:10:16.494,17141,17142,17141,1
2021-04-16 16:10:32.429,17141,17142,17142,4
2021-04-16 16:10:34.807,17141,17142,17142,2
2021-04-16 16:10:37.339,17141,17142,17142,1
2021-04-16 16:10:43.950,17141,17142,17142,1
2021-04-16 16:10:55.609,17141,17142,17142,4
2021-04-16 16:11:02.781,17141,17142,17142,1
2021-04-16 16:11:10.695,17141,17142,17142,1
2021-04-16 16:11:21.095,17141,17142,17142,4
2021-04-16 16:11:22.448,17141,17142,17142,5
2021-04-16 16:11:40.404,17142,17143,17142,1
2021-04-16 16:11:54.565,17141,17142,17142,1
2021-04-16 16:11:56.672,17141,17142,17142,1
2021-04-16 16:12:05.174,17141,17142,17142,2
2021-04-16 16:12:05.286,17141,17142,17142,2
2021-04-16 16:12:07.494,17141,17142,17142,1
2021-04-16 16:12:12.216,17141,17142,17141,4
2021-04-16 16:12:12.363,17140,17141,17141,1
2021-04-16 16:12:12.363,17140,17141,17142,1
2021-04-16 16:12:39.301,17140,17141,17140,1
2021-04-16 16:12:40.103,17140,17141,17141,1
2021-04-16 16:12:56.381,17141,17142,17142,1
2021-04-16 16:13:06.210,17141,17142,17142,1
2021-04-16 16:13:16.089,17141,17142,17142,2
2021-04-16 16:13:18.120,17141,17142,17142,1
2021-04-16 16:13:21.098,17141,17142,17142,2
2021-04-16 16:13:27.771,17141,17142,17142,1
2021-04-16 16:13:34.318,17141,17142,17142,1
2021-04-16 16:13:39.105,17141,17142,17142,1
2021-04-16 16:13:48.152,17141,17142,17142,2
2021-04-16 16:13:48.605,17142,17143,17143,1
2021-04-16 16:13:48.742,17142,17143,17143,1
2021-04-16 16:13:48.743,17142,17143,17143,10
2021-04-16 16:13:48.780,17142,17143,17144,1
2021-04-16 16:13:48.920,17143,17144,17144,1
2021-04-16 16:13:49.098,17143,17144,17144,1
2021-04-16 16:13:57.576,17143,17144,17143,1
2021-04-16 16:14:02.528,17143,17144,17143,2
2021-04-16 16:14:03.074,17142,17143,17143,2
2021-04-16 16:14:03.479,17142,17143,17142,1
2021-04-16 16:14:04.240,17141,17142,17142,1
2021-04-16 16:14:08.177,17141,17142,17142,2
2021-04-16 16:14:08.177,17141,17142,17142,1
2021-04-16 16:14:09.795,17141,17142,17142,1
2021-04-16 16:14:18.903,17141,17143,17143,6
2021-04-16 16:14:24.453,17141,17143,17143,1
2021-04-16 16:14:28.489,17142,17143,17143,1
2021-04-16 16:14:43.624,17141,17142,17142,1
2021-04-16 16:14:54.922,17142,17143,17142,1
2021-04-16 16:14:57.729,17142,17143,17142,1
2021-04-16 16:15:03.376,17142,17143,17143,1
2021-04-16 16:15:03.894,17142,17143,17143,3
2021-04-16 16:15:15.849,17142,17143,17142,1
2021-04-16 16:15:19.878,17142,17143,17143,1
2021-04-16 16:15:21.424,17142,17143,17142,2
2021-04-16 16:15:26.798,17141,17142,17142,1
2021-04-16 16:15:35.527,17142,17143,17142,1
2021-04-16 16:15:45.122,17141,17143,17143,1
2021-04-16 16:15:58.320,17141,17142,17142,1
2021-04-16 16:16:18.615,17142,17143,17143,2
2021-04-16 16:16:18.615,17142,17143,17143,1
2021-04-16 16:16:18.754,17143,17144,17143,1
2021-04-16 16:16:19.284,17143,17144,17144,4
2021-04-16 16:16:19.285,17143,17144,17144,3
2021-04-16 16:16:19.285,17143,17144,17144,1
2021-04-16 16:16:19.285,17143,17144,17144,1
2021-04-16 16:16:19.285,17143,17144,17144,1
2021-04-16 16:16:19.285,17143,17144,17144,2
2021-04-16 16:16:19.285,17143,17144,17144,2
2021-04-16 16:16:21.112,17143,17145,17143,3
2021-04-16 16:17:02.254,17143,17144,17143,1
2021-04-16 16:17:03.088,17142,17143,17143,1
2021-04-16 16:17:04.800,17142,17143,17143,1
2021-04-16 16:17:04.884,17142,17144,17143,1
2021-04-16 16:17:09.081,17142,17143,17142,1
2021-04-16 16:17:10.880,17142,17143,17142,3
2021-04-16 16:17:11.282,17141,17142,17142,2
2021-04-16 16:17:11.392,17141,17142,17142,1
2021-04-16 16:17:29.148,17141,17142,17141,6
2021-04-16 16:18:25.454,17140,17141,17140,1
2021-04-16 16:18:25.454,17140,17141,17140,1
2021-04-16 16:18:25.454,17140,17141,17140,1
2021-04-16 16:18:25.454,17140,17141,17140,1
2021-04-16 16:18:28.688,17139,17140,17140,2
2021-04-16 16:18:34.697,17139,17140,17139,1
2021-04-16 16:18:34.698,17139,17140,17139,1
2021-04-16 16:18:35.495,17138,17140,17140,1
2021-04-16 16:18:35.689,17138,17140,17138,2
2021-04-16 16:18:50.786,17139,17140,17139,1
2021-04-16 16:18:50.786,17139,17140,17138,1
2021-04-16 16:18:57.597,17139,17140,17139,1
2021-04-16 16:19:01.187,17138,17140,17139,1
2021-04-16 16:19:03.068,17138,17140,17138,1
2021-04-16 16:19:09.354,17138,17139,17138,1
2021-04-16 16:19:09.356,17138,17139,17138,1
2021-04-16 16:19:14.072,17138,17139,17139,1
2021-04-16 16:19:14.176,17138,17139,17139,2
2021-04-16 16:19:14.176,17138,17139,17139,2
2021-04-16 16:19:14.176,17138,17139,17139,1
2021-04-16 16:19:22.636,17139,17140,17139,3
2021-04-16 16:19:29.184,17139,17140,17139,5
2021-04-16 16:19:46.040,17139,17140,17139,5
2021-04-16 16:19:50.830,17138,17139,17139,1
2021-04-16 16:19:51.488,17139,17140,17139,1
2021-04-16 16:20:03.409,17139,17140,17139,1
2021-04-16 16:20:03.716,17138,17139,17139,1
2021-04-16 16:20:04.465,17138,17139,17138,1
2021-04-16 16:20:04.797,17138,17139,17138,1
2021-04-16 16:20:05.210,17138,17139,17139,1
2021-04-16 16:20:21.840,17138,17139,17138,3
2021-04-16 16:20:37.393,17138,17139,17138,1
2021-04-16 16:20:48.607,17137,17138,17138,1
2021-04-16 16:20:53.759,17137,17138,17137,4
2021-04-16 16:21:01.417,17137,17138,17137,1
2021-04-16 16:21:01.752,17137,17138,17137,1
2021-04-16 16:21:12.132,17136,17137,17137,1
2021-04-16 16:21:24.299,17136,17137,17136,1
2021-04-16 16:21:36.938,17136,17137,17136,1
2021-04-16 16:21:55.531,17136,17137,17136,1
2021-04-16 16:22:02.221,17136,17137,17137,5
2021-04-16 16:22:02.221,17136,17137,17137,1
2021-04-16 16:22:02.221,17136,17137,17137,1
2021-04-16 16:22:02.222,17136,17137,17137,1
2021-04-16 16:22:02.222,17136,17137,17137,1
2021-04-16 16:22:02.222,17136,17137,17137,1
2021-04-16 16:22:02.222,17136,17137,17137,2
2021-04-16 16:22:02.222,17136,17137,17137,1
2021-04-16 16:22:02.222,17136,17137,17137,1
2021-04-16 16:22:02.222,17136,17137,17137,1
2021-04-16 16:22:08.893,17136,17137,17137,1
2021-04-16 16:22:09.045,17136,17138,17138,1
2021-04-16 16:22:09.104,17136,17138,17136,1
2021-04-16 16:22:09.113,17136,17138,17136,1
2021-04-16 16:22:09.237,17136,17138,17138,1
2021-04-16 16:22:15.601,17136,17138,17136,2
2021-04-16 16:22:22.263,17137,17138,17137,3
2021-04-16 16:22:22.263,17137,17138,17136,1
2021-04-16 16:22:41.317,17137,17138,17137,4
2021-04-16 16:23:02.078,17137,17138,17138,1
2021-04-16 16:23:02.078,17137,17138,17138,2
2021-04-16 16:23:05.090,17138,17139,17138,1
2021-04-16 16:23:09.390,17137,17139,17139,2
2021-04-16 16:23:10.681,17137,17139,17139,2
2021-04-16 16:23:14.586,17138,17140,17140,2
2021-04-16 16:23:18.362,17138,17140,17140,1
2021-04-16 16:23:31.162,17138,17139,17139,1
2021-04-16 16:23:40.657,17139,17140,17140,1
2021-04-16 16:23:50.155,17139,17140,17140,1
2021-04-16 16:23:59.129,17139,17140,17140,3
2021-04-16 16:23:59.659,17140,17141,17141,1
2021-04-16 16:23:59.969,17140,17141,17140,1
2021-04-16 16:24:10.132,17140,17141,17140,1
2021-04-16 16:24:10.515,17140,17141,17140,1
2021-04-16 16:24:10.977,17140,17141,17140,1
2021-04-16 16:24:11.572,17140,17141,17141,1
2021-04-16 16:24:17.077,17140,17141,17140,2
2021-04-16 16:24:17.972,17139,17140,17140,2
2021-04-16 16:24:20.771,17139,17140,17139,1
2021-04-16 16:24:20.772,17139,17140,17139,1
2021-04-16 16:24:20.772,17139,17140,17139,1
2021-04-16 16:24:20.841,17138,17139,17139,3
2021-04-16 16:24:27.185,17137,17139,17139,1
2021-04-16 16:24:40.820,17138,17139,17138,1
2021-04-16 16:24:46.257,17137,17139,17138,1
2021-04-16 16:24:46.269,17137,17139,17138,1
2021-04-16 16:24:47.808,17137,17139,17137,5
2021-04-16 16:24:56.565,17136,17137,17137,1
2021-04-16 16:25:00.717,17136,17137,17136,1
2021-04-16 16:25:07.916,17136,17137,17137,1
2021-04-16 16:25:15.185,17136,17137,17136,1
2021-04-16 16:25:17.409,17136,17137,17137,1
2021-04-16 16:25:23.222,17136,17137,17137,2
2021-04-16 16:25:38.505,17137,17138,17138,1
2021-04-16 16:25:41.924,17137,17138,17138,1
2021-04-16 16:25:47.480,17138,17139,17138,1
2021-04-16 16:25:53.660,17137,17138,17138,1
2021-04-16 16:26:01.540,17137,17138,17138,1
2021-04-16 16:26:14.750,17137,17138,17138,1
2021-04-16 16:26:20.744,17137,17138,17138,1
2021-04-16 16:26:40.076,17137,17138,17138,1
2021-04-16 16:26:43.764,17137,17138,17138,1
2021-04-16 16:26:43.764,17137,17138,17138,1
2021-04-16 16:26:43.764,17137,17138,17138,1
2021-04-16 16:26:43.764,17137,17138,17138,2
2021-04-16 16:26:43.764,17137,17138,17138,1
2021-04-16 16:26:43.764,17137,17138,17138,1
2021-04-16 16:26:44.469,17137,17139,17139,1
2021-04-16 16:26:55.510,17139,17140,17140,1
2021-04-16 16:27:07.534,17139,17140,17139,1
2021-04-16 16:27:18.945,17138,17140,17140,1
2021-04-16 16:27:34.006,17138,17140,17140,1
2021-04-16 16:28:16.886,17138,17139,17139,1
2021-04-16 16:28:42.296,17138,17139,17139,6
2021-04-16 16:29:00.640,17139,17140,17139,2
2021-04-16 16:29:38.417,17138,17139,17138,1
2021-04-16 16:29:38.417,17138,17139,17138,1
2021-04-16 16:29:38.417,17138,17139,17138,1
2021-04-16 16:29:38.417,17138,17139,17138,1
2021-04-16 16:29:38.417,17138,17139,17138,3
2021-04-16 16:29:44.642,17137,17138,17138,1
2021-04-16 16:30:00.211,17137,17138,17138,1
2021-04-16 16:30:00.519,17138,17139,17139,1
2021-04-16 16:30:00.519,17138,17139,17139,1
2021-04-16 16:30:00.521,17138,17139,17139,1
2021-04-16 16:30:00.540,17138,17139,17139,4
2021-04-16 16:30:00.547,17138,17139,17139,1
2021-04-16 16:30:00.547,17138,17139,17140,7
2021-04-16 16:30:00.567,17138,17139,17140,1
2021-04-16 16:30:00.622,17138,17140,17140,1
2021-04-16 16:30:02.438,17138,17140,17138,5
2021-04-16 16:30:29.340,17137,17138,17137,6
2021-04-16 16:31:32.331,17136,17137,17136,1
2021-04-16 16:32:05.318,17136,17137,17137,2
2021-04-16 16:32:07.319,17136,17137,17136,2
2021-04-16 16:32:08.793,17136,17137,17137,2
2021-04-16 16:32:09.961,17136,17137,17137,1
2021-04-16 16:32:35.904,17137,17138,17138,1
2021-04-16 16:32:48.234,17136,17138,17136,1
2021-04-16 16:32:57.861,17136,17138,17138,1
2021-04-16 16:33:43.112,17137,17138,17137,1
2021-04-16 16:33:46.798,17137,17138,17137,2
2021-04-16 16:33:48.881,17136,17138,17138,1
2021-04-16 16:33:52.667,17136,17138,17138,1
2021-04-16 16:34:40.039,17136,17137,17137,1
2021-04-16 16:34:44.548,17136,17137,17136,1
2021-04-16 16:34:55.563,17136,17137,17136,12
2021-04-16 16:34:55.565,17136,17137,17135,24
2021-04-16 16:34:55.566,17136,17137,17135,9
2021-04-16 16:34:55.591,17134,17135,17134,2
2021-04-16 16:34:55.591,17134,17135,17134,3
2021-04-16 16:34:55.651,17134,17135,17133,3
2021-04-16 16:34:58.119,17133,17134,17133,1
2021-04-16 16:34:58.215,17133,17134,17133,19
2021-04-16 16:35:02.398,17132,17133,17132,1
2021-04-16 16:35:07.088,17132,17133,17132,1
2021-04-16 16:35:07.178,17132,17133,17132,1
2021-04-16 16:35:07.331,17132,17133,17132,1
2021-04-16 16:35:07.904,17132,17133,17132,1
2021-04-16 16:35:08.007,17132,17133,17132,1
2021-04-16 16:35:08.869,17132,17133,17132,2
2021-04-16 16:35:09.994,17132,17133,17132,4
2021-04-16 16:35:13.739,17132,17133,17132,1
2021-04-16 16:35:13.739,17132,17133,17132,1
2021-04-16 16:35:15.636,17132,17133,17132,2
2021-04-16 16:35:15.636,17132,17133,17131,3
2021-04-16 16:35:18.091,17132,17133,17132,1
2021-04-16 16:35:19.113,17132,17133,17132,1
2021-04-16 16:35:22.685,17132,17133,17132,1
2021-04-16 16:35:22.685,17132,17133,17131,22
2021-04-16 16:35:24.453,17131,17133,17131,1
2021-04-16 16:35:29.350,17131,17133,17133,6
2021-04-16 16:35:31.974,17134,17136,17134,1
2021-04-16 16:35:41.905,17134,17136,17134,1
2021-04-16 16:35:42.070,17134,17136,17134,2
2021-04-16 16:35:44.578,17133,17135,17133,2
2021-04-16 16:35:44.624,17133,17135,17133,2
2021-04-16 16:35:47.677,17133,17135,17133,6
2021-04-16 16:35:47.678,17133,17135,17133,3
2021-04-16 16:35:47.679,17133,17135,17133,2
2021-04-16 16:35:47.679,17133,17135,17133,4
2021-04-16 16:35:50.271,17132,17134,17132,1
2021-04-16 16:36:01.786,17133,17134,17133,1
2021-04-16 16:36:01.891,17132,17133,17133,1
2021-04-16 16:36:07.925,17132,17133,17133,5
2021-04-16 16:36:07.925,17132,17133,17133,10
2021-04-16 16:36:21.660,17133,17134,17133,2
2021-04-16 16:36:23.975,17133,17134,17133,1
2021-04-16 16:36:24.356,17133,17134,17133,2
2021-04-16 16:36:40.643,17133,17134,17133,7
2021-04-16 16:36:44.753,17132,17133,17133,4
2021-04-16 16:36:46.697,17133,17134,17133,1
2021-04-16 16:37:00.746,17132,17134,17132,1
2021-04-16 16:37:01.672,17132,17134,17132,2
2021-04-16 16:37:01.882,17133,17134,17133,4
2021-04-16 16:37:14.522,17133,17134,17133,1
2021-04-16 16:37:15.043,17133,17134,17134,1
2021-04-16 16:37:15.178,17133,17134,17134,10
2021-04-16 16:37:16.999,17134,17135,17134,1
2021-04-16 16:37:29.475,17134,17135,17134,1
2021-04-16 16:38:31.468,17134,17135,17135,4
2021-04-16 16:38:31.936,17134,17135,17134,3
2021-04-16 16:38:33.897,17134,17135,17135,1
2021-04-16 16:38:54.571,17134,17135,17135,5
2021-04-16 16:38:54.571,17134,17135,17135,3
2021-04-16 16:38:58.044,17135,17136,17136,1
2021-04-16 16:38:59.444,17135,17137,17137,1
2021-04-16 16:39:21.852,17136,17137,17137,1
2021-04-16 16:39:34.814,17136,17137,17137,1
2021-04-16 16:39:38.264,17136,17137,17137,1
2021-04-16 16:39:44.308,17136,17137,17137,1
2021-04-16 16:39:47.773,17136,17137,17137,4
2021-04-16 16:39:58.373,17137,17138,17138,1
2021-04-16 16:40:10.188,17137,17138,17137,1
2021-04-16 16:40:10.188,17137,17138,17137,3
2021-04-16 16:40:10.199,17137,17138,17137,1
2021-04-16 16:40:17.867,17135,17136,17136,2
2021-04-16 16:40:34.174,17135,17137,17137,3
2021-04-16 16:40:45.282,17135,17136,17136,1
2021-04-16 16:41:06.112,17135,17136,17135,1
2021-04-16 16:41:06.373,17135,17136,17136,1
2021-04-16 16:41:23.527,17135,17136,17136,3
2021-04-16 16:41:23.965,17136,17137,17136,1
2021-04-16 16:42:40.720,17136,17137,17137,3
2021-04-16 16:42:40.721,17136,17137,17137,1
2021-04-16 16:42:40.721,17136,17137,17137,1
2021-04-16 16:42:40.721,17136,17137,17137,1
2021-04-16 16:43:03.540,17137,17138,17137,1
2021-04-16 16:43:03.541,17137,17138,17137,3
2021-04-16 16:43:12.064,17136,17137,17137,1
2021-04-16 16:43:29.716,17137,17138,17137,1
2021-04-16 16:43:47.331,17136,17137,17137,1
2021-04-16 16:44:38.715,17136,17137,17136,11
2021-04-16 16:44:44.000,17136,17137,17136,1
2021-04-16 16:45:02.300,17135,17136,17136,1
2021-04-16 16:45:10.242,17136,17137,17136,1
2021-04-16 16:45:25.395,17135,17136,17136,2
2021-04-16 16:45:43.940,17135,17136,17136,1
2021-04-16 16:46:00.960,17135,17136,17135,1
2021-04-16 16:46:17.164,17135,17136,17136,1
2021-04-16 16:46:17.164,17135,17136,17136,1
2021-04-16 16:46:28.410,17136,17137,17137,2
2021-04-16 16:46:45.245,17136,17137,17137,2
2021-04-16 16:46:56.558,17136,17137,17137,1
2021-04-16 16:46:56.558,17136,17137,17137,4
2021-04-16 16:47:24.172,17137,17138,17137,2
2021-04-16 16:47:46.877,17136,17137,17137,1
2021-04-16 16:48:35.111,17137,17138,17138,1
2021-04-16 16:48:40.080,17137,17138,17138,1
2021-04-16 16:48:44.798,17137,17138,17138,1
2021-04-16 16:48:48.364,17137,17138,17138,2
2021-04-16 16:48:48.364,17137,17138,17138,3
2021-04-16 16:48:48.424,17137,17138,17138,4
2021-04-16 16:48:48.424,17137,17138,17138,1
2021-04-16 16:49:05.009,17138,17139,17139,3
2021-04-16 16:49:05.009,17138,17139,17140,3
2021-04-16 16:49:19.083,17139,17140,17139,1
2021-04-16 16:49:24.350,17138,17139,17139,1
2021-04-16 16:49:41.697,17138,17139,17138,1
2021-04-16 16:50:06.900,17137,17138,17138,1
2021-04-16 16:50:06.900,17137,17138,17138,1
2021-04-16 16:50:06.900,17137,17138,17138,1
2021-04-16 16:50:33.620,17137,17138,17138,1
2021-04-16 16:50:34.989,17137,17139,17137,1
2021-04-16 16:51:14.431,17137,17139,17137,1
2021-04-16 16:51:22.822,17137,17139,17139,1
2021-04-16 16:52:38.641,17138,17139,17138,1
2021-04-16 16:52:39.911,17137,17138,17138,1
2021-04-16 16:52:43.636,17137,17138,17137,1
2021-04-16 16:52:45.870,17137,17138,17137,1
2021-04-16 16:52:57.429,17137,17138,17137,3
2021-04-16 16:52:57.430,17137,17138,17137,2
2021-04-16 16:52:57.430,17137,17138,17137,1
2021-04-16 16:52:57.430,17137,17138,17137,4
2021-04-16 16:53:32.562,17137,17138,17138,1
2021-04-16 16:53:52.909,17138,17139,17138,1
2021-04-16 16:54:02.347,17138,17139,17139,1
2021-04-16 16:54:02.981,17138,17139,17138,1
2021-04-16 16:56:08.636,17138,17139,17139,2
2021-04-16 16:56:08.637,17138,17139,17139,2
2021-04-16 16:56:08.637,17138,17139,17139,1
2021-04-16 16:56:08.637,17138,17139,17139,2
2021-04-16 16:56:08.637,17138,17139,17139,5
2021-04-16 16:56:08.637,17138,17139,17139,1
2021-04-16 16:56:08.637,17138,17139,17139,4
2021-04-16 16:56:44.787,17138,17139,17139,1
2021-04-16 16:57:00.195,17138,17139,17139,1
2021-04-16 16:57:13.618,17139,17140,17139,1
2021-04-16 16:57:54.785,17138,17139,17139,1
2021-04-16 16:57:56.224,17139,17140,17139,1
2021-04-16 16:58:43.425,17139,17140,17140,2
2021-04-16 16:58:43.426,17139,17140,17140,2
2021-04-16 16:58:55.683,17140,17141,17140,1
2021-04-16 16:59:00.819,17139,17141,17141,3
2021-04-16 16:59:21.993,17140,17141,17140,1
2021-04-16 16:59:23.731,17140,17141,17141,2
2021-04-16 16:59:27.236,17140,17141,17140,1
2021-04-16 16:59:28.933,17140,17141,17141,1
2021-04-16 16:59:29.371,17140,17141,17141,1
2021-04-16 16:59:35.916,17140,17141,17141,1
2021-04-16 16:59:39.675,17141,17142,17141,1
2021-04-16 16:59:40.551,17140,17141,17141,4
2021-04-16 16:59:45.453,17141,17142,17141,4
2021-04-16 16:59:49.477,17140,17141,17141,1
2021-04-16 16:59:50.265,17140,17141,17141,1
2021-04-16 17:00:00.602,17141,17142,17142,1
2021-04-16 17:00:00.740,17141,17142,17142,10
2021-04-16 17:00:01.186,17142,17143,17142,1
2021-04-16 17:00:01.186,17142,17143,17141,1
2021-04-16 17:00:03.658,17141,17143,17143,2
2021-04-16 17:00:04.090,17142,17143,17142,1
2021-04-16 17:00:05.705,17141,17143,17143,2
2021-04-16 17:00:07.892,17141,17143,17143,2
2021-04-16 17:00:08.894,17142,17143,17143,1
2021-04-16 17:00:12.790,17142,17143,17143,1
2021-04-16 17:00:24.869,17142,17143,17143,2
2021-04-16 17:00:31.482,17142,17143,17143,2
2021-04-16 17:00:39.448,17142,17143,17142,4
2021-04-16 17:00:39.466,17142,17143,17142,2
2021-04-16 17:00:40.122,17141,17143,17143,1
2021-04-16 17:00:40.217,17141,17143,17143,1
2021-04-16 17:00:46.845,17141,17142,17141,1
2021-04-16 17:00:50.238,17141,17142,17141,1
2021-04-16 17:00:51.703,17141,17142,17141,1
2021-04-16 17:00:51.834,17141,17142,17142,1
2021-04-16 17:00:51.862,17141,17142,17142,1
2021-04-16 17:01:12.822,17141,17143,17143,1
2021-04-16 17:01:19.462,17141,17143,17143,1
2021-04-16 17:01:35.068,17142,17143,17142,1
2021-04-16 17:01:59.596,17142,17143,17143,3
2021-04-16 17:02:01.194,17142,17143,17143,10
2021-04-16 17:02:03.465,17142,17143,17142,6
2021-04-16 17:02:14.865,17141,17142,17141,12
2021-04-16 17:02:18.136,17140,17141,17140,3
2021-04-16 17:02:18.136,17140,17141,17140,9
2021-04-16 17:02:18.136,17140,17141,17139,1
2021-04-16 17:02:18.770,17138,17140,17140,3
2021-04-16 17:02:18.802,17138,17140,17141,4
2021-04-16 17:02:23.919,17139,17141,17140,3
2021-04-16 17:02:26.630,17139,17141,17141,1
2021-04-16 17:02:30.647,17140,17142,17142,4
2021-04-16 17:02:30.701,17140,17142,17143,4
2021-04-16 17:02:33.043,17142,17144,17142,1
2021-04-16 17:03:03.561,17140,17142,17142,1
2021-04-16 17:03:11.826,17140,17141,17140,2
2021-04-16 17:03:12.066,17138,17140,17138,3
2021-04-16 17:03:38.834,17138,17140,17140,1
2021-04-16 17:03:39.058,17138,17140,17140,1
2021-04-16 17:03:39.058,17138,17140,17141,2
2021-04-16 17:03:50.274,17139,17141,17139,3
2021-04-16 17:04:08.789,17139,17140,17140,1
2021-04-16 17:04:15.073,17139,17140,17140,1
2021-04-16 17:04:15.364,17139,17140,17140,1
2021-04-16 17:04:15.459,17139,17140,17139,1
2021-04-16 17:04:20.465,17140,17141,17140,2
2021-04-16 17:04:21.074,17139,17141,17139,1
2021-04-16 17:04:22.168,17139,17141,17141,1
2021-04-16 17:04:51.973,17140,17141,17140,1
2021-04-16 17:05:01.115,17140,17141,17141,2
2021-04-16 17:05:01.116,17140,17141,17141,3
2021-04-16 17:05:23.120,17141,17142,17141,1
2021-04-16 17:05:31.699,17140,17141,17141,2
2021-04-16 17:05:44.345,17140,17141,17140,4
2021-04-16 17:05:44.345,17140,17141,17140,1
2021-04-16 17:07:00.461,17140,17141,17141,1
2021-04-16 17:07:14.697,17140,17141,17140,2
2021-04-16 17:07:16.056,17139,17141,17140,1
2021-04-16 17:07:30.719,17139,17141,17140,1
2021-04-16 17:07:31.869,17139,17140,17140,1
2021-04-16 17:07:34.189,17139,17140,17140,2
2021-04-16 17:07:51.883,17139,17140,17140,1
2021-04-16 17:07:54.090,17140,17141,17140,1
2021-04-16 17:07:58.556,17140,17141,17140,1
2021-04-16 17:07:59.929,17140,17141,17141,6
2021-04-16 17:08:07.760,17141,17142,17141,9
2021-04-16 17:08:07.761,17141,17142,17141,1
2021-04-16 17:08:25.842,17140,17141,17141,1
2021-04-16 17:08:28.090,17141,17142,17141,1
2021-04-16 17:08:50.884,17141,17142,17141,4
2021-04-16 17:08:50.886,17141,17142,17141,6
2021-04-16 17:09:18.590,17141,17142,17141,2
2021-04-16 17:10:09.824,17141,17142,17142,1
2021-04-16 17:10:40.861,17140,17142,17142,5
2021-04-16 17:10:48.874,17140,17142,17141,1
2021-04-16 17:11:00.569,17141,17142,17141,1
2021-04-16 17:11:09.326,17141,17142,17141,1
2021-04-16 17:11:09.913,17140,17142,17140,1
2021-04-16 17:11:15.188,17141,17142,17141,1
2021-04-16 17:11:32.944,17141,17142,17141,1
2021-04-16 17:12:45.104,17140,17141,17141,1
2021-04-16 17:12:52.665,17140,17141,17141,1
2021-04-16 17:13:03.438,17140,17141,17141,1
2021-04-16 17:13:22.803,17140,17141,17141,1
2021-04-16 17:13:49.446,17140,17141,17141,2
2021-04-16 17:13:57.215,17141,17142,17141,2
2021-04-16 17:14:04.108,17141,17142,17142,2
2021-04-16 17:14:04.108,17141,17142,17142,1
2021-04-16 17:14:04.108,17141,17142,17142,1
2021-04-16 17:14:04.108,17141,17142,17142,3
2021-04-16 17:14:15.502,17142,17143,17142,1
2021-04-16 17:14:15.502,17142,17143,17141,3
2021-04-16 17:14:19.092,17141,17142,17142,1
2021-04-16 17:14:40.992,17142,17143,17142,1
2021-04-16 17:14:43.092,17142,17143,17143,5
2021-04-16 17:14:43.093,17142,17143,17143,1
2021-04-16 17:14:43.141,17142,17143,17143,1
2021-04-16 17:14:44.150,17143,17144,17144,1
2021-04-16 17:14:44.530,17143,17144,17143,1
2021-04-16 17:14:59.465,17142,17143,17142,1
2021-04-16 17:15:21.958,17142,17143,17143,1
2021-04-16 17:15:30.024,17143,17144,17144,1
2021-04-16 17:15:30.092,17143,17144,17144,1
2021-04-16 17:15:30.092,17143,17144,17144,1
2021-04-16 17:15:30.092,17143,17144,17144,1
2021-04-16 17:15:30.093,17143,17144,17144,4
2021-04-16 17:15:30.093,17143,17144,17144,4
2021-04-16 17:15:30.094,17143,17144,17145,1
2021-04-16 17:15:30.094,17143,17144,17145,1
2021-04-16 17:15:30.094,17143,17144,17145,1
2021-04-16 17:15:30.094,17143,17144,17145,1
2021-04-16 17:15:30.094,17143,17144,17145,1
2021-04-16 17:15:30.202,17143,17144,17144,1
2021-04-16 17:15:30.307,17143,17145,17145,2
2021-04-16 17:15:30.590,17143,17145,17145,7
2021-04-16 17:15:31.481,17144,17145,17145,1
2021-04-16 17:15:31.585,17144,17145,17145,1
2021-04-16 17:15:31.585,17144,17145,17145,1
2021-04-16 17:15:31.592,17144,17145,17145,1
2021-04-16 17:15:31.592,17144,17145,17145,1
2021-04-16 17:15:31.593,17144,17145,17145,1
2021-04-16 17:15:31.593,17144,17145,17145,1
2021-04-16 17:15:31.604,17144,17145,17145,1
2021-04-16 17:15:31.610,17144,17145,17146,1
2021-04-16 17:15:31.619,17144,17145,17146,1
2021-04-16 17:15:31.639,17144,17145,17146,1
2021-04-16 17:15:33.579,17144,17146,17146,1
2021-04-16 17:15:34.965,17145,17146,17145,1
2021-04-16 17:15:36.239,17144,17146,17146,1
2021-04-16 17:15:36.469,17143,17144,17143,1
2021-04-16 17:15:55.853,17144,17145,17144,1
2021-04-16 17:16:06.015,17143,17145,17145,1
2021-04-16 17:16:18.389,17144,17145,17145,1
2021-04-16 17:16:22.224,17144,17145,17145,1
2021-04-16 17:16:39.030,17145,17146,17145,2
2021-04-16 17:16:42.865,17145,17146,17146,1
2021-04-16 17:16:43.817,17145,17146,17146,1
2021-04-16 17:16:44.295,17145,17146,17146,1
2021-04-16 17:16:44.464,17145,17146,17146,1
2021-04-16 17:16:49.091,17145,17146,17145,7
2021-04-16 17:16:53.794,17145,17146,17146,1
2021-04-16 17:16:57.521,17145,17146,17145,1
2021-04-16 17:17:03.603,17145,17146,17146,1
2021-04-16 17:17:08.163,17145,17146,17146,1
2021-04-16 17:17:09.533,17145,17146,17146,1
2021-04-16 17:17:13.109,17145,17146,17146,1
2021-04-16 17:17:22.608,17145,17146,17146,1
2021-04-16 17:17:24.820,17145,17146,17146,1
2021-04-16 17:17:31.880,17145,17146,17146,6
2021-04-16 17:17:31.880,17145,17146,17147,4
2021-04-16 17:17:32.011,17145,17147,17147,1
2021-04-16 17:17:32.243,17145,17147,17147,1
2021-04-16 17:17:34.699,17145,17146,17146,1
2021-04-16 17:17:42.655,17145,17146,17145,3
2021-04-16 17:17:44.206,17145,17146,17146,1
2021-04-16 17:17:53.712,17145,17146,17146,1
2021-04-16 17:17:54.973,17145,17146,17145,1
2021-04-16 17:17:57.100,17145,17146,17146,1
2021-04-16 17:18:03.207,17146,17147,17147,1
2021-04-16 17:18:03.521,17146,17147,17147,6
2021-04-16 17:18:03.853,17146,17147,17147,1
2021-04-16 17:18:07.097,17146,17147,17146,1
2021-04-16 17:18:07.796,17146,17147,17146,1
2021-04-16 17:18:10.147,17145,17146,17146,2
2021-04-16 17:18:10.813,17145,17146,17146,1
2021-04-16 17:18:12.709,17145,17146,17146,1
2021-04-16 17:18:14.073,17145,17146,17145,1
