2025-01-20 15:00:00.001,23338,23338,23338,64,0
2025-01-20 15:00:00.001,23336,23336,23336,4,-4
2025-01-20 15:00:00.001,23336,23336,23336,2,0
2025-01-20 15:00:00.001,23338,23338,23338,8,8
2025-01-20 15:00:00.001,23333,23333,23333,2,-2
2025-01-20 15:00:00.001,23332,23332,23332,2,-2
2025-01-20 15:00:00.001,23332,23332,23332,2,0
2025-01-20 15:00:00.001,23332,23332,23332,2,0
2025-01-20 15:00:00.001,23332,23332,23332,2,0
2025-01-20 15:00:00.001,23330,23330,23330,2,-2
2025-01-20 15:00:00.001,23331,23331,23331,2,2
2025-01-20 15:00:00.001,23330,23330,23330,2,-2
2025-01-20 15:00:00.001,23337,23337,23337,2,2
2025-01-20 15:00:00.001,23337,23337,23337,2,0
2025-01-20 15:00:00.001,23338,23338,23338,2,2
2025-01-20 15:00:00.001,23334,23334,23334,2,-2
2025-01-20 15:00:00.001,23333,23333,23333,2,-2
2025-01-20 15:00:00.001,23333,23333,23333,2,0
2025-01-20 15:00:00.001,23333,23333,23333,2,0
2025-01-20 15:00:00.001,23333,23333,23333,2,0
2025-01-20 15:00:00.001,23332,23332,23332,2,-2
2025-01-20 15:00:00.001,23332,23332,23332,2,0
2025-01-20 15:00:00.001,23332,23332,23332,2,0
2025-01-20 15:00:00.001,23332,23332,23332,2,0
2025-01-20 15:00:00.001,23332,23332,23332,2,0
2025-01-20 15:00:00.001,23335,23335,23335,2,2
2025-01-20 15:00:00.001,23332,23332,23332,2,-2
2025-01-20 15:00:00.001,23331,23331,23331,2,-2
2025-01-20 15:00:00.001,23331,23331,23331,2,0
2025-01-20 15:00:00.001,23331,23331,23331,2,0
2025-01-20 15:00:00.001,23331,23331,23331,2,0
2025-01-20 15:00:00.001,23330,23330,23330,2,-2
2025-01-20 15:00:00.001,23330,23330,23330,2,0
2025-01-20 15:00:00.001,23331,23331,23331,2,2
2025-01-20 15:00:00.001,23330,23330,23330,2,-2
2025-01-20 15:00:00.001,23332,23332,23332,2,2
2025-01-20 15:00:00.001,23332,23332,23332,2,0
2025-01-20 15:00:00.001,23332,23332,23332,4,0
2025-01-20 15:00:01.001,23330,23330,23330,2,-2
2025-01-20 15:00:01.001,23330,23330,23330,2,0
2025-01-20 15:00:01.001,23329,23329,23329,2,-2
2025-01-20 15:00:01.001,23331,23331,23331,6,6
2025-01-20 15:00:01.001,23330,23330,23330,2,-2
2025-01-20 15:00:01.001,23332,23332,23332,2,2
2025-01-20 15:00:01.001,23333,23333,23333,2,2
2025-01-20 15:00:01.001,23331,23331,23331,2,-2
2025-01-20 15:00:02.001,23332,23332,23332,2,2
2025-01-20 15:00:02.001,23330,23330,23330,2,-2
2025-01-20 15:00:02.001,23330,23330,23330,2,0
2025-01-20 15:00:03.001,23332,23332,23332,2,2
2025-01-20 15:00:03.001,23330,23330,23330,2,-2
2025-01-20 15:00:03.001,23329,23329,23329,2,-2
2025-01-20 15:00:03.001,23329,23329,23329,2,0
2025-01-20 15:00:03.001,23329,23329,23329,2,0
2025-01-20 15:00:03.001,23329,23329,23329,2,0
2025-01-20 15:00:03.001,23329,23329,23329,2,0
2025-01-20 15:00:03.001,23328,23328,23328,4,-4
2025-01-20 15:00:03.001,23328,23328,23328,2,0
2025-01-20 15:00:04.001,23328,23328,23328,2,0
2025-01-20 15:00:04.001,23328,23328,23328,2,0
2025-01-20 15:00:04.001,23328,23328,23328,2,0
2025-01-20 15:00:04.001,23328,23328,23328,2,0
2025-01-20 15:00:04.001,23328,23328,23328,2,0
2025-01-20 15:00:04.001,23328,23328,23328,2,0
2025-01-20 15:00:04.001,23327,23327,23327,2,-2
2025-01-20 15:00:04.001,23327,23327,23327,2,0
2025-01-20 15:00:04.001,23326,23326,23326,2,-2
2025-01-20 15:00:06.001,23328,23328,23328,4,4
2025-01-20 15:00:06.001,23330,23330,23330,2,2
2025-01-20 15:00:06.001,23330,23330,23330,2,0
2025-01-20 15:00:07.001,23330,23330,23330,2,0
2025-01-20 15:00:08.001,23330,23330,23330,2,0
2025-01-20 15:00:08.001,23327,23327,23327,2,-2
2025-01-20 15:00:08.001,23327,23327,23327,2,0
2025-01-20 15:00:08.001,23327,23327,23327,2,0
2025-01-20 15:00:08.001,23328,23328,23328,2,2
2025-01-20 15:00:08.001,23328,23328,23328,2,0
2025-01-20 15:00:09.001,23326,23326,23326,2,-2
2025-01-20 15:00:09.001,23326,23326,23326,2,0
2025-01-20 15:00:09.001,23325,23325,23325,2,-2
2025-01-20 15:00:09.001,23325,23325,23325,2,0
2025-01-20 15:00:09.001,23325,23325,23325,2,0
2025-01-20 15:00:09.001,23325,23325,23325,2,0
2025-01-20 15:00:09.001,23325,23325,23325,2,0
2025-01-20 15:00:09.001,23326,23326,23326,2,2
2025-01-20 15:00:09.001,23327,23327,23327,2,2
2025-01-20 15:00:10.001,23324,23324,23324,2,-2
2025-01-20 15:00:10.001,23326,23326,23326,2,2
2025-01-20 15:00:10.001,23324,23324,23324,2,-2
2025-01-20 15:00:10.001,23326,23326,23326,2,2
2025-01-20 15:00:11.001,23325,23325,23325,2,-2
2025-01-20 15:00:11.001,23325,23325,23325,12,0
2025-01-20 15:00:11.001,23326,23326,23326,6,6
2025-01-20 15:00:13.001,23326,23326,23326,2,0
2025-01-20 15:00:13.001,23326,23326,23326,2,0
2025-01-20 15:00:13.001,23326,23326,23326,2,0
2025-01-20 15:00:13.001,23326,23326,23326,2,0
2025-01-20 15:00:13.001,23327,23327,23327,2,2
2025-01-20 15:00:14.001,23327,23327,23327,2,0
2025-01-20 15:00:14.001,23327,23327,23327,2,0
2025-01-20 15:00:15.001,23327,23327,23327,4,0
2025-01-20 15:00:16.001,23327,23327,23327,2,0
2025-01-20 15:00:16.001,23327,23327,23327,2,0
2025-01-20 15:00:16.001,23326,23326,23326,2,-2
2025-01-20 15:00:16.001,23327,23327,23327,2,2
2025-01-20 15:00:17.001,23328,23328,23328,2,2
2025-01-20 15:00:17.001,23328,23328,23328,2,0
2025-01-20 15:00:18.001,23326,23326,23326,2,-2
2025-01-20 15:00:18.001,23325,23325,23325,2,-2
2025-01-20 15:00:18.001,23328,23328,23328,4,4
2025-01-20 15:00:18.001,23326,23326,23326,2,-2
2025-01-20 15:00:19.001,23328,23328,23328,2,2
2025-01-20 15:00:19.001,23326,23326,23326,2,-2
2025-01-20 15:00:19.001,23326,23326,23326,2,0
2025-01-20 15:00:21.001,23327,23327,23327,2,2
2025-01-20 15:00:23.001,23325,23325,23325,2,-2
2025-01-20 15:00:23.001,23325,23325,23325,2,0
2025-01-20 15:00:25.001,23324,23324,23324,2,-2
2025-01-20 15:00:25.001,23324,23324,23324,2,0
2025-01-20 15:00:25.001,23324,23324,23324,2,0
2025-01-20 15:00:25.001,23324,23324,23324,2,0
2025-01-20 15:00:25.001,23323,23323,23323,2,-2
2025-01-20 15:00:25.001,23323,23323,23323,2,0
2025-01-20 15:00:25.001,23322,23322,23322,2,-2
2025-01-20 15:00:25.001,23323,23323,23323,2,2
2025-01-20 15:00:25.001,23322,23322,23322,2,-2
2025-01-20 15:00:25.001,23321,23321,23321,2,-2
2025-01-20 15:00:25.001,23321,23321,23321,2,0
2025-01-20 15:00:26.001,23321,23321,23321,2,0
2025-01-20 15:00:26.001,23321,23321,23321,2,0
2025-01-20 15:00:26.001,23321,23321,23321,2,0
2025-01-20 15:00:28.001,23322,23322,23322,2,2
2025-01-20 15:00:28.001,23321,23321,23321,2,-2
2025-01-20 15:00:28.001,23321,23321,23321,2,0
2025-01-20 15:00:28.001,23321,23321,23321,2,0
2025-01-20 15:00:28.001,23320,23320,23320,2,-2
2025-01-20 15:00:28.001,23321,23321,23321,2,2
2025-01-20 15:00:28.001,23320,23320,23320,2,-2
2025-01-20 15:00:28.001,23320,23320,23320,2,0
2025-01-20 15:00:28.001,23323,23323,23323,2,2
2025-01-20 15:00:29.001,23322,23322,23322,10,-10
2025-01-20 15:00:29.001,23322,23322,23322,2,0
2025-01-20 15:00:29.001,23322,23322,23322,2,0
2025-01-20 15:00:30.001,23320,23320,23320,4,-4
2025-01-20 15:00:30.001,23320,23320,23320,2,0
2025-01-20 15:00:30.001,23320,23320,23320,2,0
2025-01-20 15:00:30.001,23320,23320,23320,2,0
2025-01-20 15:00:31.001,23322,23322,23322,2,2
2025-01-20 15:00:31.001,23320,23320,23320,2,-2
2025-01-20 15:00:32.001,23322,23322,23322,2,2
2025-01-20 15:00:32.001,23323,23323,23323,4,4
2025-01-20 15:00:33.001,23324,23324,23324,2,2
2025-01-20 15:00:33.001,23325,23325,23325,2,2
2025-01-20 15:00:34.001,23325,23325,23325,2,0
2025-01-20 15:00:34.001,23324,23324,23324,2,-2
2025-01-20 15:00:34.001,23324,23324,23324,2,0
2025-01-20 15:00:35.001,23323,23323,23323,2,-2
2025-01-20 15:00:39.001,23322,23322,23322,2,-2
2025-01-20 15:00:39.001,23323,23323,23323,2,2
2025-01-20 15:00:39.001,23322,23322,23322,2,-2
2025-01-20 15:00:39.001,23324,23324,23324,2,2
2025-01-20 15:00:42.001,23323,23323,23323,2,-2
2025-01-20 15:00:42.001,23322,23322,23322,2,-2
2025-01-20 15:00:43.001,23324,23324,23324,2,2
2025-01-20 15:00:44.001,23325,23325,23325,2,2
2025-01-20 15:00:45.001,23324,23324,23324,2,-2
2025-01-20 15:00:53.001,23324,23324,23324,2,0
2025-01-20 15:00:53.001,23324,23324,23324,2,0
2025-01-20 15:00:53.001,23324,23324,23324,2,0
2025-01-20 15:00:53.001,23324,23324,23324,4,0
2025-01-20 15:00:59.001,23324,23324,23324,2,0
2025-01-20 15:00:59.001,23324,23324,23324,2,0
2025-01-20 15:00:59.001,23323,23323,23323,2,-2
2025-01-20 15:00:59.001,23323,23323,23323,2,0
2025-01-20 15:00:59.001,23323,23323,23323,2,0
2025-01-20 15:00:59.001,23323,23323,23323,2,0
2025-01-20 15:00:59.001,23323,23323,23323,2,0
2025-01-20 15:00:59.001,23323,23323,23323,2,0
2025-01-20 15:00:59.001,23322,23322,23322,2,-2
2025-01-20 15:00:59.001,23323,23323,23323,4,4
2025-01-20 15:00:59.001,23322,23322,23322,2,-2
2025-01-20 15:01:00.001,23322,23322,23322,2,0
2025-01-20 15:01:00.001,23324,23324,23324,8,8
2025-01-20 15:01:00.001,23322,23322,23322,2,-2
2025-01-20 15:01:00.001,23322,23322,23322,2,0
2025-01-20 15:01:00.001,23322,23322,23322,2,0
2025-01-20 15:01:00.001,23321,23321,23321,2,-2
2025-01-20 15:01:00.001,23321,23321,23321,2,0
2025-01-20 15:01:00.001,23321,23321,23321,4,0
2025-01-20 15:01:00.001,23321,23321,23321,2,0
2025-01-20 15:01:00.001,23321,23321,23321,4,0
2025-01-20 15:01:00.001,23320,23320,23320,2,-2
2025-01-20 15:01:00.001,23320,23320,23320,2,0
2025-01-20 15:01:00.001,23320,23320,23320,4,0
2025-01-20 15:01:00.001,23320,23320,23320,2,0
2025-01-20 15:01:00.001,23319,23319,23319,4,-4
2025-01-20 15:01:00.001,23318,23318,23318,2,-2
2025-01-20 15:01:00.001,23318,23318,23318,2,0
2025-01-20 15:01:00.001,23318,23318,23318,2,0
2025-01-20 15:01:00.001,23318,23318,23318,2,0
2025-01-20 15:01:00.001,23318,23318,23318,2,0
2025-01-20 15:01:00.001,23318,23318,23318,2,0
2025-01-20 15:01:00.001,23317,23317,23317,2,-2
2025-01-20 15:01:00.001,23317,23317,23317,2,0
2025-01-20 15:01:00.001,23317,23317,23317,2,0
2025-01-20 15:01:00.001,23316,23316,23316,2,-2
2025-01-20 15:01:00.001,23318,23318,23318,6,6
2025-01-20 15:01:00.001,23316,23316,23316,2,-2
2025-01-20 15:01:00.001,23316,23316,23316,2,0
2025-01-20 15:01:00.001,23316,23316,23316,2,0
2025-01-20 15:01:00.001,23315,23315,23315,2,-2
2025-01-20 15:01:00.001,23316,23316,23316,2,2
2025-01-20 15:01:00.001,23315,23315,23315,2,-2
2025-01-20 15:01:00.001,23317,23317,23317,6,6
2025-01-20 15:01:00.001,23320,23320,23320,2,2
2025-01-20 15:01:00.001,23321,23321,23321,4,4
2025-01-20 15:01:00.001,23322,23322,23322,4,4
2025-01-20 15:01:00.001,23323,23323,23323,12,12
2025-01-20 15:01:00.001,23323,23323,23323,2,0
2025-01-20 15:01:00.001,23323,23323,23323,2,0
2025-01-20 15:01:00.001,23323,23323,23323,4,0
2025-01-20 15:01:00.001,23324,23324,23324,2,2
2025-01-20 15:01:00.001,23321,23321,23321,2,-2
2025-01-20 15:01:01.001,23320,23320,23320,2,-2
2025-01-20 15:01:01.001,23320,23320,23320,2,0
2025-01-20 15:01:01.001,23319,23319,23319,2,-2
2025-01-20 15:01:01.001,23319,23319,23319,2,0
2025-01-20 15:01:01.001,23319,23319,23319,2,0
2025-01-20 15:01:01.001,23319,23319,23319,2,0
2025-01-20 15:01:01.001,23318,23318,23318,2,-2
2025-01-20 15:01:01.001,23318,23318,23318,2,0
2025-01-20 15:01:01.001,23318,23318,23318,2,0
2025-01-20 15:01:01.001,23318,23318,23318,2,0
2025-01-20 15:01:01.001,23318,23318,23318,4,0
2025-01-20 15:01:01.001,23318,23318,23318,2,0
2025-01-20 15:01:01.001,23320,23320,23320,2,2
2025-01-20 15:01:01.001,23317,23317,23317,2,-2
2025-01-20 15:01:01.001,23317,23317,23317,2,0
2025-01-20 15:01:02.001,23319,23319,23319,2,2
2025-01-20 15:01:04.001,23320,23320,23320,2,2
2025-01-20 15:01:06.001,23319,23319,23319,2,-2
2025-01-20 15:01:06.001,23321,23321,23321,2,2
2025-01-20 15:01:07.001,23320,23320,23320,2,-2
2025-01-20 15:01:07.001,23320,23320,23320,2,0
2025-01-20 15:01:08.001,23319,23319,23319,2,-2
2025-01-20 15:01:11.001,23320,23320,23320,2,2
2025-01-20 15:01:12.001,23321,23321,23321,2,2
2025-01-20 15:01:12.001,23320,23320,23320,2,-2
2025-01-20 15:01:12.001,23320,23320,23320,2,0
2025-01-20 15:01:12.001,23320,23320,23320,2,0
2025-01-20 15:01:12.001,23320,23320,23320,2,0
2025-01-20 15:01:12.001,23320,23320,23320,2,0
2025-01-20 15:01:14.001,23320,23320,23320,2,0
2025-01-20 15:01:14.001,23320,23320,23320,2,0
2025-01-20 15:01:14.001,23319,23319,23319,2,-2
2025-01-20 15:01:14.001,23319,23319,23319,2,0
2025-01-20 15:01:14.001,23319,23319,23319,2,0
2025-01-20 15:01:15.001,23319,23319,23319,2,0
2025-01-20 15:01:16.001,23318,23318,23318,2,-2
2025-01-20 15:01:16.001,23318,23318,23318,2,0
2025-01-20 15:01:16.001,23318,23318,23318,2,0
2025-01-20 15:01:16.001,23318,23318,23318,2,0
2025-01-20 15:01:16.001,23318,23318,23318,2,0
2025-01-20 15:01:17.001,23317,23317,23317,2,-2
2025-01-20 15:01:18.001,23317,23317,23317,4,0
2025-01-20 15:01:18.001,23316,23316,23316,2,-2
2025-01-20 15:01:18.001,23316,23316,23316,22,0
2025-01-20 15:01:18.001,23316,23316,23316,2,0
2025-01-20 15:01:18.001,23316,23316,23316,2,0
2025-01-20 15:01:19.001,23317,23317,23317,2,2
2025-01-20 15:01:19.001,23319,23319,23319,2,2
2025-01-20 15:01:22.001,23316,23316,23316,2,-2
2025-01-20 15:01:22.001,23317,23317,23317,20,20
2025-01-20 15:01:23.001,23318,23318,23318,2,2
2025-01-20 15:01:23.001,23317,23317,23317,2,-2
2025-01-20 15:01:23.001,23317,23317,23317,2,0
2025-01-20 15:01:23.001,23320,23320,23320,2,2
2025-01-20 15:01:24.001,23320,23320,23320,2,0
2025-01-20 15:01:24.001,23320,23320,23320,2,0
2025-01-20 15:01:28.001,23318,23318,23318,2,-2
2025-01-20 15:01:28.001,23317,23317,23317,2,-2
2025-01-20 15:01:28.001,23317,23317,23317,2,0
2025-01-20 15:01:28.001,23317,23317,23317,2,0
2025-01-20 15:01:30.001,23319,23319,23319,4,4
2025-01-20 15:01:30.001,23320,23320,23320,4,4
2025-01-20 15:01:30.001,23317,23317,23317,2,-2
2025-01-20 15:01:30.001,23317,23317,23317,2,0
2025-01-20 15:01:30.001,23316,23316,23316,2,-2
2025-01-20 15:01:30.001,23315,23315,23315,2,-2
2025-01-20 15:01:30.001,23315,23315,23315,2,0
2025-01-20 15:01:30.001,23315,23315,23315,2,0
2025-01-20 15:01:30.001,23314,23314,23314,2,-2
2025-01-20 15:01:30.001,23314,23314,23314,2,0
2025-01-20 15:01:30.001,23313,23313,23313,2,-2
2025-01-20 15:01:30.001,23313,23313,23313,2,0
2025-01-20 15:01:30.001,23313,23313,23313,2,0
2025-01-20 15:01:30.001,23312,23312,23312,2,-2
2025-01-20 15:01:30.001,23312,23312,23312,2,0
2025-01-20 15:01:30.001,23312,23312,23312,2,0
2025-01-20 15:01:30.001,23312,23312,23312,2,0
2025-01-20 15:01:30.001,23312,23312,23312,2,0
2025-01-20 15:01:30.001,23312,23312,23312,2,0
2025-01-20 15:01:30.001,23314,23314,23314,2,2
2025-01-20 15:01:30.001,23314,23314,23314,2,0
2025-01-20 15:01:30.001,23314,23314,23314,2,0
2025-01-20 15:01:30.001,23312,23312,23312,2,-2
2025-01-20 15:01:30.001,23312,23312,23312,2,0
2025-01-20 15:01:31.001,23312,23312,23312,2,0
2025-01-20 15:01:32.001,23312,23312,23312,4,0
2025-01-20 15:01:34.001,23314,23314,23314,2,2
2025-01-20 15:01:34.001,23313,23313,23313,2,-2
2025-01-20 15:01:34.001,23313,23313,23313,2,0
2025-01-20 15:01:34.001,23313,23313,23313,2,0
2025-01-20 15:01:34.001,23312,23312,23312,2,-2
2025-01-20 15:01:34.001,23312,23312,23312,2,0
2025-01-20 15:01:34.001,23315,23315,23315,2,2
2025-01-20 15:01:35.001,23315,23315,23315,2,0
2025-01-20 15:01:35.001,23314,23314,23314,2,-2
2025-01-20 15:01:35.001,23314,23314,23314,2,0
2025-01-20 15:01:35.001,23314,23314,23314,2,0
2025-01-20 15:01:35.001,23313,23313,23313,2,-2
2025-01-20 15:01:35.001,23313,23313,23313,2,0
2025-01-20 15:01:35.001,23316,23316,23316,2,2
2025-01-20 15:01:38.001,23317,23317,23317,4,4
2025-01-20 15:01:38.001,23315,23315,23315,2,-2
2025-01-20 15:01:42.001,23315,23315,23315,2,0
2025-01-20 15:01:43.001,23317,23317,23317,2,2
2025-01-20 15:01:43.001,23317,23317,23317,6,0
2025-01-20 15:01:43.001,23318,23318,23318,4,4
2025-01-20 15:01:43.001,23315,23315,23315,2,-2
2025-01-20 15:01:43.001,23315,23315,23315,2,0
2025-01-20 15:01:43.001,23315,23315,23315,2,0
2025-01-20 15:01:44.001,23315,23315,23315,6,0
2025-01-20 15:01:44.001,23315,23315,23315,2,0
2025-01-20 15:01:45.001,23319,23319,23319,6,6
2025-01-20 15:01:46.001,23317,23317,23317,2,-2
2025-01-20 15:01:46.001,23316,23316,23316,2,-2
2025-01-20 15:01:46.001,23319,23319,23319,2,2
2025-01-20 15:01:47.001,23320,23320,23320,2,2
2025-01-20 15:01:49.001,23317,23317,23317,2,-2
2025-01-20 15:01:49.001,23317,23317,23317,2,0
2025-01-20 15:01:49.001,23317,23317,23317,2,0
2025-01-20 15:01:49.001,23317,23317,23317,2,0
2025-01-20 15:01:49.001,23316,23316,23316,2,-2
2025-01-20 15:01:50.001,23316,23316,23316,2,0
2025-01-20 15:01:51.001,23317,23317,23317,2,2
2025-01-20 15:01:52.001,23318,23318,23318,2,2
2025-01-20 15:01:57.001,23316,23316,23316,2,-2
2025-01-20 15:01:57.001,23316,23316,23316,2,0
2025-01-20 15:01:57.001,23316,23316,23316,2,0
2025-01-20 15:01:57.001,23316,23316,23316,2,0
2025-01-20 15:02:00.001,23316,23316,23316,2,0
2025-01-20 15:02:00.001,23316,23316,23316,2,0
2025-01-20 15:02:00.001,23316,23316,23316,2,0
2025-01-20 15:02:02.001,23316,23316,23316,2,0
2025-01-20 15:02:06.001,23317,23317,23317,2,2
2025-01-20 15:02:06.001,23318,23318,23318,4,4
2025-01-20 15:02:06.001,23319,23319,23319,6,6
2025-01-20 15:02:10.001,23319,23319,23319,2,0
2025-01-20 15:02:11.001,23320,23320,23320,10,10
2025-01-20 15:02:15.001,23321,23321,23321,2,2
2025-01-20 15:02:15.001,23320,23320,23320,2,-2
2025-01-20 15:02:15.001,23320,23320,23320,2,0
2025-01-20 15:02:18.001,23321,23321,23321,2,2
2025-01-20 15:02:18.001,23321,23321,23321,2,0
2025-01-20 15:02:19.001,23324,23324,23324,2,2
2025-01-20 15:02:19.001,23324,23324,23324,4,0
2025-01-20 15:02:20.001,23324,23324,23324,2,0
2025-01-20 15:02:20.001,23324,23324,23324,2,0
2025-01-20 15:02:20.001,23324,23324,23324,2,0
2025-01-20 15:02:20.001,23325,23325,23325,2,2
2025-01-20 15:02:21.001,23325,23325,23325,2,0
2025-01-20 15:02:23.001,23325,23325,23325,2,0
2025-01-20 15:02:28.001,23324,23324,23324,2,-2
2025-01-20 15:02:28.001,23324,23324,23324,2,0
2025-01-20 15:02:30.001,23325,23325,23325,2,2
2025-01-20 15:02:33.001,23323,23323,23323,2,-2
2025-01-20 15:02:34.001,23324,23324,23324,2,2
2025-01-20 15:02:35.001,23324,23324,23324,2,0
2025-01-20 15:02:35.001,23325,23325,23325,4,4
2025-01-20 15:02:35.001,23326,23326,23326,10,10
2025-01-20 15:02:35.001,23327,23327,23327,2,2
2025-01-20 15:02:35.001,23323,23323,23323,2,-2
2025-01-20 15:02:35.001,23326,23326,23326,4,4
2025-01-20 15:02:40.001,23326,23326,23326,18,0
2025-01-20 15:02:43.001,23326,23326,23326,2,0
2025-01-20 15:02:49.001,23327,23327,23327,2,2
2025-01-20 15:02:49.001,23328,23328,23328,6,6
2025-01-20 15:02:50.001,23328,23328,23328,4,0
2025-01-20 15:02:52.001,23328,23328,23328,2,0
2025-01-20 15:02:53.001,23328,23328,23328,2,0
2025-01-20 15:02:55.001,23328,23328,23328,4,0
2025-01-20 15:02:59.001,23327,23327,23327,2,-2
2025-01-20 15:03:00.001,23327,23327,23327,2,0
2025-01-20 15:03:00.001,23326,23326,23326,2,-2
2025-01-20 15:03:00.001,23326,23326,23326,2,0
2025-01-20 15:03:00.001,23327,23327,23327,4,4
2025-01-20 15:03:01.001,23325,23325,23325,2,-2
2025-01-20 15:03:01.001,23325,23325,23325,2,0
2025-01-20 15:03:02.001,23325,23325,23325,2,0
2025-01-20 15:03:07.001,23323,23323,23323,2,-2
2025-01-20 15:03:09.001,23325,23325,23325,8,8
2025-01-20 15:03:09.001,23326,23326,23326,2,2
2025-01-20 15:03:10.001,23324,23324,23324,2,-2
2025-01-20 15:03:10.001,23324,23324,23324,2,0
2025-01-20 15:03:10.001,23324,23324,23324,2,0
2025-01-20 15:03:10.001,23324,23324,23324,2,0
2025-01-20 15:03:10.001,23323,23323,23323,2,-2
2025-01-20 15:03:10.001,23323,23323,23323,2,0
2025-01-20 15:03:10.001,23323,23323,23323,2,0
2025-01-20 15:03:10.001,23323,23323,23323,2,0
2025-01-20 15:03:10.001,23323,23323,23323,2,0
2025-01-20 15:03:10.001,23323,23323,23323,2,0
2025-01-20 15:03:10.001,23323,23323,23323,2,0
2025-01-20 15:03:10.001,23323,23323,23323,2,0
2025-01-20 15:03:10.001,23323,23323,23323,2,0
2025-01-20 15:03:17.001,23326,23326,23326,6,6
2025-01-20 15:03:17.001,23327,23327,23327,4,4
2025-01-20 15:03:21.001,23326,23326,23326,2,-2
2025-01-20 15:03:21.001,23325,23325,23325,2,-2
2025-01-20 15:03:21.001,23325,23325,23325,2,0
2025-01-20 15:03:32.001,23328,23328,23328,8,8
2025-01-20 15:03:32.001,23329,23329,23329,4,4
2025-01-20 15:03:32.001,23330,23330,23330,4,4
2025-01-20 15:03:32.001,23330,23330,23330,4,0
2025-01-20 15:03:32.001,23330,23330,23330,4,0
2025-01-20 15:03:37.001,23331,23331,23331,2,2
2025-01-20 15:03:37.001,23332,23332,23332,4,4
2025-01-20 15:03:39.001,23332,23332,23332,2,0
2025-01-20 15:03:39.001,23333,23333,23333,2,2
2025-01-20 15:03:43.001,23330,23330,23330,2,-2
2025-01-20 15:03:46.001,23331,23331,23331,4,4
2025-01-20 15:03:51.001,23333,23333,23333,2,2
2025-01-20 15:03:54.001,23334,23334,23334,2,2
2025-01-20 15:03:54.001,23332,23332,23332,4,-4
2025-01-20 15:03:54.001,23331,23331,23331,2,-2
2025-01-20 15:03:54.001,23332,23332,23332,2,2
2025-01-20 15:03:56.001,23333,23333,23333,6,6
2025-01-20 15:03:58.001,23331,23331,23331,2,-2
2025-01-20 15:04:00.001,23332,23332,23332,2,2
2025-01-20 15:04:05.001,23333,23333,23333,2,2
2025-01-20 15:04:05.001,23334,23334,23334,4,4
2025-01-20 15:04:09.001,23335,23335,23335,2,2
2025-01-20 15:04:09.001,23336,23336,23336,4,4
2025-01-20 15:04:09.001,23337,23337,23337,4,4
2025-01-20 15:04:13.001,23336,23336,23336,2,-2
2025-01-20 15:04:15.001,23336,23336,23336,2,0
2025-01-20 15:04:15.001,23336,23336,23336,2,0
2025-01-20 15:04:15.001,23336,23336,23336,2,0
2025-01-20 15:04:19.001,23336,23336,23336,2,0
2025-01-20 15:04:19.001,23336,23336,23336,2,0
2025-01-20 15:04:19.001,23335,23335,23335,2,-2
2025-01-20 15:04:19.001,23334,23334,23334,2,-2
2025-01-20 15:04:19.001,23334,23334,23334,2,0
2025-01-20 15:04:23.001,23332,23332,23332,2,-2
2025-01-20 15:04:23.001,23332,23332,23332,2,0
2025-01-20 15:04:23.001,23332,23332,23332,4,0
2025-01-20 15:04:23.001,23332,23332,23332,2,0
2025-01-20 15:04:30.001,23333,23333,23333,2,2
2025-01-20 15:04:33.001,23331,23331,23331,2,-2
2025-01-20 15:04:33.001,23331,23331,23331,2,0
2025-01-20 15:04:37.001,23331,23331,23331,2,0
2025-01-20 15:04:43.001,23331,23331,23331,2,0
2025-01-20 15:04:46.001,23330,23330,23330,4,-4
2025-01-20 15:04:46.001,23330,23330,23330,4,0
2025-01-20 15:04:46.001,23330,23330,23330,2,0
2025-01-20 15:04:46.001,23330,23330,23330,2,0
2025-01-20 15:04:46.001,23329,23329,23329,2,-2
2025-01-20 15:04:49.001,23331,23331,23331,2,2
2025-01-20 15:04:51.001,23330,23330,23330,2,-2
2025-01-20 15:04:54.001,23331,23331,23331,2,2
2025-01-20 15:04:54.001,23331,23331,23331,2,0
2025-01-20 15:04:54.001,23331,23331,23331,2,0
2025-01-20 15:04:56.001,23331,23331,23331,2,0
2025-01-20 15:04:56.001,23331,23331,23331,4,0
2025-01-20 15:05:00.001,23330,23330,23330,2,-2
2025-01-20 15:05:13.001,23331,23331,23331,2,2
2025-01-20 15:05:13.001,23332,23332,23332,2,2
2025-01-20 15:05:13.001,23332,23332,23332,2,0
2025-01-20 15:05:28.001,23332,23332,23332,2,0
2025-01-20 15:05:32.001,23333,23333,23333,4,4
2025-01-20 15:05:33.001,23334,23334,23334,2,2
2025-01-20 15:05:38.001,23333,23333,23333,2,-2
2025-01-20 15:05:38.001,23333,23333,23333,2,0
2025-01-20 15:05:41.001,23333,23333,23333,2,0
2025-01-20 15:05:41.001,23334,23334,23334,2,2
2025-01-20 15:05:41.001,23335,23335,23335,2,2
2025-01-20 15:05:41.001,23335,23335,23335,2,0
2025-01-20 15:05:41.001,23335,23335,23335,2,0
2025-01-20 15:05:41.001,23335,23335,23335,2,0
2025-01-20 15:05:41.001,23335,23335,23335,2,0
2025-01-20 15:05:41.001,23335,23335,23335,2,0
2025-01-20 15:05:41.001,23336,23336,23336,2,2
2025-01-20 15:05:41.001,23336,23336,23336,2,0
2025-01-20 15:05:42.001,23335,23335,23335,2,-2
2025-01-20 15:05:44.001,23334,23334,23334,2,-2
2025-01-20 15:05:45.001,23333,23333,23333,2,-2
2025-01-20 15:05:45.001,23333,23333,23333,2,0
2025-01-20 15:05:45.001,23333,23333,23333,2,0
2025-01-20 15:05:45.001,23335,23335,23335,4,4
2025-01-20 15:05:47.001,23333,23333,23333,2,-2
2025-01-20 15:05:53.001,23333,23333,23333,2,0
2025-01-20 15:05:57.001,23332,23332,23332,2,-2
2025-01-20 15:05:57.001,23332,23332,23332,4,0
2025-01-20 15:05:57.001,23332,23332,23332,2,0
2025-01-20 15:05:57.001,23332,23332,23332,2,0
2025-01-20 15:05:57.001,23332,23332,23332,2,0
2025-01-20 15:05:59.001,23332,23332,23332,2,0
2025-01-20 15:06:19.001,23332,23332,23332,2,0
2025-01-20 15:06:19.001,23331,23331,23331,2,-2
2025-01-20 15:06:24.001,23331,23331,23331,2,0
2025-01-20 15:06:33.001,23332,23332,23332,2,2
2025-01-20 15:06:38.001,23333,23333,23333,2,2
2025-01-20 15:06:47.001,23333,23333,23333,2,0
2025-01-20 15:06:52.001,23331,23331,23331,2,-2
2025-01-20 15:06:53.001,23332,23332,23332,2,2
2025-01-20 15:06:53.001,23333,23333,23333,4,4
2025-01-20 15:06:53.001,23334,23334,23334,2,2
2025-01-20 15:07:00.001,23332,23332,23332,2,-2
2025-01-20 15:07:00.001,23332,23332,23332,2,0
2025-01-20 15:07:10.001,23332,23332,23332,4,0
2025-01-20 15:07:11.001,23331,23331,23331,2,-2
2025-01-20 15:07:25.001,23331,23331,23331,2,0
2025-01-20 15:07:25.001,23330,23330,23330,2,-2
2025-01-20 15:07:25.001,23330,23330,23330,2,0
2025-01-20 15:07:25.001,23330,23330,23330,2,0
2025-01-20 15:07:25.001,23330,23330,23330,2,0
2025-01-20 15:07:28.001,23329,23329,23329,2,-2
2025-01-20 15:07:28.001,23329,23329,23329,4,0
2025-01-20 15:07:28.001,23328,23328,23328,2,-2
2025-01-20 15:07:28.001,23328,23328,23328,2,0
2025-01-20 15:07:28.001,23328,23328,23328,2,0
2025-01-20 15:07:28.001,23328,23328,23328,2,0
2025-01-20 15:07:28.001,23328,23328,23328,2,0
2025-01-20 15:07:28.001,23328,23328,23328,2,0
2025-01-20 15:07:28.001,23328,23328,23328,4,0
2025-01-20 15:07:28.001,23327,23327,23327,2,-2
2025-01-20 15:07:28.001,23327,23327,23327,2,0
2025-01-20 15:07:28.001,23327,23327,23327,2,0
2025-01-20 15:07:28.001,23327,23327,23327,2,0
2025-01-20 15:07:29.001,23327,23327,23327,2,0
2025-01-20 15:07:29.001,23326,23326,23326,2,-2
2025-01-20 15:07:29.001,23326,23326,23326,2,0
2025-01-20 15:07:29.001,23326,23326,23326,2,0
2025-01-20 15:07:29.001,23326,23326,23326,2,0
2025-01-20 15:07:29.001,23326,23326,23326,4,0
2025-01-20 15:07:29.001,23326,23326,23326,4,0
2025-01-20 15:07:29.001,23326,23326,23326,4,0
2025-01-20 15:07:31.001,23328,23328,23328,2,2
2025-01-20 15:07:38.001,23326,23326,23326,2,-2
2025-01-20 15:07:58.001,23327,23327,23327,2,2
2025-01-20 15:07:58.001,23328,23328,23328,6,6
2025-01-20 15:08:00.001,23328,23328,23328,2,0
2025-01-20 15:08:16.001,23328,23328,23328,2,0
2025-01-20 15:08:16.001,23328,23328,23328,2,0
2025-01-20 15:08:16.001,23328,23328,23328,2,0
2025-01-20 15:08:19.001,23329,23329,23329,8,8
2025-01-20 15:08:19.001,23330,23330,23330,6,6
2025-01-20 15:08:19.001,23330,23330,23330,2,0
2025-01-20 15:08:19.001,23331,23331,23331,2,2
2025-01-20 15:08:29.001,23332,23332,23332,2,2
2025-01-20 15:08:31.001,23330,23330,23330,2,-2
2025-01-20 15:08:31.001,23330,23330,23330,2,0
2025-01-20 15:08:50.001,23330,23330,23330,2,0
2025-01-20 15:08:50.001,23330,23330,23330,2,0
2025-01-20 15:08:50.001,23330,23330,23330,2,0
2025-01-20 15:08:56.001,23328,23328,23328,2,-2
2025-01-20 15:08:59.001,23329,23329,23329,2,2
2025-01-20 15:09:03.001,23329,23329,23329,2,0
2025-01-20 15:09:11.001,23331,23331,23331,2,2
2025-01-20 15:09:16.001,23331,23331,23331,2,0
2025-01-20 15:09:20.001,23332,23332,23332,2,2
2025-01-20 15:09:20.001,23332,23332,23332,6,0
2025-01-20 15:09:27.001,23334,23334,23334,2,2
2025-01-20 15:09:31.001,23335,23335,23335,2,2
2025-01-20 15:09:32.001,23335,23335,23335,4,0
2025-01-20 15:09:40.001,23334,23334,23334,2,-2
2025-01-20 15:09:43.001,23335,23335,23335,2,2
2025-01-20 15:09:44.001,23336,23336,23336,6,6
2025-01-20 15:09:44.001,23337,23337,23337,8,8
2025-01-20 15:09:45.001,23338,23338,23338,8,8
2025-01-20 15:09:50.001,23340,23340,23340,2,2
2025-01-20 15:09:50.001,23340,23340,23340,2,0
2025-01-20 15:10:00.001,23337,23337,23337,2,-2
2025-01-20 15:10:13.001,23340,23340,23340,2,2
2025-01-20 15:10:13.001,23340,23340,23340,2,0
2025-01-20 15:10:13.001,23339,23339,23339,2,-2
2025-01-20 15:10:19.001,23340,23340,23340,2,2
2025-01-20 15:10:20.001,23339,23339,23339,2,-2
2025-01-20 15:10:21.001,23340,23340,23340,2,2
2025-01-20 15:10:21.001,23341,23341,23341,2,2
2025-01-20 15:10:21.001,23341,23341,23341,4,0
2025-01-20 15:10:23.001,23340,23340,23340,2,-2
2025-01-20 15:10:23.001,23340,23340,23340,2,0
2025-01-20 15:10:23.001,23340,23340,23340,2,0
2025-01-20 15:10:25.001,23340,23340,23340,2,0
2025-01-20 15:10:27.001,23341,23341,23341,2,2
2025-01-20 15:10:27.001,23340,23340,23340,2,-2
2025-01-20 15:10:30.001,23340,23340,23340,2,0
2025-01-20 15:10:30.001,23340,23340,23340,2,0
2025-01-20 15:10:30.001,23340,23340,23340,2,0
2025-01-20 15:10:30.001,23340,23340,23340,2,0
2025-01-20 15:10:30.001,23340,23340,23340,2,0
2025-01-20 15:10:30.001,23340,23340,23340,2,0
2025-01-20 15:10:31.001,23341,23341,23341,2,2
2025-01-20 15:10:32.001,23342,23342,23342,16,16
2025-01-20 15:10:32.001,23343,23343,23343,22,22
2025-01-20 15:10:32.001,23344,23344,23344,4,4
2025-01-20 15:10:37.001,23343,23343,23343,4,-4
2025-01-20 15:10:38.001,23342,23342,23342,2,-2
2025-01-20 15:10:40.001,23343,23343,23343,2,2
2025-01-20 15:10:43.001,23343,23343,23343,2,0
2025-01-20 15:10:55.001,23342,23342,23342,2,-2
2025-01-20 15:10:55.001,23342,23342,23342,4,0
2025-01-20 15:10:55.001,23342,23342,23342,6,0
2025-01-20 15:11:00.001,23340,23340,23340,2,-2
2025-01-20 15:11:04.001,23341,23341,23341,2,2
2025-01-20 15:11:07.001,23342,23342,23342,2,2
2025-01-20 15:11:08.001,23342,23342,23342,2,0
2025-01-20 15:11:18.001,23341,23341,23341,2,-2
2025-01-20 15:11:18.001,23341,23341,23341,2,0
2025-01-20 15:11:21.001,23342,23342,23342,4,4
2025-01-20 15:11:28.001,23343,23343,23343,2,2
2025-01-20 15:11:35.001,23345,23345,23345,10,10
2025-01-20 15:11:35.001,23346,23346,23346,2,2
2025-01-20 15:11:39.001,23345,23345,23345,2,-2
2025-01-20 15:11:39.001,23345,23345,23345,2,0
2025-01-20 15:11:44.001,23346,23346,23346,2,2
2025-01-20 15:11:54.001,23345,23345,23345,2,-2
2025-01-20 15:11:54.001,23346,23346,23346,4,4
2025-01-20 15:12:01.001,23346,23346,23346,4,0
2025-01-20 15:12:01.001,23345,23345,23345,2,-2
2025-01-20 15:12:02.001,23345,23345,23345,2,0
2025-01-20 15:12:02.001,23346,23346,23346,2,2
2025-01-20 15:12:02.001,23345,23345,23345,2,-2
2025-01-20 15:12:02.001,23345,23345,23345,2,0
2025-01-20 15:12:02.001,23345,23345,23345,2,0
2025-01-20 15:12:02.001,23345,23345,23345,2,0
2025-01-20 15:12:02.001,23345,23345,23345,2,0
2025-01-20 15:12:04.001,23343,23343,23343,2,-2
2025-01-20 15:12:20.001,23345,23345,23345,2,2
2025-01-20 15:12:27.001,23346,23346,23346,2,2
2025-01-20 15:12:27.001,23346,23346,23346,6,0
2025-01-20 15:12:27.001,23346,23346,23346,2,0
2025-01-20 15:12:27.001,23345,23345,23345,2,-2
2025-01-20 15:12:30.001,23347,23347,23347,4,4
2025-01-20 15:12:30.001,23347,23347,23347,2,0
2025-01-20 15:12:36.001,23347,23347,23347,2,0
2025-01-20 15:12:40.001,23347,23347,23347,2,0
2025-01-20 15:12:40.001,23346,23346,23346,2,-2
2025-01-20 15:12:40.001,23345,23345,23345,2,-2
2025-01-20 15:12:40.001,23345,23345,23345,2,0
2025-01-20 15:12:40.001,23345,23345,23345,2,0
2025-01-20 15:12:40.001,23345,23345,23345,2,0
2025-01-20 15:12:40.001,23345,23345,23345,2,0
2025-01-20 15:12:40.001,23345,23345,23345,2,0
2025-01-20 15:12:47.001,23344,23344,23344,2,-2
2025-01-20 15:12:47.001,23344,23344,23344,4,0
2025-01-20 15:12:47.001,23344,23344,23344,8,0
2025-01-20 15:12:57.001,23343,23343,23343,2,-2
2025-01-20 15:13:01.001,23343,23343,23343,2,0
2025-01-20 15:13:10.001,23343,23343,23343,2,0
2025-01-20 15:13:10.001,23343,23343,23343,2,0
2025-01-20 15:13:10.001,23343,23343,23343,2,0
2025-01-20 15:13:11.001,23342,23342,23342,2,-2
2025-01-20 15:13:11.001,23342,23342,23342,2,0
2025-01-20 15:13:11.001,23341,23341,23341,2,-2
2025-01-20 15:13:11.001,23340,23340,23340,2,-2
2025-01-20 15:13:11.001,23340,23340,23340,2,0
2025-01-20 15:13:16.001,23340,23340,23340,2,0
2025-01-20 15:13:23.001,23340,23340,23340,2,0
2025-01-20 15:13:23.001,23340,23340,23340,2,0
2025-01-20 15:13:23.001,23340,23340,23340,2,0
2025-01-20 15:13:24.001,23340,23340,23340,2,0
2025-01-20 15:13:36.001,23342,23342,23342,4,4
2025-01-20 15:13:36.001,23342,23342,23342,2,0
2025-01-20 15:13:36.001,23342,23342,23342,2,0
2025-01-20 15:13:36.001,23343,23343,23343,2,2
2025-01-20 15:13:38.001,23342,23342,23342,2,-2
2025-01-20 15:14:07.001,23342,23342,23342,2,0
2025-01-20 15:14:09.001,23343,23343,23343,2,2
2025-01-20 15:14:11.001,23343,23343,23343,2,0
2025-01-20 15:14:11.001,23342,23342,23342,2,-2
2025-01-20 15:14:25.001,23342,23342,23342,2,0
2025-01-20 15:14:27.001,23342,23342,23342,2,0
2025-01-20 15:14:36.001,23343,23343,23343,2,2
2025-01-20 15:14:49.001,23342,23342,23342,2,-2
2025-01-20 15:15:02.001,23341,23341,23341,2,-2
2025-01-20 15:15:02.001,23342,23342,23342,2,2
2025-01-20 15:15:02.001,23342,23342,23342,2,0
2025-01-20 15:15:02.001,23343,23343,23343,2,2
2025-01-20 15:15:12.001,23340,23340,23340,2,-2
2025-01-20 15:15:12.001,23340,23340,23340,2,0
2025-01-20 15:15:12.001,23341,23341,23341,2,2
2025-01-20 15:15:14.001,23339,23339,23339,2,-2
2025-01-20 15:15:14.001,23339,23339,23339,10,0
2025-01-20 15:15:14.001,23339,23339,23339,2,0
2025-01-20 15:15:14.001,23339,23339,23339,2,0
2025-01-20 15:15:14.001,23340,23340,23340,2,2
2025-01-20 15:15:14.001,23339,23339,23339,2,-2
2025-01-20 15:15:21.001,23343,23343,23343,2,2
2025-01-20 15:15:43.001,23342,23342,23342,2,-2
2025-01-20 15:16:20.001,23342,23342,23342,4,0
2025-01-20 15:16:20.001,23342,23342,23342,2,0
2025-01-20 15:16:33.001,23344,23344,23344,2,2
2025-01-20 15:16:33.001,23344,23344,23344,2,0
2025-01-20 15:16:33.001,23344,23344,23344,2,0
2025-01-20 15:16:33.001,23344,23344,23344,2,0
2025-01-20 15:16:33.001,23344,23344,23344,2,0
2025-01-20 15:16:33.001,23345,23345,23345,2,2
2025-01-20 15:16:33.001,23345,23345,23345,2,0
2025-01-20 15:16:33.001,23345,23345,23345,2,0
2025-01-20 15:16:33.001,23345,23345,23345,2,0
2025-01-20 15:16:33.001,23346,23346,23346,2,2
2025-01-20 15:16:33.001,23346,23346,23346,4,0
2025-01-20 15:16:36.001,23346,23346,23346,2,0
2025-01-20 15:16:36.001,23346,23346,23346,2,0
2025-01-20 15:16:36.001,23347,23347,23347,2,2
2025-01-20 15:16:36.001,23347,23347,23347,2,0
2025-01-20 15:16:37.001,23348,23348,23348,2,2
2025-01-20 15:16:37.001,23348,23348,23348,2,0
2025-01-20 15:16:37.001,23348,23348,23348,2,0
2025-01-20 15:16:37.001,23348,23348,23348,2,0
2025-01-20 15:16:37.001,23348,23348,23348,2,0
2025-01-20 15:16:39.001,23346,23346,23346,2,-2
2025-01-20 15:16:39.001,23348,23348,23348,2,2
2025-01-20 15:16:41.001,23348,23348,23348,2,0
2025-01-20 15:16:45.001,23348,23348,23348,4,0
2025-01-20 15:16:46.001,23348,23348,23348,2,0
2025-01-20 15:16:48.001,23349,23349,23349,4,4
2025-01-20 15:16:48.001,23349,23349,23349,2,0
2025-01-20 15:16:50.001,23348,23348,23348,2,-2
2025-01-20 15:16:50.001,23349,23349,23349,2,2
2025-01-20 15:16:54.001,23349,23349,23349,2,0
2025-01-20 15:17:01.001,23349,23349,23349,6,0
2025-01-20 15:17:01.001,23350,23350,23350,2,2
2025-01-20 15:17:01.001,23350,23350,23350,2,0
2025-01-20 15:17:02.001,23348,23348,23348,2,-2
2025-01-20 15:17:03.001,23349,23349,23349,4,4
2025-01-20 15:17:03.001,23350,23350,23350,4,4
2025-01-20 15:17:03.001,23350,23350,23350,2,0
2025-01-20 15:17:03.001,23350,23350,23350,2,0
2025-01-20 15:17:06.001,23351,23351,23351,2,2
2025-01-20 15:17:06.001,23351,23351,23351,4,0
2025-01-20 15:17:10.001,23352,23352,23352,2,2
2025-01-20 15:17:10.001,23352,23352,23352,2,0
2025-01-20 15:17:10.001,23352,23352,23352,2,0
2025-01-20 15:17:10.001,23352,23352,23352,2,0
2025-01-20 15:17:10.001,23352,23352,23352,2,0
2025-01-20 15:17:12.001,23351,23351,23351,2,-2
2025-01-20 15:17:12.001,23351,23351,23351,2,0
2025-01-20 15:17:12.001,23351,23351,23351,2,0
2025-01-20 15:17:12.001,23352,23352,23352,4,4
2025-01-20 15:17:12.001,23353,23353,23353,6,6
2025-01-20 15:17:21.001,23353,23353,23353,2,0
2025-01-20 15:17:21.001,23353,23353,23353,4,0
2025-01-20 15:17:24.001,23352,23352,23352,2,-2
2025-01-20 15:17:24.001,23351,23351,23351,2,-2
2025-01-20 15:17:25.001,23351,23351,23351,4,0
2025-01-20 15:17:25.001,23351,23351,23351,4,0
2025-01-20 15:17:25.001,23352,23352,23352,2,2
2025-01-20 15:17:28.001,23350,23350,23350,2,-2
2025-01-20 15:17:28.001,23351,23351,23351,2,2
2025-01-20 15:17:29.001,23350,23350,23350,2,-2
2025-01-20 15:17:30.001,23350,23350,23350,2,0
2025-01-20 15:17:30.001,23352,23352,23352,2,2
2025-01-20 15:17:36.001,23352,23352,23352,6,0
2025-01-20 15:17:36.001,23352,23352,23352,2,0
2025-01-20 15:17:38.001,23353,23353,23353,2,2
2025-01-20 15:17:42.001,23351,23351,23351,2,-2
2025-01-20 15:17:42.001,23350,23350,23350,2,-2
2025-01-20 15:17:42.001,23350,23350,23350,2,0
2025-01-20 15:17:42.001,23350,23350,23350,2,0
2025-01-20 15:17:42.001,23350,23350,23350,2,0
2025-01-20 15:17:42.001,23349,23349,23349,2,-2
2025-01-20 15:17:42.001,23349,23349,23349,2,0
2025-01-20 15:17:42.001,23349,23349,23349,2,0
2025-01-20 15:17:50.001,23350,23350,23350,2,2
2025-01-20 15:17:50.001,23350,23350,23350,2,0
2025-01-20 15:17:53.001,23349,23349,23349,2,-2
2025-01-20 15:17:55.001,23350,23350,23350,2,2
2025-01-20 15:17:58.001,23350,23350,23350,6,0
2025-01-20 15:18:00.001,23349,23349,23349,2,-2
2025-01-20 15:18:00.001,23348,23348,23348,2,-2
2025-01-20 15:18:00.001,23348,23348,23348,12,0
2025-01-20 15:18:00.001,23348,23348,23348,2,0
2025-01-20 15:18:05.001,23347,23347,23347,8,-8
2025-01-20 15:18:05.001,23345,23345,23345,2,-2
2025-01-20 15:18:10.001,23345,23345,23345,2,0
2025-01-20 15:18:22.001,23345,23345,23345,2,0
2025-01-20 15:18:27.001,23346,23346,23346,4,4
2025-01-20 15:18:34.001,23347,23347,23347,2,2
2025-01-20 15:18:46.001,23347,23347,23347,2,0
2025-01-20 15:18:47.001,23346,23346,23346,2,-2
2025-01-20 15:18:59.001,23344,23344,23344,2,-2
2025-01-20 15:19:00.001,23346,23346,23346,4,4
2025-01-20 15:19:07.001,23347,23347,23347,2,2
2025-01-20 15:19:17.001,23348,23348,23348,2,2
2025-01-20 15:19:26.001,23346,23346,23346,2,-2
2025-01-20 15:19:26.001,23346,23346,23346,2,0
2025-01-20 15:19:31.001,23343,23343,23343,2,-2
2025-01-20 15:19:33.001,23345,23345,23345,2,2
2025-01-20 15:19:41.001,23345,23345,23345,2,0
2025-01-20 15:19:57.001,23344,23344,23344,2,-2
2025-01-20 15:19:57.001,23344,23344,23344,4,0
2025-01-20 15:19:57.001,23344,23344,23344,2,0
2025-01-20 15:19:57.001,23344,23344,23344,4,0
2025-01-20 15:19:59.001,23343,23343,23343,4,-4
2025-01-20 15:19:59.001,23343,23343,23343,2,0
2025-01-20 15:19:59.001,23343,23343,23343,2,0
2025-01-20 15:19:59.001,23343,23343,23343,2,0
2025-01-20 15:19:59.001,23343,23343,23343,2,0
2025-01-20 15:19:59.001,23343,23343,23343,2,0
2025-01-20 15:20:00.001,23342,23342,23342,2,-2
2025-01-20 15:20:00.001,23342,23342,23342,2,0
2025-01-20 15:20:00.001,23342,23342,23342,2,0
2025-01-20 15:20:00.001,23341,23341,23341,2,-2
2025-01-20 15:20:00.001,23341,23341,23341,2,0
2025-01-20 15:20:00.001,23340,23340,23340,2,-2
2025-01-20 15:20:00.001,23340,23340,23340,2,0
2025-01-20 15:20:00.001,23340,23340,23340,2,0
2025-01-20 15:20:01.001,23340,23340,23340,2,0
2025-01-20 15:20:01.001,23340,23340,23340,2,0
2025-01-20 15:20:01.001,23342,23342,23342,4,4
2025-01-20 15:20:02.001,23340,23340,23340,2,-2
2025-01-20 15:20:02.001,23340,23340,23340,2,0
2025-01-20 15:20:09.001,23341,23341,23341,2,2
2025-01-20 15:20:20.001,23340,23340,23340,2,-2
2025-01-20 15:20:27.001,23340,23340,23340,2,0
2025-01-20 15:20:39.001,23340,23340,23340,2,0
2025-01-20 15:20:39.001,23340,23340,23340,2,0
2025-01-20 15:20:46.001,23338,23338,23338,6,-6
2025-01-20 15:20:46.001,23338,23338,23338,2,0
2025-01-20 15:20:46.001,23338,23338,23338,2,0
2025-01-20 15:20:46.001,23338,23338,23338,2,0
2025-01-20 15:20:46.001,23338,23338,23338,2,0
2025-01-20 15:20:47.001,23338,23338,23338,2,0
2025-01-20 15:20:47.001,23339,23339,23339,4,4
2025-01-20 15:21:17.001,23339,23339,23339,2,0
2025-01-20 15:21:30.001,23340,23340,23340,2,2
2025-01-20 15:21:33.001,23340,23340,23340,8,0
2025-01-20 15:21:35.001,23341,23341,23341,2,2
2025-01-20 15:21:37.001,23342,23342,23342,2,2
2025-01-20 15:21:45.001,23342,23342,23342,2,0
2025-01-20 15:22:00.001,23340,23340,23340,2,-2
2025-01-20 15:22:13.001,23340,23340,23340,4,0
2025-01-20 15:22:13.001,23340,23340,23340,2,0
2025-01-20 15:22:14.001,23340,23340,23340,4,0
2025-01-20 15:22:18.001,23342,23342,23342,2,2
2025-01-20 15:22:34.001,23343,23343,23343,2,2
2025-01-20 15:22:34.001,23343,23343,23343,4,0
2025-01-20 15:22:34.001,23344,23344,23344,2,2
2025-01-20 15:22:34.001,23344,23344,23344,2,0
2025-01-20 15:22:34.001,23344,23344,23344,2,0
2025-01-20 15:22:34.001,23343,23343,23343,2,-2
2025-01-20 15:22:34.001,23343,23343,23343,2,0
2025-01-20 15:22:34.001,23343,23343,23343,2,0
2025-01-20 15:22:37.001,23343,23343,23343,4,0
2025-01-20 15:22:37.001,23343,23343,23343,2,0
2025-01-20 15:22:39.001,23342,23342,23342,2,-2
2025-01-20 15:22:39.001,23342,23342,23342,2,0
2025-01-20 15:22:47.001,23342,23342,23342,2,0
2025-01-20 15:23:12.001,23340,23340,23340,2,-2
2025-01-20 15:23:55.001,23341,23341,23341,2,2
2025-01-20 15:24:10.001,23341,23341,23341,4,0
2025-01-20 15:24:10.001,23341,23341,23341,2,0
2025-01-20 15:24:10.001,23340,23340,23340,2,-2
2025-01-20 15:24:10.001,23340,23340,23340,2,0
2025-01-20 15:24:10.001,23339,23339,23339,2,-2
2025-01-20 15:24:10.001,23339,23339,23339,2,0
2025-01-20 15:24:10.001,23339,23339,23339,2,0
2025-01-20 15:24:10.001,23339,23339,23339,2,0
2025-01-20 15:24:10.001,23339,23339,23339,2,0
2025-01-20 15:24:10.001,23339,23339,23339,2,0
2025-01-20 15:24:10.001,23339,23339,23339,2,0
2025-01-20 15:24:10.001,23339,23339,23339,2,0
2025-01-20 15:24:10.001,23338,23338,23338,2,-2
2025-01-20 15:24:10.001,23337,23337,23337,2,-2
2025-01-20 15:24:11.001,23337,23337,23337,2,0
2025-01-20 15:24:11.001,23336,23336,23336,2,-2
2025-01-20 15:24:11.001,23336,23336,23336,2,0
2025-01-20 15:24:15.001,23338,23338,23338,2,2
2025-01-20 15:24:18.001,23338,23338,23338,2,0
2025-01-20 15:24:31.001,23338,23338,23338,2,0
2025-01-20 15:24:31.001,23338,23338,23338,2,0
2025-01-20 15:24:32.001,23338,23338,23338,2,0
2025-01-20 15:24:38.001,23339,23339,23339,2,2
2025-01-20 15:24:56.001,23339,23339,23339,2,0
2025-01-20 15:25:10.001,23338,23338,23338,2,-2
2025-01-20 15:25:10.001,23338,23338,23338,4,0
2025-01-20 15:25:10.001,23338,23338,23338,2,0
2025-01-20 15:25:10.001,23337,23337,23337,2,-2
2025-01-20 15:25:10.001,23337,23337,23337,2,0
2025-01-20 15:25:17.001,23336,23336,23336,2,-2
2025-01-20 15:25:18.001,23336,23336,23336,2,0
2025-01-20 15:25:20.001,23335,23335,23335,2,-2
2025-01-20 15:25:20.001,23335,23335,23335,4,0
2025-01-20 15:25:20.001,23335,23335,23335,4,0
2025-01-20 15:25:21.001,23335,23335,23335,2,0
2025-01-20 15:25:22.001,23334,23334,23334,2,-2
2025-01-20 15:25:23.001,23333,23333,23333,2,-2
2025-01-20 15:25:23.001,23333,23333,23333,2,0
2025-01-20 15:25:25.001,23334,23334,23334,2,2
2025-01-20 15:25:26.001,23334,23334,23334,2,0
2025-01-20 15:25:36.001,23336,23336,23336,2,2
2025-01-20 15:25:37.001,23337,23337,23337,2,2
2025-01-20 15:26:00.001,23336,23336,23336,2,-2
2025-01-20 15:26:13.001,23336,23336,23336,2,0
2025-01-20 15:26:15.001,23337,23337,23337,4,4
2025-01-20 15:26:20.001,23336,23336,23336,2,-2
2025-01-20 15:26:20.001,23336,23336,23336,2,0
2025-01-20 15:26:26.001,23336,23336,23336,2,0
2025-01-20 15:26:28.001,23336,23336,23336,2,0
2025-01-20 15:26:28.001,23336,23336,23336,2,0
2025-01-20 15:26:33.001,23335,23335,23335,2,-2
2025-01-20 15:26:33.001,23335,23335,23335,2,0
2025-01-20 15:26:33.001,23335,23335,23335,2,0
2025-01-20 15:26:33.001,23335,23335,23335,2,0
2025-01-20 15:26:44.001,23334,23334,23334,2,-2
2025-01-20 15:26:44.001,23334,23334,23334,2,0
2025-01-20 15:26:44.001,23334,23334,23334,2,0
2025-01-20 15:26:44.001,23333,23333,23333,2,-2
2025-01-20 15:26:44.001,23332,23332,23332,2,-2
2025-01-20 15:26:44.001,23332,23332,23332,2,0
2025-01-20 15:26:44.001,23331,23331,23331,2,-2
2025-01-20 15:26:48.001,23331,23331,23331,2,0
2025-01-20 15:26:48.001,23331,23331,23331,2,0
2025-01-20 15:26:48.001,23331,23331,23331,2,0
2025-01-20 15:26:50.001,23330,23330,23330,2,-2
2025-01-20 15:26:50.001,23330,23330,23330,2,0
2025-01-20 15:26:50.001,23330,23330,23330,2,0
2025-01-20 15:26:50.001,23330,23330,23330,2,0
2025-01-20 15:26:50.001,23330,23330,23330,2,0
2025-01-20 15:26:51.001,23329,23329,23329,2,-2
2025-01-20 15:26:55.001,23330,23330,23330,4,4
2025-01-20 15:27:00.001,23329,23329,23329,2,-2
2025-01-20 15:27:01.001,23328,23328,23328,2,-2
2025-01-20 15:27:03.001,23330,23330,23330,2,2
2025-01-20 15:27:03.001,23328,23328,23328,2,-2
2025-01-20 15:27:03.001,23328,23328,23328,2,0
2025-01-20 15:27:06.001,23328,23328,23328,4,0
2025-01-20 15:27:06.001,23328,23328,23328,2,0
2025-01-20 15:27:06.001,23328,23328,23328,6,0
2025-01-20 15:27:06.001,23328,23328,23328,2,0
2025-01-20 15:27:06.001,23327,23327,23327,2,-2
2025-01-20 15:27:07.001,23329,23329,23329,4,4
2025-01-20 15:27:09.001,23329,23329,23329,2,0
2025-01-20 15:27:31.001,23331,23331,23331,2,2
2025-01-20 15:27:42.001,23331,23331,23331,2,0
2025-01-20 15:27:55.001,23332,23332,23332,2,2
2025-01-20 15:27:55.001,23332,23332,23332,2,0
2025-01-20 15:27:55.001,23333,23333,23333,2,2
2025-01-20 15:28:17.001,23333,23333,23333,2,0
2025-01-20 15:28:17.001,23332,23332,23332,2,-2
2025-01-20 15:28:17.001,23332,23332,23332,2,0
2025-01-20 15:28:17.001,23332,23332,23332,2,0
2025-01-20 15:28:17.001,23330,23330,23330,2,-2
2025-01-20 15:28:18.001,23330,23330,23330,2,0
2025-01-20 15:28:46.001,23331,23331,23331,2,2
2025-01-20 15:29:00.001,23331,23331,23331,2,0
2025-01-20 15:29:07.001,23330,23330,23330,2,-2
2025-01-20 15:29:24.001,23332,23332,23332,4,4
2025-01-20 15:29:24.001,23333,23333,23333,2,2
2025-01-20 15:29:24.001,23333,23333,23333,4,0
2025-01-20 15:29:24.001,23333,23333,23333,2,0
2025-01-20 15:29:24.001,23333,23333,23333,2,0
2025-01-20 15:29:24.001,23332,23332,23332,2,-2
2025-01-20 15:29:30.001,23331,23331,23331,20,-20
2025-01-20 15:29:30.001,23331,23331,23331,20,0
2025-01-20 15:29:30.001,23330,23330,23330,2,-2
2025-01-20 15:29:34.001,23329,23329,23329,2,-2
2025-01-20 15:29:43.001,23328,23328,23328,2,-2
2025-01-20 15:29:43.001,23328,23328,23328,2,0
2025-01-20 15:29:43.001,23328,23328,23328,2,0
2025-01-20 15:29:43.001,23328,23328,23328,2,0
2025-01-20 15:29:43.001,23328,23328,23328,2,0
2025-01-20 15:29:43.001,23328,23328,23328,2,0
2025-01-20 15:29:43.001,23328,23328,23328,2,0
2025-01-20 15:29:51.001,23327,23327,23327,2,-2
2025-01-20 15:29:51.001,23327,23327,23327,2,0
2025-01-20 15:29:56.001,23326,23326,23326,2,-2
2025-01-20 15:29:56.001,23326,23326,23326,2,0
2025-01-20 15:29:56.001,23326,23326,23326,2,0
2025-01-20 15:29:56.001,23326,23326,23326,2,0
2025-01-20 15:29:56.001,23326,23326,23326,2,0
2025-01-20 15:29:57.001,23325,23325,23325,2,-2
2025-01-20 15:29:57.001,23325,23325,23325,2,0
2025-01-20 15:29:57.001,23325,23325,23325,4,0
2025-01-20 15:30:00.001,23325,23325,23325,2,0
2025-01-20 15:30:00.001,23325,23325,23325,2,0
2025-01-20 15:30:00.001,23327,23327,23327,6,6
2025-01-20 15:30:00.001,23328,23328,23328,2,2
2025-01-20 15:30:01.001,23327,23327,23327,2,-2
2025-01-20 15:30:01.001,23326,23326,23326,2,-2
2025-01-20 15:30:01.001,23326,23326,23326,2,0
2025-01-20 15:30:01.001,23326,23326,23326,2,0
2025-01-20 15:30:02.001,23325,23325,23325,4,-4
2025-01-20 15:30:10.001,23325,23325,23325,4,0
2025-01-20 15:30:10.001,23325,23325,23325,2,0
2025-01-20 15:30:10.001,23325,23325,23325,2,0
2025-01-20 15:30:10.001,23325,23325,23325,2,0
2025-01-20 15:30:10.001,23325,23325,23325,2,0
2025-01-20 15:30:15.001,23326,23326,23326,4,4
2025-01-20 15:30:16.001,23326,23326,23326,2,0
2025-01-20 15:30:16.001,23326,23326,23326,2,0
2025-01-20 15:30:17.001,23325,23325,23325,2,-2
2025-01-20 15:30:17.001,23325,23325,23325,2,0
2025-01-20 15:30:17.001,23325,23325,23325,2,0
2025-01-20 15:30:32.001,23325,23325,23325,4,0
2025-01-20 15:30:32.001,23325,23325,23325,2,0
2025-01-20 15:30:36.001,23327,23327,23327,6,6
2025-01-20 15:30:42.001,23330,23330,23330,2,2
2025-01-20 15:30:46.001,23330,23330,23330,4,0
2025-01-20 15:30:53.001,23330,23330,23330,4,0
2025-01-20 15:31:06.001,23331,23331,23331,2,2
2025-01-20 15:31:06.001,23332,23332,23332,2,2
2025-01-20 15:31:06.001,23332,23332,23332,2,0
2025-01-20 15:31:06.001,23333,23333,23333,2,2
2025-01-20 15:31:08.001,23332,23332,23332,2,-2
2025-01-20 15:31:10.001,23332,23332,23332,2,0
2025-01-20 15:31:10.001,23332,23332,23332,2,0
2025-01-20 15:31:15.001,23333,23333,23333,2,2
2025-01-20 15:31:15.001,23333,23333,23333,4,0
2025-01-20 15:31:19.001,23335,23335,23335,2,2
2025-01-20 15:31:26.001,23335,23335,23335,2,0
2025-01-20 15:31:28.001,23335,23335,23335,2,0
2025-01-20 15:31:28.001,23334,23334,23334,2,-2
2025-01-20 15:31:28.001,23334,23334,23334,2,0
2025-01-20 15:31:32.001,23335,23335,23335,2,2
2025-01-20 15:31:33.001,23336,23336,23336,4,4
2025-01-20 15:31:42.001,23337,23337,23337,2,2
2025-01-20 15:31:42.001,23337,23337,23337,2,0
2025-01-20 15:31:42.001,23337,23337,23337,2,0
2025-01-20 15:31:42.001,23337,23337,23337,2,0
2025-01-20 15:31:44.001,23338,23338,23338,2,2
2025-01-20 15:31:44.001,23338,23338,23338,2,0
2025-01-20 15:31:44.001,23339,23339,23339,2,2
2025-01-20 15:31:48.001,23339,23339,23339,2,0
2025-01-20 15:31:50.001,23339,23339,23339,2,0
2025-01-20 15:31:51.001,23337,23337,23337,2,-2
2025-01-20 15:31:51.001,23337,23337,23337,2,0
2025-01-20 15:31:54.001,23337,23337,23337,2,0
2025-01-20 15:32:01.001,23338,23338,23338,2,2
2025-01-20 15:32:05.001,23336,23336,23336,2,-2
2025-01-20 15:32:05.001,23336,23336,23336,2,0
2025-01-20 15:32:06.001,23337,23337,23337,2,2
2025-01-20 15:32:21.001,23336,23336,23336,2,-2
2025-01-20 15:32:30.001,23337,23337,23337,2,2
2025-01-20 15:32:33.001,23336,23336,23336,2,-2
2025-01-20 15:32:38.001,23335,23335,23335,2,-2
2025-01-20 15:32:38.001,23335,23335,23335,2,0
2025-01-20 15:32:38.001,23335,23335,23335,2,0
2025-01-20 15:32:46.001,23335,23335,23335,2,0
2025-01-20 15:33:22.001,23335,23335,23335,2,0
2025-01-20 15:33:41.001,23334,23334,23334,2,-2
2025-01-20 15:33:41.001,23334,23334,23334,2,0
2025-01-20 15:33:41.001,23334,23334,23334,2,0
2025-01-20 15:33:41.001,23334,23334,23334,2,0
2025-01-20 15:33:41.001,23333,23333,23333,2,-2
2025-01-20 15:33:41.001,23333,23333,23333,2,0
2025-01-20 15:33:41.001,23333,23333,23333,2,0
2025-01-20 15:33:41.001,23333,23333,23333,2,0
2025-01-20 15:33:41.001,23332,23332,23332,2,-2
2025-01-20 15:33:41.001,23332,23332,23332,4,0
2025-01-20 15:33:41.001,23332,23332,23332,2,0
2025-01-20 15:33:41.001,23332,23332,23332,2,0
2025-01-20 15:33:41.001,23332,23332,23332,2,0
2025-01-20 15:33:41.001,23330,23330,23330,4,-4
2025-01-20 15:34:18.001,23332,23332,23332,6,6
2025-01-20 15:34:18.001,23332,23332,23332,2,0
2025-01-20 15:34:18.001,23331,23331,23331,2,-2
2025-01-20 15:34:23.001,23332,23332,23332,2,2
2025-01-20 15:35:02.001,23334,23334,23334,2,2
2025-01-20 15:35:09.001,23335,23335,23335,2,2
2025-01-20 15:35:12.001,23335,23335,23335,2,0
2025-01-20 15:35:22.001,23337,23337,23337,2,2
2025-01-20 15:35:24.001,23337,23337,23337,2,0
2025-01-20 15:35:28.001,23338,23338,23338,2,2
2025-01-20 15:35:29.001,23339,23339,23339,2,2
2025-01-20 15:35:30.001,23340,23340,23340,2,2
2025-01-20 15:35:30.001,23340,23340,23340,2,0
2025-01-20 15:35:30.001,23340,23340,23340,2,0
2025-01-20 15:35:30.001,23340,23340,23340,2,0
2025-01-20 15:35:33.001,23340,23340,23340,2,0
2025-01-20 15:35:33.001,23341,23341,23341,2,2
2025-01-20 15:35:40.001,23342,23342,23342,2,2
2025-01-20 15:35:40.001,23342,23342,23342,2,0
2025-01-20 15:35:44.001,23342,23342,23342,2,0
2025-01-20 15:35:49.001,23343,23343,23343,2,2
2025-01-20 15:35:50.001,23343,23343,23343,2,0
2025-01-20 15:35:50.001,23343,23343,23343,2,0
2025-01-20 15:35:52.001,23344,23344,23344,2,2
2025-01-20 15:35:53.001,23345,23345,23345,2,2
2025-01-20 15:35:53.001,23345,23345,23345,2,0
2025-01-20 15:35:54.001,23345,23345,23345,2,0
2025-01-20 15:35:57.001,23344,23344,23344,2,-2
2025-01-20 15:36:02.001,23342,23342,23342,2,-2
2025-01-20 15:36:02.001,23342,23342,23342,2,0
2025-01-20 15:36:17.001,23340,23340,23340,2,-2
2025-01-20 15:36:17.001,23340,23340,23340,2,0
2025-01-20 15:36:27.001,23340,23340,23340,2,0
2025-01-20 15:36:49.001,23341,23341,23341,2,2
2025-01-20 15:36:54.001,23341,23341,23341,2,0
2025-01-20 15:37:18.001,23341,23341,23341,2,0
2025-01-20 15:37:19.001,23342,23342,23342,2,2
2025-01-20 15:37:53.001,23341,23341,23341,2,-2
2025-01-20 15:37:54.001,23340,23340,23340,2,-2
2025-01-20 15:37:55.001,23340,23340,23340,2,0
2025-01-20 15:37:55.001,23341,23341,23341,2,2
2025-01-20 15:37:55.001,23339,23339,23339,2,-2
2025-01-20 15:37:55.001,23337,23337,23337,2,-2
2025-01-20 15:38:23.001,23334,23334,23334,2,-2
2025-01-20 15:38:33.001,23333,23333,23333,2,-2
2025-01-20 15:38:46.001,23334,23334,23334,2,2
2025-01-20 15:38:58.001,23334,23334,23334,2,0
2025-01-20 15:38:58.001,23334,23334,23334,2,0
2025-01-20 15:39:03.001,23333,23333,23333,2,-2
2025-01-20 15:39:03.001,23333,23333,23333,2,0
2025-01-20 15:39:03.001,23332,23332,23332,2,-2
2025-01-20 15:39:05.001,23331,23331,23331,2,-2
2025-01-20 15:39:07.001,23332,23332,23332,2,2
2025-01-20 15:39:11.001,23333,23333,23333,2,2
2025-01-20 15:39:26.001,23335,23335,23335,2,2
2025-01-20 15:39:30.001,23338,23338,23338,6,6
2025-01-20 15:39:30.001,23339,23339,23339,2,2
2025-01-20 15:39:42.001,23337,23337,23337,2,-2
2025-01-20 15:39:50.001,23338,23338,23338,2,2
2025-01-20 15:39:50.001,23340,23340,23340,4,4
2025-01-20 15:39:50.001,23341,23341,23341,4,4
2025-01-20 15:39:50.001,23341,23341,23341,2,0
2025-01-20 15:39:50.001,23341,23341,23341,2,0
2025-01-20 15:39:50.001,23342,23342,23342,4,4
2025-01-20 15:39:50.001,23342,23342,23342,2,0
2025-01-20 15:39:50.001,23342,23342,23342,2,0
2025-01-20 15:39:50.001,23343,23343,23343,4,4
2025-01-20 15:40:00.001,23340,23340,23340,4,-4
2025-01-20 15:40:00.001,23339,23339,23339,2,-2
2025-01-20 15:40:00.001,23336,23336,23336,2,-2
2025-01-20 15:40:02.001,23336,23336,23336,2,0
2025-01-20 15:40:17.001,23339,23339,23339,2,2
2025-01-20 15:40:22.001,23339,23339,23339,2,0
2025-01-20 15:40:35.001,23339,23339,23339,2,0
2025-01-20 15:40:38.001,23339,23339,23339,2,0
2025-01-20 15:41:03.001,23340,23340,23340,4,4
2025-01-20 15:41:03.001,23340,23340,23340,2,0
2025-01-20 15:41:20.001,23340,23340,23340,2,0
2025-01-20 15:41:25.001,23340,23340,23340,2,0
2025-01-20 15:41:28.001,23342,23342,23342,2,2
2025-01-20 15:41:44.001,23341,23341,23341,2,-2
2025-01-20 15:41:59.001,23342,23342,23342,2,2
2025-01-20 15:41:59.001,23342,23342,23342,2,0
2025-01-20 15:42:04.001,23343,23343,23343,2,2
2025-01-20 15:42:04.001,23343,23343,23343,2,0
2025-01-20 15:42:11.001,23344,23344,23344,2,2
2025-01-20 15:42:14.001,23341,23341,23341,2,-2
2025-01-20 15:42:19.001,23340,23340,23340,2,-2
2025-01-20 15:42:19.001,23340,23340,23340,2,0
2025-01-20 15:42:50.001,23344,23344,23344,2,2
2025-01-20 15:43:05.001,23343,23343,23343,2,-2
2025-01-20 15:43:40.001,23343,23343,23343,4,0
2025-01-20 15:44:22.001,23343,23343,23343,4,0
2025-01-20 15:44:25.001,23344,23344,23344,2,2
2025-01-20 15:44:25.001,23344,23344,23344,2,0
2025-01-20 15:44:25.001,23345,23345,23345,2,2
2025-01-20 15:44:25.001,23345,23345,23345,2,0
2025-01-20 15:44:25.001,23345,23345,23345,6,0
2025-01-20 15:44:25.001,23345,23345,23345,6,0
2025-01-20 15:44:32.001,23346,23346,23346,2,2
2025-01-20 15:44:37.001,23346,23346,23346,2,0
2025-01-20 15:44:38.001,23345,23345,23345,2,-2
2025-01-20 15:44:45.001,23346,23346,23346,4,4
2025-01-20 15:44:54.001,23346,23346,23346,2,0
2025-01-20 15:44:55.001,23346,23346,23346,4,0
2025-01-20 15:44:56.001,23346,23346,23346,2,0
2025-01-20 15:45:05.001,23345,23345,23345,2,-2
2025-01-20 15:45:44.001,23347,23347,23347,2,2
2025-01-20 15:45:49.001,23347,23347,23347,2,0
2025-01-20 15:45:49.001,23347,23347,23347,8,0
2025-01-20 15:45:50.001,23347,23347,23347,2,0
2025-01-20 15:45:53.001,23348,23348,23348,2,2
2025-01-20 15:45:58.001,23347,23347,23347,2,-2
2025-01-20 15:45:58.001,23348,23348,23348,2,2
2025-01-20 15:45:58.001,23348,23348,23348,4,0
2025-01-20 15:46:06.001,23348,23348,23348,2,0
2025-01-20 15:46:06.001,23349,23349,23349,18,18
2025-01-20 15:46:06.001,23348,23348,23348,2,-2
2025-01-20 15:46:06.001,23348,23348,23348,2,0
2025-01-20 15:46:06.001,23348,23348,23348,2,0
2025-01-20 15:46:06.001,23348,23348,23348,2,0
2025-01-20 15:46:06.001,23348,23348,23348,2,0
2025-01-20 15:46:06.001,23347,23347,23347,2,-2
2025-01-20 15:46:06.001,23347,23347,23347,2,0
2025-01-20 15:46:06.001,23347,23347,23347,2,0
2025-01-20 15:46:06.001,23347,23347,23347,2,0
2025-01-20 15:46:06.001,23347,23347,23347,2,0
2025-01-20 15:46:06.001,23347,23347,23347,2,0
2025-01-20 15:46:06.001,23347,23347,23347,2,0
2025-01-20 15:46:06.001,23347,23347,23347,2,0
2025-01-20 15:46:06.001,23346,23346,23346,2,-2
2025-01-20 15:46:06.001,23346,23346,23346,2,0
2025-01-20 15:46:06.001,23346,23346,23346,2,0
2025-01-20 15:46:06.001,23348,23348,23348,4,4
2025-01-20 15:46:06.001,23346,23346,23346,2,-2
2025-01-20 15:47:04.001,23346,23346,23346,2,0
2025-01-20 15:47:04.001,23347,23347,23347,2,2
2025-01-20 15:47:04.001,23347,23347,23347,2,0
2025-01-20 15:47:04.001,23348,23348,23348,2,2
2025-01-20 15:47:10.001,23346,23346,23346,2,-2
2025-01-20 15:47:10.001,23346,23346,23346,2,0
2025-01-20 15:47:10.001,23346,23346,23346,2,0
2025-01-20 15:47:12.001,23345,23345,23345,2,-2
2025-01-20 15:47:12.001,23345,23345,23345,2,0
2025-01-20 15:47:12.001,23344,23344,23344,2,-2
2025-01-20 15:47:12.001,23344,23344,23344,2,0
2025-01-20 15:47:12.001,23344,23344,23344,2,0
2025-01-20 15:47:14.001,23346,23346,23346,2,2
2025-01-20 15:47:49.001,23348,23348,23348,4,4
2025-01-20 15:47:49.001,23348,23348,23348,4,0
2025-01-20 15:47:54.001,23349,23349,23349,2,2
2025-01-20 15:47:54.001,23349,23349,23349,2,0
2025-01-20 15:47:54.001,23349,23349,23349,2,0
2025-01-20 15:47:54.001,23350,23350,23350,2,2
2025-01-20 15:47:54.001,23350,23350,23350,2,0
2025-01-20 15:47:54.001,23350,23350,23350,2,0
2025-01-20 15:47:54.001,23350,23350,23350,2,0
2025-01-20 15:47:54.001,23350,23350,23350,2,0
2025-01-20 15:47:54.001,23350,23350,23350,2,0
2025-01-20 15:47:54.001,23350,23350,23350,2,0
2025-01-20 15:47:54.001,23351,23351,23351,2,2
2025-01-20 15:47:54.001,23351,23351,23351,2,0
2025-01-20 15:47:54.001,23351,23351,23351,10,0
2025-01-20 15:47:54.001,23352,23352,23352,2,2
2025-01-20 15:48:10.001,23352,23352,23352,10,0
2025-01-20 15:48:10.001,23351,23351,23351,6,-6
2025-01-20 15:48:10.001,23351,23351,23351,2,0
2025-01-20 15:48:10.001,23351,23351,23351,2,0
2025-01-20 15:48:18.001,23351,23351,23351,4,0
2025-01-20 15:48:18.001,23351,23351,23351,2,0
2025-01-20 15:48:20.001,23351,23351,23351,2,0
2025-01-20 15:48:22.001,23350,23350,23350,2,-2
2025-01-20 15:48:24.001,23350,23350,23350,2,0
2025-01-20 15:48:37.001,23349,23349,23349,2,-2
2025-01-20 15:48:39.001,23349,23349,23349,2,0
2025-01-20 15:48:39.001,23350,23350,23350,2,2
2025-01-20 15:48:55.001,23350,23350,23350,2,0
2025-01-20 15:49:01.001,23348,23348,23348,2,-2
2025-01-20 15:49:27.001,23346,23346,23346,2,-2
2025-01-20 15:49:33.001,23346,23346,23346,2,0
2025-01-20 15:49:44.001,23346,23346,23346,2,0
2025-01-20 15:49:47.001,23347,23347,23347,2,2
2025-01-20 15:49:47.001,23348,23348,23348,2,2
2025-01-20 15:49:47.001,23348,23348,23348,2,0
2025-01-20 15:49:47.001,23348,23348,23348,4,0
2025-01-20 15:49:47.001,23350,23350,23350,2,2
2025-01-20 15:49:59.001,23348,23348,23348,2,-2
2025-01-20 15:50:14.001,23346,23346,23346,2,-2
2025-01-20 15:50:14.001,23346,23346,23346,2,0
2025-01-20 15:50:14.001,23346,23346,23346,6,0
2025-01-20 15:50:15.001,23346,23346,23346,2,0
2025-01-20 15:50:15.001,23345,23345,23345,2,-2
2025-01-20 15:50:15.001,23345,23345,23345,4,0
2025-01-20 15:50:15.001,23344,23344,23344,2,-2
2025-01-20 15:50:15.001,23344,23344,23344,2,0
2025-01-20 15:50:15.001,23344,23344,23344,2,0
2025-01-20 15:50:15.001,23344,23344,23344,2,0
2025-01-20 15:50:15.001,23347,23347,23347,4,4
2025-01-20 15:50:17.001,23347,23347,23347,4,0
2025-01-20 15:50:24.001,23346,23346,23346,2,-2
2025-01-20 15:50:29.001,23348,23348,23348,2,2
2025-01-20 15:50:33.001,23350,23350,23350,4,4
2025-01-20 15:50:34.001,23351,23351,23351,6,6
2025-01-20 15:50:36.001,23352,23352,23352,6,6
2025-01-20 15:50:39.001,23353,23353,23353,12,12
2025-01-20 15:50:39.001,23354,23354,23354,6,6
2025-01-20 15:50:39.001,23354,23354,23354,2,0
2025-01-20 15:50:39.001,23354,23354,23354,2,0
2025-01-20 15:50:39.001,23355,23355,23355,2,2
2025-01-20 15:50:39.001,23355,23355,23355,2,0
2025-01-20 15:50:39.001,23355,23355,23355,8,0
2025-01-20 15:50:39.001,23353,23353,23353,2,-2
2025-01-20 15:50:39.001,23354,23354,23354,4,4
2025-01-20 15:50:43.001,23355,23355,23355,2,2
2025-01-20 15:51:04.001,23353,23353,23353,4,-4
2025-01-20 15:51:04.001,23353,23353,23353,2,0
2025-01-20 15:51:04.001,23354,23354,23354,8,8
2025-01-20 15:51:09.001,23355,23355,23355,2,2
2025-01-20 15:51:21.001,23353,23353,23353,2,-2
2025-01-20 15:51:21.001,23353,23353,23353,2,0
2025-01-20 15:51:29.001,23352,23352,23352,2,-2
2025-01-20 15:51:35.001,23352,23352,23352,2,0
2025-01-20 15:51:41.001,23352,23352,23352,2,0
2025-01-20 15:51:46.001,23353,23353,23353,2,2
2025-01-20 15:51:53.001,23354,23354,23354,4,4
2025-01-20 15:52:01.001,23353,23353,23353,2,-2
2025-01-20 15:52:05.001,23353,23353,23353,2,0
2025-01-20 15:52:06.001,23354,23354,23354,2,2
2025-01-20 15:52:07.001,23355,23355,23355,2,2
2025-01-20 15:52:07.001,23355,23355,23355,2,0
2025-01-20 15:52:07.001,23356,23356,23356,8,8
2025-01-20 15:52:07.001,23357,23357,23357,2,2
2025-01-20 15:52:07.001,23357,23357,23357,2,0
2025-01-20 15:52:07.001,23357,23357,23357,2,0
2025-01-20 15:52:07.001,23357,23357,23357,2,0
2025-01-20 15:52:14.001,23355,23355,23355,2,-2
2025-01-20 15:52:30.001,23357,23357,23357,2,2
2025-01-20 15:52:36.001,23358,23358,23358,2,2
2025-01-20 15:52:36.001,23358,23358,23358,28,0
2025-01-20 15:52:36.001,23359,23359,23359,2,2
2025-01-20 15:52:36.001,23359,23359,23359,2,0
2025-01-20 15:52:36.001,23359,23359,23359,2,0
2025-01-20 15:52:36.001,23359,23359,23359,2,0
2025-01-20 15:52:36.001,23359,23359,23359,8,0
2025-01-20 15:52:40.001,23359,23359,23359,2,0
2025-01-20 15:52:40.001,23360,23360,23360,2,2
2025-01-20 15:52:40.001,23360,23360,23360,2,0
2025-01-20 15:52:41.001,23360,23360,23360,6,0
2025-01-20 15:52:45.001,23360,23360,23360,2,0
2025-01-20 15:52:51.001,23360,23360,23360,4,0
2025-01-20 15:52:56.001,23361,23361,23361,6,6
2025-01-20 15:52:56.001,23362,23362,23362,2,2
2025-01-20 15:52:56.001,23362,23362,23362,2,0
2025-01-20 15:52:56.001,23362,23362,23362,6,0
2025-01-20 15:52:56.001,23362,23362,23362,2,0
2025-01-20 15:52:56.001,23362,23362,23362,2,0
2025-01-20 15:52:56.001,23363,23363,23363,2,2
2025-01-20 15:52:56.001,23363,23363,23363,6,0
2025-01-20 15:52:56.001,23364,23364,23364,4,4
2025-01-20 15:52:56.001,23363,23363,23363,2,-2
2025-01-20 15:52:58.001,23365,23365,23365,18,18
2025-01-20 15:52:58.001,23366,23366,23366,2,2
2025-01-20 15:53:00.001,23367,23367,23367,2,2
2025-01-20 15:53:00.001,23366,23366,23366,2,-2
2025-01-20 15:53:00.001,23365,23365,23365,2,-2
2025-01-20 15:53:00.001,23365,23365,23365,2,0
2025-01-20 15:53:09.001,23367,23367,23367,2,2
2025-01-20 15:53:09.001,23365,23365,23365,2,-2
2025-01-20 15:53:20.001,23366,23366,23366,2,2
2025-01-20 15:53:20.001,23365,23365,23365,2,-2
2025-01-20 15:53:20.001,23365,23365,23365,2,0
2025-01-20 15:53:20.001,23365,23365,23365,2,0
2025-01-20 15:53:20.001,23363,23363,23363,2,-2
2025-01-20 15:53:20.001,23363,23363,23363,2,0
2025-01-20 15:53:20.001,23362,23362,23362,2,-2
2025-01-20 15:53:20.001,23362,23362,23362,2,0
2025-01-20 15:53:20.001,23363,23363,23363,2,2
2025-01-20 15:53:20.001,23362,23362,23362,2,-2
2025-01-20 15:53:20.001,23361,23361,23361,2,-2
2025-01-20 15:53:20.001,23361,23361,23361,2,0
2025-01-20 15:53:20.001,23361,23361,23361,2,0
2025-01-20 15:53:20.001,23361,23361,23361,2,0
2025-01-20 15:53:25.001,23363,23363,23363,2,2
2025-01-20 15:53:25.001,23361,23361,23361,2,-2
2025-01-20 15:53:25.001,23361,23361,23361,2,0
2025-01-20 15:53:28.001,23364,23364,23364,4,4
2025-01-20 15:53:30.001,23364,23364,23364,4,0
2025-01-20 15:53:31.001,23362,23362,23362,2,-2
2025-01-20 15:53:42.001,23363,23363,23363,2,2
2025-01-20 15:53:42.001,23363,23363,23363,2,0
2025-01-20 15:53:42.001,23363,23363,23363,2,0
2025-01-20 15:53:46.001,23364,23364,23364,2,2
2025-01-20 15:53:47.001,23364,23364,23364,2,0
2025-01-20 15:53:56.001,23364,23364,23364,2,0
2025-01-20 15:54:01.001,23364,23364,23364,2,0
2025-01-20 15:54:01.001,23364,23364,23364,2,0
2025-01-20 15:54:06.001,23364,23364,23364,2,0
2025-01-20 15:54:08.001,23362,23362,23362,2,-2
2025-01-20 15:54:10.001,23362,23362,23362,2,0
2025-01-20 15:54:10.001,23361,23361,23361,2,-2
2025-01-20 15:54:13.001,23361,23361,23361,2,0
2025-01-20 15:54:13.001,23361,23361,23361,2,0
2025-01-20 15:54:14.001,23361,23361,23361,2,0
2025-01-20 15:54:14.001,23362,23362,23362,4,4
2025-01-20 15:54:15.001,23362,23362,23362,2,0
2025-01-20 15:54:16.001,23360,23360,23360,2,-2
2025-01-20 15:54:23.001,23360,23360,23360,2,0
2025-01-20 15:54:26.001,23358,23358,23358,2,-2
2025-01-20 15:54:26.001,23358,23358,23358,4,0
2025-01-20 15:54:26.001,23357,23357,23357,2,-2
2025-01-20 15:54:35.001,23359,23359,23359,4,4
2025-01-20 15:54:36.001,23358,23358,23358,2,-2
2025-01-20 15:54:40.001,23358,23358,23358,2,0
2025-01-20 15:54:40.001,23358,23358,23358,2,0
2025-01-20 15:54:40.001,23358,23358,23358,6,0
2025-01-20 15:54:42.001,23360,23360,23360,2,2
2025-01-20 15:54:43.001,23357,23357,23357,2,-2
2025-01-20 15:54:43.001,23357,23357,23357,2,0
2025-01-20 15:54:47.001,23360,23360,23360,2,2
2025-01-20 15:54:49.001,23361,23361,23361,2,2
2025-01-20 15:55:05.001,23356,23356,23356,2,-2
2025-01-20 15:55:05.001,23356,23356,23356,2,0
2025-01-20 15:55:08.001,23357,23357,23357,2,2
2025-01-20 15:55:24.001,23356,23356,23356,2,-2
2025-01-20 15:55:25.001,23356,23356,23356,2,0
2025-01-20 15:55:31.001,23360,23360,23360,2,2
2025-01-20 15:55:51.001,23358,23358,23358,2,-2
2025-01-20 15:56:33.001,23358,23358,23358,2,0
2025-01-20 15:56:37.001,23358,23358,23358,2,0
2025-01-20 15:56:37.001,23358,23358,23358,2,0
2025-01-20 15:56:37.001,23358,23358,23358,4,0
2025-01-20 15:56:45.001,23357,23357,23357,2,-2
2025-01-20 15:56:45.001,23357,23357,23357,2,0
2025-01-20 15:56:45.001,23357,23357,23357,2,0
2025-01-20 15:56:45.001,23357,23357,23357,2,0
2025-01-20 15:56:45.001,23357,23357,23357,2,0
2025-01-20 15:56:45.001,23357,23357,23357,2,0
2025-01-20 15:56:59.001,23357,23357,23357,2,0
2025-01-20 15:57:08.001,23357,23357,23357,2,0
2025-01-20 15:57:08.001,23356,23356,23356,2,-2
2025-01-20 15:57:08.001,23355,23355,23355,2,-2
2025-01-20 15:57:08.001,23355,23355,23355,2,0
2025-01-20 15:57:08.001,23355,23355,23355,2,0
2025-01-20 15:57:11.001,23355,23355,23355,2,0
2025-01-20 15:57:14.001,23354,23354,23354,2,-2
2025-01-20 15:57:26.001,23355,23355,23355,2,2
2025-01-20 15:57:29.001,23359,23359,23359,2,2
2025-01-20 15:57:33.001,23356,23356,23356,2,-2
2025-01-20 15:58:13.001,23356,23356,23356,2,0
2025-01-20 15:58:14.001,23357,23357,23357,2,2
2025-01-20 15:58:35.001,23358,23358,23358,2,2
2025-01-20 15:58:54.001,23359,23359,23359,2,2
2025-01-20 15:59:00.001,23360,23360,23360,2,2
2025-01-20 15:59:01.001,23362,23362,23362,2,2
2025-01-20 15:59:08.001,23361,23361,23361,2,-2
2025-01-20 15:59:08.001,23362,23362,23362,2,2
2025-01-20 15:59:18.001,23361,23361,23361,2,-2
2025-01-20 15:59:34.001,23361,23361,23361,2,0
2025-01-20 15:59:37.001,23360,23360,23360,2,-2
2025-01-20 15:59:37.001,23360,23360,23360,2,0
2025-01-20 15:59:45.001,23360,23360,23360,2,0
2025-01-20 15:59:45.001,23360,23360,23360,2,0
2025-01-20 15:59:53.001,23360,23360,23360,2,0
2025-01-20 15:59:55.001,23361,23361,23361,4,4
2025-01-20 16:00:00.001,23359,23359,23359,2,-2
2025-01-20 16:00:00.001,23358,23358,23358,2,-2
2025-01-20 16:00:00.001,23358,23358,23358,2,0
2025-01-20 16:00:00.001,23361,23361,23361,2,2
2025-01-20 16:00:00.001,23361,23361,23361,2,0
2025-01-20 16:00:00.001,23361,23361,23361,2,0
2025-01-20 16:00:00.001,23358,23358,23358,2,-2
2025-01-20 16:00:01.001,23356,23356,23356,2,-2
2025-01-20 16:00:01.001,23356,23356,23356,2,0
2025-01-20 16:00:02.001,23355,23355,23355,2,-2
2025-01-20 16:00:04.001,23355,23355,23355,2,0
2025-01-20 16:00:05.001,23356,23356,23356,2,2
2025-01-20 16:00:05.001,23356,23356,23356,6,0
2025-01-20 16:00:08.001,23356,23356,23356,4,0
2025-01-20 16:00:08.001,23357,23357,23357,6,6
2025-01-20 16:00:08.001,23356,23356,23356,2,-2
2025-01-20 16:00:08.001,23356,23356,23356,2,0
2025-01-20 16:00:08.001,23356,23356,23356,2,0
2025-01-20 16:00:09.001,23357,23357,23357,4,4
2025-01-20 16:00:12.001,23356,23356,23356,2,-2
2025-01-20 16:00:12.001,23355,23355,23355,2,-2
2025-01-20 16:00:12.001,23356,23356,23356,4,4
2025-01-20 16:00:12.001,23355,23355,23355,2,-2
2025-01-20 16:00:12.001,23355,23355,23355,2,0
2025-01-20 16:00:13.001,23354,23354,23354,2,-2
2025-01-20 16:00:13.001,23354,23354,23354,2,0
2025-01-20 16:00:20.001,23353,23353,23353,2,-2
2025-01-20 16:00:20.001,23353,23353,23353,2,0
2025-01-20 16:00:20.001,23353,23353,23353,2,0
2025-01-20 16:00:20.001,23352,23352,23352,2,-2
2025-01-20 16:00:20.001,23352,23352,23352,2,0
2025-01-20 16:00:25.001,23351,23351,23351,2,-2
2025-01-20 16:00:25.001,23351,23351,23351,2,0
2025-01-20 16:00:25.001,23350,23350,23350,2,-2
2025-01-20 16:00:25.001,23350,23350,23350,2,0
2025-01-20 16:00:25.001,23351,23351,23351,2,2
2025-01-20 16:00:26.001,23350,23350,23350,2,-2
2025-01-20 16:00:27.001,23349,23349,23349,2,-2
2025-01-20 16:00:30.001,23349,23349,23349,2,0
2025-01-20 16:00:32.001,23349,23349,23349,2,0
2025-01-20 16:00:39.001,23347,23347,23347,2,-2
2025-01-20 16:00:42.001,23347,23347,23347,2,0
2025-01-20 16:00:42.001,23347,23347,23347,2,0
2025-01-20 16:00:42.001,23346,23346,23346,2,-2
2025-01-20 16:00:42.001,23346,23346,23346,2,0
2025-01-20 16:00:43.001,23345,23345,23345,2,-2
2025-01-20 16:00:46.001,23347,23347,23347,2,2
2025-01-20 16:00:52.001,23346,23346,23346,2,-2
2025-01-20 16:00:52.001,23345,23345,23345,2,-2
2025-01-20 16:00:52.001,23345,23345,23345,2,0
2025-01-20 16:00:52.001,23345,23345,23345,2,0
2025-01-20 16:00:53.001,23346,23346,23346,2,2
2025-01-20 16:00:53.001,23346,23346,23346,6,0
2025-01-20 16:00:53.001,23346,23346,23346,2,0
2025-01-20 16:00:54.001,23345,23345,23345,2,-2
2025-01-20 16:00:54.001,23344,23344,23344,2,-2
2025-01-20 16:00:54.001,23344,23344,23344,8,0
2025-01-20 16:00:56.001,23343,23343,23343,2,-2
2025-01-20 16:00:56.001,23343,23343,23343,2,0
2025-01-20 16:00:56.001,23343,23343,23343,2,0
2025-01-20 16:00:57.001,23343,23343,23343,2,0
2025-01-20 16:00:59.001,23345,23345,23345,4,4
2025-01-20 16:01:00.001,23346,23346,23346,2,2
2025-01-20 16:01:00.001,23346,23346,23346,2,0
2025-01-20 16:01:00.001,23347,23347,23347,2,2
2025-01-20 16:01:00.001,23347,23347,23347,2,0
2025-01-20 16:01:01.001,23347,23347,23347,6,0
2025-01-20 16:01:03.001,23347,23347,23347,2,0
2025-01-20 16:01:03.001,23348,23348,23348,2,2
2025-01-20 16:01:18.001,23348,23348,23348,2,0
2025-01-20 16:01:20.001,23347,23347,23347,2,-2
2025-01-20 16:01:20.001,23345,23345,23345,2,-2
2025-01-20 16:01:21.001,23345,23345,23345,6,0
2025-01-20 16:01:21.001,23345,23345,23345,2,0
2025-01-20 16:01:30.001,23344,23344,23344,2,-2
2025-01-20 16:01:30.001,23343,23343,23343,2,-2
2025-01-20 16:01:30.001,23343,23343,23343,2,0
2025-01-20 16:01:35.001,23344,23344,23344,2,2
2025-01-20 16:01:37.001,23343,23343,23343,2,-2
2025-01-20 16:01:41.001,23342,23342,23342,2,-2
2025-01-20 16:01:44.001,23343,23343,23343,6,6
2025-01-20 16:01:46.001,23343,23343,23343,2,0
2025-01-20 16:01:52.001,23345,23345,23345,2,2
2025-01-20 16:01:56.001,23346,23346,23346,2,2
2025-01-20 16:01:57.001,23347,23347,23347,2,2
2025-01-20 16:01:58.001,23344,23344,23344,2,-2
2025-01-20 16:01:58.001,23343,23343,23343,2,-2
2025-01-20 16:01:58.001,23343,23343,23343,2,0
2025-01-20 16:01:58.001,23342,23342,23342,2,-2
2025-01-20 16:02:01.001,23344,23344,23344,6,6
2025-01-20 16:02:02.001,23344,23344,23344,2,0
2025-01-20 16:02:03.001,23347,23347,23347,2,2
2025-01-20 16:02:12.001,23347,23347,23347,2,0
2025-01-20 16:02:31.001,23346,23346,23346,2,-2
2025-01-20 16:02:44.001,23349,23349,23349,2,2
2025-01-20 16:02:44.001,23349,23349,23349,2,0
2025-01-20 16:02:45.001,23350,23350,23350,2,2
2025-01-20 16:02:50.001,23350,23350,23350,2,0
2025-01-20 16:02:53.001,23347,23347,23347,2,-2
2025-01-20 16:02:57.001,23349,23349,23349,2,2
2025-01-20 16:03:05.001,23349,23349,23349,2,0
2025-01-20 16:03:05.001,23350,23350,23350,2,2
2025-01-20 16:03:05.001,23350,23350,23350,4,0
2025-01-20 16:03:05.001,23350,23350,23350,2,0
2025-01-20 16:03:05.001,23350,23350,23350,2,0
2025-01-20 16:03:05.001,23350,23350,23350,16,0
2025-01-20 16:03:05.001,23350,23350,23350,2,0
2025-01-20 16:03:05.001,23351,23351,23351,4,4
2025-01-20 16:03:06.001,23349,23349,23349,2,-2
2025-01-20 16:03:24.001,23351,23351,23351,4,4
2025-01-20 16:03:30.001,23352,23352,23352,2,2
2025-01-20 16:03:31.001,23352,23352,23352,2,0
2025-01-20 16:03:54.001,23351,23351,23351,2,-2
2025-01-20 16:04:00.001,23351,23351,23351,2,0
2025-01-20 16:04:00.001,23350,23350,23350,2,-2
2025-01-20 16:04:03.001,23350,23350,23350,2,0
2025-01-20 16:04:07.001,23350,23350,23350,2,0
2025-01-20 16:04:16.001,23351,23351,23351,2,2
2025-01-20 16:04:49.001,23354,23354,23354,2,2
2025-01-20 16:04:50.001,23354,23354,23354,2,0
2025-01-20 16:04:51.001,23355,23355,23355,2,2
2025-01-20 16:04:51.001,23355,23355,23355,2,0
2025-01-20 16:04:51.001,23355,23355,23355,2,0
2025-01-20 16:04:57.001,23354,23354,23354,2,-2
2025-01-20 16:05:18.001,23353,23353,23353,2,-2
2025-01-20 16:05:26.001,23356,23356,23356,2,2
2025-01-20 16:05:26.001,23356,23356,23356,2,0
2025-01-20 16:05:26.001,23356,23356,23356,8,0
2025-01-20 16:05:26.001,23356,23356,23356,2,0
2025-01-20 16:05:32.001,23358,23358,23358,2,2
2025-01-20 16:05:34.001,23359,23359,23359,6,6
2025-01-20 16:05:34.001,23360,23360,23360,6,6
2025-01-20 16:05:35.001,23360,23360,23360,2,0
2025-01-20 16:05:41.001,23361,23361,23361,2,2
2025-01-20 16:05:43.001,23361,23361,23361,2,0
2025-01-20 16:05:47.001,23360,23360,23360,4,-4
2025-01-20 16:05:47.001,23361,23361,23361,2,2
2025-01-20 16:06:00.001,23362,23362,23362,6,6
2025-01-20 16:06:00.001,23362,23362,23362,4,0
2025-01-20 16:06:00.001,23362,23362,23362,2,0
2025-01-20 16:06:00.001,23363,23363,23363,2,2
2025-01-20 16:06:00.001,23363,23363,23363,2,0
2025-01-20 16:06:00.001,23363,23363,23363,6,0
2025-01-20 16:06:00.001,23364,23364,23364,2,2
2025-01-20 16:06:05.001,23364,23364,23364,2,0
2025-01-20 16:06:14.001,23364,23364,23364,2,0
2025-01-20 16:06:14.001,23364,23364,23364,2,0
2025-01-20 16:06:15.001,23364,23364,23364,2,0
2025-01-20 16:06:16.001,23364,23364,23364,2,0
2025-01-20 16:06:18.001,23363,23363,23363,2,-2
2025-01-20 16:06:20.001,23364,23364,23364,4,4
2025-01-20 16:06:23.001,23364,23364,23364,2,0
2025-01-20 16:06:23.001,23363,23363,23363,2,-2
2025-01-20 16:06:23.001,23363,23363,23363,2,0
2025-01-20 16:06:35.001,23363,23363,23363,2,0
2025-01-20 16:06:39.001,23362,23362,23362,2,-2
2025-01-20 16:06:39.001,23362,23362,23362,2,0
2025-01-20 16:06:45.001,23361,23361,23361,2,-2
2025-01-20 16:06:45.001,23361,23361,23361,2,0
2025-01-20 16:06:45.001,23361,23361,23361,2,0
2025-01-20 16:06:46.001,23361,23361,23361,2,0
2025-01-20 16:06:46.001,23362,23362,23362,2,2
2025-01-20 16:07:02.001,23362,23362,23362,2,0
2025-01-20 16:07:02.001,23362,23362,23362,2,0
2025-01-20 16:07:03.001,23363,23363,23363,2,2
2025-01-20 16:07:04.001,23363,23363,23363,4,0
2025-01-20 16:07:07.001,23363,23363,23363,4,0
2025-01-20 16:07:07.001,23362,23362,23362,2,-2
2025-01-20 16:07:09.001,23363,23363,23363,2,2
2025-01-20 16:07:10.001,23362,23362,23362,4,-4
2025-01-20 16:07:12.001,23362,23362,23362,4,0
2025-01-20 16:07:12.001,23361,23361,23361,2,-2
2025-01-20 16:07:12.001,23361,23361,23361,2,0
2025-01-20 16:07:13.001,23362,23362,23362,2,2
2025-01-20 16:07:38.001,23361,23361,23361,2,-2
2025-01-20 16:07:38.001,23361,23361,23361,2,0
2025-01-20 16:07:38.001,23362,23362,23362,2,2
2025-01-20 16:07:51.001,23361,23361,23361,2,-2
2025-01-20 16:07:59.001,23360,23360,23360,4,-4
2025-01-20 16:07:59.001,23360,23360,23360,6,0
2025-01-20 16:07:59.001,23360,23360,23360,2,0
2025-01-20 16:08:00.001,23359,23359,23359,2,-2
2025-01-20 16:08:02.001,23358,23358,23358,2,-2
2025-01-20 16:08:02.001,23358,23358,23358,2,0
2025-01-20 16:08:02.001,23357,23357,23357,2,-2
2025-01-20 16:08:03.001,23357,23357,23357,2,0
2025-01-20 16:08:28.001,23359,23359,23359,2,2
2025-01-20 16:08:51.001,23359,23359,23359,2,0
2025-01-20 16:08:51.001,23359,23359,23359,2,0
2025-01-20 16:08:51.001,23359,23359,23359,2,0
2025-01-20 16:08:54.001,23358,23358,23358,2,-2
2025-01-20 16:08:55.001,23359,23359,23359,2,2
2025-01-20 16:09:17.001,23359,23359,23359,4,0
2025-01-20 16:09:38.001,23359,23359,23359,2,0
2025-01-20 16:09:38.001,23359,23359,23359,2,0
2025-01-20 16:09:38.001,23359,23359,23359,2,0
2025-01-20 16:09:47.001,23359,23359,23359,2,0
2025-01-20 16:09:54.001,23359,23359,23359,2,0
2025-01-20 16:09:57.001,23358,23358,23358,2,-2
2025-01-20 16:10:04.001,23358,23358,23358,2,0
2025-01-20 16:10:05.001,23357,23357,23357,2,-2
2025-01-20 16:10:05.001,23357,23357,23357,2,0
2025-01-20 16:10:05.001,23357,23357,23357,2,0
2025-01-20 16:10:10.001,23359,23359,23359,4,4
2025-01-20 16:10:52.001,23359,23359,23359,2,0
2025-01-20 16:10:53.001,23359,23359,23359,2,0
2025-01-20 16:11:15.001,23359,23359,23359,2,0
2025-01-20 16:11:15.001,23359,23359,23359,2,0
2025-01-20 16:11:25.001,23359,23359,23359,2,0
2025-01-20 16:11:35.001,23359,23359,23359,2,0
2025-01-20 16:11:45.001,23361,23361,23361,6,6
2025-01-20 16:12:22.001,23361,23361,23361,2,0
2025-01-20 16:12:43.001,23361,23361,23361,4,0
2025-01-20 16:12:48.001,23360,23360,23360,2,-2
2025-01-20 16:12:48.001,23360,23360,23360,2,0
2025-01-20 16:13:03.001,23358,23358,23358,2,-2
2025-01-20 16:13:03.001,23358,23358,23358,2,0
2025-01-20 16:13:03.001,23357,23357,23357,2,-2
2025-01-20 16:13:09.001,23356,23356,23356,2,-2
2025-01-20 16:13:14.001,23357,23357,23357,2,2
2025-01-20 16:13:25.001,23356,23356,23356,2,-2
2025-01-20 16:13:25.001,23356,23356,23356,2,0
2025-01-20 16:13:25.001,23356,23356,23356,2,0
2025-01-20 16:13:26.001,23354,23354,23354,2,-2
2025-01-20 16:13:27.001,23356,23356,23356,2,2
2025-01-20 16:14:01.001,23354,23354,23354,2,-2
2025-01-20 16:14:01.001,23354,23354,23354,2,0
2025-01-20 16:14:01.001,23353,23353,23353,2,-2
2025-01-20 16:14:01.001,23353,23353,23353,2,0
2025-01-20 16:14:01.001,23353,23353,23353,2,0
2025-01-20 16:14:01.001,23352,23352,23352,2,-2
2025-01-20 16:14:01.001,23352,23352,23352,2,0
2025-01-20 16:14:01.001,23353,23353,23353,2,2
2025-01-20 16:14:02.001,23354,23354,23354,2,2
2025-01-20 16:14:11.001,23353,23353,23353,2,-2
2025-01-20 16:14:11.001,23353,23353,23353,2,0
2025-01-20 16:14:18.001,23354,23354,23354,2,2
2025-01-20 16:14:35.001,23355,23355,23355,4,4
2025-01-20 16:14:38.001,23355,23355,23355,2,0
2025-01-20 16:14:48.001,23354,23354,23354,2,-2
2025-01-20 16:15:12.001,23354,23354,23354,2,0
2025-01-20 16:15:12.001,23354,23354,23354,2,0
2025-01-20 16:15:12.001,23352,23352,23352,2,-2
2025-01-20 16:15:38.001,23353,23353,23353,2,2
2025-01-20 16:15:41.001,23352,23352,23352,2,-2
2025-01-20 16:15:42.001,23353,23353,23353,2,2
2025-01-20 16:16:00.001,23353,23353,23353,2,0
2025-01-20 16:16:00.001,23353,23353,23353,2,0
2025-01-20 16:16:00.001,23352,23352,23352,2,-2
2025-01-20 16:16:00.001,23351,23351,23351,2,-2
2025-01-20 16:16:18.001,23350,23350,23350,2,-2
2025-01-20 16:16:18.001,23348,23348,23348,2,-2
2025-01-20 16:16:18.001,23348,23348,23348,2,0
2025-01-20 16:16:24.001,23350,23350,23350,2,2
2025-01-20 16:16:26.001,23347,23347,23347,2,-2
2025-01-20 16:16:26.001,23346,23346,23346,2,-2
2025-01-20 16:16:26.001,23346,23346,23346,2,0
2025-01-20 16:16:26.001,23345,23345,23345,2,-2
2025-01-20 16:16:29.001,23347,23347,23347,6,6
2025-01-20 16:17:00.001,23347,23347,23347,2,0
2025-01-20 16:17:20.001,23347,23347,23347,2,0
2025-01-20 16:17:29.001,23349,23349,23349,2,2
2025-01-20 16:17:45.001,23349,23349,23349,2,0
2025-01-20 16:17:58.001,23349,23349,23349,2,0
2025-01-20 16:18:01.001,23348,23348,23348,2,-2
2025-01-20 16:18:01.001,23347,23347,23347,2,-2
2025-01-20 16:18:01.001,23347,23347,23347,2,0
2025-01-20 16:18:01.001,23348,23348,23348,2,2
2025-01-20 16:18:15.001,23347,23347,23347,2,-2
2025-01-20 16:18:28.001,23348,23348,23348,2,2
2025-01-20 16:18:41.001,23347,23347,23347,2,-2
2025-01-20 16:18:41.001,23346,23346,23346,2,-2
2025-01-20 16:19:03.001,23350,23350,23350,2,2
2025-01-20 16:19:09.001,23350,23350,23350,2,0
2025-01-20 16:19:32.001,23348,23348,23348,2,-2
2025-01-20 16:19:47.001,23349,23349,23349,2,2
2025-01-20 16:19:59.001,23347,23347,23347,2,-2
2025-01-20 16:19:59.001,23347,23347,23347,2,0
2025-01-20 16:19:59.001,23347,23347,23347,2,0
2025-01-20 16:19:59.001,23347,23347,23347,2,0
2025-01-20 16:19:59.001,23347,23347,23347,2,0
2025-01-20 16:19:59.001,23346,23346,23346,4,-4
2025-01-20 16:19:59.001,23346,23346,23346,2,0
2025-01-20 16:19:59.001,23346,23346,23346,2,0
2025-01-20 16:19:59.001,23346,23346,23346,2,0
2025-01-20 16:19:59.001,23346,23346,23346,2,0
2025-01-20 16:19:59.001,23345,23345,23345,2,-2
2025-01-20 16:19:59.001,23345,23345,23345,2,0
2025-01-20 16:19:59.001,23345,23345,23345,2,0
2025-01-20 16:19:59.001,23345,23345,23345,4,0
2025-01-20 16:19:59.001,23345,23345,23345,2,0
2025-01-20 16:19:59.001,23345,23345,23345,2,0
2025-01-20 16:19:59.001,23345,23345,23345,4,0
2025-01-20 16:19:59.001,23345,23345,23345,4,0
2025-01-20 16:19:59.001,23344,23344,23344,2,-2
2025-01-20 16:19:59.001,23343,23343,23343,2,-2
2025-01-20 16:19:59.001,23343,23343,23343,2,0
2025-01-20 16:19:59.001,23343,23343,23343,2,0
2025-01-20 16:19:59.001,23345,23345,23345,2,2
2025-01-20 16:20:08.001,23346,23346,23346,2,2
2025-01-20 16:20:17.001,23343,23343,23343,2,-2
2025-01-20 16:20:17.001,23343,23343,23343,2,0
2025-01-20 16:20:17.001,23342,23342,23342,2,-2
2025-01-20 16:20:17.001,23342,23342,23342,2,0
2025-01-20 16:20:17.001,23342,23342,23342,2,0
2025-01-20 16:20:17.001,23342,23342,23342,2,0
2025-01-20 16:20:17.001,23342,23342,23342,2,0
2025-01-20 16:20:17.001,23342,23342,23342,2,0
2025-01-20 16:20:17.001,23342,23342,23342,2,0
2025-01-20 16:20:17.001,23342,23342,23342,4,0
2025-01-20 16:20:17.001,23341,23341,23341,2,-2
2025-01-20 16:20:17.001,23341,23341,23341,2,0
2025-01-20 16:20:20.001,23341,23341,23341,2,0
2025-01-20 16:20:32.001,23343,23343,23343,2,2
2025-01-20 16:20:32.001,23343,23343,23343,2,0
2025-01-20 16:20:32.001,23343,23343,23343,2,0
2025-01-20 16:20:35.001,23342,23342,23342,2,-2
2025-01-20 16:20:37.001,23345,23345,23345,2,2
2025-01-20 16:21:00.001,23343,23343,23343,2,-2
2025-01-20 16:21:00.001,23341,23341,23341,2,-2
2025-01-20 16:21:00.001,23343,23343,23343,2,2
2025-01-20 16:21:20.001,23344,23344,23344,2,2
2025-01-20 16:21:20.001,23344,23344,23344,2,0
2025-01-20 16:21:21.001,23345,23345,23345,2,2
2025-01-20 16:21:21.001,23345,23345,23345,2,0
2025-01-20 16:21:23.001,23345,23345,23345,4,0
2025-01-20 16:21:26.001,23344,23344,23344,4,-4
2025-01-20 16:21:26.001,23345,23345,23345,2,2
2025-01-20 16:21:29.001,23346,23346,23346,2,2
2025-01-20 16:21:33.001,23345,23345,23345,2,-2
2025-01-20 16:21:44.001,23345,23345,23345,2,0
2025-01-20 16:21:44.001,23345,23345,23345,2,0
2025-01-20 16:22:08.001,23345,23345,23345,2,0
2025-01-20 16:22:12.001,23343,23343,23343,2,-2
2025-01-20 16:22:12.001,23343,23343,23343,4,0
2025-01-20 16:22:35.001,23344,23344,23344,2,2
2025-01-20 16:22:35.001,23343,23343,23343,2,-2
2025-01-20 16:22:46.001,23345,23345,23345,2,2
2025-01-20 16:22:51.001,23346,23346,23346,2,2
2025-01-20 16:23:00.001,23345,23345,23345,2,-2
2025-01-20 16:23:33.001,23345,23345,23345,2,0
2025-01-20 16:23:33.001,23345,23345,23345,2,0
2025-01-20 16:23:33.001,23345,23345,23345,2,0
2025-01-20 16:23:38.001,23346,23346,23346,2,2
2025-01-20 16:23:38.001,23346,23346,23346,2,0
2025-01-20 16:23:38.001,23346,23346,23346,2,0
2025-01-20 16:23:38.001,23347,23347,23347,2,2
2025-01-20 16:23:39.001,23346,23346,23346,2,-2
2025-01-20 16:23:39.001,23346,23346,23346,2,0
2025-01-20 16:23:39.001,23347,23347,23347,2,2
2025-01-20 16:23:56.001,23347,23347,23347,2,0
2025-01-20 16:23:56.001,23347,23347,23347,2,0
2025-01-20 16:23:56.001,23347,23347,23347,2,0
2025-01-20 16:23:56.001,23346,23346,23346,2,-2
2025-01-20 16:23:56.001,23345,23345,23345,2,-2
2025-01-20 16:24:05.001,23345,23345,23345,2,0
2025-01-20 16:24:12.001,23345,23345,23345,2,0
2025-01-20 16:24:25.001,23344,23344,23344,2,-2
2025-01-20 16:24:25.001,23343,23343,23343,6,-6
2025-01-20 16:24:27.001,23345,23345,23345,10,10
2025-01-20 16:24:30.001,23347,23347,23347,2,2
2025-01-20 16:24:38.001,23345,23345,23345,10,-10
2025-01-20 16:24:38.001,23345,23345,23345,2,0
2025-01-20 16:24:46.001,23346,23346,23346,2,2
2025-01-20 16:24:59.001,23344,23344,23344,2,-2
2025-01-20 16:24:59.001,23344,23344,23344,4,0
2025-01-20 16:24:59.001,23343,23343,23343,2,-2
2025-01-20 16:25:01.001,23344,23344,23344,2,2
2025-01-20 16:25:12.001,23343,23343,23343,2,-2
2025-01-20 16:25:12.001,23343,23343,23343,4,0
2025-01-20 16:25:18.001,23342,23342,23342,2,-2
2025-01-20 16:25:18.001,23343,23343,23343,2,2
2025-01-20 16:25:24.001,23342,23342,23342,2,-2
2025-01-20 16:25:24.001,23342,23342,23342,2,0
2025-01-20 16:25:24.001,23342,23342,23342,2,0
2025-01-20 16:25:24.001,23342,23342,23342,2,0
2025-01-20 16:25:29.001,23341,23341,23341,2,-2
2025-01-20 16:25:30.001,23343,23343,23343,2,2
2025-01-20 16:25:41.001,23344,23344,23344,2,2
2025-01-20 16:25:42.001,23346,23346,23346,2,2
2025-01-20 16:26:05.001,23343,23343,23343,2,-2
2025-01-20 16:26:05.001,23343,23343,23343,2,0
2025-01-20 16:26:06.001,23343,23343,23343,2,0
2025-01-20 16:26:06.001,23343,23343,23343,2,0
2025-01-20 16:26:06.001,23342,23342,23342,2,-2
2025-01-20 16:26:06.001,23342,23342,23342,2,0
2025-01-20 16:26:06.001,23345,23345,23345,2,2
2025-01-20 16:26:07.001,23345,23345,23345,2,0
2025-01-20 16:26:21.001,23343,23343,23343,2,-2
2025-01-20 16:26:21.001,23343,23343,23343,2,0
2025-01-20 16:26:41.001,23343,23343,23343,2,0
2025-01-20 16:26:41.001,23343,23343,23343,2,0
2025-01-20 16:26:41.001,23343,23343,23343,2,0
2025-01-20 16:26:41.001,23342,23342,23342,2,-2
2025-01-20 16:26:41.001,23342,23342,23342,4,0
2025-01-20 16:26:42.001,23343,23343,23343,2,2
2025-01-20 16:26:43.001,23341,23341,23341,2,-2
2025-01-20 16:26:43.001,23341,23341,23341,2,0
2025-01-20 16:26:43.001,23341,23341,23341,4,0
2025-01-20 16:26:43.001,23340,23340,23340,2,-2
2025-01-20 16:26:43.001,23340,23340,23340,2,0
2025-01-20 16:26:43.001,23340,23340,23340,2,0
2025-01-20 16:26:43.001,23340,23340,23340,2,0
2025-01-20 16:26:43.001,23340,23340,23340,4,0
2025-01-20 16:26:43.001,23340,23340,23340,2,0
2025-01-20 16:26:43.001,23340,23340,23340,2,0
2025-01-20 16:26:43.001,23340,23340,23340,2,0
2025-01-20 16:26:43.001,23340,23340,23340,2,0
2025-01-20 16:26:43.001,23340,23340,23340,18,0
2025-01-20 16:26:43.001,23340,23340,23340,4,0
2025-01-20 16:26:43.001,23340,23340,23340,2,0
2025-01-20 16:26:43.001,23340,23340,23340,2,0
2025-01-20 16:26:44.001,23339,23339,23339,2,-2
2025-01-20 16:26:44.001,23338,23338,23338,2,-2
2025-01-20 16:26:44.001,23337,23337,23337,2,-2
2025-01-20 16:26:44.001,23337,23337,23337,2,0
2025-01-20 16:26:44.001,23337,23337,23337,2,0
2025-01-20 16:26:44.001,23337,23337,23337,2,0
2025-01-20 16:26:44.001,23339,23339,23339,2,2
2025-01-20 16:26:44.001,23337,23337,23337,2,-2
2025-01-20 16:26:47.001,23340,23340,23340,4,4
2025-01-20 16:26:57.001,23339,23339,23339,2,-2
2025-01-20 16:27:00.001,23339,23339,23339,6,0
2025-01-20 16:27:00.001,23339,23339,23339,2,0
2025-01-20 16:27:00.001,23337,23337,23337,2,-2
2025-01-20 16:27:07.001,23339,23339,23339,2,2
2025-01-20 16:27:11.001,23339,23339,23339,4,0
2025-01-20 16:27:11.001,23339,23339,23339,2,0
2025-01-20 16:27:16.001,23339,23339,23339,2,0
2025-01-20 16:27:17.001,23338,23338,23338,2,-2
2025-01-20 16:27:18.001,23340,23340,23340,2,2
2025-01-20 16:27:22.001,23340,23340,23340,2,0
2025-01-20 16:27:22.001,23340,23340,23340,2,0
2025-01-20 16:27:22.001,23339,23339,23339,2,-2
2025-01-20 16:27:22.001,23339,23339,23339,2,0
2025-01-20 16:27:31.001,23340,23340,23340,2,2
2025-01-20 16:27:36.001,23341,23341,23341,2,2
2025-01-20 16:27:36.001,23341,23341,23341,2,0
2025-01-20 16:27:39.001,23342,23342,23342,2,2
2025-01-20 16:27:39.001,23342,23342,23342,2,0
2025-01-20 16:27:58.001,23340,23340,23340,2,-2
2025-01-20 16:27:58.001,23339,23339,23339,2,-2
2025-01-20 16:27:58.001,23339,23339,23339,2,0
2025-01-20 16:27:58.001,23339,23339,23339,2,0
2025-01-20 16:27:59.001,23339,23339,23339,2,0
2025-01-20 16:28:14.001,23338,23338,23338,2,-2
2025-01-20 16:28:15.001,23338,23338,23338,2,0
2025-01-20 16:28:15.001,23338,23338,23338,2,0
2025-01-20 16:28:15.001,23337,23337,23337,2,-2
2025-01-20 16:28:15.001,23337,23337,23337,2,0
2025-01-20 16:28:15.001,23337,23337,23337,2,0
2025-01-20 16:28:15.001,23337,23337,23337,2,0
2025-01-20 16:28:15.001,23336,23336,23336,2,-2
2025-01-20 16:28:15.001,23336,23336,23336,2,0
2025-01-20 16:28:15.001,23335,23335,23335,2,-2
2025-01-20 16:28:16.001,23340,23340,23340,2,2
2025-01-20 16:28:17.001,23337,23337,23337,2,-2
2025-01-20 16:28:17.001,23337,23337,23337,2,0
2025-01-20 16:28:30.001,23338,23338,23338,2,2
2025-01-20 16:28:33.001,23335,23335,23335,2,-2
2025-01-20 16:28:33.001,23335,23335,23335,2,0
2025-01-20 16:28:33.001,23335,23335,23335,2,0
2025-01-20 16:28:33.001,23335,23335,23335,2,0
2025-01-20 16:28:33.001,23337,23337,23337,4,4
2025-01-20 16:28:34.001,23338,23338,23338,2,2
2025-01-20 16:28:52.001,23335,23335,23335,2,-2
2025-01-20 16:28:52.001,23335,23335,23335,2,0
2025-01-20 16:28:52.001,23335,23335,23335,2,0
2025-01-20 16:28:53.001,23336,23336,23336,2,2
2025-01-20 16:28:58.001,23334,23334,23334,2,-2
2025-01-20 16:28:58.001,23333,23333,23333,2,-2
2025-01-20 16:28:58.001,23333,23333,23333,2,0
2025-01-20 16:28:58.001,23333,23333,23333,2,0
2025-01-20 16:28:58.001,23333,23333,23333,2,0
2025-01-20 16:28:58.001,23332,23332,23332,2,-2
2025-01-20 16:29:00.001,23332,23332,23332,2,0
2025-01-20 16:29:02.001,23332,23332,23332,2,0
2025-01-20 16:29:02.001,23332,23332,23332,2,0
2025-01-20 16:29:02.001,23331,23331,23331,2,-2
2025-01-20 16:29:03.001,23333,23333,23333,2,2
2025-01-20 16:29:06.001,23331,23331,23331,2,-2
2025-01-20 16:29:06.001,23331,23331,23331,2,0
2025-01-20 16:29:06.001,23331,23331,23331,4,0
2025-01-20 16:29:06.001,23331,23331,23331,2,0
2025-01-20 16:29:06.001,23331,23331,23331,2,0
2025-01-20 16:29:07.001,23330,23330,23330,2,-2
2025-01-20 16:29:07.001,23330,23330,23330,2,0
2025-01-20 16:29:07.001,23330,23330,23330,4,0
2025-01-20 16:29:07.001,23330,23330,23330,2,0
2025-01-20 16:29:07.001,23330,23330,23330,2,0
2025-01-20 16:29:07.001,23329,23329,23329,10,-10
2025-01-20 16:29:07.001,23328,23328,23328,2,-2
2025-01-20 16:29:07.001,23330,23330,23330,10,10
2025-01-20 16:29:07.001,23328,23328,23328,2,-2
2025-01-20 16:29:08.001,23328,23328,23328,2,0
2025-01-20 16:29:08.001,23328,23328,23328,2,0
2025-01-20 16:29:08.001,23328,23328,23328,2,0
2025-01-20 16:29:08.001,23328,23328,23328,2,0
2025-01-20 16:29:09.001,23328,23328,23328,2,0
2025-01-20 16:29:11.001,23329,23329,23329,2,2
2025-01-20 16:29:11.001,23329,23329,23329,2,0
2025-01-20 16:29:13.001,23330,23330,23330,2,2
2025-01-20 16:29:14.001,23330,23330,23330,2,0
2025-01-20 16:29:18.001,23331,23331,23331,2,2
2025-01-20 16:29:24.001,23333,23333,23333,2,2
2025-01-20 16:29:28.001,23333,23333,23333,2,0
2025-01-20 16:29:29.001,23334,23334,23334,4,4
2025-01-20 16:29:32.001,23333,23333,23333,2,-2
2025-01-20 16:29:32.001,23333,23333,23333,2,0
2025-01-20 16:29:36.001,23335,23335,23335,2,2
2025-01-20 16:29:54.001,23335,23335,23335,4,0
2025-01-20 16:29:55.001,23336,23336,23336,2,2
2025-01-20 16:29:58.001,23335,23335,23335,2,-2
2025-01-20 16:30:00.001,23334,23334,23334,2,-2
2025-01-20 16:30:00.001,23336,23336,23336,2,2
2025-01-20 16:30:00.001,23334,23334,23334,2,-2
2025-01-20 16:30:00.001,23334,23334,23334,6,0
2025-01-20 16:30:00.001,23333,23333,23333,2,-2
2025-01-20 16:30:00.001,23333,23333,23333,2,0
2025-01-20 16:30:00.001,23333,23333,23333,2,0
2025-01-20 16:30:00.001,23332,23332,23332,2,-2
2025-01-20 16:30:00.001,23331,23331,23331,2,-2
2025-01-20 16:30:00.001,23334,23334,23334,2,2
2025-01-20 16:30:01.001,23334,23334,23334,2,0
2025-01-20 16:30:01.001,23334,23334,23334,2,0
2025-01-20 16:30:01.001,23334,23334,23334,2,0
2025-01-20 16:30:01.001,23332,23332,23332,2,-2
2025-01-20 16:30:01.001,23332,23332,23332,2,0
2025-01-20 16:30:01.001,23332,23332,23332,2,0
2025-01-20 16:30:01.001,23331,23331,23331,2,-2
2025-01-20 16:30:01.001,23331,23331,23331,4,0
2025-01-20 16:30:01.001,23331,23331,23331,2,0
2025-01-20 16:30:01.001,23330,23330,23330,2,-2
2025-01-20 16:30:01.001,23330,23330,23330,2,0
2025-01-20 16:30:01.001,23330,23330,23330,4,0
2025-01-20 16:30:01.001,23330,23330,23330,2,0
2025-01-20 16:30:01.001,23330,23330,23330,2,0
2025-01-20 16:30:01.001,23331,23331,23331,4,4
2025-01-20 16:30:01.001,23329,23329,23329,2,-2
2025-01-20 16:30:01.001,23329,23329,23329,2,0
2025-01-20 16:30:01.001,23329,23329,23329,4,0
2025-01-20 16:30:01.001,23330,23330,23330,4,4
2025-01-20 16:30:02.001,23330,23330,23330,2,0
2025-01-20 16:30:02.001,23330,23330,23330,2,0
2025-01-20 16:30:02.001,23330,23330,23330,2,0
2025-01-20 16:30:02.001,23329,23329,23329,2,-2
2025-01-20 16:30:02.001,23329,23329,23329,2,0
2025-01-20 16:30:02.001,23329,23329,23329,2,0
2025-01-20 16:30:02.001,23329,23329,23329,2,0
2025-01-20 16:30:02.001,23328,23328,23328,2,-2
2025-01-20 16:30:02.001,23328,23328,23328,2,0
2025-01-20 16:30:02.001,23328,23328,23328,2,0
2025-01-20 16:30:02.001,23328,23328,23328,2,0
2025-01-20 16:30:02.001,23328,23328,23328,2,0
2025-01-20 16:30:02.001,23328,23328,23328,2,0
2025-01-20 16:30:02.001,23327,23327,23327,2,-2
2025-01-20 16:30:09.001,23331,23331,23331,2,2
2025-01-20 16:30:17.001,23335,23335,23335,2,2
2025-01-20 16:30:25.001,23335,23335,23335,4,0
2025-01-20 16:30:32.001,23338,23338,23338,2,2
2025-01-20 16:30:35.001,23337,23337,23337,2,-2
2025-01-20 16:30:35.001,23338,23338,23338,2,2
2025-01-20 16:30:35.001,23339,23339,23339,2,2
2025-01-20 16:30:35.001,23340,23340,23340,2,2
2025-01-20 16:30:35.001,23340,23340,23340,2,0
2025-01-20 16:30:35.001,23340,23340,23340,2,0
2025-01-20 16:30:35.001,23340,23340,23340,2,0
2025-01-20 16:30:35.001,23341,23341,23341,2,2
2025-01-20 16:30:35.001,23341,23341,23341,2,0
2025-01-20 16:30:35.001,23341,23341,23341,2,0
2025-01-20 16:30:35.001,23341,23341,23341,2,0
2025-01-20 16:30:36.001,23339,23339,23339,2,-2
2025-01-20 16:30:36.001,23340,23340,23340,2,2
2025-01-20 16:30:36.001,23341,23341,23341,2,2
2025-01-20 16:30:36.001,23341,23341,23341,2,0
2025-01-20 16:30:38.001,23341,23341,23341,2,0
2025-01-20 16:30:42.001,23343,23343,23343,2,2
2025-01-20 16:30:45.001,23340,23340,23340,2,-2
2025-01-20 16:31:03.001,23337,23337,23337,2,-2
2025-01-20 16:31:03.001,23337,23337,23337,2,0
2025-01-20 16:31:06.001,23337,23337,23337,2,0
2025-01-20 16:31:24.001,23339,23339,23339,2,2
2025-01-20 16:31:31.001,23338,23338,23338,2,-2
2025-01-20 16:31:31.001,23337,23337,23337,2,-2
2025-01-20 16:31:31.001,23337,23337,23337,2,0
2025-01-20 16:31:32.001,23338,23338,23338,2,2
2025-01-20 16:31:32.001,23336,23336,23336,2,-2
2025-01-20 16:31:55.001,23339,23339,23339,2,2
2025-01-20 16:32:00.001,23341,23341,23341,6,6
2025-01-20 16:32:01.001,23341,23341,23341,2,0
2025-01-20 16:32:02.001,23342,23342,23342,2,2
2025-01-20 16:32:04.001,23340,23340,23340,2,-2
2025-01-20 16:32:05.001,23341,23341,23341,2,2
2025-01-20 16:32:17.001,23340,23340,23340,2,-2
2025-01-20 16:32:19.001,23341,23341,23341,2,2
2025-01-20 16:32:26.001,23339,23339,23339,2,-2
2025-01-20 16:33:00.001,23338,23338,23338,2,-2
2025-01-20 16:33:00.001,23338,23338,23338,2,0
2025-01-20 16:33:00.001,23337,23337,23337,2,-2
2025-01-20 16:33:00.001,23336,23336,23336,2,-2
2025-01-20 16:33:01.001,23336,23336,23336,2,0
2025-01-20 16:33:01.001,23336,23336,23336,2,0
2025-01-20 16:33:01.001,23336,23336,23336,4,0
2025-01-20 16:33:01.001,23335,23335,23335,2,-2
2025-01-20 16:33:07.001,23336,23336,23336,2,2
2025-01-20 16:33:07.001,23336,23336,23336,2,0
2025-01-20 16:33:13.001,23335,23335,23335,2,-2
2025-01-20 16:33:13.001,23335,23335,23335,2,0
2025-01-20 16:33:28.001,23333,23333,23333,2,-2
2025-01-20 16:33:28.001,23332,23332,23332,2,-2
2025-01-20 16:33:28.001,23332,23332,23332,2,0
2025-01-20 16:33:28.001,23332,23332,23332,2,0
2025-01-20 16:33:40.001,23328,23328,23328,20,-20
2025-01-20 16:33:41.001,23329,23329,23329,2,2
2025-01-20 16:33:42.001,23328,23328,23328,2,-2
2025-01-20 16:33:45.001,23328,23328,23328,2,0
2025-01-20 16:33:45.001,23328,23328,23328,2,0
2025-01-20 16:33:47.001,23328,23328,23328,2,0
2025-01-20 16:33:49.001,23330,23330,23330,2,2
2025-01-20 16:33:49.001,23330,23330,23330,2,0
2025-01-20 16:33:51.001,23329,23329,23329,2,-2
2025-01-20 16:33:51.001,23329,23329,23329,2,0
2025-01-20 16:33:51.001,23329,23329,23329,2,0
2025-01-20 16:33:51.001,23328,23328,23328,2,-2
2025-01-20 16:33:51.001,23328,23328,23328,2,0
2025-01-20 16:33:51.001,23328,23328,23328,2,0
2025-01-20 16:33:52.001,23330,23330,23330,6,6
2025-01-20 16:33:55.001,23328,23328,23328,2,-2
2025-01-20 16:33:58.001,23328,23328,23328,2,0
2025-01-20 16:34:01.001,23329,23329,23329,4,4
2025-01-20 16:34:02.001,23328,23328,23328,2,-2
2025-01-20 16:34:02.001,23328,23328,23328,2,0
2025-01-20 16:34:02.001,23328,23328,23328,2,0
2025-01-20 16:34:02.001,23328,23328,23328,2,0
2025-01-20 16:34:02.001,23328,23328,23328,2,0
2025-01-20 16:34:02.001,23328,23328,23328,2,0
2025-01-20 16:34:02.001,23327,23327,23327,2,-2
2025-01-20 16:34:02.001,23327,23327,23327,2,0
2025-01-20 16:34:05.001,23329,23329,23329,2,2
2025-01-20 16:34:07.001,23329,23329,23329,2,0
2025-01-20 16:34:07.001,23330,23330,23330,2,2
2025-01-20 16:34:14.001,23329,23329,23329,2,-2
2025-01-20 16:34:19.001,23330,23330,23330,2,2
2025-01-20 16:34:24.001,23330,23330,23330,4,0
2025-01-20 16:34:57.001,23333,23333,23333,2,2
2025-01-20 16:34:57.001,23333,23333,23333,2,0
2025-01-20 16:34:57.001,23333,23333,23333,2,0
2025-01-20 16:35:00.001,23331,23331,23331,2,-2
2025-01-20 16:35:00.001,23330,23330,23330,2,-2
2025-01-20 16:35:00.001,23330,23330,23330,2,0
2025-01-20 16:35:02.001,23329,23329,23329,2,-2
2025-01-20 16:35:06.001,23330,23330,23330,2,2
2025-01-20 16:35:46.001,23334,23334,23334,2,2
2025-01-20 16:35:46.001,23334,23334,23334,2,0
2025-01-20 16:35:52.001,23335,23335,23335,2,2
2025-01-20 16:35:53.001,23334,23334,23334,2,-2
2025-01-20 16:36:00.001,23335,23335,23335,2,2
2025-01-20 16:36:00.001,23333,23333,23333,2,-2
2025-01-20 16:36:00.001,23333,23333,23333,2,0
2025-01-20 16:36:00.001,23333,23333,23333,2,0
2025-01-20 16:36:00.001,23332,23332,23332,2,-2
2025-01-20 16:36:01.001,23331,23331,23331,2,-2
2025-01-20 16:36:01.001,23331,23331,23331,2,0
2025-01-20 16:36:01.001,23330,23330,23330,2,-2
2025-01-20 16:36:03.001,23331,23331,23331,2,2
2025-01-20 16:36:03.001,23331,23331,23331,2,0
2025-01-20 16:36:03.001,23330,23330,23330,2,-2
2025-01-20 16:36:03.001,23330,23330,23330,2,0
2025-01-20 16:36:04.001,23330,23330,23330,2,0
2025-01-20 16:36:04.001,23330,23330,23330,2,0
2025-01-20 16:36:04.001,23330,23330,23330,2,0
2025-01-20 16:36:04.001,23329,23329,23329,2,-2
2025-01-20 16:36:05.001,23330,23330,23330,2,2
2025-01-20 16:36:05.001,23330,23330,23330,2,0
2025-01-20 16:36:16.001,23331,23331,23331,2,2
2025-01-20 16:36:23.001,23335,23335,23335,2,2
2025-01-20 16:36:37.001,23335,23335,23335,2,0
2025-01-20 16:36:45.001,23334,23334,23334,2,-2
2025-01-20 16:36:50.001,23334,23334,23334,2,0
2025-01-20 16:37:09.001,23336,23336,23336,2,2
2025-01-20 16:37:13.001,23336,23336,23336,2,0
2025-01-20 16:37:33.001,23336,23336,23336,2,0
2025-01-20 16:37:42.001,23338,23338,23338,2,2
2025-01-20 16:38:09.001,23338,23338,23338,2,0
2025-01-20 16:38:18.001,23338,23338,23338,2,0
2025-01-20 16:38:18.001,23338,23338,23338,2,0
2025-01-20 16:38:19.001,23338,23338,23338,2,0
2025-01-20 16:38:47.001,23341,23341,23341,2,2
2025-01-20 16:38:51.001,23342,23342,23342,6,6
2025-01-20 16:38:53.001,23342,23342,23342,2,0
2025-01-20 16:39:00.001,23341,23341,23341,2,-2
2025-01-20 16:39:03.001,23340,23340,23340,2,-2
2025-01-20 16:39:48.001,23340,23340,23340,2,0
2025-01-20 16:40:00.001,23339,23339,23339,2,-2
2025-01-20 16:40:01.001,23339,23339,23339,2,0
2025-01-20 16:40:02.001,23340,23340,23340,2,2
2025-01-20 16:40:13.001,23340,23340,23340,2,0
2025-01-20 16:40:13.001,23340,23340,23340,2,0
2025-01-20 16:40:31.001,23340,23340,23340,2,0
2025-01-20 16:40:35.001,23339,23339,23339,2,-2
2025-01-20 16:40:35.001,23339,23339,23339,2,0
2025-01-20 16:40:44.001,23338,23338,23338,2,-2
2025-01-20 16:40:46.001,23337,23337,23337,2,-2
2025-01-20 16:40:46.001,23337,23337,23337,6,0
2025-01-20 16:40:46.001,23337,23337,23337,4,0
2025-01-20 16:41:03.001,23335,23335,23335,2,-2
2025-01-20 16:41:08.001,23334,23334,23334,4,-4
2025-01-20 16:41:09.001,23333,23333,23333,2,-2
2025-01-20 16:41:12.001,23333,23333,23333,2,0
2025-01-20 16:41:17.001,23333,23333,23333,2,0
2025-01-20 16:41:51.001,23332,23332,23332,4,-4
2025-01-20 16:41:51.001,23331,23331,23331,4,-4
2025-01-20 16:41:51.001,23331,23331,23331,2,0
2025-01-20 16:41:51.001,23331,23331,23331,2,0
2025-01-20 16:41:51.001,23331,23331,23331,2,0
2025-01-20 16:42:00.001,23330,23330,23330,2,-2
2025-01-20 16:42:00.001,23330,23330,23330,2,0
2025-01-20 16:42:02.001,23330,23330,23330,2,0
2025-01-20 16:42:12.001,23331,23331,23331,2,2
2025-01-20 16:42:13.001,23331,23331,23331,2,0
2025-01-20 16:42:16.001,23330,23330,23330,2,-2
2025-01-20 16:42:23.001,23333,23333,23333,4,4
2025-01-20 16:43:00.001,23332,23332,23332,2,-2
2025-01-20 16:43:00.001,23332,23332,23332,10,0
2025-01-20 16:43:00.001,23332,23332,23332,2,0
2025-01-20 16:43:02.001,23331,23331,23331,2,-2
2025-01-20 16:43:06.001,23331,23331,23331,2,0
2025-01-20 16:43:15.001,23332,23332,23332,2,2
2025-01-20 16:43:15.001,23332,23332,23332,2,0
