2024-08-27 15:00:00.085,22160,22167,22159,58,-58
2024-08-27 15:00:00.096,22156,22159,22159,1,1
2024-08-27 15:00:00.419,22156,22159,22159,1,1
2024-08-27 15:00:00.464,22156,22159,22159,1,1
2024-08-27 15:00:00.464,22156,22159,22160,1,1
2024-08-27 15:00:00.597,22156,22160,22160,1,1
2024-08-27 15:00:00.613,22156,22160,22156,1,-1
2024-08-27 15:00:00.636,22156,22160,22156,1,-1
2024-08-27 15:00:00.669,22156,22160,22160,1,1
2024-08-27 15:00:00.692,22156,22160,22162,1,1
2024-08-27 15:00:00.708,22156,22162,22162,1,1
2024-08-27 15:00:00.748,22156,22162,22163,1,1
2024-08-27 15:00:00.755,22156,22162,22163,2,2
2024-08-27 15:00:00.757,22156,22162,22163,1,1
2024-08-27 15:00:00.762,22156,22162,22163,2,2
2024-08-27 15:00:00.795,22156,22162,22163,2,2
2024-08-27 15:00:00.795,22156,22162,22164,2,2
2024-08-27 15:00:00.833,22157,22165,22157,1,-1
2024-08-27 15:00:00.873,22157,22165,22163,1,1
2024-08-27 15:00:00.876,22157,22165,22163,1,1
2024-08-27 15:00:00.889,22157,22165,22160,1,-1
2024-08-27 15:00:00.894,22157,22165,22163,1,1
2024-08-27 15:00:00.902,22157,22165,22164,1,1
2024-08-27 15:00:00.909,22157,22165,22164,1,1
2024-08-27 15:00:00.934,22157,22165,22165,4,4
2024-08-27 15:00:00.950,22160,22165,22165,2,2
2024-08-27 15:00:01.037,22160,22165,22165,1,1
2024-08-27 15:00:01.038,22160,22165,22165,1,1
2024-08-27 15:00:01.040,22160,22165,22165,1,1
2024-08-27 15:00:01.048,22160,22165,22165,1,1
2024-08-27 15:00:01.063,22160,22165,22165,1,1
2024-08-27 15:00:01.071,22160,22165,22165,1,1
2024-08-27 15:00:01.117,22160,22166,22166,2,2
2024-08-27 15:00:01.117,22160,22166,22166,1,1
2024-08-27 15:00:01.126,22160,22166,22160,1,-1
2024-08-27 15:00:01.126,22160,22166,22159,2,-2
2024-08-27 15:00:01.126,22160,22166,22158,2,-2
2024-08-27 15:00:01.127,22160,22166,22158,2,-2
2024-08-27 15:00:01.133,22160,22166,22157,1,-1
2024-08-27 15:00:01.137,22160,22166,22160,1,-1
2024-08-27 15:00:01.221,22157,22160,22160,1,1
2024-08-27 15:00:01.242,22157,22160,22160,1,1
2024-08-27 15:00:01.244,22157,22160,22157,1,-1
2024-08-27 15:00:01.253,22157,22160,22160,2,2
2024-08-27 15:00:01.264,22157,22160,22160,1,1
2024-08-27 15:00:01.275,22157,22160,22160,1,1
2024-08-27 15:00:01.482,22157,22160,22160,1,1
2024-08-27 15:00:02.068,22158,22161,22158,1,-1
2024-08-27 15:00:02.160,22157,22160,22157,1,-1
2024-08-27 15:00:02.227,22156,22159,22159,1,1
2024-08-27 15:00:02.392,22156,22159,22159,1,1
2024-08-27 15:00:02.501,22156,22159,22156,2,-2
2024-08-27 15:00:02.915,22155,22156,22156,1,1
2024-08-27 15:00:02.915,22155,22156,22157,1,1
2024-08-27 15:00:03.016,22155,22157,22157,1,1
2024-08-27 15:00:03.016,22155,22157,22158,1,1
2024-08-27 15:00:03.060,22155,22157,22155,1,-1
2024-08-27 15:00:03.081,22154,22156,22153,5,-5
2024-08-27 15:00:03.081,22154,22156,22152,1,-1
2024-08-27 15:00:03.081,22154,22156,22154,1,-1
2024-08-27 15:00:03.310,22152,22155,22155,1,1
2024-08-27 15:00:03.512,22152,22155,22155,2,2
2024-08-27 15:00:03.942,22152,22154,22152,1,-1
2024-08-27 15:00:04.285,22152,22154,22154,1,1
2024-08-27 15:00:04.350,22152,22154,22154,2,2
2024-08-27 15:00:04.968,22152,22154,22154,1,1
2024-08-27 15:00:04.968,22152,22154,22155,1,1
2024-08-27 15:00:05.027,22152,22154,22154,1,1
2024-08-27 15:00:05.075,22153,22155,22153,1,-1
2024-08-27 15:00:05.444,22153,22155,22154,1,-1
2024-08-27 15:00:05.615,22153,22156,22156,1,1
2024-08-27 15:00:05.856,22154,22157,22157,1,1
2024-08-27 15:00:05.856,22154,22157,22158,2,2
2024-08-27 15:00:05.856,22154,22157,22159,1,1
2024-08-27 15:00:06.051,22155,22157,22155,1,-1
2024-08-27 15:00:06.621,22155,22157,22157,1,1
2024-08-27 15:00:06.652,22155,22157,22159,2,2
2024-08-27 15:00:06.652,22155,22157,22157,2,2
2024-08-27 15:00:06.726,22156,22158,22159,1,1
2024-08-27 15:00:06.726,22156,22158,22158,1,1
2024-08-27 15:00:07.656,22158,22160,22158,1,-1
2024-08-27 15:00:07.656,22158,22160,22157,2,-2
2024-08-27 15:00:07.656,22158,22160,22156,1,-1
2024-08-27 15:00:07.774,22156,22159,22159,4,4
2024-08-27 15:00:08.824,22157,22159,22159,1,1
2024-08-27 15:00:08.824,22157,22159,22160,1,1
2024-08-27 15:00:08.998,22158,22160,22158,1,-1
2024-08-27 15:00:10.446,22154,22156,22155,1,-1
2024-08-27 15:00:10.780,22154,22157,22154,1,-1
2024-08-27 15:00:12.029,22152,22155,22155,2,2
2024-08-27 15:00:12.029,22152,22155,22156,5,5
2024-08-27 15:00:12.029,22152,22155,22157,1,1
2024-08-27 15:00:15.359,22154,22156,22162,2,2
2024-08-27 15:00:15.359,22154,22156,22161,4,4
2024-08-27 15:00:15.359,22154,22156,22160,3,3
2024-08-27 15:00:15.359,22154,22156,22163,1,1
2024-08-27 15:00:15.359,22154,22156,22158,4,4
2024-08-27 15:00:15.359,22154,22156,22157,1,1
2024-08-27 15:00:15.359,22154,22156,22156,2,2
2024-08-27 15:00:15.359,22154,22156,22159,4,4
2024-08-27 15:00:15.363,22154,22156,22161,1,1
2024-08-27 15:00:15.363,22154,22156,22162,3,3
2024-08-27 15:00:15.363,22154,22156,22163,1,1
2024-08-27 15:00:15.363,22154,22156,22164,3,3
2024-08-27 15:00:15.363,22154,22156,22165,2,2
2024-08-27 15:00:15.364,22154,22156,22161,1,1
2024-08-27 15:00:15.408,22154,22156,22160,1,1
2024-08-27 15:00:15.478,22159,22162,22159,1,-1
2024-08-27 15:00:15.526,22159,22162,22160,1,-1
2024-08-27 15:00:15.655,22158,22161,22161,1,1
2024-08-27 15:00:15.687,22158,22161,22161,1,1
2024-08-27 15:00:15.724,22158,22161,22161,2,2
2024-08-27 15:00:15.866,22158,22161,22160,1,1
2024-08-27 15:00:15.866,22158,22161,22162,1,1
2024-08-27 15:00:15.913,22158,22161,22161,1,1
2024-08-27 15:00:15.913,22158,22161,22162,1,1
2024-08-27 15:00:15.994,22159,22162,22159,1,-1
2024-08-27 15:00:15.994,22159,22162,22158,1,-1
2024-08-27 15:00:16.230,22158,22160,22161,1,1
2024-08-27 15:00:16.230,22158,22160,22160,1,1
2024-08-27 15:00:16.530,22158,22161,22161,1,1
2024-08-27 15:00:16.685,22159,22161,22159,1,-1
2024-08-27 15:00:17.481,22158,22162,22158,1,-1
2024-08-27 15:00:17.481,22158,22162,22157,1,-1
2024-08-27 15:00:18.921,22158,22161,22158,2,-2
2024-08-27 15:00:20.267,22157,22160,22160,1,1
2024-08-27 15:00:20.389,22158,22160,22158,1,-1
2024-08-27 15:00:21.255,22157,22160,22157,1,-1
2024-08-27 15:00:21.333,22156,22159,22156,1,-1
2024-08-27 15:00:21.847,22156,22159,22158,1,1
2024-08-27 15:00:23.350,22158,22159,22158,1,-1
2024-08-27 15:00:25.214,22157,22159,22157,1,-1
2024-08-27 15:00:25.214,22157,22159,22157,1,-1
2024-08-27 15:00:25.214,22157,22159,22157,3,-3
2024-08-27 15:00:26.819,22156,22158,22158,3,3
2024-08-27 15:00:31.131,22158,22160,22160,1,1
2024-08-27 15:00:32.033,22158,22160,22158,1,-1
2024-08-27 15:00:33.083,22158,22159,22158,1,-1
2024-08-27 15:00:36.939,22157,22159,22159,1,1
2024-08-27 15:00:36.939,22157,22159,22159,1,1
2024-08-27 15:00:37.536,22158,22160,22160,2,2
2024-08-27 15:00:37.537,22158,22160,22160,1,1
2024-08-27 15:00:37.537,22158,22160,22160,3,3
2024-08-27 15:00:37.537,22158,22160,22160,2,2
2024-08-27 15:00:37.579,22159,22161,22161,2,2
2024-08-27 15:00:37.582,22159,22161,22161,1,1
2024-08-27 15:00:37.961,22160,22162,22162,1,1
2024-08-27 15:00:39.222,22159,22161,22159,1,-1
2024-08-27 15:00:39.464,22158,22160,22160,1,1
2024-08-27 15:00:39.815,22158,22160,22160,1,1
2024-08-27 15:00:41.161,22158,22160,22160,2,2
2024-08-27 15:00:41.914,22158,22160,22158,1,-1
2024-08-27 15:00:42.641,22157,22159,22157,1,-1
2024-08-27 15:00:42.710,22156,22159,22156,3,-3
2024-08-27 15:00:42.710,22156,22159,22156,1,-1
2024-08-27 15:00:42.710,22156,22159,22156,2,-2
2024-08-27 15:00:43.417,22155,22157,22159,2,2
2024-08-27 15:00:43.417,22155,22157,22158,2,2
2024-08-27 15:00:43.417,22155,22157,22157,1,1
2024-08-27 15:00:47.788,22156,22158,22156,2,-2
2024-08-27 15:00:48.258,22156,22158,22158,1,1
2024-08-27 15:00:48.586,22158,22159,22158,1,-1
2024-08-27 15:00:48.752,22156,22159,22159,2,2
2024-08-27 15:00:48.790,22156,22159,22159,1,1
2024-08-27 15:00:48.790,22156,22159,22160,1,1
2024-08-27 15:00:50.922,22159,22160,22159,1,-1
2024-08-27 15:00:53.738,22156,22159,22159,5,5
2024-08-27 15:00:58.509,22159,22162,22159,2,-2
2024-08-27 15:00:59.998,22160,22162,22162,1,1
2024-08-27 15:01:00.030,22160,22162,22163,1,1
2024-08-27 15:01:00.046,22160,22162,22164,1,1
2024-08-27 15:01:00.083,22162,22164,22164,1,1
2024-08-27 15:01:00.084,22162,22164,22164,1,1
2024-08-27 15:01:00.102,22162,22164,22164,1,1
2024-08-27 15:01:00.163,22162,22164,22164,1,1
2024-08-27 15:01:00.163,22162,22164,22165,1,1
2024-08-27 15:01:00.197,22162,22164,22162,1,-1
2024-08-27 15:01:00.358,22161,22163,22161,1,-1
2024-08-27 15:01:00.977,22160,22163,22162,1,1
2024-08-27 15:01:00.977,22160,22163,22162,2,2
2024-08-27 15:01:01.008,22160,22163,22163,1,1
2024-08-27 15:01:01.077,22161,22163,22163,1,1
2024-08-27 15:01:01.077,22161,22163,22164,1,1
2024-08-27 15:01:01.078,22161,22163,22161,1,-1
2024-08-27 15:01:01.081,22161,22163,22163,1,1
2024-08-27 15:01:02.959,22162,22164,22164,4,4
2024-08-27 15:01:02.959,22162,22164,22165,1,1
2024-08-27 15:01:04.570,22162,22164,22162,1,-1
2024-08-27 15:01:04.977,22162,22164,22162,1,-1
2024-08-27 15:01:05.198,22161,22164,22161,1,-1
2024-08-27 15:01:06.876,22159,22162,22162,1,1
2024-08-27 15:01:07.189,22160,22163,22160,1,-1
2024-08-27 15:01:07.202,22160,22163,22163,1,1
2024-08-27 15:01:07.202,22160,22163,22163,1,1
2024-08-27 15:01:07.202,22160,22163,22163,1,1
2024-08-27 15:01:07.776,22161,22163,22163,1,1
2024-08-27 15:01:08.652,22161,22164,22165,2,2
2024-08-27 15:01:08.652,22161,22164,22164,2,2
2024-08-27 15:01:09.364,22162,22165,22162,1,-1
2024-08-27 15:01:11.178,22161,22164,22161,1,-1
2024-08-27 15:01:12.351,22161,22164,22161,1,-1
2024-08-27 15:01:13.164,22161,22164,22164,3,3
2024-08-27 15:01:14.052,22163,22165,22163,1,-1
2024-08-27 15:01:14.114,22163,22164,22164,1,1
2024-08-27 15:01:14.116,22163,22164,22165,2,2
2024-08-27 15:01:14.197,22163,22164,22166,1,1
2024-08-27 15:01:14.198,22163,22164,22166,4,4
2024-08-27 15:01:14.198,22163,22164,22166,2,2
2024-08-27 15:01:14.409,22165,22167,22165,2,-2
2024-08-27 15:01:14.857,22165,22167,22165,1,-1
2024-08-27 15:01:16.068,22165,22167,22167,2,2
2024-08-27 15:01:16.068,22165,22167,22167,3,3
2024-08-27 15:01:16.068,22165,22167,22168,1,1
2024-08-27 15:01:16.068,22165,22167,22168,2,2
2024-08-27 15:01:20.976,22168,22169,22168,1,-1
2024-08-27 15:01:21.332,22167,22169,22169,1,1
2024-08-27 15:01:21.452,22167,22169,22169,1,1
2024-08-27 15:01:21.452,22167,22169,22169,1,1
2024-08-27 15:01:21.461,22167,22169,22169,1,1
2024-08-27 15:01:21.461,22167,22169,22169,1,1
2024-08-27 15:01:21.461,22167,22169,22169,1,1
2024-08-27 15:01:21.461,22167,22169,22169,1,1
2024-08-27 15:01:21.768,22167,22170,22170,1,1
2024-08-27 15:01:22.362,22167,22168,22168,1,1
2024-08-27 15:01:22.950,22167,22169,22169,1,1
2024-08-27 15:01:23.677,22167,22169,22169,1,1
2024-08-27 15:01:24.549,22167,22169,22168,2,2
2024-08-27 15:01:24.835,22167,22169,22169,1,1
2024-08-27 15:01:25.100,22167,22169,22167,2,-2
2024-08-27 15:01:26.533,22166,22168,22168,1,1
2024-08-27 15:01:27.349,22167,22168,22167,1,-1
2024-08-27 15:01:27.452,22165,22168,22168,1,1
2024-08-27 15:01:27.452,22165,22168,22168,1,1
2024-08-27 15:01:27.550,22165,22168,22168,1,1
2024-08-27 15:01:27.804,22167,22169,22167,2,-2
2024-08-27 15:01:29.041,22165,22168,22165,1,-1
2024-08-27 15:01:29.052,22165,22168,22168,4,4
2024-08-27 15:01:29.053,22165,22168,22168,1,1
2024-08-27 15:01:29.204,22166,22169,22169,1,1
2024-08-27 15:01:32.037,22168,22169,22168,3,-3
2024-08-27 15:01:32.849,22168,22169,22168,1,-1
2024-08-27 15:01:35.122,22166,22168,22168,1,1
2024-08-27 15:01:35.224,22167,22169,22167,1,-1
2024-08-27 15:01:38.123,22166,22168,22166,1,-1
2024-08-27 15:01:38.347,22167,22168,22167,1,-1
2024-08-27 15:01:41.204,22167,22168,22167,2,-2
2024-08-27 15:01:41.204,22167,22168,22167,1,-1
2024-08-27 15:01:41.910,22166,22168,22166,3,-3
2024-08-27 15:01:41.911,22166,22168,22166,1,-1
2024-08-27 15:01:41.911,22166,22168,22166,2,-2
2024-08-27 15:01:42.010,22164,22167,22164,1,-1
2024-08-27 15:01:42.011,22164,22167,22164,1,-1
2024-08-27 15:01:42.955,22164,22167,22167,1,1
2024-08-27 15:01:46.522,22164,22167,22167,1,1
2024-08-27 15:01:47.924,22164,22167,22164,1,-1
2024-08-27 15:01:47.952,22163,22166,22166,1,1
2024-08-27 15:01:51.438,22164,22166,22164,1,-1
2024-08-27 15:01:51.869,22164,22166,22164,1,-1
2024-08-27 15:01:51.966,22164,22166,22166,1,1
2024-08-27 15:01:56.071,22165,22167,22167,1,1
2024-08-27 15:01:56.071,22165,22167,22167,1,1
2024-08-27 15:01:56.127,22166,22168,22166,1,-1
2024-08-27 15:02:00.250,22166,22168,22168,1,1
2024-08-27 15:02:00.251,22166,22168,22168,3,3
2024-08-27 15:02:00.252,22166,22168,22169,1,1
2024-08-27 15:02:00.252,22166,22168,22169,2,2
2024-08-27 15:02:00.347,22169,22170,22169,1,-1
2024-08-27 15:02:01.955,22167,22169,22169,1,1
2024-08-27 15:02:02.708,22168,22170,22170,1,1
2024-08-27 15:02:02.891,22168,22170,22170,3,3
2024-08-27 15:02:02.891,22168,22170,22170,2,2
2024-08-27 15:02:02.891,22168,22170,22170,3,3
2024-08-27 15:02:02.892,22168,22170,22171,1,1
2024-08-27 15:02:04.281,22170,22172,22170,1,-1
2024-08-27 15:02:06.889,22170,22172,22170,1,-1
2024-08-27 15:02:07.744,22169,22172,22172,3,3
2024-08-27 15:02:09.675,22169,22172,22172,2,2
2024-08-27 15:02:10.928,22169,22172,22172,1,1
2024-08-27 15:02:15.506,22170,22171,22171,1,1
2024-08-27 15:02:16.362,22170,22171,22171,3,3
2024-08-27 15:02:16.363,22170,22171,22172,1,1
2024-08-27 15:02:16.364,22170,22171,22172,2,2
2024-08-27 15:02:16.364,22170,22171,22172,2,2
2024-08-27 15:02:16.364,22170,22171,22172,5,5
2024-08-27 15:02:16.364,22170,22171,22172,8,8
2024-08-27 15:02:16.365,22170,22171,22173,2,2
2024-08-27 15:02:16.365,22170,22171,22173,1,1
2024-08-27 15:02:16.368,22170,22171,22172,3,3
2024-08-27 15:02:16.369,22170,22171,22171,2,2
2024-08-27 15:02:17.662,22170,22172,22172,1,1
2024-08-27 15:02:20.260,22170,22173,22170,1,-1
2024-08-27 15:02:20.479,22170,22172,22172,1,1
2024-08-27 15:02:25.764,22170,22172,22172,5,5
2024-08-27 15:02:25.765,22170,22172,22172,2,2
2024-08-27 15:02:27.003,22170,22173,22173,1,1
2024-08-27 15:02:30.579,22173,22174,22173,1,-1
2024-08-27 15:02:30.760,22171,22174,22173,1,1
2024-08-27 15:02:32.339,22171,22173,22172,1,1
2024-08-27 15:02:34.148,22171,22172,22172,1,1
2024-08-27 15:02:35.838,22171,22172,22172,1,1
2024-08-27 15:02:38.401,22171,22173,22173,1,1
2024-08-27 15:02:41.204,22171,22172,22172,1,1
2024-08-27 15:02:41.254,22171,22172,22173,2,2
2024-08-27 15:02:41.254,22171,22172,22173,1,1
2024-08-27 15:02:42.140,22172,22174,22174,4,4
2024-08-27 15:02:42.141,22172,22174,22176,2,2
2024-08-27 15:02:42.141,22172,22174,22176,1,1
2024-08-27 15:02:42.141,22172,22174,22175,14,14
2024-08-27 15:02:42.325,22175,22177,22175,1,-1
2024-08-27 15:02:42.377,22175,22177,22174,1,-1
2024-08-27 15:02:42.529,22174,22176,22176,1,1
2024-08-27 15:02:43.930,22174,22176,22176,3,3
2024-08-27 15:02:43.930,22174,22176,22177,7,7
2024-08-27 15:02:55.964,22173,22175,22173,1,-1
2024-08-27 15:02:55.964,22173,22175,22173,1,-1
2024-08-27 15:02:56.204,22172,22173,22172,4,-4
2024-08-27 15:02:57.682,22170,22171,22171,1,1
2024-08-27 15:02:57.872,22170,22171,22170,1,-1
2024-08-27 15:02:59.699,22170,22171,22170,1,-1
2024-08-27 15:03:00.035,22170,22171,22171,1,1
2024-08-27 15:03:00.039,22170,22171,22171,1,1
2024-08-27 15:03:00.042,22170,22171,22171,1,1
2024-08-27 15:03:00.043,22170,22171,22172,1,1
2024-08-27 15:03:00.043,22170,22171,22173,1,1
2024-08-27 15:03:00.051,22170,22171,22174,2,2
2024-08-27 15:03:00.051,22170,22171,22173,2,2
2024-08-27 15:03:01.236,22171,22174,22171,1,-1
2024-08-27 15:03:04.696,22171,22174,22171,4,-4
2024-08-27 15:03:06.591,22171,22173,22173,4,4
2024-08-27 15:03:06.707,22171,22173,22171,1,-1
2024-08-27 15:03:06.707,22171,22173,22171,1,-1
2024-08-27 15:03:07.652,22170,22172,22170,2,-2
2024-08-27 15:03:07.726,22170,22171,22170,3,-3
2024-08-27 15:03:07.726,22170,22171,22170,1,-1
2024-08-27 15:03:07.727,22170,22171,22170,1,-1
2024-08-27 15:03:07.727,22170,22171,22170,10,-10
2024-08-27 15:03:07.727,22170,22171,22170,1,-1
2024-08-27 15:03:10.533,22169,22170,22170,1,1
2024-08-27 15:03:17.420,22169,22170,22169,7,-7
2024-08-27 15:03:17.420,22169,22170,22168,2,-2
2024-08-27 15:03:17.696,22168,22169,22168,1,-1
2024-08-27 15:03:17.696,22168,22169,22168,5,-5
2024-08-27 15:03:17.697,22168,22169,22167,2,-2
2024-08-27 15:03:17.698,22168,22169,22167,3,-3
2024-08-27 15:03:19.691,22166,22169,22166,1,-1
2024-08-27 15:03:20.485,22167,22170,22167,1,-1
2024-08-27 15:03:24.276,22167,22168,22167,1,-1
2024-08-27 15:03:29.900,22167,22168,22167,3,-3
2024-08-27 15:03:30.678,22167,22168,22168,1,1
2024-08-27 15:03:30.830,22167,22169,22169,1,1
2024-08-27 15:03:36.867,22168,22170,22168,1,-1
2024-08-27 15:03:38.138,22166,22169,22169,1,1
2024-08-27 15:03:39.824,22168,22169,22168,1,-1
2024-08-27 15:03:40.751,22167,22169,22169,1,1
2024-08-27 15:03:42.053,22167,22169,22170,4,4
2024-08-27 15:03:42.053,22167,22169,22169,2,2
2024-08-27 15:03:44.401,22168,22171,22171,2,2
2024-08-27 15:03:46.110,22167,22170,22167,2,-2
2024-08-27 15:03:53.436,22167,22169,22169,1,1
2024-08-27 15:03:53.436,22167,22169,22170,1,1
2024-08-27 15:04:00.984,22168,22169,22169,2,2
2024-08-27 15:04:00.984,22168,22169,22169,1,1
2024-08-27 15:04:00.984,22168,22169,22169,2,2
2024-08-27 15:04:05.261,22168,22170,22168,1,-1
2024-08-27 15:04:05.265,22168,22170,22167,1,-1
2024-08-27 15:04:06.905,22166,22168,22166,1,-1
2024-08-27 15:04:06.905,22166,22168,22166,6,-6
2024-08-27 15:04:06.905,22166,22168,22166,2,-2
2024-08-27 15:04:06.949,22165,22166,22165,4,-4
2024-08-27 15:04:08.306,22164,22167,22167,4,4
2024-08-27 15:04:08.327,22165,22168,22168,1,1
2024-08-27 15:04:10.799,22167,22169,22169,4,4
2024-08-27 15:04:10.799,22167,22169,22169,1,1
2024-08-27 15:04:14.252,22167,22169,22167,1,-1
2024-08-27 15:04:16.498,22167,22169,22169,1,1
2024-08-27 15:04:18.641,22167,22168,22167,1,-1
2024-08-27 15:04:18.716,22167,22168,22167,1,-1
2024-08-27 15:04:24.216,22166,22167,22166,1,-1
2024-08-27 15:04:25.791,22165,22166,22165,2,-2
2024-08-27 15:04:26.180,22165,22166,22165,1,-1
2024-08-27 15:04:27.223,22165,22166,22166,2,2
2024-08-27 15:04:27.223,22165,22166,22167,6,6
2024-08-27 15:04:27.327,22165,22167,22167,1,1
2024-08-27 15:04:32.334,22165,22167,22167,1,1
2024-08-27 15:04:35.958,22165,22168,22167,1,1
2024-08-27 15:04:40.629,22165,22167,22165,1,-1
2024-08-27 15:04:41.873,22164,22167,22167,4,4
2024-08-27 15:04:41.873,22164,22167,22168,4,4
2024-08-27 15:04:42.098,22166,22168,22169,5,5
2024-08-27 15:04:42.122,22166,22168,22168,1,1
2024-08-27 15:04:42.123,22166,22168,22168,1,1
2024-08-27 15:04:43.123,22167,22170,22168,1,-1
2024-08-27 15:04:55.693,22169,22170,22169,1,-1
2024-08-27 15:04:55.765,22169,22170,22169,1,-1
2024-08-27 15:04:56.257,22168,22170,22170,6,6
2024-08-27 15:04:56.257,22168,22170,22170,2,2
2024-08-27 15:04:56.257,22168,22170,22170,1,1
2024-08-27 15:04:56.258,22168,22170,22171,1,1
2024-08-27 15:04:56.749,22171,22172,22172,2,2
2024-08-27 15:04:56.750,22171,22172,22172,2,2
2024-08-27 15:04:57.237,22171,22173,22173,2,2
2024-08-27 15:04:57.237,22171,22173,22174,9,9
2024-08-27 15:04:57.241,22171,22173,22174,2,2
2024-08-27 15:05:02.396,22171,22174,22174,7,7
2024-08-27 15:05:02.396,22171,22174,22175,5,5
2024-08-27 15:05:02.460,22173,22176,22176,1,1
2024-08-27 15:05:02.461,22173,22176,22176,1,1
2024-08-27 15:05:02.885,22174,22176,22176,3,3
2024-08-27 15:05:02.914,22174,22176,22177,3,3
2024-08-27 15:05:02.930,22174,22176,22177,1,1
2024-08-27 15:05:03.055,22175,22178,22178,2,2
2024-08-27 15:05:03.077,22176,22178,22179,1,1
2024-08-27 15:05:03.077,22176,22178,22179,1,1
2024-08-27 15:05:03.077,22176,22178,22178,1,1
2024-08-27 15:05:03.077,22176,22178,22178,2,2
2024-08-27 15:05:03.080,22176,22178,22178,1,1
2024-08-27 15:05:03.341,22177,22179,22179,1,1
2024-08-27 15:05:03.504,22177,22179,22179,1,1
2024-08-27 15:05:03.741,22178,22179,22178,2,-2
2024-08-27 15:05:03.741,22178,22179,22177,5,-5
2024-08-27 15:05:03.741,22178,22179,22176,5,-5
2024-08-27 15:05:04.035,22176,22178,22176,1,-1
2024-08-27 15:05:04.452,22175,22177,22177,1,1
2024-08-27 15:05:06.293,22175,22178,22178,1,1
2024-08-27 15:05:09.074,22175,22177,22177,1,1
2024-08-27 15:05:09.201,22176,22178,22178,1,1
2024-08-27 15:05:09.201,22176,22178,22178,1,1
2024-08-27 15:05:09.201,22176,22178,22178,1,1
2024-08-27 15:05:09.202,22176,22178,22178,1,1
2024-08-27 15:05:09.202,22176,22178,22178,1,1
2024-08-27 15:05:09.202,22176,22178,22178,1,1
2024-08-27 15:05:09.203,22176,22178,22180,1,1
2024-08-27 15:05:09.203,22176,22178,22180,1,1
2024-08-27 15:05:09.203,22176,22178,22179,1,1
2024-08-27 15:05:09.203,22176,22178,22180,1,1
2024-08-27 15:05:09.354,22178,22180,22180,1,1
2024-08-27 15:05:09.594,22178,22180,22180,1,1
2024-08-27 15:05:09.986,22178,22180,22180,1,1
2024-08-27 15:05:13.063,22178,22181,22180,2,2
2024-08-27 15:05:16.523,22178,22180,22180,1,1
2024-08-27 15:05:16.769,22178,22180,22178,3,-3
2024-08-27 15:05:17.270,22178,22180,22180,1,1
2024-08-27 15:05:17.287,22178,22180,22180,1,1
2024-08-27 15:05:18.645,22179,22180,22180,3,3
2024-08-27 15:05:18.772,22180,22181,22181,4,4
2024-08-27 15:05:18.772,22180,22181,22182,3,3
2024-08-27 15:05:18.773,22180,22181,22182,1,1
2024-08-27 15:05:18.773,22180,22181,22182,2,2
2024-08-27 15:05:18.773,22180,22181,22182,1,1
2024-08-27 15:05:18.875,22180,22182,22180,4,-4
2024-08-27 15:05:19.046,22180,22182,22182,1,1
2024-08-27 15:05:20.192,22180,22183,22180,1,-1
2024-08-27 15:05:20.486,22180,22182,22183,2,2
2024-08-27 15:05:20.486,22180,22182,22182,9,9
2024-08-27 15:05:21.289,22181,22183,22182,1,1
2024-08-27 15:05:23.575,22182,22183,22182,3,-3
2024-08-27 15:05:24.599,22181,22183,22183,3,3
2024-08-27 15:05:25.491,22181,22182,22181,2,-2
2024-08-27 15:05:25.492,22181,22182,22180,1,-1
2024-08-27 15:05:25.492,22181,22182,22180,6,-6
2024-08-27 15:05:25.492,22181,22182,22180,1,-1
2024-08-27 15:05:25.493,22181,22182,22180,1,-1
2024-08-27 15:05:25.493,22181,22182,22180,3,-3
2024-08-27 15:05:25.493,22181,22182,22180,1,-1
2024-08-27 15:05:25.493,22181,22182,22180,1,-1
2024-08-27 15:05:25.901,22179,22182,22181,1,1
2024-08-27 15:05:27.806,22179,22181,22181,1,1
2024-08-27 15:05:31.494,22179,22181,22179,1,-1
2024-08-27 15:05:31.494,22179,22181,22178,7,-7
2024-08-27 15:05:31.577,22178,22181,22181,1,1
2024-08-27 15:05:31.798,22178,22181,22181,1,1
2024-08-27 15:05:34.308,22178,22180,22178,15,-15
2024-08-27 15:05:34.309,22178,22180,22177,1,-1
2024-08-27 15:05:34.310,22178,22180,22177,1,-1
2024-08-27 15:05:34.434,22176,22179,22176,1,-1
2024-08-27 15:05:35.183,22176,22177,22176,1,-1
2024-08-27 15:05:36.836,22173,22175,22176,1,1
2024-08-27 15:05:36.944,22173,22175,22175,1,1
2024-08-27 15:05:36.945,22173,22175,22175,1,1
2024-08-27 15:05:36.952,22173,22175,22175,1,1
2024-08-27 15:05:37.985,22174,22176,22176,2,2
2024-08-27 15:05:37.985,22174,22176,22177,1,1
2024-08-27 15:05:37.993,22174,22176,22177,3,3
2024-08-27 15:05:41.284,22173,22176,22176,1,1
2024-08-27 15:05:44.583,22173,22175,22175,1,1
2024-08-27 15:05:45.032,22173,22175,22175,3,3
2024-08-27 15:05:45.040,22173,22175,22176,2,2
2024-08-27 15:05:49.314,22173,22175,22173,1,-1
2024-08-27 15:05:49.314,22173,22175,22172,9,-9
2024-08-27 15:05:49.314,22173,22175,22171,2,-2
2024-08-27 15:05:49.621,22171,22173,22173,1,1
2024-08-27 15:05:51.598,22171,22173,22171,2,-2
2024-08-27 15:05:51.601,22171,22173,22170,2,-2
2024-08-27 15:05:51.747,22169,22171,22169,1,-1
2024-08-27 15:05:51.814,22169,22171,22168,1,-1
2024-08-27 15:05:51.823,22169,22171,22168,1,-1
2024-08-27 15:05:52.086,22168,22170,22170,3,3
2024-08-27 15:05:52.583,22169,22171,22169,1,-1
2024-08-27 15:05:55.425,22168,22170,22168,2,-2
2024-08-27 15:05:59.103,22168,22171,22171,3,3
2024-08-27 15:06:04.965,22170,22173,22173,1,1
2024-08-27 15:06:06.135,22170,22173,22173,3,3
2024-08-27 15:06:06.617,22171,22174,22171,5,-5
2024-08-27 15:06:07.047,22168,22171,22168,2,-2
2024-08-27 15:06:09.861,22167,22170,22170,1,1
2024-08-27 15:06:11.213,22168,22171,22168,1,-1
2024-08-27 15:06:11.315,22168,22171,22167,2,-2
2024-08-27 15:06:13.191,22166,22168,22168,2,2
2024-08-27 15:06:13.191,22166,22168,22169,1,1
2024-08-27 15:06:18.945,22167,22168,22168,2,2
2024-08-27 15:06:18.952,22167,22168,22167,1,-1
2024-08-27 15:06:20.227,22166,22168,22168,3,3
2024-08-27 15:06:20.327,22166,22169,22169,1,1
2024-08-27 15:06:21.411,22166,22168,22166,10,-10
2024-08-27 15:06:21.412,22166,22168,22166,2,-2
2024-08-27 15:06:21.412,22166,22168,22166,1,-1
2024-08-27 15:06:22.716,22165,22167,22165,3,-3
2024-08-27 15:06:24.840,22165,22167,22165,1,-1
2024-08-27 15:06:24.945,22165,22167,22164,1,-1
2024-08-27 15:06:25.371,22165,22167,22165,1,-1
2024-08-27 15:06:27.089,22164,22166,22164,2,-2
2024-08-27 15:06:27.245,22164,22166,22166,3,3
2024-08-27 15:06:28.000,22164,22167,22164,2,-2
2024-08-27 15:06:28.268,22164,22167,22167,1,1
2024-08-27 15:06:28.807,22165,22168,22165,1,-1
2024-08-27 15:06:29.000,22165,22168,22165,1,-1
2024-08-27 15:06:30.315,22164,22166,22166,1,1
2024-08-27 15:06:31.365,22164,22165,22165,1,1
2024-08-27 15:06:33.640,22164,22166,22165,1,1
2024-08-27 15:06:33.642,22164,22166,22164,1,-1
2024-08-27 15:06:34.281,22163,22166,22166,2,2
2024-08-27 15:06:35.177,22164,22166,22166,1,1
2024-08-27 15:06:39.475,22165,22166,22165,1,-1
2024-08-27 15:06:39.477,22165,22166,22164,1,-1
2024-08-27 15:06:39.580,22163,22165,22165,1,1
2024-08-27 15:06:40.092,22163,22166,22163,2,-2
2024-08-27 15:06:40.510,22163,22166,22163,2,-2
2024-08-27 15:06:41.200,22162,22164,22164,1,1
2024-08-27 15:06:41.251,22162,22164,22162,2,-2
2024-08-27 15:06:41.606,22162,22164,22164,1,1
2024-08-27 15:06:41.719,22162,22164,22162,4,-4
2024-08-27 15:06:41.719,22162,22164,22162,2,-2
2024-08-27 15:06:41.719,22162,22164,22162,1,-1
2024-08-27 15:06:41.720,22162,22164,22161,1,-1
2024-08-27 15:06:41.722,22162,22164,22161,1,-1
2024-08-27 15:06:41.723,22162,22164,22161,3,-3
2024-08-27 15:06:41.723,22162,22164,22161,2,-2
2024-08-27 15:06:41.723,22162,22164,22161,2,-2
2024-08-27 15:06:41.724,22162,22164,22160,3,-3
2024-08-27 15:06:43.812,22159,22162,22159,1,-1
2024-08-27 15:06:43.887,22159,22162,22159,2,-2
2024-08-27 15:06:43.897,22159,22162,22167,10,10
2024-08-27 15:06:43.897,22159,22162,22169,4,4
2024-08-27 15:06:43.897,22159,22162,22168,12,12
2024-08-27 15:06:43.897,22159,22162,22166,7,7
2024-08-27 15:06:43.897,22159,22162,22164,6,6
2024-08-27 15:06:43.897,22159,22162,22165,5,5
2024-08-27 15:06:43.897,22159,22162,22163,8,8
2024-08-27 15:06:43.897,22159,22162,22162,7,7
2024-08-27 15:06:43.901,22159,22162,22167,1,1
2024-08-27 15:06:44.035,22165,22167,22165,1,-1
2024-08-27 15:06:44.051,22165,22167,22163,3,-3
2024-08-27 15:06:44.126,22163,22166,22163,1,-1
2024-08-27 15:06:44.477,22165,22167,22165,1,-1
2024-08-27 15:06:44.758,22165,22167,22164,1,-1
2024-08-27 15:06:44.758,22165,22167,22165,1,-1
2024-08-27 15:06:45.528,22164,22166,22164,2,-2
2024-08-27 15:06:45.879,22164,22167,22167,1,1
2024-08-27 15:06:46.502,22165,22167,22165,2,-2
2024-08-27 15:06:47.044,22164,22166,22166,1,1
2024-08-27 15:06:49.787,22165,22167,22167,1,1
2024-08-27 15:06:49.800,22165,22167,22168,1,1
2024-08-27 15:06:49.800,22165,22167,22168,1,1
2024-08-27 15:06:49.822,22165,22167,22168,1,1
2024-08-27 15:06:53.810,22165,22168,22165,1,-1
2024-08-27 15:06:55.561,22165,22168,22168,1,1
2024-08-27 15:06:57.046,22166,22169,22167,2,-2
2024-08-27 15:06:58.973,22166,22168,22166,1,-1
2024-08-27 15:06:59.210,22166,22168,22166,1,-1
2024-08-27 15:06:59.668,22166,22168,22166,8,-8
2024-08-27 15:06:59.671,22166,22168,22165,2,-2
2024-08-27 15:07:02.282,22164,22165,22165,1,1
2024-08-27 15:07:02.801,22165,22166,22166,2,2
2024-08-27 15:07:03.041,22165,22167,22167,1,1
2024-08-27 15:07:03.069,22165,22167,22167,1,1
2024-08-27 15:07:03.077,22165,22168,22168,1,1
2024-08-27 15:07:03.107,22165,22168,22168,2,2
2024-08-27 15:07:05.855,22166,22168,22166,1,-1
2024-08-27 15:07:08.752,22165,22167,22165,1,-1
2024-08-27 15:07:10.306,22166,22167,22167,2,2
2024-08-27 15:07:10.649,22167,22168,22167,1,-1
2024-08-27 15:07:10.855,22166,22168,22167,1,-1
2024-08-27 15:07:11.571,22166,22168,22167,1,-1
2024-08-27 15:07:14.116,22166,22167,22166,2,-2
2024-08-27 15:07:14.116,22166,22167,22166,1,-1
2024-08-27 15:07:14.116,22166,22167,22166,7,-7
2024-08-27 15:07:14.223,22164,22166,22164,3,-3
2024-08-27 15:07:16.966,22163,22165,22165,1,1
2024-08-27 15:07:16.966,22163,22165,22165,1,1
2024-08-27 15:07:18.293,22164,22167,22164,1,-1
2024-08-27 15:07:22.345,22165,22167,22165,1,-1
2024-08-27 15:07:27.615,22164,22167,22165,5,-5
2024-08-27 15:07:27.615,22164,22167,22165,1,-1
2024-08-27 15:07:35.633,22163,22164,22165,1,1
2024-08-27 15:07:35.633,22163,22164,22165,4,4
2024-08-27 15:07:35.633,22163,22164,22164,5,5
2024-08-27 15:07:41.617,22163,22166,22166,1,1
2024-08-27 15:07:42.149,22164,22166,22166,1,1
2024-08-27 15:07:50.075,22164,22165,22164,1,-1
2024-08-27 15:07:50.530,22163,22165,22165,1,1
2024-08-27 15:07:59.223,22164,22165,22164,1,-1
2024-08-27 15:08:01.465,22163,22165,22163,1,-1
2024-08-27 15:08:02.052,22162,22165,22165,1,1
2024-08-27 15:08:07.617,22162,22163,22163,1,1
2024-08-27 15:08:08.403,22162,22163,22163,2,2
2024-08-27 15:08:09.343,22162,22164,22162,4,-4
2024-08-27 15:08:09.344,22162,22164,22161,3,-3
2024-08-27 15:08:09.344,22162,22164,22161,1,-1
2024-08-27 15:08:10.892,22160,22162,22160,4,-4
2024-08-27 15:08:10.892,22160,22162,22159,1,-1
2024-08-27 15:08:11.031,22159,22162,22159,1,-1
2024-08-27 15:08:14.874,22158,22161,22158,1,-1
2024-08-27 15:08:16.585,22159,22161,22159,2,-2
2024-08-27 15:08:16.915,22159,22161,22159,1,-1
2024-08-27 15:08:17.168,22158,22161,22161,2,2
2024-08-27 15:08:17.597,22161,22164,22161,4,-4
2024-08-27 15:08:21.642,22159,22162,22159,1,-1
2024-08-27 15:08:27.417,22159,22160,22160,1,1
2024-08-27 15:08:27.418,22159,22160,22160,1,1
2024-08-27 15:08:30.082,22159,22160,22160,1,1
2024-08-27 15:08:30.201,22159,22160,22160,1,1
2024-08-27 15:08:30.341,22159,22160,22160,2,2
2024-08-27 15:08:31.184,22160,22162,22160,1,-1
2024-08-27 15:08:38.487,22160,22161,22161,1,1
2024-08-27 15:08:40.364,22160,22162,22160,2,-2
2024-08-27 15:08:44.236,22160,22162,22162,1,1
2024-08-27 15:08:44.236,22160,22162,22162,1,1
2024-08-27 15:08:44.236,22160,22162,22162,1,1
2024-08-27 15:08:44.469,22161,22164,22161,1,-1
2024-08-27 15:08:47.589,22159,22160,22159,2,-2
2024-08-27 15:08:47.589,22159,22160,22159,1,-1
2024-08-27 15:08:47.589,22159,22160,22159,1,-1
2024-08-27 15:08:47.743,22158,22159,22158,3,-3
2024-08-27 15:08:48.596,22158,22159,22158,1,-1
2024-08-27 15:08:48.596,22158,22159,22158,1,-1
2024-08-27 15:08:48.596,22158,22159,22158,1,-1
2024-08-27 15:08:48.951,22156,22158,22158,1,1
2024-08-27 15:08:51.274,22157,22158,22157,1,-1
2024-08-27 15:08:51.424,22157,22158,22156,1,-1
2024-08-27 15:08:52.478,22156,22159,22156,1,-1
2024-08-27 15:08:52.835,22156,22157,22156,3,-3
2024-08-27 15:08:54.230,22155,22157,22155,1,-1
2024-08-27 15:08:54.230,22155,22157,22155,1,-1
2024-08-27 15:08:54.230,22155,22157,22155,1,-1
2024-08-27 15:08:54.230,22155,22157,22155,1,-1
2024-08-27 15:08:54.233,22155,22157,22156,2,-2
2024-08-27 15:08:54.463,22155,22157,22155,1,-1
2024-08-27 15:08:54.465,22155,22157,22155,1,-1
2024-08-27 15:08:55.272,22155,22158,22155,1,-1
2024-08-27 15:08:57.676,22156,22158,22156,1,-1
2024-08-27 15:08:57.676,22156,22158,22155,1,-1
2024-08-27 15:09:00.802,22155,22156,22156,1,1
2024-08-27 15:09:01.301,22155,22156,22155,1,-1
2024-08-27 15:09:04.005,22155,22156,22155,1,-1
2024-08-27 15:09:06.383,22154,22155,22154,1,-1
2024-08-27 15:09:07.174,22154,22155,22154,1,-1
2024-08-27 15:09:10.562,22154,22155,22155,4,4
2024-08-27 15:09:10.562,22154,22155,22155,1,1
2024-08-27 15:09:10.563,22154,22155,22156,3,3
2024-08-27 15:09:11.096,22155,22158,22158,1,1
2024-08-27 15:09:15.738,22156,22157,22156,1,-1
2024-08-27 15:09:15.944,22155,22157,22155,1,-1
2024-08-27 15:09:17.871,22156,22157,22156,1,-1
2024-08-27 15:09:20.427,22155,22156,22155,1,-1
2024-08-27 15:09:20.999,22154,22156,22154,3,-3
2024-08-27 15:09:22.166,22153,22155,22153,1,-1
2024-08-27 15:09:22.700,22153,22155,22153,1,-1
2024-08-27 15:09:22.700,22153,22155,22152,1,-1
2024-08-27 15:09:22.818,22153,22155,22152,1,-1
2024-08-27 15:09:22.887,22150,22153,22151,1,-1
2024-08-27 15:09:22.893,22150,22153,22150,1,-1
2024-08-27 15:09:22.918,22150,22153,22150,1,-1
2024-08-27 15:09:22.923,22150,22153,22150,1,-1
2024-08-27 15:09:22.964,22150,22152,22150,2,-2
2024-08-27 15:09:22.965,22150,22152,22150,1,-1
2024-08-27 15:09:23.025,22150,22152,22150,1,-1
2024-08-27 15:09:23.720,22150,22151,22151,2,2
2024-08-27 15:09:25.367,22152,22153,22152,1,-1
2024-08-27 15:09:25.463,22150,22153,22150,2,-2
2024-08-27 15:09:26.948,22150,22152,22150,1,-1
2024-08-27 15:09:27.599,22150,22152,22150,1,-1
2024-08-27 15:09:30.736,22152,22154,22152,1,-1
2024-08-27 15:09:30.988,22151,22154,22151,4,-4
2024-08-27 15:09:31.680,22150,22152,22152,1,1
2024-08-27 15:09:33.259,22150,22152,22150,1,-1
2024-08-27 15:09:35.368,22150,22152,22150,1,-1
2024-08-27 15:09:37.322,22150,22152,22152,1,1
2024-08-27 15:09:38.554,22150,22152,22150,2,-2
2024-08-27 15:09:38.554,22150,22152,22149,1,-1
2024-08-27 15:09:38.718,22149,22151,22149,3,-3
2024-08-27 15:09:38.896,22149,22151,22149,1,-1
2024-08-27 15:09:38.896,22149,22151,22148,2,-2
2024-08-27 15:09:39.098,22148,22151,22148,3,-3
2024-08-27 15:09:40.081,22148,22150,22148,1,-1
2024-08-27 15:09:40.236,22148,22150,22148,2,-2
2024-08-27 15:09:41.249,22148,22150,22148,1,-1
2024-08-27 15:09:41.476,22148,22150,22148,1,-1
2024-08-27 15:09:43.608,22148,22150,22148,1,-1
2024-08-27 15:09:45.889,22148,22150,22148,1,-1
2024-08-27 15:09:48.123,22148,22150,22150,1,1
2024-08-27 15:09:48.758,22149,22151,22151,1,1
2024-08-27 15:09:49.323,22150,22153,22150,3,-3
2024-08-27 15:09:51.865,22148,22150,22148,2,-2
2024-08-27 15:09:53.293,22148,22150,22150,2,2
2024-08-27 15:09:53.892,22148,22151,22148,3,-3
2024-08-27 15:09:53.892,22148,22151,22147,9,-9
2024-08-27 15:09:53.892,22148,22151,22146,4,-4
2024-08-27 15:09:54.130,22145,22148,22145,2,-2
2024-08-27 15:09:54.154,22145,22148,22145,1,-1
2024-08-27 15:09:54.156,22145,22148,22145,1,-1
2024-08-27 15:09:54.216,22146,22147,22146,1,-1
2024-08-27 15:09:55.264,22146,22148,22148,5,5
2024-08-27 15:09:56.788,22146,22148,22146,2,-2
2024-08-27 15:09:56.788,22146,22148,22145,1,-1
2024-08-27 15:09:56.788,22146,22148,22144,7,-7
2024-08-27 15:09:58.592,22146,22148,22146,1,-1
2024-08-27 15:09:59.232,22146,22148,22146,1,-1
2024-08-27 15:09:59.412,22146,22148,22146,1,-1
2024-08-27 15:09:59.599,22145,22148,22145,1,-1
2024-08-27 15:09:59.779,22145,22148,22145,1,-1
2024-08-27 15:09:59.937,22145,22148,22145,1,-1
2024-08-27 15:10:01.479,22146,22148,22148,1,1
2024-08-27 15:10:01.745,22146,22149,22146,1,-1
2024-08-27 15:10:01.757,22146,22149,22149,2,2
2024-08-27 15:10:01.904,22147,22149,22149,2,2
2024-08-27 15:10:01.904,22147,22149,22150,4,4
2024-08-27 15:10:02.084,22148,22150,22150,2,2
2024-08-27 15:10:02.088,22148,22150,22151,1,1
2024-08-27 15:10:02.088,22148,22150,22152,1,1
2024-08-27 15:10:02.284,22149,22152,22152,1,1
2024-08-27 15:10:02.290,22149,22152,22152,1,1
2024-08-27 15:10:02.425,22150,22152,22152,1,1
2024-08-27 15:10:02.464,22150,22152,22150,1,-1
2024-08-27 15:10:03.252,22148,22151,22151,1,1
2024-08-27 15:10:07.160,22148,22150,22150,1,1
2024-08-27 15:10:07.165,22148,22150,22151,1,1
2024-08-27 15:10:08.251,22150,22152,22152,1,1
2024-08-27 15:10:11.738,22151,22153,22153,1,1
2024-08-27 15:10:12.871,22152,22155,22152,1,-1
2024-08-27 15:10:14.032,22151,22154,22154,1,1
2024-08-27 15:10:15.869,22152,22155,22152,1,-1
2024-08-27 15:10:15.889,22152,22155,22155,1,1
2024-08-27 15:10:23.129,22152,22154,22154,1,1
2024-08-27 15:10:23.129,22152,22154,22154,1,1
2024-08-27 15:10:23.464,22154,22156,22156,1,1
2024-08-27 15:10:27.461,22155,22157,22155,1,-1
2024-08-27 15:10:32.841,22156,22157,22156,1,-1
2024-08-27 15:10:33.714,22156,22157,22156,1,-1
2024-08-27 15:10:34.146,22156,22157,22157,2,2
2024-08-27 15:10:34.146,22156,22157,22157,1,1
2024-08-27 15:10:41.821,22157,22158,22158,1,1
2024-08-27 15:10:41.822,22157,22158,22159,1,1
2024-08-27 15:10:47.589,22158,22160,22160,1,1
2024-08-27 15:10:50.159,22158,22160,22160,1,1
2024-08-27 15:10:57.050,22160,22161,22161,1,1
2024-08-27 15:10:57.050,22160,22161,22162,1,1
2024-08-27 15:11:01.297,22160,22161,22160,1,-1
2024-08-27 15:11:01.804,22160,22161,22160,1,-1
2024-08-27 15:11:01.804,22160,22161,22160,2,-2
2024-08-27 15:11:02.520,22159,22160,22159,1,-1
2024-08-27 15:11:03.854,22158,22159,22158,1,-1
2024-08-27 15:11:03.854,22158,22159,22158,1,-1
2024-08-27 15:11:03.956,22157,22158,22157,3,-3
2024-08-27 15:11:03.956,22157,22158,22157,1,-1
2024-08-27 15:11:03.956,22157,22158,22157,1,-1
2024-08-27 15:11:06.042,22156,22158,22156,1,-1
2024-08-27 15:11:07.429,22156,22158,22158,1,1
2024-08-27 15:11:10.722,22156,22158,22158,1,1
2024-08-27 15:11:16.031,22156,22158,22158,1,1
2024-08-27 15:11:18.880,22156,22158,22158,1,1
2024-08-27 15:11:21.325,22156,22157,22157,1,1
2024-08-27 15:11:27.907,22156,22157,22157,1,1
2024-08-27 15:11:29.490,22156,22158,22156,2,-2
2024-08-27 15:11:33.833,22156,22157,22156,4,-4
2024-08-27 15:11:33.834,22156,22157,22156,1,-1
2024-08-27 15:11:33.834,22156,22157,22156,2,-2
2024-08-27 15:11:34.058,22155,22157,22157,1,1
2024-08-27 15:11:37.170,22155,22158,22155,1,-1
2024-08-27 15:11:52.397,22156,22158,22156,1,-1
2024-08-27 15:11:52.674,22155,22156,22155,2,-2
2024-08-27 15:11:57.724,22154,22157,22154,2,-2
2024-08-27 15:12:13.507,22156,22158,22156,1,-1
2024-08-27 15:12:13.508,22156,22158,22156,1,-1
2024-08-27 15:12:13.744,22155,22158,22158,1,1
2024-08-27 15:12:16.593,22156,22158,22156,1,-1
2024-08-27 15:12:16.702,22156,22158,22158,1,1
2024-08-27 15:12:24.075,22157,22158,22158,1,1
2024-08-27 15:12:24.075,22157,22158,22158,1,1
2024-08-27 15:12:38.218,22155,22157,22155,2,-2
2024-08-27 15:12:40.781,22155,22157,22157,1,1
2024-08-27 15:12:52.113,22155,22157,22157,1,1
2024-08-27 15:12:53.880,22155,22157,22157,1,1
2024-08-27 15:12:53.952,22155,22157,22157,1,1
2024-08-27 15:12:54.267,22155,22157,22155,1,-1
2024-08-27 15:12:54.267,22155,22157,22154,1,-1
2024-08-27 15:12:55.802,22154,22157,22154,5,-5
2024-08-27 15:12:55.802,22154,22157,22154,1,-1
2024-08-27 15:12:55.802,22154,22157,22154,1,-1
2024-08-27 15:13:13.850,22154,22155,22155,1,1
2024-08-27 15:13:14.087,22155,22157,22157,1,1
2024-08-27 15:13:14.202,22155,22157,22157,1,1
2024-08-27 15:13:14.203,22155,22157,22157,1,1
2024-08-27 15:13:14.210,22155,22157,22158,1,1
2024-08-27 15:13:19.172,22156,22158,22158,2,2
2024-08-27 15:13:19.172,22156,22158,22158,1,1
2024-08-27 15:13:19.172,22156,22158,22158,1,1
2024-08-27 15:13:21.202,22157,22159,22159,1,1
2024-08-27 15:13:30.134,22157,22160,22160,1,1
2024-08-27 15:13:40.168,22160,22162,22160,1,-1
2024-08-27 15:13:40.202,22160,22162,22162,1,1
2024-08-27 15:13:45.357,22160,22162,22162,1,1
2024-08-27 15:13:47.311,22160,22161,22162,1,1
2024-08-27 15:13:47.311,22160,22161,22161,1,1
2024-08-27 15:13:49.121,22160,22162,22162,1,1
2024-08-27 15:13:53.777,22161,22162,22162,1,1
2024-08-27 15:13:57.069,22162,22163,22162,1,-1
2024-08-27 15:14:06.477,22162,22163,22162,2,-2
2024-08-27 15:14:06.583,22160,22163,22163,1,1
2024-08-27 15:14:06.583,22160,22163,22163,1,1
2024-08-27 15:14:06.583,22160,22163,22163,1,1
2024-08-27 15:14:06.584,22160,22163,22164,1,1
2024-08-27 15:14:06.584,22160,22163,22164,1,1
2024-08-27 15:14:07.566,22163,22164,22164,1,1
2024-08-27 15:14:07.577,22163,22165,22165,1,1
2024-08-27 15:14:07.578,22163,22165,22165,1,1
2024-08-27 15:14:07.579,22163,22165,22166,1,1
2024-08-27 15:14:07.579,22163,22165,22166,1,1
2024-08-27 15:14:07.579,22163,22165,22166,1,1
2024-08-27 15:14:07.579,22163,22165,22166,1,1
2024-08-27 15:14:07.586,22163,22165,22167,1,1
2024-08-27 15:14:08.419,22163,22166,22166,2,2
2024-08-27 15:14:10.774,22165,22167,22166,1,1
2024-08-27 15:14:11.582,22165,22167,22165,3,-3
2024-08-27 15:14:13.132,22163,22166,22166,1,1
2024-08-27 15:14:13.216,22163,22166,22166,1,1
2024-08-27 15:14:16.899,22166,22167,22167,3,3
2024-08-27 15:14:16.899,22166,22167,22167,2,2
2024-08-27 15:14:17.094,22166,22168,22168,1,1
2024-08-27 15:14:17.247,22166,22168,22168,3,3
2024-08-27 15:14:17.564,22166,22169,22166,1,-1
2024-08-27 15:14:18.580,22166,22169,22169,1,1
2024-08-27 15:14:18.701,22166,22169,22169,1,1
2024-08-27 15:14:18.701,22166,22169,22169,1,1
2024-08-27 15:14:18.702,22166,22169,22170,1,1
2024-08-27 15:14:18.702,22166,22169,22170,1,1
2024-08-27 15:14:18.702,22166,22169,22170,1,1
2024-08-27 15:14:18.702,22166,22169,22170,1,1
2024-08-27 15:14:18.702,22166,22169,22170,1,1
2024-08-27 15:14:18.702,22166,22169,22171,1,1
2024-08-27 15:14:18.703,22166,22169,22171,1,1
2024-08-27 15:14:18.710,22166,22169,22171,1,1
2024-08-27 15:14:18.901,22168,22169,22169,1,1
2024-08-27 15:14:19.324,22168,22171,22171,1,1
2024-08-27 15:14:20.327,22169,22171,22169,1,-1
2024-08-27 15:14:20.328,22169,22171,22169,1,-1
2024-08-27 15:14:23.252,22168,22169,22168,1,-1
2024-08-27 15:14:27.668,22168,22169,22169,2,2
2024-08-27 15:14:34.850,22170,22171,22170,1,-1
2024-08-27 15:14:34.951,22169,22171,22171,1,1
2024-08-27 15:14:34.952,22169,22171,22172,1,1
2024-08-27 15:14:34.952,22169,22171,22171,3,3
2024-08-27 15:14:35.066,22169,22171,22173,1,1
2024-08-27 15:14:35.114,22171,22173,22173,1,1
2024-08-27 15:14:35.292,22171,22173,22171,1,-1
2024-08-27 15:14:38.838,22168,22171,22171,1,1
2024-08-27 15:14:38.951,22169,22171,22171,1,1
2024-08-27 15:14:38.951,22169,22171,22171,1,1
2024-08-27 15:14:42.421,22169,22171,22171,1,1
2024-08-27 15:14:47.477,22170,22172,22172,7,7
2024-08-27 15:14:47.478,22170,22172,22172,1,1
2024-08-27 15:14:47.498,22170,22172,22171,1,1
2024-08-27 15:14:47.856,22171,22173,22171,2,-2
2024-08-27 15:14:47.858,22171,22173,22171,3,-3
2024-08-27 15:14:54.380,22169,22172,22169,1,-1
2024-08-27 15:14:55.585,22170,22172,22170,2,-2
2024-08-27 15:15:02.127,22169,22170,22170,2,2
2024-08-27 15:15:02.209,22169,22170,22170,1,1
2024-08-27 15:15:02.210,22169,22170,22170,1,1
2024-08-27 15:15:02.210,22169,22170,22171,1,1
2024-08-27 15:15:02.731,22169,22172,22172,1,1
2024-08-27 15:15:02.778,22169,22172,22172,1,1
2024-08-27 15:15:02.818,22169,22172,22172,1,1
2024-08-27 15:15:02.846,22170,22173,22173,1,1
2024-08-27 15:15:02.962,22170,22173,22173,1,1
2024-08-27 15:15:02.975,22170,22173,22173,1,1
2024-08-27 15:15:03.059,22170,22173,22173,1,1
2024-08-27 15:15:03.932,22170,22173,22170,1,-1
2024-08-27 15:15:04.525,22170,22173,22173,1,1
2024-08-27 15:15:06.448,22170,22172,22172,1,1
2024-08-27 15:15:15.966,22170,22173,22173,1,1
2024-08-27 15:15:16.076,22170,22173,22173,1,1
2024-08-27 15:15:16.076,22170,22173,22173,1,1
2024-08-27 15:15:16.076,22170,22173,22173,1,1
2024-08-27 15:15:16.590,22171,22173,22173,2,2
2024-08-27 15:15:17.393,22173,22174,22174,1,1
2024-08-27 15:15:17.393,22173,22174,22174,1,1
2024-08-27 15:15:22.313,22173,22175,22174,1,1
2024-08-27 15:15:22.327,22173,22175,22176,1,1
2024-08-27 15:15:22.327,22173,22175,22176,1,1
2024-08-27 15:15:22.327,22173,22175,22175,1,1
2024-08-27 15:15:22.327,22173,22175,22175,1,1
2024-08-27 15:15:22.327,22173,22175,22175,1,1
2024-08-27 15:15:22.327,22173,22175,22175,1,1
2024-08-27 15:15:22.328,22173,22175,22176,1,1
2024-08-27 15:15:22.328,22173,22175,22176,2,2
2024-08-27 15:15:22.335,22173,22175,22177,1,1
2024-08-27 15:15:22.371,22173,22175,22175,1,1
2024-08-27 15:15:28.261,22174,22176,22174,3,-3
2024-08-27 15:15:29.466,22175,22176,22176,3,3
2024-08-27 15:15:29.577,22175,22178,22178,1,1
2024-08-27 15:15:29.577,22175,22178,22178,1,1
2024-08-27 15:15:29.577,22175,22178,22178,1,1
2024-08-27 15:15:29.577,22175,22178,22178,1,1
2024-08-27 15:15:29.578,22175,22178,22178,1,1
2024-08-27 15:15:29.618,22175,22178,22178,2,2
2024-08-27 15:15:30.316,22177,22179,22177,1,-1
2024-08-27 15:15:34.316,22176,22178,22176,1,-1
2024-08-27 15:15:36.704,22175,22177,22177,1,1
2024-08-27 15:15:36.974,22176,22178,22176,1,-1
2024-08-27 15:15:39.454,22176,22177,22175,1,-1
2024-08-27 15:15:39.454,22176,22177,22176,1,-1
2024-08-27 15:15:53.503,22174,22175,22174,1,-1
2024-08-27 15:15:55.740,22173,22175,22175,1,1
2024-08-27 15:15:56.614,22173,22174,22173,1,-1
2024-08-27 15:15:59.871,22172,22175,22172,1,-1
2024-08-27 15:16:00.504,22171,22174,22173,1,1
2024-08-27 15:16:01.685,22172,22175,22175,2,2
2024-08-27 15:16:01.791,22172,22175,22175,1,1
2024-08-27 15:16:04.167,22172,22173,22172,1,-1
2024-08-27 15:16:09.805,22169,22170,22169,1,-1
2024-08-27 15:16:09.806,22169,22170,22169,1,-1
2024-08-27 15:16:11.682,22168,22170,22168,1,-1
2024-08-27 15:16:11.682,22168,22170,22167,1,-1
2024-08-27 15:16:28.706,22168,22169,22168,1,-1
2024-08-27 15:16:31.769,22167,22168,22168,1,1
2024-08-27 15:16:31.769,22167,22168,22168,1,1
2024-08-27 15:16:35.766,22167,22168,22168,2,2
2024-08-27 15:16:35.767,22167,22168,22169,2,2
2024-08-27 15:16:35.768,22167,22168,22170,2,2
2024-08-27 15:16:44.433,22168,22170,22170,2,2
2024-08-27 15:16:47.292,22169,22171,22171,1,1
2024-08-27 15:16:47.459,22170,22173,22170,1,-1
2024-08-27 15:17:01.993,22168,22170,22170,1,1
2024-08-27 15:17:02.639,22168,22170,22168,4,-4
2024-08-27 15:17:02.932,22168,22169,22168,3,-3
2024-08-27 15:17:02.933,22168,22169,22168,2,-2
2024-08-27 15:17:06.025,22167,22169,22167,1,-1
2024-08-27 15:17:08.998,22167,22169,22167,1,-1
2024-08-27 15:17:15.329,22167,22169,22167,1,-1
2024-08-27 15:17:25.628,22167,22168,22167,1,-1
2024-08-27 15:17:27.660,22167,22168,22167,1,-1
2024-08-27 15:17:27.673,22167,22168,22166,1,-1
2024-08-27 15:17:28.027,22163,22165,22163,1,-1
2024-08-27 15:17:28.027,22163,22165,22163,1,-1
2024-08-27 15:17:28.027,22163,22165,22163,1,-1
2024-08-27 15:17:28.027,22163,22165,22163,1,-1
2024-08-27 15:17:28.027,22163,22165,22163,1,-1
2024-08-27 15:17:28.529,22162,22163,22162,1,-1
2024-08-27 15:17:29.672,22161,22163,22161,3,-3
2024-08-27 15:17:29.672,22161,22163,22161,3,-3
2024-08-27 15:17:29.914,22160,22162,22160,2,-2
2024-08-27 15:17:30.385,22160,22162,22162,1,1
2024-08-27 15:17:33.226,22160,22162,22162,2,2
2024-08-27 15:17:36.813,22162,22163,22162,1,-1
2024-08-27 15:17:38.437,22160,22162,22160,1,-1
2024-08-27 15:17:41.884,22159,22160,22159,1,-1
2024-08-27 15:17:42.966,22158,22160,22158,11,-11
2024-08-27 15:17:42.966,22158,22160,22157,1,-1
2024-08-27 15:17:44.519,22156,22159,22156,1,-1
2024-08-27 15:17:45.270,22156,22158,22158,1,1
2024-08-27 15:17:46.228,22155,22158,22154,2,-2
2024-08-27 15:17:46.228,22155,22158,22155,3,-3
2024-08-27 15:17:46.375,22154,22157,22157,1,1
2024-08-27 15:17:49.324,22153,22154,22153,2,-2
2024-08-27 15:17:50.261,22151,22153,22151,4,-4
2024-08-27 15:17:50.261,22151,22153,22150,6,-6
2024-08-27 15:17:50.270,22151,22153,22150,1,-1
2024-08-27 15:17:51.068,22151,22153,22151,1,-1
2024-08-27 15:17:52.921,22150,22151,22151,1,1
2024-08-27 15:17:53.081,22150,22152,22151,1,1
2024-08-27 15:17:53.094,22150,22152,22154,1,1
2024-08-27 15:17:53.094,22150,22152,22153,1,1
2024-08-27 15:17:54.041,22151,22153,22151,1,-1
2024-08-27 15:17:55.598,22151,22153,22151,1,-1
2024-08-27 15:18:00.050,22152,22153,22153,1,1
2024-08-27 15:18:00.050,22152,22153,22153,2,2
2024-08-27 15:18:01.632,22152,22153,22152,1,-1
2024-08-27 15:18:01.702,22150,22153,22153,1,1
2024-08-27 15:18:01.702,22150,22153,22153,1,1
2024-08-27 15:18:01.888,22150,22153,22150,1,-1
2024-08-27 15:18:10.246,22151,22153,22151,2,-2
2024-08-27 15:18:11.382,22150,22151,22151,1,1
2024-08-27 15:18:11.412,22150,22151,22151,1,1
2024-08-27 15:18:11.452,22151,22153,22153,1,1
2024-08-27 15:18:11.452,22151,22153,22154,1,1
2024-08-27 15:18:11.453,22151,22153,22154,1,1
2024-08-27 15:18:11.457,22151,22153,22154,1,1
2024-08-27 15:18:19.869,22151,22153,22153,1,1
2024-08-27 15:18:19.869,22151,22153,22154,1,1
2024-08-27 15:18:22.674,22153,22156,22153,1,-1
2024-08-27 15:18:22.702,22153,22156,22157,1,1
2024-08-27 15:18:22.702,22153,22156,22157,1,1
2024-08-27 15:18:22.702,22153,22156,22156,1,1
2024-08-27 15:18:22.702,22153,22156,22156,1,1
2024-08-27 15:18:28.719,22153,22156,22156,1,1
2024-08-27 15:18:38.610,22153,22155,22155,1,1
2024-08-27 15:18:38.702,22154,22157,22157,1,1
2024-08-27 15:18:38.702,22154,22157,22157,1,1
2024-08-27 15:18:38.805,22154,22157,22157,1,1
2024-08-27 15:18:38.805,22154,22157,22157,1,1
2024-08-27 15:18:42.669,22156,22158,22158,3,3
2024-08-27 15:18:43.434,22156,22159,22159,1,1
2024-08-27 15:18:43.435,22156,22159,22160,1,1
2024-08-27 15:18:56.797,22159,22162,22159,1,-1
2024-08-27 15:18:59.783,22159,22162,22159,1,-1
2024-08-27 15:19:03.193,22160,22162,22162,1,1
2024-08-27 15:19:04.677,22160,22163,22160,1,-1
2024-08-27 15:19:08.375,22162,22164,22162,1,-1
2024-08-27 15:19:22.107,22162,22164,22162,1,-1
2024-08-27 15:19:26.030,22162,22163,22162,1,-1
2024-08-27 15:19:29.123,22161,22162,22161,1,-1
2024-08-27 15:19:31.837,22159,22162,22159,1,-1
2024-08-27 15:19:36.065,22158,22160,22158,1,-1
2024-08-27 15:19:36.146,22158,22159,22158,1,-1
2024-08-27 15:19:36.253,22157,22159,22159,1,1
2024-08-27 15:19:46.427,22160,22162,22160,1,-1
2024-08-27 15:19:50.337,22160,22162,22162,1,1
2024-08-27 15:19:55.617,22160,22162,22162,1,1
2024-08-27 15:20:15.378,22160,22162,22160,3,-3
2024-08-27 15:20:15.379,22160,22162,22159,2,-2
2024-08-27 15:20:15.893,22157,22159,22159,2,2
2024-08-27 15:20:22.009,22158,22161,22161,1,1
2024-08-27 15:20:23.567,22157,22160,22157,1,-1
2024-08-27 15:20:32.225,22157,22159,22159,1,1
2024-08-27 15:20:32.268,22157,22159,22159,1,1
2024-08-27 15:20:42.155,22157,22159,22159,1,1
2024-08-27 15:20:44.111,22157,22159,22157,1,-1
2024-08-27 15:20:44.111,22157,22159,22157,1,-1
2024-08-27 15:20:44.111,22157,22159,22157,1,-1
2024-08-27 15:20:44.111,22157,22159,22157,1,-1
2024-08-27 15:20:56.390,22156,22158,22156,1,-1
2024-08-27 15:20:56.491,22155,22157,22155,1,-1
2024-08-27 15:21:00.218,22155,22156,22155,1,-1
2024-08-27 15:21:02.529,22153,22155,22153,1,-1
2024-08-27 15:21:03.763,22153,22155,22153,1,-1
2024-08-27 15:21:03.858,22153,22155,22153,1,-1
2024-08-27 15:21:07.572,22152,22155,22152,3,-3
2024-08-27 15:21:07.619,22151,22154,22151,9,-9
2024-08-27 15:21:11.598,22151,22154,22151,3,-3
2024-08-27 15:21:12.236,22150,22153,22153,1,1
2024-08-27 15:21:12.251,22150,22153,22151,1,-1
2024-08-27 15:21:19.907,22150,22153,22150,1,-1
2024-08-27 15:21:19.981,22151,22153,22151,2,-2
2024-08-27 15:21:28.792,22150,22152,22152,1,1
2024-08-27 15:21:42.208,22151,22153,22151,1,-1
2024-08-27 15:21:42.250,22151,22153,22150,1,-1
2024-08-27 15:21:42.250,22151,22153,22150,2,-2
2024-08-27 15:21:42.457,22149,22150,22149,1,-1
2024-08-27 15:21:45.947,22148,22150,22148,1,-1
2024-08-27 15:21:55.979,22151,22153,22151,2,-2
2024-08-27 15:21:56.190,22150,22153,22150,2,-2
2024-08-27 15:22:00.476,22150,22151,22150,2,-2
2024-08-27 15:22:01.801,22149,22150,22149,1,-1
2024-08-27 15:22:08.398,22149,22150,22149,1,-1
2024-08-27 15:22:08.752,22148,22150,22150,1,1
2024-08-27 15:22:23.797,22151,22153,22151,1,-1
2024-08-27 15:22:38.307,22151,22153,22153,2,2
2024-08-27 15:22:46.336,22152,22153,22153,1,1
2024-08-27 15:22:48.674,22152,22153,22153,1,1
2024-08-27 15:22:58.558,22153,22154,22153,1,-1
2024-08-27 15:23:03.373,22152,22153,22152,1,-1
2024-08-27 15:23:03.394,22152,22153,22152,1,-1
2024-08-27 15:23:13.569,22152,22154,22152,1,-1
2024-08-27 15:23:13.781,22151,22152,22152,1,1
2024-08-27 15:23:15.475,22151,22152,22151,5,-5
2024-08-27 15:23:15.476,22151,22152,22151,2,-2
2024-08-27 15:23:19.966,22150,22151,22150,2,-2
2024-08-27 15:23:20.868,22149,22151,22151,1,1
2024-08-27 15:23:24.469,22150,22151,22150,1,-1
2024-08-27 15:23:37.055,22149,22150,22150,1,1
2024-08-27 15:23:37.055,22149,22150,22150,2,2
2024-08-27 15:23:37.082,22150,22151,22151,1,1
2024-08-27 15:23:37.083,22150,22151,22151,1,1
2024-08-27 15:23:37.083,22150,22151,22151,3,3
2024-08-27 15:23:38.413,22151,22153,22153,2,2
2024-08-27 15:23:38.413,22151,22153,22153,2,2
2024-08-27 15:23:41.216,22153,22154,22153,1,-1
2024-08-27 15:23:57.196,22151,22153,22153,1,1
2024-08-27 15:24:02.200,22152,22153,22154,1,1
2024-08-27 15:24:02.200,22152,22153,22153,1,1
2024-08-27 15:24:02.488,22153,22155,22155,1,1
2024-08-27 15:24:05.913,22153,22155,22155,1,1
2024-08-27 15:24:07.469,22154,22155,22154,2,-2
2024-08-27 15:24:11.374,22153,22155,22153,10,-10
2024-08-27 15:24:13.825,22153,22154,22153,1,-1
2024-08-27 15:24:15.354,22151,22153,22153,1,1
2024-08-27 15:24:21.078,22151,22154,22154,2,2
2024-08-27 15:24:35.333,22152,22154,22151,3,-3
2024-08-27 15:24:35.333,22152,22154,22152,2,-2
2024-08-27 15:24:40.738,22151,22154,22155,1,1
2024-08-27 15:24:40.738,22151,22154,22154,1,1
2024-08-27 15:24:40.742,22151,22154,22156,1,1
2024-08-27 15:24:41.296,22153,22156,22153,1,-1
2024-08-27 15:24:43.786,22153,22155,22155,1,1
2024-08-27 15:24:47.444,22151,22153,22153,1,1
2024-08-27 15:24:50.394,22150,22153,22153,2,2
2024-08-27 15:24:59.445,22151,22154,22151,1,-1
2024-08-27 15:25:00.659,22150,22152,22150,3,-3
2024-08-27 15:25:00.709,22149,22150,22150,1,1
2024-08-27 15:25:00.711,22149,22150,22152,1,1
2024-08-27 15:25:00.712,22149,22150,22153,1,1
2024-08-27 15:25:00.905,22150,22153,22153,1,1
2024-08-27 15:25:24.754,22152,22153,22153,1,1
2024-08-27 15:25:25.273,22153,22155,22153,1,-1
2024-08-27 15:25:25.327,22152,22155,22155,1,1
2024-08-27 15:25:25.328,22152,22155,22155,1,1
2024-08-27 15:25:25.329,22152,22155,22155,1,1
2024-08-27 15:25:32.630,22153,22155,22155,1,1
2024-08-27 15:25:32.630,22153,22155,22155,1,1
2024-08-27 15:25:36.165,22154,22157,22157,1,1
2024-08-27 15:25:36.201,22155,22158,22158,1,1
2024-08-27 15:25:36.201,22155,22158,22158,1,1
2024-08-27 15:25:36.202,22155,22158,22158,1,1
2024-08-27 15:25:46.096,22154,22156,22154,1,-1
2024-08-27 15:25:46.096,22154,22156,22154,2,-2
2024-08-27 15:25:46.202,22153,22155,22155,1,1
2024-08-27 15:25:46.202,22153,22155,22155,1,1
2024-08-27 15:25:46.203,22153,22155,22155,1,1
2024-08-27 15:26:02.875,22156,22157,22157,1,1
2024-08-27 15:26:02.952,22156,22158,22158,1,1
2024-08-27 15:26:02.952,22156,22158,22158,1,1
2024-08-27 15:26:02.954,22156,22158,22158,1,1
2024-08-27 15:26:04.217,22157,22159,22159,3,3
2024-08-27 15:26:13.302,22155,22158,22158,1,1
2024-08-27 15:26:32.510,22155,22158,22160,2,2
2024-08-27 15:26:32.511,22155,22158,22160,1,1
2024-08-27 15:26:32.511,22155,22158,22160,1,1
2024-08-27 15:26:32.511,22155,22158,22160,1,1
2024-08-27 15:26:32.511,22155,22158,22160,1,1
2024-08-27 15:26:32.511,22155,22158,22160,1,1
2024-08-27 15:26:32.512,22155,22158,22160,1,1
2024-08-27 15:26:32.516,22155,22158,22161,3,3
2024-08-27 15:26:41.644,22157,22158,22158,2,2
2024-08-27 15:26:41.644,22157,22158,22158,1,1
2024-08-27 15:26:41.644,22157,22158,22158,1,1
2024-08-27 15:26:47.382,22157,22159,22157,1,-1
2024-08-27 15:26:47.487,22155,22157,22154,6,-6
2024-08-27 15:26:47.487,22155,22157,22155,3,-3
2024-08-27 15:26:53.659,22155,22158,22155,1,-1
2024-08-27 15:27:15.467,22158,22159,22159,1,1
2024-08-27 15:27:18.453,22158,22159,22158,1,-1
2024-08-27 15:27:26.691,22156,22159,22158,1,1
2024-08-27 15:27:31.859,22157,22159,22157,1,-1
2024-08-27 15:27:42.377,22156,22158,22156,1,-1
2024-08-27 15:27:53.952,22155,22157,22155,1,-1
2024-08-27 15:27:57.474,22156,22157,22157,1,1
2024-08-27 15:27:59.895,22156,22157,22157,1,1
2024-08-27 15:27:59.904,22156,22157,22159,4,4
2024-08-27 15:28:01.148,22159,22160,22160,1,1
2024-08-27 15:28:01.148,22159,22160,22160,1,1
2024-08-27 15:28:01.148,22159,22160,22160,1,1
2024-08-27 15:28:01.300,22159,22161,22159,3,-3
2024-08-27 15:28:04.909,22160,22161,22161,1,1
2024-08-27 15:28:05.004,22161,22162,22161,2,-2
2024-08-27 15:28:08.721,22160,22162,22162,1,1
2024-08-27 15:28:08.992,22160,22162,22162,1,1
2024-08-27 15:28:12.429,22161,22162,22162,3,3
2024-08-27 15:28:12.429,22161,22162,22162,1,1
2024-08-27 15:28:12.430,22161,22162,22162,3,3
2024-08-27 15:28:12.431,22161,22162,22163,3,3
2024-08-27 15:28:13.531,22162,22164,22162,1,-1
2024-08-27 15:28:16.681,22161,22163,22163,1,1
2024-08-27 15:28:18.261,22161,22163,22163,1,1
2024-08-27 15:28:21.336,22162,22164,22162,2,-2
2024-08-27 15:28:21.337,22162,22164,22162,1,-1
2024-08-27 15:28:22.913,22161,22164,22163,1,1
2024-08-27 15:28:30.934,22163,22164,22164,1,1
2024-08-27 15:28:33.605,22163,22165,22165,1,1
2024-08-27 15:28:33.606,22163,22165,22165,1,1
2024-08-27 15:28:33.606,22163,22165,22165,1,1
2024-08-27 15:28:33.723,22165,22166,22166,1,1
2024-08-27 15:28:33.724,22165,22166,22166,2,2
2024-08-27 15:28:38.679,22163,22166,22166,1,1
2024-08-27 15:28:39.284,22163,22166,22166,1,1
2024-08-27 15:28:41.305,22163,22166,22164,1,-1
2024-08-27 15:29:05.573,22164,22166,22164,1,-1
2024-08-27 15:29:05.931,22163,22164,22164,1,1
2024-08-27 15:29:06.131,22163,22165,22165,1,1
2024-08-27 15:29:06.291,22163,22166,22166,1,1
2024-08-27 15:29:06.458,22163,22166,22166,1,1
2024-08-27 15:29:06.631,22163,22166,22165,1,1
2024-08-27 15:29:06.800,22163,22166,22166,1,1
2024-08-27 15:29:06.968,22164,22167,22167,1,1
2024-08-27 15:29:07.136,22165,22167,22167,1,1
2024-08-27 15:29:07.311,22165,22167,22167,1,1
2024-08-27 15:29:07.451,22165,22168,22168,1,1
2024-08-27 15:29:07.599,22165,22168,22168,1,1
2024-08-27 15:29:07.736,22165,22168,22168,1,1
2024-08-27 15:29:07.898,22165,22168,22168,1,1
2024-08-27 15:29:08.045,22165,22168,22168,1,1
2024-08-27 15:29:08.213,22165,22168,22168,1,1
2024-08-27 15:29:08.372,22166,22169,22169,1,1
2024-08-27 15:29:08.508,22166,22169,22169,1,1
2024-08-27 15:29:08.534,22166,22169,22166,1,-1
2024-08-27 15:29:08.633,22166,22168,22168,1,1
2024-08-27 15:29:08.775,22166,22169,22166,1,-1
2024-08-27 15:29:08.787,22166,22169,22168,1,1
2024-08-27 15:29:08.939,22166,22168,22168,1,1
2024-08-27 15:29:14.482,22166,22168,22168,2,2
2024-08-27 15:29:15.329,22167,22169,22167,1,-1
2024-08-27 15:29:16.566,22167,22169,22169,1,1
2024-08-27 15:29:16.567,22167,22169,22169,1,1
2024-08-27 15:29:20.652,22167,22170,22170,1,1
2024-08-27 15:29:22.846,22166,22169,22169,5,5
2024-08-27 15:29:22.846,22166,22169,22170,5,5
2024-08-27 15:29:22.987,22168,22171,22171,1,1
2024-08-27 15:29:28.983,22168,22171,22171,1,1
2024-08-27 15:29:31.076,22169,22172,22173,1,1
2024-08-27 15:29:31.076,22169,22172,22172,10,10
2024-08-27 15:29:33.309,22169,22172,22172,1,1
2024-08-27 15:29:39.298,22169,22171,22169,1,-1
2024-08-27 15:29:50.082,22167,22169,22167,1,-1
2024-08-27 15:29:58.153,22167,22169,22167,1,-1
2024-08-27 15:30:00.002,22167,22168,22167,1,-1
2024-08-27 15:30:00.056,22167,22168,22168,1,1
2024-08-27 15:30:00.385,22166,22169,22170,10,10
2024-08-27 15:30:00.385,22166,22169,22169,2,2
2024-08-27 15:30:00.489,22169,22172,22172,1,1
2024-08-27 15:30:00.589,22169,22172,22172,1,1
2024-08-27 15:30:01.090,22169,22172,22171,1,1
2024-08-27 15:30:03.273,22170,22173,22173,3,3
2024-08-27 15:30:06.357,22169,22172,22172,1,1
2024-08-27 15:30:09.879,22171,22172,22172,1,1
2024-08-27 15:30:09.879,22171,22172,22172,1,1
2024-08-27 15:30:09.879,22171,22172,22172,1,1
2024-08-27 15:30:11.571,22170,22173,22170,1,-1
2024-08-27 15:30:13.560,22170,22172,22172,1,1
2024-08-27 15:30:13.908,22170,22172,22172,7,7
2024-08-27 15:30:14.857,22171,22173,22173,1,1
2024-08-27 15:30:18.422,22171,22173,22172,1,1
2024-08-27 15:30:20.324,22171,22172,22171,1,-1
2024-08-27 15:30:20.978,22171,22172,22172,1,1
2024-08-27 15:30:22.756,22171,22173,22171,1,-1
2024-08-27 15:30:23.231,22170,22172,22172,1,1
2024-08-27 15:30:23.359,22170,22172,22170,1,-1
2024-08-27 15:30:24.053,22170,22172,22172,1,1
2024-08-27 15:30:25.392,22171,22172,22171,1,-1
2024-08-27 15:30:36.132,22169,22170,22169,1,-1
2024-08-27 15:30:36.132,22169,22170,22169,1,-1
2024-08-27 15:30:36.271,22168,22169,22168,2,-2
2024-08-27 15:30:37.621,22166,22169,22169,1,1
2024-08-27 15:30:38.544,22169,22170,22170,1,1
2024-08-27 15:30:40.604,22169,22170,22170,1,1
2024-08-27 15:30:40.758,22169,22171,22171,1,1
2024-08-27 15:30:45.333,22170,22172,22169,4,-4
2024-08-27 15:30:45.333,22170,22172,22168,1,-1
2024-08-27 15:30:45.333,22170,22172,22170,2,-2
2024-08-27 15:30:59.306,22169,22170,22169,1,-1
2024-08-27 15:31:00.616,22168,22170,22170,1,1
2024-08-27 15:31:00.725,22170,22172,22170,1,-1
2024-08-27 15:31:01.404,22168,22171,22171,2,2
2024-08-27 15:31:02.005,22169,22172,22169,1,-1
2024-08-27 15:31:07.904,22169,22170,22169,1,-1
2024-08-27 15:31:08.424,22168,22169,22168,1,-1
2024-08-27 15:31:10.550,22166,22169,22166,1,-1
2024-08-27 15:31:10.755,22167,22169,22167,1,-1
2024-08-27 15:31:10.978,22166,22169,22166,1,-1
2024-08-27 15:31:13.822,22166,22168,22166,2,-2
2024-08-27 15:31:45.719,22166,22168,22168,1,1
2024-08-27 15:31:45.762,22166,22168,22169,1,1
2024-08-27 15:31:45.783,22166,22168,22169,2,2
2024-08-27 15:31:48.092,22168,22171,22169,1,-1
2024-08-27 15:31:48.694,22168,22170,22170,1,1
2024-08-27 15:31:54.894,22170,22171,22171,2,2
2024-08-27 15:31:54.895,22170,22171,22171,2,2
2024-08-27 15:31:59.690,22170,22172,22172,7,7
2024-08-27 15:32:00.866,22171,22173,22171,1,-1
2024-08-27 15:32:01.065,22171,22173,22173,4,4
2024-08-27 15:32:01.097,22173,22174,22174,1,1
2024-08-27 15:32:01.097,22173,22174,22174,2,2
2024-08-27 15:32:01.097,22173,22174,22174,1,1
2024-08-27 15:32:01.098,22173,22174,22175,22,22
2024-08-27 15:32:01.098,22173,22174,22176,2,2
2024-08-27 15:32:01.099,22173,22174,22176,1,1
2024-08-27 15:32:02.171,22174,22175,22174,1,-1
2024-08-27 15:32:02.494,22173,22175,22175,1,1
2024-08-27 15:32:03.462,22173,22175,22175,1,1
2024-08-27 15:32:03.910,22173,22175,22175,2,2
2024-08-27 15:32:03.910,22173,22175,22174,1,1
2024-08-27 15:32:05.670,22174,22176,22176,2,2
2024-08-27 15:32:05.671,22174,22176,22177,5,5
2024-08-27 15:32:05.671,22174,22176,22177,1,1
2024-08-27 15:32:05.672,22174,22176,22177,3,3
2024-08-27 15:32:05.672,22174,22176,22177,4,4
2024-08-27 15:32:05.673,22174,22176,22178,8,8
2024-08-27 15:32:07.216,22177,22178,22177,1,-1
2024-08-27 15:32:07.216,22177,22178,22176,1,-1
2024-08-27 15:32:08.377,22177,22178,22178,1,1
2024-08-27 15:32:09.179,22177,22178,22178,2,2
2024-08-27 15:32:09.179,22177,22178,22179,2,2
2024-08-27 15:32:09.264,22177,22179,22179,2,2
2024-08-27 15:32:09.651,22177,22178,22178,1,1
2024-08-27 15:32:10.464,22177,22178,22177,3,-3
2024-08-27 15:32:10.471,22177,22178,22176,1,-1
2024-08-27 15:32:10.471,22177,22178,22176,1,-1
2024-08-27 15:32:10.471,22177,22178,22176,3,-3
2024-08-27 15:32:10.632,22175,22176,22177,4,4
2024-08-27 15:32:10.632,22175,22176,22176,4,4
2024-08-27 15:32:10.633,22175,22176,22177,1,1
2024-08-27 15:32:12.128,22175,22177,22177,2,2
2024-08-27 15:32:12.961,22175,22177,22177,1,1
2024-08-27 15:32:13.071,22175,22177,22177,2,2
2024-08-27 15:32:18.880,22175,22176,22176,1,1
2024-08-27 15:32:21.195,22179,22180,22177,3,-3
2024-08-27 15:32:21.196,22179,22180,22178,9,-9
2024-08-27 15:32:21.198,22179,22180,22179,1,-1
2024-08-27 15:32:21.198,22179,22180,22180,2,2
2024-08-27 15:32:21.198,22179,22180,22179,1,-1
2024-08-27 15:32:21.199,22179,22180,22180,13,13
2024-08-27 15:32:21.200,22179,22180,22181,5,5
2024-08-27 15:32:21.341,22180,22182,22181,1,1
2024-08-27 15:32:21.348,22180,22182,22180,1,-1
2024-08-27 15:32:21.548,22180,22182,22182,2,2
2024-08-27 15:32:23.138,22179,22181,22178,1,-1
2024-08-27 15:32:25.518,22178,22180,22180,1,1
2024-08-27 15:32:36.339,22177,22180,22180,6,6
2024-08-27 15:32:36.339,22177,22180,22179,1,1
2024-08-27 15:32:36.340,22177,22180,22180,2,2
2024-08-27 15:32:40.946,22178,22180,22180,1,1
2024-08-27 15:32:41.472,22178,22180,22180,5,5
2024-08-27 15:32:41.799,22178,22180,22178,2,-2
2024-08-27 15:32:43.295,22179,22180,22179,1,-1
2024-08-27 15:32:43.298,22179,22180,22180,3,3
2024-08-27 15:32:44.496,22178,22180,22180,2,2
2024-08-27 15:32:50.586,22179,22180,22180,3,3
2024-08-27 15:32:54.567,22179,22181,22181,1,1
2024-08-27 15:32:54.567,22179,22181,22182,2,2
2024-08-27 15:32:54.606,22180,22182,22182,2,2
2024-08-27 15:32:54.628,22180,22182,22182,2,2
2024-08-27 15:32:58.056,22180,22182,22182,1,1
2024-08-27 15:32:58.634,22180,22183,22183,3,3
2024-08-27 15:32:58.704,22180,22183,22183,1,1
2024-08-27 15:32:58.719,22180,22183,22183,1,1
2024-08-27 15:32:58.726,22180,22183,22183,1,1
2024-08-27 15:32:58.735,22180,22183,22183,1,1
2024-08-27 15:32:58.764,22180,22183,22184,1,1
2024-08-27 15:32:58.827,22181,22184,22184,1,1
2024-08-27 15:32:58.833,22181,22184,22184,1,1
2024-08-27 15:32:58.838,22181,22184,22184,2,2
2024-08-27 15:32:58.844,22181,22184,22184,1,1
2024-08-27 15:32:58.846,22181,22184,22183,1,1
2024-08-27 15:32:58.852,22181,22184,22184,1,1
2024-08-27 15:32:58.853,22181,22184,22184,1,1
2024-08-27 15:32:58.853,22181,22184,22184,2,2
2024-08-27 15:32:58.853,22181,22184,22184,6,6
2024-08-27 15:32:58.853,22181,22184,22184,4,4
2024-08-27 15:32:58.854,22181,22184,22185,1,1
2024-08-27 15:32:58.854,22181,22184,22185,4,4
2024-08-27 15:32:58.854,22181,22184,22185,2,2
2024-08-27 15:32:58.856,22181,22184,22186,1,1
2024-08-27 15:32:58.859,22181,22184,22185,1,1
2024-08-27 15:32:58.865,22181,22184,22186,2,2
2024-08-27 15:32:58.875,22181,22184,22184,1,1
2024-08-27 15:32:58.881,22181,22184,22186,1,1
2024-08-27 15:32:58.882,22181,22184,22186,2,2
2024-08-27 15:32:58.891,22181,22184,22186,4,4
2024-08-27 15:32:58.891,22181,22184,22187,6,6
2024-08-27 15:32:58.896,22181,22184,22187,2,2
2024-08-27 15:32:58.900,22181,22184,22188,1,1
2024-08-27 15:32:58.901,22181,22184,22188,1,1
2024-08-27 15:32:58.902,22181,22184,22188,1,1
2024-08-27 15:32:58.902,22181,22184,22188,3,3
2024-08-27 15:32:58.903,22181,22184,22188,16,16
2024-08-27 15:32:58.903,22181,22184,22189,5,5
2024-08-27 15:32:58.904,22181,22184,22190,1,1
2024-08-27 15:32:58.904,22181,22184,22189,1,1
2024-08-27 15:32:58.905,22181,22184,22190,10,10
2024-08-27 15:32:58.905,22181,22184,22190,2,2
2024-08-27 15:32:58.905,22181,22184,22190,1,1
2024-08-27 15:32:58.906,22181,22184,22191,1,1
2024-08-27 15:32:58.906,22181,22184,22191,1,1
2024-08-27 15:32:58.906,22181,22184,22191,3,3
2024-08-27 15:32:58.917,22181,22184,22192,1,1
2024-08-27 15:32:58.917,22181,22184,22192,2,2
2024-08-27 15:32:58.917,22181,22184,22192,2,2
2024-08-27 15:32:58.929,22181,22184,22191,1,1
2024-08-27 15:32:58.946,22181,22184,22191,1,1
2024-08-27 15:32:58.965,22190,22193,22193,1,1
2024-08-27 15:32:58.976,22190,22193,22193,1,1
2024-08-27 15:32:58.976,22190,22193,22193,3,3
2024-08-27 15:32:58.976,22190,22193,22193,1,1
2024-08-27 15:32:58.977,22190,22193,22193,2,2
2024-08-27 15:32:58.979,22190,22193,22193,2,2
2024-08-27 15:32:58.980,22190,22193,22194,1,1
2024-08-27 15:32:58.993,22190,22193,22194,1,1
2024-08-27 15:32:58.996,22190,22193,22194,1,1
2024-08-27 15:32:58.997,22190,22193,22194,2,2
2024-08-27 15:32:59.000,22190,22193,22194,1,1
2024-08-27 15:32:59.000,22190,22193,22194,3,3
2024-08-27 15:32:59.001,22190,22193,22193,2,2
2024-08-27 15:32:59.003,22190,22193,22195,1,1
2024-08-27 15:32:59.028,22190,22193,22193,1,1
2024-08-27 15:32:59.062,22190,22193,22194,1,1
2024-08-27 15:32:59.062,22190,22193,22194,1,1
2024-08-27 15:32:59.088,22192,22194,22192,3,-3
2024-08-27 15:32:59.095,22192,22194,22193,1,-1
2024-08-27 15:32:59.104,22192,22194,22193,1,-1
2024-08-27 15:32:59.104,22192,22194,22194,1,1
2024-08-27 15:32:59.119,22192,22194,22194,1,1
2024-08-27 15:32:59.130,22192,22194,22194,1,1
2024-08-27 15:32:59.161,22192,22194,22194,2,2
2024-08-27 15:32:59.161,22192,22194,22195,5,5
2024-08-27 15:32:59.161,22192,22194,22196,3,3
2024-08-27 15:32:59.165,22192,22194,22196,1,1
2024-08-27 15:32:59.178,22192,22194,22191,2,-2
2024-08-27 15:32:59.185,22192,22194,22195,1,1
2024-08-27 15:32:59.205,22191,22195,22195,2,2
2024-08-27 15:32:59.206,22191,22195,22196,10,10
2024-08-27 15:32:59.220,22191,22195,22192,1,-1
2024-08-27 15:32:59.248,22191,22195,22195,1,1
2024-08-27 15:32:59.249,22191,22195,22191,1,-1
2024-08-27 15:32:59.249,22191,22195,22191,1,-1
2024-08-27 15:32:59.257,22191,22195,22194,3,3
2024-08-27 15:32:59.265,22191,22195,22195,1,1
2024-08-27 15:32:59.267,22191,22195,22195,1,1
2024-08-27 15:32:59.271,22191,22195,22195,1,1
2024-08-27 15:32:59.272,22191,22195,22192,1,-1
2024-08-27 15:32:59.272,22191,22195,22192,1,-1
2024-08-27 15:32:59.295,22191,22195,22195,1,1
2024-08-27 15:32:59.295,22191,22195,22192,1,-1
2024-08-27 15:32:59.296,22191,22195,22194,1,1
2024-08-27 15:32:59.296,22191,22195,22195,1,1
2024-08-27 15:32:59.296,22191,22195,22192,1,-1
2024-08-27 15:32:59.308,22191,22195,22194,2,2
2024-08-27 15:32:59.308,22191,22195,22192,1,-1
2024-08-27 15:32:59.325,22191,22194,22191,1,-1
2024-08-27 15:32:59.360,22191,22194,22193,1,1
2024-08-27 15:32:59.361,22191,22194,22194,1,1
2024-08-27 15:32:59.386,22191,22194,22194,1,1
2024-08-27 15:32:59.386,22191,22194,22192,1,-1
2024-08-27 15:32:59.387,22191,22194,22192,1,-1
2024-08-27 15:32:59.404,22191,22194,22194,1,1
2024-08-27 15:32:59.404,22191,22194,22192,1,-1
2024-08-27 15:32:59.405,22191,22194,22194,1,1
2024-08-27 15:32:59.407,22191,22194,22192,1,-1
2024-08-27 15:32:59.414,22191,22194,22194,1,1
2024-08-27 15:32:59.415,22191,22194,22194,1,1
2024-08-27 15:32:59.416,22191,22194,22192,1,-1
2024-08-27 15:32:59.433,22191,22194,22194,1,1
2024-08-27 15:32:59.491,22191,22194,22191,2,-2
2024-08-27 15:32:59.503,22191,22194,22194,1,1
2024-08-27 15:32:59.558,22191,22194,22194,1,1
2024-08-27 15:32:59.650,22192,22195,22193,1,-1
2024-08-27 15:32:59.750,22191,22195,22191,1,-1
2024-08-27 15:32:59.838,22192,22193,22193,1,1
2024-08-27 15:32:59.867,22192,22193,22193,1,1
2024-08-27 15:32:59.867,22192,22193,22193,2,2
2024-08-27 15:32:59.867,22192,22193,22194,2,2
2024-08-27 15:32:59.867,22192,22193,22195,2,2
2024-08-27 15:32:59.867,22192,22193,22196,6,6
2024-08-27 15:32:59.869,22192,22193,22194,1,1
2024-08-27 15:32:59.869,22192,22193,22195,1,1
2024-08-27 15:32:59.869,22192,22193,22193,1,1
2024-08-27 15:32:59.872,22192,22193,22195,1,1
2024-08-27 15:32:59.872,22192,22193,22195,1,1
2024-08-27 15:33:00.051,22192,22195,22195,1,1
2024-08-27 15:33:00.080,22192,22195,22195,1,1
2024-08-27 15:33:00.080,22192,22195,22195,1,1
2024-08-27 15:33:00.080,22192,22195,22195,1,1
2024-08-27 15:33:00.081,22192,22195,22195,1,1
2024-08-27 15:33:00.081,22192,22195,22196,1,1
2024-08-27 15:33:00.081,22192,22195,22193,2,-2
2024-08-27 15:33:00.188,22192,22195,22195,5,5
2024-08-27 15:33:00.188,22192,22195,22196,7,7
2024-08-27 15:33:00.190,22192,22195,22193,2,-2
2024-08-27 15:33:00.267,22192,22195,22192,1,-1
2024-08-27 15:33:00.377,22192,22195,22192,2,-2
2024-08-27 15:33:00.696,22192,22194,22192,1,-1
2024-08-27 15:33:00.747,22191,22194,22194,1,1
2024-08-27 15:33:00.747,22191,22194,22195,2,2
2024-08-27 15:33:00.793,22191,22194,22195,1,1
2024-08-27 15:33:00.807,22191,22194,22195,1,1
2024-08-27 15:33:01.194,22192,22195,22192,1,-1
2024-08-27 15:33:01.202,22191,22194,22195,1,1
2024-08-27 15:33:01.202,22191,22194,22196,1,1
2024-08-27 15:33:01.202,22191,22194,22194,1,1
2024-08-27 15:33:01.208,22191,22194,22195,1,1
2024-08-27 15:33:02.786,22193,22195,22194,1,1
2024-08-27 15:33:03.396,22193,22194,22193,1,-1
2024-08-27 15:33:04.385,22192,22194,22192,2,-2
2024-08-27 15:33:04.934,22192,22194,22192,1,-1
2024-08-27 15:33:05.101,22192,22194,22192,1,-1
2024-08-27 15:33:05.511,22191,22193,22193,1,1
2024-08-27 15:33:05.736,22191,22194,22191,3,-3
2024-08-27 15:33:05.736,22191,22194,22190,4,-4
2024-08-27 15:33:06.965,22190,22192,22190,2,-2
2024-08-27 15:33:07.871,22189,22191,22189,1,-1
2024-08-27 15:33:07.951,22188,22191,22191,1,1
2024-08-27 15:33:07.951,22188,22191,22191,1,1
2024-08-27 15:33:07.952,22188,22191,22193,1,1
2024-08-27 15:33:07.952,22188,22191,22193,1,1
2024-08-27 15:33:07.952,22188,22191,22193,1,1
2024-08-27 15:33:07.952,22188,22191,22192,1,1
2024-08-27 15:33:07.952,22188,22191,22192,1,1
2024-08-27 15:33:07.952,22188,22191,22192,1,1
2024-08-27 15:33:07.952,22188,22191,22192,1,1
2024-08-27 15:33:07.952,22188,22191,22191,1,1
2024-08-27 15:33:07.952,22188,22191,22192,1,1
2024-08-27 15:33:07.956,22188,22191,22193,1,1
2024-08-27 15:33:08.012,22188,22191,22191,3,3
2024-08-27 15:33:08.437,22190,22191,22190,3,-3
2024-08-27 15:33:09.666,22190,22191,22190,1,-1
2024-08-27 15:33:10.881,22189,22191,22189,1,-1
2024-08-27 15:33:16.944,22189,22191,22189,1,-1
2024-08-27 15:33:16.944,22189,22191,22189,1,-1
2024-08-27 15:33:16.945,22189,22191,22190,3,-3
2024-08-27 15:33:16.945,22189,22191,22191,1,1
2024-08-27 15:33:16.945,22189,22191,22188,2,-2
2024-08-27 15:33:18.292,22188,22191,22189,1,-1
2024-08-27 15:33:18.292,22188,22191,22189,1,-1
2024-08-27 15:33:18.293,22188,22191,22189,1,-1
2024-08-27 15:33:19.204,22188,22190,22189,1,-1
2024-08-27 15:33:19.326,22188,22190,22190,1,1
2024-08-27 15:33:19.327,22188,22190,22191,1,1
2024-08-27 15:33:19.327,22188,22190,22190,1,1
2024-08-27 15:33:24.076,22186,22189,22189,1,1
2024-08-27 15:33:26.663,22187,22189,22187,5,-5
2024-08-27 15:33:28.449,22185,22186,22185,1,-1
2024-08-27 15:33:32.114,22184,22186,22186,1,1
2024-08-27 15:33:32.699,22184,22185,22184,1,-1
2024-08-27 15:33:33.138,22183,22185,22183,1,-1
2024-08-27 15:33:33.818,22183,22185,22183,1,-1
2024-08-27 15:33:33.865,22181,22183,22181,1,-1
2024-08-27 15:33:39.148,22181,22183,22181,1,-1
2024-08-27 15:33:45.585,22181,22182,22182,2,2
2024-08-27 15:33:45.701,22181,22182,22182,1,1
2024-08-27 15:33:45.702,22181,22182,22182,1,1
2024-08-27 15:33:46.076,22181,22183,22181,1,-1
2024-08-27 15:33:46.076,22181,22183,22180,2,-2
2024-08-27 15:33:49.253,22180,22182,22182,2,2
2024-08-27 15:33:49.253,22180,22182,22183,14,14
2024-08-27 15:33:50.148,22180,22183,22180,1,-1
2024-08-27 15:33:50.493,22180,22183,22183,1,1
2024-08-27 15:33:53.388,22180,22181,22183,2,2
2024-08-27 15:33:53.388,22180,22181,22181,2,2
2024-08-27 15:33:54.880,22180,22183,22180,4,-4
2024-08-27 15:34:00.156,22180,22183,22180,1,-1
2024-08-27 15:34:00.400,22179,22181,22181,1,1
2024-08-27 15:34:02.963,22180,22181,22180,2,-2
2024-08-27 15:34:02.963,22180,22181,22180,4,-4
2024-08-27 15:34:11.127,22178,22181,22178,2,-2
2024-08-27 15:34:12.766,22178,22180,22178,1,-1
2024-08-27 15:34:12.976,22178,22180,22178,1,-1
2024-08-27 15:34:12.976,22178,22180,22178,2,-2
2024-08-27 15:34:13.051,22178,22180,22177,2,-2
2024-08-27 15:34:13.097,22176,22178,22176,3,-3
2024-08-27 15:34:15.595,22176,22177,22177,1,1
2024-08-27 15:34:17.346,22177,22179,22177,1,-1
2024-08-27 15:34:18.969,22176,22179,22176,1,-1
2024-08-27 15:34:20.941,22178,22180,22178,1,-1
2024-08-27 15:34:22.669,22178,22180,22180,2,2
2024-08-27 15:34:22.669,22178,22180,22181,1,1
2024-08-27 15:34:23.500,22179,22181,22179,1,-1
2024-08-27 15:34:24.835,22178,22181,22178,2,-2
2024-08-27 15:34:25.382,22177,22180,22177,1,-1
2024-08-27 15:34:27.497,22177,22180,22177,1,-1
2024-08-27 15:34:32.616,22179,22181,22179,1,-1
2024-08-27 15:34:33.813,22178,22181,22179,1,-1
2024-08-27 15:34:34.391,22178,22180,22180,1,1
2024-08-27 15:34:36.326,22179,22180,22180,2,2
2024-08-27 15:34:40.911,22179,22181,22181,1,1
2024-08-27 15:34:45.408,22179,22181,22180,2,2
2024-08-27 15:34:52.163,22180,22181,22180,3,-3
2024-08-27 15:34:53.392,22179,22181,22179,1,-1
2024-08-27 15:34:57.314,22178,22180,22178,3,-3
2024-08-27 15:34:57.314,22178,22180,22178,3,-3
2024-08-27 15:34:57.315,22178,22180,22177,1,-1
2024-08-27 15:34:57.384,22177,22178,22177,8,-8
2024-08-27 15:35:01.237,22176,22178,22176,2,-2
2024-08-27 15:35:01.749,22174,22177,22177,3,3
2024-08-27 15:35:04.450,22177,22178,22177,2,-2
2024-08-27 15:35:06.886,22177,22178,22178,1,1
2024-08-27 15:35:06.980,22178,22180,22180,4,4
2024-08-27 15:35:07.701,22179,22181,22181,1,1
2024-08-27 15:35:08.429,22178,22181,22178,1,-1
2024-08-27 15:35:10.924,22178,22181,22178,5,-5
2024-08-27 15:35:10.924,22178,22181,22177,2,-2
2024-08-27 15:35:19.841,22180,22181,22180,1,-1
2024-08-27 15:35:21.800,22179,22181,22181,3,3
2024-08-27 15:35:21.800,22179,22181,22181,1,1
2024-08-27 15:35:25.635,22181,22182,22181,1,-1
2024-08-27 15:35:26.012,22181,22182,22181,1,-1
2024-08-27 15:35:26.748,22181,22182,22182,1,1
2024-08-27 15:35:26.748,22181,22182,22182,1,1
2024-08-27 15:35:29.918,22181,22183,22183,1,1
2024-08-27 15:35:31.377,22182,22183,22182,1,-1
2024-08-27 15:35:33.637,22182,22183,22182,3,-3
2024-08-27 15:35:35.123,22181,22182,22182,1,1
2024-08-27 15:35:39.632,22181,22182,22182,1,1
2024-08-27 15:35:44.154,22181,22182,22182,1,1
2024-08-27 15:35:44.154,22181,22182,22183,2,2
2024-08-27 15:35:46.896,22181,22183,22183,1,1
2024-08-27 15:35:46.999,22181,22183,22183,1,1
2024-08-27 15:35:55.228,22183,22184,22184,1,1
2024-08-27 15:35:55.228,22183,22184,22184,3,3
2024-08-27 15:35:55.228,22183,22184,22184,2,2
2024-08-27 15:35:55.228,22183,22184,22184,1,1
2024-08-27 15:36:02.767,22184,22185,22185,6,6
2024-08-27 15:36:02.767,22184,22185,22185,3,3
2024-08-27 15:36:03.570,22184,22186,22184,1,-1
2024-08-27 15:36:04.054,22184,22186,22186,3,3
2024-08-27 15:36:04.137,22186,22187,22187,1,1
2024-08-27 15:36:04.137,22186,22187,22187,2,2
2024-08-27 15:36:05.139,22186,22188,22188,1,1
2024-08-27 15:36:07.973,22185,22188,22185,2,-2
2024-08-27 15:36:08.094,22185,22187,22185,1,-1
2024-08-27 15:36:08.837,22185,22188,22188,2,2
2024-08-27 15:36:10.037,22186,22189,22189,2,2
2024-08-27 15:36:11.011,22187,22190,22190,2,2
2024-08-27 15:36:11.172,22188,22190,22190,2,2
2024-08-27 15:36:11.358,22188,22190,22188,2,-2
2024-08-27 15:36:11.541,22188,22190,22188,2,-2
2024-08-27 15:36:11.541,22188,22190,22187,1,-1
2024-08-27 15:36:12.082,22188,22189,22188,1,-1
2024-08-27 15:36:20.197,22185,22187,22187,3,3
2024-08-27 15:36:21.928,22185,22187,22185,1,-1
2024-08-27 15:36:21.928,22185,22187,22185,1,-1
2024-08-27 15:36:21.928,22185,22187,22185,6,-6
2024-08-27 15:36:28.326,22183,22185,22185,1,1
2024-08-27 15:36:30.077,22183,22184,22183,1,-1
2024-08-27 15:36:38.441,22182,22183,22182,1,-1
2024-08-27 15:36:39.660,22182,22183,22182,2,-2
2024-08-27 15:36:40.596,22181,22183,22183,1,1
2024-08-27 15:36:40.937,22181,22184,22182,1,-1
2024-08-27 15:36:43.809,22182,22185,22185,3,3
2024-08-27 15:36:48.031,22185,22186,22185,1,-1
2024-08-27 15:36:50.204,22184,22186,22186,1,1
2024-08-27 15:36:51.342,22185,22188,22185,1,-1
2024-08-27 15:36:52.872,22185,22188,22188,2,2
2024-08-27 15:37:06.242,22185,22187,22187,2,2
2024-08-27 15:37:06.742,22185,22187,22187,2,2
2024-08-27 15:37:09.877,22185,22187,22185,5,-5
2024-08-27 15:37:09.878,22185,22187,22185,4,-4
2024-08-27 15:37:18.396,22183,22185,22182,6,-6
2024-08-27 15:37:18.396,22183,22185,22183,5,-5
2024-08-27 15:37:21.986,22182,22183,22183,3,3
2024-08-27 15:37:22.156,22182,22183,22182,1,-1
2024-08-27 15:37:22.156,22182,22183,22182,2,-2
2024-08-27 15:37:22.314,22180,22183,22183,1,1
2024-08-27 15:37:28.073,22182,22183,22183,7,7
2024-08-27 15:37:38.442,22183,22185,22185,1,1
2024-08-27 15:37:50.507,22183,22185,22185,1,1
2024-08-27 15:38:06.939,22183,22185,22183,1,-1
2024-08-27 15:38:08.753,22183,22184,22184,1,1
2024-08-27 15:38:09.370,22183,22184,22183,1,-1
2024-08-27 15:38:11.692,22182,22184,22184,2,2
2024-08-27 15:38:11.692,22182,22184,22185,11,11
2024-08-27 15:38:11.693,22182,22184,22185,1,1
2024-08-27 15:38:12.237,22185,22186,22186,1,1
2024-08-27 15:38:12.688,22185,22186,22186,1,1
2024-08-27 15:38:16.143,22185,22186,22185,1,-1
2024-08-27 15:38:16.144,22185,22186,22185,1,-1
2024-08-27 15:38:16.144,22185,22186,22185,1,-1
2024-08-27 15:38:16.144,22185,22186,22185,2,-2
2024-08-27 15:38:21.040,22185,22186,22185,2,-2
2024-08-27 15:38:21.667,22185,22186,22185,1,-1
2024-08-27 15:38:21.754,22185,22186,22185,1,-1
2024-08-27 15:38:30.061,22185,22186,22186,1,1
2024-08-27 15:38:30.062,22185,22186,22186,3,3
2024-08-27 15:38:36.616,22186,22187,22186,1,-1
2024-08-27 15:38:37.007,22185,22187,22187,1,1
2024-08-27 15:38:41.717,22185,22187,22187,3,3
2024-08-27 15:38:44.363,22185,22187,22187,1,1
2024-08-27 15:38:46.459,22186,22187,22186,2,-2
2024-08-27 15:38:46.986,22186,22187,22187,1,1
2024-08-27 15:38:46.986,22186,22187,22187,5,5
2024-08-27 15:38:48.807,22187,22188,22188,1,1
2024-08-27 15:38:48.807,22187,22188,22188,2,2
2024-08-27 15:38:48.807,22187,22188,22188,1,1
2024-08-27 15:38:48.808,22187,22188,22189,2,2
2024-08-27 15:38:48.810,22187,22188,22189,1,1
2024-08-27 15:38:48.810,22187,22188,22190,1,1
2024-08-27 15:38:49.526,22189,22191,22191,12,12
2024-08-27 15:38:49.527,22189,22191,22191,4,4
2024-08-27 15:38:50.354,22189,22192,22192,2,2
2024-08-27 15:38:53.907,22190,22192,22192,1,1
2024-08-27 15:38:54.926,22190,22192,22192,1,1
2024-08-27 15:38:59.831,22189,22192,22190,1,-1
2024-08-27 15:39:01.374,22190,22192,22190,1,-1
2024-08-27 15:39:01.776,22190,22192,22192,1,1
2024-08-27 15:39:05.549,22190,22191,22190,2,-2
2024-08-27 15:39:06.014,22190,22191,22191,1,1
2024-08-27 15:39:06.017,22190,22191,22192,6,6
2024-08-27 15:39:06.020,22190,22191,22193,5,5
2024-08-27 15:39:06.020,22190,22191,22193,1,1
2024-08-27 15:39:06.199,22192,22194,22194,2,2
2024-08-27 15:39:06.500,22194,22195,22195,1,1
2024-08-27 15:39:07.077,22194,22196,22196,1,1
2024-08-27 15:39:07.145,22194,22196,22194,1,-1
2024-08-27 15:39:07.215,22194,22196,22196,1,1
2024-08-27 15:39:07.306,22194,22196,22196,1,1
2024-08-27 15:39:07.377,22194,22196,22196,1,1
2024-08-27 15:39:07.675,22194,22196,22196,1,1
2024-08-27 15:39:09.077,22194,22196,22196,1,1
2024-08-27 15:39:10.076,22194,22196,22196,3,3
2024-08-27 15:39:10.186,22194,22196,22196,1,1
2024-08-27 15:39:10.791,22195,22196,22195,1,-1
2024-08-27 15:39:11.595,22194,22196,22195,1,-1
2024-08-27 15:39:11.908,22194,22196,22196,2,2
2024-08-27 15:39:12.016,22194,22197,22197,1,1
2024-08-27 15:39:12.090,22194,22197,22197,1,1
2024-08-27 15:39:12.176,22194,22197,22197,2,2
2024-08-27 15:39:12.249,22194,22197,22197,1,1
2024-08-27 15:39:12.450,22195,22198,22198,1,1
2024-08-27 15:39:12.515,22195,22198,22196,1,-1
2024-08-27 15:39:12.593,22196,22198,22198,1,1
2024-08-27 15:39:14.347,22195,22198,22198,1,1
2024-08-27 15:39:15.093,22195,22196,22196,1,1
2024-08-27 15:39:15.234,22195,22196,22195,1,-1
2024-08-27 15:39:16.527,22194,22196,22196,1,1
2024-08-27 15:39:17.588,22194,22196,22196,2,2
2024-08-27 15:39:18.729,22194,22195,22194,1,-1
2024-08-27 15:39:18.729,22194,22195,22194,1,-1
2024-08-27 15:39:20.422,22193,22195,22195,3,3
2024-08-27 15:39:23.432,22193,22195,22195,5,5
2024-08-27 15:39:24.450,22193,22195,22195,2,2
2024-08-27 15:39:24.450,22193,22195,22196,1,1
2024-08-27 15:39:27.033,22193,22195,22193,1,-1
2024-08-27 15:39:27.033,22193,22195,22193,1,-1
2024-08-27 15:39:29.510,22192,22195,22192,1,-1
2024-08-27 15:39:29.576,22192,22194,22194,1,1
2024-08-27 15:39:34.347,22191,22193,22193,1,1
2024-08-27 15:39:34.721,22191,22192,22191,1,-1
2024-08-27 15:39:34.722,22191,22192,22191,1,-1
2024-08-27 15:39:34.948,22189,22192,22189,1,-1
2024-08-27 15:39:35.695,22189,22192,22189,1,-1
2024-08-27 15:39:36.859,22189,22192,22189,1,-1
2024-08-27 15:39:37.143,22189,22192,22189,1,-1
2024-08-27 15:39:43.023,22188,22191,22191,1,1
2024-08-27 15:39:43.692,22189,22191,22191,2,2
2024-08-27 15:39:43.692,22189,22191,22192,8,8
2024-08-27 15:39:44.560,22190,22193,22190,1,-1
2024-08-27 15:39:44.878,22190,22192,22190,1,-1
2024-08-27 15:39:48.290,22189,22192,22190,1,-1
2024-08-27 15:39:48.942,22189,22191,22191,5,5
2024-08-27 15:39:51.403,22189,22190,22190,1,1
2024-08-27 15:39:53.478,22190,22192,22192,1,1
2024-08-27 15:39:55.052,22191,22193,22191,1,-1
2024-08-27 15:40:02.714,22190,22191,22191,1,1
2024-08-27 15:40:02.852,22191,22192,22192,1,1
2024-08-27 15:40:03.090,22191,22192,22192,1,1
2024-08-27 15:40:03.202,22191,22193,22193,1,1
2024-08-27 15:40:03.235,22191,22193,22193,1,1
2024-08-27 15:40:03.289,22191,22193,22193,1,1
2024-08-27 15:40:03.393,22191,22193,22193,1,1
2024-08-27 15:40:09.976,22191,22193,22191,2,-2
2024-08-27 15:40:13.127,22190,22192,22190,2,-2
2024-08-27 15:40:13.202,22190,22192,22192,1,1
2024-08-27 15:40:13.202,22190,22192,22192,1,1
2024-08-27 15:40:16.927,22191,22192,22192,1,1
2024-08-27 15:40:19.855,22191,22193,22191,2,-2
2024-08-27 15:40:19.855,22191,22193,22191,1,-1
2024-08-27 15:40:21.285,22190,22192,22192,2,2
2024-08-27 15:40:25.416,22190,22192,22192,2,2
2024-08-27 15:40:30.500,22190,22191,22190,1,-1
2024-08-27 15:40:30.501,22190,22191,22190,2,-2
2024-08-27 15:40:30.501,22190,22191,22190,1,-1
2024-08-27 15:40:32.631,22190,22192,22190,2,-2
2024-08-27 15:40:32.702,22189,22192,22192,1,1
2024-08-27 15:40:35.382,22189,22192,22192,2,2
2024-08-27 15:40:39.739,22190,22192,22190,2,-2
2024-08-27 15:40:39.827,22189,22192,22192,1,1
2024-08-27 15:40:39.827,22189,22192,22192,1,1
2024-08-27 15:40:39.831,22189,22192,22192,1,1
2024-08-27 15:40:41.441,22190,22191,22191,1,1
2024-08-27 15:40:46.973,22190,22192,22190,1,-1
2024-08-27 15:40:51.312,22190,22192,22192,1,1
2024-08-27 15:40:51.954,22190,22191,22190,5,-5
2024-08-27 15:40:52.139,22189,22190,22190,1,1
2024-08-27 15:40:53.060,22189,22190,22189,1,-1
2024-08-27 15:40:53.060,22189,22190,22189,1,-1
2024-08-27 15:40:53.384,22188,22189,22188,2,-2
2024-08-27 15:40:53.385,22188,22189,22188,2,-2
2024-08-27 15:41:01.226,22187,22190,22187,2,-2
2024-08-27 15:41:02.328,22187,22188,22188,1,1
2024-08-27 15:41:07.544,22188,22189,22188,1,-1
2024-08-27 15:41:07.545,22188,22189,22188,1,-1
2024-08-27 15:41:07.545,22188,22189,22188,1,-1
2024-08-27 15:41:10.196,22188,22189,22188,1,-1
2024-08-27 15:41:10.202,22187,22188,22188,1,1
2024-08-27 15:41:11.073,22188,22190,22188,1,-1
2024-08-27 15:41:17.685,22187,22189,22186,1,-1
2024-08-27 15:41:17.685,22187,22189,22187,4,-4
2024-08-27 15:41:22.379,22187,22189,22187,1,-1
2024-08-27 15:41:22.639,22188,22189,22189,1,1
2024-08-27 15:41:28.698,22188,22190,22190,5,5
2024-08-27 15:41:42.785,22188,22189,22189,1,1
2024-08-27 15:41:48.310,22188,22189,22189,2,2
2024-08-27 15:41:48.310,22188,22189,22190,1,1
2024-08-27 15:41:53.183,22188,22189,22188,5,-5
2024-08-27 15:41:59.326,22186,22188,22188,2,2
2024-08-27 15:42:01.546,22187,22189,22189,1,1
2024-08-27 15:42:01.579,22186,22189,22189,1,1
2024-08-27 15:42:01.580,22186,22189,22189,1,1
2024-08-27 15:42:01.581,22186,22189,22190,1,1
2024-08-27 15:42:02.195,22187,22190,22188,1,-1
2024-08-27 15:42:02.201,22186,22189,22189,1,1
2024-08-27 15:42:02.202,22186,22189,22189,1,1
2024-08-27 15:42:02.203,22186,22189,22190,1,1
2024-08-27 15:42:02.209,22186,22189,22190,1,1
2024-08-27 15:42:05.009,22187,22190,22187,1,-1
2024-08-27 15:42:05.011,22187,22190,22187,1,-1
2024-08-27 15:42:06.820,22186,22188,22188,2,2
2024-08-27 15:42:16.465,22186,22188,22188,1,1
2024-08-27 15:42:16.577,22186,22188,22188,1,1
2024-08-27 15:42:16.577,22186,22188,22189,1,1
2024-08-27 15:42:21.434,22188,22190,22188,1,-1
2024-08-27 15:42:22.052,22187,22190,22190,1,1
2024-08-27 15:42:22.077,22187,22190,22190,1,1
2024-08-27 15:42:25.296,22188,22190,22188,1,-1
2024-08-27 15:42:26.854,22188,22190,22188,4,-4
2024-08-27 15:42:27.106,22187,22189,22189,1,1
2024-08-27 15:42:27.202,22187,22189,22189,1,1
2024-08-27 15:42:27.202,22187,22189,22190,1,1
2024-08-27 15:42:30.097,22188,22190,22190,1,1
2024-08-27 15:42:31.202,22188,22190,22189,1,1
2024-08-27 15:42:31.220,22188,22190,22188,2,-2
2024-08-27 15:42:31.220,22188,22190,22187,1,-1
2024-08-27 15:42:39.328,22186,22188,22186,1,-1
2024-08-27 15:42:40.505,22186,22188,22186,1,-1
2024-08-27 15:42:40.577,22186,22188,22188,1,1
2024-08-27 15:42:40.577,22186,22188,22188,1,1
2024-08-27 15:42:40.587,22186,22188,22189,1,1
2024-08-27 15:42:42.653,22187,22189,22189,1,1
2024-08-27 15:42:46.795,22188,22189,22189,2,2
2024-08-27 15:42:49.859,22188,22189,22188,2,-2
2024-08-27 15:42:49.860,22188,22189,22187,1,-1
2024-08-27 15:42:53.589,22187,22188,22188,1,1
2024-08-27 15:42:59.074,22187,22189,22187,1,-1
2024-08-27 15:43:01.354,22187,22189,22187,6,-6
2024-08-27 15:43:01.355,22187,22189,22186,5,-5
2024-08-27 15:43:01.356,22187,22189,22186,2,-2
2024-08-27 15:43:08.249,22186,22188,22186,1,-1
2024-08-27 15:43:09.789,22186,22187,22187,1,1
2024-08-27 15:43:09.827,22187,22188,22188,1,1
2024-08-27 15:43:10.931,22187,22188,22188,2,2
2024-08-27 15:43:11.253,22188,22189,22188,1,-1
2024-08-27 15:43:17.801,22187,22189,22189,1,1
2024-08-27 15:43:19.822,22188,22190,22190,1,1
2024-08-27 15:43:19.822,22188,22190,22190,4,4
2024-08-27 15:43:19.836,22188,22190,22190,1,1
2024-08-27 15:43:21.005,22190,22191,22190,1,-1
2024-08-27 15:43:24.268,22189,22191,22191,5,5
2024-08-27 15:43:24.268,22189,22191,22192,9,9
2024-08-27 15:43:32.659,22190,22192,22192,3,3
2024-08-27 15:43:33.032,22191,22192,22192,5,5
2024-08-27 15:43:33.033,22191,22192,22192,1,1
2024-08-27 15:43:33.034,22191,22192,22193,2,2
2024-08-27 15:43:33.034,22191,22192,22193,1,1
2024-08-27 15:43:33.034,22191,22192,22193,9,9
2024-08-27 15:43:37.167,22192,22194,22192,1,-1
2024-08-27 15:43:37.224,22191,22193,22190,3,-3
2024-08-27 15:43:40.000,22189,22192,22192,2,2
2024-08-27 15:43:40.386,22190,22192,22190,1,-1
2024-08-27 15:43:41.759,22189,22190,22189,2,-2
2024-08-27 15:43:42.736,22188,22189,22188,1,-1
2024-08-27 15:43:42.736,22188,22189,22188,1,-1
2024-08-27 15:43:51.771,22188,22189,22188,1,-1
2024-08-27 15:43:51.771,22188,22189,22187,1,-1
2024-08-27 15:43:54.211,22187,22188,22188,1,1
2024-08-27 15:44:15.064,22188,22189,22188,2,-2
2024-08-27 15:44:15.066,22188,22189,22188,1,-1
2024-08-27 15:44:15.066,22188,22189,22188,3,-3
2024-08-27 15:44:15.642,22187,22188,22187,2,-2
2024-08-27 15:44:15.642,22187,22188,22187,2,-2
2024-08-27 15:44:16.409,22186,22188,22188,1,1
2024-08-27 15:44:18.910,22186,22188,22186,1,-1
2024-08-27 15:44:18.910,22186,22188,22185,4,-4
2024-08-27 15:44:19.022,22185,22187,22185,1,-1
2024-08-27 15:44:19.088,22185,22187,22185,1,-1
2024-08-27 15:44:21.423,22185,22186,22185,1,-1
2024-08-27 15:44:24.639,22183,22184,22183,1,-1
2024-08-27 15:44:25.003,22183,22184,22183,1,-1
2024-08-27 15:44:25.249,22182,22184,22182,1,-1
2024-08-27 15:44:27.234,22182,22184,22183,1,-1
2024-08-27 15:44:28.977,22182,22183,22182,1,-1
2024-08-27 15:44:29.028,22182,22183,22183,1,1
2024-08-27 15:44:29.516,22182,22183,22183,1,1
2024-08-27 15:44:30.599,22182,22183,22183,3,3
2024-08-27 15:44:36.784,22183,22185,22185,1,1
2024-08-27 15:44:37.461,22184,22187,22184,1,-1
2024-08-27 15:44:39.793,22184,22187,22187,4,4
2024-08-27 15:44:43.993,22186,22187,22187,1,1
2024-08-27 15:44:44.994,22187,22189,22187,1,-1
2024-08-27 15:44:48.364,22186,22188,22188,1,1
2024-08-27 15:44:57.181,22187,22189,22189,2,2
2024-08-27 15:44:57.888,22188,22189,22189,1,1
2024-08-27 15:44:58.433,22188,22189,22189,1,1
2024-08-27 15:45:00.154,22188,22189,22188,1,-1
2024-08-27 15:45:00.213,22186,22188,22185,1,-1
2024-08-27 15:45:00.213,22186,22188,22185,1,-1
2024-08-27 15:45:00.213,22186,22188,22185,1,-1
2024-08-27 15:45:00.232,22186,22188,22187,1,-1
2024-08-27 15:45:00.232,22186,22188,22187,1,-1
2024-08-27 15:45:00.233,22186,22188,22187,1,-1
2024-08-27 15:45:00.234,22186,22188,22188,1,1
2024-08-27 15:45:00.234,22186,22188,22188,1,1
2024-08-27 15:45:00.328,22186,22189,22186,1,-1
2024-08-27 15:45:08.929,22185,22188,22185,2,-2
2024-08-27 15:45:08.952,22185,22187,22185,1,-1
2024-08-27 15:45:09.255,22184,22187,22187,2,2
2024-08-27 15:45:09.260,22184,22187,22188,2,2
2024-08-27 15:45:09.327,22185,22188,22185,1,-1
2024-08-27 15:45:09.327,22185,22188,22185,1,-1
2024-08-27 15:45:09.331,22185,22188,22185,1,-1
2024-08-27 15:45:09.428,22185,22188,22187,1,1
2024-08-27 15:45:09.428,22185,22188,22188,1,1
2024-08-27 15:45:09.430,22185,22188,22188,2,2
2024-08-27 15:45:17.771,22185,22188,22185,1,-1
2024-08-27 15:45:36.457,22187,22188,22187,2,-2
2024-08-27 15:45:36.577,22186,22188,22186,1,-1
2024-08-27 15:45:36.577,22186,22188,22186,1,-1
2024-08-27 15:45:40.784,22186,22188,22186,5,-5
2024-08-27 15:45:44.331,22186,22188,22188,3,3
2024-08-27 15:45:49.985,22186,22188,22186,1,-1
2024-08-27 15:45:51.906,22185,22187,22186,2,-2
2024-08-27 15:45:51.907,22185,22187,22185,2,-2
2024-08-27 15:45:51.907,22185,22187,22185,2,-2
2024-08-27 15:45:51.908,22185,22187,22185,4,-4
2024-08-27 15:45:51.908,22185,22187,22185,2,-2
2024-08-27 15:45:52.141,22183,22185,22185,1,1
2024-08-27 15:46:02.778,22185,22187,22185,1,-1
2024-08-27 15:46:02.828,22185,22187,22187,1,1
2024-08-27 15:46:02.829,22185,22187,22187,1,1
2024-08-27 15:46:04.919,22185,22188,22185,1,-1
2024-08-27 15:46:06.582,22186,22188,22186,2,-2
2024-08-27 15:46:06.582,22186,22188,22185,1,-1
2024-08-27 15:46:06.799,22184,22187,22187,1,1
2024-08-27 15:46:19.711,22187,22188,22187,3,-3
2024-08-27 15:46:21.831,22187,22188,22187,1,-1
2024-08-27 15:46:26.020,22186,22187,22186,1,-1
2024-08-27 15:46:46.707,22185,22186,22186,4,4
2024-08-27 15:46:46.708,22185,22186,22187,1,1
2024-08-27 15:46:48.583,22187,22188,22188,2,2
2024-08-27 15:46:48.584,22187,22188,22189,11,11
2024-08-27 15:46:48.719,22189,22190,22190,1,1
2024-08-27 15:46:48.719,22189,22190,22190,1,1
2024-08-27 15:46:48.954,22189,22191,22189,1,-1
2024-08-27 15:46:50.312,22189,22191,22189,1,-1
2024-08-27 15:46:50.971,22189,22191,22191,2,2
2024-08-27 15:46:52.308,22190,22192,22192,1,1
2024-08-27 15:46:59.539,22190,22192,22190,3,-3
2024-08-27 15:46:59.539,22190,22192,22189,2,-2
2024-08-27 15:47:00.009,22189,22191,22189,1,-1
2024-08-27 15:47:09.947,22187,22189,22189,1,1
2024-08-27 15:47:10.624,22187,22190,22187,1,-1
2024-08-27 15:47:18.876,22187,22189,22187,1,-1
2024-08-27 15:47:29.883,22187,22190,22187,2,-2
2024-08-27 15:48:00.182,22186,22187,22186,1,-1
2024-08-27 15:48:05.312,22185,22186,22186,1,1
2024-08-27 15:48:07.510,22185,22186,22186,2,2
2024-08-27 15:48:07.511,22185,22186,22187,1,1
2024-08-27 15:48:08.220,22188,22191,22188,1,-1
2024-08-27 15:48:16.340,22189,22190,22190,2,2
2024-08-27 15:48:16.695,22189,22190,22189,2,-2
2024-08-27 15:48:16.806,22188,22190,22188,1,-1
2024-08-27 15:48:25.742,22188,22190,22190,1,1
2024-08-27 15:48:25.742,22188,22190,22190,1,1
2024-08-27 15:48:25.742,22188,22190,22190,1,1
2024-08-27 15:48:26.088,22190,22191,22191,1,1
2024-08-27 15:48:27.671,22191,22192,22190,3,-3
2024-08-27 15:48:27.671,22191,22192,22191,2,-2
2024-08-27 15:48:37.950,22188,22189,22188,2,-2
2024-08-27 15:48:40.178,22187,22188,22187,1,-1
2024-08-27 15:48:40.179,22187,22188,22187,4,-4
2024-08-27 15:48:40.179,22187,22188,22187,2,-2
2024-08-27 15:48:40.179,22187,22188,22187,7,-7
2024-08-27 15:48:40.180,22187,22188,22186,1,-1
2024-08-27 15:48:47.734,22187,22189,22187,1,-1
2024-08-27 15:48:51.011,22186,22188,22186,1,-1
2024-08-27 15:48:53.767,22186,22188,22186,1,-1
2024-08-27 15:48:56.983,22185,22187,22187,1,1
2024-08-27 15:48:59.634,22185,22187,22185,1,-1
2024-08-27 15:49:06.360,22185,22186,22185,1,-1
2024-08-27 15:49:07.486,22184,22185,22185,1,1
2024-08-27 15:49:11.869,22184,22185,22185,4,4
2024-08-27 15:49:15.695,22184,22187,22186,4,4
2024-08-27 15:49:28.091,22185,22186,22185,1,-1
2024-08-27 15:49:32.649,22184,22186,22186,2,2
2024-08-27 15:49:33.716,22184,22185,22185,1,1
2024-08-27 15:49:36.310,22184,22185,22184,3,-3
2024-08-27 15:49:40.172,22183,22184,22183,1,-1
2024-08-27 15:49:40.342,22182,22184,22182,3,-3
2024-08-27 15:49:40.466,22181,22183,22181,1,-1
2024-08-27 15:49:40.546,22181,22183,22181,1,-1
2024-08-27 15:49:42.256,22181,22184,22181,1,-1
2024-08-27 15:49:55.012,22183,22185,22183,1,-1
2024-08-27 15:49:55.012,22183,22185,22182,1,-1
2024-08-27 15:49:55.902,22183,22185,22183,2,-2
2024-08-27 15:50:00.568,22182,22184,22184,2,2
2024-08-27 15:50:00.751,22183,22185,22185,1,1
2024-08-27 15:50:01.199,22184,22185,22184,1,-1
2024-08-27 15:50:01.210,22184,22185,22184,1,-1
2024-08-27 15:50:08.598,22183,22184,22183,1,-1
2024-08-27 15:50:08.599,22183,22184,22183,1,-1
2024-08-27 15:50:28.557,22180,22182,22182,1,1
2024-08-27 15:50:30.351,22181,22182,22182,2,2
2024-08-27 15:50:51.610,22181,22182,22181,1,-1
2024-08-27 15:50:54.514,22180,22182,22180,8,-8
2024-08-27 15:50:54.514,22180,22182,22180,1,-1
2024-08-27 15:50:54.514,22180,22182,22180,1,-1
2024-08-27 15:50:55.060,22179,22180,22179,3,-3
2024-08-27 15:50:55.061,22179,22180,22179,3,-3
2024-08-27 15:50:55.088,22178,22180,22178,1,-1
2024-08-27 15:50:55.088,22178,22180,22178,4,-4
2024-08-27 15:50:55.088,22178,22180,22178,2,-2
2024-08-27 15:50:55.088,22178,22180,22178,3,-3
2024-08-27 15:50:55.232,22177,22179,22177,1,-1
2024-08-27 15:50:59.077,22178,22179,22179,4,4
2024-08-27 15:51:00.616,22179,22181,22180,1,1
2024-08-27 15:51:00.862,22179,22181,22181,1,1
2024-08-27 15:51:04.781,22181,22182,22182,1,1
2024-08-27 15:51:08.800,22182,22183,22182,1,-1
2024-08-27 15:51:12.657,22182,22183,22182,1,-1
2024-08-27 15:51:12.683,22182,22183,22182,1,-1
2024-08-27 15:51:22.397,22181,22182,22182,2,2
2024-08-27 15:51:22.397,22181,22182,22182,1,1
2024-08-27 15:51:22.467,22182,22183,22183,4,4
2024-08-27 15:51:22.571,22182,22183,22182,2,-2
2024-08-27 15:51:30.162,22181,22182,22182,1,1
2024-08-27 15:51:41.833,22181,22182,22182,1,1
2024-08-27 15:51:45.667,22181,22182,22181,5,-5
2024-08-27 15:51:48.402,22180,22181,22180,3,-3
2024-08-27 15:51:55.550,22179,22180,22179,2,-2
2024-08-27 15:51:56.355,22177,22179,22177,3,-3
2024-08-27 15:51:57.823,22177,22179,22179,3,3
2024-08-27 15:52:08.302,22178,22180,22178,2,-2
2024-08-27 15:52:08.302,22178,22180,22178,2,-2
2024-08-27 15:52:08.304,22178,22180,22177,2,-2
2024-08-27 15:52:08.488,22176,22178,22176,2,-2
2024-08-27 15:52:08.506,22176,22178,22176,2,-2
2024-08-27 15:52:08.533,22176,22178,22178,2,2
2024-08-27 15:52:09.154,22175,22178,22175,2,-2
2024-08-27 15:52:09.215,22175,22177,22175,1,-1
2024-08-27 15:52:09.215,22175,22177,22177,1,1
2024-08-27 15:52:10.195,22175,22178,22175,1,-1
2024-08-27 15:52:11.632,22175,22177,22175,1,-1
2024-08-27 15:52:15.752,22175,22176,22175,1,-1
2024-08-27 15:52:20.083,22176,22177,22177,1,1
2024-08-27 15:52:20.083,22176,22177,22177,2,2
2024-08-27 15:52:24.410,22177,22179,22176,1,-1
2024-08-27 15:52:24.410,22177,22179,22177,1,-1
2024-08-27 15:52:27.663,22177,22179,22179,1,1
2024-08-27 15:52:27.664,22177,22179,22177,1,-1
2024-08-27 15:52:30.071,22177,22179,22179,1,1
2024-08-27 15:52:30.245,22178,22180,22180,1,1
2024-08-27 15:52:58.525,22179,22181,22181,2,2
2024-08-27 15:52:58.525,22179,22181,22181,5,5
2024-08-27 15:53:01.686,22181,22182,22182,1,1
2024-08-27 15:53:01.686,22181,22182,22182,1,1
2024-08-27 15:53:01.687,22181,22182,22183,1,1
2024-08-27 15:53:01.688,22181,22182,22183,1,1
2024-08-27 15:53:01.813,22182,22183,22183,5,5
2024-08-27 15:53:02.542,22183,22184,22183,1,-1
2024-08-27 15:53:03.585,22182,22184,22184,1,1
2024-08-27 15:53:04.952,22183,22185,22185,1,1
2024-08-27 15:53:04.952,22183,22185,22185,2,2
2024-08-27 15:53:04.954,22183,22185,22185,6,6
2024-08-27 15:53:07.597,22185,22186,22186,5,5
2024-08-27 15:53:22.483,22185,22187,22188,1,1
2024-08-27 15:53:26.535,22188,22189,22189,1,1
2024-08-27 15:53:27.117,22188,22190,22190,8,8
2024-08-27 15:53:27.117,22188,22190,22190,1,1
2024-08-27 15:53:28.648,22189,22191,22191,1,1
2024-08-27 15:53:35.392,22189,22190,22190,1,1
2024-08-27 15:53:36.733,22189,22190,22190,1,1
2024-08-27 15:53:38.274,22189,22190,22190,2,2
2024-08-27 15:53:38.303,22189,22190,22189,1,-1
2024-08-27 15:53:39.458,22188,22191,22188,1,-1
2024-08-27 15:53:46.642,22189,22190,22190,1,1
2024-08-27 15:53:46.693,22189,22190,22190,5,5
2024-08-27 15:53:49.237,22190,22191,22190,1,-1
2024-08-27 15:53:51.795,22190,22191,22190,1,-1
2024-08-27 15:53:54.794,22190,22191,22191,1,1
2024-08-27 15:53:55.939,22190,22191,22191,1,1
2024-08-27 15:53:58.540,22190,22191,22191,1,1
2024-08-27 15:53:58.541,22190,22191,22192,2,2
2024-08-27 15:53:58.541,22190,22191,22192,4,4
2024-08-27 15:53:59.427,22192,22193,22193,2,2
2024-08-27 15:53:59.427,22192,22193,22193,1,1
2024-08-27 15:53:59.428,22192,22193,22193,1,1
2024-08-27 15:54:00.681,22191,22193,22193,1,1
2024-08-27 15:54:00.705,22192,22194,22194,1,1
2024-08-27 15:54:00.705,22192,22194,22194,1,1
2024-08-27 15:54:00.705,22192,22194,22194,1,1
2024-08-27 15:54:00.706,22192,22194,22195,1,1
2024-08-27 15:54:00.706,22192,22194,22195,1,1
2024-08-27 15:54:00.907,22193,22195,22195,1,1
2024-08-27 15:54:00.917,22193,22195,22195,1,1
2024-08-27 15:54:00.922,22193,22195,22195,1,1
2024-08-27 15:54:00.939,22193,22195,22195,1,1
2024-08-27 15:54:01.020,22193,22195,22195,1,1
2024-08-27 15:54:01.076,22193,22195,22195,1,1
2024-08-27 15:54:01.076,22193,22195,22195,1,1
2024-08-27 15:54:01.076,22193,22195,22195,1,1
2024-08-27 15:54:01.076,22193,22195,22195,1,1
2024-08-27 15:54:01.077,22193,22195,22195,1,1
2024-08-27 15:54:01.077,22193,22195,22196,1,1
2024-08-27 15:54:01.077,22193,22195,22196,1,1
2024-08-27 15:54:01.077,22193,22195,22196,1,1
2024-08-27 15:54:01.081,22193,22195,22196,1,1
2024-08-27 15:54:01.164,22193,22195,22196,1,1
2024-08-27 15:54:02.121,22194,22195,22195,1,1
2024-08-27 15:54:05.983,22192,22193,22192,1,-1
2024-08-27 15:54:07.205,22191,22193,22193,1,1
2024-08-27 15:54:09.085,22191,22194,22194,2,2
2024-08-27 15:54:09.201,22192,22194,22194,1,1
2024-08-27 15:54:09.201,22192,22194,22194,1,1
2024-08-27 15:54:09.202,22192,22194,22194,1,1
2024-08-27 15:54:09.202,22192,22194,22194,1,1
2024-08-27 15:54:09.206,22192,22194,22196,1,1
2024-08-27 15:54:11.081,22193,22195,22193,1,-1
2024-08-27 15:54:12.142,22193,22195,22195,3,3
2024-08-27 15:54:21.784,22193,22195,22195,2,2
2024-08-27 15:54:24.290,22193,22195,22193,1,-1
2024-08-27 15:54:24.326,22193,22195,22195,1,1
2024-08-27 15:54:24.326,22193,22195,22195,1,1
2024-08-27 15:54:24.327,22193,22195,22196,1,1
2024-08-27 15:54:24.327,22193,22195,22196,1,1
2024-08-27 15:54:24.327,22193,22195,22196,1,1
2024-08-27 15:54:24.327,22193,22195,22196,1,1
2024-08-27 15:54:24.327,22193,22195,22196,1,1
2024-08-27 15:54:24.327,22193,22195,22196,1,1
2024-08-27 15:54:24.328,22193,22195,22196,1,1
2024-08-27 15:54:24.375,22193,22195,22195,1,1
2024-08-27 15:54:25.332,22195,22197,22195,1,-1
2024-08-27 15:54:26.492,22195,22197,22197,9,9
2024-08-27 15:54:26.493,22195,22197,22198,25,25
2024-08-27 15:54:26.494,22195,22197,22199,6,6
2024-08-27 15:54:26.494,22195,22197,22199,2,2
2024-08-27 15:54:26.494,22195,22197,22199,1,1
2024-08-27 15:54:26.494,22195,22197,22199,1,1
2024-08-27 15:54:26.496,22195,22197,22200,6,6
