2021-07-20 15:00:00.007,17581,17582,17584,134,134
2021-07-20 15:00:00.011,17583,17584,17584,1,1
2021-07-20 15:00:00.032,17583,17584,17584,2,2
2021-07-20 15:00:00.028,17583,17584,17584,2,2
2021-07-20 15:00:00.033,17583,17584,17584,7,7
2021-07-20 15:00:00.034,17583,17584,17584,4,4
2021-07-20 15:00:00.046,17584,17585,17585,4,4
2021-07-20 15:00:00.048,17584,17585,17585,4,4
2021-07-20 15:00:00.048,17584,17585,17585,2,2
2021-07-20 15:00:00.048,17584,17585,17585,1,1
2021-07-20 15:00:00.050,17584,17585,17585,3,3
2021-07-20 15:00:00.051,17584,17585,17584,1,-1
2021-07-20 15:00:00.059,17584,17585,17585,1,1
2021-07-20 15:00:00.070,17584,17586,17585,1,-1
2021-07-20 15:00:00.110,17584,17586,17586,1,1
2021-07-20 15:00:00.129,17584,17586,17586,1,1
2021-07-20 15:00:00.165,17584,17586,17585,1,-1
2021-07-20 15:00:00.166,17584,17586,17586,1,1
2021-07-20 15:00:00.166,17584,17586,17586,1,1
2021-07-20 15:00:00.166,17584,17586,17586,1,1
2021-07-20 15:00:00.244,17584,17586,17586,1,1
2021-07-20 15:00:00.244,17584,17586,17585,1,-1
2021-07-20 15:00:00.255,17585,17587,17587,7,7
2021-07-20 15:00:00.255,17585,17587,17587,1,1
2021-07-20 15:00:00.257,17585,17587,17587,1,1
2021-07-20 15:00:00.257,17585,17587,17587,1,1
2021-07-20 15:00:00.257,17585,17587,17587,1,1
2021-07-20 15:00:00.264,17585,17587,17586,1,-1
2021-07-20 15:00:00.272,17585,17587,17587,1,1
2021-07-20 15:00:00.290,17585,17587,17587,2,2
2021-07-20 15:00:00.298,17585,17587,17587,1,1
2021-07-20 15:00:00.353,17585,17587,17586,1,-1
2021-07-20 15:00:00.406,17586,17588,17587,1,1
2021-07-20 15:00:00.406,17586,17588,17588,1,1
2021-07-20 15:00:00.440,17586,17588,17586,1,-1
2021-07-20 15:00:00.446,17586,17588,17588,3,3
2021-07-20 15:00:00.448,17586,17588,17586,1,-1
2021-07-20 15:00:00.469,17586,17588,17586,1,-1
2021-07-20 15:00:00.480,17586,17588,17588,1,1
2021-07-20 15:00:00.487,17586,17588,17588,2,2
2021-07-20 15:00:00.487,17586,17588,17588,1,1
2021-07-20 15:00:00.501,17586,17588,17586,1,-1
2021-07-20 15:00:00.508,17586,17589,17588,1,1
2021-07-20 15:00:00.508,17586,17589,17588,3,-3
2021-07-20 15:00:00.514,17586,17589,17589,1,1
2021-07-20 15:00:00.516,17586,17589,17589,2,2
2021-07-20 15:00:00.526,17586,17589,17589,2,2
2021-07-20 15:00:00.531,17586,17589,17589,1,1
2021-07-20 15:00:00.552,17586,17589,17587,1,-1
2021-07-20 15:00:00.552,17586,17589,17587,1,-1
2021-07-20 15:00:00.560,17586,17589,17587,1,-1
2021-07-20 15:00:00.566,17586,17589,17588,1,1
2021-07-20 15:00:00.570,17586,17589,17586,1,-1
2021-07-20 15:00:00.607,17586,17589,17586,1,-1
2021-07-20 15:00:00.622,17586,17589,17588,1,1
2021-07-20 15:00:00.622,17586,17589,17589,1,1
2021-07-20 15:00:00.641,17586,17589,17589,1,1
2021-07-20 15:00:00.652,17586,17589,17586,1,-1
2021-07-20 15:00:00.670,17586,17589,17585,1,-1
2021-07-20 15:00:00.674,17586,17589,17589,2,2
2021-07-20 15:00:00.680,17586,17589,17589,2,2
2021-07-20 15:00:00.682,17586,17589,17589,1,1
2021-07-20 15:00:00.696,17586,17589,17589,1,1
2021-07-20 15:00:00.715,17586,17589,17589,1,1
2021-07-20 15:00:00.719,17586,17589,17589,2,2
2021-07-20 15:00:00.736,17586,17589,17589,1,1
2021-07-20 15:00:00.748,17586,17589,17586,1,-1
2021-07-20 15:00:00.801,17586,17589,17589,1,1
2021-07-20 15:00:00.807,17586,17589,17589,1,1
2021-07-20 15:00:00.814,17586,17589,17589,1,1
2021-07-20 15:00:00.814,17586,17589,17590,2,2
2021-07-20 15:00:00.821,17586,17589,17590,1,1
2021-07-20 15:00:00.836,17586,17589,17588,1,-1
2021-07-20 15:00:00.856,17586,17589,17586,2,-2
2021-07-20 15:00:00.881,17586,17588,17588,5,5
2021-07-20 15:00:00.883,17586,17588,17590,2,2
2021-07-20 15:00:00.888,17586,17588,17590,2,2
2021-07-20 15:00:00.896,17586,17588,17590,1,1
2021-07-20 15:00:00.913,17586,17588,17590,1,1
2021-07-20 15:00:00.931,17586,17588,17590,2,2
2021-07-20 15:00:00.939,17586,17588,17590,4,4
2021-07-20 15:00:00.953,17586,17588,17589,1,1
2021-07-20 15:00:00.961,17586,17588,17588,1,1
2021-07-20 15:00:00.974,17586,17588,17590,1,1
2021-07-20 15:00:01.009,17588,17590,17590,3,3
2021-07-20 15:00:01.010,17588,17590,17590,10,10
2021-07-20 15:00:01.013,17588,17590,17590,8,8
2021-07-20 15:00:01.014,17588,17590,17590,3,3
2021-07-20 15:00:01.045,17588,17590,17590,1,1
2021-07-20 15:00:01.070,17588,17590,17590,1,1
2021-07-20 15:00:01.070,17588,17590,17590,1,1
2021-07-20 15:00:01.074,17588,17590,17589,1,-1
2021-07-20 15:00:01.082,17588,17590,17590,2,2
2021-07-20 15:00:01.093,17588,17590,17589,1,-1
2021-07-20 15:00:01.094,17588,17590,17590,1,1
2021-07-20 15:00:01.136,17589,17590,17589,1,-1
2021-07-20 15:00:01.141,17589,17590,17589,1,-1
2021-07-20 15:00:01.142,17589,17590,17589,1,-1
2021-07-20 15:00:01.146,17589,17590,17590,1,1
2021-07-20 15:00:01.147,17589,17590,17590,3,3
2021-07-20 15:00:01.147,17589,17590,17591,1,1
2021-07-20 15:00:01.149,17589,17590,17591,1,1
2021-07-20 15:00:01.160,17589,17590,17589,1,-1
2021-07-20 15:00:01.166,17589,17590,17591,1,1
2021-07-20 15:00:01.198,17589,17590,17590,2,2
2021-07-20 15:00:01.235,17589,17590,17591,1,1
2021-07-20 15:00:01.238,17589,17590,17591,1,1
2021-07-20 15:00:01.238,17589,17590,17591,1,1
2021-07-20 15:00:01.246,17589,17590,17591,1,1
2021-07-20 15:00:01.247,17589,17590,17591,1,1
2021-07-20 15:00:01.255,17590,17592,17592,1,1
2021-07-20 15:00:01.262,17590,17592,17590,1,-1
2021-07-20 15:00:01.270,17590,17592,17591,1,1
2021-07-20 15:00:01.296,17590,17592,17590,3,-3
2021-07-20 15:00:01.297,17590,17592,17591,1,1
2021-07-20 15:00:01.298,17590,17592,17591,1,-1
2021-07-20 15:00:01.301,17590,17592,17591,1,-1
2021-07-20 15:00:01.303,17590,17592,17592,1,1
2021-07-20 15:00:01.310,17590,17592,17592,1,1
2021-07-20 15:00:01.366,17590,17592,17592,1,1
2021-07-20 15:00:01.381,17589,17592,17592,1,1
2021-07-20 15:00:01.408,17589,17592,17591,1,-1
2021-07-20 15:00:01.411,17589,17592,17592,1,1
2021-07-20 15:00:01.424,17589,17592,17590,1,-1
2021-07-20 15:00:01.432,17589,17592,17590,1,-1
2021-07-20 15:00:01.452,17589,17592,17592,2,2
2021-07-20 15:00:01.519,17590,17592,17592,1,1
2021-07-20 15:00:01.526,17590,17592,17592,1,1
2021-07-20 15:00:01.555,17590,17592,17590,1,-1
2021-07-20 15:00:01.572,17590,17592,17592,1,1
2021-07-20 15:00:01.587,17590,17592,17592,1,1
2021-07-20 15:00:01.594,17590,17592,17592,1,1
2021-07-20 15:00:01.620,17590,17592,17592,1,1
2021-07-20 15:00:01.634,17590,17593,17593,1,1
2021-07-20 15:00:01.634,17590,17593,17593,1,1
2021-07-20 15:00:01.686,17590,17593,17592,1,-1
2021-07-20 15:00:01.737,17590,17593,17593,1,1
2021-07-20 15:00:01.746,17590,17593,17593,1,1
2021-07-20 15:00:01.752,17590,17593,17593,1,1
2021-07-20 15:00:01.759,17590,17593,17593,1,1
2021-07-20 15:00:01.832,17590,17593,17590,1,-1
2021-07-20 15:00:01.836,17590,17593,17592,1,1
2021-07-20 15:00:01.871,17590,17593,17590,1,-1
2021-07-20 15:00:01.904,17590,17592,17592,1,1
2021-07-20 15:00:01.906,17590,17592,17590,1,-1
2021-07-20 15:00:01.910,17590,17592,17592,1,1
2021-07-20 15:00:01.918,17590,17592,17590,1,-1
2021-07-20 15:00:01.927,17590,17592,17592,1,1
2021-07-20 15:00:02.075,17590,17592,17592,1,1
2021-07-20 15:00:02.114,17590,17592,17590,3,-3
2021-07-20 15:00:02.420,17590,17592,17592,1,1
2021-07-20 15:00:02.635,17590,17591,17591,2,2
2021-07-20 15:00:02.745,17590,17591,17591,1,1
2021-07-20 15:00:02.864,17590,17591,17590,3,-3
2021-07-20 15:00:02.958,17589,17591,17591,2,2
2021-07-20 15:00:02.997,17589,17591,17592,2,2
2021-07-20 15:00:03.054,17590,17591,17591,2,2
2021-07-20 15:00:03.054,17590,17591,17592,1,1
2021-07-20 15:00:03.091,17590,17591,17592,1,1
2021-07-20 15:00:03.226,17591,17592,17592,2,2
2021-07-20 15:00:03.288,17591,17592,17592,1,1
2021-07-20 15:00:03.350,17591,17592,17593,1,1
2021-07-20 15:00:03.403,17591,17593,17591,3,-3
2021-07-20 15:00:03.403,17591,17593,17590,1,-1
2021-07-20 15:00:03.551,17589,17592,17592,3,3
2021-07-20 15:00:03.616,17589,17592,17592,1,1
2021-07-20 15:00:03.849,17590,17592,17592,1,1
2021-07-20 15:00:03.861,17590,17592,17593,1,1
2021-07-20 15:00:04.087,17591,17593,17592,1,-1
2021-07-20 15:00:04.179,17590,17592,17590,1,-1
2021-07-20 15:00:04.212,17590,17592,17589,1,-1
2021-07-20 15:00:04.274,17588,17591,17591,2,2
2021-07-20 15:00:04.397,17590,17591,17591,2,2
2021-07-20 15:00:04.522,17591,17593,17591,1,-1
2021-07-20 15:00:04.588,17591,17593,17590,1,-1
2021-07-20 15:00:04.661,17588,17590,17588,3,-3
2021-07-20 15:00:04.661,17588,17590,17587,1,-1
2021-07-20 15:00:04.661,17588,17590,17586,1,-1
2021-07-20 15:00:04.663,17588,17590,17586,2,-2
2021-07-20 15:00:04.780,17589,17590,17589,1,1
2021-07-20 15:00:04.780,17589,17590,17588,3,-3
2021-07-20 15:00:04.790,17589,17590,17588,3,-3
2021-07-20 15:00:04.944,17588,17590,17590,3,3
2021-07-20 15:00:05.213,17590,17592,17590,1,-1
2021-07-20 15:00:05.382,17589,17590,17589,2,-2
2021-07-20 15:00:05.382,17589,17590,17588,3,-3
2021-07-20 15:00:05.448,17589,17590,17588,2,-2
2021-07-20 15:00:05.448,17589,17590,17587,3,-3
2021-07-20 15:00:05.937,17589,17590,17590,2,2
2021-07-20 15:00:06.263,17589,17590,17589,1,-1
2021-07-20 15:00:06.652,17588,17590,17588,1,-1
2021-07-20 15:00:06.834,17588,17589,17588,1,-1
2021-07-20 15:00:07.097,17588,17589,17589,1,1
2021-07-20 15:00:07.167,17588,17589,17588,1,-1
2021-07-20 15:00:07.966,17588,17589,17588,2,-2
2021-07-20 15:00:07.966,17588,17589,17587,2,-2
2021-07-20 15:00:08.172,17587,17588,17588,1,1
2021-07-20 15:00:08.272,17587,17588,17587,1,-1
2021-07-20 15:00:08.272,17587,17588,17587,6,-6
2021-07-20 15:00:08.272,17587,17588,17587,1,-1
2021-07-20 15:00:08.272,17587,17588,17587,1,-1
2021-07-20 15:00:08.273,17587,17588,17587,1,-1
2021-07-20 15:00:08.431,17586,17587,17587,3,3
2021-07-20 15:00:08.431,17586,17587,17588,2,2
2021-07-20 15:00:09.821,17585,17587,17587,1,1
2021-07-20 15:00:10.229,17585,17586,17585,1,-1
2021-07-20 15:00:12.414,17584,17585,17585,1,1
2021-07-20 15:00:12.661,17584,17585,17585,18,18
2021-07-20 15:00:12.801,17585,17587,17587,1,1
2021-07-20 15:00:13.639,17585,17586,17585,2,-2
2021-07-20 15:00:14.653,17584,17585,17585,1,1
2021-07-20 15:00:14.739,17584,17585,17584,2,-2
2021-07-20 15:00:15.628,17584,17585,17584,1,-1
2021-07-20 15:00:15.754,17584,17585,17585,4,4
2021-07-20 15:00:15.880,17585,17586,17586,11,11
2021-07-20 15:00:15.954,17585,17586,17587,1,1
2021-07-20 15:00:15.977,17585,17586,17587,1,1
2021-07-20 15:00:16.006,17586,17587,17587,1,1
2021-07-20 15:00:16.267,17586,17588,17586,2,-2
2021-07-20 15:00:16.681,17586,17588,17586,1,-1
2021-07-20 15:00:16.865,17586,17587,17586,3,-3
2021-07-20 15:00:16.865,17586,17587,17586,2,-2
2021-07-20 15:00:17.061,17586,17587,17586,1,-1
2021-07-20 15:00:17.280,17586,17587,17586,3,-3
2021-07-20 15:00:18.199,17585,17586,17586,1,1
2021-07-20 15:00:18.278,17585,17586,17585,1,-1
2021-07-20 15:00:18.427,17584,17586,17586,5,5
2021-07-20 15:00:18.427,17584,17586,17586,5,5
2021-07-20 15:00:19.129,17585,17586,17586,1,1
2021-07-20 15:00:19.577,17586,17587,17587,1,1
2021-07-20 15:00:19.657,17586,17587,17586,3,-3
2021-07-20 15:00:19.693,17586,17587,17586,2,-2
2021-07-20 15:00:19.860,17585,17587,17585,2,-2
2021-07-20 15:00:21.064,17584,17586,17584,2,-2
2021-07-20 15:00:21.527,17585,17586,17585,1,1
2021-07-20 15:00:21.658,17584,17586,17585,1,-1
2021-07-20 15:00:21.840,17584,17586,17584,3,-3
2021-07-20 15:00:22.129,17583,17585,17583,1,-1
2021-07-20 15:00:23.821,17583,17585,17583,16,-16
2021-07-20 15:00:23.822,17583,17585,17582,19,-19
2021-07-20 15:00:23.822,17583,17585,17582,13,-13
2021-07-20 15:00:24.386,17581,17582,17582,2,2
2021-07-20 15:00:24.386,17581,17582,17583,5,5
2021-07-20 15:00:24.386,17581,17582,17584,8,8
2021-07-20 15:00:24.567,17584,17585,17584,1,-1
2021-07-20 15:00:24.622,17584,17585,17584,1,-1
2021-07-20 15:00:24.623,17584,17585,17584,13,-13
2021-07-20 15:00:24.767,17581,17583,17583,1,1
2021-07-20 15:00:24.952,17581,17583,17583,2,2
2021-07-20 15:00:25.364,17581,17584,17584,1,1
2021-07-20 15:00:25.452,17581,17584,17581,2,-2
2021-07-20 15:00:26.468,17581,17583,17581,1,-1
2021-07-20 15:00:26.696,17581,17583,17583,1,1
2021-07-20 15:00:27.105,17582,17584,17582,1,-1
2021-07-20 15:00:27.105,17582,17584,17581,1,-1
2021-07-20 15:00:27.155,17581,17583,17581,2,-2
2021-07-20 15:00:28.174,17581,17583,17581,2,-2
2021-07-20 15:00:28.174,17581,17583,17581,2,-2
2021-07-20 15:00:28.633,17580,17583,17582,1,1
2021-07-20 15:00:28.643,17580,17583,17583,1,1
2021-07-20 15:00:29.730,17582,17583,17582,1,-1
2021-07-20 15:00:29.730,17582,17583,17581,2,-2
2021-07-20 15:00:29.749,17582,17583,17581,1,-1
2021-07-20 15:00:30.609,17581,17583,17581,1,-1
2021-07-20 15:00:31.540,17582,17583,17583,2,2
2021-07-20 15:00:31.540,17582,17583,17584,3,3
2021-07-20 15:00:32.289,17583,17584,17583,2,-2
2021-07-20 15:00:32.516,17582,17584,17584,2,2
2021-07-20 15:00:32.517,17582,17584,17584,1,1
2021-07-20 15:00:32.517,17582,17584,17584,1,1
2021-07-20 15:00:32.630,17583,17585,17585,12,12
2021-07-20 15:00:32.761,17585,17586,17586,1,1
2021-07-20 15:00:32.787,17585,17586,17585,1,-1
2021-07-20 15:00:33.552,17585,17586,17585,1,-1
2021-07-20 15:00:33.552,17585,17586,17585,4,-4
2021-07-20 15:00:33.552,17585,17586,17584,1,-1
2021-07-20 15:00:33.561,17585,17586,17584,1,-1
2021-07-20 15:00:33.562,17585,17586,17585,1,1
2021-07-20 15:00:33.567,17585,17586,17585,1,-1
2021-07-20 15:00:33.567,17585,17586,17583,3,-3
2021-07-20 15:00:33.567,17585,17586,17582,21,-21
2021-07-20 15:00:33.567,17585,17586,17581,3,-3
2021-07-20 15:00:33.715,17581,17583,17583,1,1
2021-07-20 15:00:33.739,17581,17583,17583,1,1
2021-07-20 15:00:34.033,17581,17583,17583,1,1
2021-07-20 15:00:34.288,17581,17584,17581,1,-1
2021-07-20 15:00:36.288,17582,17584,17584,1,1
2021-07-20 15:00:37.273,17582,17584,17584,4,4
2021-07-20 15:00:37.639,17584,17586,17584,1,-1
2021-07-20 15:00:37.784,17582,17584,17584,1,1
2021-07-20 15:00:39.599,17583,17586,17583,1,-1
2021-07-20 15:00:39.678,17583,17586,17583,6,-6
2021-07-20 15:00:39.756,17582,17583,17583,15,15
2021-07-20 15:00:41.208,17583,17585,17586,6,6
2021-07-20 15:00:43.045,17584,17585,17585,1,1
2021-07-20 15:00:43.434,17584,17585,17584,1,-1
2021-07-20 15:00:44.978,17584,17585,17584,1,-1
2021-07-20 15:00:46.849,17584,17585,17585,1,1
2021-07-20 15:00:46.849,17584,17585,17585,2,2
2021-07-20 15:00:48.682,17584,17585,17584,1,-1
2021-07-20 15:00:49.921,17584,17585,17585,1,1
2021-07-20 15:00:51.042,17584,17585,17585,1,1
2021-07-20 15:00:51.231,17584,17585,17585,1,1
2021-07-20 15:00:51.695,17584,17585,17585,1,1
2021-07-20 15:00:51.695,17584,17585,17586,1,1
2021-07-20 15:00:51.983,17584,17585,17585,1,1
2021-07-20 15:00:52.129,17584,17586,17584,1,-1
2021-07-20 15:00:52.149,17584,17586,17584,4,-4
2021-07-20 15:00:53.626,17584,17585,17584,3,-3
2021-07-20 15:00:53.626,17584,17585,17584,4,-4
2021-07-20 15:00:55.332,17583,17584,17584,3,3
2021-07-20 15:00:56.480,17584,17585,17584,4,-4
2021-07-20 15:00:56.662,17584,17585,17585,4,4
2021-07-20 15:00:56.665,17584,17585,17585,2,2
2021-07-20 15:00:56.667,17584,17585,17585,1,1
2021-07-20 15:00:57.305,17585,17586,17585,7,-7
2021-07-20 15:00:57.305,17585,17586,17584,3,-3
2021-07-20 15:00:57.398,17585,17586,17586,12,12
2021-07-20 15:00:57.400,17585,17586,17587,7,7
2021-07-20 15:00:57.400,17585,17586,17588,5,5
2021-07-20 15:00:57.638,17586,17588,17588,1,1
2021-07-20 15:00:57.874,17586,17588,17586,2,-2
2021-07-20 15:00:57.874,17586,17588,17585,7,-7
2021-07-20 15:00:57.875,17586,17588,17585,1,-1
2021-07-20 15:00:57.875,17586,17588,17585,16,-16
2021-07-20 15:00:57.875,17586,17588,17585,2,-2
2021-07-20 15:00:57.876,17586,17588,17585,1,-1
2021-07-20 15:00:57.876,17586,17588,17585,6,-6
2021-07-20 15:00:57.876,17584,17585,17585,1,1
2021-07-20 15:00:57.897,17584,17585,17585,7,7
2021-07-20 15:00:57.898,17584,17585,17585,3,3
2021-07-20 15:00:57.899,17584,17585,17585,2,2
2021-07-20 15:00:57.899,17584,17585,17585,2,2
2021-07-20 15:00:58.091,17584,17587,17585,2,-2
2021-07-20 15:00:58.265,17584,17585,17585,2,2
2021-07-20 15:01:00.042,17585,17586,17586,2,2
2021-07-20 15:01:00.056,17585,17586,17587,1,1
2021-07-20 15:01:00.131,17586,17587,17587,1,1
2021-07-20 15:01:00.132,17586,17587,17587,2,2
2021-07-20 15:01:00.134,17586,17587,17588,1,1
2021-07-20 15:01:00.134,17586,17587,17588,1,1
2021-07-20 15:01:00.134,17586,17587,17588,1,1
2021-07-20 15:01:00.134,17586,17587,17589,1,1
2021-07-20 15:01:00.135,17586,17587,17589,1,1
2021-07-20 15:01:00.135,17586,17587,17589,2,2
2021-07-20 15:01:00.143,17586,17587,17588,1,1
2021-07-20 15:01:00.192,17586,17587,17588,1,1
2021-07-20 15:01:00.257,17587,17589,17589,1,1
2021-07-20 15:01:00.641,17588,17590,17590,1,1
2021-07-20 15:01:00.887,17588,17590,17590,4,4
2021-07-20 15:01:01.003,17588,17590,17590,1,1
2021-07-20 15:01:01.129,17588,17589,17589,1,1
2021-07-20 15:01:01.129,17588,17589,17589,1,1
2021-07-20 15:01:01.129,17588,17589,17590,2,2
2021-07-20 15:01:01.129,17588,17589,17590,1,1
2021-07-20 15:01:01.129,17588,17589,17590,1,1
2021-07-20 15:01:01.129,17588,17589,17590,1,1
2021-07-20 15:01:01.130,17588,17589,17590,1,1
2021-07-20 15:01:01.130,17588,17589,17590,1,1
2021-07-20 15:01:01.130,17588,17589,17590,1,1
2021-07-20 15:01:01.130,17588,17589,17590,1,1
2021-07-20 15:01:01.130,17588,17589,17590,1,1
2021-07-20 15:01:01.130,17588,17589,17590,1,1
2021-07-20 15:01:01.130,17588,17589,17590,1,1
2021-07-20 15:01:01.130,17588,17589,17590,1,1
2021-07-20 15:01:01.130,17588,17589,17590,1,1
2021-07-20 15:01:01.130,17588,17589,17590,2,2
2021-07-20 15:01:01.131,17588,17589,17590,1,1
2021-07-20 15:01:01.131,17588,17589,17590,1,1
2021-07-20 15:01:01.131,17588,17589,17590,1,1
2021-07-20 15:01:01.131,17588,17589,17590,1,1
2021-07-20 15:01:01.131,17588,17589,17590,1,1
2021-07-20 15:01:01.131,17588,17589,17590,3,3
2021-07-20 15:01:01.131,17588,17589,17590,6,6
2021-07-20 15:01:01.132,17588,17589,17591,1,1
2021-07-20 15:01:01.374,17589,17591,17589,1,-1
2021-07-20 15:01:01.710,17590,17591,17591,1,1
2021-07-20 15:01:01.716,17590,17591,17591,1,1
2021-07-20 15:01:01.767,17590,17591,17590,1,-1
2021-07-20 15:01:01.791,17590,17591,17589,1,-1
2021-07-20 15:01:01.791,17590,17591,17589,1,-1
2021-07-20 15:01:01.791,17590,17591,17589,1,-1
2021-07-20 15:01:01.944,17588,17589,17588,1,-1
2021-07-20 15:01:01.945,17588,17589,17589,1,1
2021-07-20 15:01:01.953,17588,17589,17589,1,1
2021-07-20 15:01:01.956,17588,17589,17589,1,1
2021-07-20 15:01:01.959,17588,17589,17589,1,1
2021-07-20 15:01:02.173,17588,17589,17589,1,1
2021-07-20 15:01:02.275,17588,17590,17588,1,-1
2021-07-20 15:01:03.083,17589,17590,17590,1,1
2021-07-20 15:01:03.084,17589,17590,17590,1,1
2021-07-20 15:01:03.135,17589,17590,17590,1,1
2021-07-20 15:01:03.156,17589,17590,17589,1,-1
2021-07-20 15:01:03.731,17589,17590,17590,1,1
2021-07-20 15:01:03.731,17589,17590,17590,10,10
2021-07-20 15:01:03.731,17589,17590,17590,4,4
2021-07-20 15:01:03.731,17589,17590,17590,4,4
2021-07-20 15:01:03.731,17589,17590,17590,1,1
2021-07-20 15:01:03.731,17589,17590,17590,1,1
2021-07-20 15:01:03.731,17589,17590,17590,1,1
2021-07-20 15:01:03.732,17589,17590,17590,1,1
2021-07-20 15:01:03.733,17589,17590,17590,24,24
2021-07-20 15:01:03.734,17589,17590,17591,1,1
2021-07-20 15:01:03.943,17590,17592,17590,3,-3
2021-07-20 15:01:04.314,17590,17592,17590,4,-4
2021-07-20 15:01:04.314,17590,17592,17589,4,-4
2021-07-20 15:01:04.812,17590,17592,17590,1,1
2021-07-20 15:01:05.604,17591,17592,17591,1,1
2021-07-20 15:01:05.980,17591,17592,17592,1,1
2021-07-20 15:01:06.173,17591,17592,17592,1,1
2021-07-20 15:01:06.498,17591,17592,17591,1,-1
2021-07-20 15:01:06.533,17591,17592,17591,1,-1
2021-07-20 15:01:06.847,17591,17592,17591,3,-3
2021-07-20 15:01:06.930,17590,17591,17591,2,2
2021-07-20 15:01:07.175,17590,17591,17591,5,5
2021-07-20 15:01:07.245,17590,17591,17591,1,1
2021-07-20 15:01:07.253,17591,17592,17592,4,4
2021-07-20 15:01:07.254,17591,17592,17592,1,1
2021-07-20 15:01:07.254,17591,17592,17592,1,1
2021-07-20 15:01:07.254,17591,17592,17592,1,1
2021-07-20 15:01:07.254,17591,17592,17592,1,1
2021-07-20 15:01:07.254,17591,17592,17593,3,3
2021-07-20 15:01:07.254,17591,17592,17593,2,2
2021-07-20 15:01:07.254,17591,17592,17593,1,1
2021-07-20 15:01:07.254,17591,17592,17593,2,2
2021-07-20 15:01:07.254,17591,17592,17593,1,1
2021-07-20 15:01:07.255,17591,17592,17594,1,1
2021-07-20 15:01:07.255,17591,17592,17594,2,2
2021-07-20 15:01:07.255,17591,17592,17594,1,1
2021-07-20 15:01:07.255,17591,17592,17594,1,1
2021-07-20 15:01:07.255,17591,17592,17594,1,1
2021-07-20 15:01:07.255,17591,17592,17594,1,1
2021-07-20 15:01:07.255,17591,17592,17595,1,1
2021-07-20 15:01:07.255,17591,17592,17594,1,1
2021-07-20 15:01:07.256,17591,17592,17594,1,1
2021-07-20 15:01:07.256,17591,17592,17594,1,1
2021-07-20 15:01:07.257,17591,17592,17595,1,1
2021-07-20 15:01:07.257,17591,17592,17595,1,1
2021-07-20 15:01:07.379,17592,17595,17595,24,24
2021-07-20 15:01:07.379,17592,17595,17596,8,8
2021-07-20 15:01:07.379,17592,17595,17597,8,8
2021-07-20 15:01:07.570,17593,17596,17596,1,1
2021-07-20 15:01:07.576,17593,17596,17596,1,1
2021-07-20 15:01:07.591,17593,17596,17596,3,3
2021-07-20 15:01:07.594,17593,17596,17596,1,1
2021-07-20 15:01:07.599,17593,17596,17596,1,1
2021-07-20 15:01:07.599,17593,17596,17597,1,1
2021-07-20 15:01:07.636,17595,17597,17597,6,6
2021-07-20 15:01:07.636,17595,17597,17598,2,2
2021-07-20 15:01:07.636,17595,17597,17597,2,2
2021-07-20 15:01:07.639,17595,17597,17596,1,-1
2021-07-20 15:01:07.659,17595,17597,17597,1,1
2021-07-20 15:01:07.663,17595,17597,17597,1,1
2021-07-20 15:01:07.665,17595,17597,17598,1,1
2021-07-20 15:01:07.689,17595,17597,17597,2,2
2021-07-20 15:01:07.742,17595,17597,17598,1,1
2021-07-20 15:01:07.813,17596,17598,17596,1,-1
2021-07-20 15:01:07.830,17596,17598,17597,1,1
2021-07-20 15:01:07.912,17596,17598,17596,2,-2
2021-07-20 15:01:07.965,17596,17598,17596,1,-1
2021-07-20 15:01:07.991,17596,17598,17597,1,1
2021-07-20 15:01:08.036,17595,17597,17597,1,1
2021-07-20 15:01:08.058,17595,17597,17597,1,1
2021-07-20 15:01:08.127,17595,17598,17598,1,1
2021-07-20 15:01:08.184,17595,17598,17598,2,2
2021-07-20 15:01:08.294,17595,17598,17598,1,1
2021-07-20 15:01:08.324,17595,17598,17598,1,1
2021-07-20 15:01:08.522,17595,17598,17598,2,2
2021-07-20 15:01:08.585,17595,17598,17598,2,2
2021-07-20 15:01:08.589,17595,17598,17595,1,-1
2021-07-20 15:01:08.659,17595,17598,17595,3,-3
2021-07-20 15:01:08.726,17595,17598,17597,1,1
2021-07-20 15:01:08.755,17595,17597,17595,1,-1
2021-07-20 15:01:08.860,17595,17597,17597,1,1
2021-07-20 15:01:09.187,17596,17598,17596,1,-1
2021-07-20 15:01:10.205,17596,17598,17596,3,-3
2021-07-20 15:01:10.687,17596,17598,17596,1,-1
2021-07-20 15:01:11.308,17596,17597,17596,3,-3
2021-07-20 15:01:11.433,17595,17596,17595,2,-2
2021-07-20 15:01:11.711,17594,17596,17594,4,-4
2021-07-20 15:01:11.711,17594,17596,17593,1,-1
2021-07-20 15:01:12.325,17594,17596,17596,1,1
2021-07-20 15:01:12.327,17594,17596,17596,1,1
2021-07-20 15:01:12.668,17594,17596,17596,1,1
2021-07-20 15:01:12.852,17594,17596,17594,3,-3
2021-07-20 15:01:13.038,17593,17596,17595,1,1
2021-07-20 15:01:13.882,17594,17595,17595,1,1
2021-07-20 15:01:14.082,17594,17595,17594,3,-3
2021-07-20 15:01:14.294,17594,17595,17594,1,-1
2021-07-20 15:01:15.151,17594,17595,17594,1,-1
2021-07-20 15:01:15.759,17594,17595,17595,1,1
2021-07-20 15:01:15.807,17594,17595,17595,1,1
2021-07-20 15:01:16.125,17594,17595,17595,1,1
2021-07-20 15:01:16.145,17595,17596,17595,3,-3
2021-07-20 15:01:16.323,17594,17596,17594,1,-1
2021-07-20 15:01:17.106,17594,17595,17594,1,-1
2021-07-20 15:01:17.128,17593,17595,17595,4,4
2021-07-20 15:01:17.129,17593,17595,17595,1,1
2021-07-20 15:01:17.129,17593,17595,17595,1,1
2021-07-20 15:01:17.129,17593,17595,17595,2,2
2021-07-20 15:01:17.129,17593,17595,17595,1,1
2021-07-20 15:01:17.129,17593,17595,17596,2,2
2021-07-20 15:01:17.129,17593,17595,17596,1,1
2021-07-20 15:01:17.129,17593,17595,17596,1,1
2021-07-20 15:01:17.129,17593,17595,17597,2,2
2021-07-20 15:01:17.129,17593,17595,17597,1,1
2021-07-20 15:01:17.129,17593,17595,17597,1,1
2021-07-20 15:01:17.129,17593,17595,17597,2,2
2021-07-20 15:01:17.129,17593,17595,17597,1,1
2021-07-20 15:01:17.129,17593,17595,17597,1,1
2021-07-20 15:01:17.129,17593,17595,17597,1,1
2021-07-20 15:01:17.130,17593,17595,17596,2,2
2021-07-20 15:01:17.130,17593,17595,17597,1,1
2021-07-20 15:01:17.130,17593,17595,17597,1,1
2021-07-20 15:01:17.130,17593,17595,17597,1,1
2021-07-20 15:01:17.130,17593,17595,17597,1,1
2021-07-20 15:01:17.130,17593,17595,17597,1,1
2021-07-20 15:01:17.130,17593,17595,17597,1,1
2021-07-20 15:01:17.132,17593,17595,17597,1,1
2021-07-20 15:01:17.132,17593,17595,17598,1,1
2021-07-20 15:01:17.132,17593,17595,17598,1,1
2021-07-20 15:01:17.132,17593,17595,17598,1,1
2021-07-20 15:01:17.132,17593,17595,17598,1,1
2021-07-20 15:01:17.133,17593,17595,17598,1,1
2021-07-20 15:01:17.133,17593,17595,17598,1,1
2021-07-20 15:01:17.134,17593,17595,17598,1,1
2021-07-20 15:01:17.134,17593,17595,17599,1,1
2021-07-20 15:01:17.134,17593,17595,17599,1,1
2021-07-20 15:01:17.134,17593,17595,17599,1,1
2021-07-20 15:01:17.135,17593,17595,17599,1,1
2021-07-20 15:01:17.135,17593,17595,17599,1,1
2021-07-20 15:01:17.138,17593,17595,17599,1,1
2021-07-20 15:01:17.239,17593,17595,17599,1,1
2021-07-20 15:01:17.489,17597,17599,17597,5,-5
2021-07-20 15:01:17.950,17596,17598,17596,2,-2
2021-07-20 15:01:18.470,17596,17598,17598,2,2
2021-07-20 15:01:18.883,17596,17597,17597,3,3
2021-07-20 15:01:18.992,17596,17597,17598,1,1
2021-07-20 15:01:19.066,17597,17599,17599,1,1
2021-07-20 15:01:19.178,17597,17599,17599,1,1
2021-07-20 15:01:19.260,17598,17599,17599,1,1
2021-07-20 15:01:19.291,17598,17599,17598,1,-1
2021-07-20 15:01:19.783,17598,17599,17599,1,1
2021-07-20 15:01:19.824,17598,17599,17598,3,-3
2021-07-20 15:01:20.861,17597,17598,17598,3,3
2021-07-20 15:01:20.861,17597,17598,17599,6,6
2021-07-20 15:01:20.861,17597,17598,17600,35,35
2021-07-20 15:01:20.861,17597,17598,17601,6,6
2021-07-20 15:01:20.862,17597,17598,17602,1,1
2021-07-20 15:01:21.005,17600,17602,17602,7,7
2021-07-20 15:01:21.005,17600,17602,17603,1,1
2021-07-20 15:01:21.177,17599,17601,17601,1,1
2021-07-20 15:01:21.218,17599,17601,17602,1,1
2021-07-20 15:01:21.223,17599,17601,17602,1,1
2021-07-20 15:01:21.252,17600,17602,17602,1,1
2021-07-20 15:01:21.297,17600,17602,17603,1,1
2021-07-20 15:01:21.543,17599,17602,17599,1,-1
2021-07-20 15:01:21.689,17599,17602,17601,1,1
2021-07-20 15:01:22.067,17600,17603,17602,1,1
2021-07-20 15:01:22.286,17599,17602,17602,1,1
2021-07-20 15:01:22.356,17599,17602,17602,1,1
2021-07-20 15:01:22.780,17599,17601,17599,1,-1
2021-07-20 15:01:22.878,17599,17601,17601,1,1
2021-07-20 15:01:23.213,17599,17601,17599,1,-1
2021-07-20 15:01:23.380,17599,17601,17601,6,6
2021-07-20 15:01:23.380,17599,17601,17601,2,2
2021-07-20 15:01:23.474,17599,17601,17602,2,2
2021-07-20 15:01:23.474,17599,17601,17603,3,3
2021-07-20 15:01:23.504,17601,17603,17603,4,4
2021-07-20 15:01:23.868,17600,17603,17603,2,2
2021-07-20 15:01:24.496,17600,17603,17603,1,1
2021-07-20 15:01:25.806,17600,17601,17600,1,-1
2021-07-20 15:01:26.138,17600,17601,17600,2,-2
2021-07-20 15:01:26.179,17600,17601,17601,1,1
2021-07-20 15:01:26.305,17600,17601,17601,1,1
2021-07-20 15:01:26.437,17600,17602,17600,3,-3
2021-07-20 15:01:26.670,17599,17600,17600,1,1
2021-07-20 15:01:26.714,17599,17600,17600,1,1
2021-07-20 15:01:26.990,17599,17602,17601,1,1
2021-07-20 15:01:26.992,17599,17602,17599,3,-3
2021-07-20 15:01:27.218,17598,17601,17601,2,2
2021-07-20 15:01:27.253,17598,17601,17601,1,1
2021-07-20 15:01:27.253,17598,17601,17602,3,3
2021-07-20 15:01:27.254,17598,17601,17602,1,1
2021-07-20 15:01:27.254,17598,17601,17602,1,1
2021-07-20 15:01:27.254,17598,17601,17602,2,2
2021-07-20 15:01:27.254,17598,17601,17602,2,2
2021-07-20 15:01:27.254,17598,17601,17603,1,1
2021-07-20 15:01:27.254,17598,17601,17603,1,1
2021-07-20 15:01:27.254,17598,17601,17603,1,1
2021-07-20 15:01:27.254,17598,17601,17603,1,1
2021-07-20 15:01:27.255,17598,17601,17603,1,1
2021-07-20 15:01:27.255,17598,17601,17603,1,1
2021-07-20 15:01:27.255,17598,17601,17603,1,1
2021-07-20 15:01:27.255,17598,17601,17603,1,1
2021-07-20 15:01:27.256,17598,17601,17603,1,1
2021-07-20 15:01:27.256,17598,17601,17604,1,1
2021-07-20 15:01:27.257,17598,17601,17604,1,1
2021-07-20 15:01:27.654,17601,17604,17604,1,1
2021-07-20 15:01:28.556,17602,17604,17603,1,-1
2021-07-20 15:01:28.584,17602,17604,17604,2,2
2021-07-20 15:01:28.624,17602,17604,17604,1,1
2021-07-20 15:01:28.892,17602,17604,17604,4,4
2021-07-20 15:01:28.892,17602,17604,17605,10,10
2021-07-20 15:01:29.083,17602,17605,17605,1,1
2021-07-20 15:01:29.086,17602,17605,17604,1,-1
2021-07-20 15:01:29.245,17604,17605,17604,2,-2
2021-07-20 15:01:29.317,17603,17605,17605,6,6
2021-07-20 15:01:30.242,17603,17605,17604,1,-1
2021-07-20 15:01:30.300,17604,17605,17605,1,1
2021-07-20 15:01:30.703,17604,17605,17605,2,2
2021-07-20 15:01:30.719,17604,17605,17604,1,-1
2021-07-20 15:01:30.805,17604,17605,17605,2,2
2021-07-20 15:01:30.924,17604,17605,17604,1,-1
2021-07-20 15:01:30.964,17604,17605,17605,2,2
2021-07-20 15:01:31.296,17604,17605,17604,1,-1
2021-07-20 15:01:31.380,17603,17605,17603,1,-1
2021-07-20 15:01:31.565,17604,17605,17604,1,1
2021-07-20 15:01:31.731,17604,17605,17605,1,1
2021-07-20 15:01:32.086,17604,17605,17604,3,-3
2021-07-20 15:01:32.706,17604,17605,17605,14,14
2021-07-20 15:01:32.798,17605,17606,17605,4,-4
2021-07-20 15:01:32.798,17605,17606,17604,2,-2
2021-07-20 15:01:32.798,17605,17606,17603,3,-3
2021-07-20 15:01:32.798,17605,17606,17602,1,-1
2021-07-20 15:01:33.313,17602,17605,17605,1,1
2021-07-20 15:01:33.523,17602,17604,17604,1,1
2021-07-20 15:01:34.058,17602,17604,17602,2,-2
2021-07-20 15:01:34.733,17601,17603,17601,3,-3
2021-07-20 15:01:34.740,17601,17603,17600,2,-2
2021-07-20 15:01:35.039,17599,17600,17600,2,2
2021-07-20 15:01:35.515,17599,17600,17599,1,-1
2021-07-20 15:01:35.582,17599,17600,17600,1,1
2021-07-20 15:01:36.306,17597,17599,17599,1,1
2021-07-20 15:01:37.083,17598,17600,17600,1,1
2021-07-20 15:01:37.128,17598,17600,17600,1,1
2021-07-20 15:01:37.129,17598,17600,17600,1,1
2021-07-20 15:01:37.129,17598,17600,17601,1,1
2021-07-20 15:01:37.129,17598,17600,17601,1,1
2021-07-20 15:01:37.129,17598,17600,17601,1,1
2021-07-20 15:01:37.129,17598,17600,17601,1,1
2021-07-20 15:01:37.129,17598,17600,17601,1,1
2021-07-20 15:01:37.129,17598,17600,17602,1,1
2021-07-20 15:01:37.129,17598,17600,17602,1,1
2021-07-20 15:01:37.129,17598,17600,17602,1,1
2021-07-20 15:01:37.130,17598,17600,17602,1,1
2021-07-20 15:01:37.130,17598,17600,17603,1,1
2021-07-20 15:01:37.131,17598,17600,17602,1,1
2021-07-20 15:01:37.131,17598,17600,17603,1,1
2021-07-20 15:01:37.132,17598,17600,17602,1,1
2021-07-20 15:01:37.493,17599,17602,17599,3,-3
2021-07-20 15:01:37.493,17599,17602,17598,2,-2
2021-07-20 15:01:38.724,17599,17600,17600,1,1
2021-07-20 15:01:39.279,17599,17600,17599,1,-1
2021-07-20 15:01:39.426,17598,17600,17600,1,1
2021-07-20 15:01:39.598,17598,17601,17601,2,2
2021-07-20 15:01:39.757,17599,17601,17601,1,1
2021-07-20 15:01:39.862,17599,17601,17602,3,3
2021-07-20 15:01:40.293,17599,17602,17599,1,-1
2021-07-20 15:01:43.091,17598,17600,17600,3,3
2021-07-20 15:01:44.887,17598,17600,17598,2,-2
2021-07-20 15:01:45.320,17599,17600,17599,3,3
2021-07-20 15:01:45.375,17599,17600,17599,1,-1
2021-07-20 15:01:46.651,17598,17600,17600,1,1
2021-07-20 15:01:49.983,17599,17600,17600,2,2
2021-07-20 15:01:49.984,17599,17600,17600,2,2
2021-07-20 15:01:49.984,17599,17600,17600,2,2
2021-07-20 15:01:49.984,17599,17600,17600,1,1
2021-07-20 15:01:50.004,17599,17600,17600,1,1
2021-07-20 15:01:50.004,17599,17600,17601,1,1
2021-07-20 15:01:50.004,17599,17600,17601,1,1
2021-07-20 15:01:50.004,17599,17600,17601,1,1
2021-07-20 15:01:52.218,17599,17600,17600,1,1
2021-07-20 15:01:52.610,17599,17600,17600,2,2
2021-07-20 15:01:53.225,17599,17600,17599,7,-7
2021-07-20 15:01:53.812,17599,17600,17600,1,1
2021-07-20 15:01:55.755,17599,17600,17599,1,-1
2021-07-20 15:01:56.434,17598,17599,17598,2,-2
2021-07-20 15:01:56.809,17598,17599,17599,1,1
2021-07-20 15:01:57.042,17598,17599,17599,2,2
2021-07-20 15:01:57.117,17598,17599,17598,6,-6
2021-07-20 15:01:57.117,17598,17599,17598,7,-7
2021-07-20 15:01:58.199,17597,17599,17599,1,1
2021-07-20 15:01:58.287,17597,17599,17599,3,3
2021-07-20 15:01:58.288,17597,17599,17599,2,2
2021-07-20 15:01:59.882,17597,17598,17598,3,3
2021-07-20 15:02:00.107,17597,17598,17598,1,1
2021-07-20 15:02:00.119,17597,17598,17597,5,-5
2021-07-20 15:02:00.130,17596,17597,17597,1,1
2021-07-20 15:02:00.130,17596,17597,17597,1,1
2021-07-20 15:02:00.132,17596,17597,17599,1,1
2021-07-20 15:02:00.133,17596,17597,17599,1,1
2021-07-20 15:02:00.141,17596,17597,17599,1,1
2021-07-20 15:02:00.203,17596,17597,17599,1,1
2021-07-20 15:02:00.214,17596,17597,17599,1,1
2021-07-20 15:02:00.253,17597,17599,17597,1,-1
2021-07-20 15:02:00.285,17597,17599,17598,1,1
2021-07-20 15:02:00.311,17597,17599,17598,1,-1
2021-07-20 15:02:00.322,17597,17599,17598,1,-1
2021-07-20 15:02:00.438,17597,17598,17598,1,1
2021-07-20 15:02:01.458,17597,17598,17598,1,1
2021-07-20 15:02:01.503,17597,17599,17599,1,1
2021-07-20 15:02:01.503,17597,17599,17599,1,1
2021-07-20 15:02:01.504,17597,17599,17599,1,1
2021-07-20 15:02:01.504,17597,17599,17599,1,1
2021-07-20 15:02:01.504,17597,17599,17599,1,1
2021-07-20 15:02:01.505,17597,17599,17599,1,1
2021-07-20 15:02:01.505,17597,17599,17599,1,1
2021-07-20 15:02:01.505,17597,17599,17599,1,1
2021-07-20 15:02:01.505,17597,17599,17600,1,1
2021-07-20 15:02:01.505,17597,17599,17600,1,1
2021-07-20 15:02:01.507,17597,17599,17600,1,1
2021-07-20 15:02:02.001,17598,17600,17600,1,1
2021-07-20 15:02:02.001,17598,17600,17601,3,3
2021-07-20 15:02:02.150,17598,17601,17601,1,1
2021-07-20 15:02:02.165,17598,17601,17599,1,-1
2021-07-20 15:02:02.209,17598,17601,17601,1,1
2021-07-20 15:02:02.239,17598,17601,17601,5,5
2021-07-20 15:02:02.262,17599,17601,17601,1,1
2021-07-20 15:02:02.482,17599,17602,17599,1,-1
2021-07-20 15:02:02.730,17599,17601,17599,1,-1
2021-07-20 15:02:02.991,17598,17601,17601,2,2
2021-07-20 15:02:03.261,17599,17602,17602,1,1
2021-07-20 15:02:03.998,17598,17600,17600,2,2
2021-07-20 15:02:06.002,17597,17598,17597,1,-1
2021-07-20 15:02:06.210,17596,17598,17596,1,-1
2021-07-20 15:02:09.082,17597,17598,17597,3,3
2021-07-20 15:02:09.128,17596,17598,17598,1,1
2021-07-20 15:02:09.129,17596,17598,17598,1,1
2021-07-20 15:02:09.129,17596,17598,17599,1,1
2021-07-20 15:02:09.129,17596,17598,17599,1,1
2021-07-20 15:02:09.129,17596,17598,17598,1,1
2021-07-20 15:02:09.129,17596,17598,17598,1,1
2021-07-20 15:02:09.129,17596,17598,17599,1,1
2021-07-20 15:02:09.129,17596,17598,17599,1,1
2021-07-20 15:02:09.130,17596,17598,17599,1,1
2021-07-20 15:02:09.130,17596,17598,17599,1,1
2021-07-20 15:02:09.130,17596,17598,17599,1,1
2021-07-20 15:02:09.131,17596,17598,17600,1,1
2021-07-20 15:02:10.636,17597,17599,17597,2,-2
2021-07-20 15:02:11.627,17596,17598,17596,3,-3
2021-07-20 15:02:11.721,17596,17598,17596,1,-1
2021-07-20 15:02:12.685,17595,17597,17595,1,-1
2021-07-20 15:02:14.034,17595,17597,17596,1,1
2021-07-20 15:02:14.184,17595,17597,17596,1,-1
2021-07-20 15:02:14.213,17595,17597,17595,2,-2
2021-07-20 15:02:14.214,17595,17597,17595,4,-4
2021-07-20 15:02:14.214,17595,17597,17595,9,-9
2021-07-20 15:02:14.344,17593,17595,17595,1,1
2021-07-20 15:02:14.896,17594,17596,17596,1,1
2021-07-20 15:02:15.268,17594,17596,17596,3,3
2021-07-20 15:02:15.268,17594,17596,17597,2,2
2021-07-20 15:02:15.561,17595,17597,17595,5,-5
2021-07-20 15:02:16.076,17595,17596,17595,1,-1
2021-07-20 15:02:17.107,17595,17596,17596,1,1
2021-07-20 15:02:17.128,17595,17596,17596,1,1
2021-07-20 15:02:17.129,17595,17596,17596,1,1
2021-07-20 15:02:17.129,17595,17596,17597,1,1
2021-07-20 15:02:17.129,17595,17596,17597,1,1
2021-07-20 15:02:17.129,17595,17596,17597,1,1
2021-07-20 15:02:17.130,17595,17596,17598,1,1
2021-07-20 15:02:17.130,17595,17596,17598,1,1
2021-07-20 15:02:17.130,17595,17596,17599,1,1
2021-07-20 15:02:18.391,17595,17596,17596,1,1
2021-07-20 15:02:19.627,17595,17596,17595,2,-2
2021-07-20 15:02:19.869,17594,17596,17595,1,-1
2021-07-20 15:02:20.377,17595,17596,17595,2,-2
2021-07-20 15:02:20.485,17595,17596,17594,1,-1
2021-07-20 15:02:21.765,17595,17596,17595,1,1
2021-07-20 15:02:22.377,17595,17596,17595,1,-1
2021-07-20 15:02:23.368,17594,17596,17594,1,-1
2021-07-20 15:02:23.911,17593,17596,17593,1,-1
2021-07-20 15:02:26.515,17594,17595,17595,1,1
2021-07-20 15:02:31.639,17594,17595,17594,1,-1
2021-07-20 15:02:31.753,17594,17595,17595,1,1
2021-07-20 15:02:31.753,17594,17595,17595,1,1
2021-07-20 15:02:31.754,17594,17595,17595,1,1
2021-07-20 15:02:31.754,17594,17595,17596,1,1
2021-07-20 15:02:31.754,17594,17595,17596,1,1
2021-07-20 15:02:31.755,17594,17595,17596,1,1
2021-07-20 15:02:31.756,17594,17595,17596,1,1
2021-07-20 15:02:31.757,17594,17595,17597,1,1
2021-07-20 15:02:33.259,17595,17597,17595,1,-1
2021-07-20 15:02:33.260,17595,17597,17595,1,-1
2021-07-20 15:02:34.130,17594,17596,17596,2,2
2021-07-20 15:02:34.424,17594,17596,17596,1,1
2021-07-20 15:02:35.809,17594,17596,17595,1,-1
2021-07-20 15:02:36.944,17594,17595,17595,1,1
2021-07-20 15:02:37.244,17594,17596,17595,1,-1
2021-07-20 15:02:37.253,17594,17596,17596,1,1
2021-07-20 15:02:37.254,17594,17596,17596,1,1
2021-07-20 15:02:37.254,17594,17596,17597,1,1
2021-07-20 15:02:37.255,17594,17596,17597,1,1
2021-07-20 15:02:38.377,17594,17595,17594,7,-7
2021-07-20 15:02:38.377,17594,17595,17594,1,-1
2021-07-20 15:02:38.378,17594,17595,17594,5,-5
2021-07-20 15:02:40.851,17593,17595,17594,1,-1
2021-07-20 15:02:40.851,17593,17595,17594,1,-1
2021-07-20 15:02:40.992,17593,17595,17593,4,-4
2021-07-20 15:02:40.993,17593,17595,17593,1,-1
2021-07-20 15:02:41.630,17593,17594,17594,1,1
2021-07-20 15:02:42.245,17593,17595,17593,1,-1
2021-07-20 15:02:42.909,17594,17595,17594,1,1
2021-07-20 15:02:45.957,17593,17594,17594,1,1
2021-07-20 15:02:46.162,17593,17594,17593,2,-2
2021-07-20 15:02:46.163,17593,17594,17593,1,-1
2021-07-20 15:02:48.886,17593,17594,17593,3,-3
2021-07-20 15:02:48.886,17593,17594,17593,1,-1
2021-07-20 15:02:49.000,17593,17594,17594,1,1
2021-07-20 15:02:49.004,17593,17594,17594,1,1
2021-07-20 15:02:49.005,17593,17594,17594,1,1
2021-07-20 15:02:49.005,17593,17594,17594,1,1
2021-07-20 15:02:49.005,17593,17594,17594,6,6
2021-07-20 15:02:49.152,17593,17595,17595,1,1
2021-07-20 15:02:49.153,17593,17595,17595,5,5
2021-07-20 15:02:49.153,17593,17595,17595,1,1
2021-07-20 15:02:49.153,17593,17595,17595,4,4
2021-07-20 15:02:49.153,17593,17595,17595,1,1
2021-07-20 15:02:49.153,17593,17595,17595,1,1
2021-07-20 15:02:49.384,17594,17595,17595,1,1
2021-07-20 15:02:49.385,17594,17595,17595,1,1
2021-07-20 15:02:50.016,17594,17595,17594,3,-3
2021-07-20 15:02:50.017,17594,17595,17594,1,-1
2021-07-20 15:02:53.401,17593,17595,17593,2,-2
2021-07-20 15:02:56.027,17593,17594,17594,1,1
2021-07-20 15:02:57.498,17593,17594,17593,2,-2
2021-07-20 15:02:58.089,17593,17594,17593,1,-1
2021-07-20 15:02:58.421,17592,17594,17593,1,-1
2021-07-20 15:02:59.054,17592,17594,17592,1,-1
2021-07-20 15:02:59.298,17592,17594,17593,1,1
2021-07-20 15:03:00.056,17592,17594,17594,8,8
2021-07-20 15:03:00.056,17592,17594,17595,5,5
2021-07-20 15:03:00.076,17592,17594,17595,1,1
2021-07-20 15:03:00.089,17592,17594,17595,1,1
2021-07-20 15:03:00.093,17592,17594,17596,1,1
2021-07-20 15:03:00.106,17592,17594,17596,2,2
2021-07-20 15:03:00.112,17592,17594,17596,1,1
2021-07-20 15:03:00.133,17594,17596,17596,1,1
2021-07-20 15:03:00.133,17594,17596,17596,1,1
2021-07-20 15:03:00.137,17594,17596,17596,1,1
2021-07-20 15:03:00.139,17594,17596,17596,2,2
2021-07-20 15:03:01.465,17594,17595,17594,1,-1
2021-07-20 15:03:01.504,17594,17595,17595,1,1
2021-07-20 15:03:01.504,17594,17595,17595,1,1
2021-07-20 15:03:01.504,17594,17595,17596,1,1
2021-07-20 15:03:02.129,17594,17596,17596,2,2
2021-07-20 15:03:02.987,17594,17596,17596,1,1
2021-07-20 15:03:03.688,17594,17596,17594,1,-1
2021-07-20 15:03:04.246,17594,17595,17595,1,1
2021-07-20 15:03:04.246,17594,17595,17596,1,1
2021-07-20 15:03:08.042,17594,17595,17595,1,1
2021-07-20 15:03:08.473,17594,17595,17595,1,1
2021-07-20 15:03:11.094,17595,17596,17595,2,-2
2021-07-20 15:03:11.128,17595,17596,17596,1,1
2021-07-20 15:03:11.129,17595,17596,17596,1,1
2021-07-20 15:03:11.129,17595,17596,17596,1,1
2021-07-20 15:03:11.130,17595,17596,17597,1,1
2021-07-20 15:03:11.131,17595,17596,17597,1,1
2021-07-20 15:03:11.131,17595,17596,17598,1,1
2021-07-20 15:03:11.131,17595,17596,17598,1,1
2021-07-20 15:03:11.131,17595,17596,17598,1,1
2021-07-20 15:03:11.133,17595,17596,17598,1,1
2021-07-20 15:03:11.133,17595,17596,17598,1,1
2021-07-20 15:03:11.134,17595,17596,17598,1,1
2021-07-20 15:03:11.171,17595,17596,17596,1,1
2021-07-20 15:03:15.612,17595,17596,17595,2,-2
2021-07-20 15:03:15.683,17595,17596,17596,2,2
2021-07-20 15:03:17.330,17595,17597,17597,5,5
2021-07-20 15:03:17.418,17595,17597,17597,1,1
2021-07-20 15:03:20.380,17595,17596,17596,1,1
2021-07-20 15:03:20.503,17595,17597,17597,1,1
2021-07-20 15:03:20.504,17595,17597,17597,1,1
2021-07-20 15:03:20.504,17595,17597,17597,1,1
2021-07-20 15:03:20.504,17595,17597,17597,1,1
2021-07-20 15:03:20.504,17595,17597,17598,1,1
2021-07-20 15:03:20.504,17595,17597,17598,1,1
2021-07-20 15:03:20.504,17595,17597,17598,1,1
2021-07-20 15:03:20.505,17595,17597,17598,1,1
2021-07-20 15:03:20.505,17595,17597,17598,1,1
2021-07-20 15:03:25.950,17595,17597,17597,2,2
2021-07-20 15:03:27.489,17596,17597,17597,1,1
2021-07-20 15:03:27.613,17596,17597,17597,1,1
2021-07-20 15:03:30.826,17597,17598,17598,5,5
2021-07-20 15:03:30.827,17597,17598,17598,1,1
2021-07-20 15:03:30.827,17597,17598,17598,1,1
2021-07-20 15:03:30.878,17597,17599,17599,1,1
2021-07-20 15:03:30.879,17597,17599,17599,1,1
2021-07-20 15:03:30.879,17597,17599,17599,1,1
2021-07-20 15:03:30.879,17597,17599,17599,1,1
2021-07-20 15:03:30.879,17597,17599,17599,1,1
2021-07-20 15:03:30.879,17597,17599,17599,1,1
2021-07-20 15:03:30.879,17597,17599,17599,1,1
2021-07-20 15:03:30.879,17597,17599,17599,1,1
2021-07-20 15:03:30.880,17597,17599,17599,1,1
2021-07-20 15:03:30.880,17597,17599,17599,1,1
2021-07-20 15:03:30.880,17597,17599,17599,1,1
2021-07-20 15:03:30.880,17597,17599,17599,1,1
2021-07-20 15:03:30.880,17597,17599,17600,1,1
2021-07-20 15:03:30.880,17597,17599,17600,1,1
2021-07-20 15:03:30.881,17597,17599,17600,1,1
2021-07-20 15:03:33.852,17598,17599,17598,2,-2
2021-07-20 15:03:33.853,17598,17599,17598,1,-1
2021-07-20 15:03:37.541,17598,17599,17599,5,5
2021-07-20 15:03:39.116,17598,17600,17598,1,-1
2021-07-20 15:03:39.128,17598,17600,17600,1,1
2021-07-20 15:03:44.267,17599,17600,17600,1,1
2021-07-20 15:03:45.489,17599,17600,17600,4,4
2021-07-20 15:03:46.037,17599,17600,17600,5,5
2021-07-20 15:03:48.576,17599,17600,17600,1,1
2021-07-20 15:03:48.624,17599,17600,17600,1,1
2021-07-20 15:03:48.628,17599,17600,17600,1,1
2021-07-20 15:03:49.025,17599,17600,17600,1,1
2021-07-20 15:03:49.025,17599,17600,17600,8,8
2021-07-20 15:03:49.082,17599,17600,17600,1,1
2021-07-20 15:03:49.122,17599,17600,17600,19,19
2021-07-20 15:03:49.122,17599,17600,17600,6,6
2021-07-20 15:03:49.122,17599,17600,17600,16,16
2021-07-20 15:03:49.123,17599,17600,17601,1,1
2021-07-20 15:03:49.123,17599,17600,17601,1,1
2021-07-20 15:03:49.123,17599,17600,17601,1,1
2021-07-20 15:03:49.123,17599,17600,17601,1,1
2021-07-20 15:03:49.124,17599,17600,17601,5,5
2021-07-20 15:03:49.124,17599,17600,17601,1,1
2021-07-20 15:03:49.124,17599,17600,17601,1,1
2021-07-20 15:03:49.127,17601,17602,17602,1,1
2021-07-20 15:03:49.953,17600,17602,17602,1,1
2021-07-20 15:03:50.104,17600,17602,17602,1,1
2021-07-20 15:03:50.206,17600,17602,17602,1,1
2021-07-20 15:03:50.283,17601,17603,17601,5,-5
2021-07-20 15:03:50.283,17601,17603,17600,1,-1
2021-07-20 15:03:50.367,17601,17603,17602,1,1
2021-07-20 15:03:50.879,17600,17602,17601,1,-1
2021-07-20 15:03:51.022,17601,17602,17601,1,-1
2021-07-20 15:03:53.572,17600,17602,17602,2,2
2021-07-20 15:03:53.735,17600,17602,17600,1,-1
2021-07-20 15:03:53.736,17600,17602,17600,3,-3
2021-07-20 15:03:53.740,17600,17602,17599,1,-1
2021-07-20 15:03:55.906,17597,17600,17600,1,1
2021-07-20 15:03:57.842,17597,17599,17599,1,1
2021-07-20 15:03:58.338,17597,17599,17597,1,-1
2021-07-20 15:03:58.338,17597,17599,17597,2,-2
2021-07-20 15:03:58.338,17597,17599,17597,2,-2
2021-07-20 15:03:58.379,17596,17598,17598,1,1
2021-07-20 15:03:59.607,17595,17598,17598,2,2
2021-07-20 15:04:00.019,17595,17598,17598,1,1
2021-07-20 15:04:00.153,17596,17598,17598,1,1
2021-07-20 15:04:00.221,17596,17598,17597,1,-1
2021-07-20 15:04:00.221,17596,17598,17598,12,12
2021-07-20 15:04:04.217,17597,17599,17597,3,-3
2021-07-20 15:04:04.553,17596,17598,17598,1,1
2021-07-20 15:04:04.589,17596,17598,17598,1,1
2021-07-20 15:04:05.256,17597,17598,17598,2,2
2021-07-20 15:04:05.759,17597,17598,17597,2,-2
2021-07-20 15:04:05.759,17597,17598,17596,3,-3
2021-07-20 15:04:06.111,17595,17598,17598,1,1
2021-07-20 15:04:07.520,17595,17598,17597,1,-1
2021-07-20 15:04:12.718,17596,17597,17596,1,-1
2021-07-20 15:04:12.747,17596,17597,17596,1,-1
2021-07-20 15:04:12.852,17596,17597,17596,1,-1
2021-07-20 15:04:12.852,17596,17597,17596,4,-4
2021-07-20 15:04:12.853,17596,17597,17596,6,-6
2021-07-20 15:04:12.878,17595,17596,17595,2,-2
2021-07-20 15:04:14.582,17595,17596,17595,1,-1
2021-07-20 15:04:15.757,17595,17596,17595,6,-6
2021-07-20 15:04:15.802,17595,17596,17595,5,-5
2021-07-20 15:04:16.942,17595,17596,17595,1,-1
2021-07-20 15:04:16.973,17595,17596,17595,1,-1
2021-07-20 15:04:16.973,17595,17596,17595,1,-1
2021-07-20 15:04:18.518,17594,17596,17596,1,1
2021-07-20 15:04:20.057,17594,17596,17595,1,-1
2021-07-20 15:04:24.788,17595,17596,17595,1,-1
2021-07-20 15:04:27.090,17594,17595,17594,5,-5
2021-07-20 15:04:27.091,17594,17595,17594,1,-1
2021-07-20 15:04:27.100,17594,17595,17595,1,1
2021-07-20 15:04:27.152,17593,17595,17595,1,1
2021-07-20 15:04:28.130,17593,17595,17593,2,-2
2021-07-20 15:04:28.389,17593,17595,17595,5,5
2021-07-20 15:04:28.695,17593,17595,17595,1,1
2021-07-20 15:04:35.343,17594,17595,17595,1,1
2021-07-20 15:04:35.343,17594,17595,17595,2,2
2021-07-20 15:04:36.407,17595,17596,17595,1,-1
2021-07-20 15:04:37.147,17595,17596,17595,1,-1
2021-07-20 15:04:37.958,17595,17596,17595,1,-1
2021-07-20 15:04:39.158,17595,17596,17595,1,-1
2021-07-20 15:04:40.709,17594,17595,17594,2,-2
2021-07-20 15:04:44.024,17594,17595,17594,1,-1
2021-07-20 15:04:44.025,17594,17595,17594,1,-1
2021-07-20 15:04:44.025,17594,17595,17594,1,-1
2021-07-20 15:04:45.982,17594,17595,17594,1,-1
2021-07-20 15:04:46.007,17593,17594,17593,6,-6
2021-07-20 15:04:47.125,17592,17594,17594,1,1
2021-07-20 15:04:48.863,17592,17594,17592,4,-4
2021-07-20 15:04:50.119,17592,17593,17592,1,-1
2021-07-20 15:04:50.120,17592,17593,17592,4,-4
2021-07-20 15:04:51.943,17591,17593,17593,1,1
2021-07-20 15:04:52.748,17591,17592,17591,1,-1
2021-07-20 15:04:53.413,17591,17592,17591,1,-1
2021-07-20 15:04:53.445,17591,17592,17591,1,-1
2021-07-20 15:04:53.445,17591,17592,17591,6,-6
2021-07-20 15:04:53.800,17591,17592,17591,4,-4
2021-07-20 15:04:54.515,17591,17592,17592,1,1
2021-07-20 15:04:55.027,17591,17592,17591,1,-1
2021-07-20 15:04:55.037,17591,17592,17591,1,-1
2021-07-20 15:04:55.037,17591,17592,17591,13,-13
2021-07-20 15:04:57.738,17590,17591,17590,1,-1
2021-07-20 15:04:57.785,17590,17591,17590,1,-1
2021-07-20 15:04:57.960,17590,17591,17590,2,-2
2021-07-20 15:04:57.960,17590,17591,17590,1,-1
2021-07-20 15:04:58.392,17590,17591,17590,1,-1
2021-07-20 15:04:58.605,17590,17591,17590,1,-1
2021-07-20 15:04:59.718,17590,17591,17590,1,-1
2021-07-20 15:05:00.063,17590,17591,17591,7,7
2021-07-20 15:05:00.064,17590,17591,17591,3,3
2021-07-20 15:05:00.415,17590,17592,17592,1,1
2021-07-20 15:05:00.660,17590,17592,17590,1,-1
2021-07-20 15:05:01.445,17590,17592,17590,1,-1
2021-07-20 15:05:01.684,17590,17592,17590,1,-1
2021-07-20 15:05:02.284,17590,17592,17592,1,1
2021-07-20 15:05:02.302,17590,17592,17592,1,1
2021-07-20 15:05:02.417,17590,17592,17590,1,-1
2021-07-20 15:05:02.527,17590,17592,17590,2,-2
2021-07-20 15:05:02.919,17590,17591,17590,1,-1
2021-07-20 15:05:03.107,17589,17591,17591,1,1
2021-07-20 15:05:03.634,17589,17590,17590,1,1
2021-07-20 15:05:06.303,17589,17590,17589,1,-1
2021-07-20 15:05:07.488,17589,17590,17590,4,4
2021-07-20 15:05:07.489,17589,17590,17590,1,1
2021-07-20 15:05:07.489,17589,17590,17590,1,1
2021-07-20 15:05:09.851,17590,17591,17590,2,-2
2021-07-20 15:05:10.193,17590,17591,17591,2,2
2021-07-20 15:05:12.187,17590,17591,17590,2,-2
2021-07-20 15:05:12.886,17589,17591,17591,1,1
2021-07-20 15:05:15.759,17589,17590,17589,4,-4
2021-07-20 15:05:16.359,17589,17590,17590,1,1
2021-07-20 15:05:17.277,17589,17590,17590,2,2
2021-07-20 15:05:23.967,17590,17591,17590,5,-5
2021-07-20 15:05:24.596,17589,17590,17590,1,1
2021-07-20 15:05:25.277,17589,17590,17590,2,2
2021-07-20 15:05:28.355,17589,17591,17590,1,-1
2021-07-20 15:05:29.011,17589,17591,17589,1,-1
2021-07-20 15:05:31.529,17589,17591,17590,1,1
2021-07-20 15:05:32.928,17589,17590,17589,4,-4
2021-07-20 15:05:33.220,17588,17590,17588,2,-2
2021-07-20 15:05:33.300,17588,17589,17588,1,-1
2021-07-20 15:05:33.301,17588,17589,17588,1,-1
2021-07-20 15:05:33.301,17588,17589,17588,17,-17
2021-07-20 15:05:36.197,17587,17588,17587,1,-1
2021-07-20 15:05:36.198,17587,17588,17587,1,-1
2021-07-20 15:05:36.453,17587,17588,17587,1,-1
2021-07-20 15:05:36.624,17587,17588,17587,1,-1
2021-07-20 15:05:38.259,17586,17587,17586,3,-3
2021-07-20 15:05:38.458,17586,17587,17586,1,-1
2021-07-20 15:05:40.599,17586,17587,17586,2,-2
2021-07-20 15:05:42.892,17586,17587,17586,3,-3
2021-07-20 15:05:44.405,17585,17586,17585,1,-1
2021-07-20 15:05:44.984,17585,17586,17585,1,-1
2021-07-20 15:05:45.022,17585,17586,17585,10,-10
2021-07-20 15:05:45.191,17585,17586,17585,1,-1
2021-07-20 15:05:45.900,17584,17586,17585,1,-1
2021-07-20 15:05:47.826,17584,17585,17584,1,-1
2021-07-20 15:05:48.228,17584,17585,17584,1,-1
2021-07-20 15:05:49.506,17584,17585,17584,1,-1
2021-07-20 15:05:49.678,17584,17585,17584,1,-1
2021-07-20 15:05:50.036,17584,17585,17584,1,-1
2021-07-20 15:05:50.661,17584,17585,17584,1,-1
2021-07-20 15:05:50.814,17584,17585,17584,1,-1
2021-07-20 15:05:50.973,17584,17585,17584,1,-1
2021-07-20 15:05:51.117,17584,17585,17584,1,-1
2021-07-20 15:05:51.122,17584,17585,17584,1,-1
2021-07-20 15:05:51.246,17584,17585,17584,1,-1
2021-07-20 15:05:51.533,17584,17585,17584,3,-3
2021-07-20 15:05:53.065,17584,17585,17584,1,-1
2021-07-20 15:05:55.733,17584,17585,17584,1,-1
2021-07-20 15:05:55.887,17584,17585,17584,1,-1
2021-07-20 15:05:55.887,17584,17585,17583,2,-2
2021-07-20 15:05:55.976,17584,17585,17584,1,1
2021-07-20 15:06:01.307,17583,17584,17584,1,1
2021-07-20 15:06:01.307,17583,17584,17584,1,1
2021-07-20 15:06:01.846,17584,17585,17585,1,1
2021-07-20 15:06:01.863,17584,17585,17585,1,1
2021-07-20 15:06:02.391,17584,17585,17584,1,-1
2021-07-20 15:06:02.874,17584,17585,17585,10,10
2021-07-20 15:06:02.875,17584,17585,17585,1,1
2021-07-20 15:06:03.181,17585,17586,17586,5,5
2021-07-20 15:06:03.407,17585,17587,17585,1,-1
2021-07-20 15:06:03.546,17585,17587,17587,3,3
2021-07-20 15:06:03.687,17586,17588,17585,1,-1
2021-07-20 15:06:06.711,17586,17588,17586,2,2
2021-07-20 15:06:11.561,17586,17587,17587,1,1
2021-07-20 15:06:13.157,17586,17587,17587,1,1
2021-07-20 15:06:13.770,17587,17588,17588,1,1
2021-07-20 15:06:14.494,17587,17588,17587,1,-1
2021-07-20 15:06:14.518,17587,17588,17587,2,-2
2021-07-20 15:06:15.357,17586,17587,17587,2,2
2021-07-20 15:06:16.845,17586,17588,17588,1,1
2021-07-20 15:06:17.899,17587,17588,17587,1,-1
2021-07-20 15:06:18.509,17586,17587,17586,1,-1
2021-07-20 15:06:18.897,17586,17587,17586,1,-1
2021-07-20 15:06:19.705,17586,17587,17587,1,1
2021-07-20 15:06:19.870,17587,17588,17588,2,2
2021-07-20 15:06:20.569,17587,17588,17587,5,-5
2021-07-20 15:06:20.569,17587,17588,17586,6,-6
2021-07-20 15:06:20.570,17587,17588,17586,1,-1
2021-07-20 15:06:20.570,17587,17588,17586,9,-9
2021-07-20 15:06:21.939,17587,17588,17587,4,4
2021-07-20 15:06:22.363,17586,17588,17586,1,-1
2021-07-20 15:06:25.456,17586,17588,17588,5,5
2021-07-20 15:06:25.509,17587,17589,17587,2,-2
2021-07-20 15:06:30.981,17587,17588,17587,1,-1
2021-07-20 15:06:30.982,17587,17588,17587,1,-1
2021-07-20 15:06:30.982,17587,17588,17587,1,-1
2021-07-20 15:06:32.869,17587,17588,17587,1,-1
2021-07-20 15:06:33.288,17586,17587,17586,2,-2
2021-07-20 15:06:35.662,17585,17587,17587,1,1
2021-07-20 15:06:39.012,17585,17587,17585,2,-2
2021-07-20 15:06:39.107,17585,17587,17585,1,-1
2021-07-20 15:06:39.878,17585,17587,17585,5,-5
2021-07-20 15:06:39.878,17585,17587,17584,5,-5
2021-07-20 15:06:40.107,17584,17587,17584,1,-1
2021-07-20 15:06:43.269,17585,17586,17586,3,3
2021-07-20 15:06:44.196,17585,17588,17585,3,-3
2021-07-20 15:06:44.961,17585,17588,17585,4,-4
2021-07-20 15:06:45.082,17584,17587,17585,2,-2
2021-07-20 15:06:50.126,17585,17587,17585,1,-1
2021-07-20 15:06:58.233,17586,17587,17586,1,1
2021-07-20 15:07:01.027,17585,17587,17586,2,-2
2021-07-20 15:07:01.027,17585,17587,17586,3,-3
2021-07-20 15:07:01.821,17586,17587,17587,1,1
2021-07-20 15:07:02.766,17586,17587,17587,2,2
2021-07-20 15:07:02.797,17586,17587,17587,1,1
2021-07-20 15:07:05.679,17586,17588,17586,2,-2
2021-07-20 15:07:05.828,17586,17588,17586,1,-1
2021-07-20 15:07:06.862,17586,17587,17587,1,1
2021-07-20 15:07:06.900,17586,17587,17586,1,-1
2021-07-20 15:07:11.264,17586,17588,17586,1,-1
2021-07-20 15:07:12.833,17586,17588,17588,1,1
2021-07-20 15:07:13.192,17587,17588,17587,2,-2
2021-07-20 15:07:13.192,17587,17588,17586,6,-6
2021-07-20 15:07:13.193,17587,17588,17586,4,-4
2021-07-20 15:07:15.363,17586,17588,17587,1,1
2021-07-20 15:07:18.627,17587,17588,17588,3,3
2021-07-20 15:07:20.992,17587,17589,17588,1,-1
2021-07-20 15:07:21.252,17587,17589,17589,1,1
2021-07-20 15:07:21.434,17587,17590,17587,9,-9
2021-07-20 15:07:21.434,17587,17590,17587,3,-3
2021-07-20 15:07:22.201,17587,17588,17588,2,2
2021-07-20 15:07:26.517,17588,17590,17588,1,-1
2021-07-20 15:07:26.988,17588,17590,17588,5,-5
2021-07-20 15:07:30.049,17588,17590,17588,4,-4
2021-07-20 15:07:36.254,17589,17590,17589,2,2
2021-07-20 15:07:36.254,17589,17590,17588,2,-2
2021-07-20 15:07:37.575,17588,17590,17588,4,-4
2021-07-20 15:07:37.659,17588,17590,17590,2,2
2021-07-20 15:07:38.604,17589,17590,17590,1,1
2021-07-20 15:07:39.085,17589,17590,17590,4,4
2021-07-20 15:07:39.592,17590,17591,17591,2,2
2021-07-20 15:07:41.383,17589,17592,17592,1,1
2021-07-20 15:07:42.420,17589,17592,17592,4,4
2021-07-20 15:07:44.702,17590,17593,17592,1,-1
2021-07-20 15:07:46.419,17591,17593,17593,1,1
2021-07-20 15:07:47.166,17592,17593,17593,1,1
2021-07-20 15:07:48.326,17592,17594,17592,3,-3
2021-07-20 15:07:48.391,17592,17593,17592,2,-2
2021-07-20 15:07:52.926,17591,17593,17591,1,-1
2021-07-20 15:07:54.085,17590,17591,17591,5,5
2021-07-20 15:07:56.048,17590,17591,17591,4,4
2021-07-20 15:07:56.049,17590,17591,17591,3,3
2021-07-20 15:07:56.572,17590,17592,17590,1,-1
2021-07-20 15:08:00.053,17590,17592,17592,1,1
2021-07-20 15:08:00.078,17590,17592,17592,1,1
2021-07-20 15:08:00.081,17590,17592,17592,1,1
2021-07-20 15:08:00.085,17590,17592,17592,1,1
2021-07-20 15:08:00.404,17590,17592,17592,3,3
2021-07-20 15:08:00.404,17590,17592,17593,5,5
2021-07-20 15:08:01.506,17590,17592,17592,2,2
2021-07-20 15:08:01.507,17590,17592,17592,1,1
2021-07-20 15:08:01.514,17590,17592,17592,1,1
2021-07-20 15:08:02.752,17592,17593,17593,3,3
2021-07-20 15:08:03.519,17592,17594,17593,1,-1
2021-07-20 15:08:03.627,17593,17594,17594,9,9
2021-07-20 15:08:04.259,17593,17595,17593,1,-1
2021-07-20 15:08:07.540,17593,17595,17593,4,-4
2021-07-20 15:08:07.540,17593,17595,17593,8,-8
2021-07-20 15:08:15.283,17593,17594,17593,1,-1
2021-07-20 15:08:16.190,17592,17593,17592,1,-1
2021-07-20 15:08:16.190,17592,17593,17592,8,-8
2021-07-20 15:08:16.214,17592,17593,17591,1,-1
2021-07-20 15:08:17.285,17591,17592,17591,1,-1
2021-07-20 15:08:17.286,17591,17592,17591,1,-1
2021-07-20 15:08:17.286,17591,17592,17591,1,-1
2021-07-20 15:08:17.286,17591,17592,17591,1,-1
2021-07-20 15:08:17.286,17591,17592,17591,1,-1
2021-07-20 15:08:17.286,17591,17592,17591,1,-1
2021-07-20 15:08:17.286,17591,17592,17591,5,-5
2021-07-20 15:08:17.780,17590,17591,17590,2,-2
2021-07-20 15:08:17.903,17590,17591,17591,1,1
2021-07-20 15:08:18.405,17590,17591,17591,1,1
2021-07-20 15:08:20.745,17590,17592,17592,1,1
2021-07-20 15:08:27.975,17591,17592,17592,1,1
2021-07-20 15:08:31.527,17591,17593,17591,2,-2
2021-07-20 15:08:34.750,17592,17593,17593,3,3
2021-07-20 15:08:34.751,17592,17593,17593,3,3
2021-07-20 15:08:36.946,17592,17594,17592,3,-3
2021-07-20 15:08:37.161,17592,17594,17592,3,-3
2021-07-20 15:08:37.161,17592,17594,17592,1,-1
2021-07-20 15:08:37.161,17592,17594,17592,3,-3
2021-07-20 15:08:37.161,17592,17594,17592,2,-2
2021-07-20 15:08:37.161,17592,17594,17592,1,-1
2021-07-20 15:08:37.161,17592,17594,17592,2,-2
2021-07-20 15:08:37.310,17592,17594,17592,1,-1
2021-07-20 15:08:37.621,17592,17594,17594,3,3
2021-07-20 15:08:37.621,17592,17594,17594,2,2
2021-07-20 15:08:38.626,17593,17595,17595,1,1
2021-07-20 15:08:38.831,17593,17595,17595,8,8
2021-07-20 15:08:40.166,17594,17595,17594,1,-1
2021-07-20 15:08:42.797,17593,17595,17593,6,-6
2021-07-20 15:08:42.799,17593,17595,17593,6,-6
2021-07-20 15:08:46.266,17593,17595,17595,1,1
2021-07-20 15:08:47.712,17593,17595,17593,1,-1
2021-07-20 15:08:49.588,17593,17595,17594,1,1
2021-07-20 15:08:53.599,17593,17595,17593,5,-5
2021-07-20 15:08:54.653,17592,17593,17593,6,6
2021-07-20 15:08:54.653,17592,17593,17593,2,2
2021-07-20 15:09:00.051,17593,17595,17595,1,1
2021-07-20 15:09:00.059,17593,17595,17595,1,1
2021-07-20 15:09:00.065,17593,17595,17595,1,1
2021-07-20 15:09:00.069,17593,17595,17595,1,1
2021-07-20 15:09:00.572,17593,17595,17595,1,1
2021-07-20 15:09:02.143,17594,17595,17594,2,-2
2021-07-20 15:09:02.551,17592,17594,17594,2,2
2021-07-20 15:09:05.254,17593,17595,17592,1,-1
2021-07-20 15:09:06.418,17592,17594,17594,1,1
2021-07-20 15:09:06.454,17592,17594,17592,1,-1
2021-07-20 15:09:06.611,17592,17595,17595,1,1
2021-07-20 15:09:12.510,17594,17595,17594,1,-1
2021-07-20 15:09:12.510,17594,17595,17592,4,-4
2021-07-20 15:09:16.628,17593,17595,17593,1,1
2021-07-20 15:09:17.789,17593,17595,17595,1,1
2021-07-20 15:09:19.018,17593,17595,17595,5,5
2021-07-20 15:09:19.019,17593,17595,17595,6,6
2021-07-20 15:09:19.271,17594,17596,17594,1,-1
2021-07-20 15:09:19.669,17593,17595,17595,4,4
2021-07-20 15:09:23.161,17594,17595,17594,2,-2
2021-07-20 15:09:24.259,17593,17594,17594,1,1
2021-07-20 15:09:24.261,17593,17594,17593,1,-1
2021-07-20 15:09:25.489,17593,17594,17594,14,14
2021-07-20 15:09:27.324,17593,17594,17594,2,2
2021-07-20 15:09:27.515,17594,17595,17595,2,2
2021-07-20 15:09:27.558,17594,17595,17595,1,1
2021-07-20 15:09:27.671,17594,17595,17595,2,2
2021-07-20 15:09:29.803,17593,17595,17595,1,1
2021-07-20 15:09:29.879,17593,17595,17595,1,1
2021-07-20 15:09:31.245,17593,17595,17593,3,-3
2021-07-20 15:09:36.410,17594,17595,17594,3,3
2021-07-20 15:09:38.456,17593,17595,17593,1,-1
2021-07-20 15:09:42.418,17594,17595,17594,1,1
2021-07-20 15:09:42.955,17593,17594,17594,11,11
2021-07-20 15:09:43.881,17593,17595,17595,1,1
2021-07-20 15:09:45.610,17593,17595,17593,1,-1
2021-07-20 15:09:52.446,17593,17595,17593,1,-1
2021-07-20 15:09:54.407,17593,17594,17594,1,1
2021-07-20 15:09:54.503,17593,17594,17594,1,1
2021-07-20 15:09:54.740,17593,17595,17595,1,1
2021-07-20 15:09:57.952,17594,17595,17594,1,-1
2021-07-20 15:09:58.185,17594,17595,17595,1,1
2021-07-20 15:09:58.421,17594,17595,17595,3,3
2021-07-20 15:09:59.131,17594,17595,17594,1,-1
2021-07-20 15:10:00.059,17594,17595,17595,1,1
2021-07-20 15:10:00.093,17594,17595,17595,1,1
2021-07-20 15:10:00.099,17594,17595,17595,1,1
2021-07-20 15:10:00.319,17594,17595,17595,1,1
2021-07-20 15:10:00.319,17594,17595,17596,1,1
2021-07-20 15:10:00.336,17594,17595,17596,1,1
2021-07-20 15:10:00.385,17594,17596,17596,3,3
2021-07-20 15:10:00.447,17594,17596,17596,3,3
2021-07-20 15:10:00.451,17594,17596,17596,6,6
2021-07-20 15:10:00.451,17594,17596,17596,3,3
2021-07-20 15:10:00.493,17594,17596,17597,3,3
2021-07-20 15:10:00.522,17596,17598,17598,3,3
2021-07-20 15:10:00.706,17596,17598,17598,9,9
2021-07-20 15:10:00.853,17598,17599,17598,1,-1
2021-07-20 15:10:00.901,17598,17599,17599,1,1
2021-07-20 15:10:01.110,17598,17599,17598,1,-1
2021-07-20 15:10:01.110,17598,17599,17598,4,-4
2021-07-20 15:10:01.174,17595,17597,17597,3,3
2021-07-20 15:10:01.952,17595,17597,17597,1,1
2021-07-20 15:10:01.962,17595,17597,17597,1,1
2021-07-20 15:10:02.796,17595,17597,17597,1,1
2021-07-20 15:10:04.128,17594,17597,17596,1,-1
2021-07-20 15:10:12.299,17594,17596,17596,3,3
2021-07-20 15:10:12.353,17594,17596,17595,1,-1
2021-07-20 15:10:16.074,17597,17598,17598,2,2
2021-07-20 15:10:16.074,17597,17598,17599,3,3
2021-07-20 15:10:16.081,17597,17598,17597,1,-1
2021-07-20 15:10:16.414,17597,17598,17597,1,-1
2021-07-20 15:10:16.516,17596,17598,17596,1,-1
2021-07-20 15:10:20.554,17597,17598,17598,5,5
2021-07-20 15:10:21.456,17597,17598,17598,1,1
2021-07-20 15:10:23.409,17597,17598,17597,1,-1
2021-07-20 15:10:23.711,17596,17598,17598,1,1
2021-07-20 15:10:30.361,17596,17597,17596,2,-2
2021-07-20 15:10:30.585,17596,17597,17597,3,3
2021-07-20 15:10:33.771,17596,17597,17597,2,2
2021-07-20 15:10:36.101,17596,17597,17597,1,1
2021-07-20 15:10:38.650,17596,17597,17597,3,3
2021-07-20 15:10:38.650,17596,17597,17597,1,1
2021-07-20 15:10:38.650,17596,17597,17597,1,1
2021-07-20 15:10:38.651,17596,17597,17597,1,1
2021-07-20 15:10:40.042,17596,17597,17597,1,1
2021-07-20 15:10:41.037,17596,17598,17598,1,1
2021-07-20 15:10:45.013,17596,17598,17598,1,1
2021-07-20 15:10:45.630,17596,17598,17596,1,-1
2021-07-20 15:10:56.805,17596,17597,17596,7,-7
2021-07-20 15:10:57.484,17595,17597,17595,1,-1
2021-07-20 15:10:57.543,17595,17596,17595,1,-1
2021-07-20 15:10:57.543,17595,17596,17595,2,-2
2021-07-20 15:10:57.543,17595,17596,17595,1,-1
2021-07-20 15:10:57.543,17595,17596,17595,1,-1
2021-07-20 15:10:57.543,17595,17596,17595,1,-1
2021-07-20 15:10:57.543,17595,17596,17595,2,-2
2021-07-20 15:10:57.543,17595,17596,17595,1,-1
2021-07-20 15:10:57.544,17595,17596,17595,1,-1
2021-07-20 15:10:57.544,17595,17596,17595,1,-1
2021-07-20 15:10:57.544,17595,17596,17595,2,-2
2021-07-20 15:11:00.009,17594,17596,17596,2,2
2021-07-20 15:11:00.058,17594,17596,17596,1,1
2021-07-20 15:11:00.579,17594,17596,17596,1,1
2021-07-20 15:11:03.326,17595,17596,17596,1,1
2021-07-20 15:11:09.910,17596,17597,17596,1,-1
2021-07-20 15:11:21.956,17595,17597,17595,1,-1
2021-07-20 15:11:25.816,17595,17597,17596,1,1
2021-07-20 15:11:26.754,17595,17597,17595,1,-1
2021-07-20 15:11:27.491,17595,17597,17596,1,1
2021-07-20 15:11:28.550,17595,17596,17595,3,-3
2021-07-20 15:11:28.551,17595,17596,17595,1,-1
2021-07-20 15:11:30.177,17594,17596,17596,2,2
2021-07-20 15:11:30.461,17594,17597,17597,3,3
2021-07-20 15:11:32.983,17595,17596,17596,1,1
2021-07-20 15:11:38.475,17596,17597,17596,1,-1
2021-07-20 15:11:41.796,17595,17596,17596,1,1
2021-07-20 15:11:41.986,17595,17596,17595,1,-1
2021-07-20 15:11:42.169,17594,17596,17596,2,2
2021-07-20 15:11:46.800,17594,17596,17596,3,3
2021-07-20 15:11:51.236,17595,17596,17595,2,-2
2021-07-20 15:11:52.114,17595,17596,17596,2,2
2021-07-20 15:11:52.115,17595,17596,17596,2,2
2021-07-20 15:11:52.115,17595,17596,17596,1,1
2021-07-20 15:11:53.035,17595,17597,17597,1,1
2021-07-20 15:11:53.090,17595,17597,17597,4,4
2021-07-20 15:11:53.793,17595,17596,17596,1,1
2021-07-20 15:11:55.043,17595,17597,17597,3,3
2021-07-20 15:11:55.806,17596,17598,17596,1,-1
2021-07-20 15:11:57.253,17596,17598,17597,1,1
2021-07-20 15:11:58.467,17597,17598,17597,1,-1
2021-07-20 15:12:00.553,17597,17598,17598,1,1
2021-07-20 15:12:00.553,17597,17598,17598,2,2
2021-07-20 15:12:00.553,17597,17598,17598,2,2
2021-07-20 15:12:00.622,17597,17598,17598,1,1
2021-07-20 15:12:00.622,17597,17598,17598,1,1
2021-07-20 15:12:00.622,17597,17598,17598,1,1
2021-07-20 15:12:00.622,17597,17598,17598,5,5
2021-07-20 15:12:00.623,17597,17598,17598,1,1
2021-07-20 15:12:01.090,17598,17600,17598,2,-2
2021-07-20 15:12:01.633,17598,17600,17600,4,4
2021-07-20 15:12:01.867,17598,17600,17600,1,1
2021-07-20 15:12:02.633,17598,17599,17599,2,2
2021-07-20 15:12:03.220,17598,17599,17598,1,-1
2021-07-20 15:12:03.646,17595,17598,17598,2,2
2021-07-20 15:12:10.133,17597,17598,17598,1,1
2021-07-20 15:12:10.133,17597,17598,17598,1,1
2021-07-20 15:12:12.335,17598,17600,17600,2,2
2021-07-20 15:12:13.066,17598,17600,17600,2,2
2021-07-20 15:12:15.710,17598,17599,17598,1,-1
2021-07-20 15:12:15.711,17598,17599,17598,1,-1
2021-07-20 15:12:16.627,17597,17598,17597,2,-2
2021-07-20 15:12:16.629,17597,17598,17597,5,-5
2021-07-20 15:12:22.335,17597,17598,17597,1,-1
2021-07-20 15:12:22.660,17596,17598,17597,1,-1
2021-07-20 15:12:25.230,17596,17597,17597,2,2
2021-07-20 15:12:27.871,17596,17597,17597,1,1
2021-07-20 15:12:31.842,17596,17598,17597,1,-1
2021-07-20 15:12:34.139,17596,17598,17596,11,-11
2021-07-20 15:12:34.140,17596,17598,17596,1,-1
2021-07-20 15:12:34.589,17595,17597,17597,1,1
2021-07-20 15:12:34.599,17595,17597,17597,4,4
2021-07-20 15:12:42.499,17596,17597,17597,1,1
2021-07-20 15:12:47.176,17596,17598,17596,1,-1
2021-07-20 15:12:47.254,17596,17597,17597,1,1
2021-07-20 15:12:50.082,17596,17597,17596,2,-2
2021-07-20 15:12:51.916,17595,17596,17596,1,1
2021-07-20 15:13:09.701,17595,17596,17596,3,3
2021-07-20 15:13:09.701,17595,17596,17596,1,1
2021-07-20 15:13:10.453,17595,17596,17596,1,1
2021-07-20 15:13:10.521,17595,17596,17596,1,1
2021-07-20 15:13:13.285,17595,17596,17596,1,1
2021-07-20 15:13:13.285,17595,17596,17596,1,1
2021-07-20 15:13:13.286,17595,17596,17596,4,4
2021-07-20 15:13:14.684,17596,17597,17596,1,-1
2021-07-20 15:13:19.137,17596,17597,17596,1,-1
2021-07-20 15:13:20.102,17595,17597,17595,1,-1
2021-07-20 15:13:23.039,17596,17597,17596,4,4
2021-07-20 15:13:23.601,17595,17596,17595,1,-1
2021-07-20 15:13:24.676,17595,17596,17595,1,-1
2021-07-20 15:13:28.679,17595,17596,17595,2,-2
2021-07-20 15:13:28.679,17595,17596,17595,1,-1
2021-07-20 15:13:29.723,17594,17596,17594,1,-1
2021-07-20 15:13:32.267,17594,17596,17594,2,-2
2021-07-20 15:13:36.475,17593,17596,17594,1,-1
2021-07-20 15:13:37.371,17593,17594,17594,1,1
2021-07-20 15:13:51.205,17594,17595,17594,1,-1
2021-07-20 15:13:51.205,17594,17595,17594,1,-1
2021-07-20 15:13:51.231,17594,17595,17595,4,4
2021-07-20 15:13:51.231,17594,17595,17595,1,1
2021-07-20 15:13:51.466,17595,17596,17595,1,-1
2021-07-20 15:14:07.426,17594,17595,17595,1,1
2021-07-20 15:14:09.784,17594,17595,17594,1,-1
2021-07-20 15:14:11.846,17594,17595,17595,1,1
2021-07-20 15:14:24.102,17594,17595,17594,1,-1
2021-07-20 15:14:24.305,17594,17595,17595,3,3
2021-07-20 15:14:24.853,17594,17595,17595,1,1
2021-07-20 15:14:25.940,17594,17595,17594,1,-1
2021-07-20 15:14:33.013,17594,17596,17594,1,-1
2021-07-20 15:14:33.819,17594,17596,17594,1,-1
2021-07-20 15:14:35.493,17593,17596,17596,2,2
2021-07-20 15:14:42.359,17593,17595,17594,2,-2
2021-07-20 15:14:50.757,17593,17594,17594,1,1
2021-07-20 15:14:51.030,17593,17594,17594,1,1
2021-07-20 15:14:51.723,17593,17594,17593,10,-10
2021-07-20 15:14:51.724,17593,17594,17593,1,-1
2021-07-20 15:14:51.724,17593,17594,17593,1,-1
2021-07-20 15:14:51.724,17593,17594,17593,3,-3
2021-07-20 15:14:51.724,17593,17594,17593,1,-1
2021-07-20 15:14:51.725,17593,17594,17593,1,-1
2021-07-20 15:14:51.731,17593,17594,17593,1,-1
2021-07-20 15:14:51.974,17592,17594,17594,1,1
2021-07-20 15:14:52.290,17592,17594,17593,1,-1
2021-07-20 15:14:54.870,17593,17594,17593,1,-1
2021-07-20 15:15:01.482,17594,17595,17595,1,1
2021-07-20 15:15:02.455,17594,17596,17596,1,1
2021-07-20 15:15:02.503,17594,17596,17596,1,1
2021-07-20 15:15:02.578,17594,17596,17596,1,1
2021-07-20 15:15:03.062,17594,17596,17594,1,-1
2021-07-20 15:15:03.145,17594,17596,17594,2,-2
2021-07-20 15:15:03.997,17594,17595,17594,1,-1
2021-07-20 15:15:06.460,17593,17595,17594,1,-1
2021-07-20 15:15:06.467,17593,17595,17594,2,-2
2021-07-20 15:15:06.498,17593,17595,17594,1,-1
2021-07-20 15:15:06.501,17594,17595,17594,1,-1
2021-07-20 15:15:07.176,17594,17595,17594,1,-1
2021-07-20 15:15:07.254,17593,17595,17595,1,1
2021-07-20 15:15:12.377,17594,17595,17594,1,-1
2021-07-20 15:15:12.378,17594,17595,17594,1,-1
2021-07-20 15:15:13.638,17594,17595,17594,1,-1
2021-07-20 15:15:15.951,17594,17595,17595,1,1
2021-07-20 15:15:16.086,17595,17596,17596,2,2
2021-07-20 15:15:16.086,17595,17596,17596,2,2
2021-07-20 15:15:16.086,17595,17596,17596,4,4
2021-07-20 15:15:16.086,17595,17596,17596,5,5
2021-07-20 15:15:16.086,17595,17596,17596,2,2
2021-07-20 15:15:16.322,17596,17597,17596,1,-1
2021-07-20 15:15:17.292,17596,17597,17597,1,1
2021-07-20 15:15:17.292,17596,17597,17597,4,4
2021-07-20 15:15:17.764,17597,17598,17597,2,-2
2021-07-20 15:15:17.765,17597,17598,17597,1,-1
2021-07-20 15:15:17.767,17597,17598,17597,1,-1
2021-07-20 15:15:18.309,17596,17597,17596,2,-2
2021-07-20 15:15:18.701,17594,17596,17596,1,1
2021-07-20 15:15:20.980,17595,17596,17596,3,3
2021-07-20 15:15:20.980,17595,17596,17597,1,1
2021-07-20 15:15:24.061,17595,17596,17596,1,1
2021-07-20 15:15:26.473,17596,17597,17597,1,1
2021-07-20 15:15:26.668,17596,17597,17597,1,1
2021-07-20 15:15:27.974,17596,17597,17596,2,-2
2021-07-20 15:15:28.004,17595,17596,17596,1,1
2021-07-20 15:15:29.625,17595,17596,17595,1,-1
2021-07-20 15:15:30.295,17595,17596,17595,2,-2
2021-07-20 15:15:30.295,17595,17596,17595,4,-4
2021-07-20 15:15:31.026,17594,17596,17596,3,3
2021-07-20 15:15:41.593,17594,17595,17595,1,1
2021-07-20 15:15:43.854,17594,17596,17596,4,4
2021-07-20 15:15:43.878,17594,17596,17596,1,1
2021-07-20 15:15:43.878,17594,17596,17596,1,1
2021-07-20 15:15:43.878,17594,17596,17596,1,1
2021-07-20 15:15:43.880,17594,17596,17596,1,1
2021-07-20 15:15:46.863,17594,17595,17595,1,1
2021-07-20 15:15:49.479,17595,17596,17596,3,3
2021-07-20 15:15:53.996,17596,17597,17597,2,2
2021-07-20 15:15:56.536,17597,17598,17597,1,-1
2021-07-20 15:15:56.634,17597,17598,17597,2,-2
2021-07-20 15:15:59.026,17596,17597,17597,1,1
2021-07-20 15:15:59.372,17596,17597,17597,1,1
2021-07-20 15:16:00.716,17596,17597,17597,1,1
2021-07-20 15:16:00.852,17596,17597,17597,3,3
2021-07-20 15:16:00.853,17596,17597,17597,1,1
2021-07-20 15:16:00.853,17596,17597,17597,1,1
2021-07-20 15:16:04.865,17596,17598,17598,1,1
2021-07-20 15:16:04.882,17596,17598,17598,1,1
2021-07-20 15:16:05.826,17596,17597,17597,1,1
2021-07-20 15:16:06.130,17596,17598,17598,2,2
2021-07-20 15:16:06.344,17596,17598,17598,2,2
2021-07-20 15:16:10.117,17597,17598,17597,1,-1
2021-07-20 15:16:10.856,17596,17598,17597,1,-1
2021-07-20 15:16:14.140,17596,17598,17598,9,9
2021-07-20 15:16:14.140,17596,17598,17599,25,25
2021-07-20 15:16:14.140,17596,17598,17600,16,16
2021-07-20 15:16:22.053,17598,17600,17598,1,-1
2021-07-20 15:16:22.645,17598,17599,17599,1,1
2021-07-20 15:16:24.748,17598,17599,17598,4,-4
2021-07-20 15:16:24.755,17598,17599,17599,1,1
2021-07-20 15:16:24.757,17598,17599,17600,1,1
2021-07-20 15:16:25.143,17599,17600,17599,1,-1
2021-07-20 15:16:28.003,17599,17600,17600,1,1
2021-07-20 15:16:28.789,17599,17600,17599,2,-2
2021-07-20 15:16:29.222,17598,17599,17599,1,1
2021-07-20 15:16:30.206,17598,17599,17598,4,-4
2021-07-20 15:16:31.708,17597,17599,17599,1,1
2021-07-20 15:16:34.234,17598,17600,17598,1,-1
2021-07-20 15:16:36.770,17598,17600,17598,3,-3
2021-07-20 15:16:36.770,17598,17600,17598,1,-1
2021-07-20 15:16:37.820,17597,17598,17597,4,-4
2021-07-20 15:16:37.878,17596,17598,17598,1,1
2021-07-20 15:16:40.193,17596,17598,17598,1,1
2021-07-20 15:16:41.112,17596,17598,17597,1,-1
2021-07-20 15:16:45.387,17596,17598,17598,5,5
2021-07-20 15:16:48.677,17597,17598,17598,1,1
2021-07-20 15:16:50.636,17597,17598,17598,1,1
2021-07-20 15:16:50.637,17597,17598,17598,2,2
2021-07-20 15:16:51.824,17597,17598,17598,1,1
2021-07-20 15:16:58.246,17597,17598,17598,1,1
2021-07-20 15:17:00.890,17597,17598,17598,3,3
2021-07-20 15:17:00.890,17597,17598,17598,1,1
2021-07-20 15:17:00.890,17597,17598,17598,4,4
2021-07-20 15:17:01.005,17597,17598,17598,1,1
2021-07-20 15:17:01.007,17597,17598,17598,1,1
2021-07-20 15:17:01.128,17597,17598,17598,1,1
2021-07-20 15:17:01.128,17597,17598,17598,1,1
2021-07-20 15:17:01.130,17597,17598,17599,1,1
2021-07-20 15:17:01.130,17597,17598,17599,1,1
2021-07-20 15:17:01.131,17597,17598,17598,1,1
2021-07-20 15:17:03.182,17597,17598,17599,1,1
2021-07-20 15:17:05.780,17597,17598,17597,2,-2
2021-07-20 15:17:05.975,17596,17598,17597,1,-1
2021-07-20 15:17:11.292,17597,17599,17599,1,1
2021-07-20 15:17:22.905,17598,17599,17599,3,3
2021-07-20 15:17:22.905,17598,17599,17599,4,4
2021-07-20 15:17:23.004,17599,17600,17600,1,1
2021-07-20 15:17:23.004,17599,17600,17600,1,1
2021-07-20 15:17:23.004,17599,17600,17600,1,1
2021-07-20 15:17:23.004,17599,17600,17600,1,1
2021-07-20 15:17:23.005,17599,17600,17600,1,1
2021-07-20 15:17:23.005,17599,17600,17600,1,1
2021-07-20 15:17:23.005,17599,17600,17600,1,1
2021-07-20 15:17:23.005,17599,17600,17600,3,3
2021-07-20 15:17:23.005,17599,17600,17600,3,3
2021-07-20 15:17:23.128,17599,17600,17600,1,1
2021-07-20 15:17:23.129,17599,17600,17600,1,1
2021-07-20 15:17:23.129,17599,17600,17600,1,1
2021-07-20 15:17:23.129,17599,17600,17600,1,1
2021-07-20 15:17:23.130,17599,17600,17600,1,1
2021-07-20 15:17:23.842,17599,17600,17600,17,17
2021-07-20 15:17:23.843,17599,17600,17600,7,7
2021-07-20 15:17:23.843,17599,17600,17600,2,2
2021-07-20 15:17:24.084,17600,17601,17601,1,1
2021-07-20 15:17:24.085,17600,17601,17601,2,2
2021-07-20 15:17:24.085,17600,17601,17601,1,1
2021-07-20 15:17:24.085,17600,17601,17601,1,1
2021-07-20 15:17:26.219,17601,17602,17602,1,1
2021-07-20 15:17:26.611,17601,17602,17602,2,2
2021-07-20 15:17:26.912,17600,17602,17602,3,3
2021-07-20 15:17:31.634,17601,17602,17602,1,1
2021-07-20 15:17:31.753,17601,17602,17602,1,1
2021-07-20 15:17:31.754,17601,17602,17602,1,1
2021-07-20 15:17:31.754,17601,17602,17602,1,1
2021-07-20 15:17:31.754,17601,17602,17603,1,1
2021-07-20 15:17:31.754,17601,17602,17603,1,1
2021-07-20 15:17:31.755,17601,17602,17603,1,1
2021-07-20 15:17:31.755,17601,17602,17603,1,1
2021-07-20 15:17:31.939,17601,17603,17601,1,-1
2021-07-20 15:17:34.911,17601,17602,17601,1,-1
2021-07-20 15:17:35.043,17601,17602,17602,1,1
2021-07-20 15:17:37.016,17602,17603,17602,1,-1
2021-07-20 15:17:37.644,17602,17603,17603,1,1
2021-07-20 15:17:37.653,17602,17603,17603,1,1
2021-07-20 15:17:37.721,17602,17603,17602,1,-1
2021-07-20 15:17:37.782,17601,17603,17603,2,2
2021-07-20 15:17:40.102,17601,17602,17602,1,1
2021-07-20 15:17:40.129,17601,17603,17603,1,1
2021-07-20 15:17:40.129,17601,17603,17603,1,1
2021-07-20 15:17:41.496,17601,17603,17603,2,2
2021-07-20 15:17:48.843,17601,17602,17601,4,-4
2021-07-20 15:17:49.227,17600,17601,17601,1,1
2021-07-20 15:17:51.120,17600,17601,17600,4,-4
2021-07-20 15:17:56.739,17599,17600,17599,2,-2
2021-07-20 15:17:57.025,17598,17599,17598,13,-13
2021-07-20 15:17:57.652,17597,17599,17597,2,-2
2021-07-20 15:18:03.609,17597,17598,17597,2,-2
2021-07-20 15:18:04.336,17596,17597,17596,2,-2
2021-07-20 15:18:04.384,17596,17597,17597,1,1
2021-07-20 15:18:04.384,17596,17597,17597,2,2
2021-07-20 15:18:04.822,17596,17597,17596,1,-1
2021-07-20 15:18:08.561,17596,17597,17597,1,1
2021-07-20 15:18:08.562,17596,17597,17597,3,3
2021-07-20 15:18:08.562,17596,17597,17597,1,1
2021-07-20 15:18:08.562,17596,17597,17597,1,1
2021-07-20 15:18:08.563,17596,17597,17597,1,1
2021-07-20 15:18:09.560,17597,17599,17597,1,-1
2021-07-20 15:18:09.628,17597,17599,17599,1,1
2021-07-20 15:18:09.628,17597,17599,17599,1,1
2021-07-20 15:18:09.629,17597,17599,17599,1,1
2021-07-20 15:18:09.629,17597,17599,17599,1,1
2021-07-20 15:18:09.629,17597,17599,17599,1,1
2021-07-20 15:18:09.629,17597,17599,17600,1,1
2021-07-20 15:18:09.629,17597,17599,17600,1,1
2021-07-20 15:18:09.630,17597,17599,17599,1,1
2021-07-20 15:18:14.215,17597,17600,17600,2,2
2021-07-20 15:18:16.079,17598,17600,17598,2,-2
2021-07-20 15:18:19.183,17597,17598,17598,2,2
2021-07-20 15:18:19.253,17597,17598,17598,1,1
2021-07-20 15:18:19.573,17597,17598,17598,2,2
2021-07-20 15:18:20.010,17597,17598,17598,2,2
2021-07-20 15:18:20.398,17597,17598,17598,2,2
2021-07-20 15:18:20.867,17597,17598,17598,1,1
2021-07-20 15:18:23.927,17598,17600,17598,6,-6
2021-07-20 15:18:23.928,17598,17600,17598,1,-1
2021-07-20 15:18:23.928,17598,17600,17598,1,-1
2021-07-20 15:18:23.928,17598,17600,17598,2,-2
2021-07-20 15:18:23.928,17598,17600,17598,1,-1
2021-07-20 15:18:23.928,17598,17600,17598,1,-1
2021-07-20 15:18:28.091,17599,17600,17600,1,1
2021-07-20 15:18:28.358,17599,17600,17600,4,4
2021-07-20 15:18:33.855,17599,17600,17600,1,1
2021-07-20 15:18:33.879,17600,17601,17601,1,1
2021-07-20 15:18:35.066,17600,17601,17600,9,-9
2021-07-20 15:18:35.066,17600,17601,17599,3,-3
2021-07-20 15:18:37.887,17599,17600,17600,1,1
2021-07-20 15:18:38.023,17600,17601,17601,1,1
2021-07-20 15:18:39.234,17600,17601,17600,1,-1
2021-07-20 15:18:39.836,17599,17601,17600,1,-1
2021-07-20 15:18:40.413,17598,17599,17599,1,1
2021-07-20 15:18:40.413,17598,17599,17600,1,1
2021-07-20 15:18:41.973,17598,17600,17600,1,1
2021-07-20 15:18:42.178,17598,17600,17600,2,2
2021-07-20 15:18:44.997,17599,17600,17599,1,-1
2021-07-20 15:18:46.454,17598,17599,17599,1,1
2021-07-20 15:18:46.828,17598,17599,17599,2,2
2021-07-20 15:18:47.608,17598,17599,17598,1,-1
2021-07-20 15:18:47.740,17597,17598,17598,2,2
2021-07-20 15:18:48.418,17597,17599,17599,2,2
2021-07-20 15:18:50.974,17598,17599,17599,2,2
2021-07-20 15:18:51.346,17598,17599,17599,1,1
2021-07-20 15:18:51.475,17598,17599,17599,2,2
2021-07-20 15:18:52.296,17598,17599,17598,1,-1
2021-07-20 15:18:52.371,17598,17599,17599,2,2
2021-07-20 15:18:53.157,17598,17599,17598,1,-1
2021-07-20 15:18:55.477,17598,17599,17599,2,2
2021-07-20 15:18:56.398,17598,17599,17598,1,-1
2021-07-20 15:18:57.044,17598,17599,17598,1,-1
2021-07-20 15:18:57.315,17597,17599,17599,2,2
2021-07-20 15:18:59.026,17598,17599,17598,1,-1
2021-07-20 15:19:00.996,17598,17599,17598,1,-1
2021-07-20 15:19:01.004,17597,17599,17599,2,2
2021-07-20 15:19:01.006,17597,17599,17599,1,1
2021-07-20 15:19:01.006,17597,17599,17600,1,1
2021-07-20 15:19:01.129,17598,17600,17600,1,1
2021-07-20 15:19:01.129,17598,17600,17600,1,1
2021-07-20 15:19:01.129,17598,17600,17600,1,1
2021-07-20 15:19:01.129,17598,17600,17600,1,1
2021-07-20 15:19:01.134,17598,17600,17600,1,1
2021-07-20 15:19:01.134,17598,17600,17600,1,1
2021-07-20 15:19:01.134,17598,17600,17600,1,1
2021-07-20 15:19:01.134,17598,17600,17600,1,1
2021-07-20 15:19:01.135,17598,17600,17600,1,1
2021-07-20 15:19:03.890,17598,17599,17599,1,1
2021-07-20 15:19:04.129,17598,17600,17598,1,-1
2021-07-20 15:19:07.007,17598,17600,17600,1,1
2021-07-20 15:19:10.361,17598,17600,17598,1,-1
2021-07-20 15:19:10.378,17598,17600,17600,1,1
2021-07-20 15:19:10.379,17598,17600,17600,1,1
2021-07-20 15:19:10.380,17598,17600,17600,1,1
2021-07-20 15:19:12.642,17598,17600,17599,1,-1
2021-07-20 15:19:14.806,17598,17599,17598,11,-11
2021-07-20 15:19:14.860,17598,17599,17597,1,-1
2021-07-20 15:19:19.319,17597,17598,17598,1,1
2021-07-20 15:19:22.665,17598,17600,17598,4,-4
2021-07-20 15:19:22.753,17597,17598,17598,1,1
2021-07-20 15:19:22.755,17597,17598,17598,1,1
2021-07-20 15:19:22.755,17597,17598,17598,1,1
2021-07-20 15:19:22.756,17597,17598,17598,1,1
2021-07-20 15:19:23.574,17597,17598,17598,4,4
2021-07-20 15:19:26.032,17598,17599,17598,1,-1
2021-07-20 15:19:31.653,17597,17599,17597,11,-11
2021-07-20 15:19:31.753,17596,17597,17597,1,1
2021-07-20 15:19:31.753,17596,17597,17597,1,1
2021-07-20 15:19:31.753,17596,17597,17598,1,1
2021-07-20 15:19:31.754,17596,17597,17598,1,1
2021-07-20 15:19:31.754,17596,17597,17598,1,1
2021-07-20 15:19:35.685,17596,17598,17597,5,-5
2021-07-20 15:19:38.039,17596,17598,17596,1,-1
2021-07-20 15:19:38.041,17596,17598,17597,1,1
2021-07-20 15:19:38.936,17596,17598,17598,1,1
2021-07-20 15:19:41.877,17596,17598,17598,1,1
2021-07-20 15:19:42.003,17596,17598,17598,1,1
2021-07-20 15:19:42.004,17596,17598,17598,1,1
2021-07-20 15:19:42.391,17596,17598,17596,1,-1
2021-07-20 15:19:53.563,17596,17597,17597,1,1
2021-07-20 15:19:53.751,17597,17598,17597,1,-1
2021-07-20 15:19:53.751,17597,17598,17596,2,-2
2021-07-20 15:19:54.597,17597,17598,17597,7,7
2021-07-20 15:19:54.597,17597,17598,17596,5,-5
2021-07-20 15:19:54.629,17596,17598,17598,1,1
2021-07-20 15:20:00.199,17597,17598,17597,1,-1
2021-07-20 15:20:00.481,17596,17598,17598,1,1
2021-07-20 15:20:00.501,17596,17598,17598,1,1
2021-07-20 15:20:00.534,17596,17598,17598,2,2
2021-07-20 15:20:00.588,17596,17598,17598,1,1
2021-07-20 15:20:00.605,17596,17598,17598,1,1
2021-07-20 15:20:01.409,17597,17598,17598,1,1
2021-07-20 15:20:01.409,17597,17598,17598,1,1
2021-07-20 15:20:01.556,17598,17599,17598,2,-2
2021-07-20 15:20:01.556,17598,17599,17597,10,-10
2021-07-20 15:20:02.753,17597,17598,17598,1,1
2021-07-20 15:20:03.430,17597,17598,17598,2,2
2021-07-20 15:20:05.421,17598,17599,17599,1,1
2021-07-20 15:20:05.556,17599,17600,17600,2,2
2021-07-20 15:20:05.599,17599,17600,17600,12,12
2021-07-20 15:20:08.605,17600,17601,17600,4,-4
2021-07-20 15:20:10.423,17599,17600,17599,2,-2
2021-07-20 15:20:13.946,17599,17600,17599,3,-3
2021-07-20 15:20:17.320,17598,17599,17599,1,1
2021-07-20 15:20:19.044,17598,17599,17599,1,1
2021-07-20 15:20:20.238,17598,17599,17599,2,2
2021-07-20 15:20:21.525,17598,17599,17599,1,1
2021-07-20 15:20:21.526,17598,17599,17599,3,3
2021-07-20 15:20:21.526,17598,17599,17599,1,1
2021-07-20 15:20:25.733,17598,17600,17599,1,-1
2021-07-20 15:20:38.890,17598,17599,17599,1,1
2021-07-20 15:20:46.712,17598,17600,17598,1,-1
2021-07-20 15:20:49.443,17598,17600,17598,3,-3
2021-07-20 15:20:49.443,17598,17600,17598,9,-9
2021-07-20 15:20:52.701,17597,17599,17597,2,-2
2021-07-20 15:20:56.801,17598,17599,17599,1,1
2021-07-20 15:21:00.936,17598,17599,17599,1,1
2021-07-20 15:21:04.937,17598,17599,17598,2,-2
2021-07-20 15:21:12.977,17598,17599,17598,2,-2
2021-07-20 15:21:18.924,17598,17599,17598,1,-1
2021-07-20 15:21:20.830,17598,17599,17598,2,-2
2021-07-20 15:21:21.522,17597,17598,17597,1,-1
2021-07-20 15:21:22.527,17596,17598,17598,2,2
2021-07-20 15:21:37.656,17596,17597,17597,1,1
2021-07-20 15:21:44.324,17596,17597,17597,2,2
2021-07-20 15:22:19.990,17597,17598,17597,1,-1
2021-07-20 15:22:26.610,17597,17598,17598,1,1
2021-07-20 15:22:30.820,17597,17598,17597,11,-11
2021-07-20 15:22:30.820,17597,17598,17597,3,-3
2021-07-20 15:22:34.954,17596,17598,17596,1,-1
2021-07-20 15:22:39.783,17596,17598,17596,1,-1
2021-07-20 15:22:47.789,17596,17597,17597,2,2
2021-07-20 15:22:51.232,17597,17598,17597,4,-4
2021-07-20 15:22:56.193,17596,17597,17597,1,1
2021-07-20 15:23:03.220,17596,17598,17596,1,-1
2021-07-20 15:23:04.905,17596,17597,17596,1,-1
2021-07-20 15:23:05.715,17596,17597,17597,1,1
2021-07-20 15:23:07.197,17597,17598,17598,1,1
2021-07-20 15:23:07.479,17597,17598,17597,1,-1
2021-07-20 15:23:09.842,17597,17598,17597,1,-1
2021-07-20 15:23:13.321,17597,17598,17597,1,-1
2021-07-20 15:23:14.089,17597,17598,17597,2,-2
2021-07-20 15:23:15.487,17597,17598,17598,9,9
2021-07-20 15:23:25.337,17597,17598,17597,1,-1
2021-07-20 15:23:29.141,17597,17598,17597,4,-4
2021-07-20 15:23:29.423,17596,17597,17597,8,8
2021-07-20 15:23:36.085,17596,17598,17596,5,-5
2021-07-20 15:23:38.581,17596,17598,17596,1,-1
2021-07-20 15:23:39.474,17597,17598,17598,1,1
2021-07-20 15:23:39.474,17597,17598,17598,1,1
2021-07-20 15:23:41.127,17598,17599,17598,1,-1
2021-07-20 15:23:45.329,17597,17598,17597,1,-1
2021-07-20 15:23:49.769,17597,17598,17598,2,2
2021-07-20 15:23:51.939,17597,17598,17597,1,-1
2021-07-20 15:23:57.946,17596,17597,17597,1,1
2021-07-20 15:23:58.141,17596,17597,17596,4,-4
2021-07-20 15:23:58.221,17596,17597,17596,1,-1
2021-07-20 15:24:01.161,17595,17596,17596,1,1
2021-07-20 15:24:01.769,17595,17597,17597,1,1
2021-07-20 15:24:05.761,17595,17597,17595,1,-1
2021-07-20 15:24:09.830,17595,17597,17595,1,-1
2021-07-20 15:24:10.270,17595,17597,17595,12,-12
2021-07-20 15:24:13.887,17594,17595,17595,1,1
2021-07-20 15:24:16.067,17594,17595,17594,10,-10
2021-07-20 15:24:16.067,17594,17595,17594,2,-2
2021-07-20 15:24:16.067,17594,17595,17594,1,-1
2021-07-20 15:24:16.070,17594,17595,17594,3,-3
2021-07-20 15:24:17.668,17593,17594,17594,1,1
2021-07-20 15:24:19.745,17593,17594,17593,2,-2
2021-07-20 15:24:19.745,17593,17594,17593,3,-3
2021-07-20 15:24:19.745,17593,17594,17593,1,-1
2021-07-20 15:24:19.801,17592,17593,17592,1,-1
2021-07-20 15:24:19.965,17592,17593,17592,1,-1
2021-07-20 15:24:19.977,17592,17593,17591,5,-5
2021-07-20 15:24:20.730,17591,17593,17591,1,-1
2021-07-20 15:24:20.776,17591,17593,17591,1,-1
2021-07-20 15:24:22.368,17591,17593,17591,2,-2
2021-07-20 15:24:26.075,17591,17592,17592,1,1
2021-07-20 15:24:30.090,17592,17593,17592,1,-1
2021-07-20 15:24:30.205,17591,17593,17593,1,1
2021-07-20 15:24:37.369,17591,17592,17591,4,-4
2021-07-20 15:24:39.337,17590,17591,17591,8,8
2021-07-20 15:24:39.337,17590,17591,17591,2,2
2021-07-20 15:24:41.130,17590,17591,17590,5,-5
2021-07-20 15:24:41.721,17590,17591,17591,4,4
2021-07-20 15:24:42.228,17591,17592,17592,5,5
2021-07-20 15:24:42.333,17591,17593,17592,1,-1
2021-07-20 15:24:42.415,17592,17593,17592,8,-8
2021-07-20 15:24:42.593,17592,17593,17591,5,-5
2021-07-20 15:24:44.992,17591,17593,17592,1,1
2021-07-20 15:24:45.141,17591,17593,17592,8,-8
2021-07-20 15:24:49.632,17591,17592,17591,2,-2
2021-07-20 15:24:52.916,17590,17591,17590,2,-2
2021-07-20 15:24:52.916,17590,17591,17590,1,-1
2021-07-20 15:24:52.916,17590,17591,17590,10,-10
2021-07-20 15:24:52.916,17590,17591,17590,1,-1
2021-07-20 15:24:54.142,17589,17590,17589,1,-1
2021-07-20 15:24:54.436,17589,17590,17589,1,-1
2021-07-20 15:24:57.212,17589,17590,17589,1,-1
2021-07-20 15:24:58.633,17589,17590,17589,1,-1
2021-07-20 15:25:00.156,17588,17589,17588,1,-1
2021-07-20 15:25:00.173,17588,17589,17588,7,-7
2021-07-20 15:25:00.174,17588,17589,17588,2,-2
2021-07-20 15:25:00.174,17588,17589,17588,1,-1
2021-07-20 15:25:00.174,17588,17589,17588,1,-1
2021-07-20 15:25:00.174,17588,17589,17588,2,-2
2021-07-20 15:25:00.174,17588,17589,17588,1,-1
2021-07-20 15:25:00.174,17588,17589,17588,1,-1
2021-07-20 15:25:00.174,17588,17589,17588,4,-4
2021-07-20 15:25:00.175,17588,17589,17588,15,-15
2021-07-20 15:25:00.256,17586,17588,17587,1,-1
2021-07-20 15:25:00.257,17586,17588,17587,1,-1
2021-07-20 15:25:00.257,17586,17588,17587,1,-1
2021-07-20 15:25:00.868,17586,17588,17586,1,-1
2021-07-20 15:25:01.066,17586,17588,17586,1,-1
2021-07-20 15:25:01.129,17586,17588,17586,1,-1
2021-07-20 15:25:01.796,17586,17587,17587,2,2
2021-07-20 15:25:02.561,17587,17588,17588,1,1
2021-07-20 15:25:04.403,17587,17588,17588,1,1
2021-07-20 15:25:06.118,17587,17590,17587,1,-1
2021-07-20 15:25:08.664,17587,17590,17587,3,-3
2021-07-20 15:25:08.753,17587,17589,17587,1,-1
2021-07-20 15:25:08.754,17587,17589,17587,1,-1
2021-07-20 15:25:08.754,17587,17589,17587,1,-1
2021-07-20 15:25:08.754,17587,17589,17587,1,-1
2021-07-20 15:25:08.754,17587,17589,17587,1,-1
2021-07-20 15:25:08.754,17587,17589,17587,1,-1
2021-07-20 15:25:08.755,17587,17589,17587,1,-1
2021-07-20 15:25:11.815,17587,17590,17590,1,1
2021-07-20 15:25:12.889,17589,17590,17589,1,-1
2021-07-20 15:25:14.481,17589,17590,17589,1,-1
2021-07-20 15:25:15.888,17589,17590,17590,1,1
2021-07-20 15:25:16.588,17589,17590,17589,4,-4
2021-07-20 15:25:21.108,17588,17589,17588,2,-2
2021-07-20 15:25:21.128,17587,17589,17587,1,-1
2021-07-20 15:25:21.129,17587,17589,17587,1,-1
2021-07-20 15:25:21.130,17587,17589,17587,1,-1
2021-07-20 15:25:21.130,17587,17589,17586,1,-1
2021-07-20 15:25:23.385,17587,17589,17589,10,10
2021-07-20 15:25:27.062,17588,17589,17589,1,1
2021-07-20 15:25:29.314,17588,17589,17589,1,1
2021-07-20 15:25:29.378,17588,17589,17588,1,-1
2021-07-20 15:25:29.380,17588,17589,17588,1,-1
2021-07-20 15:25:30.547,17588,17589,17588,2,-2
2021-07-20 15:25:33.284,17588,17589,17589,2,2
2021-07-20 15:25:33.284,17588,17589,17589,1,1
2021-07-20 15:25:33.284,17588,17589,17589,3,3
2021-07-20 15:25:34.622,17588,17589,17588,1,-1
2021-07-20 15:25:39.503,17588,17589,17589,1,1
2021-07-20 15:25:46.224,17589,17590,17589,2,-2
2021-07-20 15:25:50.745,17588,17590,17589,1,-1
2021-07-20 15:25:50.755,17588,17589,17588,1,-1
2021-07-20 15:25:51.463,17588,17589,17588,1,-1
2021-07-20 15:25:51.463,17588,17589,17588,1,-1
2021-07-20 15:25:55.078,17587,17588,17588,4,4
2021-07-20 15:25:55.358,17588,17589,17588,6,-6
2021-07-20 15:25:55.358,17588,17589,17587,12,-12
2021-07-20 15:25:55.358,17588,17589,17586,7,-7
2021-07-20 15:25:58.491,17586,17588,17586,12,-12
2021-07-20 15:25:59.533,17585,17586,17585,2,-2
2021-07-20 15:26:00.132,17585,17586,17586,2,2
2021-07-20 15:26:00.132,17585,17586,17586,6,6
2021-07-20 15:26:01.686,17585,17587,17585,1,-1
2021-07-20 15:26:02.578,17586,17587,17586,1,1
2021-07-20 15:26:03.198,17586,17587,17586,1,-1
2021-07-20 15:26:03.198,17586,17587,17585,3,-3
2021-07-20 15:26:05.966,17586,17587,17587,2,2
2021-07-20 15:26:06.829,17586,17589,17586,1,-1
2021-07-20 15:26:07.074,17586,17589,17586,2,-2
2021-07-20 15:26:07.955,17586,17589,17586,1,-1
2021-07-20 15:26:08.747,17586,17589,17586,1,-1
2021-07-20 15:26:09.040,17586,17589,17586,1,-1
2021-07-20 15:26:09.258,17586,17589,17586,1,-1
2021-07-20 15:26:11.179,17586,17589,17586,2,-2
2021-07-20 15:26:14.778,17587,17588,17588,1,1
2021-07-20 15:26:16.497,17587,17589,17587,7,-7
2021-07-20 15:26:18.486,17586,17587,17586,1,-1
2021-07-20 15:26:22.325,17586,17587,17586,1,-1
2021-07-20 15:26:23.958,17586,17587,17586,1,-1
2021-07-20 15:26:23.959,17586,17587,17586,2,-2
2021-07-20 15:26:25.145,17585,17587,17585,25,-25
2021-07-20 15:26:26.565,17585,17587,17586,1,1
2021-07-20 15:26:27.717,17586,17587,17586,1,-1
2021-07-20 15:26:27.717,17586,17587,17585,5,-5
2021-07-20 15:26:28.162,17585,17586,17586,1,1
2021-07-20 15:26:31.128,17586,17587,17586,2,-2
2021-07-20 15:26:31.268,17585,17586,17586,3,3
2021-07-20 15:26:34.656,17585,17586,17586,1,1
2021-07-20 15:26:37.448,17585,17586,17585,2,-2
2021-07-20 15:26:40.093,17585,17586,17585,2,-2
2021-07-20 15:26:40.864,17584,17586,17584,1,-1
2021-07-20 15:26:43.545,17584,17585,17584,1,-1
2021-07-20 15:26:43.822,17584,17585,17584,1,-1
2021-07-20 15:26:44.632,17584,17585,17585,4,4
2021-07-20 15:26:44.632,17584,17585,17586,6,6
2021-07-20 15:26:45.472,17584,17586,17586,1,1
2021-07-20 15:26:45.593,17584,17586,17585,3,-3
2021-07-20 15:26:45.593,17584,17586,17584,13,-13
2021-07-20 15:26:45.594,17584,17586,17584,4,-4
2021-07-20 15:26:50.150,17583,17584,17583,5,-5
2021-07-20 15:26:50.150,17583,17584,17583,1,-1
2021-07-20 15:26:50.150,17583,17584,17583,1,-1
2021-07-20 15:26:50.150,17583,17584,17583,1,-1
2021-07-20 15:26:50.258,17582,17583,17582,1,-1
2021-07-20 15:26:50.280,17582,17583,17582,1,-1
2021-07-20 15:26:50.287,17582,17583,17582,1,-1
2021-07-20 15:26:50.486,17582,17583,17583,1,1
2021-07-20 15:26:51.969,17582,17584,17584,5,5
2021-07-20 15:26:52.745,17582,17585,17582,2,-2
2021-07-20 15:26:53.054,17582,17585,17582,20,-20
2021-07-20 15:26:53.343,17582,17583,17582,2,-2
2021-07-20 15:26:54.460,17583,17584,17584,1,1
2021-07-20 15:26:54.502,17583,17585,17583,1,-1
2021-07-20 15:26:54.614,17583,17585,17582,1,-1
2021-07-20 15:26:56.378,17582,17584,17584,3,3
2021-07-20 15:26:56.381,17582,17584,17584,6,6
2021-07-20 15:26:58.077,17582,17583,17582,1,-1
2021-07-20 15:26:59.462,17582,17583,17582,1,-1
2021-07-20 15:27:01.485,17581,17582,17582,1,1
2021-07-20 15:27:02.337,17581,17583,17581,1,-1
2021-07-20 15:27:02.382,17581,17583,17581,1,-1
2021-07-20 15:27:02.440,17581,17583,17581,1,-1
2021-07-20 15:27:02.610,17581,17583,17581,1,-1
2021-07-20 15:27:02.670,17581,17582,17582,2,2
2021-07-20 15:27:02.671,17581,17582,17583,2,2
2021-07-20 15:27:02.681,17581,17582,17582,1,1
2021-07-20 15:27:02.728,17581,17582,17583,2,2
2021-07-20 15:27:05.877,17581,17582,17581,12,-12
2021-07-20 15:27:05.907,17581,17582,17581,1,-1
2021-07-20 15:27:06.825,17581,17582,17581,2,-2
2021-07-20 15:27:07.518,17580,17581,17581,1,1
2021-07-20 15:27:10.103,17580,17582,17581,1,-1
2021-07-20 15:27:10.533,17581,17582,17581,2,-2
2021-07-20 15:27:10.533,17581,17582,17580,11,-11
2021-07-20 15:27:10.687,17580,17582,17580,1,-1
2021-07-20 15:27:10.688,17580,17582,17580,1,-1
2021-07-20 15:27:10.724,17580,17582,17580,1,-1
2021-07-20 15:27:10.737,17580,17582,17580,1,-1
2021-07-20 15:27:10.787,17580,17582,17580,2,-2
2021-07-20 15:27:10.799,17580,17582,17582,1,1
2021-07-20 15:27:10.800,17580,17582,17580,1,-1
2021-07-20 15:27:10.948,17580,17582,17580,2,-2
2021-07-20 15:27:10.960,17580,17582,17580,1,-1
2021-07-20 15:27:12.112,17580,17582,17579,1,-1
2021-07-20 15:27:12.724,17579,17580,17580,1,1
2021-07-20 15:27:12.724,17579,17580,17580,1,1
2021-07-20 15:27:13.451,17580,17582,17580,1,-1
2021-07-20 15:27:14.585,17580,17582,17580,2,-2
2021-07-20 15:27:16.369,17580,17581,17580,1,-1
2021-07-20 15:27:16.376,17580,17581,17580,1,-1
2021-07-20 15:27:16.396,17580,17581,17580,1,-1
2021-07-20 15:27:17.477,17580,17581,17580,1,-1
2021-07-20 15:27:18.827,17579,17580,17579,2,-2
2021-07-20 15:27:18.828,17579,17580,17579,1,-1
2021-07-20 15:27:18.986,17579,17580,17579,1,-1
2021-07-20 15:27:18.986,17579,17580,17578,1,-1
2021-07-20 15:27:19.072,17578,17580,17578,2,-2
2021-07-20 15:27:19.075,17578,17580,17578,1,-1
2021-07-20 15:27:19.807,17579,17580,17579,1,1
2021-07-20 15:27:20.071,17579,17580,17579,1,-1
2021-07-20 15:27:22.767,17579,17580,17579,1,-1
2021-07-20 15:27:24.194,17578,17579,17579,1,1
2021-07-20 15:27:24.675,17578,17579,17579,1,1
2021-07-20 15:27:24.799,17578,17580,17578,10,-10
2021-07-20 15:27:26.879,17578,17579,17578,1,-1
2021-07-20 15:27:27.076,17578,17579,17579,1,1
2021-07-20 15:27:28.387,17578,17579,17578,1,-1
2021-07-20 15:27:28.388,17578,17579,17578,1,-1
2021-07-20 15:27:28.389,17578,17579,17578,1,-1
2021-07-20 15:27:29.024,17578,17579,17579,1,1
2021-07-20 15:27:31.644,17578,17579,17578,2,-2
2021-07-20 15:27:33.147,17578,17579,17579,1,1
2021-07-20 15:27:33.491,17579,17580,17579,9,-9
2021-07-20 15:27:33.491,17579,17580,17578,26,-26
2021-07-20 15:27:39.093,17577,17578,17577,1,-1
2021-07-20 15:27:39.270,17577,17578,17577,1,-1
2021-07-20 15:27:39.270,17577,17578,17577,1,-1
2021-07-20 15:27:41.200,17577,17578,17578,1,1
2021-07-20 15:27:41.978,17577,17578,17578,1,1
2021-07-20 15:27:41.978,17577,17578,17578,1,1
2021-07-20 15:27:43.485,17577,17579,17577,1,-1
2021-07-20 15:27:44.127,17578,17579,17579,1,1
2021-07-20 15:27:44.229,17578,17579,17579,1,1
2021-07-20 15:27:51.439,17577,17578,17578,15,15
2021-07-20 15:27:59.527,17578,17579,17579,1,1
2021-07-20 15:28:00.705,17578,17579,17578,2,-2
2021-07-20 15:28:01.636,17578,17579,17578,3,-3
2021-07-20 15:28:02.965,17578,17579,17579,1,1
2021-07-20 15:28:03.331,17578,17579,17579,2,2
2021-07-20 15:28:03.480,17578,17580,17578,15,-15
2021-07-20 15:28:04.476,17577,17579,17579,1,1
2021-07-20 15:28:06.561,17578,17580,17578,1,-1
2021-07-20 15:28:07.063,17579,17580,17580,12,12
2021-07-20 15:28:10.240,17579,17580,17580,2,2
2021-07-20 15:28:11.318,17580,17581,17581,1,1
2021-07-20 15:28:11.319,17580,17581,17581,1,1
2021-07-20 15:28:13.242,17580,17582,17580,7,-7
2021-07-20 15:28:13.243,17580,17582,17580,1,-1
2021-07-20 15:28:13.243,17580,17582,17580,2,-2
2021-07-20 15:28:13.243,17580,17582,17580,1,-1
2021-07-20 15:28:13.352,17579,17580,17580,1,1
2021-07-20 15:28:13.352,17579,17580,17580,3,3
2021-07-20 15:28:13.822,17580,17582,17582,1,1
2021-07-20 15:28:13.985,17580,17582,17582,1,1
2021-07-20 15:28:16.092,17581,17582,17582,1,1
2021-07-20 15:28:16.912,17581,17582,17582,2,2
2021-07-20 15:28:16.912,17581,17582,17582,2,2
2021-07-20 15:28:17.770,17582,17583,17582,3,-3
2021-07-20 15:28:17.770,17582,17583,17581,17,-17
2021-07-20 15:28:17.771,17582,17583,17581,1,-1
2021-07-20 15:28:21.350,17580,17583,17580,1,-1
2021-07-20 15:28:21.444,17580,17582,17581,1,1
2021-07-20 15:28:25.132,17582,17583,17582,3,3
2021-07-20 15:28:26.158,17581,17582,17581,3,-3
2021-07-20 15:28:27.094,17581,17582,17582,17,17
2021-07-20 15:28:27.680,17582,17583,17583,4,4
2021-07-20 15:28:28.256,17582,17583,17582,1,-1
2021-07-20 15:28:29.028,17582,17583,17583,2,2
2021-07-20 15:28:29.466,17582,17584,17584,1,1
2021-07-20 15:28:39.128,17582,17583,17583,10,10
2021-07-20 15:28:41.833,17584,17585,17585,1,1
2021-07-20 15:28:42.290,17584,17586,17586,2,2
2021-07-20 15:28:42.417,17584,17586,17586,1,1
2021-07-20 15:28:50.798,17583,17585,17584,1,-1
2021-07-20 15:29:01.606,17583,17585,17585,1,1
2021-07-20 15:29:04.796,17584,17585,17585,1,1
2021-07-20 15:29:06.265,17584,17585,17585,5,5
2021-07-20 15:29:06.280,17584,17585,17584,2,-2
2021-07-20 15:29:07.228,17584,17586,17586,1,1
2021-07-20 15:29:07.253,17584,17586,17584,1,-1
2021-07-20 15:29:07.253,17584,17586,17584,1,-1
2021-07-20 15:29:07.254,17584,17586,17584,1,-1
2021-07-20 15:29:07.254,17584,17586,17583,1,-1
2021-07-20 15:29:07.255,17584,17586,17583,1,-1
2021-07-20 15:29:07.255,17584,17586,17583,1,-1
2021-07-20 15:29:07.255,17584,17586,17583,1,-1
2021-07-20 15:29:07.255,17584,17586,17583,1,-1
2021-07-20 15:29:07.255,17584,17586,17583,1,-1
2021-07-20 15:29:08.472,17583,17585,17585,1,1
2021-07-20 15:29:23.805,17584,17585,17584,2,-2
2021-07-20 15:29:30.848,17583,17584,17584,1,1
2021-07-20 15:29:34.194,17584,17585,17584,1,-1
2021-07-20 15:29:37.575,17583,17585,17584,1,-1
2021-07-20 15:29:41.679,17584,17585,17584,1,-1
2021-07-20 15:29:42.565,17583,17584,17584,1,1
2021-07-20 15:29:42.578,17583,17584,17584,1,1
2021-07-20 15:29:44.967,17583,17584,17583,1,-1
2021-07-20 15:29:44.967,17583,17584,17583,1,-1
2021-07-20 15:29:49.843,17582,17583,17582,4,-4
2021-07-20 15:29:54.078,17582,17583,17583,1,1
2021-07-20 15:29:54.151,17582,17583,17583,1,1
2021-07-20 15:29:54.963,17582,17583,17583,1,1
2021-07-20 15:29:56.579,17582,17584,17584,1,1
2021-07-20 15:29:56.657,17582,17584,17582,1,-1
2021-07-20 15:29:57.761,17582,17584,17582,4,-4
2021-07-20 15:30:00.072,17583,17584,17583,1,1
2021-07-20 15:30:00.142,17582,17584,17584,1,1
2021-07-20 15:30:00.143,17582,17584,17584,1,1
2021-07-20 15:30:00.144,17582,17584,17584,1,1
2021-07-20 15:30:00.299,17582,17584,17584,1,1
2021-07-20 15:30:00.326,17582,17584,17584,1,1
2021-07-20 15:30:00.410,17582,17585,17585,1,1
2021-07-20 15:30:00.429,17582,17585,17585,1,1
2021-07-20 15:30:00.459,17582,17585,17585,2,2
2021-07-20 15:30:00.465,17582,17585,17583,2,-2
2021-07-20 15:30:00.498,17582,17585,17582,2,-2
2021-07-20 15:30:00.921,17582,17585,17582,1,-1
2021-07-20 15:30:02.842,17583,17584,17584,1,1
2021-07-20 15:30:02.878,17583,17585,17585,1,1
2021-07-20 15:30:02.878,17583,17585,17585,1,1
2021-07-20 15:30:02.879,17583,17585,17585,1,1
2021-07-20 15:30:02.879,17583,17585,17585,1,1
2021-07-20 15:30:02.879,17583,17585,17585,1,1
2021-07-20 15:30:02.879,17583,17585,17585,1,1
2021-07-20 15:30:02.879,17583,17585,17585,1,1
2021-07-20 15:30:02.879,17583,17585,17585,1,1
2021-07-20 15:30:02.880,17583,17585,17585,1,1
2021-07-20 15:30:02.880,17583,17585,17586,1,1
2021-07-20 15:30:02.881,17583,17585,17586,1,1
2021-07-20 15:30:03.482,17584,17586,17586,1,1
2021-07-20 15:30:05.711,17584,17586,17584,2,-2
2021-07-20 15:30:09.833,17585,17586,17586,2,2
2021-07-20 15:30:10.090,17585,17587,17585,1,-1
2021-07-20 15:30:10.128,17585,17587,17587,1,1
2021-07-20 15:30:10.129,17585,17587,17587,1,1
2021-07-20 15:30:10.524,17585,17588,17588,2,2
2021-07-20 15:30:10.634,17585,17588,17588,5,5
2021-07-20 15:30:10.639,17585,17588,17586,1,-1
2021-07-20 15:30:16.384,17586,17588,17586,1,-1
2021-07-20 15:30:18.654,17586,17587,17586,2,-2
2021-07-20 15:30:18.654,17586,17587,17586,1,-1
2021-07-20 15:30:18.753,17584,17587,17587,1,1
2021-07-20 15:30:18.754,17584,17587,17587,1,1
2021-07-20 15:30:18.754,17584,17587,17587,1,1
2021-07-20 15:30:18.754,17584,17587,17587,1,1
2021-07-20 15:30:18.754,17584,17587,17587,1,1
2021-07-20 15:30:18.754,17584,17587,17587,1,1
2021-07-20 15:30:18.755,17584,17587,17587,1,1
2021-07-20 15:30:18.755,17584,17587,17587,1,1
2021-07-20 15:30:22.907,17584,17585,17585,1,1
2021-07-20 15:30:22.907,17584,17585,17586,2,2
2021-07-20 15:30:22.907,17584,17585,17586,3,3
2021-07-20 15:30:22.908,17584,17585,17586,2,2
2021-07-20 15:30:24.817,17586,17587,17587,1,1
2021-07-20 15:30:25.537,17586,17588,17586,1,-1
2021-07-20 15:30:31.627,17585,17586,17586,1,1
2021-07-20 15:30:32.107,17585,17586,17585,2,-2
2021-07-20 15:30:32.129,17585,17586,17586,1,1
2021-07-20 15:30:32.129,17585,17586,17587,1,1
2021-07-20 15:30:32.129,17585,17586,17587,1,1
2021-07-20 15:30:32.129,17585,17586,17587,1,1
2021-07-20 15:30:35.393,17585,17586,17586,1,1
2021-07-20 15:30:39.528,17585,17586,17586,1,1
2021-07-20 15:30:39.874,17585,17586,17585,8,-8
2021-07-20 15:30:39.874,17585,17586,17585,1,-1
2021-07-20 15:30:39.897,17584,17585,17584,1,-1
2021-07-20 15:30:41.160,17584,17585,17585,2,2
2021-07-20 15:30:41.253,17584,17585,17585,1,1
2021-07-20 15:30:41.254,17584,17585,17585,1,1
2021-07-20 15:30:41.255,17584,17585,17585,1,1
2021-07-20 15:30:41.733,17584,17585,17584,2,-2
2021-07-20 15:30:42.013,17583,17584,17584,6,6
2021-07-20 15:30:42.013,17583,17584,17584,3,3
2021-07-20 15:30:42.107,17583,17584,17584,3,3
2021-07-20 15:30:42.107,17583,17584,17585,2,2
2021-07-20 15:30:44.154,17583,17585,17585,1,1
2021-07-20 15:30:44.889,17583,17585,17583,1,-1
