2021-04-14 15:00:00.058,16856,16857,16859,58
2021-04-14 15:00:00.348,16857,16859,16859,1
2021-04-14 15:00:00.348,16857,16859,16860,1
2021-04-14 15:00:00.362,16857,16859,16860,2
2021-04-14 15:00:00.429,16857,16859,16860,1
2021-04-14 15:00:00.451,16857,16859,16860,1
2021-04-14 15:00:00.488,16857,16860,16858,1
2021-04-14 15:00:00.488,16857,16860,16860,2
2021-04-14 15:00:00.515,16857,16860,16860,1
2021-04-14 15:00:00.520,16857,16860,16860,2
2021-04-14 15:00:00.537,16857,16860,16860,1
2021-04-14 15:00:00.548,16857,16860,16857,1
2021-04-14 15:00:00.565,16857,16860,16861,1
2021-04-14 15:00:00.565,16857,16860,16862,1
2021-04-14 15:00:00.588,16857,16860,16862,2
2021-04-14 15:00:00.588,16857,16860,16862,1
2021-04-14 15:00:00.596,16857,16862,16862,2
2021-04-14 15:00:00.693,16857,16862,16861,1
2021-04-14 15:00:00.693,16857,16862,16862,1
2021-04-14 15:00:00.700,16857,16862,16862,1
2021-04-14 15:00:00.719,16858,16862,16862,1
2021-04-14 15:00:00.775,16858,16862,16858,1
2021-04-14 15:00:00.775,16858,16862,16857,1
2021-04-14 15:00:00.789,16858,16862,16862,2
2021-04-14 15:00:00.814,16858,16862,16862,1
2021-04-14 15:00:00.828,16858,16862,16862,2
2021-04-14 15:00:00.832,16858,16862,16859,1
2021-04-14 15:00:00.832,16858,16862,16858,1
2021-04-14 15:00:00.840,16858,16862,16861,1
2021-04-14 15:00:00.848,16858,16862,16862,1
2021-04-14 15:00:00.852,16858,16862,16862,1
2021-04-14 15:00:00.852,16858,16862,16863,1
2021-04-14 15:00:00.879,16858,16862,16863,2
2021-04-14 15:00:00.882,16858,16862,16863,1
2021-04-14 15:00:00.885,16858,16862,16863,1
2021-04-14 15:00:00.989,16858,16862,16861,2
2021-04-14 15:00:01.010,16858,16862,16862,1
2021-04-14 15:00:01.048,16858,16862,16861,2
2021-04-14 15:00:01.088,16858,16862,16863,1
2021-04-14 15:00:01.225,16860,16862,16861,2
2021-04-14 15:00:01.263,16860,16862,16861,1
2021-04-14 15:00:01.270,16860,16862,16861,2
2021-04-14 15:00:01.284,16860,16862,16861,1
2021-04-14 15:00:01.334,16860,16862,16862,1
2021-04-14 15:00:01.348,16861,16864,16864,2
2021-04-14 15:00:01.466,16862,16864,16864,1
2021-04-14 15:00:01.519,16862,16864,16864,1
2021-04-14 15:00:01.525,16862,16864,16865,1
2021-04-14 15:00:01.557,16862,16864,16865,1
2021-04-14 15:00:01.558,16862,16864,16865,1
2021-04-14 15:00:01.565,16862,16864,16865,1
2021-04-14 15:00:01.598,16863,16865,16865,1
2021-04-14 15:00:01.703,16863,16865,16865,1
2021-04-14 15:00:01.721,16863,16865,16865,1
2021-04-14 15:00:01.724,16863,16865,16865,1
2021-04-14 15:00:01.734,16863,16865,16865,1
2021-04-14 15:00:01.768,16863,16865,16865,1
2021-04-14 15:00:01.774,16863,16865,16865,1
2021-04-14 15:00:01.776,16863,16865,16865,1
2021-04-14 15:00:01.877,16863,16865,16864,1
2021-04-14 15:00:01.881,16863,16865,16863,1
2021-04-14 15:00:01.914,16863,16865,16865,1
2021-04-14 15:00:01.918,16863,16865,16865,1
2021-04-14 15:00:01.921,16863,16865,16863,2
2021-04-14 15:00:01.921,16863,16865,16862,2
2021-04-14 15:00:02.026,16862,16864,16864,1
2021-04-14 15:00:02.041,16862,16864,16864,1
2021-04-14 15:00:02.113,16862,16865,16862,2
2021-04-14 15:00:02.145,16862,16865,16865,1
2021-04-14 15:00:02.212,16862,16865,16864,1
2021-04-14 15:00:02.212,16862,16865,16865,1
2021-04-14 15:00:02.257,16862,16865,16862,1
2021-04-14 15:00:02.267,16862,16865,16861,1
2021-04-14 15:00:02.284,16862,16865,16863,1
2021-04-14 15:00:02.287,16862,16865,16861,1
2021-04-14 15:00:02.290,16862,16865,16861,1
2021-04-14 15:00:02.298,16862,16865,16860,1
2021-04-14 15:00:02.340,16860,16862,16860,1
2021-04-14 15:00:02.343,16860,16862,16860,1
2021-04-14 15:00:02.356,16860,16862,16860,1
2021-04-14 15:00:02.370,16860,16862,16862,1
2021-04-14 15:00:02.398,16860,16862,16860,1
2021-04-14 15:00:02.398,16860,16862,16859,2
2021-04-14 15:00:02.402,16860,16862,16859,3
2021-04-14 15:00:02.407,16860,16862,16859,1
2021-04-14 15:00:02.460,16860,16862,16859,3
2021-04-14 15:00:02.490,16859,16862,16861,1
2021-04-14 15:00:03.137,16859,16861,16861,3
2021-04-14 15:00:03.137,16859,16861,16862,1
2021-04-14 15:00:03.152,16859,16861,16859,1
2021-04-14 15:00:03.207,16859,16861,16862,1
2021-04-14 15:00:03.608,16859,16862,16862,1
2021-04-14 15:00:03.630,16859,16862,16859,1
2021-04-14 15:00:03.634,16859,16862,16862,1
2021-04-14 15:00:03.646,16859,16862,16858,1
2021-04-14 15:00:03.727,16859,16862,16862,2
2021-04-14 15:00:03.838,16859,16862,16863,2
2021-04-14 15:00:03.838,16859,16862,16864,2
2021-04-14 15:00:03.868,16859,16865,16865,1
2021-04-14 15:00:03.946,16859,16865,16865,3
2021-04-14 15:00:04.204,16861,16865,16861,1
2021-04-14 15:00:04.739,16862,16863,16862,1
2021-04-14 15:00:04.816,16862,16863,16863,3
2021-04-14 15:00:04.816,16862,16863,16864,11
2021-04-14 15:00:04.970,16862,16864,16864,1
2021-04-14 15:00:05.405,16862,16865,16862,1
2021-04-14 15:00:05.425,16862,16865,16862,1
2021-04-14 15:00:05.520,16862,16865,16865,1
2021-04-14 15:00:07.086,16862,16863,16862,1
2021-04-14 15:00:07.524,16861,16862,16861,1
2021-04-14 15:00:08.242,16860,16861,16861,2
2021-04-14 15:00:08.343,16860,16861,16861,1
2021-04-14 15:00:08.344,16860,16861,16861,1
2021-04-14 15:00:08.405,16860,16861,16861,1
2021-04-14 15:00:09.856,16860,16861,16861,2
2021-04-14 15:00:10.925,16860,16861,16861,1
2021-04-14 15:00:10.925,16860,16861,16861,1
2021-04-14 15:00:11.010,16860,16861,16861,1
2021-04-14 15:00:11.010,16860,16861,16861,1
2021-04-14 15:00:11.360,16860,16862,16861,1
2021-04-14 15:00:11.587,16860,16862,16862,1
2021-04-14 15:00:11.588,16860,16862,16862,1
2021-04-14 15:00:11.678,16860,16863,16860,1
2021-04-14 15:00:12.315,16860,16861,16860,1
2021-04-14 15:00:13.307,16859,16861,16859,8
2021-04-14 15:00:13.307,16859,16861,16858,3
2021-04-14 15:00:13.307,16859,16861,16857,7
2021-04-14 15:00:13.307,16859,16861,16856,5
2021-04-14 15:00:13.307,16859,16861,16855,5
2021-04-14 15:00:13.459,16855,16859,16860,2
2021-04-14 15:00:13.459,16855,16859,16861,2
2021-04-14 15:00:13.600,16856,16859,16859,1
2021-04-14 15:00:13.600,16856,16859,16860,1
2021-04-14 15:00:14.631,16856,16859,16859,1
2021-04-14 15:00:14.777,16856,16859,16856,1
2021-04-14 15:00:14.785,16856,16859,16859,2
2021-04-14 15:00:14.834,16856,16859,16856,2
2021-04-14 15:00:15.118,16855,16859,16856,2
2021-04-14 15:00:15.177,16855,16859,16856,1
2021-04-14 15:00:15.248,16856,16859,16856,1
2021-04-14 15:00:15.303,16856,16859,16856,1
2021-04-14 15:00:15.303,16856,16859,16855,3
2021-04-14 15:00:16.811,16855,16857,16857,1
2021-04-14 15:00:16.812,16855,16857,16857,1
2021-04-14 15:00:18.646,16856,16858,16856,1
2021-04-14 15:00:18.719,16855,16858,16858,1
2021-04-14 15:00:19.024,16855,16858,16858,1
2021-04-14 15:00:19.124,16856,16858,16858,1
2021-04-14 15:00:19.407,16856,16859,16859,1
2021-04-14 15:00:20.401,16857,16859,16857,2
2021-04-14 15:00:21.026,16856,16859,16856,1
2021-04-14 15:00:21.504,16856,16859,16859,1
2021-04-14 15:00:21.858,16856,16859,16859,1
2021-04-14 15:00:22.413,16856,16859,16859,1
2021-04-14 15:00:22.557,16857,16860,16859,1
2021-04-14 15:00:22.833,16858,16859,16858,1
2021-04-14 15:00:26.381,16857,16859,16859,2
2021-04-14 15:00:26.382,16857,16859,16859,1
2021-04-14 15:00:29.332,16857,16859,16859,1
2021-04-14 15:00:29.332,16857,16859,16860,1
2021-04-14 15:00:29.344,16857,16860,16860,1
2021-04-14 15:00:29.359,16857,16860,16860,2
2021-04-14 15:00:29.991,16858,16860,16860,1
2021-04-14 15:00:29.995,16858,16860,16860,1
2021-04-14 15:00:31.950,16858,16860,16859,1
2021-04-14 15:00:32.112,16858,16860,16859,1
2021-04-14 15:00:32.437,16858,16860,16860,1
2021-04-14 15:00:32.437,16858,16860,16860,1
2021-04-14 15:00:35.949,16858,16860,16860,1
2021-04-14 15:00:35.950,16858,16860,16860,1
2021-04-14 15:00:39.633,16858,16860,16860,1
2021-04-14 15:00:39.633,16858,16860,16860,1
2021-04-14 15:00:39.934,16858,16860,16860,1
2021-04-14 15:00:39.934,16858,16860,16860,1
2021-04-14 15:00:40.782,16859,16860,16860,1
2021-04-14 15:00:40.808,16859,16860,16860,6
2021-04-14 15:00:42.775,16860,16861,16860,1
2021-04-14 15:00:43.891,16859,16861,16860,1
2021-04-14 15:00:43.966,16859,16861,16861,1
2021-04-14 15:00:44.499,16860,16861,16860,1
2021-04-14 15:00:44.968,16860,16861,16860,1
2021-04-14 15:00:46.565,16859,16860,16860,1
2021-04-14 15:00:46.665,16859,16860,16860,1
2021-04-14 15:00:47.290,16859,16860,16859,2
2021-04-14 15:00:48.176,16858,16859,16859,1
2021-04-14 15:00:48.176,16858,16859,16859,1
2021-04-14 15:00:48.468,16858,16860,16859,1
2021-04-14 15:00:52.029,16859,16860,16860,1
2021-04-14 15:00:52.030,16859,16860,16860,2
2021-04-14 15:00:52.030,16859,16860,16860,2
2021-04-14 15:00:52.030,16859,16860,16860,3
2021-04-14 15:00:52.030,16859,16860,16860,7
2021-04-14 15:00:54.591,16859,16860,16859,2
2021-04-14 15:00:56.166,16859,16860,16860,1
2021-04-14 15:00:56.199,16859,16860,16860,1
2021-04-14 15:00:56.286,16859,16861,16861,1
2021-04-14 15:00:56.314,16859,16861,16860,1
2021-04-14 15:00:56.314,16859,16861,16861,1
2021-04-14 15:00:56.593,16859,16860,16860,2
2021-04-14 15:00:56.593,16859,16860,16861,2
2021-04-14 15:00:56.855,16860,16861,16860,1
2021-04-14 15:00:57.051,16859,16860,16860,1
2021-04-14 15:00:57.051,16859,16860,16860,3
2021-04-14 15:00:57.051,16859,16860,16860,1
2021-04-14 15:00:57.051,16859,16860,16860,4
2021-04-14 15:00:59.426,16859,16860,16860,1
2021-04-14 15:00:59.546,16859,16860,16860,1
2021-04-14 15:01:00.051,16859,16861,16861,2
2021-04-14 15:01:00.068,16859,16861,16861,1
2021-04-14 15:01:00.101,16860,16861,16861,1
2021-04-14 15:01:00.110,16860,16861,16861,3
2021-04-14 15:01:00.114,16860,16861,16861,2
2021-04-14 15:01:00.121,16860,16861,16861,1
2021-04-14 15:01:00.127,16860,16861,16862,1
2021-04-14 15:01:00.146,16860,16861,16862,3
2021-04-14 15:01:00.154,16860,16861,16860,1
2021-04-14 15:01:00.169,16860,16861,16862,2
2021-04-14 15:01:00.169,16860,16861,16862,2
2021-04-14 15:01:00.169,16860,16861,16863,2
2021-04-14 15:01:00.194,16860,16861,16861,1
2021-04-14 15:01:00.211,16860,16861,16863,3
2021-04-14 15:01:00.225,16862,16863,16863,4
2021-04-14 15:01:00.249,16862,16863,16864,2
2021-04-14 15:01:00.292,16862,16863,16864,1
2021-04-14 15:01:00.292,16862,16863,16865,1
2021-04-14 15:01:00.317,16862,16863,16865,4
2021-04-14 15:01:00.380,16863,16865,16865,2
2021-04-14 15:01:00.430,16863,16865,16865,2
2021-04-14 15:01:00.452,16863,16865,16865,4
2021-04-14 15:01:00.453,16863,16865,16865,4
2021-04-14 15:01:00.453,16863,16865,16866,2
2021-04-14 15:01:00.455,16863,16865,16866,2
2021-04-14 15:01:00.457,16863,16865,16867,2
2021-04-14 15:01:00.459,16863,16865,16867,5
2021-04-14 15:01:00.459,16863,16865,16868,1
2021-04-14 15:01:00.525,16866,16868,16868,2
2021-04-14 15:01:00.526,16866,16868,16868,3
2021-04-14 15:01:00.526,16866,16868,16868,3
2021-04-14 15:01:00.584,16866,16868,16868,1
2021-04-14 15:01:00.584,16866,16868,16869,1
2021-04-14 15:01:00.609,16867,16869,16869,1
2021-04-14 15:01:00.615,16867,16869,16869,1
2021-04-14 15:01:00.693,16867,16869,16867,1
2021-04-14 15:01:00.780,16866,16868,16868,1
2021-04-14 15:01:00.823,16866,16868,16869,2
2021-04-14 15:01:00.823,16866,16868,16870,1
2021-04-14 15:01:00.823,16866,16868,16870,2
2021-04-14 15:01:00.850,16867,16870,16870,1
2021-04-14 15:01:00.906,16867,16870,16870,1
2021-04-14 15:01:00.930,16867,16870,16867,1
2021-04-14 15:01:00.936,16867,16870,16867,1
2021-04-14 15:01:00.953,16867,16870,16868,2
2021-04-14 15:01:00.989,16865,16868,16868,1
2021-04-14 15:01:01.069,16865,16868,16869,1
2021-04-14 15:01:01.069,16865,16868,16870,1
2021-04-14 15:01:01.116,16867,16870,16870,4
2021-04-14 15:01:01.119,16867,16870,16868,1
2021-04-14 15:01:01.148,16867,16870,16867,1
2021-04-14 15:01:01.193,16867,16870,16870,4
2021-04-14 15:01:01.198,16867,16870,16870,2
2021-04-14 15:01:01.198,16867,16870,16871,2
2021-04-14 15:01:01.353,16868,16870,16870,1
2021-04-14 15:01:01.353,16868,16870,16871,1
2021-04-14 15:01:01.920,16868,16871,16868,3
2021-04-14 15:01:01.920,16868,16871,16867,4
2021-04-14 15:01:01.920,16868,16871,16866,3
2021-04-14 15:01:02.295,16862,16864,16864,1
2021-04-14 15:01:02.352,16862,16864,16862,1
2021-04-14 15:01:02.352,16862,16864,16861,1
2021-04-14 15:01:05.066,16862,16863,16862,1
2021-04-14 15:01:08.780,16862,16863,16863,1
2021-04-14 15:01:09.140,16862,16863,16863,2
2021-04-14 15:01:09.257,16862,16863,16862,1
2021-04-14 15:01:09.531,16862,16863,16863,1
2021-04-14 15:01:09.531,16862,16863,16864,1
2021-04-14 15:01:10.289,16863,16864,16863,1
2021-04-14 15:01:12.782,16863,16864,16863,1
2021-04-14 15:01:14.387,16863,16864,16863,1
2021-04-14 15:01:15.357,16863,16864,16864,4
2021-04-14 15:01:15.358,16863,16864,16864,1
2021-04-14 15:01:15.358,16863,16864,16864,1
2021-04-14 15:01:18.075,16864,16865,16864,1
2021-04-14 15:01:18.394,16864,16865,16864,1
2021-04-14 15:01:18.394,16864,16865,16863,1
2021-04-14 15:01:23.498,16864,16865,16865,1
2021-04-14 15:01:24.640,16864,16865,16865,1
2021-04-14 15:01:24.969,16864,16865,16864,1
2021-04-14 15:01:24.970,16864,16865,16864,5
2021-04-14 15:01:24.970,16864,16865,16864,10
2021-04-14 15:01:26.017,16863,16864,16864,1
2021-04-14 15:01:26.362,16863,16864,16863,1
2021-04-14 15:01:26.634,16863,16864,16863,1
2021-04-14 15:01:27.892,16863,16864,16863,6
2021-04-14 15:01:27.893,16863,16864,16863,1
2021-04-14 15:01:27.893,16863,16864,16863,8
2021-04-14 15:01:27.989,16862,16864,16864,1
2021-04-14 15:01:28.917,16862,16863,16863,1
2021-04-14 15:01:30.394,16863,16864,16864,2
2021-04-14 15:01:31.002,16863,16864,16863,1
2021-04-14 15:01:31.903,16863,16864,16863,1
2021-04-14 15:01:32.717,16863,16864,16864,1
2021-04-14 15:01:32.718,16863,16864,16864,5
2021-04-14 15:01:33.650,16864,16865,16864,1
2021-04-14 15:01:35.462,16864,16865,16865,8
2021-04-14 15:01:37.688,16865,16866,16865,2
2021-04-14 15:01:39.272,16864,16865,16865,2
2021-04-14 15:01:41.603,16865,16866,16865,1
2021-04-14 15:01:45.243,16864,16865,16865,2
2021-04-14 15:01:45.485,16864,16865,16865,1
2021-04-14 15:01:48.959,16864,16865,16865,3
2021-04-14 15:01:48.959,16864,16865,16866,2
2021-04-14 15:01:51.056,16865,16866,16865,2
2021-04-14 15:01:53.107,16864,16865,16865,1
2021-04-14 15:01:54.977,16864,16865,16865,1
2021-04-14 15:01:55.278,16865,16866,16866,4
2021-04-14 15:01:55.558,16865,16866,16866,2
2021-04-14 15:01:55.559,16865,16866,16866,1
2021-04-14 15:01:56.483,16865,16866,16865,5
2021-04-14 15:01:57.214,16865,16866,16865,6
2021-04-14 15:02:00.077,16864,16865,16865,1
2021-04-14 15:02:00.091,16864,16865,16865,2
2021-04-14 15:02:00.117,16864,16865,16865,1
2021-04-14 15:02:00.122,16864,16865,16865,1
2021-04-14 15:02:00.261,16864,16865,16865,1
2021-04-14 15:02:01.810,16865,16866,16865,5
2021-04-14 15:02:01.842,16864,16866,16866,1
2021-04-14 15:02:01.843,16864,16866,16866,1
2021-04-14 15:02:02.948,16865,16867,16867,1
2021-04-14 15:02:05.076,16865,16867,16865,2
2021-04-14 15:02:05.334,16865,16866,16866,1
2021-04-14 15:02:05.723,16865,16866,16866,1
2021-04-14 15:02:09.130,16865,16867,16866,1
2021-04-14 15:02:12.654,16865,16866,16866,1
2021-04-14 15:02:13.339,16865,16866,16866,1
2021-04-14 15:02:16.750,16865,16866,16866,1
2021-04-14 15:02:18.367,16865,16866,16865,5
2021-04-14 15:02:18.367,16865,16866,16865,1
2021-04-14 15:02:18.367,16865,16866,16865,1
2021-04-14 15:02:18.367,16865,16866,16865,1
2021-04-14 15:02:18.367,16865,16866,16865,1
2021-04-14 15:02:18.368,16865,16866,16865,1
2021-04-14 15:02:18.468,16864,16865,16865,1
2021-04-14 15:02:18.468,16864,16865,16865,1
2021-04-14 15:02:18.468,16864,16865,16866,1
2021-04-14 15:02:18.468,16864,16865,16866,1
2021-04-14 15:02:19.804,16864,16866,16866,1
2021-04-14 15:02:20.423,16865,16866,16865,1
2021-04-14 15:02:21.560,16864,16865,16865,1
2021-04-14 15:02:26.312,16864,16865,16865,1
2021-04-14 15:02:26.798,16864,16865,16865,2
2021-04-14 15:02:28.726,16865,16866,16865,2
2021-04-14 15:02:28.843,16864,16865,16865,1
2021-04-14 15:02:28.843,16864,16865,16865,1
2021-04-14 15:02:28.843,16864,16865,16865,1
2021-04-14 15:02:28.843,16864,16865,16866,1
2021-04-14 15:02:28.843,16864,16865,16866,1
2021-04-14 15:02:28.843,16864,16865,16866,1
2021-04-14 15:02:28.843,16864,16865,16867,1
2021-04-14 15:02:28.844,16864,16865,16867,1
2021-04-14 15:02:28.844,16864,16865,16867,1
2021-04-14 15:02:28.844,16864,16865,16867,1
2021-04-14 15:02:28.844,16864,16865,16867,1
2021-04-14 15:02:28.845,16864,16865,16867,1
2021-04-14 15:02:28.845,16864,16865,16867,1
2021-04-14 15:02:28.846,16864,16865,16867,1
2021-04-14 15:02:28.846,16864,16865,16867,1
2021-04-14 15:02:28.846,16864,16865,16867,1
2021-04-14 15:02:28.847,16864,16865,16867,1
2021-04-14 15:02:28.847,16864,16865,16867,1
2021-04-14 15:02:28.847,16864,16865,16867,1
2021-04-14 15:02:28.847,16864,16865,16868,1
2021-04-14 15:02:28.847,16864,16865,16868,1
2021-04-14 15:02:28.847,16864,16865,16867,1
2021-04-14 15:02:28.848,16864,16865,16867,1
2021-04-14 15:02:29.280,16865,16867,16866,1
2021-04-14 15:02:29.471,16866,16867,16867,1
2021-04-14 15:02:31.934,16866,16868,16868,3
2021-04-14 15:02:34.477,16866,16867,16867,1
2021-04-14 15:02:36.957,16866,16868,16868,2
2021-04-14 15:02:36.972,16866,16868,16866,1
2021-04-14 15:02:40.003,16866,16868,16868,7
2021-04-14 15:02:40.006,16866,16868,16869,1
2021-04-14 15:02:40.765,16868,16869,16868,1
2021-04-14 15:02:40.806,16868,16869,16868,1
2021-04-14 15:02:41.050,16868,16869,16868,1
2021-04-14 15:02:41.237,16868,16869,16868,1
2021-04-14 15:02:41.243,16868,16869,16868,1
2021-04-14 15:02:42.812,16868,16869,16868,2
2021-04-14 15:02:44.571,16867,16868,16868,1
2021-04-14 15:02:44.572,16867,16868,16868,1
2021-04-14 15:02:44.572,16867,16868,16868,1
2021-04-14 15:02:48.570,16867,16868,16868,1
2021-04-14 15:02:49.602,16867,16868,16868,1
2021-04-14 15:02:50.476,16867,16868,16868,1
2021-04-14 15:02:52.053,16867,16869,16867,1
2021-04-14 15:02:52.848,16867,16868,16868,2
2021-04-14 15:02:54.094,16867,16868,16867,2
2021-04-14 15:02:55.811,16866,16868,16868,1
2021-04-14 15:02:56.329,16866,16867,16867,1
2021-04-14 15:02:56.349,16867,16868,16868,1
2021-04-14 15:02:58.755,16866,16868,16868,7
2021-04-14 15:02:58.757,16866,16868,16869,1
2021-04-14 15:02:59.130,16868,16869,16868,1
2021-04-14 15:03:00.050,16868,16869,16868,1
2021-04-14 15:03:00.083,16868,16869,16869,2
2021-04-14 15:03:00.287,16868,16869,16869,2
2021-04-14 15:03:00.287,16868,16869,16869,1
2021-04-14 15:03:00.287,16868,16869,16869,1
2021-04-14 15:03:00.287,16868,16869,16869,1
2021-04-14 15:03:00.287,16868,16869,16869,1
2021-04-14 15:03:01.055,16869,16870,16870,1
2021-04-14 15:03:01.060,16869,16870,16870,4
2021-04-14 15:03:01.060,16869,16870,16870,1
2021-04-14 15:03:01.061,16869,16870,16870,1
2021-04-14 15:03:04.316,16869,16870,16870,1
2021-04-14 15:03:06.841,16869,16870,16870,1
2021-04-14 15:03:08.697,16869,16871,16871,1
2021-04-14 15:03:09.819,16869,16871,16871,1
2021-04-14 15:03:10.216,16870,16871,16870,1
2021-04-14 15:03:11.415,16869,16870,16869,1
2021-04-14 15:03:11.959,16869,16871,16871,1
2021-04-14 15:03:12.239,16869,16871,16869,2
2021-04-14 15:03:12.315,16869,16871,16871,1
2021-04-14 15:03:16.086,16869,16870,16869,6
2021-04-14 15:03:16.086,16869,16870,16868,1
2021-04-14 15:03:16.466,16868,16870,16870,1
2021-04-14 15:03:17.574,16868,16870,16870,1
2021-04-14 15:03:17.574,16868,16870,16871,4
2021-04-14 15:03:17.621,16869,16871,16871,1
2021-04-14 15:03:18.330,16869,16871,16871,1
2021-04-14 15:03:18.348,16869,16871,16871,1
2021-04-14 15:03:18.984,16869,16871,16871,1
2021-04-14 15:03:20.098,16868,16870,16870,3
2021-04-14 15:03:20.216,16868,16870,16870,7
2021-04-14 15:03:21.411,16869,16870,16870,1
2021-04-14 15:03:21.634,16869,16871,16871,1
2021-04-14 15:03:26.346,16869,16871,16869,3
2021-04-14 15:03:26.620,16868,16869,16870,1
2021-04-14 15:03:26.918,16868,16870,16870,1
2021-04-14 15:03:28.188,16868,16870,16870,3
2021-04-14 15:03:29.883,16868,16870,16870,1
2021-04-14 15:03:32.446,16868,16869,16868,1
2021-04-14 15:03:32.504,16868,16869,16868,1
2021-04-14 15:03:32.505,16868,16869,16868,5
2021-04-14 15:03:32.505,16868,16869,16868,1
2021-04-14 15:03:32.505,16868,16869,16868,1
2021-04-14 15:03:34.167,16867,16869,16868,1
2021-04-14 15:03:35.385,16867,16869,16869,1
2021-04-14 15:03:35.385,16867,16869,16870,1
2021-04-14 15:03:35.821,16867,16869,16867,1
2021-04-14 15:03:37.169,16867,16869,16869,1
2021-04-14 15:03:37.170,16867,16869,16869,1
2021-04-14 15:03:38.555,16867,16869,16869,1
2021-04-14 15:03:42.178,16867,16869,16867,1
2021-04-14 15:03:43.646,16867,16869,16869,2
2021-04-14 15:03:43.647,16867,16869,16869,18
2021-04-14 15:03:48.829,16867,16869,16869,1
2021-04-14 15:03:59.556,16867,16869,16867,1
2021-04-14 15:04:01.272,16867,16869,16869,2
2021-04-14 15:04:02.170,16868,16869,16868,1
2021-04-14 15:04:02.429,16868,16869,16869,2
2021-04-14 15:04:02.793,16868,16869,16868,1
2021-04-14 15:04:05.401,16867,16868,16868,1
2021-04-14 15:04:05.965,16867,16868,16868,1
2021-04-14 15:04:08.733,16867,16868,16867,1
2021-04-14 15:04:08.733,16867,16868,16867,1
2021-04-14 15:04:08.733,16867,16868,16867,1
2021-04-14 15:04:08.734,16867,16868,16867,1
2021-04-14 15:04:10.113,16867,16868,16867,1
2021-04-14 15:04:11.977,16867,16868,16867,1
2021-04-14 15:04:13.833,16867,16868,16867,1
2021-04-14 15:04:15.610,16867,16868,16868,1
2021-04-14 15:04:15.611,16867,16868,16867,2
2021-04-14 15:04:20.614,16867,16868,16867,1
2021-04-14 15:04:20.963,16867,16868,16867,1
2021-04-14 15:04:22.341,16867,16868,16868,3
2021-04-14 15:04:24.189,16867,16869,16867,5
2021-04-14 15:04:24.189,16867,16869,16867,1
2021-04-14 15:04:26.439,16866,16867,16866,1
2021-04-14 15:04:27.857,16866,16867,16867,1
2021-04-14 15:04:36.336,16866,16867,16866,1
2021-04-14 15:04:36.974,16866,16867,16866,2
2021-04-14 15:04:39.063,16866,16867,16866,6
2021-04-14 15:04:39.275,16865,16867,16865,2
2021-04-14 15:04:39.840,16865,16866,16866,1
2021-04-14 15:04:46.168,16866,16867,16866,1
2021-04-14 15:04:47.489,16866,16867,16866,1
2021-04-14 15:04:47.489,16866,16867,16865,4
2021-04-14 15:04:50.677,16865,16866,16865,4
2021-04-14 15:04:52.748,16864,16866,16864,1
2021-04-14 15:04:57.581,16865,16866,16865,3
2021-04-14 15:04:57.716,16864,16865,16865,1
2021-04-14 15:05:00.071,16864,16865,16865,1
2021-04-14 15:05:00.152,16864,16866,16866,2
2021-04-14 15:05:00.434,16864,16866,16864,3
2021-04-14 15:05:00.478,16864,16866,16866,2
2021-04-14 15:05:00.869,16864,16866,16864,1
2021-04-14 15:05:01.227,16864,16866,16866,1
2021-04-14 15:05:04.861,16864,16866,16864,1
2021-04-14 15:05:05.051,16863,16865,16863,2
2021-04-14 15:05:07.966,16863,16864,16864,1
2021-04-14 15:05:09.693,16863,16865,16863,1
2021-04-14 15:05:10.488,16863,16864,16863,3
2021-04-14 15:05:15.411,16862,16863,16863,2
2021-04-14 15:05:17.673,16863,16864,16863,1
2021-04-14 15:05:18.164,16863,16864,16863,2
2021-04-14 15:05:18.185,16863,16864,16863,2
2021-04-14 15:05:18.244,16863,16864,16863,1
2021-04-14 15:05:21.341,16863,16864,16864,12
2021-04-14 15:05:21.927,16864,16865,16864,1
2021-04-14 15:05:23.818,16864,16865,16865,1
2021-04-14 15:05:24.348,16865,16866,16865,1
2021-04-14 15:05:24.532,16864,16865,16865,1
2021-04-14 15:05:26.565,16865,16866,16865,1
2021-04-14 15:05:29.199,16865,16866,16865,3
2021-04-14 15:05:30.007,16865,16866,16866,4
2021-04-14 15:05:30.008,16865,16866,16866,1
2021-04-14 15:05:30.008,16865,16866,16866,1
2021-04-14 15:05:30.008,16865,16866,16866,1
2021-04-14 15:05:30.008,16865,16866,16866,1
2021-04-14 15:05:30.008,16865,16866,16866,1
2021-04-14 15:05:30.008,16865,16866,16866,1
2021-04-14 15:05:30.008,16865,16866,16866,2
2021-04-14 15:05:30.008,16865,16866,16866,1
2021-04-14 15:05:30.008,16865,16866,16866,1
2021-04-14 15:05:30.008,16865,16866,16866,9
2021-04-14 15:05:40.515,16866,16867,16867,6
2021-04-14 15:05:41.926,16866,16867,16867,2
2021-04-14 15:05:41.927,16866,16867,16867,1
2021-04-14 15:05:44.339,16866,16867,16867,1
2021-04-14 15:05:49.124,16866,16867,16867,1
2021-04-14 15:05:53.884,16867,16868,16868,1
2021-04-14 15:05:53.885,16867,16868,16868,1
2021-04-14 15:05:53.885,16867,16868,16868,4
2021-04-14 15:05:53.885,16867,16868,16868,1
2021-04-14 15:05:56.686,16868,16869,16869,19
2021-04-14 15:05:57.276,16869,16870,16869,1
2021-04-14 15:06:06.284,16868,16869,16868,2
2021-04-14 15:06:08.250,16867,16868,16868,1
2021-04-14 15:06:11.119,16868,16869,16869,1
2021-04-14 15:06:11.572,16868,16869,16868,2
2021-04-14 15:06:12.251,16867,16868,16868,1
2021-04-14 15:06:17.043,16868,16869,16869,4
2021-04-14 15:06:17.043,16868,16869,16870,2
2021-04-14 15:06:19.535,16868,16870,16870,1
2021-04-14 15:06:19.631,16868,16870,16868,3
2021-04-14 15:06:19.970,16867,16869,16869,2
2021-04-14 15:06:20.814,16868,16869,16868,1
2021-04-14 15:06:24.856,16867,16868,16868,1
2021-04-14 15:06:26.263,16867,16868,16868,1
2021-04-14 15:06:31.942,16867,16868,16868,1
2021-04-14 15:06:33.594,16867,16868,16868,1
2021-04-14 15:06:34.628,16867,16868,16867,1
2021-04-14 15:06:34.634,16867,16868,16867,6
2021-04-14 15:06:34.638,16867,16868,16867,2
2021-04-14 15:06:34.638,16867,16868,16868,9
2021-04-14 15:06:34.638,16867,16868,16869,16
2021-04-14 15:06:34.640,16867,16868,16869,1
2021-04-14 15:06:34.640,16867,16868,16869,1
2021-04-14 15:06:34.640,16867,16868,16869,2
2021-04-14 15:06:34.710,16867,16868,16868,1
2021-04-14 15:06:34.716,16868,16869,16869,1
2021-04-14 15:06:34.996,16868,16869,16868,9
2021-04-14 15:06:37.900,16867,16868,16868,1
2021-04-14 15:06:38.637,16868,16869,16868,2
2021-04-14 15:06:42.966,16867,16868,16868,1
2021-04-14 15:06:44.052,16867,16868,16868,1
2021-04-14 15:06:50.157,16867,16868,16868,1
2021-04-14 15:06:50.706,16868,16869,16869,1
2021-04-14 15:06:51.089,16868,16870,16868,1
2021-04-14 15:06:51.681,16869,16870,16870,1
2021-04-14 15:06:54.510,16869,16870,16870,1
2021-04-14 15:06:54.511,16869,16870,16870,2
2021-04-14 15:06:54.511,16869,16870,16870,9
2021-04-14 15:06:54.511,16869,16870,16870,1
2021-04-14 15:06:56.173,16870,16871,16871,1
2021-04-14 15:06:56.323,16870,16871,16871,1
2021-04-14 15:06:58.473,16870,16871,16871,2
2021-04-14 15:06:59.927,16870,16871,16870,1
2021-04-14 15:07:01.256,16870,16871,16871,1
2021-04-14 15:07:01.341,16870,16871,16871,11
2021-04-14 15:07:01.613,16871,16872,16871,3
2021-04-14 15:07:02.166,16871,16872,16871,1
2021-04-14 15:07:06.814,16870,16871,16871,1
2021-04-14 15:07:08.005,16870,16871,16871,1
2021-04-14 15:07:08.092,16870,16871,16871,1
2021-04-14 15:07:09.738,16870,16871,16871,1
2021-04-14 15:07:10.527,16870,16871,16871,4
2021-04-14 15:07:10.778,16871,16872,16871,1
2021-04-14 15:07:13.018,16871,16872,16871,1
2021-04-14 15:07:14.524,16870,16872,16872,1
2021-04-14 15:07:14.708,16870,16872,16872,1
2021-04-14 15:07:14.725,16870,16872,16872,1
2021-04-14 15:07:14.889,16870,16872,16871,1
2021-04-14 15:07:18.696,16871,16872,16872,7
2021-04-14 15:07:19.182,16872,16873,16872,1
2021-04-14 15:07:19.218,16871,16872,16872,1
2021-04-14 15:07:20.455,16871,16872,16872,1
2021-04-14 15:07:26.579,16871,16872,16872,1
2021-04-14 15:07:31.007,16871,16872,16871,1
2021-04-14 15:07:32.410,16871,16872,16871,1
2021-04-14 15:07:33.104,16871,16872,16872,2
2021-04-14 15:07:34.207,16871,16872,16872,5
2021-04-14 15:07:35.879,16871,16873,16872,1
2021-04-14 15:07:38.889,16871,16872,16872,1
2021-04-14 15:07:40.258,16871,16872,16872,1
2021-04-14 15:07:44.855,16871,16872,16872,1
2021-04-14 15:07:46.122,16871,16872,16872,1
2021-04-14 15:07:48.228,16871,16872,16871,5
2021-04-14 15:07:48.257,16871,16872,16871,1
2021-04-14 15:07:48.257,16871,16872,16871,1
2021-04-14 15:07:49.939,16870,16871,16871,1
2021-04-14 15:07:51.608,16870,16872,16872,1
2021-04-14 15:07:57.310,16870,16871,16871,1
2021-04-14 15:07:58.607,16870,16871,16871,2
2021-04-14 15:08:01.502,16871,16872,16872,1
2021-04-14 15:08:02.626,16871,16872,16872,2
2021-04-14 15:08:03.151,16871,16872,16871,1
2021-04-14 15:08:03.880,16871,16872,16872,2
2021-04-14 15:08:27.366,16871,16872,16872,1
2021-04-14 15:08:29.623,16871,16872,16872,1
2021-04-14 15:08:29.720,16871,16872,16872,1
2021-04-14 15:08:30.474,16871,16872,16872,1
2021-04-14 15:08:38.310,16871,16872,16872,6
2021-04-14 15:08:38.310,16871,16872,16872,3
2021-04-14 15:08:38.311,16871,16872,16872,1
2021-04-14 15:08:38.311,16871,16872,16872,4
2021-04-14 15:08:38.581,16871,16873,16871,2
2021-04-14 15:08:43.069,16871,16872,16872,1
2021-04-14 15:08:43.093,16871,16872,16872,1
2021-04-14 15:08:47.968,16871,16872,16872,1
2021-04-14 15:08:48.094,16871,16872,16872,1
2021-04-14 15:08:48.218,16871,16873,16873,1
2021-04-14 15:08:48.218,16871,16873,16873,1
2021-04-14 15:08:48.218,16871,16873,16873,1
2021-04-14 15:08:48.219,16871,16873,16873,1
2021-04-14 15:08:48.481,16872,16873,16873,1
2021-04-14 15:08:48.483,16872,16873,16873,3
2021-04-14 15:08:48.483,16872,16873,16873,3
2021-04-14 15:08:48.666,16873,16874,16874,1
2021-04-14 15:08:48.666,16873,16874,16874,1
2021-04-14 15:08:48.666,16873,16874,16874,1
2021-04-14 15:08:48.666,16873,16874,16874,1
2021-04-14 15:08:48.745,16873,16874,16874,1
2021-04-14 15:08:48.773,16873,16874,16874,1
2021-04-14 15:08:48.773,16873,16874,16874,7
2021-04-14 15:08:48.774,16873,16874,16874,1
2021-04-14 15:08:48.774,16873,16874,16874,4
2021-04-14 15:08:48.780,16873,16874,16875,6
2021-04-14 15:08:48.819,16873,16874,16875,1
2021-04-14 15:08:48.846,16874,16875,16875,3
2021-04-14 15:08:48.846,16874,16875,16875,1
2021-04-14 15:08:48.846,16874,16875,16875,1
2021-04-14 15:08:48.847,16874,16875,16875,1
2021-04-14 15:08:48.847,16874,16875,16875,1
2021-04-14 15:08:48.847,16874,16875,16875,2
2021-04-14 15:08:48.847,16874,16875,16875,1
2021-04-14 15:08:48.847,16874,16875,16875,1
2021-04-14 15:08:48.847,16874,16875,16875,1
2021-04-14 15:08:48.847,16874,16875,16875,1
2021-04-14 15:08:48.847,16874,16875,16875,2
2021-04-14 15:08:48.847,16874,16875,16875,1
2021-04-14 15:08:48.848,16874,16875,16875,1
2021-04-14 15:08:48.848,16874,16875,16875,1
2021-04-14 15:08:48.848,16874,16875,16875,2
2021-04-14 15:08:48.884,16874,16875,16875,1
2021-04-14 15:08:48.885,16874,16875,16875,4
2021-04-14 15:08:48.885,16874,16875,16875,1
2021-04-14 15:08:48.911,16874,16875,16876,1
2021-04-14 15:08:48.936,16874,16875,16876,1
2021-04-14 15:08:48.973,16874,16876,16876,1
2021-04-14 15:08:49.016,16874,16876,16876,1
2021-04-14 15:08:49.016,16874,16876,16877,1
2021-04-14 15:08:49.129,16875,16877,16877,1
2021-04-14 15:08:49.132,16875,16877,16877,2
2021-04-14 15:08:49.343,16875,16877,16877,1
2021-04-14 15:08:49.353,16875,16877,16877,1
2021-04-14 15:08:49.365,16875,16877,16877,1
2021-04-14 15:08:49.523,16875,16877,16877,2
2021-04-14 15:08:49.574,16875,16877,16877,2
2021-04-14 15:08:49.886,16876,16878,16878,1
2021-04-14 15:08:50.239,16876,16878,16878,1
2021-04-14 15:08:52.208,16876,16877,16877,1
2021-04-14 15:08:52.394,16876,16877,16876,1
2021-04-14 15:08:52.804,16876,16877,16876,1
2021-04-14 15:08:52.980,16875,16877,16875,1
2021-04-14 15:08:56.255,16875,16876,16876,1
2021-04-14 15:08:57.086,16875,16876,16876,1
2021-04-14 15:08:57.966,16875,16876,16876,2
2021-04-14 15:08:58.288,16875,16877,16875,1
2021-04-14 15:08:58.326,16875,16877,16875,1
2021-04-14 15:08:58.513,16875,16877,16875,1
2021-04-14 15:08:59.795,16875,16876,16876,1
2021-04-14 15:09:00.606,16875,16877,16875,1
2021-04-14 15:09:01.378,16875,16876,16875,1
2021-04-14 15:09:01.421,16875,16876,16876,1
2021-04-14 15:09:02.059,16876,16877,16877,1
2021-04-14 15:09:04.790,16876,16877,16877,4
2021-04-14 15:09:05.205,16877,16878,16877,1
2021-04-14 15:09:07.866,16877,16878,16877,2
2021-04-14 15:09:08.683,16877,16878,16878,1
2021-04-14 15:09:09.433,16877,16878,16878,5
2021-04-14 15:09:09.434,16877,16878,16878,1
2021-04-14 15:09:13.283,16878,16879,16879,2
2021-04-14 15:09:13.283,16878,16879,16879,1
2021-04-14 15:09:13.788,16878,16879,16879,1
2021-04-14 15:09:13.788,16878,16879,16879,1
2021-04-14 15:09:14.598,16878,16879,16878,1
2021-04-14 15:09:15.716,16878,16879,16879,5
2021-04-14 15:09:17.163,16879,16880,16879,2
2021-04-14 15:09:17.668,16879,16880,16879,1
2021-04-14 15:09:18.056,16878,16880,16879,1
2021-04-14 15:09:18.808,16878,16879,16879,1
2021-04-14 15:09:18.808,16878,16879,16880,4
2021-04-14 15:09:18.842,16878,16880,16880,17
2021-04-14 15:09:19.011,16879,16880,16879,1
2021-04-14 15:09:19.132,16879,16880,16879,4
2021-04-14 15:09:19.355,16878,16879,16879,1
2021-04-14 15:09:19.895,16878,16880,16880,1
2021-04-14 15:09:20.177,16879,16880,16880,1
2021-04-14 15:09:20.177,16879,16880,16880,1
2021-04-14 15:09:20.201,16879,16880,16879,1
2021-04-14 15:09:22.362,16879,16880,16880,2
2021-04-14 15:09:22.363,16879,16880,16880,1
2021-04-14 15:09:23.111,16879,16880,16879,2
2021-04-14 15:09:23.111,16879,16880,16878,3
2021-04-14 15:09:23.112,16879,16880,16879,1
2021-04-14 15:09:23.410,16878,16880,16879,1
2021-04-14 15:09:24.867,16879,16880,16880,1
2021-04-14 15:09:24.868,16879,16880,16880,1
2021-04-14 15:09:25.552,16879,16880,16880,1
2021-04-14 15:09:25.552,16879,16880,16880,1
2021-04-14 15:09:29.162,16879,16880,16879,2
2021-04-14 15:09:29.163,16879,16880,16880,1
2021-04-14 15:09:29.265,16879,16880,16880,1
2021-04-14 15:09:29.266,16879,16880,16880,1
2021-04-14 15:09:31.452,16879,16880,16879,1
2021-04-14 15:09:32.291,16879,16880,16879,1
2021-04-14 15:09:32.751,16879,16880,16880,1
2021-04-14 15:09:32.751,16879,16880,16880,1
2021-04-14 15:09:32.821,16879,16880,16880,14
2021-04-14 15:09:32.821,16879,16880,16880,1
2021-04-14 15:09:32.821,16879,16880,16880,5
2021-04-14 15:09:33.923,16879,16881,16881,1
2021-04-14 15:09:34.063,16880,16881,16881,1
2021-04-14 15:09:34.064,16880,16881,16881,1
2021-04-14 15:09:34.066,16880,16881,16881,4
2021-04-14 15:09:34.067,16880,16881,16881,8
2021-04-14 15:09:34.067,16880,16881,16882,1
2021-04-14 15:09:34.092,16880,16882,16882,1
2021-04-14 15:09:34.127,16880,16882,16882,1
2021-04-14 15:09:34.127,16880,16882,16882,1
2021-04-14 15:09:34.132,16880,16882,16882,1
2021-04-14 15:09:34.158,16880,16882,16882,1
2021-04-14 15:09:34.160,16880,16882,16882,2
2021-04-14 15:09:34.160,16880,16882,16882,1
2021-04-14 15:09:34.226,16881,16883,16883,2
2021-04-14 15:09:34.232,16881,16883,16883,1
2021-04-14 15:09:34.232,16881,16883,16883,1
2021-04-14 15:09:34.233,16881,16883,16883,2
2021-04-14 15:09:34.494,16881,16883,16881,4
2021-04-14 15:09:34.599,16880,16882,16882,3
2021-04-14 15:09:34.618,16880,16882,16880,1
2021-04-14 15:09:34.627,16880,16882,16881,1
2021-04-14 15:09:35.448,16880,16882,16881,1
2021-04-14 15:09:35.448,16880,16882,16882,3
2021-04-14 15:09:35.448,16880,16882,16883,2
2021-04-14 15:09:35.479,16880,16882,16882,1
2021-04-14 15:09:35.616,16880,16882,16882,1
2021-04-14 15:09:35.616,16880,16882,16883,1
2021-04-14 15:09:35.713,16880,16882,16883,1
2021-04-14 15:09:35.824,16881,16883,16882,1
2021-04-14 15:09:36.305,16881,16883,16883,1
2021-04-14 15:09:36.536,16881,16883,16883,1
2021-04-14 15:09:36.705,16881,16883,16881,1
2021-04-14 15:09:36.732,16881,16883,16883,1
2021-04-14 15:09:38.424,16881,16882,16882,1
2021-04-14 15:09:39.609,16881,16883,16883,1
2021-04-14 15:09:40.437,16881,16883,16881,5
2021-04-14 15:09:42.898,16882,16883,16882,1
2021-04-14 15:09:44.925,16882,16883,16883,1
2021-04-14 15:09:45.087,16882,16883,16883,1
2021-04-14 15:09:45.734,16882,16883,16882,1
2021-04-14 15:09:47.342,16882,16883,16883,2
2021-04-14 15:09:47.882,16882,16883,16883,2
2021-04-14 15:09:48.629,16882,16883,16883,1
2021-04-14 15:09:48.763,16882,16883,16883,2
2021-04-14 15:09:48.764,16882,16883,16883,1
2021-04-14 15:09:49.963,16882,16884,16882,1
2021-04-14 15:09:50.610,16883,16884,16883,3
2021-04-14 15:09:51.632,16883,16884,16884,2
2021-04-14 15:09:51.930,16883,16884,16884,3
2021-04-14 15:09:53.153,16883,16884,16884,1
2021-04-14 15:09:53.180,16883,16884,16883,1
2021-04-14 15:09:53.354,16883,16884,16884,1
2021-04-14 15:09:57.271,16883,16884,16884,1
2021-04-14 15:09:59.561,16883,16884,16884,5
2021-04-14 15:10:00.269,16883,16884,16883,1
2021-04-14 15:10:00.536,16883,16884,16884,4
2021-04-14 15:10:00.536,16883,16884,16885,3
2021-04-14 15:10:00.869,16883,16885,16885,3
2021-04-14 15:10:02.081,16883,16884,16883,1
2021-04-14 15:10:02.745,16883,16884,16883,1
2021-04-14 15:10:02.958,16883,16884,16884,2
2021-04-14 15:10:03.693,16883,16885,16883,14
2021-04-14 15:10:04.108,16882,16884,16882,2
2021-04-14 15:10:05.676,16882,16883,16882,1
2021-04-14 15:10:06.269,16882,16883,16883,1
2021-04-14 15:10:06.476,16882,16883,16883,1
2021-04-14 15:10:08.327,16882,16883,16883,2
2021-04-14 15:10:09.602,16883,16884,16883,1
2021-04-14 15:10:15.351,16882,16883,16883,1
2021-04-14 15:10:16.053,16882,16883,16882,1
2021-04-14 15:10:16.816,16882,16883,16882,1
2021-04-14 15:10:16.817,16882,16883,16882,5
2021-04-14 15:10:16.817,16882,16883,16882,1
2021-04-14 15:10:16.817,16882,16883,16882,14
2021-04-14 15:10:16.879,16881,16882,16881,1
2021-04-14 15:10:16.880,16881,16882,16881,1
2021-04-14 15:10:23.869,16881,16882,16881,4
2021-04-14 15:10:24.308,16881,16882,16882,1
2021-04-14 15:10:26.261,16881,16882,16881,1
2021-04-14 15:10:26.693,16881,16882,16881,1
2021-04-14 15:10:27.037,16881,16882,16882,1
2021-04-14 15:10:30.281,16881,16882,16881,2
2021-04-14 15:10:30.282,16881,16882,16881,6
2021-04-14 15:10:31.421,16881,16882,16881,1
2021-04-14 15:10:31.851,16881,16882,16881,1
2021-04-14 15:10:32.735,16881,16882,16881,2
2021-04-14 15:10:35.303,16880,16881,16881,1
2021-04-14 15:10:36.543,16880,16881,16881,1
2021-04-14 15:10:39.375,16880,16881,16881,1
2021-04-14 15:10:39.386,16880,16881,16881,1
2021-04-14 15:10:40.941,16880,16881,16880,1
2021-04-14 15:10:41.764,16880,16881,16881,1
2021-04-14 15:10:42.929,16880,16881,16880,9
2021-04-14 15:10:43.129,16879,16880,16879,4
2021-04-14 15:10:48.925,16879,16880,16880,1
2021-04-14 15:10:49.227,16879,16880,16879,1
2021-04-14 15:10:49.227,16879,16880,16879,2
2021-04-14 15:10:49.478,16878,16879,16878,1
2021-04-14 15:10:50.510,16878,16879,16879,2
2021-04-14 15:10:50.696,16878,16880,16880,1
2021-04-14 15:10:52.516,16878,16879,16878,1
2021-04-14 15:10:53.523,16878,16880,16879,2
2021-04-14 15:10:55.911,16878,16879,16879,1
2021-04-14 15:10:56.231,16878,16879,16878,2
2021-04-14 15:10:56.238,16878,16879,16878,5
2021-04-14 15:10:56.468,16877,16878,16877,1
2021-04-14 15:10:58.761,16877,16878,16878,1
2021-04-14 15:11:01.302,16877,16878,16877,1
2021-04-14 15:11:02.491,16877,16878,16878,1
2021-04-14 15:11:05.156,16877,16878,16877,5
2021-04-14 15:11:05.882,16877,16878,16878,3
2021-04-14 15:11:05.882,16877,16878,16878,1
2021-04-14 15:11:06.580,16877,16878,16877,1
2021-04-14 15:11:06.581,16877,16878,16877,5
2021-04-14 15:11:07.944,16876,16878,16878,1
2021-04-14 15:11:09.975,16877,16878,16877,1
2021-04-14 15:11:13.435,16876,16878,16877,1
2021-04-14 15:11:13.435,16876,16878,16876,8
2021-04-14 15:11:14.134,16876,16877,16877,1
2021-04-14 15:11:14.873,16876,16877,16877,1
2021-04-14 15:11:16.535,16876,16877,16877,1
2021-04-14 15:11:20.177,16876,16877,16877,1
2021-04-14 15:11:20.499,16876,16877,16876,1
2021-04-14 15:11:21.063,16876,16877,16876,2
2021-04-14 15:11:23.219,16875,16876,16876,1
2021-04-14 15:11:23.843,16875,16876,16876,1
2021-04-14 15:11:24.141,16876,16877,16876,1
2021-04-14 15:11:26.311,16875,16876,16876,1
2021-04-14 15:11:26.692,16875,16876,16876,2
2021-04-14 15:11:27.200,16876,16877,16876,1
2021-04-14 15:11:27.822,16875,16876,16876,1
2021-04-14 15:11:31.573,16876,16877,16877,4
2021-04-14 15:11:31.574,16876,16877,16877,1
2021-04-14 15:11:31.574,16876,16877,16877,1
2021-04-14 15:11:31.574,16876,16877,16877,7
2021-04-14 15:11:37.885,16876,16877,16876,1
2021-04-14 15:11:37.885,16876,16877,16876,5
2021-04-14 15:11:37.885,16876,16877,16876,5
2021-04-14 15:11:40.712,16876,16877,16877,1
2021-04-14 15:11:42.729,16877,16878,16878,1
2021-04-14 15:11:42.821,16877,16878,16877,1
2021-04-14 15:11:48.093,16876,16877,16877,1
2021-04-14 15:11:51.173,16876,16878,16876,3
2021-04-14 15:11:59.570,16876,16878,16878,1
2021-04-14 15:12:05.160,16877,16878,16878,6
2021-04-14 15:12:09.436,16878,16879,16879,1
2021-04-14 15:12:14.238,16878,16880,16880,1
2021-04-14 15:12:20.413,16879,16880,16880,3
2021-04-14 15:12:21.402,16879,16880,16880,2
2021-04-14 15:12:23.794,16879,16880,16880,1
2021-04-14 15:12:25.377,16879,16880,16880,1
2021-04-14 15:12:26.105,16879,16880,16880,1
2021-04-14 15:12:26.525,16879,16880,16880,1
2021-04-14 15:12:26.525,16879,16880,16880,1
2021-04-14 15:12:29.467,16879,16881,16879,1
2021-04-14 15:12:33.425,16880,16881,16880,5
2021-04-14 15:12:33.493,16880,16881,16880,1
2021-04-14 15:12:37.011,16880,16881,16880,1
2021-04-14 15:12:38.106,16880,16881,16881,2
2021-04-14 15:12:39.040,16880,16881,16881,2
2021-04-14 15:12:39.040,16880,16881,16882,1
2021-04-14 15:12:39.591,16880,16881,16881,1
2021-04-14 15:12:52.447,16881,16882,16881,1
2021-04-14 15:12:54.901,16881,16882,16881,3
2021-04-14 15:12:58.741,16880,16881,16881,8
2021-04-14 15:13:00.445,16880,16881,16880,1
2021-04-14 15:13:00.764,16880,16881,16881,1
2021-04-14 15:13:05.494,16880,16881,16881,4
2021-04-14 15:13:06.425,16881,16882,16881,3
2021-04-14 15:13:06.425,16881,16882,16880,2
2021-04-14 15:13:08.763,16881,16882,16882,5
2021-04-14 15:13:08.763,16881,16882,16882,5
2021-04-14 15:13:08.763,16881,16882,16882,1
2021-04-14 15:13:08.764,16881,16882,16882,1
2021-04-14 15:13:08.764,16881,16882,16882,1
2021-04-14 15:13:08.764,16881,16882,16882,1
2021-04-14 15:13:08.764,16881,16882,16882,1
2021-04-14 15:13:08.764,16881,16882,16882,1
2021-04-14 15:13:08.764,16881,16882,16882,2
2021-04-14 15:13:12.499,16882,16883,16882,1
2021-04-14 15:13:14.645,16881,16883,16882,1
2021-04-14 15:13:15.517,16881,16883,16881,2
2021-04-14 15:13:20.248,16881,16882,16881,1
2021-04-14 15:13:25.375,16881,16882,16881,1
2021-04-14 15:13:28.205,16881,16882,16881,2
2021-04-14 15:13:32.587,16880,16881,16880,1
2021-04-14 15:13:33.892,16880,16881,16880,1
2021-04-14 15:13:35.340,16880,16881,16880,1
2021-04-14 15:13:48.349,16880,16881,16880,1
2021-04-14 15:13:48.739,16880,16881,16880,1
2021-04-14 15:13:49.359,16880,16881,16880,1
2021-04-14 15:13:51.880,16880,16881,16880,1
2021-04-14 15:14:02.576,16880,16881,16880,2
2021-04-14 15:14:02.577,16880,16881,16880,1
2021-04-14 15:14:04.172,16879,16881,16879,1
2021-04-14 15:14:06.332,16879,16880,16880,1
2021-04-14 15:14:07.980,16879,16881,16879,2
2021-04-14 15:14:10.232,16879,16880,16879,1
2021-04-14 15:14:10.915,16879,16880,16879,1
2021-04-14 15:14:12.004,16879,16880,16879,7
2021-04-14 15:14:13.880,16878,16879,16879,1
2021-04-14 15:14:15.811,16878,16879,16878,1
2021-04-14 15:14:20.477,16878,16879,16878,3
2021-04-14 15:14:22.888,16877,16878,16877,1
2021-04-14 15:14:23.141,16877,16878,16877,1
2021-04-14 15:14:23.141,16877,16878,16877,1
2021-04-14 15:14:25.227,16876,16877,16877,1
2021-04-14 15:14:26.301,16876,16877,16876,1
2021-04-14 15:14:28.993,16876,16877,16876,2
2021-04-14 15:14:29.096,16876,16877,16877,1
2021-04-14 15:14:30.016,16876,16877,16877,1
2021-04-14 15:14:34.803,16877,16878,16877,1
2021-04-14 15:14:36.310,16876,16877,16877,1
2021-04-14 15:14:41.298,16876,16877,16877,2
2021-04-14 15:14:41.299,16876,16877,16877,1
2021-04-14 15:14:41.299,16876,16877,16877,1
2021-04-14 15:14:58.303,16877,16878,16878,1
2021-04-14 15:15:02.823,16877,16878,16878,1
2021-04-14 15:15:02.841,16877,16878,16878,6
2021-04-14 15:15:03.450,16878,16879,16879,5
2021-04-14 15:15:03.450,16878,16879,16880,3
2021-04-14 15:15:03.512,16879,16880,16880,2
2021-04-14 15:15:03.513,16879,16880,16880,2
2021-04-14 15:15:03.540,16879,16880,16880,2
2021-04-14 15:15:03.541,16879,16880,16880,1
2021-04-14 15:15:03.543,16879,16880,16879,2
2021-04-14 15:15:03.543,16879,16880,16878,2
2021-04-14 15:15:03.575,16879,16880,16881,4
2021-04-14 15:15:03.591,16879,16881,16881,2
2021-04-14 15:15:03.624,16879,16881,16881,1
2021-04-14 15:15:03.692,16879,16881,16882,2
2021-04-14 15:15:04.408,16881,16882,16881,1
2021-04-14 15:15:04.855,16880,16882,16882,1
2021-04-14 15:15:06.314,16880,16882,16881,1
2021-04-14 15:15:11.866,16880,16881,16881,1
2021-04-14 15:15:11.968,16880,16883,16880,1
2021-04-14 15:15:11.968,16880,16883,16880,1
2021-04-14 15:15:18.640,16881,16883,16882,1
2021-04-14 15:15:25.889,16881,16882,16881,1
2021-04-14 15:15:25.968,16881,16882,16881,1
2021-04-14 15:15:25.968,16881,16882,16880,1
2021-04-14 15:15:29.039,16880,16881,16881,1
2021-04-14 15:15:29.039,16880,16881,16882,6
2021-04-14 15:15:29.040,16880,16881,16882,1
2021-04-14 15:15:29.040,16880,16881,16882,2
2021-04-14 15:15:41.751,16881,16882,16882,2
2021-04-14 15:15:41.842,16882,16883,16882,1
2021-04-14 15:15:43.938,16881,16883,16883,1
2021-04-14 15:15:44.997,16882,16883,16882,1
2021-04-14 15:15:45.868,16881,16882,16882,1
2021-04-14 15:15:51.193,16882,16883,16883,1
2021-04-14 15:16:02.300,16882,16883,16883,1
2021-04-14 15:16:02.850,16882,16883,16883,1
2021-04-14 15:16:02.900,16882,16883,16883,1
2021-04-14 15:16:02.909,16882,16883,16883,6
2021-04-14 15:16:03.169,16882,16883,16883,6
2021-04-14 15:16:03.169,16882,16883,16883,20
2021-04-14 15:16:03.170,16882,16883,16883,11
2021-04-14 15:16:03.211,16882,16883,16883,1
2021-04-14 15:16:03.218,16883,16884,16884,1
2021-04-14 15:16:03.564,16883,16884,16884,1
2021-04-14 15:16:03.823,16883,16884,16884,1
2021-04-14 15:16:04.537,16883,16884,16884,1
2021-04-14 15:16:07.826,16883,16884,16884,1
2021-04-14 15:16:08.154,16883,16885,16883,1
2021-04-14 15:16:08.218,16883,16884,16884,1
2021-04-14 15:16:08.219,16883,16884,16885,1
2021-04-14 15:16:08.219,16883,16884,16885,1
2021-04-14 15:16:08.219,16883,16884,16885,1
2021-04-14 15:16:08.405,16883,16885,16885,1
2021-04-14 15:16:08.758,16883,16885,16885,1
2021-04-14 15:16:08.769,16883,16885,16885,1
2021-04-14 15:16:08.781,16883,16885,16885,1
2021-04-14 15:16:09.262,16883,16885,16885,1
2021-04-14 15:16:09.478,16883,16885,16885,1
2021-04-14 15:16:12.392,16883,16884,16884,1
2021-04-14 15:16:14.613,16883,16884,16884,1
2021-04-14 15:16:16.153,16883,16884,16883,2
2021-04-14 15:16:17.240,16883,16884,16884,10
2021-04-14 15:16:20.301,16883,16884,16884,1
2021-04-14 15:16:24.088,16883,16884,16884,1
2021-04-14 15:16:25.573,16883,16884,16883,4
2021-04-14 15:16:26.059,16883,16884,16884,1
2021-04-14 15:16:26.434,16883,16884,16884,2
2021-04-14 15:16:26.833,16883,16885,16883,1
2021-04-14 15:16:30.918,16883,16884,16883,2
2021-04-14 15:16:30.918,16883,16884,16882,4
2021-04-14 15:16:30.967,16882,16883,16883,1
2021-04-14 15:16:31.822,16883,16884,16883,3
2021-04-14 15:16:38.521,16882,16883,16882,1
2021-04-14 15:16:38.521,16882,16883,16882,5
2021-04-14 15:16:38.521,16882,16883,16882,1
2021-04-14 15:16:38.522,16882,16883,16882,2
2021-04-14 15:16:38.522,16882,16883,16882,10
2021-04-14 15:16:38.947,16881,16882,16881,1
2021-04-14 15:16:39.173,16880,16881,16881,2
2021-04-14 15:16:39.173,16880,16881,16882,3
2021-04-14 15:16:39.217,16880,16882,16882,1
2021-04-14 15:16:39.218,16880,16882,16882,1
2021-04-14 15:16:40.168,16880,16882,16882,2
2021-04-14 15:16:40.168,16880,16882,16882,1
2021-04-14 15:16:40.168,16880,16882,16882,1
2021-04-14 15:16:40.168,16880,16882,16882,1
2021-04-14 15:16:40.805,16880,16883,16882,5
2021-04-14 15:16:43.014,16880,16883,16880,1
2021-04-14 15:16:43.596,16880,16882,16880,1
2021-04-14 15:16:47.369,16880,16882,16882,1
2021-04-14 15:16:47.369,16880,16882,16882,2
2021-04-14 15:16:47.370,16880,16882,16882,1
2021-04-14 15:16:47.370,16880,16882,16882,1
2021-04-14 15:16:49.200,16880,16882,16882,2
2021-04-14 15:16:49.200,16880,16882,16882,2
2021-04-14 15:16:54.000,16881,16882,16882,1
2021-04-14 15:16:54.000,16881,16882,16883,4
2021-04-14 15:16:54.871,16881,16883,16883,4
2021-04-14 15:16:54.871,16881,16883,16883,1
2021-04-14 15:16:55.658,16881,16883,16881,1
2021-04-14 15:16:55.848,16881,16883,16883,3
2021-04-14 15:16:55.848,16881,16883,16883,2
2021-04-14 15:16:56.528,16881,16883,16881,2
2021-04-14 15:17:00.825,16881,16883,16883,1
2021-04-14 15:17:00.825,16881,16883,16883,3
2021-04-14 15:17:03.734,16882,16884,16884,4
2021-04-14 15:17:08.121,16883,16884,16883,1
2021-04-14 15:17:11.620,16882,16883,16882,1
2021-04-14 15:17:11.681,16882,16883,16883,6
2021-04-14 15:17:11.681,16882,16883,16884,2
2021-04-14 15:17:14.240,16881,16882,16881,1
2021-04-14 15:17:14.241,16881,16882,16881,3
2021-04-14 15:17:15.641,16880,16882,16882,3
2021-04-14 15:17:15.641,16880,16882,16882,2
2021-04-14 15:17:17.065,16880,16882,16882,1
2021-04-14 15:17:17.065,16880,16882,16883,4
2021-04-14 15:17:17.532,16880,16882,16882,3
2021-04-14 15:17:17.533,16880,16882,16882,1
2021-04-14 15:17:17.533,16880,16882,16882,1
2021-04-14 15:17:18.968,16880,16881,16881,1
2021-04-14 15:17:19.188,16881,16882,16881,1
2021-04-14 15:17:19.188,16881,16882,16880,2
2021-04-14 15:17:22.818,16881,16882,16882,2
2021-04-14 15:17:22.821,16881,16882,16882,2
2021-04-14 15:17:24.125,16881,16882,16882,3
2021-04-14 15:17:30.104,16881,16882,16882,2
2021-04-14 15:17:30.105,16881,16882,16882,4
2021-04-14 15:17:31.089,16881,16883,16881,1
2021-04-14 15:17:33.872,16880,16881,16881,1
2021-04-14 15:17:35.544,16881,16882,16882,1
2021-04-14 15:17:37.920,16880,16881,16881,1
2021-04-14 15:17:40.420,16880,16881,16880,5
2021-04-14 15:17:40.421,16880,16881,16880,19
2021-04-14 15:17:40.421,16880,16881,16880,9
2021-04-14 15:17:40.421,16880,16881,16880,1
2021-04-14 15:17:40.422,16880,16881,16880,6
2021-04-14 15:17:40.422,16880,16881,16880,1
2021-04-14 15:17:40.422,16880,16881,16880,3
2021-04-14 15:17:40.422,16880,16881,16880,3
2021-04-14 15:17:40.422,16880,16881,16880,2
2021-04-14 15:17:40.422,16880,16881,16880,3
2021-04-14 15:17:40.422,16880,16881,16880,1
2021-04-14 15:17:43.266,16879,16880,16879,1
2021-04-14 15:17:45.645,16879,16880,16880,2
2021-04-14 15:17:46.826,16879,16880,16880,1
2021-04-14 15:17:49.431,16879,16880,16879,1
2021-04-14 15:17:53.899,16879,16880,16879,1
2021-04-14 15:17:56.994,16879,16880,16879,1
2021-04-14 15:17:57.875,16879,16880,16879,1
2021-04-14 15:17:58.263,16879,16880,16879,1
2021-04-14 15:17:58.280,16879,16880,16879,1
2021-04-14 15:18:00.723,16878,16879,16879,1
2021-04-14 15:18:04.772,16878,16879,16878,2
2021-04-14 15:18:04.842,16878,16879,16879,1
2021-04-14 15:18:05.356,16878,16879,16879,1
2021-04-14 15:18:07.981,16878,16879,16878,4
2021-04-14 15:18:07.981,16878,16879,16877,4
2021-04-14 15:18:10.193,16877,16879,16879,1
2021-04-14 15:18:10.218,16878,16879,16879,1
2021-04-14 15:18:17.780,16878,16879,16879,3
2021-04-14 15:18:24.078,16879,16880,16880,1
2021-04-14 15:18:24.093,16879,16880,16880,1
2021-04-14 15:18:24.093,16879,16880,16880,1
2021-04-14 15:18:24.357,16879,16880,16879,1
2021-04-14 15:18:30.965,16879,16880,16879,3
2021-04-14 15:18:30.965,16878,16879,16879,3
2021-04-14 15:18:30.966,16878,16879,16879,1
2021-04-14 15:18:30.966,16878,16879,16879,2
2021-04-14 15:18:38.148,16879,16880,16879,1
2021-04-14 15:18:41.330,16878,16879,16879,1
2021-04-14 15:18:42.823,16879,16880,16879,3
2021-04-14 15:18:42.823,16879,16880,16878,2
2021-04-14 15:18:51.563,16879,16880,16879,1
2021-04-14 15:19:03.766,16878,16879,16879,4
2021-04-14 15:19:03.844,16878,16879,16879,1
2021-04-14 15:19:03.845,16878,16879,16879,1
2021-04-14 15:19:03.845,16878,16879,16879,1
2021-04-14 15:19:16.104,16879,16880,16880,28
2021-04-14 15:19:16.106,16879,16880,16881,1
2021-04-14 15:19:16.106,16879,16880,16881,1
2021-04-14 15:19:16.107,16879,16880,16881,2
2021-04-14 15:19:16.107,16879,16880,16881,1
2021-04-14 15:19:22.075,16881,16882,16881,1
2021-04-14 15:19:47.509,16881,16882,16881,1
2021-04-14 15:19:47.514,16881,16882,16881,1
2021-04-14 15:19:48.550,16881,16882,16881,1
2021-04-14 15:19:55.034,16881,16882,16882,1
2021-04-14 15:19:56.810,16881,16882,16881,1
2021-04-14 15:20:03.098,16881,16882,16882,1
2021-04-14 15:20:03.827,16881,16882,16882,3
2021-04-14 15:20:04.054,16881,16882,16882,2
2021-04-14 15:20:04.349,16881,16882,16882,1
2021-04-14 15:20:04.409,16881,16882,16882,1
2021-04-14 15:20:04.740,16881,16882,16882,1
2021-04-14 15:20:07.148,16881,16882,16881,2
2021-04-14 15:20:33.678,16881,16882,16881,1
2021-04-14 15:20:40.873,16881,16882,16881,1
2021-04-14 15:20:40.874,16881,16882,16881,1
2021-04-14 15:20:40.875,16881,16882,16881,1
2021-04-14 15:20:45.091,16880,16881,16881,5
2021-04-14 15:20:58.294,16880,16881,16881,2
2021-04-14 15:20:58.295,16880,16881,16881,2
2021-04-14 15:21:05.280,16881,16882,16881,1
2021-04-14 15:21:07.329,16881,16882,16881,1
2021-04-14 15:21:20.563,16881,16882,16881,1
2021-04-14 15:21:24.332,16881,16882,16881,1
2021-04-14 15:21:25.168,16881,16882,16881,2
2021-04-14 15:21:27.000,16880,16881,16881,1
2021-04-14 15:21:28.695,16880,16881,16881,1
2021-04-14 15:21:38.595,16880,16881,16880,3
2021-04-14 15:21:38.595,16880,16881,16880,2
2021-04-14 15:21:38.596,16880,16881,16880,1
2021-04-14 15:21:38.596,16880,16881,16880,1
2021-04-14 15:21:38.596,16880,16881,16880,1
2021-04-14 15:21:38.596,16880,16881,16880,1
2021-04-14 15:21:38.596,16880,16881,16880,2
2021-04-14 15:21:40.457,16879,16880,16879,1
2021-04-14 15:21:45.039,16878,16880,16878,1
2021-04-14 15:21:52.119,16878,16879,16878,1
2021-04-14 15:21:57.998,16878,16879,16878,1
2021-04-14 15:22:00.815,16878,16879,16879,1
2021-04-14 15:22:01.338,16878,16880,16878,3
2021-04-14 15:22:04.201,16878,16879,16878,5
2021-04-14 15:22:04.802,16878,16879,16879,1
2021-04-14 15:22:07.035,16878,16879,16878,1
2021-04-14 15:22:07.035,16878,16879,16878,1
2021-04-14 15:22:13.418,16878,16879,16878,1
2021-04-14 15:22:14.260,16878,16879,16878,1
2021-04-14 15:22:14.260,16878,16879,16878,1
2021-04-14 15:22:24.525,16878,16879,16878,1
2021-04-14 15:22:24.526,16878,16879,16878,2
2021-04-14 15:22:28.753,16877,16878,16878,1
2021-04-14 15:22:31.129,16878,16879,16878,1
2021-04-14 15:22:51.461,16877,16878,16878,1
2021-04-14 15:22:52.345,16877,16878,16878,1
2021-04-14 15:23:00.458,16877,16878,16878,1
2021-04-14 15:23:02.304,16877,16879,16879,1
2021-04-14 15:23:06.720,16877,16878,16878,1
2021-04-14 15:23:08.666,16877,16878,16878,1
2021-04-14 15:23:18.997,16877,16878,16877,2
2021-04-14 15:23:19.067,16877,16878,16877,2
2021-04-14 15:23:19.127,16877,16878,16877,2
2021-04-14 15:23:19.168,16877,16878,16877,2
2021-04-14 15:23:19.294,16877,16878,16877,5
2021-04-14 15:23:19.295,16877,16878,16877,2
2021-04-14 15:23:19.295,16877,16878,16877,1
2021-04-14 15:23:29.586,16876,16877,16876,1
2021-04-14 15:23:32.821,16876,16877,16876,1
2021-04-14 15:23:34.643,16876,16877,16876,3
2021-04-14 15:23:39.110,16876,16877,16876,6
2021-04-14 15:23:39.110,16876,16877,16876,1
2021-04-14 15:23:39.693,16875,16876,16876,2
2021-04-14 15:23:40.947,16876,16877,16876,1
2021-04-14 15:23:40.947,16876,16877,16875,1
2021-04-14 15:23:41.380,16875,16877,16875,1
2021-04-14 15:23:41.830,16875,16877,16875,4
2021-04-14 15:23:43.334,16875,16876,16875,1
2021-04-14 15:23:43.717,16875,16876,16875,1
2021-04-14 15:23:46.940,16874,16875,16874,1
2021-04-14 15:23:47.178,16874,16875,16875,1
2021-04-14 15:23:47.444,16874,16875,16875,1
2021-04-14 15:23:47.713,16874,16876,16874,2
2021-04-14 15:23:47.841,16874,16876,16874,2
2021-04-14 15:23:50.124,16874,16875,16875,1
2021-04-14 15:23:50.665,16874,16876,16874,1
2021-04-14 15:23:51.265,16874,16876,16874,2
2021-04-14 15:23:55.426,16874,16875,16874,1
2021-04-14 15:23:55.711,16874,16875,16875,1
2021-04-14 15:23:55.882,16875,16876,16875,3
2021-04-14 15:23:56.304,16875,16876,16876,1
2021-04-14 15:23:56.304,16875,16876,16876,1
2021-04-14 15:23:56.483,16876,16878,16876,1
2021-04-14 15:23:58.283,16876,16878,16876,1
2021-04-14 15:23:58.345,16876,16877,16876,1
2021-04-14 15:23:59.551,16876,16877,16876,1
2021-04-14 15:24:06.438,16876,16877,16876,1
2021-04-14 15:24:13.087,16876,16877,16876,1
2021-04-14 15:24:13.593,16875,16876,16875,1
2021-04-14 15:24:19.630,16874,16876,16876,2
2021-04-14 15:24:19.678,16874,16876,16874,2
2021-04-14 15:24:23.948,16874,16876,16874,1
2021-04-14 15:24:24.152,16874,16876,16874,1
2021-04-14 15:24:24.239,16874,16876,16875,1
2021-04-14 15:24:24.804,16875,16876,16875,1
2021-04-14 15:24:29.026,16874,16875,16875,1
2021-04-14 15:24:29.240,16874,16876,16874,1
2021-04-14 15:24:29.574,16875,16876,16876,6
2021-04-14 15:24:31.143,16876,16877,16876,1
2021-04-14 15:24:37.565,16876,16877,16877,1
2021-04-14 15:24:37.565,16876,16877,16877,5
2021-04-14 15:24:37.567,16876,16877,16878,3
2021-04-14 15:24:37.569,16876,16877,16878,1
2021-04-14 15:24:37.954,16877,16879,16877,1
2021-04-14 15:24:39.290,16877,16879,16877,1
2021-04-14 15:24:41.455,16877,16879,16877,1
2021-04-14 15:24:46.169,16878,16879,16878,1
2021-04-14 15:24:56.054,16877,16879,16879,1
2021-04-14 15:24:57.158,16878,16879,16879,1
2021-04-14 15:24:57.382,16878,16879,16879,2
2021-04-14 15:24:57.383,16878,16879,16879,3
2021-04-14 15:25:04.271,16878,16879,16878,3
2021-04-14 15:25:12.459,16878,16879,16878,1
2021-04-14 15:25:17.785,16878,16879,16879,8
2021-04-14 15:25:17.785,16878,16879,16879,2
2021-04-14 15:25:21.215,16879,16880,16879,1
2021-04-14 15:25:24.929,16879,16880,16880,1
2021-04-14 15:25:31.882,16879,16880,16880,1
2021-04-14 15:25:34.629,16879,16880,16880,3
2021-04-14 15:25:34.630,16879,16880,16880,1
2021-04-14 15:25:34.630,16879,16880,16880,2
2021-04-14 15:25:34.630,16879,16880,16880,4
2021-04-14 15:25:34.631,16879,16880,16881,2
2021-04-14 15:25:34.631,16879,16880,16881,3
2021-04-14 15:25:36.164,16880,16882,16881,1
2021-04-14 15:25:37.557,16880,16882,16882,1
2021-04-14 15:25:40.268,16880,16881,16881,1
2021-04-14 15:25:44.698,16880,16882,16880,3
2021-04-14 15:25:49.130,16879,16880,16879,1
2021-04-14 15:25:50.349,16879,16880,16880,2
2021-04-14 15:25:50.349,16879,16880,16881,3
2021-04-14 15:25:53.859,16880,16881,16880,1
2021-04-14 15:25:54.465,16879,16880,16879,5
2021-04-14 15:25:54.667,16878,16879,16879,2
2021-04-14 15:25:54.667,16878,16879,16880,3
2021-04-14 15:25:59.028,16878,16880,16881,1
2021-04-14 15:25:59.094,16880,16881,16881,1
2021-04-14 15:26:01.186,16878,16880,16881,1
2021-04-14 15:26:02.098,16879,16880,16880,1
2021-04-14 15:26:05.037,16878,16880,16880,1
2021-04-14 15:26:20.292,16879,16880,16879,1
2021-04-14 15:26:24.650,16879,16880,16879,2
2021-04-14 15:26:27.898,16879,16880,16879,1
2021-04-14 15:26:27.898,16879,16880,16878,1
2021-04-14 15:26:31.706,16878,16880,16880,1
2021-04-14 15:26:32.699,16878,16880,16880,1
2021-04-14 15:26:34.747,16878,16879,16879,1
2021-04-14 15:26:36.750,16878,16879,16878,1
2021-04-14 15:26:49.179,16878,16879,16878,1
2021-04-14 15:26:55.598,16878,16879,16879,1
2021-04-14 15:26:55.598,16878,16879,16880,1
2021-04-14 15:26:55.792,16878,16880,16880,1
2021-04-14 15:27:00.294,16880,16881,16881,1
2021-04-14 15:27:04.851,16880,16882,16880,1
2021-04-14 15:27:06.433,16880,16882,16880,1
2021-04-14 15:27:08.216,16880,16881,16881,2
2021-04-14 15:27:30.700,16880,16881,16881,2
2021-04-14 15:27:31.524,16880,16881,16881,1
2021-04-14 15:27:31.840,16881,16882,16881,2
2021-04-14 15:27:36.172,16880,16882,16882,10
2021-04-14 15:27:36.519,16880,16882,16882,4
2021-04-14 15:27:36.519,16880,16882,16882,1
2021-04-14 15:27:36.519,16880,16882,16882,1
2021-04-14 15:27:36.520,16880,16882,16882,1
2021-04-14 15:27:36.520,16880,16882,16882,2
2021-04-14 15:27:36.520,16880,16882,16882,1
2021-04-14 15:27:37.633,16881,16883,16883,1
2021-04-14 15:27:37.738,16881,16883,16883,1
2021-04-14 15:27:38.369,16881,16883,16883,1
2021-04-14 15:27:39.021,16881,16883,16883,10
2021-04-14 15:27:39.028,16881,16883,16882,1
2021-04-14 15:27:39.028,16881,16883,16882,1
2021-04-14 15:27:40.232,16882,16884,16884,1
2021-04-14 15:27:44.455,16882,16884,16882,1
2021-04-14 15:27:44.746,16882,16884,16884,1
2021-04-14 15:27:44.835,16882,16884,16884,1
2021-04-14 15:27:51.159,16882,16883,16882,1
2021-04-14 15:27:57.250,16882,16883,16882,1
2021-04-14 15:28:03.190,16882,16883,16882,1
2021-04-14 15:28:03.534,16882,16883,16883,1
2021-04-14 15:28:06.887,16882,16883,16882,2
2021-04-14 15:28:07.963,16880,16882,16882,1
2021-04-14 15:28:09.566,16880,16882,16882,1
2021-04-14 15:28:12.215,16880,16882,16882,1
2021-04-14 15:28:13.318,16880,16881,16881,1
2021-04-14 15:28:15.666,16880,16882,16882,1
2021-04-14 15:28:21.508,16881,16882,16881,1
2021-04-14 15:28:22.707,16881,16882,16881,1
2021-04-14 15:28:24.521,16880,16882,16882,2
2021-04-14 15:28:24.993,16880,16882,16882,2
2021-04-14 15:28:33.975,16880,16881,16880,12
2021-04-14 15:28:36.668,16879,16880,16880,1
2021-04-14 15:28:57.038,16880,16881,16881,1
2021-04-14 15:29:00.281,16880,16881,16880,1
2021-04-14 15:29:03.375,16880,16881,16880,2
2021-04-14 15:29:03.933,16880,16881,16880,3
2021-04-14 15:29:08.822,16879,16880,16880,5
2021-04-14 15:29:08.822,16879,16880,16880,1
2021-04-14 15:29:08.822,16879,16880,16880,1
2021-04-14 15:29:13.507,16880,16881,16880,1
2021-04-14 15:29:13.507,16880,16881,16880,1
2021-04-14 15:29:13.821,16879,16880,16880,1
2021-04-14 15:29:17.841,16879,16880,16880,1
2021-04-14 15:29:26.745,16879,16880,16879,1
2021-04-14 15:29:26.901,16879,16880,16879,2
2021-04-14 15:29:33.620,16878,16879,16878,1
2021-04-14 15:29:43.132,16878,16879,16878,1
2021-04-14 15:29:49.334,16878,16879,16878,1
2021-04-14 15:29:58.221,16878,16879,16879,1
2021-04-14 15:29:58.338,16878,16879,16879,1
2021-04-14 15:29:58.708,16879,16881,16881,3
2021-04-14 15:30:03.216,16879,16880,16880,2
2021-04-14 15:30:03.434,16879,16882,16882,1
2021-04-14 15:30:03.652,16880,16882,16882,2
2021-04-14 15:30:03.657,16880,16882,16882,2
2021-04-14 15:30:04.206,16880,16882,16882,1
2021-04-14 15:30:04.929,16880,16881,16880,6
2021-04-14 15:30:12.540,16878,16880,16878,2
2021-04-14 15:30:26.264,16878,16880,16878,1
2021-04-14 15:30:27.135,16878,16880,16878,1
2021-04-14 15:30:45.046,16879,16880,16879,4
2021-04-14 15:30:52.225,16878,16880,16878,1
2021-04-14 15:30:56.923,16879,16880,16880,1
2021-04-14 15:30:56.923,16879,16880,16880,1
2021-04-14 15:30:56.923,16879,16880,16880,1
2021-04-14 15:30:56.923,16879,16880,16880,2
2021-04-14 15:31:01.914,16880,16882,16882,11
2021-04-14 15:31:01.966,16882,16883,16883,7
2021-04-14 15:31:23.062,16881,16883,16882,2
2021-04-14 15:31:23.062,16881,16883,16882,1
2021-04-14 15:31:34.101,16881,16882,16882,1
2021-04-14 15:31:34.101,16881,16882,16882,1
2021-04-14 15:31:34.995,16882,16883,16882,1
2021-04-14 15:31:35.311,16882,16883,16882,1
2021-04-14 15:31:35.311,16882,16883,16882,1
2021-04-14 15:31:40.254,16882,16883,16883,1
2021-04-14 15:31:41.127,16882,16883,16882,1
2021-04-14 15:31:42.939,16882,16883,16882,1
2021-04-14 15:31:43.634,16881,16883,16883,1
2021-04-14 15:31:50.653,16881,16882,16882,1
2021-04-14 15:31:51.433,16881,16882,16882,1
2021-04-14 15:32:03.404,16882,16883,16883,1
2021-04-14 15:32:03.521,16882,16883,16883,6
2021-04-14 15:32:03.522,16882,16883,16884,1
2021-04-14 15:32:04.188,16883,16884,16883,2
2021-04-14 15:32:05.023,16883,16884,16884,1
2021-04-14 15:32:05.581,16883,16884,16883,1
2021-04-14 15:32:05.997,16882,16883,16882,2
2021-04-14 15:32:07.697,16882,16883,16882,1
2021-04-14 15:32:10.886,16882,16883,16883,2
2021-04-14 15:32:13.973,16882,16884,16882,1
2021-04-14 15:32:15.161,16882,16884,16882,2
2021-04-14 15:32:18.549,16883,16884,16884,8
2021-04-14 15:32:18.549,16883,16884,16884,2
2021-04-14 15:32:20.139,16884,16885,16884,3
2021-04-14 15:32:23.612,16883,16885,16885,1
2021-04-14 15:32:23.794,16883,16885,16885,1
2021-04-14 15:32:23.805,16883,16885,16885,2
2021-04-14 15:32:23.961,16883,16885,16885,2
2021-04-14 15:32:23.961,16883,16885,16885,9
2021-04-14 15:32:23.961,16883,16885,16885,7
2021-04-14 15:32:24.023,16885,16886,16886,1
2021-04-14 15:32:24.057,16885,16886,16886,2
2021-04-14 15:32:24.058,16885,16886,16886,4
2021-04-14 15:32:24.058,16885,16886,16886,4
2021-04-14 15:32:24.078,16885,16886,16887,2
2021-04-14 15:32:24.082,16885,16886,16887,3
2021-04-14 15:32:24.228,16886,16887,16887,7
2021-04-14 15:32:24.228,16886,16887,16887,4
2021-04-14 15:32:24.228,16886,16887,16887,8
2021-04-14 15:32:24.234,16886,16887,16888,1
2021-04-14 15:32:24.258,16886,16887,16888,1
2021-04-14 15:32:24.301,16886,16887,16888,1
2021-04-14 15:32:24.431,16887,16888,16888,1
2021-04-14 15:32:24.438,16887,16888,16888,1
2021-04-14 15:32:24.440,16887,16888,16888,1
2021-04-14 15:32:24.440,16887,16888,16888,4
2021-04-14 15:32:24.440,16887,16888,16888,1
2021-04-14 15:32:24.441,16887,16888,16888,4
2021-04-14 15:32:24.441,16887,16888,16888,7
2021-04-14 15:32:24.441,16887,16888,16888,1
2021-04-14 15:32:24.441,16887,16888,16888,1
2021-04-14 15:32:24.441,16887,16888,16888,3
2021-04-14 15:32:24.441,16887,16888,16888,1
2021-04-14 15:32:24.451,16887,16888,16888,1
2021-04-14 15:32:24.490,16887,16888,16888,1
2021-04-14 15:32:24.502,16887,16888,16888,2
2021-04-14 15:32:24.529,16887,16888,16888,1
2021-04-14 15:32:24.530,16887,16888,16888,5
2021-04-14 15:32:24.652,16888,16889,16889,1
2021-04-14 15:32:24.719,16888,16889,16889,2
2021-04-14 15:32:25.142,16887,16889,16889,2
2021-04-14 15:32:25.204,16887,16889,16889,1
2021-04-14 15:32:25.966,16887,16888,16888,1
2021-04-14 15:32:28.386,16887,16888,16888,1
2021-04-14 15:32:28.535,16887,16889,16887,1
2021-04-14 15:32:30.606,16887,16888,16888,2
2021-04-14 15:32:30.606,16887,16888,16888,1
2021-04-14 15:32:31.019,16887,16888,16887,1
2021-04-14 15:32:31.829,16887,16888,16888,1
2021-04-14 15:32:34.711,16887,16888,16887,2
2021-04-14 15:32:34.711,16887,16888,16887,4
2021-04-14 15:32:36.521,16885,16886,16886,2
2021-04-14 15:32:36.541,16885,16886,16886,1
2021-04-14 15:32:37.008,16885,16886,16885,1
2021-04-14 15:32:37.170,16885,16886,16886,1
2021-04-14 15:32:37.331,16885,16886,16886,1
2021-04-14 15:32:38.989,16885,16887,16887,1
2021-04-14 15:32:39.788,16885,16887,16887,1
2021-04-14 15:32:40.752,16885,16886,16886,1
2021-04-14 15:32:42.993,16886,16888,16886,2
2021-04-14 15:32:43.672,16886,16888,16888,1
2021-04-14 15:32:44.912,16886,16888,16888,1
2021-04-14 15:32:49.323,16886,16888,16886,2
2021-04-14 15:32:52.459,16887,16888,16888,1
2021-04-14 15:32:52.459,16887,16888,16888,2
2021-04-14 15:32:52.460,16887,16888,16888,1
2021-04-14 15:32:52.460,16887,16888,16888,3
2021-04-14 15:32:55.133,16888,16889,16888,3
2021-04-14 15:32:58.665,16887,16888,16888,1
2021-04-14 15:33:02.152,16886,16888,16888,1
2021-04-14 15:33:02.219,16886,16888,16888,1
2021-04-14 15:33:02.220,16886,16888,16888,1
2021-04-14 15:33:02.220,16886,16888,16888,2
2021-04-14 15:33:03.036,16886,16888,16888,1
2021-04-14 15:33:03.092,16886,16888,16888,1
2021-04-14 15:33:03.092,16886,16888,16889,1
2021-04-14 15:33:03.094,16886,16888,16889,1
2021-04-14 15:33:03.319,16886,16889,16888,1
2021-04-14 15:33:03.319,16886,16889,16888,1
2021-04-14 15:33:06.299,16886,16888,16888,1
2021-04-14 15:33:10.091,16886,16887,16887,1
2021-04-14 15:33:10.217,16886,16888,16888,1
2021-04-14 15:33:10.218,16886,16888,16888,1
2021-04-14 15:33:10.731,16886,16888,16886,2
2021-04-14 15:33:10.796,16886,16888,16886,2
2021-04-14 15:33:12.049,16886,16888,16888,1
2021-04-14 15:33:13.943,16887,16888,16888,2
2021-04-14 15:33:13.943,16887,16888,16888,1
2021-04-14 15:33:16.799,16887,16888,16888,1
2021-04-14 15:33:17.563,16887,16888,16888,1
2021-04-14 15:33:18.369,16887,16888,16887,2
2021-04-14 15:33:19.471,16887,16888,16888,1
2021-04-14 15:33:19.593,16887,16888,16888,1
2021-04-14 15:33:21.154,16887,16888,16888,1
2021-04-14 15:33:21.155,16887,16888,16888,1
2021-04-14 15:33:22.768,16887,16889,16888,1
2021-04-14 15:33:24.054,16887,16889,16887,1
2021-04-14 15:33:25.413,16887,16889,16889,2
2021-04-14 15:33:26.205,16887,16889,16889,2
2021-04-14 15:33:27.752,16887,16889,16889,2
2021-04-14 15:33:27.842,16887,16889,16889,1
2021-04-14 15:33:27.844,16887,16889,16889,1
2021-04-14 15:33:27.844,16887,16889,16889,1
2021-04-14 15:33:29.692,16887,16889,16889,1
2021-04-14 15:33:31.995,16887,16889,16889,2
2021-04-14 15:33:34.797,16888,16889,16889,1
2021-04-14 15:33:35.501,16888,16889,16888,1
2021-04-14 15:33:37.786,16888,16889,16889,1
2021-04-14 15:33:41.387,16888,16889,16889,6
2021-04-14 15:33:45.914,16889,16890,16890,10
2021-04-14 15:33:45.915,16889,16890,16890,1
2021-04-14 15:33:45.915,16889,16890,16890,2
2021-04-14 15:33:45.915,16889,16890,16890,2
2021-04-14 15:33:46.026,16889,16890,16890,1
2021-04-14 15:33:46.026,16889,16890,16890,1
2021-04-14 15:33:46.165,16889,16890,16890,2
2021-04-14 15:33:46.169,16889,16890,16890,3
2021-04-14 15:33:46.220,16889,16890,16890,3
2021-04-14 15:33:47.562,16890,16891,16890,1
2021-04-14 15:33:48.705,16890,16891,16890,1
2021-04-14 15:33:51.187,16890,16891,16890,1
2021-04-14 15:33:56.195,16890,16891,16890,2
2021-04-14 15:33:59.378,16890,16891,16890,1
2021-04-14 15:34:01.091,16890,16891,16891,7
2021-04-14 15:34:01.346,16890,16892,16892,2
2021-04-14 15:34:01.417,16890,16892,16892,1
2021-04-14 15:34:01.505,16891,16892,16892,2
2021-04-14 15:34:01.573,16891,16892,16892,1
2021-04-14 15:34:01.650,16890,16892,16892,1
2021-04-14 15:34:01.652,16890,16892,16892,3
2021-04-14 15:34:01.696,16890,16892,16892,1
2021-04-14 15:34:01.697,16890,16892,16892,1
2021-04-14 15:34:01.858,16891,16892,16891,1
2021-04-14 15:34:01.902,16891,16892,16892,1
2021-04-14 15:34:01.983,16891,16893,16893,1
2021-04-14 15:34:02.034,16891,16893,16893,1
2021-04-14 15:34:02.046,16891,16893,16893,2
2021-04-14 15:34:02.150,16891,16893,16892,1
2021-04-14 15:34:02.167,16891,16893,16893,1
2021-04-14 15:34:02.170,16891,16893,16891,2
2021-04-14 15:34:02.193,16891,16893,16893,1
2021-04-14 15:34:02.279,16891,16893,16893,1
2021-04-14 15:34:02.284,16891,16893,16893,1
2021-04-14 15:34:02.386,16891,16893,16893,1
2021-04-14 15:34:02.417,16891,16893,16893,1
2021-04-14 15:34:02.478,16891,16892,16892,1
2021-04-14 15:34:02.641,16891,16893,16893,1
2021-04-14 15:34:02.661,16891,16893,16893,1
2021-04-14 15:34:02.692,16891,16893,16893,1
2021-04-14 15:34:03.121,16892,16893,16893,1
2021-04-14 15:34:03.193,16892,16893,16893,1
2021-04-14 15:34:05.870,16890,16892,16892,1
2021-04-14 15:34:06.550,16890,16892,16892,1
2021-04-14 15:34:07.886,16891,16892,16892,1
2021-04-14 15:34:07.937,16891,16892,16891,1
2021-04-14 15:34:07.937,16891,16892,16890,1
2021-04-14 15:34:10.693,16890,16892,16891,1
2021-04-14 15:34:12.598,16890,16891,16890,1
2021-04-14 15:34:13.179,16890,16891,16891,1
2021-04-14 15:34:14.186,16890,16891,16891,1
2021-04-14 15:34:14.424,16890,16891,16890,1
2021-04-14 15:34:19.739,16890,16891,16890,1
2021-04-14 15:34:19.886,16890,16891,16891,1
2021-04-14 15:34:19.886,16890,16891,16892,1
2021-04-14 15:34:21.656,16891,16892,16891,1
2021-04-14 15:34:26.122,16890,16892,16892,1
2021-04-14 15:34:30.122,16891,16892,16891,2
2021-04-14 15:34:30.338,16890,16892,16892,1
2021-04-14 15:34:31.169,16891,16892,16891,1
2021-04-14 15:34:34.149,16891,16892,16891,1
2021-04-14 15:34:35.779,16890,16892,16891,1
2021-04-14 15:34:39.566,16890,16891,16891,1
2021-04-14 15:34:48.883,16890,16891,16890,1
2021-04-14 15:34:50.872,16890,16891,16891,1
2021-04-14 15:34:53.760,16890,16891,16891,1
2021-04-14 15:34:55.076,16890,16891,16891,1
2021-04-14 15:34:59.351,16890,16891,16891,2
2021-04-14 15:35:01.428,16891,16892,16891,2
2021-04-14 15:35:04.075,16891,16892,16891,1
2021-04-14 15:35:04.282,16891,16892,16891,2
2021-04-14 15:35:08.100,16891,16892,16892,4
2021-04-14 15:35:08.235,16891,16892,16891,1
2021-04-14 15:35:08.479,16891,16892,16891,2
2021-04-14 15:35:09.620,16891,16892,16892,1
2021-04-14 15:35:12.345,16891,16892,16892,1
2021-04-14 15:35:14.478,16891,16892,16892,3
2021-04-14 15:35:14.532,16891,16892,16892,1
2021-04-14 15:35:18.262,16891,16892,16891,2
2021-04-14 15:35:19.535,16891,16892,16891,1
2021-04-14 15:35:21.807,16891,16892,16892,1
2021-04-14 15:35:25.167,16891,16892,16891,1
2021-04-14 15:35:26.505,16891,16892,16891,1
2021-04-14 15:35:26.506,16891,16892,16891,31
2021-04-14 15:35:26.906,16890,16891,16891,1
2021-04-14 15:35:27.975,16890,16891,16891,3
2021-04-14 15:35:29.349,16890,16891,16891,1
2021-04-14 15:35:31.934,16890,16891,16891,1
2021-04-14 15:35:32.766,16890,16891,16891,2
2021-04-14 15:35:36.063,16890,16891,16891,1
2021-04-14 15:35:38.964,16891,16892,16891,2
2021-04-14 15:35:45.587,16890,16891,16890,2
2021-04-14 15:35:56.200,16890,16891,16890,1
2021-04-14 15:35:59.096,16890,16891,16891,2
2021-04-14 15:36:04.990,16890,16891,16890,1
2021-04-14 15:36:04.991,16890,16891,16890,4
2021-04-14 15:36:04.991,16890,16891,16890,17
2021-04-14 15:36:04.991,16890,16891,16890,1
2021-04-14 15:36:04.991,16890,16891,16890,14
2021-04-14 15:36:04.993,16890,16891,16889,8
2021-04-14 15:36:04.993,16890,16891,16889,3
2021-04-14 15:36:05.370,16889,16890,16891,1
2021-04-14 15:36:05.450,16889,16890,16891,1
2021-04-14 15:36:05.459,16889,16890,16891,4
2021-04-14 15:36:05.459,16889,16890,16892,2
2021-04-14 15:36:05.509,16890,16892,16892,1
2021-04-14 15:36:05.552,16890,16892,16892,1
2021-04-14 15:36:05.638,16890,16892,16892,1
2021-04-14 15:36:05.658,16890,16892,16892,1
2021-04-14 15:36:05.663,16890,16892,16890,1
2021-04-14 15:36:05.671,16890,16892,16892,1
2021-04-14 15:36:05.753,16890,16892,16892,1
2021-04-14 15:36:06.353,16890,16892,16891,1
2021-04-14 15:36:11.003,16888,16889,16889,1
2021-04-14 15:36:11.144,16889,16890,16890,1
2021-04-14 15:36:23.985,16889,16890,16889,2
2021-04-14 15:36:24.306,16888,16890,16889,1
2021-04-14 15:36:24.306,16888,16890,16890,6
2021-04-14 15:36:24.308,16888,16890,16891,4
2021-04-14 15:36:24.308,16888,16890,16892,3
2021-04-14 15:36:24.352,16889,16891,16891,2
2021-04-14 15:36:24.352,16889,16891,16892,5
2021-04-14 15:36:34.276,16890,16891,16890,1
2021-04-14 15:36:39.272,16890,16891,16890,1
2021-04-14 15:36:43.504,16889,16890,16890,1
2021-04-14 15:36:43.803,16890,16891,16890,1
2021-04-14 15:36:52.320,16889,16890,16889,1
2021-04-14 15:36:52.722,16888,16889,16889,1
2021-04-14 15:36:53.279,16888,16889,16888,1
2021-04-14 15:36:55.259,16888,16889,16888,1
2021-04-14 15:36:55.259,16888,16889,16888,1
2021-04-14 15:36:55.259,16888,16889,16888,2
2021-04-14 15:36:55.259,16888,16889,16888,1
2021-04-14 15:36:55.259,16888,16889,16888,2
2021-04-14 15:36:55.259,16888,16889,16888,1
2021-04-14 15:37:01.357,16887,16888,16888,2
2021-04-14 15:37:05.142,16887,16888,16887,4
2021-04-14 15:37:05.302,16887,16888,16887,1
2021-04-14 15:37:10.060,16886,16888,16888,1
2021-04-14 15:37:10.060,16886,16888,16889,1
2021-04-14 15:37:15.962,16887,16889,16887,1
2021-04-14 15:37:31.742,16888,16889,16889,1
2021-04-14 15:37:34.995,16888,16889,16888,1
2021-04-14 15:37:35.652,16887,16889,16887,1
2021-04-14 15:37:44.790,16888,16889,16889,1
2021-04-14 15:37:46.664,16888,16889,16889,1
2021-04-14 15:37:56.474,16888,16890,16889,1
2021-04-14 15:38:01.144,16889,16890,16890,1
2021-04-14 15:38:08.424,16889,16890,16890,1
2021-04-14 15:38:14.125,16889,16890,16890,1
2021-04-14 15:38:20.809,16889,16890,16889,2
2021-04-14 15:38:27.815,16889,16890,16889,1
2021-04-14 15:38:39.926,16889,16890,16889,1
2021-04-14 15:38:44.354,16889,16890,16889,2
2021-04-14 15:38:44.628,16889,16890,16889,1
2021-04-14 15:38:46.290,16888,16889,16889,1
2021-04-14 15:38:47.578,16888,16889,16889,1
2021-04-14 15:39:07.812,16889,16890,16889,1
2021-04-14 15:39:09.342,16888,16890,16888,1
2021-04-14 15:39:21.270,16888,16889,16888,1
2021-04-14 15:39:38.249,16888,16889,16888,3
2021-04-14 15:39:49.091,16887,16888,16888,1
2021-04-14 15:39:49.092,16887,16888,16888,1
2021-04-14 15:39:57.091,16888,16889,16888,1
2021-04-14 15:40:02.240,16888,16889,16889,3
2021-04-14 15:40:02.240,16888,16889,16889,3
2021-04-14 15:40:04.236,16888,16890,16888,1
2021-04-14 15:40:30.851,16889,16890,16889,5
2021-04-14 15:40:30.851,16889,16890,16888,1
2021-04-14 15:40:42.011,16888,16889,16889,3
2021-04-14 15:40:51.944,16888,16889,16889,1
2021-04-14 15:40:55.669,16888,16889,16889,1
2021-04-14 15:40:55.669,16888,16889,16890,2
2021-04-14 15:41:21.014,16889,16890,16889,1
2021-04-14 15:41:22.164,16889,16890,16890,2
2021-04-14 15:41:26.238,16889,16890,16890,1
2021-04-14 15:41:50.418,16889,16890,16889,1
2021-04-14 15:41:58.923,16889,16890,16889,1
2021-04-14 15:41:59.455,16889,16890,16889,1
2021-04-14 15:42:14.919,16889,16890,16889,1
2021-04-14 15:42:15.233,16889,16890,16890,6
2021-04-14 15:42:15.233,16889,16890,16890,1
2021-04-14 15:42:15.234,16889,16890,16890,1
2021-04-14 15:42:15.234,16889,16890,16890,2
2021-04-14 15:42:15.234,16889,16890,16890,3
2021-04-14 15:42:15.234,16889,16890,16890,1
2021-04-14 15:42:15.242,16889,16890,16891,1
2021-04-14 15:42:15.455,16890,16891,16891,1
2021-04-14 15:42:15.455,16890,16891,16891,6
2021-04-14 15:42:15.524,16891,16892,16892,2
2021-04-14 15:42:15.532,16891,16892,16892,2
2021-04-14 15:42:15.532,16891,16892,16892,1
2021-04-14 15:42:15.557,16891,16892,16893,2
2021-04-14 15:42:15.913,16891,16893,16893,3
2021-04-14 15:42:19.315,16891,16893,16891,1
2021-04-14 15:42:26.893,16889,16891,16891,1
2021-04-14 15:42:28.245,16889,16891,16891,1
2021-04-14 15:42:28.532,16890,16892,16892,1
2021-04-14 15:42:34.688,16890,16891,16890,1
2021-04-14 15:42:34.976,16890,16891,16891,1
2021-04-14 15:42:35.255,16890,16892,16892,2
2021-04-14 15:42:39.103,16890,16892,16891,1
2021-04-14 15:42:45.628,16890,16891,16890,1
2021-04-14 15:42:46.966,16889,16891,16891,1
2021-04-14 15:42:47.528,16890,16892,16890,1
2021-04-14 15:42:48.459,16890,16892,16892,1
2021-04-14 15:42:51.911,16889,16891,16891,1
2021-04-14 15:42:59.312,16890,16891,16891,1
2021-04-14 15:42:59.368,16890,16891,16891,1
2021-04-14 15:43:05.534,16890,16891,16890,1
2021-04-14 15:43:10.623,16889,16890,16889,1
2021-04-14 15:43:11.387,16889,16890,16890,1
2021-04-14 15:43:29.363,16889,16890,16890,1
2021-04-14 15:43:51.424,16889,16890,16890,1
2021-04-14 15:43:55.999,16889,16890,16889,1
2021-04-14 15:44:00.949,16889,16890,16889,7
2021-04-14 15:44:01.116,16888,16889,16889,1
2021-04-14 15:44:01.853,16888,16889,16888,1
2021-04-14 15:44:02.485,16888,16889,16889,1
2021-04-14 15:44:03.270,16888,16889,16888,1
2021-04-14 15:44:09.807,16888,16889,16888,1
2021-04-14 15:44:09.808,16888,16889,16888,1
2021-04-14 15:44:09.808,16888,16889,16888,1
2021-04-14 15:44:09.808,16888,16889,16888,1
2021-04-14 15:44:09.808,16888,16889,16888,1
2021-04-14 15:44:09.808,16888,16889,16888,1
2021-04-14 15:44:09.808,16888,16889,16888,1
2021-04-14 15:44:11.484,16887,16888,16888,1
2021-04-14 15:44:14.008,16887,16888,16888,1
2021-04-14 15:44:20.710,16887,16888,16887,1
2021-04-14 15:44:25.213,16887,16888,16887,9
2021-04-14 15:44:25.213,16887,16888,16887,1
2021-04-14 15:44:25.213,16887,16888,16887,2
2021-04-14 15:44:30.780,16886,16887,16886,1
2021-04-14 15:44:30.824,16886,16887,16887,1
2021-04-14 15:44:30.867,16886,16887,16886,1
2021-04-14 15:44:40.639,16886,16887,16886,1
2021-04-14 15:44:54.328,16886,16887,16886,1
2021-04-14 15:44:54.381,16886,16887,16886,1
2021-04-14 15:44:55.650,16886,16887,16886,2
2021-04-14 15:44:57.250,16886,16887,16886,1
2021-04-14 15:44:57.961,16886,16887,16886,4
2021-04-14 15:44:57.962,16886,16887,16886,3
2021-04-14 15:44:58.162,16886,16887,16886,1
2021-04-14 15:45:02.781,16886,16887,16886,1
2021-04-14 15:45:02.979,16886,16887,16886,1
2021-04-14 15:45:03.042,16886,16887,16887,1
2021-04-14 15:45:03.098,16886,16887,16887,4
2021-04-14 15:45:07.971,16887,16888,16887,1
2021-04-14 15:45:08.255,16887,16888,16887,1
2021-04-14 15:45:16.394,16887,16888,16888,6
2021-04-14 15:45:16.395,16887,16888,16888,1
2021-04-14 15:45:23.495,16888,16889,16889,1
2021-04-14 15:45:32.496,16889,16890,16889,1
2021-04-14 15:45:36.855,16888,16889,16889,1
2021-04-14 15:45:43.006,16888,16890,16888,5
2021-04-14 15:45:48.903,16889,16890,16890,1
2021-04-14 15:45:48.924,16889,16890,16890,3
2021-04-14 15:45:48.924,16889,16890,16890,1
2021-04-14 15:45:48.924,16889,16890,16890,1
2021-04-14 15:45:48.924,16889,16890,16890,1
2021-04-14 15:45:48.924,16889,16890,16890,1
2021-04-14 15:45:48.925,16889,16890,16890,2
2021-04-14 15:45:50.544,16889,16891,16889,3
2021-04-14 15:45:56.660,16889,16890,16890,1
2021-04-14 15:46:00.409,16890,16891,16891,1
2021-04-14 15:46:00.470,16890,16891,16891,2
2021-04-14 15:46:00.470,16890,16891,16891,1
2021-04-14 15:46:00.470,16890,16891,16892,1
2021-04-14 15:46:00.471,16890,16891,16892,1
2021-04-14 15:46:00.471,16890,16891,16892,2
2021-04-14 15:46:00.471,16890,16891,16892,1
2021-04-14 15:46:00.472,16890,16891,16892,1
2021-04-14 15:46:00.472,16890,16891,16892,3
2021-04-14 15:46:00.473,16890,16891,16893,1
2021-04-14 15:46:00.473,16890,16891,16893,2
2021-04-14 15:46:00.950,16891,16893,16893,1
2021-04-14 15:46:01.197,16891,16893,16893,3
2021-04-14 15:46:01.217,16892,16893,16893,1
2021-04-14 15:46:01.217,16892,16893,16893,1
2021-04-14 15:46:01.218,16892,16893,16893,1
2021-04-14 15:46:01.218,16892,16893,16893,3
2021-04-14 15:46:01.218,16892,16893,16893,3
2021-04-14 15:46:01.218,16892,16893,16893,11
2021-04-14 15:46:01.218,16892,16893,16894,1
2021-04-14 15:46:01.219,16892,16893,16894,1
2021-04-14 15:46:01.219,16892,16893,16894,1
2021-04-14 15:46:01.219,16892,16893,16894,1
2021-04-14 15:46:01.219,16892,16893,16895,1
2021-04-14 15:46:01.219,16892,16893,16895,1
2021-04-14 15:46:01.219,16892,16893,16895,1
2021-04-14 15:46:01.219,16892,16893,16895,1
2021-04-14 15:46:01.219,16892,16893,16895,1
2021-04-14 15:46:01.220,16892,16893,16895,1
2021-04-14 15:46:01.220,16892,16893,16895,1
2021-04-14 15:46:01.220,16892,16893,16895,1
2021-04-14 15:46:01.223,16892,16893,16895,1
2021-04-14 15:46:01.223,16892,16893,16895,1
2021-04-14 15:46:01.233,16892,16893,16895,2
2021-04-14 15:46:01.261,16892,16893,16895,1
2021-04-14 15:46:01.261,16892,16893,16895,1
2021-04-14 15:46:01.261,16892,16893,16895,9
2021-04-14 15:46:01.262,16892,16893,16895,1
2021-04-14 15:46:01.383,16895,16896,16896,1
2021-04-14 15:46:01.389,16895,16896,16896,2
2021-04-14 15:46:01.389,16895,16896,16897,1
2021-04-14 15:46:01.390,16895,16896,16896,1
2021-04-14 15:46:01.492,16895,16897,16897,5
2021-04-14 15:46:01.536,16895,16897,16895,1
2021-04-14 15:46:01.544,16895,16897,16897,2
2021-04-14 15:46:01.555,16895,16897,16897,1
2021-04-14 15:46:01.566,16895,16897,16897,1
2021-04-14 15:46:01.681,16896,16897,16897,2
2021-04-14 15:46:01.770,16896,16897,16896,1
2021-04-14 15:46:02.265,16895,16897,16895,1
2021-04-14 15:46:02.265,16895,16897,16895,2
2021-04-14 15:46:02.266,16895,16897,16895,1
2021-04-14 15:46:02.266,16895,16897,16895,1
2021-04-14 15:46:02.303,16895,16897,16895,1
2021-04-14 15:46:02.651,16895,16896,16895,2
2021-04-14 15:46:03.862,16894,16895,16894,2
2021-04-14 15:46:04.398,16893,16895,16893,1
2021-04-14 15:46:09.550,16894,16895,16895,1
2021-04-14 15:46:09.683,16895,16896,16895,1
2021-04-14 15:46:10.543,16894,16896,16896,4
2021-04-14 15:46:10.592,16894,16896,16896,2
2021-04-14 15:46:10.593,16894,16896,16896,1
2021-04-14 15:46:10.593,16894,16896,16896,1
2021-04-14 15:46:10.593,16894,16896,16896,1
2021-04-14 15:46:10.593,16894,16896,16897,1
2021-04-14 15:46:10.593,16894,16896,16896,1
2021-04-14 15:46:10.593,16894,16896,16897,1
2021-04-14 15:46:10.594,16894,16896,16897,1
2021-04-14 15:46:10.594,16894,16896,16897,1
2021-04-14 15:46:10.594,16894,16896,16897,1
2021-04-14 15:46:10.595,16894,16896,16897,1
2021-04-14 15:46:10.595,16894,16896,16897,1
2021-04-14 15:46:10.595,16894,16896,16897,1
2021-04-14 15:46:10.595,16894,16896,16898,1
2021-04-14 15:46:10.596,16894,16896,16897,1
2021-04-14 15:46:10.596,16894,16896,16898,1
2021-04-14 15:46:10.778,16895,16897,16897,1
2021-04-14 15:46:10.875,16895,16897,16897,1
2021-04-14 15:46:10.970,16895,16897,16895,2
2021-04-14 15:46:11.515,16895,16897,16897,1
2021-04-14 15:46:13.014,16895,16896,16896,1
2021-04-14 15:46:16.617,16895,16896,16896,1
2021-04-14 15:46:16.939,16895,16896,16895,1
2021-04-14 15:46:17.625,16895,16896,16896,1
2021-04-14 15:46:17.626,16895,16896,16896,1
2021-04-14 15:46:17.717,16895,16896,16896,2
2021-04-14 15:46:17.718,16895,16896,16897,1
2021-04-14 15:46:17.718,16895,16896,16897,1
2021-04-14 15:46:17.718,16895,16896,16897,1
2021-04-14 15:46:17.718,16895,16896,16897,1
2021-04-14 15:46:17.718,16895,16896,16898,1
2021-04-14 15:46:17.718,16895,16896,16898,1
2021-04-14 15:46:17.718,16895,16896,16898,1
2021-04-14 15:46:17.718,16895,16896,16898,1
2021-04-14 15:46:17.719,16895,16896,16897,1
2021-04-14 15:46:17.719,16895,16896,16897,1
2021-04-14 15:46:21.483,16896,16897,16896,1
2021-04-14 15:46:21.543,16896,16897,16897,1
2021-04-14 15:46:21.707,16896,16897,16896,1
2021-04-14 15:46:21.708,16896,16897,16896,2
2021-04-14 15:46:21.708,16896,16897,16896,1
2021-04-14 15:46:21.708,16896,16897,16896,1
2021-04-14 15:46:21.708,16896,16897,16896,1
2021-04-14 15:46:21.866,16895,16896,16895,1
2021-04-14 15:46:21.898,16895,16896,16895,1
2021-04-14 15:46:22.000,16895,16896,16896,2
2021-04-14 15:46:24.466,16895,16896,16895,1
2021-04-14 15:46:24.564,16895,16896,16896,1
2021-04-14 15:46:25.633,16895,16896,16896,2
2021-04-14 15:46:27.035,16895,16896,16896,1
2021-04-14 15:46:27.036,16895,16896,16896,2
2021-04-14 15:46:27.739,16895,16896,16896,1
2021-04-14 15:46:27.740,16895,16896,16896,1
2021-04-14 15:46:29.488,16895,16896,16895,1
2021-04-14 15:46:29.592,16895,16896,16896,1
2021-04-14 15:46:29.593,16895,16896,16896,1
2021-04-14 15:46:29.593,16895,16896,16897,1
2021-04-14 15:46:29.593,16895,16896,16897,1
2021-04-14 15:46:29.593,16895,16896,16897,1
2021-04-14 15:46:29.593,16895,16896,16897,1
2021-04-14 15:46:29.594,16895,16896,16897,1
2021-04-14 15:46:30.468,16895,16897,16895,1
2021-04-14 15:46:33.703,16896,16897,16896,1
2021-04-14 15:46:34.619,16896,16897,16896,1
2021-04-14 15:46:34.854,16895,16897,16895,1
2021-04-14 15:46:34.870,16895,16897,16895,1
2021-04-14 15:46:35.310,16895,16896,16895,1
2021-04-14 15:46:35.493,16895,16896,16896,1
2021-04-14 15:46:38.989,16895,16896,16896,1
2021-04-14 15:46:40.157,16896,16897,16896,1
2021-04-14 15:46:40.217,16896,16897,16897,1
2021-04-14 15:46:40.219,16896,16897,16897,1
2021-04-14 15:46:40.219,16896,16897,16897,1
2021-04-14 15:46:42.399,16896,16897,16896,2
2021-04-14 15:46:44.173,16896,16897,16896,1
2021-04-14 15:46:44.949,16895,16897,16895,1
2021-04-14 15:46:47.000,16895,16897,16895,1
2021-04-14 15:46:49.028,16896,16897,16897,1
2021-04-14 15:46:49.093,16896,16897,16897,1
2021-04-14 15:46:49.093,16896,16897,16897,1
2021-04-14 15:46:49.093,16896,16897,16897,1
2021-04-14 15:46:49.093,16896,16897,16897,1
2021-04-14 15:46:49.093,16896,16897,16897,1
2021-04-14 15:46:49.093,16896,16897,16897,1
2021-04-14 15:46:49.093,16896,16897,16898,1
2021-04-14 15:46:49.093,16896,16897,16898,1
2021-04-14 15:46:49.093,16896,16897,16898,1
2021-04-14 15:46:49.094,16896,16897,16898,1
2021-04-14 15:46:51.322,16896,16897,16897,1
2021-04-14 15:46:52.362,16896,16898,16896,2
2021-04-14 15:46:54.890,16896,16897,16896,1
2021-04-14 15:46:56.295,16895,16896,16895,1
2021-04-14 15:47:08.633,16895,16896,16895,1
2021-04-14 15:47:11.111,16895,16896,16895,1
2021-04-14 15:47:14.306,16895,16896,16896,1
2021-04-14 15:47:18.450,16895,16896,16896,3
2021-04-14 15:47:18.774,16896,16897,16896,1
2021-04-14 15:47:22.474,16895,16896,16896,1
2021-04-14 15:47:26.258,16895,16896,16896,4
2021-04-14 15:47:26.258,16895,16896,16896,1
2021-04-14 15:47:27.259,16896,16897,16896,1
2021-04-14 15:47:27.442,16895,16897,16895,1
2021-04-14 15:47:29.795,16896,16897,16896,2
2021-04-14 15:47:31.029,16896,16897,16897,1
2021-04-14 15:47:33.118,16896,16897,16896,1
2021-04-14 15:47:35.022,16896,16897,16896,1
2021-04-14 15:47:37.104,16895,16896,16896,2
2021-04-14 15:47:49.021,16895,16896,16895,1
2021-04-14 15:47:49.022,16895,16896,16895,9
2021-04-14 15:47:55.083,16894,16895,16894,1
2021-04-14 15:47:55.600,16894,16895,16894,1
2021-04-14 15:47:56.533,16894,16895,16894,1
2021-04-14 15:48:04.760,16892,16894,16892,1
2021-04-14 15:48:05.637,16892,16894,16894,1
2021-04-14 15:48:13.282,16892,16893,16893,1
2021-04-14 15:48:22.168,16892,16893,16893,1
2021-04-14 15:48:23.775,16893,16894,16893,1
2021-04-14 15:48:31.591,16893,16894,16893,2
2021-04-14 15:48:36.080,16892,16893,16893,1
2021-04-14 15:48:36.703,16892,16893,16892,1
2021-04-14 15:48:36.806,16892,16893,16892,1
2021-04-14 15:48:41.180,16892,16893,16892,1
2021-04-14 15:48:48.504,16892,16893,16892,1
2021-04-14 15:48:55.318,16892,16893,16892,1
2021-04-14 15:48:56.767,16892,16893,16892,1
2021-04-14 15:48:58.985,16892,16893,16892,1
2021-04-14 15:49:00.544,16892,16893,16892,4
2021-04-14 15:49:06.129,16891,16892,16891,1
2021-04-14 15:49:11.826,16891,16892,16891,1
2021-04-14 15:49:15.297,16890,16891,16891,1
2021-04-14 15:49:18.626,16890,16891,16891,1
2021-04-14 15:49:19.793,16890,16891,16890,1
2021-04-14 15:49:19.865,16890,16891,16890,1
2021-04-14 15:49:19.966,16890,16891,16890,2
2021-04-14 15:49:20.864,16889,16891,16891,1
2021-04-14 15:49:24.208,16889,16890,16889,3
2021-04-14 15:49:28.731,16888,16889,16888,6
2021-04-14 15:49:28.731,16888,16889,16888,1
2021-04-14 15:49:29.348,16887,16889,16887,3
2021-04-14 15:49:29.348,16887,16889,16886,2
2021-04-14 15:49:33.931,16888,16889,16888,1
2021-04-14 15:49:34.613,16887,16889,16889,3
2021-04-14 15:49:35.937,16888,16889,16888,1
2021-04-14 15:49:35.966,16888,16889,16888,3
2021-04-14 15:49:37.808,16887,16888,16887,2
2021-04-14 15:49:38.858,16887,16888,16887,1
2021-04-14 15:49:39.453,16887,16888,16888,1
2021-04-14 15:49:41.009,16887,16888,16887,1
2021-04-14 15:49:43.857,16887,16888,16888,1
2021-04-14 15:49:45.590,16888,16889,16888,1
2021-04-14 15:49:46.289,16888,16889,16888,2
2021-04-14 15:49:47.582,16887,16888,16888,1
2021-04-14 15:49:47.582,16887,16888,16888,1
2021-04-14 15:49:47.582,16887,16888,16888,5
2021-04-14 15:49:47.800,16888,16889,16888,1
2021-04-14 15:49:50.255,16887,16889,16887,1
2021-04-14 15:49:52.333,16888,16889,16888,2
2021-04-14 15:49:52.333,16888,16889,16887,4
2021-04-14 15:49:53.479,16887,16888,16887,2
2021-04-14 15:49:54.028,16887,16888,16887,2
2021-04-14 15:49:54.453,16886,16888,16888,2
2021-04-14 15:49:56.274,16886,16888,16886,1
2021-04-14 15:49:58.213,16886,16887,16886,7
2021-04-14 15:49:58.642,16885,16886,16886,1
2021-04-14 15:50:03.127,16885,16886,16885,1
2021-04-14 15:50:03.239,16885,16886,16885,1
2021-04-14 15:50:03.245,16885,16886,16885,1
2021-04-14 15:50:03.317,16885,16886,16885,1
2021-04-14 15:50:03.317,16885,16886,16885,1
2021-04-14 15:50:03.360,16885,16886,16885,1
2021-04-14 15:50:03.386,16885,16886,16885,1
2021-04-14 15:50:03.402,16885,16886,16885,1
2021-04-14 15:50:03.402,16885,16886,16885,4
2021-04-14 15:50:03.546,16885,16886,16885,2
2021-04-14 15:50:03.601,16884,16886,16886,5
2021-04-14 15:50:03.811,16885,16887,16887,1
2021-04-14 15:50:04.708,16886,16888,16888,1
2021-04-14 15:50:07.552,16886,16887,16886,2
2021-04-14 15:50:10.966,16886,16887,16886,3
2021-04-14 15:50:15.173,16886,16887,16886,1
2021-04-14 15:50:18.514,16885,16886,16886,1
2021-04-14 15:50:24.351,16885,16886,16885,3
2021-04-14 15:50:24.789,16884,16886,16886,5
2021-04-14 15:50:26.169,16885,16886,16885,1
2021-04-14 15:50:26.215,16885,16886,16885,1
2021-04-14 15:50:27.031,16885,16886,16885,1
2021-04-14 15:50:32.537,16885,16886,16885,6
2021-04-14 15:50:32.538,16885,16886,16885,1
2021-04-14 15:50:32.538,16885,16886,16885,2
2021-04-14 15:50:35.534,16884,16885,16885,1
2021-04-14 15:50:37.372,16884,16885,16885,1
2021-04-14 15:50:37.537,16884,16885,16885,2
2021-04-14 15:50:38.587,16884,16885,16885,1
2021-04-14 15:50:41.362,16884,16885,16884,2
2021-04-14 15:50:44.225,16884,16885,16884,4
2021-04-14 15:50:44.486,16884,16885,16885,1
2021-04-14 15:50:45.078,16884,16885,16885,1
2021-04-14 15:50:45.259,16884,16885,16884,8
2021-04-14 15:50:54.948,16883,16884,16883,1
2021-04-14 15:50:56.150,16883,16884,16884,1
2021-04-14 15:50:59.736,16883,16884,16883,2
2021-04-14 15:51:00.314,16883,16884,16883,2
2021-04-14 15:51:01.648,16883,16884,16883,1
2021-04-14 15:51:01.742,16883,16884,16883,1
2021-04-14 15:51:01.929,16883,16884,16883,4
2021-04-14 15:51:01.929,16883,16884,16882,2
2021-04-14 15:51:02.058,16883,16884,16883,6
2021-04-14 15:51:02.058,16883,16884,16882,11
2021-04-14 15:51:02.058,16883,16884,16881,13
2021-04-14 15:51:02.312,16882,16883,16882,1
2021-04-14 15:51:02.435,16882,16883,16882,5
2021-04-14 15:51:02.812,16882,16884,16883,1
2021-04-14 15:51:02.958,16883,16884,16883,3
2021-04-14 15:51:02.959,16883,16884,16883,1
2021-04-14 15:51:03.061,16882,16884,16882,12
2021-04-14 15:51:03.061,16882,16884,16881,3
2021-04-14 15:51:04.672,16882,16883,16882,3
2021-04-14 15:51:04.672,16882,16883,16881,2
2021-04-14 15:51:05.651,16881,16883,16882,2
2021-04-14 15:51:05.652,16881,16883,16882,4
2021-04-14 15:51:05.703,16881,16883,16884,1
2021-04-14 15:51:06.255,16883,16884,16884,1
2021-04-14 15:51:07.319,16883,16884,16884,2
2021-04-14 15:51:07.457,16883,16884,16883,2
2021-04-14 15:51:07.457,16883,16884,16882,2
2021-04-14 15:51:08.333,16883,16884,16883,1
2021-04-14 15:51:08.618,16883,16884,16883,1
2021-04-14 15:51:08.618,16883,16884,16882,2
2021-04-14 15:51:09.252,16882,16884,16882,1
2021-04-14 15:51:11.590,16882,16883,16883,1
2021-04-14 15:51:14.765,16883,16884,16883,1
2021-04-14 15:51:16.010,16883,16884,16883,1
2021-04-14 15:51:16.253,16883,16884,16884,5
2021-04-14 15:51:16.694,16884,16885,16884,1
2021-04-14 15:51:17.256,16883,16884,16884,1
2021-04-14 15:51:19.710,16883,16884,16884,1
2021-04-14 15:51:19.711,16883,16884,16884,2
2021-04-14 15:51:24.737,16884,16885,16885,1
2021-04-14 15:51:24.891,16884,16885,16884,1
2021-04-14 15:51:26.684,16884,16885,16885,1
2021-04-14 15:51:26.948,16884,16885,16884,1
2021-04-14 15:51:32.471,16884,16885,16885,1
2021-04-14 15:51:32.742,16884,16885,16884,1
2021-04-14 15:51:34.725,16884,16885,16885,1
2021-04-14 15:51:37.349,16884,16885,16884,1
2021-04-14 15:51:38.786,16884,16885,16884,3
2021-04-14 15:51:39.537,16884,16885,16884,2
2021-04-14 15:51:39.537,16884,16885,16884,1
2021-04-14 15:51:39.982,16883,16884,16883,1
2021-04-14 15:51:44.910,16883,16884,16883,1
2021-04-14 15:51:46.989,16883,16884,16884,1
2021-04-14 15:51:47.085,16883,16884,16883,1
2021-04-14 15:51:59.746,16883,16884,16883,5
2021-04-14 15:51:59.747,16883,16884,16883,1
2021-04-14 15:51:59.747,16883,16884,16883,1
2021-04-14 15:51:59.747,16883,16884,16883,1
2021-04-14 15:52:00.704,16882,16883,16882,2
2021-04-14 15:52:00.705,16882,16883,16882,2
2021-04-14 15:52:00.705,16882,16883,16882,1
2021-04-14 15:52:01.260,16881,16882,16882,1
2021-04-14 15:52:05.923,16881,16882,16881,4
2021-04-14 15:52:05.923,16881,16882,16880,1
2021-04-14 15:52:07.139,16880,16882,16880,1
2021-04-14 15:52:09.495,16881,16883,16881,1
2021-04-14 15:52:11.236,16881,16882,16882,1
2021-04-14 15:52:12.814,16881,16882,16881,1
2021-04-14 15:52:14.600,16881,16882,16881,1
2021-04-14 15:52:14.970,16881,16882,16881,1
2021-04-14 15:52:15.360,16881,16882,16881,3
2021-04-14 15:52:18.669,16881,16882,16882,1
2021-04-14 15:52:18.669,16881,16882,16882,5
2021-04-14 15:52:18.669,16881,16882,16882,2
2021-04-14 15:52:18.669,16881,16882,16882,5
2021-04-14 15:52:18.818,16882,16883,16882,1
2021-04-14 15:52:25.567,16881,16882,16882,1
2021-04-14 15:52:30.781,16882,16883,16882,1
2021-04-14 15:52:35.947,16882,16883,16882,1
2021-04-14 15:52:37.004,16882,16883,16883,2
2021-04-14 15:52:37.999,16882,16883,16882,3
2021-04-14 15:52:38.000,16882,16883,16882,1
2021-04-14 15:52:40.034,16882,16883,16882,2
2021-04-14 15:52:52.154,16882,16883,16883,1
2021-04-14 15:52:56.882,16882,16883,16883,1
2021-04-14 15:52:56.883,16882,16883,16883,2
2021-04-14 15:52:59.222,16882,16884,16882,1
2021-04-14 15:53:05.237,16883,16884,16883,3
2021-04-14 15:53:10.006,16882,16883,16883,14
2021-04-14 15:53:10.006,16882,16883,16883,1
2021-04-14 15:53:10.006,16882,16883,16883,1
2021-04-14 15:53:10.006,16882,16883,16883,1
2021-04-14 15:53:14.192,16883,16884,16883,1
2021-04-14 15:53:24.636,16883,16884,16883,2
2021-04-14 15:53:24.637,16883,16884,16883,1
2021-04-14 15:53:24.637,16883,16884,16883,1
2021-04-14 15:53:26.338,16882,16883,16883,1
2021-04-14 15:53:26.968,16882,16883,16882,2
2021-04-14 15:53:28.275,16882,16883,16882,3
2021-04-14 15:53:28.276,16882,16883,16882,1
2021-04-14 15:53:29.900,16881,16882,16881,1
2021-04-14 15:53:30.092,16881,16882,16882,1
2021-04-14 15:53:30.644,16881,16882,16881,1
2021-04-14 15:53:30.732,16881,16882,16882,1
2021-04-14 15:53:33.098,16881,16882,16882,1
2021-04-14 15:53:34.339,16881,16882,16882,1
2021-04-14 15:53:35.830,16881,16882,16882,1
2021-04-14 15:53:39.877,16882,16883,16882,1
2021-04-14 15:53:43.655,16882,16883,16882,1
2021-04-14 15:53:45.908,16881,16882,16882,2
2021-04-14 15:53:56.638,16881,16882,16882,1
2021-04-14 15:53:57.716,16881,16882,16882,2
2021-04-14 15:53:59.274,16881,16882,16882,3
2021-04-14 15:54:11.158,16881,16882,16882,1
2021-04-14 15:54:12.172,16881,16883,16882,1
2021-04-14 15:54:12.256,16881,16883,16881,2
2021-04-14 15:54:17.862,16881,16882,16881,2
2021-04-14 15:54:18.616,16881,16882,16881,2
2021-04-14 15:54:26.349,16881,16882,16881,1
2021-04-14 15:54:37.080,16881,16882,16882,2
2021-04-14 15:54:37.345,16881,16882,16881,5
2021-04-14 15:54:37.756,16881,16882,16881,1
2021-04-14 15:54:41.862,16881,16882,16881,1
2021-04-14 15:54:44.150,16881,16882,16881,1
2021-04-14 15:54:52.992,16881,16882,16881,1
2021-04-14 15:55:03.104,16881,16882,16881,1
2021-04-14 15:55:04.216,16881,16882,16882,1
2021-04-14 15:55:05.691,16881,16882,16882,6
2021-04-14 15:55:05.692,16881,16882,16882,1
2021-04-14 15:55:05.692,16881,16882,16882,5
2021-04-14 15:55:10.590,16882,16883,16883,1
2021-04-14 15:55:12.794,16882,16883,16883,1
2021-04-14 15:55:37.957,16883,16884,16884,1
2021-04-14 15:55:41.578,16883,16884,16884,6
2021-04-14 15:55:41.578,16883,16884,16884,3
2021-04-14 15:55:41.579,16883,16884,16884,1
2021-04-14 15:55:41.579,16883,16884,16884,1
2021-04-14 15:55:44.547,16884,16885,16885,2
2021-04-14 15:55:46.251,16884,16885,16885,1
2021-04-14 15:55:46.514,16884,16885,16885,1
2021-04-14 15:55:46.732,16884,16885,16885,1
2021-04-14 15:55:51.453,16884,16885,16885,1
2021-04-14 15:55:53.373,16884,16885,16885,2
2021-04-14 15:55:53.373,16884,16885,16885,6
2021-04-14 15:55:55.421,16885,16886,16885,1
2021-04-14 15:55:57.289,16885,16886,16885,1
2021-04-14 15:55:58.083,16885,16886,16885,1
2021-04-14 15:56:02.665,16885,16886,16885,1
2021-04-14 15:56:05.808,16885,16886,16885,1
2021-04-14 15:56:06.091,16885,16886,16886,10
2021-04-14 15:56:06.092,16885,16886,16886,1
2021-04-14 15:56:06.970,16885,16886,16886,2
2021-04-14 15:56:10.743,16886,16887,16886,1
2021-04-14 15:56:15.334,16886,16887,16887,2
2021-04-14 15:56:17.533,16886,16887,16887,1
2021-04-14 15:56:18.646,16886,16887,16887,2
2021-04-14 15:56:19.213,16886,16887,16887,1
2021-04-14 15:56:20.964,16886,16887,16887,3
2021-04-14 15:56:21.948,16887,16888,16888,1
2021-04-14 15:56:21.989,16887,16888,16887,1
2021-04-14 15:56:22.528,16887,16888,16887,1
2021-04-14 15:56:22.528,16887,16888,16887,1
2021-04-14 15:56:22.529,16887,16888,16887,1
2021-04-14 15:56:23.552,16886,16887,16887,1
2021-04-14 15:56:26.800,16886,16887,16887,1
2021-04-14 15:56:29.318,16886,16887,16887,1
2021-04-14 15:56:29.746,16886,16887,16887,2
2021-04-14 15:56:30.363,16886,16887,16887,1
2021-04-14 15:56:32.946,16887,16888,16888,2
2021-04-14 15:56:35.945,16887,16888,16888,1
2021-04-14 15:56:37.605,16887,16888,16887,2
2021-04-14 15:56:39.143,16887,16888,16887,2
2021-04-14 15:56:39.365,16887,16888,16887,3
2021-04-14 15:56:46.178,16886,16887,16886,7
2021-04-14 15:56:46.534,16885,16886,16886,5
2021-04-14 15:56:46.534,16885,16886,16887,3
2021-04-14 15:56:50.475,16886,16887,16887,1
2021-04-14 15:56:54.742,16886,16887,16886,1
2021-04-14 15:56:54.742,16886,16887,16886,1
2021-04-14 15:56:54.793,16886,16887,16886,1
2021-04-14 15:56:54.793,16886,16887,16887,1
2021-04-14 15:56:58.472,16885,16887,16886,1
2021-04-14 15:56:58.758,16885,16886,16886,1
2021-04-14 15:57:07.267,16886,16887,16886,1
2021-04-14 15:57:07.546,16886,16887,16886,2
2021-04-14 15:57:09.968,16885,16886,16886,1
2021-04-14 15:57:10.312,16885,16886,16886,1
2021-04-14 15:57:13.089,16885,16886,16885,2
2021-04-14 15:57:13.089,16885,16886,16885,5
2021-04-14 15:57:13.877,16884,16885,16884,1
2021-04-14 15:57:14.517,16884,16885,16885,1
2021-04-14 15:57:22.010,16885,16886,16885,2
2021-04-14 15:57:22.103,16885,16886,16885,1
2021-04-14 15:57:22.901,16884,16885,16885,1
2021-04-14 15:57:27.187,16885,16886,16886,1
2021-04-14 15:57:28.082,16885,16886,16885,2
2021-04-14 15:57:28.185,16884,16885,16885,1
2021-04-14 15:57:28.530,16884,16885,16885,1
2021-04-14 15:57:35.611,16885,16886,16885,1
2021-04-14 15:57:37.043,16885,16886,16886,1
2021-04-14 15:57:42.711,16885,16886,16885,1
2021-04-14 15:57:45.668,16885,16886,16886,1
2021-04-14 15:57:47.055,16885,16886,16886,1
2021-04-14 15:57:47.055,16885,16886,16886,2
2021-04-14 15:57:48.677,16886,16887,16886,2
2021-04-14 15:57:53.760,16886,16887,16886,1
2021-04-14 15:57:54.472,16885,16887,16886,1
2021-04-14 15:57:57.091,16886,16887,16887,7
2021-04-14 15:58:01.976,16887,16888,16887,2
2021-04-14 15:58:04.566,16886,16887,16887,1
2021-04-14 15:58:10.562,16886,16887,16887,1
2021-04-14 15:58:14.207,16887,16888,16887,1
2021-04-14 15:58:15.976,16886,16887,16887,1
2021-04-14 15:58:19.112,16886,16887,16887,1
2021-04-14 15:58:23.757,16887,16888,16887,1
2021-04-14 15:58:24.961,16886,16887,16886,1
2021-04-14 15:58:27.555,16886,16887,16887,1
2021-04-14 15:58:33.489,16887,16888,16887,1
2021-04-14 15:58:40.289,16887,16888,16888,1
2021-04-14 15:58:42.313,16887,16888,16887,1
2021-04-14 15:58:42.313,16887,16888,16887,1
2021-04-14 15:58:42.313,16887,16888,16887,1
2021-04-14 15:58:48.241,16886,16887,16887,1
2021-04-14 15:58:48.482,16887,16888,16887,1
2021-04-14 15:58:55.742,16887,16888,16887,1
2021-04-14 15:58:56.311,16886,16887,16887,2
2021-04-14 15:58:59.102,16887,16888,16887,1
2021-04-14 15:59:08.193,16887,16888,16888,1
2021-04-14 15:59:09.649,16887,16888,16887,1
2021-04-14 15:59:16.835,16887,16888,16887,1
2021-04-14 15:59:21.540,16887,16888,16887,1
2021-04-14 15:59:23.581,16887,16888,16887,1
2021-04-14 15:59:24.803,16887,16888,16887,1
2021-04-14 15:59:39.225,16887,16888,16887,1
2021-04-14 15:59:41.217,16887,16888,16887,1
2021-04-14 15:59:41.217,16887,16888,16887,4
2021-04-14 15:59:41.615,16886,16888,16888,1
2021-04-14 15:59:43.262,16887,16888,16887,1
2021-04-14 15:59:54.255,16886,16887,16887,2
2021-04-14 16:00:00.490,16886,16887,16886,1
