2020-02-03 15:00:00.069,11308,11309,11309,68
2020-02-03 15:00:00.077,11308,11309,11308,3
2020-02-03 15:00:00.226,11308,11309,11308,1
2020-02-03 15:00:00.245,11308,11309,11309,1
2020-02-03 15:00:00.245,11308,11309,11309,1
2020-02-03 15:00:00.331,11308,11309,11310,1
2020-02-03 15:00:00.353,11308,11310,11308,4
2020-02-03 15:00:00.476,11308,11310,11310,1
2020-02-03 15:00:00.613,11308,11309,11308,4
2020-02-03 15:00:00.716,11308,11309,11308,2
2020-02-03 15:00:01.003,11308,11309,11308,1
2020-02-03 15:00:01.015,11308,11309,11308,1
2020-02-03 15:00:01.055,11308,11309,11308,2
2020-02-03 15:00:01.071,11308,11309,11308,1
2020-02-03 15:00:01.073,11308,11309,11308,1
2020-02-03 15:00:01.107,11308,11309,11309,1
2020-02-03 15:00:01.107,11308,11309,11309,1
2020-02-03 15:00:01.107,11308,11309,11309,1
2020-02-03 15:00:01.107,11308,11309,11309,1
2020-02-03 15:00:01.108,11308,11309,11309,1
2020-02-03 15:00:01.108,11308,11309,11308,2
2020-02-03 15:00:01.108,11308,11309,11309,1
2020-02-03 15:00:01.108,11308,11309,11309,1
2020-02-03 15:00:01.112,11308,11309,11309,1
2020-02-03 15:00:01.113,11308,11309,11309,1
2020-02-03 15:00:01.222,11308,11309,11308,2
2020-02-03 15:00:01.349,11307,11309,11309,1
2020-02-03 15:00:01.848,11308,11310,11308,1
2020-02-03 15:00:01.897,11308,11310,11310,1
2020-02-03 15:00:02.971,11308,11309,11309,4
2020-02-03 15:00:03.239,11308,11309,11309,1
2020-02-03 15:00:03.239,11308,11309,11310,4
2020-02-03 15:00:03.772,11309,11310,11309,4
2020-02-03 15:00:04.151,11309,11310,11309,1
2020-02-03 15:00:04.917,11309,11310,11310,1
2020-02-03 15:00:05.033,11309,11311,11311,2
2020-02-03 15:00:05.221,11310,11311,11311,1
2020-02-03 15:00:05.395,11310,11311,11311,1
2020-02-03 15:00:05.396,11310,11311,11311,1
2020-02-03 15:00:05.396,11310,11311,11311,1
2020-02-03 15:00:05.397,11310,11311,11311,1
2020-02-03 15:00:05.398,11310,11311,11311,6
2020-02-03 15:00:05.400,11310,11311,11311,1
2020-02-03 15:00:05.471,11310,11311,11311,4
2020-02-03 15:00:05.644,11311,11312,11311,1
2020-02-03 15:00:05.709,11311,11312,11312,1
2020-02-03 15:00:05.721,11311,11312,11312,2
2020-02-03 15:00:06.192,11312,11313,11313,1
2020-02-03 15:00:06.989,11312,11313,11312,2
2020-02-03 15:00:07.031,11312,11313,11312,1
2020-02-03 15:00:08.241,11312,11313,11312,1
2020-02-03 15:00:09.246,11312,11313,11313,1
2020-02-03 15:00:09.737,11312,11313,11312,1
2020-02-03 15:00:10.174,11312,11313,11312,1
2020-02-03 15:00:10.174,11312,11313,11312,1
2020-02-03 15:00:10.346,11311,11312,11311,4
2020-02-03 15:00:10.971,11310,11311,11310,6
2020-02-03 15:00:11.096,11309,11311,11310,2
2020-02-03 15:00:11.096,11309,11311,11310,1
2020-02-03 15:00:11.471,11309,11310,11309,1
2020-02-03 15:00:11.481,11309,11310,11309,1
2020-02-03 15:00:11.494,11309,11310,11309,1
2020-02-03 15:00:11.596,11309,11310,11309,5
2020-02-03 15:00:11.619,11309,11310,11310,1
2020-02-03 15:00:11.873,11308,11309,11308,3
2020-02-03 15:00:12.337,11307,11308,11307,2
2020-02-03 15:00:12.364,11307,11308,11308,1
2020-02-03 15:00:12.505,11307,11308,11307,1
2020-02-03 15:00:12.954,11307,11308,11307,1
2020-02-03 15:00:13.790,11307,11308,11307,2
2020-02-03 15:00:14.096,11307,11308,11307,5
2020-02-03 15:00:14.749,11307,11308,11307,1
2020-02-03 15:00:15.619,11306,11307,11306,1
2020-02-03 15:00:15.734,11306,11307,11307,1
2020-02-03 15:00:15.861,11306,11307,11307,3
2020-02-03 15:00:15.867,11306,11307,11306,7
2020-02-03 15:00:15.896,11306,11307,11306,1
2020-02-03 15:00:15.907,11306,11307,11306,2
2020-02-03 15:00:15.957,11306,11307,11306,3
2020-02-03 15:00:15.971,11306,11308,11306,5
2020-02-03 15:00:15.971,11306,11308,11306,5
2020-02-03 15:00:17.350,11306,11308,11306,2
2020-02-03 15:00:17.460,11306,11308,11307,1
2020-02-03 15:00:17.696,11307,11308,11307,1
2020-02-03 15:00:17.780,11307,11308,11307,2
2020-02-03 15:00:18.016,11307,11308,11307,1
2020-02-03 15:00:18.092,11307,11308,11306,2
2020-02-03 15:00:18.347,11306,11308,11306,5
2020-02-03 15:00:18.471,11305,11306,11306,1
2020-02-03 15:00:18.471,11305,11306,11306,2
2020-02-03 15:00:18.639,11306,11308,11307,1
2020-02-03 15:00:18.639,11306,11308,11308,7
2020-02-03 15:00:18.773,11308,11309,11308,1
2020-02-03 15:00:19.827,11308,11309,11309,1
2020-02-03 15:00:20.031,11308,11310,11308,2
2020-02-03 15:00:20.604,11308,11309,11309,1
2020-02-03 15:00:20.753,11308,11309,11309,1
2020-02-03 15:00:20.957,11308,11310,11308,2
2020-02-03 15:00:21.011,11308,11310,11310,1
2020-02-03 15:00:22.207,11309,11310,11309,1
2020-02-03 15:00:22.763,11308,11309,11309,1
2020-02-03 15:00:23.539,11308,11309,11309,1
2020-02-03 15:00:23.941,11309,11310,11309,2
2020-02-03 15:00:24.061,11308,11310,11310,2
2020-02-03 15:00:25.330,11309,11310,11310,2
2020-02-03 15:00:26.036,11310,11311,11310,1
2020-02-03 15:00:27.830,11309,11310,11309,1
2020-02-03 15:00:29.633,11309,11310,11309,6
2020-02-03 15:00:31.886,11309,11310,11309,5
2020-02-03 15:00:32.797,11308,11309,11309,1
2020-02-03 15:00:33.826,11308,11309,11309,1
2020-02-03 15:00:33.992,11309,11310,11310,10
2020-02-03 15:00:34.096,11309,11310,11310,3
2020-02-03 15:00:34.377,11310,11311,11310,3
2020-02-03 15:00:34.377,11310,11311,11309,9
2020-02-03 15:00:37.446,11310,11311,11310,1
2020-02-03 15:00:37.627,11310,11311,11310,1
2020-02-03 15:00:37.999,11310,11311,11310,1
2020-02-03 15:00:38.802,11310,11311,11310,1
2020-02-03 15:00:39.825,11310,11311,11311,1
2020-02-03 15:00:39.834,11310,11311,11310,2
2020-02-03 15:00:40.208,11309,11311,11310,1
2020-02-03 15:00:40.254,11309,11310,11310,1
2020-02-03 15:00:41.048,11309,11310,11309,5
2020-02-03 15:00:41.649,11309,11310,11310,1
2020-02-03 15:00:41.753,11309,11310,11309,7
2020-02-03 15:00:43.024,11308,11310,11308,1
2020-02-03 15:00:43.715,11308,11309,11309,1
2020-02-03 15:00:43.715,11308,11309,11310,3
2020-02-03 15:00:45.519,11308,11309,11308,5
2020-02-03 15:00:46.807,11308,11309,11309,2
2020-02-03 15:00:48.846,11309,11310,11310,4
2020-02-03 15:00:50.178,11310,11311,11310,1
2020-02-03 15:00:50.396,11310,11311,11310,1
2020-02-03 15:00:50.545,11310,11311,11310,1
2020-02-03 15:00:50.711,11310,11311,11311,1
2020-02-03 15:00:50.841,11310,11311,11310,1
2020-02-03 15:00:51.069,11310,11311,11311,1
2020-02-03 15:00:51.097,11310,11311,11310,1
2020-02-03 15:00:51.253,11310,11311,11311,1
2020-02-03 15:00:51.324,11310,11311,11310,1
2020-02-03 15:00:51.605,11310,11312,11310,1
2020-02-03 15:00:51.852,11310,11312,11310,1
2020-02-03 15:00:51.877,11310,11312,11310,4
2020-02-03 15:00:51.971,11311,11312,11311,1
2020-02-03 15:00:52.604,11311,11312,11311,2
2020-02-03 15:00:52.788,11311,11312,11311,1
2020-02-03 15:00:53.044,11311,11312,11311,1
2020-02-03 15:00:53.096,11311,11312,11311,1
2020-02-03 15:00:53.264,11311,11312,11311,1
2020-02-03 15:00:53.346,11311,11312,11311,1
2020-02-03 15:00:54.597,11310,11311,11311,5
2020-02-03 15:00:55.625,11310,11311,11311,4
2020-02-03 15:00:56.371,11311,11312,11312,5
2020-02-03 15:00:57.375,11311,11312,11312,1
2020-02-03 15:00:57.809,11311,11312,11312,1
2020-02-03 15:00:59.447,11311,11312,11311,1
2020-02-03 15:00:59.456,11311,11312,11312,1
2020-02-03 15:01:00.050,11311,11312,11312,2
2020-02-03 15:01:00.534,11311,11312,11311,1
2020-02-03 15:01:00.640,11311,11312,11312,2
2020-02-03 15:01:00.744,11311,11312,11311,2
2020-02-03 15:01:01.952,11311,11312,11311,3
2020-02-03 15:01:02.359,11311,11312,11311,3
2020-02-03 15:01:02.488,11311,11312,11311,1
2020-02-03 15:01:02.488,11311,11312,11311,1
2020-02-03 15:01:02.488,11311,11312,11310,1
2020-02-03 15:01:02.489,11311,11312,11310,1
2020-02-03 15:01:02.489,11311,11312,11310,1
2020-02-03 15:01:02.490,11311,11312,11310,1
2020-02-03 15:01:02.490,11311,11312,11310,2
2020-02-03 15:01:02.492,11311,11312,11310,1
2020-02-03 15:01:02.493,11311,11312,11310,1
2020-02-03 15:01:02.493,11311,11312,11310,1
2020-02-03 15:01:02.494,11311,11312,11310,1
2020-02-03 15:01:02.619,11310,11312,11312,1
2020-02-03 15:01:02.856,11310,11311,11311,1
2020-02-03 15:01:03.041,11310,11311,11310,1
2020-02-03 15:01:03.041,11310,11311,11309,1
2020-02-03 15:01:03.262,11309,11311,11309,3
2020-02-03 15:01:03.752,11309,11311,11309,4
2020-02-03 15:01:08.387,11309,11310,11309,2
2020-02-03 15:01:09.425,11309,11310,11310,5
2020-02-03 15:01:09.638,11309,11310,11309,2
2020-02-03 15:01:10.335,11309,11310,11310,1
2020-02-03 15:01:10.408,11310,11311,11310,1
2020-02-03 15:01:13.994,11310,11311,11310,2
2020-02-03 15:01:14.249,11310,11311,11310,1
2020-02-03 15:01:14.910,11310,11311,11310,5
2020-02-03 15:01:14.911,11310,11311,11311,3
2020-02-03 15:01:15.629,11310,11311,11310,1
2020-02-03 15:01:16.168,11310,11311,11311,1
2020-02-03 15:01:16.925,11310,11311,11311,1
2020-02-03 15:01:16.959,11310,11311,11312,2
2020-02-03 15:01:17.221,11311,11312,11312,1
2020-02-03 15:01:17.236,11311,11312,11312,2
2020-02-03 15:01:17.236,11311,11312,11312,1
2020-02-03 15:01:17.721,11312,11313,11313,4
2020-02-03 15:01:17.939,11312,11314,11313,1
2020-02-03 15:01:18.346,11313,11314,11314,3
2020-02-03 15:01:21.210,11314,11315,11315,1
2020-02-03 15:01:22.043,11314,11315,11315,1
2020-02-03 15:01:22.118,11314,11315,11314,5
2020-02-03 15:01:22.568,11314,11315,11315,1
2020-02-03 15:01:23.452,11314,11315,11314,5
2020-02-03 15:01:24.767,11314,11315,11315,7
2020-02-03 15:01:25.024,11315,11316,11316,2
2020-02-03 15:01:28.231,11316,11317,11317,6
2020-02-03 15:01:28.453,11317,11318,11317,2
2020-02-03 15:01:28.471,11317,11318,11318,4
2020-02-03 15:01:28.846,11318,11319,11319,1
2020-02-03 15:01:28.971,11318,11319,11319,1
2020-02-03 15:01:29.509,11319,11320,11320,1
2020-02-03 15:01:29.703,11319,11320,11319,2
2020-02-03 15:01:30.249,11319,11320,11320,1
2020-02-03 15:01:30.994,11319,11320,11319,1
2020-02-03 15:01:31.055,11319,11320,11320,1
2020-02-03 15:01:31.214,11319,11320,11319,1
2020-02-03 15:01:31.353,11319,11320,11320,1
2020-02-03 15:01:32.431,11319,11320,11320,1
2020-02-03 15:01:32.733,11319,11320,11320,5
2020-02-03 15:01:32.790,11319,11320,11319,1
2020-02-03 15:01:33.409,11319,11320,11320,4
2020-02-03 15:01:33.569,11319,11320,11320,2
2020-02-03 15:01:33.613,11319,11320,11320,1
2020-02-03 15:01:33.613,11319,11320,11321,1
2020-02-03 15:01:33.745,11319,11321,11321,5
2020-02-03 15:01:33.872,11319,11321,11321,1
2020-02-03 15:01:34.103,11320,11322,11322,1
2020-02-03 15:01:34.290,11320,11322,11322,1
2020-02-03 15:01:34.456,11320,11322,11322,1
2020-02-03 15:01:34.615,11321,11322,11322,1
2020-02-03 15:01:35.610,11321,11323,11323,1
2020-02-03 15:01:36.481,11322,11323,11323,1
2020-02-03 15:01:37.131,11322,11323,11323,1
2020-02-03 15:01:37.297,11323,11324,11323,1
2020-02-03 15:01:37.567,11322,11324,11324,1
2020-02-03 15:01:38.084,11323,11324,11323,1
2020-02-03 15:01:38.112,11323,11324,11323,1
2020-02-03 15:01:38.221,11323,11324,11323,1
2020-02-03 15:01:38.280,11323,11324,11323,1
2020-02-03 15:01:38.361,11322,11323,11322,7
2020-02-03 15:01:38.392,11322,11323,11322,1
2020-02-03 15:01:38.429,11322,11323,11323,11
2020-02-03 15:01:38.429,11322,11323,11324,6
2020-02-03 15:01:38.461,11322,11323,11324,1
2020-02-03 15:01:38.581,11322,11324,11322,2
2020-02-03 15:01:38.846,11321,11322,11321,2
2020-02-03 15:01:38.860,11321,11322,11321,1
2020-02-03 15:01:39.244,11320,11321,11321,1
2020-02-03 15:01:39.579,11320,11321,11320,7
2020-02-03 15:01:39.596,11320,11321,11320,2
2020-02-03 15:01:39.596,11320,11321,11320,1
2020-02-03 15:01:39.641,11320,11321,11320,1
2020-02-03 15:01:40.200,11320,11321,11320,3
2020-02-03 15:01:40.200,11320,11321,11320,3
2020-02-03 15:01:40.721,11319,11320,11319,6
2020-02-03 15:01:42.135,11317,11318,11317,1
2020-02-03 15:01:42.645,11317,11318,11317,2
2020-02-03 15:01:43.200,11317,11318,11317,4
2020-02-03 15:01:43.752,11317,11318,11317,6
2020-02-03 15:01:44.971,11316,11317,11317,3
2020-02-03 15:01:45.501,11317,11318,11317,2
2020-02-03 15:01:45.725,11317,11318,11317,1
2020-02-03 15:01:47.731,11317,11319,11319,1
2020-02-03 15:01:47.966,11317,11319,11317,1
2020-02-03 15:01:48.028,11317,11319,11317,1
2020-02-03 15:01:54.233,11318,11319,11319,1
2020-02-03 15:01:54.855,11318,11319,11319,2
2020-02-03 15:01:55.059,11319,11320,11319,1
2020-02-03 15:01:56.911,11319,11320,11319,1
2020-02-03 15:01:58.464,11319,11320,11320,1
2020-02-03 15:01:58.868,11319,11320,11320,2
2020-02-03 15:01:59.217,11319,11320,11319,1
2020-02-03 15:01:59.357,11319,11320,11320,3
2020-02-03 15:01:59.543,11319,11320,11319,1
2020-02-03 15:02:00.167,11319,11320,11319,2
2020-02-03 15:02:01.721,11319,11320,11319,1
2020-02-03 15:02:02.323,11319,11320,11319,1
2020-02-03 15:02:03.668,11318,11319,11319,1
2020-02-03 15:02:05.070,11318,11319,11319,1
2020-02-03 15:02:06.724,11318,11319,11319,1
2020-02-03 15:02:07.024,11318,11319,11319,1
2020-02-03 15:02:07.179,11318,11319,11319,1
2020-02-03 15:02:07.308,11318,11319,11319,3
2020-02-03 15:02:08.703,11319,11320,11319,1
2020-02-03 15:02:11.426,11318,11319,11319,1
2020-02-03 15:02:13.256,11319,11320,11319,3
2020-02-03 15:02:15.169,11319,11320,11319,2
2020-02-03 15:02:15.729,11319,11320,11319,1
2020-02-03 15:02:17.436,11319,11320,11320,1
2020-02-03 15:02:18.456,11319,11320,11320,2
2020-02-03 15:02:18.457,11319,11320,11320,2
2020-02-03 15:02:18.471,11319,11320,11320,7
2020-02-03 15:02:18.471,11319,11320,11320,17
2020-02-03 15:02:18.471,11319,11320,11320,2
2020-02-03 15:02:18.471,11319,11320,11320,11
2020-02-03 15:02:18.471,11319,11320,11320,1
2020-02-03 15:02:18.596,11319,11320,11320,1
2020-02-03 15:02:18.721,11320,11321,11321,5
2020-02-03 15:02:18.721,11320,11321,11321,1
2020-02-03 15:02:18.888,11321,11322,11322,1
2020-02-03 15:02:18.891,11321,11322,11322,1
2020-02-03 15:02:19.217,11322,11323,11322,1
2020-02-03 15:02:19.217,11322,11323,11321,1
2020-02-03 15:02:19.898,11322,11323,11322,1
2020-02-03 15:02:20.856,11322,11323,11322,1
2020-02-03 15:02:20.856,11322,11323,11321,7
2020-02-03 15:02:21.030,11321,11323,11323,1
2020-02-03 15:02:23.369,11322,11323,11322,1
2020-02-03 15:02:25.666,11322,11323,11322,2
2020-02-03 15:02:27.729,11322,11323,11322,1
2020-02-03 15:02:27.750,11322,11323,11322,1
2020-02-03 15:02:27.969,11321,11323,11321,1
2020-02-03 15:02:28.356,11322,11323,11322,1
2020-02-03 15:02:28.776,11322,11323,11322,1
2020-02-03 15:02:31.382,11322,11323,11323,2
2020-02-03 15:02:32.701,11322,11323,11322,1
2020-02-03 15:02:33.558,11322,11323,11322,1
2020-02-03 15:02:34.042,11322,11323,11323,1
2020-02-03 15:02:37.087,11322,11323,11322,2
2020-02-03 15:02:37.299,11322,11323,11322,2
2020-02-03 15:02:37.596,11322,11323,11323,8
2020-02-03 15:02:37.817,11323,11324,11324,5
2020-02-03 15:02:37.817,11323,11324,11324,1
2020-02-03 15:02:37.971,11324,11325,11325,2
2020-02-03 15:02:38.268,11324,11325,11324,1
2020-02-03 15:02:39.878,11324,11325,11325,1
2020-02-03 15:02:40.058,11324,11325,11325,11
2020-02-03 15:02:41.616,11325,11326,11326,4
2020-02-03 15:02:41.697,11325,11326,11325,2
2020-02-03 15:02:41.728,11325,11327,11327,4
2020-02-03 15:02:43.415,11325,11327,11327,1
2020-02-03 15:02:43.718,11325,11327,11327,1
2020-02-03 15:02:44.348,11325,11327,11327,1
2020-02-03 15:02:45.721,11326,11327,11327,1
2020-02-03 15:02:46.634,11327,11328,11327,1
2020-02-03 15:02:46.644,11327,11328,11327,1
2020-02-03 15:02:46.919,11327,11328,11327,2
2020-02-03 15:02:46.919,11327,11328,11326,3
2020-02-03 15:02:48.827,11327,11328,11328,2
2020-02-03 15:02:50.240,11327,11328,11327,1
2020-02-03 15:02:51.083,11327,11328,11327,2
2020-02-03 15:02:51.806,11326,11327,11327,3
2020-02-03 15:02:53.440,11327,11328,11327,1
2020-02-03 15:02:53.729,11327,11328,11328,1
2020-02-03 15:02:54.631,11327,11328,11328,1
2020-02-03 15:02:56.812,11327,11328,11327,1
2020-02-03 15:02:57.285,11327,11328,11328,1
2020-02-03 15:02:57.427,11327,11328,11328,1
2020-02-03 15:02:57.614,11327,11328,11328,18
2020-02-03 15:02:57.916,11327,11329,11328,1
2020-02-03 15:02:59.460,11328,11329,11329,5
2020-02-03 15:02:59.963,11328,11329,11328,1
2020-02-03 15:03:00.097,11328,11329,11329,1
2020-02-03 15:03:00.115,11328,11329,11329,2
2020-02-03 15:03:00.316,11328,11330,11330,1
2020-02-03 15:03:00.381,11328,11330,11330,1
2020-02-03 15:03:00.633,11329,11330,11330,4
2020-02-03 15:03:01.105,11329,11331,11329,5
2020-02-03 15:03:02.626,11329,11330,11330,1
2020-02-03 15:03:04.498,11329,11330,11330,2
2020-02-03 15:03:06.244,11329,11331,11329,2
2020-02-03 15:03:08.554,11330,11331,11331,1
2020-02-03 15:03:08.809,11330,11331,11331,2
2020-02-03 15:03:09.038,11330,11331,11331,1
2020-02-03 15:03:09.360,11330,11331,11330,1
2020-02-03 15:03:09.449,11330,11331,11330,1
2020-02-03 15:03:09.471,11330,11331,11330,3
2020-02-03 15:03:09.471,11330,11331,11330,1
2020-02-03 15:03:10.328,11329,11330,11330,1
2020-02-03 15:03:11.096,11329,11330,11329,17
2020-02-03 15:03:11.267,11328,11330,11329,1
2020-02-03 15:03:11.596,11328,11329,11328,6
2020-02-03 15:03:13.186,11327,11328,11328,1
2020-02-03 15:03:13.725,11327,11328,11327,1
2020-02-03 15:03:15.803,11327,11328,11328,1
2020-02-03 15:03:16.129,11327,11328,11328,1
2020-02-03 15:03:17.244,11327,11328,11328,1
2020-02-03 15:03:20.217,11327,11328,11327,4
2020-02-03 15:03:21.535,11327,11328,11328,12
2020-02-03 15:03:21.536,11327,11328,11328,1
2020-02-03 15:03:21.678,11328,11329,11328,4
2020-02-03 15:03:21.779,11328,11329,11328,2
2020-02-03 15:03:22.032,11328,11329,11328,1
2020-02-03 15:03:22.498,11328,11329,11328,10
2020-02-03 15:03:22.995,11328,11329,11328,2
2020-02-03 15:03:23.096,11328,11329,11328,5
2020-02-03 15:03:24.063,11327,11328,11327,1
2020-02-03 15:03:24.248,11327,11328,11327,3
2020-02-03 15:03:25.758,11326,11327,11326,2
2020-02-03 15:03:25.990,11326,11327,11326,2
2020-02-03 15:03:26.494,11326,11327,11326,2
2020-02-03 15:03:26.754,11326,11327,11326,1
2020-02-03 15:03:26.872,11326,11327,11327,1
2020-02-03 15:03:27.360,11326,11327,11326,5
2020-02-03 15:03:27.474,11325,11327,11327,2
2020-02-03 15:03:29.888,11325,11327,11326,1
2020-02-03 15:03:32.079,11325,11326,11325,1
2020-02-03 15:03:33.982,11325,11326,11326,1
2020-02-03 15:03:34.080,11325,11326,11325,5
2020-02-03 15:03:34.108,11324,11326,11324,1
2020-02-03 15:03:34.664,11324,11325,11325,1
2020-02-03 15:03:34.882,11324,11325,11325,1
2020-02-03 15:03:34.945,11324,11325,11325,1
2020-02-03 15:03:35.061,11324,11326,11324,2
2020-02-03 15:03:36.783,11324,11325,11324,1
2020-02-03 15:03:36.846,11324,11325,11325,5
2020-02-03 15:03:37.096,11324,11325,11325,1
2020-02-03 15:03:37.538,11325,11326,11325,1
2020-02-03 15:03:42.564,11324,11325,11325,1
2020-02-03 15:03:45.500,11324,11325,11324,3
2020-02-03 15:03:45.976,11324,11325,11325,1
2020-02-03 15:03:47.158,11324,11325,11324,1
2020-02-03 15:03:47.221,11324,11325,11324,9
2020-02-03 15:03:47.221,11324,11325,11324,10
2020-02-03 15:03:47.346,11324,11325,11324,2
2020-02-03 15:03:47.346,11324,11325,11324,17
2020-02-03 15:03:47.346,11324,11325,11324,3
2020-02-03 15:03:47.346,11324,11325,11324,13
2020-02-03 15:03:47.346,11324,11325,11324,4
2020-02-03 15:03:47.346,11324,11325,11324,2
2020-02-03 15:03:47.346,11324,11325,11324,1
2020-02-03 15:03:47.346,11324,11325,11324,1
2020-02-03 15:03:47.346,11324,11325,11324,2
2020-02-03 15:03:47.596,11323,11324,11323,4
2020-02-03 15:03:47.668,11323,11324,11322,1
2020-02-03 15:03:47.673,11323,11324,11323,7
2020-02-03 15:03:47.721,11322,11323,11322,1
2020-02-03 15:03:49.437,11321,11322,11321,1
2020-02-03 15:03:49.782,11321,11322,11321,1
2020-02-03 15:03:49.809,11321,11322,11322,2
2020-02-03 15:03:49.973,11321,11322,11322,1
2020-02-03 15:03:49.999,11321,11322,11321,1
2020-02-03 15:03:50.128,11321,11322,11321,5
2020-02-03 15:03:50.805,11321,11322,11321,1
2020-02-03 15:03:51.055,11321,11322,11321,1
2020-02-03 15:03:51.346,11321,11322,11322,1
2020-02-03 15:03:52.596,11321,11322,11322,1
2020-02-03 15:03:58.696,11322,11323,11322,1
2020-02-03 15:04:02.070,11322,11323,11322,6
2020-02-03 15:04:02.292,11322,11323,11322,3
2020-02-03 15:04:02.353,11321,11322,11322,1
2020-02-03 15:04:03.320,11322,11323,11322,1
2020-02-03 15:04:05.372,11322,11323,11322,1
2020-02-03 15:04:07.378,11322,11323,11322,1
2020-02-03 15:04:22.248,11321,11322,11322,2
2020-02-03 15:04:27.684,11321,11322,11322,1
2020-02-03 15:04:40.346,11321,11322,11322,7
2020-02-03 15:04:46.241,11322,11324,11322,1
2020-02-03 15:04:46.399,11322,11324,11322,1
2020-02-03 15:04:52.204,11322,11323,11322,1
2020-02-03 15:04:53.706,11322,11323,11322,2
2020-02-03 15:04:55.367,11322,11323,11322,3
2020-02-03 15:04:55.907,11322,11323,11323,2
2020-02-03 15:04:56.737,11322,11323,11322,1
2020-02-03 15:04:58.720,11322,11323,11323,1
2020-02-03 15:05:02.186,11323,11324,11323,1
2020-02-03 15:05:02.588,11323,11324,11324,1
2020-02-03 15:05:02.596,11323,11324,11324,1
2020-02-03 15:05:03.360,11324,11325,11325,1
2020-02-03 15:05:03.415,11324,11325,11325,1
2020-02-03 15:05:03.431,11324,11325,11325,2
2020-02-03 15:05:03.774,11324,11325,11325,1
2020-02-03 15:05:03.843,11324,11325,11324,5
2020-02-03 15:05:08.900,11323,11324,11323,1
2020-02-03 15:05:09.323,11322,11324,11322,1
2020-02-03 15:05:09.334,11322,11324,11324,2
2020-02-03 15:05:09.625,11322,11324,11322,3
2020-02-03 15:05:12.927,11322,11323,11322,2
2020-02-03 15:05:13.480,11321,11322,11321,3
2020-02-03 15:05:14.502,11321,11322,11322,1
2020-02-03 15:05:16.704,11321,11322,11322,4
2020-02-03 15:05:16.704,11321,11322,11323,6
2020-02-03 15:05:18.039,11321,11323,11321,6
2020-02-03 15:05:20.753,11321,11323,11323,1
2020-02-03 15:05:21.249,11321,11322,11322,1
2020-02-03 15:05:21.253,11321,11322,11321,1
2020-02-03 15:05:23.381,11321,11322,11322,5
2020-02-03 15:05:27.174,11321,11322,11321,1
2020-02-03 15:05:30.853,11321,11322,11321,3
2020-02-03 15:05:31.375,11320,11321,11321,1
2020-02-03 15:05:32.569,11320,11321,11320,1
2020-02-03 15:05:33.297,11320,11321,11320,1
2020-02-03 15:05:33.481,11320,11321,11320,1
2020-02-03 15:05:33.817,11320,11321,11320,1
2020-02-03 15:05:34.497,11320,11321,11320,1
2020-02-03 15:05:35.711,11320,11321,11320,1
2020-02-03 15:05:36.261,11320,11321,11320,1
2020-02-03 15:05:38.458,11320,11321,11320,2
2020-02-03 15:05:38.489,11320,11321,11320,2
2020-02-03 15:05:38.611,11320,11321,11320,2
2020-02-03 15:05:38.676,11320,11321,11320,1
2020-02-03 15:05:38.721,11320,11321,11320,3
2020-02-03 15:05:38.971,11319,11320,11319,1
2020-02-03 15:05:39.250,11319,11320,11319,1
2020-02-03 15:05:39.300,11319,11320,11319,4
2020-02-03 15:05:39.304,11319,11320,11319,1
2020-02-03 15:05:40.244,11318,11319,11319,1
2020-02-03 15:05:47.315,11318,11319,11319,1
2020-02-03 15:05:48.987,11318,11319,11319,1
2020-02-03 15:05:49.172,11318,11319,11319,1
2020-02-03 15:05:49.285,11318,11319,11319,2
2020-02-03 15:05:50.612,11319,11320,11320,2
2020-02-03 15:05:52.953,11319,11320,11320,1
2020-02-03 15:05:56.113,11319,11320,11319,2
2020-02-03 15:05:56.481,11319,11320,11320,1
2020-02-03 15:06:00.298,11319,11320,11320,1
2020-02-03 15:06:04.115,11319,11320,11319,1
2020-02-03 15:06:04.168,11319,11320,11320,1
2020-02-03 15:06:04.221,11320,11321,11320,1
2020-02-03 15:06:09.872,11320,11321,11320,2
2020-02-03 15:06:12.898,11319,11320,11320,1
2020-02-03 15:06:21.196,11319,11320,11319,2
2020-02-03 15:06:21.359,11319,11320,11319,2
2020-02-03 15:06:22.595,11319,11320,11319,1
2020-02-03 15:06:24.471,11318,11319,11318,10
2020-02-03 15:06:24.889,11317,11318,11317,1
2020-02-03 15:06:25.814,11317,11318,11318,12
2020-02-03 15:06:26.482,11317,11318,11318,1
2020-02-03 15:06:27.411,11317,11318,11318,2
2020-02-03 15:06:27.558,11317,11318,11317,1
2020-02-03 15:06:30.733,11317,11318,11317,2
2020-02-03 15:06:31.094,11316,11317,11316,1
2020-02-03 15:06:31.729,11316,11317,11316,4
2020-02-03 15:06:35.316,11316,11317,11316,1
2020-02-03 15:06:38.025,11316,11317,11316,1
2020-02-03 15:06:40.104,11316,11317,11316,1
2020-02-03 15:06:41.212,11316,11317,11316,4
2020-02-03 15:06:43.130,11316,11317,11316,1
2020-02-03 15:06:48.269,11316,11317,11317,2
2020-02-03 15:06:49.116,11316,11317,11316,1
2020-02-03 15:06:52.419,11316,11317,11316,3
2020-02-03 15:06:53.405,11316,11317,11316,1
2020-02-03 15:06:53.751,11316,11317,11316,1
2020-02-03 15:06:54.495,11316,11317,11316,1
2020-02-03 15:06:55.471,11316,11317,11317,7
2020-02-03 15:06:55.473,11316,11317,11317,1
2020-02-03 15:06:55.477,11316,11317,11317,2
2020-02-03 15:06:55.479,11316,11317,11317,2
2020-02-03 15:06:55.596,11316,11317,11317,5
2020-02-03 15:06:55.723,11317,11318,11317,1
2020-02-03 15:06:55.846,11317,11318,11317,2
2020-02-03 15:06:55.872,11317,11318,11318,3
2020-02-03 15:06:55.983,11318,11319,11318,1
2020-02-03 15:06:56.366,11318,11319,11319,2
2020-02-03 15:06:58.032,11318,11319,11318,2
2020-02-03 15:06:58.903,11318,11319,11318,1
2020-02-03 15:07:02.242,11318,11319,11318,3
2020-02-03 15:07:02.512,11318,11319,11319,1
2020-02-03 15:07:02.670,11318,11319,11319,1
2020-02-03 15:07:04.027,11318,11319,11318,1
2020-02-03 15:07:07.572,11318,11320,11320,1
2020-02-03 15:07:09.190,11318,11320,11318,1
2020-02-03 15:07:10.328,11318,11320,11320,1
2020-02-03 15:07:17.281,11318,11319,11318,5
2020-02-03 15:07:18.091,11318,11319,11319,1
2020-02-03 15:07:20.843,11318,11319,11318,1
2020-02-03 15:07:22.400,11318,11319,11318,1
2020-02-03 15:07:25.070,11318,11319,11318,2
2020-02-03 15:07:25.217,11318,11319,11318,1
2020-02-03 15:07:25.217,11318,11319,11318,3
2020-02-03 15:07:26.619,11317,11318,11318,1
2020-02-03 15:07:27.636,11317,11318,11318,1
2020-02-03 15:07:29.254,11317,11318,11317,1
2020-02-03 15:07:37.462,11317,11318,11317,1
2020-02-03 15:07:37.927,11317,11318,11317,2
2020-02-03 15:07:37.927,11317,11318,11316,27
2020-02-03 15:07:38.242,11315,11316,11316,1
2020-02-03 15:07:38.531,11315,11316,11315,10
2020-02-03 15:07:38.531,11315,11316,11314,19
2020-02-03 15:07:39.022,11314,11315,11315,10
2020-02-03 15:07:43.456,11314,11315,11314,1
2020-02-03 15:07:43.619,11314,11315,11314,1
2020-02-03 15:07:46.803,11314,11315,11314,1
2020-02-03 15:07:47.637,11314,11315,11314,1
2020-02-03 15:07:49.691,11313,11314,11313,2
2020-02-03 15:07:50.085,11312,11313,11313,1
2020-02-03 15:07:50.570,11312,11313,11312,1
2020-02-03 15:07:51.346,11312,11314,11313,1
2020-02-03 15:07:52.633,11313,11314,11313,1
2020-02-03 15:07:53.981,11313,11314,11313,1
2020-02-03 15:07:54.114,11313,11314,11313,1
2020-02-03 15:07:54.454,11313,11314,11313,1
2020-02-03 15:07:55.354,11313,11314,11313,2
2020-02-03 15:07:57.732,11313,11314,11313,1
2020-02-03 15:08:01.604,11313,11314,11313,1
2020-02-03 15:08:02.154,11313,11314,11313,3
2020-02-03 15:08:02.724,11312,11313,11312,2
2020-02-03 15:08:03.341,11312,11313,11313,1
2020-02-03 15:08:04.454,11312,11313,11312,1
2020-02-03 15:08:06.680,11312,11313,11312,1
2020-02-03 15:08:07.581,11311,11312,11311,2
2020-02-03 15:08:08.707,11311,11312,11311,1
2020-02-03 15:08:09.158,11311,11312,11312,1
2020-02-03 15:08:09.260,11311,11312,11311,1
2020-02-03 15:08:10.647,11311,11312,11311,1
2020-02-03 15:08:12.056,11311,11312,11311,1
2020-02-03 15:08:13.615,11311,11312,11311,1
2020-02-03 15:08:14.092,11311,11312,11311,1
2020-02-03 15:08:14.340,11311,11312,11311,1
2020-02-03 15:08:14.576,11311,11312,11311,1
2020-02-03 15:08:14.582,11311,11312,11311,1
2020-02-03 15:08:14.596,11311,11312,11311,1
2020-02-03 15:08:15.396,11311,11312,11311,1
2020-02-03 15:08:16.345,11311,11312,11311,1
2020-02-03 15:08:16.442,11311,11312,11311,1
2020-02-03 15:08:16.893,11311,11312,11311,1
2020-02-03 15:08:17.496,11310,11312,11311,1
2020-02-03 15:08:20.405,11310,11311,11310,1
2020-02-03 15:08:20.960,11310,11311,11310,1
2020-02-03 15:08:23.687,11310,11311,11310,1
2020-02-03 15:08:24.280,11310,11311,11310,1
2020-02-03 15:08:28.936,11310,11311,11310,1
2020-02-03 15:08:29.142,11310,11311,11310,1
2020-02-03 15:08:29.238,11310,11311,11310,1
2020-02-03 15:08:33.282,11310,11311,11311,1
2020-02-03 15:08:37.432,11310,11311,11311,1
2020-02-03 15:08:39.207,11310,11311,11310,2
2020-02-03 15:08:40.499,11310,11311,11310,4
2020-02-03 15:08:41.035,11310,11311,11310,1
2020-02-03 15:08:41.293,11310,11311,11310,1
2020-02-03 15:08:42.440,11310,11311,11311,7
2020-02-03 15:08:42.870,11311,11312,11312,2
2020-02-03 15:08:43.180,11311,11312,11312,6
2020-02-03 15:08:43.203,11311,11312,11311,1
2020-02-03 15:08:44.770,11311,11312,11311,1
2020-02-03 15:08:45.201,11311,11312,11311,1
2020-02-03 15:08:45.569,11310,11311,11310,5
2020-02-03 15:08:46.186,11310,11311,11310,3
2020-02-03 15:08:46.719,11309,11310,11310,1
2020-02-03 15:08:49.988,11309,11310,11310,1
2020-02-03 15:08:50.331,11309,11310,11310,1
2020-02-03 15:08:51.687,11309,11310,11310,1
2020-02-03 15:08:51.882,11309,11311,11311,1
2020-02-03 15:08:52.972,11310,11311,11311,3
2020-02-03 15:08:55.286,11311,11312,11311,2
2020-02-03 15:08:56.271,11311,11312,11311,1
2020-02-03 15:08:59.601,11311,11312,11311,10
2020-02-03 15:09:01.375,11311,11312,11311,1
2020-02-03 15:09:02.367,11310,11311,11310,2
2020-02-03 15:09:04.683,11310,11311,11311,1
2020-02-03 15:09:05.592,11310,11311,11311,1
2020-02-03 15:09:06.311,11310,11311,11310,1
2020-02-03 15:09:08.067,11309,11310,11309,2
2020-02-03 15:09:09.988,11309,11310,11310,1
2020-02-03 15:09:10.663,11309,11310,11310,1
2020-02-03 15:09:11.249,11309,11311,11309,5
2020-02-03 15:09:11.945,11309,11311,11311,1
2020-02-03 15:09:12.526,11309,11310,11310,1
2020-02-03 15:09:19.994,11310,11311,11311,2
2020-02-03 15:09:22.247,11310,11311,11310,1
2020-02-03 15:09:22.507,11310,11311,11311,11
2020-02-03 15:09:22.913,11311,11312,11311,1
2020-02-03 15:09:25.604,11311,11312,11312,4
2020-02-03 15:09:32.337,11312,11313,11313,1
2020-02-03 15:09:34.556,11313,11314,11314,1
2020-02-03 15:09:35.399,11313,11314,11314,2
2020-02-03 15:09:38.333,11313,11314,11313,1
2020-02-03 15:09:38.795,11312,11313,11313,1
2020-02-03 15:09:42.340,11312,11313,11313,1
2020-02-03 15:09:53.619,11313,11314,11314,1
2020-02-03 15:09:57.096,11313,11314,11313,5
2020-02-03 15:09:57.346,11313,11314,11313,1
2020-02-03 15:10:02.029,11312,11313,11313,2
2020-02-03 15:10:02.632,11312,11313,11312,1
2020-02-03 15:10:02.683,11312,11313,11312,2
2020-02-03 15:10:03.391,11312,11313,11313,1
2020-02-03 15:10:07.371,11312,11313,11313,1
2020-02-03 15:10:08.082,11313,11314,11313,2
2020-02-03 15:10:10.550,11312,11313,11313,2
2020-02-03 15:10:13.096,11312,11313,11312,1
2020-02-03 15:10:15.346,11312,11313,11312,4
2020-02-03 15:10:15.471,11312,11313,11312,8
2020-02-03 15:10:15.877,11311,11312,11311,2
2020-02-03 15:10:16.865,11311,11312,11311,1
2020-02-03 15:10:17.981,11311,11312,11311,1
2020-02-03 15:10:19.152,11310,11311,11311,4
2020-02-03 15:10:25.401,11311,11312,11312,1
2020-02-03 15:10:34.551,11312,11313,11312,1
2020-02-03 15:10:44.471,11311,11312,11312,4
2020-02-03 15:10:45.563,11311,11312,11312,1
2020-02-03 15:10:57.730,11312,11313,11312,1
2020-02-03 15:11:02.121,11311,11312,11311,5
2020-02-03 15:11:06.280,11311,11312,11311,1
2020-02-03 15:11:15.214,11311,11312,11311,4
2020-02-03 15:11:17.101,11311,11312,11311,1
2020-02-03 15:11:17.104,11311,11312,11311,1
2020-02-03 15:11:19.765,11310,11312,11312,2
2020-02-03 15:11:22.187,11311,11312,11312,1
2020-02-03 15:11:29.120,11311,11312,11311,7
2020-02-03 15:11:29.121,11311,11312,11311,2
2020-02-03 15:11:29.121,11311,11312,11311,1
2020-02-03 15:11:34.101,11311,11312,11312,1
2020-02-03 15:11:34.530,11311,11312,11312,1
2020-02-03 15:11:35.393,11311,11312,11311,5
2020-02-03 15:11:41.371,11311,11312,11311,1
2020-02-03 15:11:51.825,11310,11311,11310,1
2020-02-03 15:11:52.236,11310,11311,11310,3
2020-02-03 15:11:54.158,11310,11311,11310,1
2020-02-03 15:11:56.353,11310,11311,11310,1
2020-02-03 15:11:57.846,11310,11311,11311,3
2020-02-03 15:12:02.948,11311,11312,11312,18
2020-02-03 15:12:03.658,11312,11313,11312,1
2020-02-03 15:12:13.905,11312,11313,11312,3
2020-02-03 15:12:14.096,11312,11313,11312,1
2020-02-03 15:12:18.382,11311,11312,11311,1
2020-02-03 15:12:20.170,11311,11312,11311,1
2020-02-03 15:12:25.220,11311,11312,11311,4
2020-02-03 15:12:25.234,11311,11312,11311,1
2020-02-03 15:12:30.168,11310,11311,11311,1
2020-02-03 15:12:34.248,11310,11311,11310,1
2020-02-03 15:12:34.882,11310,11311,11311,2
2020-02-03 15:12:34.911,11310,11311,11310,1
2020-02-03 15:12:42.014,11310,11311,11311,1
2020-02-03 15:12:46.484,11310,11311,11310,8
2020-02-03 15:12:52.668,11310,11311,11310,2
2020-02-03 15:12:52.846,11310,11311,11310,3
2020-02-03 15:12:54.843,11309,11310,11310,1
2020-02-03 15:12:54.873,11309,11310,11310,1
2020-02-03 15:12:55.813,11309,11310,11310,1
2020-02-03 15:12:59.471,11309,11310,11309,4
2020-02-03 15:12:59.596,11309,11310,11309,5
2020-02-03 15:13:02.547,11308,11309,11308,2
2020-02-03 15:13:02.548,11308,11309,11308,3
2020-02-03 15:13:02.548,11308,11309,11308,2
2020-02-03 15:13:02.548,11308,11309,11308,1
2020-02-03 15:13:02.548,11308,11309,11308,1
2020-02-03 15:13:05.900,11307,11308,11307,1
2020-02-03 15:13:05.995,11307,11308,11307,5
2020-02-03 15:13:08.592,11306,11307,11306,1
2020-02-03 15:13:10.646,11306,11307,11306,1
2020-02-03 15:13:11.084,11306,11307,11307,1
2020-02-03 15:13:12.545,11306,11307,11306,1
2020-02-03 15:13:12.626,11306,11307,11306,1
2020-02-03 15:13:13.108,11306,11307,11307,1
2020-02-03 15:13:16.552,11306,11307,11306,1
2020-02-03 15:13:16.741,11306,11307,11306,1
2020-02-03 15:13:17.131,11306,11307,11307,1
2020-02-03 15:13:17.557,11306,11307,11306,1
2020-02-03 15:13:17.675,11306,11307,11307,5
2020-02-03 15:13:19.439,11307,11309,11307,1
2020-02-03 15:13:20.588,11307,11309,11307,2
2020-02-03 15:13:21.408,11307,11308,11307,1
2020-02-03 15:13:22.354,11307,11308,11307,1
2020-02-03 15:13:23.077,11307,11308,11307,1
2020-02-03 15:13:25.889,11307,11308,11307,1
2020-02-03 15:13:26.444,11307,11308,11308,1
2020-02-03 15:13:26.444,11307,11308,11308,3
2020-02-03 15:13:26.688,11307,11309,11308,1
2020-02-03 15:13:27.053,11308,11309,11310,1
2020-02-03 15:13:27.212,11308,11310,11310,1
2020-02-03 15:13:28.466,11308,11310,11309,1
2020-02-03 15:13:33.669,11309,11310,11309,1
2020-02-03 15:13:39.202,11309,11310,11310,1
2020-02-03 15:13:40.947,11309,11310,11310,1
2020-02-03 15:13:42.047,11309,11310,11310,1
2020-02-03 15:13:42.112,11309,11310,11309,2
2020-02-03 15:13:43.504,11309,11310,11310,1
2020-02-03 15:13:43.570,11309,11310,11310,3
2020-02-03 15:13:43.623,11309,11311,11310,1
2020-02-03 15:13:44.428,11310,11311,11310,1
2020-02-03 15:13:48.851,11309,11311,11310,1
2020-02-03 15:13:49.553,11309,11310,11310,1
2020-02-03 15:14:03.976,11310,11311,11310,5
2020-02-03 15:14:06.156,11310,11311,11310,1
2020-02-03 15:14:10.137,11310,11311,11311,1
2020-02-03 15:14:11.281,11310,11311,11311,1
2020-02-03 15:14:12.768,11310,11311,11311,2
2020-02-03 15:14:13.243,11310,11311,11311,2
2020-02-03 15:14:17.698,11311,11312,11312,2
2020-02-03 15:14:20.100,11311,11312,11312,1
2020-02-03 15:14:20.998,11311,11312,11312,1
2020-02-03 15:14:21.280,11311,11312,11312,1
2020-02-03 15:14:24.526,11311,11312,11312,1
2020-02-03 15:14:29.092,11311,11312,11312,3
2020-02-03 15:14:30.612,11311,11312,11312,1
2020-02-03 15:14:33.362,11311,11312,11312,1
2020-02-03 15:14:33.513,11311,11312,11312,1
2020-02-03 15:14:35.572,11312,11313,11313,1
2020-02-03 15:14:36.025,11312,11313,11312,1
2020-02-03 15:14:36.071,11312,11313,11312,1
2020-02-03 15:14:38.866,11311,11312,11312,1
2020-02-03 15:14:49.263,11312,11313,11312,1
2020-02-03 15:14:51.860,11312,11313,11313,1
2020-02-03 15:14:52.037,11312,11313,11312,1
2020-02-03 15:15:00.608,11312,11313,11312,1
2020-02-03 15:15:01.229,11312,11313,11312,5
2020-02-03 15:15:01.229,11312,11313,11312,1
2020-02-03 15:15:01.229,11312,11313,11311,4
2020-02-03 15:15:02.095,11311,11313,11311,2
2020-02-03 15:15:02.105,11311,11313,11311,2
2020-02-03 15:15:02.116,11311,11313,11311,2
2020-02-03 15:15:09.165,11312,11313,11312,1
2020-02-03 15:15:09.695,11312,11313,11313,13
2020-02-03 15:15:09.700,11312,11313,11313,2
2020-02-03 15:15:09.847,11313,11314,11314,10
2020-02-03 15:15:10.012,11313,11315,11315,1
2020-02-03 15:15:11.326,11314,11315,11314,1
2020-02-03 15:15:17.571,11314,11315,11314,1
2020-02-03 15:15:20.429,11314,11315,11314,1
2020-02-03 15:15:21.050,11314,11315,11315,4
2020-02-03 15:15:25.226,11314,11315,11315,1
2020-02-03 15:15:27.032,11314,11315,11315,2
2020-02-03 15:15:30.060,11314,11315,11315,1
2020-02-03 15:15:31.726,11314,11315,11315,1
2020-02-03 15:15:33.137,11314,11315,11315,1
2020-02-03 15:15:33.708,11314,11315,11315,10
2020-02-03 15:15:33.900,11315,11316,11316,1
2020-02-03 15:15:34.144,11315,11316,11316,1
2020-02-03 15:15:34.355,11315,11316,11315,5
2020-02-03 15:15:34.420,11315,11316,11316,1
2020-02-03 15:15:34.594,11315,11316,11316,1
2020-02-03 15:15:35.791,11315,11316,11316,1
2020-02-03 15:15:36.210,11315,11316,11316,2
2020-02-03 15:15:36.210,11315,11316,11316,2
2020-02-03 15:15:36.221,11315,11316,11316,6
2020-02-03 15:15:36.722,11316,11317,11317,2
2020-02-03 15:15:37.124,11316,11317,11317,2
2020-02-03 15:15:37.346,11316,11317,11317,1
2020-02-03 15:15:37.930,11317,11318,11317,2
2020-02-03 15:15:44.281,11318,11319,11318,6
2020-02-03 15:15:45.646,11317,11318,11317,1
2020-02-03 15:15:45.747,11317,11318,11318,1
2020-02-03 15:15:47.102,11317,11318,11318,2
2020-02-03 15:15:55.147,11317,11318,11318,1
2020-02-03 15:15:59.166,11317,11318,11318,1
2020-02-03 15:15:59.734,11317,11318,11318,1
2020-02-03 15:16:01.585,11317,11318,11318,10
2020-02-03 15:16:02.482,11317,11318,11318,10
2020-02-03 15:16:06.088,11317,11318,11318,1
2020-02-03 15:16:06.103,11317,11318,11318,1
2020-02-03 15:16:06.111,11317,11318,11318,1
2020-02-03 15:16:06.111,11317,11318,11318,1
2020-02-03 15:16:06.112,11317,11318,11318,1
2020-02-03 15:16:06.112,11317,11318,11318,1
2020-02-03 15:16:06.112,11317,11318,11318,1
2020-02-03 15:16:06.113,11317,11318,11318,1
2020-02-03 15:16:06.113,11317,11318,11318,1
2020-02-03 15:16:06.113,11317,11318,11319,4
2020-02-03 15:16:06.114,11317,11318,11319,1
2020-02-03 15:16:06.118,11317,11318,11319,1
2020-02-03 15:16:06.119,11317,11318,11319,2
2020-02-03 15:16:06.119,11317,11318,11319,1
2020-02-03 15:16:06.121,11317,11318,11319,3
2020-02-03 15:16:10.340,11317,11319,11319,1
2020-02-03 15:16:13.770,11318,11319,11318,1
2020-02-03 15:16:16.859,11318,11319,11319,2
2020-02-03 15:16:16.941,11318,11319,11318,1
2020-02-03 15:16:16.971,11317,11318,11318,1
2020-02-03 15:16:17.879,11318,11319,11319,1
2020-02-03 15:16:19.023,11318,11319,11319,1
2020-02-03 15:16:20.757,11318,11319,11319,1
2020-02-03 15:16:20.846,11319,11320,11319,1
2020-02-03 15:16:22.300,11318,11319,11319,1
2020-02-03 15:16:22.404,11318,11319,11318,1
2020-02-03 15:16:27.958,11318,11319,11318,4
2020-02-03 15:16:27.971,11318,11319,11318,2
2020-02-03 15:16:29.830,11317,11318,11318,1
2020-02-03 15:16:37.015,11317,11318,11318,2
2020-02-03 15:16:37.397,11318,11319,11318,2
2020-02-03 15:16:39.143,11318,11319,11318,1
2020-02-03 15:16:42.688,11318,11319,11318,2
2020-02-03 15:16:47.096,11318,11319,11319,4
2020-02-03 15:16:47.138,11318,11319,11319,2
2020-02-03 15:16:47.177,11318,11319,11319,1
2020-02-03 15:16:47.177,11318,11319,11318,1
2020-02-03 15:17:02.766,11319,11320,11320,1
2020-02-03 15:17:02.846,11319,11320,11320,8
2020-02-03 15:17:02.846,11319,11320,11320,2
2020-02-03 15:17:02.846,11319,11320,11320,4
2020-02-03 15:17:03.096,11320,11321,11321,1
2020-02-03 15:17:03.097,11320,11321,11321,1
2020-02-03 15:17:03.100,11320,11321,11321,1
2020-02-03 15:17:03.228,11320,11322,11322,4
2020-02-03 15:17:05.920,11320,11322,11322,4
2020-02-03 15:17:08.882,11322,11323,11322,1
2020-02-03 15:17:11.280,11322,11323,11322,1
2020-02-03 15:17:11.339,11322,11323,11322,1
2020-02-03 15:17:11.346,11322,11323,11322,6
2020-02-03 15:17:11.591,11321,11323,11322,2
2020-02-03 15:17:13.364,11321,11322,11322,1
2020-02-03 15:17:14.254,11321,11322,11322,1
2020-02-03 15:17:14.655,11321,11322,11322,1
2020-02-03 15:17:15.599,11321,11322,11322,1
2020-02-03 15:17:18.081,11322,11323,11322,1
2020-02-03 15:17:19.128,11322,11323,11322,4
2020-02-03 15:17:20.509,11321,11322,11322,1
2020-02-03 15:17:26.163,11321,11322,11322,1
2020-02-03 15:17:29.885,11321,11322,11322,1
2020-02-03 15:17:30.468,11321,11322,11322,1
2020-02-03 15:17:31.033,11321,11322,11322,1
2020-02-03 15:17:34.987,11321,11322,11322,2
2020-02-03 15:17:35.183,11321,11322,11322,1
2020-02-03 15:17:35.351,11322,11323,11322,1
2020-02-03 15:17:35.424,11322,11323,11322,1
2020-02-03 15:17:37.146,11321,11322,11322,1
2020-02-03 15:17:38.703,11321,11322,11322,1
2020-02-03 15:17:40.476,11322,11323,11322,1
2020-02-03 15:17:40.981,11321,11323,11323,1
2020-02-03 15:17:41.376,11321,11323,11321,1
2020-02-03 15:17:43.038,11321,11322,11321,6
2020-02-03 15:17:43.038,11321,11322,11321,1
2020-02-03 15:17:43.052,11321,11322,11321,1
2020-02-03 15:17:45.111,11320,11321,11321,4
2020-02-03 15:17:46.985,11320,11321,11320,6
2020-02-03 15:17:50.952,11319,11320,11319,1
2020-02-03 15:17:50.977,11319,11320,11319,4
2020-02-03 15:17:51.101,11319,11320,11319,1
2020-02-03 15:17:52.289,11319,11320,11319,1
2020-02-03 15:17:58.613,11319,11320,11319,1
2020-02-03 15:17:59.552,11319,11320,11319,2
2020-02-03 15:18:02.470,11319,11320,11320,1
2020-02-03 15:18:10.492,11320,11321,11321,1
2020-02-03 15:18:15.846,11321,11322,11322,1
2020-02-03 15:18:15.852,11321,11322,11322,1
2020-02-03 15:18:20.966,11321,11322,11321,5
2020-02-03 15:18:22.923,11321,11322,11322,5
2020-02-03 15:18:24.712,11322,11323,11322,1
2020-02-03 15:18:26.114,11322,11323,11323,1
2020-02-03 15:18:27.336,11322,11323,11322,5
2020-02-03 15:18:28.965,11322,11323,11323,1
2020-02-03 15:18:29.186,11322,11323,11323,2
2020-02-03 15:18:29.186,11322,11323,11323,3
2020-02-03 15:18:36.027,11323,11324,11324,2
2020-02-03 15:18:36.103,11323,11324,11324,4
2020-02-03 15:18:36.190,11323,11324,11324,1
2020-02-03 15:18:36.563,11323,11324,11324,1
2020-02-03 15:18:38.597,11323,11324,11323,1
2020-02-03 15:18:44.004,11323,11324,11323,2
2020-02-03 15:18:44.006,11323,11324,11323,1
2020-02-03 15:18:44.006,11323,11324,11323,2
2020-02-03 15:18:44.006,11323,11324,11323,2
2020-02-03 15:18:44.006,11323,11324,11323,2
2020-02-03 15:18:44.006,11323,11324,11323,1
2020-02-03 15:18:44.006,11323,11324,11323,2
2020-02-03 15:18:44.246,11322,11323,11323,1
2020-02-03 15:18:50.346,11322,11323,11322,1
2020-02-03 15:18:53.558,11321,11323,11323,1
2020-02-03 15:18:54.656,11321,11323,11323,1
2020-02-03 15:18:57.550,11322,11323,11322,1
2020-02-03 15:18:57.991,11322,11323,11322,1
2020-02-03 15:19:04.018,11321,11322,11322,1
2020-02-03 15:19:05.854,11322,11323,11322,1
2020-02-03 15:19:08.181,11322,11323,11323,5
2020-02-03 15:19:14.043,11322,11323,11323,1
2020-02-03 15:19:18.929,11322,11324,11324,1
2020-02-03 15:19:18.976,11322,11324,11324,2
2020-02-03 15:19:21.906,11323,11324,11324,1
2020-02-03 15:19:23.524,11323,11324,11324,1
2020-02-03 15:19:24.114,11323,11324,11323,3
2020-02-03 15:19:29.036,11323,11324,11324,11
2020-02-03 15:19:29.054,11323,11324,11324,1
2020-02-03 15:19:29.096,11323,11324,11324,11
2020-02-03 15:19:29.267,11324,11325,11325,2
2020-02-03 15:19:29.273,11324,11325,11325,2
2020-02-03 15:19:29.274,11324,11325,11325,1
2020-02-03 15:19:29.596,11325,11326,11326,10
2020-02-03 15:19:29.638,11325,11326,11326,1
2020-02-03 15:19:29.638,11325,11326,11326,4
2020-02-03 15:19:29.684,11325,11326,11326,5
2020-02-03 15:19:29.863,11326,11327,11327,2
2020-02-03 15:19:30.008,11326,11327,11327,1
2020-02-03 15:19:30.108,11326,11327,11326,1
2020-02-03 15:19:30.241,11326,11327,11327,1
2020-02-03 15:19:31.120,11327,11328,11328,3
2020-02-03 15:19:31.261,11327,11328,11328,1
2020-02-03 15:19:31.324,11327,11328,11327,1
2020-02-03 15:19:31.431,11327,11329,11328,1
2020-02-03 15:19:33.532,11327,11328,11328,2
2020-02-03 15:19:36.471,11327,11328,11327,1
2020-02-03 15:19:36.596,11326,11327,11326,7
2020-02-03 15:19:36.714,11326,11327,11326,1
2020-02-03 15:19:36.846,11325,11326,11325,1
2020-02-03 15:19:36.971,11325,11326,11325,3
2020-02-03 15:19:41.522,11324,11325,11324,5
2020-02-03 15:19:41.608,11324,11325,11325,1
2020-02-03 15:19:44.471,11324,11325,11325,1
2020-02-03 15:19:50.217,11325,11326,11326,1
2020-02-03 15:19:50.217,11325,11326,11326,1
2020-02-03 15:19:50.218,11325,11326,11326,1
2020-02-03 15:19:52.710,11327,11328,11327,1
2020-02-03 15:19:54.508,11327,11328,11328,2
2020-02-03 15:19:57.703,11328,11329,11328,1
2020-02-03 15:19:58.249,11328,11329,11328,1
2020-02-03 15:19:59.364,11328,11329,11328,2
2020-02-03 15:20:00.934,11327,11328,11328,1
2020-02-03 15:20:01.978,11327,11328,11328,1
2020-02-03 15:20:02.012,11327,11328,11328,1
2020-02-03 15:20:02.141,11327,11328,11328,1
2020-02-03 15:20:02.603,11327,11328,11328,1
2020-02-03 15:20:04.143,11326,11328,11328,2
2020-02-03 15:20:07.977,11327,11328,11328,1
2020-02-03 15:20:10.520,11327,11328,11328,1
2020-02-03 15:20:14.214,11327,11328,11328,1
2020-02-03 15:20:17.806,11327,11328,11327,1
2020-02-03 15:20:19.105,11326,11327,11327,1
2020-02-03 15:20:19.418,11326,11327,11326,2
2020-02-03 15:20:20.621,11325,11326,11325,2
2020-02-03 15:20:20.828,11325,11326,11325,1
2020-02-03 15:20:21.154,11325,11326,11325,1
2020-02-03 15:20:25.359,11325,11326,11325,3
2020-02-03 15:20:26.523,11324,11325,11325,2
2020-02-03 15:20:29.424,11324,11325,11325,1
2020-02-03 15:20:30.157,11324,11325,11324,1
2020-02-03 15:20:30.277,11323,11324,11324,1
2020-02-03 15:20:30.288,11323,11324,11324,1
2020-02-03 15:20:30.606,11323,11324,11324,2
2020-02-03 15:20:31.161,11324,11325,11324,1
2020-02-03 15:20:32.196,11324,11325,11324,1
2020-02-03 15:20:32.658,11324,11325,11324,1
2020-02-03 15:20:34.861,11324,11325,11325,1
2020-02-03 15:20:41.170,11324,11325,11325,1
2020-02-03 15:20:49.867,11324,11325,11325,1
2020-02-03 15:20:54.716,11324,11325,11325,2
2020-02-03 15:20:56.054,11324,11325,11325,1
2020-02-03 15:20:56.054,11324,11325,11326,5
2020-02-03 15:21:02.476,11324,11325,11325,1
2020-02-03 15:21:02.477,11324,11325,11325,2
2020-02-03 15:21:11.787,11325,11326,11326,1
2020-02-03 15:21:19.346,11325,11326,11325,5
2020-02-03 15:21:23.110,11324,11325,11325,8
2020-02-03 15:21:30.373,11325,11326,11325,3
2020-02-03 15:21:30.924,11325,11326,11325,1
2020-02-03 15:21:34.085,11325,11326,11326,1
2020-02-03 15:21:40.471,11325,11326,11326,1
2020-02-03 15:21:40.482,11325,11326,11326,2
2020-02-03 15:21:40.482,11325,11326,11326,4
2020-02-03 15:21:40.596,11325,11326,11326,1
2020-02-03 15:21:42.608,11326,11327,11327,2
2020-02-03 15:21:43.367,11326,11327,11327,1
2020-02-03 15:21:44.215,11326,11328,11328,1
2020-02-03 15:21:44.228,11326,11328,11328,4
2020-02-03 15:21:53.372,11327,11328,11327,1
2020-02-03 15:21:53.428,11327,11328,11328,1
2020-02-03 15:21:58.371,11327,11328,11328,1
2020-02-03 15:22:02.568,11327,11328,11327,1
2020-02-03 15:22:03.367,11326,11327,11327,4
2020-02-03 15:22:04.126,11326,11327,11327,3
2020-02-03 15:22:05.473,11326,11328,11326,1
2020-02-03 15:22:05.779,11326,11328,11328,2
2020-02-03 15:22:07.443,11327,11328,11327,1
2020-02-03 15:22:07.784,11326,11328,11328,2
2020-02-03 15:22:08.172,11326,11328,11328,1
2020-02-03 15:22:13.397,11326,11327,11326,1
2020-02-03 15:22:13.397,11326,11327,11326,1
2020-02-03 15:22:18.715,11325,11326,11325,1
2020-02-03 15:22:19.771,11325,11326,11325,2
2020-02-03 15:22:19.829,11325,11326,11325,1
2020-02-03 15:22:20.210,11324,11325,11325,1
2020-02-03 15:22:21.660,11324,11325,11324,1
2020-02-03 15:22:21.728,11324,11325,11324,4
2020-02-03 15:22:25.703,11324,11325,11324,2
2020-02-03 15:22:26.862,11324,11325,11324,1
2020-02-03 15:22:28.166,11324,11325,11324,1
2020-02-03 15:22:28.973,11323,11324,11324,2
2020-02-03 15:22:30.992,11323,11324,11324,1
2020-02-03 15:22:31.118,11323,11324,11324,1
2020-02-03 15:22:33.289,11324,11325,11324,1
2020-02-03 15:22:34.370,11324,11325,11324,1
2020-02-03 15:22:34.687,11324,11325,11325,1
2020-02-03 15:22:35.919,11324,11325,11324,1
2020-02-03 15:22:39.008,11323,11324,11324,1
2020-02-03 15:23:00.828,11323,11324,11324,1
2020-02-03 15:23:00.828,11323,11324,11324,5
2020-02-03 15:23:10.248,11324,11325,11324,1
2020-02-03 15:23:14.382,11323,11324,11323,1
2020-02-03 15:23:19.469,11323,11324,11323,21
2020-02-03 15:23:19.471,11323,11324,11323,1
2020-02-03 15:23:20.546,11322,11323,11322,1
2020-02-03 15:23:20.590,11322,11323,11322,3
2020-02-03 15:23:20.596,11322,11323,11322,3
2020-02-03 15:23:35.560,11321,11322,11321,1
2020-02-03 15:23:39.393,11321,11322,11321,1
2020-02-03 15:23:39.653,11321,11322,11321,1
2020-02-03 15:23:39.723,11320,11322,11320,1
2020-02-03 15:23:41.508,11320,11321,11321,1
2020-02-03 15:23:44.112,11320,11321,11320,1
2020-02-03 15:23:46.396,11320,11321,11320,2
2020-02-03 15:23:49.368,11320,11321,11321,1
2020-02-03 15:23:57.287,11320,11321,11321,5
2020-02-03 15:24:00.421,11320,11321,11321,1
2020-02-03 15:24:01.389,11321,11322,11321,1
2020-02-03 15:24:05.564,11321,11322,11321,1
2020-02-03 15:24:08.620,11320,11322,11320,3
2020-02-03 15:24:13.485,11320,11321,11320,1
2020-02-03 15:24:14.079,11320,11321,11321,1
2020-02-03 15:24:16.613,11320,11321,11321,1
2020-02-03 15:24:20.751,11321,11322,11321,1
2020-02-03 15:24:30.221,11321,11322,11322,2
2020-02-03 15:24:30.368,11321,11322,11322,1
2020-02-03 15:24:37.003,11322,11323,11322,1
2020-02-03 15:24:44.909,11323,11324,11324,1
2020-02-03 15:24:45.068,11323,11324,11324,1
2020-02-03 15:24:46.048,11324,11325,11325,4
2020-02-03 15:24:46.291,11324,11325,11325,1
2020-02-03 15:24:48.148,11324,11325,11325,1
2020-02-03 15:24:52.846,11324,11325,11324,2
2020-02-03 15:24:57.853,11322,11324,11324,5
2020-02-03 15:24:58.065,11322,11324,11324,1
2020-02-03 15:25:15.513,11324,11325,11325,1
2020-02-03 15:25:17.055,11324,11325,11325,1
2020-02-03 15:25:17.832,11325,11326,11325,1
2020-02-03 15:25:32.971,11324,11326,11326,1
2020-02-03 15:25:50.450,11324,11325,11325,3
2020-02-03 15:26:04.391,11325,11326,11325,1
2020-02-03 15:26:23.632,11325,11326,11326,1
2020-02-03 15:26:33.096,11325,11326,11326,7
2020-02-03 15:26:36.323,11326,11327,11326,13
2020-02-03 15:26:36.324,11326,11327,11326,2
2020-02-03 15:26:36.324,11326,11327,11326,1
2020-02-03 15:26:42.600,11325,11327,11326,1
2020-02-03 15:26:43.025,11325,11327,11327,1
2020-02-03 15:26:49.903,11325,11326,11326,1
2020-02-03 15:26:51.371,11325,11326,11326,1
2020-02-03 15:26:53.075,11325,11326,11326,1
2020-02-03 15:26:54.833,11326,11327,11326,1
2020-02-03 15:26:58.572,11326,11327,11327,1
2020-02-03 15:27:08.816,11326,11327,11327,5
2020-02-03 15:27:08.816,11326,11327,11327,3
2020-02-03 15:27:09.803,11327,11328,11327,1
2020-02-03 15:27:10.051,11327,11328,11327,2
2020-02-03 15:27:10.288,11327,11328,11328,2
2020-02-03 15:27:10.352,11327,11328,11328,4
2020-02-03 15:27:12.267,11327,11328,11328,2
2020-02-03 15:27:13.147,11328,11329,11329,2
2020-02-03 15:27:13.150,11328,11329,11329,5
2020-02-03 15:27:13.150,11328,11329,11329,2
2020-02-03 15:27:13.190,11328,11329,11329,2
2020-02-03 15:27:13.221,11328,11329,11329,1
2020-02-03 15:27:13.221,11328,11329,11329,5
2020-02-03 15:27:13.270,11328,11329,11330,1
2020-02-03 15:27:13.388,11329,11330,11330,3
2020-02-03 15:27:13.465,11329,11330,11330,2
2020-02-03 15:27:13.513,11329,11330,11330,1
2020-02-03 15:27:13.906,11329,11330,11330,1
2020-02-03 15:27:16.676,11329,11330,11330,1
2020-02-03 15:27:17.210,11329,11330,11330,1
2020-02-03 15:27:18.237,11329,11330,11330,1
2020-02-03 15:27:19.591,11329,11330,11330,1
2020-02-03 15:27:19.645,11329,11330,11329,1
2020-02-03 15:27:22.350,11329,11330,11330,1
2020-02-03 15:27:26.012,11329,11330,11330,3
2020-02-03 15:27:26.557,11329,11330,11330,1
2020-02-03 15:27:29.419,11329,11330,11330,5
2020-02-03 15:27:36.905,11329,11330,11330,10
2020-02-03 15:27:37.416,11329,11331,11331,1
2020-02-03 15:27:37.495,11329,11331,11331,1
2020-02-03 15:27:37.496,11329,11331,11331,1
2020-02-03 15:27:37.498,11329,11331,11331,1
2020-02-03 15:27:37.562,11329,11331,11331,4
2020-02-03 15:27:37.595,11329,11331,11331,1
2020-02-03 15:27:37.698,11329,11331,11330,1
2020-02-03 15:27:39.059,11330,11331,11330,1
2020-02-03 15:27:39.787,11330,11331,11330,1
2020-02-03 15:27:42.495,11330,11331,11331,1
2020-02-03 15:27:44.646,11330,11331,11331,1
2020-02-03 15:27:46.395,11330,11331,11331,1
2020-02-03 15:27:47.094,11330,11331,11330,1
2020-02-03 15:27:49.851,11330,11331,11330,1
2020-02-03 15:27:49.989,11330,11331,11331,5
2020-02-03 15:27:53.331,11330,11331,11330,1
2020-02-03 15:27:55.355,11330,11331,11331,1
2020-02-03 15:27:59.124,11330,11331,11331,5
2020-02-03 15:27:59.209,11330,11331,11330,7
2020-02-03 15:27:59.780,11329,11330,11329,1
2020-02-03 15:27:59.803,11329,11330,11329,3
2020-02-03 15:28:00.337,11328,11329,11329,4
2020-02-03 15:28:04.337,11329,11330,11329,1
2020-02-03 15:28:07.204,11329,11330,11330,3
2020-02-03 15:28:07.204,11329,11330,11330,1
2020-02-03 15:28:07.332,11330,11331,11331,4
2020-02-03 15:28:07.346,11330,11331,11331,5
2020-02-03 15:28:09.691,11331,11332,11331,2
2020-02-03 15:28:10.024,11331,11332,11332,5
2020-02-03 15:28:10.269,11331,11332,11332,1
2020-02-03 15:28:12.846,11331,11332,11331,2
2020-02-03 15:28:13.221,11330,11331,11331,1
2020-02-03 15:28:14.808,11330,11331,11331,1
2020-02-03 15:28:14.828,11330,11331,11331,1
2020-02-03 15:28:27.275,11331,11332,11331,6
2020-02-03 15:28:28.335,11330,11331,11330,1
2020-02-03 15:28:29.968,11330,11331,11331,1
2020-02-03 15:28:30.931,11330,11331,11330,1
2020-02-03 15:28:31.389,11330,11331,11331,1
2020-02-03 15:28:32.128,11330,11331,11330,1
2020-02-03 15:28:32.513,11329,11331,11330,1
2020-02-03 15:28:35.446,11329,11330,11330,1
2020-02-03 15:28:46.112,11329,11330,11330,1
2020-02-03 15:28:47.524,11329,11330,11330,3
2020-02-03 15:28:47.658,11329,11330,11330,1
2020-02-03 15:28:48.974,11329,11330,11330,2
2020-02-03 15:28:49.419,11329,11330,11330,2
2020-02-03 15:28:50.233,11329,11330,11330,2
2020-02-03 15:28:56.971,11329,11330,11329,1
2020-02-03 15:28:57.415,11328,11330,11330,7
2020-02-03 15:29:01.112,11329,11330,11329,2
2020-02-03 15:29:16.439,11328,11329,11329,2
2020-02-03 15:29:28.607,11328,11329,11328,1
2020-02-03 15:29:29.883,11328,11329,11328,1
2020-02-03 15:29:32.768,11328,11329,11328,4
2020-02-03 15:29:33.870,11328,11329,11328,1
2020-02-03 15:29:40.715,11328,11329,11329,1
2020-02-03 15:29:43.323,11328,11329,11329,1
2020-02-03 15:29:43.730,11328,11329,11328,2
2020-02-03 15:30:02.494,11328,11329,11328,1
2020-02-03 15:30:03.247,11328,11329,11329,1
2020-02-03 15:30:03.298,11328,11329,11329,1
2020-02-03 15:30:03.302,11328,11329,11329,1
2020-02-03 15:30:03.421,11328,11329,11329,4
2020-02-03 15:30:03.508,11328,11329,11329,1
2020-02-03 15:30:04.757,11328,11330,11330,1
2020-02-03 15:30:05.013,11329,11330,11330,1
2020-02-03 15:30:06.221,11329,11330,11330,8
2020-02-03 15:30:06.222,11329,11330,11330,4
2020-02-03 15:30:06.225,11329,11330,11330,2
2020-02-03 15:30:06.225,11329,11330,11330,2
2020-02-03 15:30:06.234,11329,11330,11330,2
2020-02-03 15:30:06.687,11330,11331,11331,1
2020-02-03 15:30:06.720,11330,11331,11331,1
2020-02-03 15:30:06.721,11330,11331,11331,4
2020-02-03 15:30:06.764,11330,11331,11332,1
2020-02-03 15:30:07.185,11331,11332,11332,1
2020-02-03 15:30:10.038,11331,11332,11332,4
2020-02-03 15:30:10.038,11331,11332,11332,2
2020-02-03 15:30:10.038,11331,11332,11333,5
2020-02-03 15:30:10.250,11332,11333,11333,1
2020-02-03 15:30:10.590,11332,11333,11332,1
2020-02-03 15:30:15.756,11332,11333,11333,1
2020-02-03 15:30:17.922,11331,11333,11333,1
2020-02-03 15:30:23.513,11332,11333,11333,1
2020-02-03 15:30:24.182,11332,11333,11333,2
2020-02-03 15:30:25.482,11332,11333,11332,1
2020-02-03 15:30:26.293,11331,11332,11332,5
2020-02-03 15:30:26.414,11331,11332,11332,1
2020-02-03 15:30:33.135,11331,11332,11331,1
2020-02-03 15:30:35.903,11331,11332,11331,2
2020-02-03 15:30:36.472,11331,11332,11332,1
2020-02-03 15:30:41.412,11331,11332,11332,2
2020-02-03 15:30:44.846,11332,11333,11333,4
2020-02-03 15:30:44.846,11332,11333,11333,3
2020-02-03 15:30:44.846,11332,11333,11333,1
2020-02-03 15:30:45.952,11333,11334,11334,1
2020-02-03 15:30:46.494,11333,11334,11334,2
2020-02-03 15:30:46.565,11333,11334,11335,1
2020-02-03 15:30:46.632,11333,11334,11334,1
2020-02-03 15:30:50.669,11334,11335,11335,7
2020-02-03 15:30:50.669,11334,11335,11335,2
2020-02-03 15:30:50.669,11334,11335,11335,2
2020-02-03 15:30:50.669,11334,11335,11335,1
2020-02-03 15:30:50.740,11335,11336,11336,3
2020-02-03 15:30:50.740,11335,11336,11336,3
2020-02-03 15:30:50.747,11335,11336,11336,8
2020-02-03 15:30:50.747,11335,11336,11336,1
2020-02-03 15:30:50.957,11336,11337,11337,2
2020-02-03 15:30:50.967,11336,11337,11337,1
2020-02-03 15:30:50.968,11336,11337,11337,4
2020-02-03 15:30:50.980,11336,11338,11338,11
2020-02-03 15:30:50.995,11336,11338,11338,1
2020-02-03 15:30:51.053,11336,11338,11337,1
2020-02-03 15:30:51.054,11336,11338,11337,1
2020-02-03 15:30:51.054,11336,11338,11337,1
2020-02-03 15:30:51.055,11336,11338,11337,1
2020-02-03 15:30:51.080,11336,11338,11337,1
2020-02-03 15:30:51.210,11337,11338,11337,1
2020-02-03 15:30:51.383,11337,11338,11338,1
2020-02-03 15:30:51.504,11337,11338,11338,1
2020-02-03 15:30:51.628,11337,11338,11338,1
2020-02-03 15:30:51.852,11337,11339,11337,1
2020-02-03 15:30:53.063,11337,11339,11339,1
2020-02-03 15:30:53.102,11337,11339,11339,1
2020-02-03 15:30:53.321,11337,11339,11339,1
2020-02-03 15:30:53.597,11338,11339,11338,1
2020-02-03 15:30:54.288,11337,11339,11339,2
2020-02-03 15:30:54.650,11337,11339,11337,1
2020-02-03 15:30:54.968,11337,11339,11339,3
2020-02-03 15:30:56.471,11337,11338,11338,1
2020-02-03 15:30:57.063,11337,11339,11339,1
2020-02-03 15:30:57.522,11337,11339,11339,1
2020-02-03 15:30:58.531,11337,11339,11338,1
2020-02-03 15:31:00.741,11337,11338,11338,1
2020-02-03 15:31:01.647,11337,11338,11338,2
2020-02-03 15:31:01.722,11338,11339,11338,3
2020-02-03 15:31:02.498,11337,11339,11338,1
2020-02-03 15:31:02.919,11338,11339,11338,2
2020-02-03 15:31:02.919,11338,11339,11338,2
2020-02-03 15:31:02.921,11338,11339,11338,7
2020-02-03 15:31:02.928,11338,11339,11338,2
2020-02-03 15:31:02.929,11338,11339,11338,6
2020-02-03 15:31:03.096,11337,11338,11337,1
2020-02-03 15:31:03.096,11337,11338,11337,4
2020-02-03 15:31:03.101,11337,11338,11337,1
2020-02-03 15:31:03.101,11337,11338,11337,4
2020-02-03 15:31:03.138,11337,11338,11337,2
2020-02-03 15:31:03.185,11337,11338,11337,2
2020-02-03 15:31:03.185,11337,11338,11338,2
2020-02-03 15:31:05.670,11336,11337,11337,1
2020-02-03 15:31:05.670,11336,11337,11338,4
2020-02-03 15:31:07.387,11336,11337,11337,2
2020-02-03 15:31:07.387,11336,11337,11337,2
2020-02-03 15:31:07.388,11336,11337,11337,1
2020-02-03 15:31:07.472,11337,11338,11337,1
2020-02-03 15:31:08.023,11337,11338,11337,1
2020-02-03 15:31:08.864,11337,11338,11337,1
2020-02-03 15:31:09.488,11337,11338,11338,2
2020-02-03 15:31:09.705,11337,11339,11337,1
2020-02-03 15:31:12.474,11337,11338,11337,5
2020-02-03 15:31:12.698,11336,11338,11338,1
2020-02-03 15:31:12.899,11336,11338,11338,1
2020-02-03 15:31:13.090,11336,11338,11338,1
2020-02-03 15:31:13.415,11336,11338,11338,1
2020-02-03 15:31:15.783,11336,11337,11337,2
2020-02-03 15:31:16.506,11336,11338,11338,1
2020-02-03 15:31:16.573,11336,11338,11338,1
2020-02-03 15:31:19.517,11336,11337,11337,1
2020-02-03 15:31:19.856,11336,11337,11337,1
2020-02-03 15:31:20.092,11336,11337,11337,3
2020-02-03 15:31:20.317,11336,11337,11337,2
2020-02-03 15:31:20.597,11337,11338,11337,1
2020-02-03 15:31:21.081,11336,11337,11337,1
2020-02-03 15:31:21.192,11336,11337,11337,1
2020-02-03 15:31:21.261,11336,11337,11336,1
2020-02-03 15:31:21.422,11336,11337,11337,1
2020-02-03 15:31:22.551,11336,11338,11338,1
2020-02-03 15:31:23.200,11336,11337,11337,1
2020-02-03 15:31:23.200,11336,11337,11338,1
2020-02-03 15:31:24.309,11336,11338,11337,1
2020-02-03 15:31:24.627,11336,11337,11337,1
2020-02-03 15:31:25.598,11337,11338,11337,2
2020-02-03 15:31:26.367,11336,11338,11338,1
2020-02-03 15:31:26.953,11336,11337,11337,1
2020-02-03 15:31:29.125,11336,11337,11337,1
2020-02-03 15:31:29.533,11336,11337,11337,1
2020-02-03 15:31:30.471,11336,11337,11336,2
2020-02-03 15:31:30.471,11336,11337,11336,1
2020-02-03 15:31:30.471,11336,11337,11336,13
2020-02-03 15:31:30.487,11336,11337,11336,1
2020-02-03 15:31:30.686,11335,11336,11336,5
2020-02-03 15:31:32.192,11335,11337,11337,1
2020-02-03 15:31:32.472,11336,11337,11336,1
2020-02-03 15:31:33.351,11335,11337,11337,1
2020-02-03 15:31:33.761,11335,11337,11337,1
2020-02-03 15:31:33.944,11335,11337,11337,3
2020-02-03 15:31:34.115,11336,11337,11337,1
2020-02-03 15:31:34.435,11336,11337,11337,1
2020-02-03 15:31:34.689,11336,11337,11337,1
2020-02-03 15:31:34.958,11336,11337,11337,1
2020-02-03 15:31:35.909,11336,11337,11337,1
2020-02-03 15:31:37.833,11336,11338,11337,1
2020-02-03 15:31:37.971,11337,11338,11337,1
2020-02-03 15:31:44.845,11337,11338,11337,1
2020-02-03 15:31:46.543,11337,11338,11337,4
2020-02-03 15:31:47.849,11336,11337,11337,1
2020-02-03 15:31:48.229,11336,11337,11337,1
2020-02-03 15:31:51.546,11337,11338,11337,2
2020-02-03 15:31:54.705,11337,11338,11337,1
2020-02-03 15:31:55.037,11337,11338,11337,1
2020-02-03 15:31:59.646,11337,11338,11337,8
2020-02-03 15:32:02.267,11336,11337,11337,2
2020-02-03 15:32:03.826,11336,11337,11336,1
2020-02-03 15:32:04.232,11336,11337,11336,1
2020-02-03 15:32:06.523,11336,11337,11337,2
2020-02-03 15:32:06.597,11337,11338,11337,2
2020-02-03 15:32:09.613,11336,11337,11336,1
2020-02-03 15:32:13.457,11336,11338,11336,1
2020-02-03 15:32:14.472,11337,11338,11337,3
2020-02-03 15:32:16.542,11336,11337,11337,1
2020-02-03 15:32:21.187,11336,11338,11336,2
2020-02-03 15:32:22.222,11337,11338,11337,2
2020-02-03 15:32:22.860,11337,11338,11338,3
2020-02-03 15:32:26.900,11337,11338,11337,2
2020-02-03 15:32:27.223,11337,11338,11337,1
2020-02-03 15:32:28.403,11337,11338,11337,1
2020-02-03 15:32:31.039,11336,11337,11337,1
2020-02-03 15:32:32.221,11337,11338,11337,1
2020-02-03 15:32:33.051,11336,11337,11336,1
2020-02-03 15:32:41.597,11336,11337,11336,4
2020-02-03 15:32:43.020,11336,11337,11337,1
2020-02-03 15:32:43.109,11336,11337,11336,4
2020-02-03 15:32:44.311,11335,11336,11335,1
2020-02-03 15:32:44.411,11335,11336,11335,20
2020-02-03 15:32:45.261,11334,11335,11334,1
2020-02-03 15:32:45.291,11334,11335,11335,6
2020-02-03 15:32:47.314,11333,11334,11334,1
2020-02-03 15:32:48.931,11333,11334,11334,1
2020-02-03 15:32:50.843,11333,11334,11334,1
2020-02-03 15:32:52.038,11333,11334,11334,1
2020-02-03 15:32:52.949,11333,11334,11333,1
2020-02-03 15:32:52.971,11332,11333,11333,3
2020-02-03 15:32:53.425,11332,11334,11332,1
2020-02-03 15:32:55.276,11333,11334,11333,1
2020-02-03 15:33:01.248,11333,11335,11333,1
2020-02-03 15:33:02.886,11333,11335,11333,1
2020-02-03 15:33:16.090,11333,11334,11333,1
2020-02-03 15:33:20.469,11333,11334,11333,1
2020-02-03 15:33:21.550,11333,11334,11334,1
2020-02-03 15:33:25.624,11333,11334,11334,1
2020-02-03 15:33:29.634,11333,11334,11334,7
2020-02-03 15:33:29.721,11334,11335,11334,5
2020-02-03 15:33:33.221,11333,11334,11334,1
2020-02-03 15:33:39.982,11334,11335,11335,2
2020-02-03 15:33:40.463,11334,11335,11334,1
2020-02-03 15:33:40.931,11334,11335,11335,1
2020-02-03 15:33:44.056,11335,11336,11336,6
2020-02-03 15:33:44.056,11335,11336,11336,1
2020-02-03 15:33:44.096,11335,11336,11336,1
2020-02-03 15:33:50.017,11336,11337,11336,1
2020-02-03 15:33:54.076,11336,11337,11336,2
2020-02-03 15:33:54.076,11336,11337,11336,1
2020-02-03 15:33:54.520,11335,11337,11335,1
2020-02-03 15:33:56.919,11335,11336,11336,1
2020-02-03 15:33:57.085,11335,11337,11335,1
2020-02-03 15:34:06.145,11336,11337,11337,3
2020-02-03 15:34:07.186,11337,11338,11337,1
2020-02-03 15:34:08.002,11336,11337,11337,1
2020-02-03 15:34:34.605,11336,11337,11337,2
2020-02-03 15:34:35.072,11336,11337,11336,1
2020-02-03 15:34:38.688,11336,11337,11337,5
2020-02-03 15:34:38.688,11336,11337,11337,3
2020-02-03 15:34:41.614,11336,11337,11337,1
2020-02-03 15:34:42.465,11336,11338,11336,10
2020-02-03 15:34:43.489,11336,11337,11337,1
2020-02-03 15:34:44.942,11336,11337,11337,1
2020-02-03 15:34:46.596,11336,11337,11337,1
2020-02-03 15:34:46.768,11337,11338,11337,2
2020-02-03 15:35:02.229,11336,11337,11336,4
2020-02-03 15:35:10.345,11336,11337,11336,6
2020-02-03 15:35:15.109,11335,11336,11336,1
2020-02-03 15:35:23.221,11335,11336,11336,2
2020-02-03 15:35:24.790,11335,11336,11336,1
2020-02-03 15:35:27.379,11335,11336,11335,1
2020-02-03 15:35:29.318,11335,11336,11336,1
2020-02-03 15:35:29.595,11335,11336,11335,1
2020-02-03 15:35:33.484,11335,11336,11336,1
2020-02-03 15:35:34.097,11335,11336,11335,1
2020-02-03 15:35:34.592,11335,11336,11336,4
2020-02-03 15:35:34.592,11335,11336,11336,1
2020-02-03 15:35:34.631,11335,11337,11336,1
2020-02-03 15:35:34.736,11336,11337,11337,2
2020-02-03 15:35:34.846,11336,11337,11337,5
2020-02-03 15:35:34.846,11336,11337,11337,2
2020-02-03 15:35:34.847,11336,11337,11337,1
2020-02-03 15:35:34.847,11336,11337,11337,1
2020-02-03 15:35:34.852,11336,11337,11337,1
2020-02-03 15:35:44.083,11336,11337,11337,1
2020-02-03 15:35:45.153,11337,11338,11337,1
2020-02-03 15:35:46.241,11337,11338,11338,1
2020-02-03 15:35:49.019,11337,11338,11337,1
2020-02-03 15:35:52.988,11337,11338,11338,2
2020-02-03 15:35:52.988,11337,11338,11338,16
2020-02-03 15:35:53.096,11337,11338,11338,19
2020-02-03 15:35:53.096,11337,11338,11338,4
2020-02-03 15:35:53.096,11337,11338,11338,1
2020-02-03 15:35:54.055,11338,11339,11339,1
2020-02-03 15:35:54.133,11338,11339,11339,1
2020-02-03 15:35:54.346,11338,11339,11339,3
2020-02-03 15:35:54.424,11338,11339,11339,1
2020-02-03 15:35:54.425,11338,11339,11339,2
2020-02-03 15:35:54.425,11338,11339,11339,3
2020-02-03 15:35:54.425,11338,11339,11339,1
2020-02-03 15:35:54.425,11338,11339,11339,1
2020-02-03 15:35:54.570,11339,11340,11339,1
2020-02-03 15:35:54.704,11339,11340,11340,1
2020-02-03 15:35:54.801,11339,11340,11340,1
2020-02-03 15:35:54.839,11339,11340,11340,1
2020-02-03 15:35:55.311,11339,11340,11340,2
2020-02-03 15:35:58.992,11338,11339,11339,1
2020-02-03 15:36:01.737,11338,11339,11339,1
2020-02-03 15:36:03.189,11338,11339,11338,1
2020-02-03 15:36:05.496,11337,11338,11338,4
2020-02-03 15:36:05.543,11337,11338,11338,1
2020-02-03 15:36:08.935,11337,11338,11338,1
2020-02-03 15:36:21.022,11338,11339,11338,3
2020-02-03 15:36:21.022,11338,11339,11338,1
2020-02-03 15:36:21.022,11338,11339,11338,1
2020-02-03 15:36:21.022,11338,11339,11338,3
2020-02-03 15:36:21.023,11338,11339,11338,3
2020-02-03 15:36:27.055,11337,11338,11338,1
2020-02-03 15:36:27.533,11337,11338,11338,1
2020-02-03 15:36:32.596,11337,11338,11337,12
2020-02-03 15:36:33.251,11336,11337,11337,2
2020-02-03 15:36:38.229,11336,11337,11337,1
2020-02-03 15:36:38.699,11336,11337,11336,3
2020-02-03 15:36:44.435,11336,11337,11336,3
2020-02-03 15:36:44.444,11336,11337,11336,1
2020-02-03 15:36:57.830,11335,11336,11336,1
2020-02-03 15:36:59.499,11335,11336,11336,1
2020-02-03 15:36:59.752,11335,11336,11335,13
2020-02-03 15:37:01.975,11334,11335,11334,4
2020-02-03 15:37:02.167,11334,11335,11334,1
2020-02-03 15:37:02.469,11333,11335,11334,1
2020-02-03 15:37:02.471,11333,11334,11334,1
2020-02-03 15:37:04.453,11333,11334,11333,1
2020-02-03 15:37:04.561,11333,11334,11333,1
2020-02-03 15:37:07.971,11333,11334,11334,2
2020-02-03 15:37:09.580,11334,11335,11334,6
2020-02-03 15:37:14.318,11334,11335,11334,1
2020-02-03 15:37:14.955,11334,11335,11335,6
2020-02-03 15:37:15.443,11335,11336,11335,2
2020-02-03 15:37:19.550,11335,11336,11336,1
2020-02-03 15:37:21.668,11335,11336,11336,1
2020-02-03 15:37:22.510,11336,11337,11336,1
2020-02-03 15:37:22.752,11335,11336,11336,1
2020-02-03 15:37:22.855,11335,11336,11336,2
2020-02-03 15:37:23.710,11335,11336,11336,1
2020-02-03 15:37:24.538,11335,11336,11336,1
2020-02-03 15:37:28.087,11335,11337,11335,1
2020-02-03 15:37:36.513,11335,11336,11335,1
2020-02-03 15:37:39.971,11335,11336,11336,2
2020-02-03 15:37:40.485,11335,11336,11335,3
2020-02-03 15:37:42.366,11335,11336,11335,1
2020-02-03 15:38:08.926,11335,11336,11335,1
2020-02-03 15:38:10.873,11335,11336,11335,2
2020-02-03 15:38:10.874,11335,11336,11335,2
2020-02-03 15:38:10.874,11335,11336,11335,3
2020-02-03 15:38:10.875,11335,11336,11335,2
2020-02-03 15:38:13.013,11334,11335,11335,1
2020-02-03 15:38:13.838,11334,11335,11335,1
2020-02-03 15:38:16.732,11334,11335,11335,1
2020-02-03 15:38:17.760,11334,11335,11335,10
2020-02-03 15:38:17.800,11334,11335,11335,1
2020-02-03 15:38:20.596,11335,11336,11335,4
2020-02-03 15:38:31.291,11334,11335,11335,4
2020-02-03 15:38:32.596,11335,11336,11335,2
2020-02-03 15:38:48.009,11334,11335,11334,3
2020-02-03 15:38:52.611,11334,11335,11334,3
2020-02-03 15:38:58.429,11334,11335,11334,1
2020-02-03 15:38:59.666,11334,11335,11335,1
2020-02-03 15:39:02.264,11334,11335,11334,1
2020-02-03 15:39:02.798,11334,11335,11334,1
2020-02-03 15:39:06.662,11334,11335,11335,2
2020-02-03 15:39:06.665,11334,11335,11335,1
2020-02-03 15:39:15.492,11335,11336,11335,1
2020-02-03 15:39:27.346,11334,11335,11334,6
2020-02-03 15:39:27.577,11333,11335,11334,2
2020-02-03 15:39:27.621,11333,11334,11334,1
2020-02-03 15:39:39.039,11334,11335,11335,1
2020-02-03 15:39:42.662,11334,11335,11334,1
2020-02-03 15:39:49.160,11334,11335,11334,1
2020-02-03 15:40:00.874,11334,11335,11334,1
2020-02-03 15:40:12.639,11334,11335,11335,9
2020-02-03 15:40:12.686,11334,11335,11335,1
2020-02-03 15:40:14.504,11335,11336,11335,5
2020-02-03 15:40:20.493,11335,11336,11335,1
2020-02-03 15:40:35.991,11334,11335,11335,3
2020-02-03 15:40:41.368,11335,11336,11335,2
2020-02-03 15:40:41.368,11335,11336,11335,1
2020-02-03 15:41:02.784,11334,11335,11335,2
2020-02-03 15:41:06.371,11335,11336,11335,2
2020-02-03 15:41:19.182,11335,11336,11336,4
2020-02-03 15:41:19.221,11335,11336,11336,6
2020-02-03 15:41:21.210,11336,11337,11337,2
2020-02-03 15:41:27.264,11336,11337,11337,2
2020-02-03 15:41:27.264,11336,11337,11337,2
2020-02-03 15:41:32.567,11337,11338,11338,2
2020-02-03 15:41:37.857,11337,11338,11338,2
2020-02-03 15:41:41.675,11337,11338,11338,1
2020-02-03 15:41:43.537,11337,11338,11338,1
2020-02-03 15:41:43.770,11337,11338,11338,1
2020-02-03 15:41:45.211,11337,11338,11338,1
2020-02-03 15:41:48.525,11337,11338,11338,1
2020-02-03 15:41:50.643,11337,11338,11338,1
2020-02-03 15:41:50.674,11337,11338,11338,1
2020-02-03 15:42:02.655,11337,11338,11338,1
2020-02-03 15:42:03.101,11337,11338,11338,1
2020-02-03 15:42:03.619,11337,11339,11339,2
2020-02-03 15:42:03.801,11337,11339,11339,2
2020-02-03 15:42:03.925,11337,11339,11339,2
2020-02-03 15:42:03.990,11338,11339,11339,2
2020-02-03 15:42:04.045,11338,11339,11339,2
2020-02-03 15:42:04.098,11338,11339,11339,2
2020-02-03 15:42:05.895,11338,11339,11339,1
2020-02-03 15:42:09.650,11338,11339,11339,1
2020-02-03 15:42:09.721,11338,11339,11339,6
2020-02-03 15:42:09.846,11338,11339,11339,1
2020-02-03 15:42:09.846,11338,11339,11339,1
2020-02-03 15:42:10.401,11339,11340,11339,1
2020-02-03 15:42:18.826,11338,11340,11340,30
2020-02-03 15:42:18.949,11338,11340,11339,1
2020-02-03 15:42:19.313,11339,11340,11340,1
2020-02-03 15:42:19.332,11339,11340,11340,1
2020-02-03 15:42:19.352,11339,11340,11340,1
2020-02-03 15:42:19.353,11339,11340,11340,1
2020-02-03 15:42:19.385,11339,11340,11340,1
2020-02-03 15:42:19.471,11339,11340,11340,2
2020-02-03 15:42:19.472,11339,11340,11341,1
2020-02-03 15:42:19.609,11340,11341,11341,4
2020-02-03 15:42:21.383,11341,11342,11342,1
2020-02-03 15:42:21.410,11341,11342,11341,1
2020-02-03 15:42:21.525,11340,11342,11342,4
2020-02-03 15:42:22.773,11340,11342,11340,1
2020-02-03 15:42:23.792,11340,11341,11341,1
2020-02-03 15:42:23.969,11340,11341,11341,1
2020-02-03 15:42:27.957,11340,11341,11340,1
2020-02-03 15:42:29.578,11339,11340,11340,1
2020-02-03 15:42:32.046,11339,11340,11340,1
2020-02-03 15:42:34.291,11339,11340,11340,1
2020-02-03 15:42:35.121,11339,11340,11340,9
2020-02-03 15:42:35.126,11339,11340,11340,1
2020-02-03 15:42:35.221,11340,11341,11340,5
2020-02-03 15:42:40.123,11339,11340,11340,1
2020-02-03 15:42:40.793,11339,11340,11340,1
2020-02-03 15:42:41.714,11339,11340,11340,1
2020-02-03 15:42:41.753,11339,11340,11340,1
2020-02-03 15:42:51.237,11339,11340,11339,1
2020-02-03 15:42:51.237,11339,11340,11339,2
2020-02-03 15:42:51.237,11339,11340,11339,4
2020-02-03 15:42:51.237,11339,11340,11339,5
2020-02-03 15:42:55.212,11338,11339,11339,1
2020-02-03 15:43:00.796,11338,11339,11338,1
2020-02-03 15:43:04.012,11338,11339,11338,1
2020-02-03 15:43:10.157,11338,11339,11338,2
2020-02-03 15:43:10.846,11338,11339,11338,2
2020-02-03 15:43:10.971,11338,11339,11338,4
2020-02-03 15:43:13.314,11337,11338,11337,5
2020-02-03 15:43:14.565,11337,11338,11338,5
2020-02-03 15:43:14.825,11337,11338,11338,1
2020-02-03 15:43:14.841,11337,11338,11337,5
2020-02-03 15:43:16.984,11337,11338,11337,5
2020-02-03 15:43:18.979,11337,11338,11337,5
2020-02-03 15:43:20.769,11337,11338,11338,1
2020-02-03 15:43:21.147,11337,11338,11338,1
2020-02-03 15:43:22.490,11337,11338,11337,1
2020-02-03 15:43:24.417,11336,11338,11336,5
2020-02-03 15:43:25.335,11336,11337,11337,1
2020-02-03 15:43:25.506,11336,11337,11337,1
2020-02-03 15:43:25.705,11336,11337,11336,3
2020-02-03 15:43:25.705,11336,11337,11335,2
2020-02-03 15:43:25.770,11335,11337,11337,1
2020-02-03 15:43:30.096,11336,11337,11336,1
2020-02-03 15:43:32.852,11336,11337,11336,1
2020-02-03 15:43:37.294,11335,11336,11335,4
2020-02-03 15:43:39.296,11334,11335,11335,1
2020-02-03 15:43:44.167,11334,11335,11334,1
2020-02-03 15:43:44.306,11334,11335,11334,1
2020-02-03 15:43:44.655,11334,11335,11335,5
2020-02-03 15:43:52.471,11335,11336,11335,10
2020-02-03 15:43:52.596,11335,11336,11335,1
2020-02-03 15:43:59.529,11334,11335,11335,1
2020-02-03 15:44:11.329,11335,11336,11335,1
2020-02-03 15:44:11.452,11335,11336,11336,2
2020-02-03 15:44:16.419,11335,11336,11336,1
2020-02-03 15:44:57.302,11336,11337,11337,2
2020-02-03 15:44:57.303,11336,11337,11337,1
2020-02-03 15:45:01.049,11337,11338,11338,1
2020-02-03 15:45:02.485,11337,11339,11337,1
2020-02-03 15:45:11.018,11337,11338,11337,1
2020-02-03 15:45:11.105,11337,11338,11338,1
2020-02-03 15:45:11.106,11337,11338,11338,1
2020-02-03 15:45:11.106,11337,11338,11338,1
2020-02-03 15:45:11.108,11337,11338,11338,2
2020-02-03 15:45:11.108,11337,11338,11338,1
2020-02-03 15:45:11.113,11337,11338,11338,1
2020-02-03 15:45:11.113,11337,11338,11338,1
2020-02-03 15:45:11.115,11337,11338,11338,1
2020-02-03 15:45:11.116,11337,11338,11338,1
2020-02-03 15:45:11.116,11337,11338,11338,1
2020-02-03 15:45:11.116,11337,11338,11338,1
2020-02-03 15:45:11.117,11337,11338,11338,1
2020-02-03 15:45:11.117,11337,11338,11338,1
2020-02-03 15:45:16.291,11337,11338,11337,1
2020-02-03 15:45:16.364,11337,11338,11338,1
2020-02-03 15:45:18.032,11337,11338,11337,1
2020-02-03 15:45:18.821,11337,11338,11338,5
2020-02-03 15:45:23.882,11337,11338,11337,2
2020-02-03 15:45:24.096,11337,11338,11337,1
2020-02-03 15:45:28.718,11336,11337,11336,7
2020-02-03 15:45:28.719,11336,11337,11336,3
2020-02-03 15:45:39.181,11335,11336,11336,1
2020-02-03 15:45:45.844,11335,11336,11336,5
2020-02-03 15:45:45.844,11335,11336,11336,1
2020-02-03 15:45:45.844,11335,11336,11336,1
2020-02-03 15:45:47.570,11335,11336,11336,1
2020-02-03 15:45:49.013,11336,11337,11337,1
2020-02-03 15:46:02.373,11336,11337,11337,4
2020-02-03 15:46:11.658,11336,11338,11338,2
2020-02-03 15:46:12.281,11336,11338,11338,1
2020-02-03 15:46:25.565,11336,11337,11337,1
2020-02-03 15:46:29.109,11336,11337,11337,1
2020-02-03 15:46:33.987,11336,11337,11337,2
2020-02-03 15:46:37.192,11337,11338,11338,5
2020-02-03 15:46:54.308,11337,11338,11337,1
2020-02-03 15:47:01.445,11337,11338,11337,1
2020-02-03 15:47:04.896,11336,11337,11337,1
2020-02-03 15:47:24.935,11336,11337,11337,1
2020-02-03 15:47:42.647,11337,11338,11337,2
2020-02-03 15:47:43.770,11337,11338,11338,1
2020-02-03 15:47:49.743,11337,11338,11337,1
2020-02-03 15:48:01.647,11337,11338,11338,1
2020-02-03 15:48:09.834,11337,11338,11338,1
2020-02-03 15:48:15.654,11337,11338,11338,2
2020-02-03 15:48:15.721,11337,11338,11338,7
2020-02-03 15:48:17.714,11338,11339,11338,1
2020-02-03 15:48:27.587,11338,11339,11338,1
2020-02-03 15:48:36.022,11338,11339,11338,1
2020-02-03 15:48:41.473,11338,11339,11338,1
2020-02-03 15:48:49.631,11338,11339,11338,4
2020-02-03 15:48:50.149,11337,11338,11337,10
2020-02-03 15:48:50.150,11337,11338,11337,3
2020-02-03 15:48:50.171,11337,11338,11337,1
2020-02-03 15:48:50.171,11337,11338,11337,1
2020-02-03 15:49:04.984,11336,11337,11337,1
2020-02-03 15:49:05.575,11336,11337,11337,1
2020-02-03 15:49:15.044,11336,11337,11337,1
2020-02-03 15:49:18.794,11336,11337,11336,1
2020-02-03 15:49:19.149,11336,11337,11336,1
2020-02-03 15:49:19.511,11336,11337,11336,1
2020-02-03 15:49:19.822,11336,11337,11336,1
2020-02-03 15:49:20.526,11336,11337,11336,1
2020-02-03 15:49:22.331,11336,11337,11336,1
2020-02-03 15:49:22.832,11336,11337,11336,1
2020-02-03 15:49:24.712,11336,11337,11336,1
2020-02-03 15:49:25.653,11336,11337,11336,1
2020-02-03 15:49:26.430,11336,11337,11336,1
2020-02-03 15:49:37.255,11336,11337,11337,1
2020-02-03 15:49:50.550,11336,11337,11336,1
2020-02-03 15:49:54.596,11336,11337,11336,1
2020-02-03 15:50:02.019,11335,11336,11335,2
2020-02-03 15:50:11.033,11335,11336,11335,1
2020-02-03 15:50:14.492,11335,11336,11336,1
2020-02-03 15:50:16.875,11335,11336,11335,1
2020-02-03 15:50:18.400,11335,11336,11335,1
2020-02-03 15:50:21.174,11335,11336,11335,2
2020-02-03 15:50:21.175,11335,11336,11335,2
2020-02-03 15:50:21.175,11335,11336,11335,1
2020-02-03 15:50:21.177,11335,11336,11335,4
2020-02-03 15:50:21.177,11335,11336,11335,6
2020-02-03 15:50:23.358,11334,11335,11334,1
2020-02-03 15:50:23.404,11334,11335,11335,1
2020-02-03 15:50:24.459,11334,11335,11334,2
2020-02-03 15:50:36.487,11335,11336,11335,1
2020-02-03 15:50:37.539,11335,11336,11335,1
2020-02-03 15:50:38.286,11335,11336,11335,3
2020-02-03 15:50:38.346,11335,11336,11335,1
2020-02-03 15:50:39.672,11334,11335,11334,2
2020-02-03 15:50:46.366,11334,11335,11335,1
2020-02-03 15:50:47.388,11334,11336,11334,7
2020-02-03 15:50:48.424,11334,11335,11335,1
2020-02-03 15:50:50.334,11334,11335,11335,1
2020-02-03 15:50:55.600,11334,11335,11335,1
2020-02-03 15:50:58.185,11334,11335,11335,3
2020-02-03 15:50:58.713,11335,11336,11335,2
2020-02-03 15:51:04.237,11334,11335,11335,1
2020-02-03 15:51:05.552,11335,11336,11336,7
2020-02-03 15:51:08.994,11336,11337,11336,2
2020-02-03 15:51:18.481,11336,11337,11336,1
2020-02-03 15:51:39.765,11335,11336,11336,2
2020-02-03 15:51:47.700,11336,11337,11336,1
2020-02-03 15:51:51.647,11336,11337,11336,1
2020-02-03 15:51:54.898,11335,11336,11336,1
2020-02-03 15:51:57.137,11335,11336,11336,1
2020-02-03 15:52:00.306,11335,11336,11335,1
2020-02-03 15:52:02.327,11335,11336,11335,1
2020-02-03 15:52:13.385,11335,11336,11336,6
2020-02-03 15:52:20.999,11336,11337,11336,1
2020-02-03 15:52:27.296,11336,11337,11336,1
2020-02-03 15:52:40.333,11336,11337,11336,1
2020-02-03 15:52:43.658,11336,11337,11337,1
2020-02-03 15:52:49.750,11336,11337,11336,1
2020-02-03 15:52:56.873,11336,11337,11336,2
2020-02-03 15:52:58.846,11335,11336,11335,4
2020-02-03 15:53:01.049,11334,11336,11336,1
2020-02-03 15:53:17.351,11334,11335,11335,1
2020-02-03 15:53:34.369,11334,11335,11335,1
2020-02-03 15:53:51.610,11334,11335,11334,1
2020-02-03 15:53:57.534,11334,11335,11334,1
2020-02-03 15:54:02.316,11334,11335,11334,4
2020-02-03 15:54:02.346,11334,11335,11334,1
2020-02-03 15:54:03.215,11333,11334,11334,1
2020-02-03 15:54:04.763,11333,11334,11333,2
2020-02-03 15:54:04.934,11333,11334,11333,1
2020-02-03 15:54:05.040,11333,11334,11333,3
2020-02-03 15:54:05.040,11333,11334,11333,2
2020-02-03 15:54:06.484,11332,11333,11332,1
2020-02-03 15:54:06.708,11332,11333,11332,1
2020-02-03 15:54:09.215,11332,11333,11332,5
2020-02-03 15:54:09.828,11332,11333,11332,1
2020-02-03 15:54:09.846,11332,11333,11332,1
2020-02-03 15:54:10.119,11331,11332,11331,5
2020-02-03 15:54:10.315,11331,11332,11331,1
2020-02-03 15:54:11.467,11331,11332,11331,8
2020-02-03 15:54:11.467,11331,11332,11331,3
2020-02-03 15:54:11.467,11331,11332,11331,2
2020-02-03 15:54:11.471,11331,11332,11331,4
2020-02-03 15:54:11.471,11331,11332,11331,7
2020-02-03 15:54:13.189,11330,11331,11330,1
2020-02-03 15:54:13.255,11330,11331,11330,2
2020-02-03 15:54:13.652,11330,11331,11330,9
2020-02-03 15:54:13.659,11330,11331,11330,9
2020-02-03 15:54:13.660,11330,11331,11330,9
2020-02-03 15:54:13.721,11330,11331,11330,1
2020-02-03 15:54:15.382,11328,11330,11329,1
2020-02-03 15:54:15.382,11328,11330,11328,4
2020-02-03 15:54:15.508,11328,11330,11328,1
2020-02-03 15:54:15.973,11328,11330,11328,5
2020-02-03 15:54:16.573,11328,11329,11328,1
2020-02-03 15:54:17.461,11328,11329,11328,1
2020-02-03 15:54:19.994,11328,11329,11328,1
2020-02-03 15:54:22.499,11328,11329,11329,1
2020-02-03 15:54:24.402,11328,11329,11328,2
2020-02-03 15:54:30.968,11328,11329,11328,1
2020-02-03 15:54:33.014,11328,11329,11328,1
2020-02-03 15:54:33.874,11328,11329,11328,1
2020-02-03 15:54:35.300,11328,11329,11328,8
2020-02-03 15:54:35.938,11327,11329,11327,1
2020-02-03 15:54:37.068,11328,11329,11328,3
2020-02-03 15:54:38.596,11328,11329,11328,1
2020-02-03 15:54:39.893,11327,11328,11328,1
2020-02-03 15:54:40.038,11327,11328,11327,3
2020-02-03 15:54:40.448,11327,11328,11327,2
2020-02-03 15:54:42.502,11327,11328,11327,1
2020-02-03 15:54:42.619,11327,11328,11327,1
2020-02-03 15:54:46.812,11327,11328,11327,2
2020-02-03 15:54:48.295,11327,11328,11328,2
2020-02-03 15:54:48.295,11327,11328,11328,2
2020-02-03 15:54:48.295,11327,11328,11328,1
2020-02-03 15:54:48.688,11328,11329,11328,1
2020-02-03 15:54:52.195,11328,11329,11328,1
2020-02-03 15:54:52.567,11328,11329,11329,1
2020-02-03 15:54:53.816,11328,11329,11329,1
2020-02-03 15:54:58.791,11328,11329,11328,2
2020-02-03 15:55:02.223,11328,11329,11328,6
2020-02-03 15:55:03.160,11328,11329,11328,1
2020-02-03 15:55:07.184,11327,11328,11327,1
2020-02-03 15:55:07.505,11327,11328,11327,1
2020-02-03 15:55:15.166,11327,11328,11327,2
2020-02-03 15:55:16.373,11327,11328,11328,1
2020-02-03 15:55:17.471,11328,11329,11328,3
2020-02-03 15:55:17.660,11328,11329,11328,1
2020-02-03 15:55:18.259,11328,11329,11328,1
2020-02-03 15:55:18.801,11327,11328,11328,3
2020-02-03 15:55:22.207,11327,11328,11327,1
2020-02-03 15:55:24.269,11327,11328,11328,2
2020-02-03 15:55:24.854,11327,11328,11328,1
2020-02-03 15:55:25.069,11327,11328,11328,2
2020-02-03 15:55:26.223,11327,11328,11327,1
2020-02-03 15:55:26.225,11327,11328,11327,1
2020-02-03 15:55:31.314,11327,11328,11328,4
2020-02-03 15:55:44.716,11328,11329,11328,1
2020-02-03 15:55:45.113,11328,11329,11329,3
2020-02-03 15:55:59.358,11329,11330,11330,2
2020-02-03 15:56:02.388,11329,11330,11329,10
2020-02-03 15:56:02.580,11329,11330,11329,1
2020-02-03 15:56:08.163,11328,11329,11328,12
2020-02-03 15:56:08.163,11328,11329,11328,3
2020-02-03 15:56:08.221,11327,11328,11328,1
2020-02-03 15:56:08.221,11327,11328,11328,1
2020-02-03 15:56:08.325,11327,11328,11328,1
2020-02-03 15:56:08.346,11327,11328,11328,1
2020-02-03 15:56:11.794,11327,11328,11328,4
2020-02-03 15:56:18.319,11328,11329,11328,1
2020-02-03 15:56:19.345,11327,11328,11328,4
2020-02-03 15:56:20.596,11328,11329,11328,1
2020-02-03 15:56:30.696,11328,11329,11328,3
2020-02-03 15:56:34.002,11328,11329,11329,1
2020-02-03 15:56:41.791,11328,11329,11328,1
2020-02-03 15:56:41.996,11327,11328,11328,1
2020-02-03 15:56:45.150,11327,11328,11328,1
2020-02-03 15:56:58.836,11327,11328,11327,1
2020-02-03 15:57:02.929,11327,11328,11327,1
2020-02-03 15:57:14.424,11327,11328,11328,2
2020-02-03 15:57:18.607,11327,11328,11327,1
2020-02-03 15:57:27.765,11327,11328,11327,3
2020-02-03 15:57:27.765,11327,11328,11327,7
2020-02-03 15:57:27.766,11327,11328,11327,3
2020-02-03 15:57:27.766,11327,11328,11327,4
2020-02-03 15:57:27.971,11326,11327,11326,1
2020-02-03 15:57:27.972,11326,11327,11326,4
2020-02-03 15:57:28.806,11325,11326,11326,2
2020-02-03 15:57:30.416,11325,11326,11325,1
2020-02-03 15:57:30.621,11325,11326,11325,1
2020-02-03 15:57:30.846,11325,11326,11325,1
2020-02-03 15:57:30.971,11325,11326,11325,1
2020-02-03 15:57:34.080,11324,11325,11324,6
2020-02-03 15:57:34.080,11324,11325,11324,1
2020-02-03 15:57:34.080,11324,11325,11324,2
2020-02-03 15:57:34.081,11324,11325,11324,1
2020-02-03 15:57:34.096,11324,11325,11324,6
2020-02-03 15:57:34.132,11324,11325,11323,1
2020-02-03 15:57:34.133,11324,11325,11323,3
2020-02-03 15:57:34.184,11324,11325,11324,1
2020-02-03 15:57:34.241,11323,11324,11324,1
2020-02-03 15:57:35.636,11323,11324,11323,1
2020-02-03 15:57:35.721,11323,11324,11323,1
2020-02-03 15:57:35.721,11323,11324,11323,3
2020-02-03 15:57:36.972,11322,11323,11323,1
2020-02-03 15:57:37.087,11322,11323,11322,3
2020-02-03 15:57:37.138,11321,11323,11321,1
2020-02-03 15:57:37.160,11321,11323,11321,2
2020-02-03 15:57:38.755,11321,11322,11321,2
2020-02-03 15:57:39.046,11321,11322,11321,1
2020-02-03 15:57:39.563,11321,11323,11321,1
2020-02-03 15:57:39.861,11321,11323,11322,1
2020-02-03 15:57:39.938,11321,11323,11321,1
2020-02-03 15:57:40.168,11321,11323,11321,1
2020-02-03 15:57:41.198,11322,11323,11322,1
2020-02-03 15:57:41.513,11322,11323,11323,3
2020-02-03 15:57:41.513,11322,11323,11323,4
2020-02-03 15:57:41.513,11322,11323,11323,5
2020-02-03 15:57:42.081,11323,11324,11323,1
2020-02-03 15:57:44.209,11323,11324,11323,1
2020-02-03 15:57:48.413,11323,11324,11323,1
2020-02-03 15:57:48.485,11323,11324,11324,2
2020-02-03 15:57:50.005,11323,11324,11323,1
2020-02-03 15:57:50.954,11323,11324,11323,1
2020-02-03 15:57:51.771,11323,11324,11323,5
2020-02-03 15:57:52.792,11323,11324,11324,1
2020-02-03 15:58:00.322,11323,11324,11323,2
2020-02-03 15:58:02.170,11323,11324,11323,1
2020-02-03 15:58:03.817,11323,11324,11324,3
2020-02-03 15:58:03.827,11323,11324,11323,3
2020-02-03 15:58:05.315,11323,11324,11323,2
2020-02-03 15:58:12.089,11323,11324,11324,1
2020-02-03 15:58:13.784,11323,11325,11323,14
2020-02-03 15:58:13.784,11323,11325,11322,1
2020-02-03 15:58:18.900,11323,11324,11323,1
2020-02-03 15:58:26.999,11323,11324,11324,4
2020-02-03 15:58:27.672,11323,11324,11324,1
2020-02-03 15:58:38.845,11324,11325,11325,1
2020-02-03 15:58:40.248,11324,11325,11324,1
2020-02-03 15:58:40.248,11324,11325,11323,14
2020-02-03 15:58:46.063,11323,11324,11323,1
2020-02-03 15:58:47.415,11323,11324,11323,1
2020-02-03 15:58:47.715,11322,11323,11323,1
2020-02-03 15:58:47.879,11322,11323,11323,1
2020-02-03 15:58:47.994,11322,11323,11323,1
2020-02-03 15:58:49.422,11322,11323,11323,1
2020-02-03 15:58:50.296,11322,11323,11322,6
2020-02-03 15:58:50.346,11321,11322,11322,1
2020-02-03 15:58:50.346,11321,11322,11322,3
2020-02-03 15:58:52.626,11321,11323,11323,1
2020-02-03 15:58:56.048,11321,11323,11322,1
2020-02-03 15:58:57.813,11322,11323,11322,1
2020-02-03 15:59:09.983,11322,11323,11322,2
2020-02-03 15:59:14.519,11322,11323,11323,2
2020-02-03 15:59:16.589,11323,11324,11323,5
2020-02-03 15:59:17.274,11323,11324,11323,1
2020-02-03 15:59:22.658,11323,11324,11323,1
2020-02-03 15:59:27.905,11323,11324,11324,1
2020-02-03 15:59:34.567,11323,11324,11323,1
2020-02-03 15:59:41.317,11323,11324,11323,3
2020-02-03 15:59:44.057,11323,11324,11323,1
2020-02-03 15:59:54.590,11323,11324,11324,4
2020-02-03 15:59:56.234,11323,11324,11324,1
2020-02-03 15:59:58.803,11323,11324,11323,1
2020-02-03 16:00:02.752,11322,11323,11323,3
2020-02-03 16:00:04.008,11322,11323,11323,7
2020-02-03 16:00:04.008,11322,11323,11324,3
2020-02-03 16:00:04.210,11323,11324,11324,1
2020-02-03 16:00:04.611,11323,11324,11324,1
2020-02-03 16:00:04.812,11323,11324,11324,1
2020-02-03 16:00:05.014,11323,11324,11324,1
2020-02-03 16:00:05.081,11323,11324,11323,2
2020-02-03 16:00:05.215,11323,11324,11324,1
2020-02-03 16:00:07.011,11323,11324,11324,1
2020-02-03 16:00:07.016,11323,11324,11324,1
2020-02-03 16:00:07.232,11323,11324,11324,1
2020-02-03 16:00:08.471,11324,11325,11325,2
2020-02-03 16:00:09.292,11324,11325,11325,1
2020-02-03 16:00:09.298,11324,11325,11325,4
2020-02-03 16:00:09.754,11325,11326,11326,1
2020-02-03 16:00:14.057,11326,11327,11327,3
2020-02-03 16:00:14.057,11326,11327,11327,2
2020-02-03 16:00:14.057,11326,11327,11327,1
2020-02-03 16:00:14.057,11326,11327,11327,1
2020-02-03 16:00:14.058,11326,11327,11327,9
2020-02-03 16:00:15.160,11327,11328,11328,1
2020-02-03 16:00:15.355,11327,11328,11328,1
2020-02-03 16:00:15.880,11327,11328,11328,1
2020-02-03 16:00:16.117,11327,11328,11327,3
2020-02-03 16:00:19.274,11326,11327,11327,4
2020-02-03 16:00:21.306,11327,11328,11328,1
2020-02-03 16:00:21.385,11327,11328,11328,3
2020-02-03 16:00:21.385,11327,11328,11328,3
2020-02-03 16:00:21.720,11327,11329,11329,2
2020-02-03 16:00:21.850,11328,11329,11329,1
2020-02-03 16:00:21.996,11328,11329,11329,2
2020-02-03 16:00:21.997,11328,11329,11329,12
2020-02-03 16:00:22.316,11329,11330,11330,9
2020-02-03 16:00:22.346,11329,11330,11330,2
2020-02-03 16:00:24.552,11330,11331,11331,3
2020-02-03 16:00:24.792,11331,11332,11331,1
2020-02-03 16:00:26.018,11331,11332,11332,1
2020-02-03 16:00:26.103,11331,11332,11332,1
2020-02-03 16:00:26.103,11331,11332,11333,1
2020-02-03 16:00:26.211,11331,11332,11331,1
2020-02-03 16:00:27.045,11331,11332,11331,1
2020-02-03 16:00:27.104,11331,11332,11332,1
2020-02-03 16:00:28.402,11332,11333,11332,1
2020-02-03 16:00:29.083,11332,11333,11333,1
2020-02-03 16:00:29.095,11332,11334,11332,1
2020-02-03 16:00:30.367,11332,11334,11332,2
2020-02-03 16:00:30.762,11332,11333,11333,2
2020-02-03 16:00:31.134,11332,11334,11332,1
2020-02-03 16:00:32.043,11332,11333,11333,7
2020-02-03 16:00:34.338,11333,11334,11333,1
2020-02-03 16:00:34.562,11332,11334,11332,1
2020-02-03 16:00:35.806,11332,11334,11334,1
2020-02-03 16:00:36.219,11332,11334,11334,1
2020-02-03 16:00:38.813,11332,11333,11333,1
2020-02-03 16:00:40.080,11332,11334,11332,2
2020-02-03 16:00:40.080,11332,11334,11332,4
2020-02-03 16:00:40.080,11332,11334,11332,4
2020-02-03 16:00:40.081,11332,11334,11332,4
2020-02-03 16:00:40.318,11331,11332,11332,1
2020-02-03 16:00:40.633,11331,11332,11332,1
2020-02-03 16:00:42.498,11331,11332,11332,1
2020-02-03 16:00:43.114,11331,11332,11332,2
2020-02-03 16:00:45.408,11331,11332,11332,2
2020-02-03 16:00:48.618,11331,11332,11332,1
2020-02-03 16:00:49.951,11331,11332,11331,1
2020-02-03 16:00:54.568,11330,11331,11331,1
2020-02-03 16:00:55.625,11330,11331,11331,2
2020-02-03 16:00:56.176,11330,11332,11331,1
2020-02-03 16:00:59.673,11331,11332,11331,1
2020-02-03 16:01:02.289,11331,11332,11331,1
2020-02-03 16:01:03.561,11331,11332,11331,1
2020-02-03 16:01:03.877,11331,11332,11332,7
2020-02-03 16:01:04.020,11332,11333,11332,1
2020-02-03 16:01:04.595,11332,11333,11333,1
2020-02-03 16:01:06.153,11333,11334,11334,1
2020-02-03 16:01:06.153,11333,11334,11334,2
2020-02-03 16:01:06.154,11333,11334,11334,7
2020-02-03 16:01:06.222,11334,11335,11335,15
2020-02-03 16:01:06.222,11334,11335,11335,2
2020-02-03 16:01:06.346,11334,11335,11335,5
2020-02-03 16:01:06.498,11335,11336,11336,1
2020-02-03 16:01:06.607,11335,11337,11337,2
2020-02-03 16:01:06.638,11335,11337,11337,5
2020-02-03 16:01:07.526,11336,11337,11337,1
2020-02-03 16:01:08.382,11336,11337,11336,1
2020-02-03 16:01:09.755,11336,11337,11336,5
2020-02-03 16:01:09.971,11336,11337,11336,1
2020-02-03 16:01:09.976,11336,11337,11336,1
2020-02-03 16:01:10.841,11335,11336,11336,3
2020-02-03 16:01:10.850,11335,11336,11336,2
2020-02-03 16:01:11.822,11335,11337,11335,6
2020-02-03 16:01:12.853,11335,11337,11335,1
2020-02-03 16:01:14.066,11335,11337,11335,2
2020-02-03 16:01:14.066,11335,11337,11335,4
2020-02-03 16:01:14.067,11335,11337,11335,4
2020-02-03 16:01:14.096,11334,11335,11335,2
2020-02-03 16:01:14.815,11334,11335,11335,1
2020-02-03 16:01:14.822,11334,11335,11334,3
2020-02-03 16:01:20.625,11333,11334,11334,2
2020-02-03 16:01:21.512,11333,11335,11333,1
2020-02-03 16:01:22.007,11333,11335,11335,1
2020-02-03 16:01:28.891,11333,11334,11334,1
2020-02-03 16:01:30.118,11333,11334,11333,2
2020-02-03 16:01:41.152,11332,11333,11333,1
2020-02-03 16:01:42.647,11332,11333,11332,2
2020-02-03 16:01:42.648,11332,11333,11332,1
2020-02-03 16:01:45.724,11330,11331,11330,1
2020-02-03 16:01:45.729,11330,11331,11330,1
2020-02-03 16:01:45.729,11330,11331,11330,2
2020-02-03 16:01:46.271,11328,11329,11329,1
2020-02-03 16:01:48.550,11328,11330,11330,1
2020-02-03 16:01:50.947,11329,11330,11330,2
2020-02-03 16:01:50.971,11329,11330,11330,3
2020-02-03 16:01:50.971,11329,11330,11330,1
2020-02-03 16:01:52.761,11330,11331,11331,1
2020-02-03 16:02:02.491,11331,11332,11331,1
2020-02-03 16:02:04.135,11331,11332,11332,1
2020-02-03 16:02:04.690,11332,11333,11332,1
2020-02-03 16:02:04.729,11332,11333,11333,1
2020-02-03 16:02:04.733,11332,11333,11333,1
2020-02-03 16:02:04.734,11332,11333,11333,1
2020-02-03 16:02:04.738,11332,11333,11333,1
2020-02-03 16:02:04.740,11332,11333,11333,1
2020-02-03 16:02:04.740,11332,11333,11333,1
2020-02-03 16:02:04.740,11332,11333,11333,1
2020-02-03 16:02:04.741,11332,11333,11333,1
2020-02-03 16:02:04.741,11332,11333,11333,3
2020-02-03 16:02:04.742,11332,11333,11333,1
2020-02-03 16:02:18.994,11331,11332,11332,1
2020-02-03 16:02:28.787,11332,11333,11332,1
2020-02-03 16:02:28.787,11332,11333,11332,1
2020-02-03 16:02:29.083,11331,11333,11332,1
2020-02-03 16:02:31.223,11332,11333,11332,1
2020-02-03 16:02:31.263,11332,11333,11332,1
2020-02-03 16:02:32.148,11332,11333,11333,2
2020-02-03 16:02:32.717,11332,11334,11334,15
2020-02-03 16:02:36.097,11334,11335,11334,1
2020-02-03 16:02:42.555,11333,11334,11334,3
2020-02-03 16:02:45.174,11333,11334,11334,1
2020-02-03 16:02:48.471,11333,11334,11333,1
2020-02-03 16:02:49.906,11332,11333,11332,2
2020-02-03 16:02:53.348,11330,11331,11330,13
2020-02-03 16:02:53.349,11330,11331,11330,4
2020-02-03 16:02:53.662,11329,11330,11330,11
2020-02-03 16:02:53.662,11329,11330,11331,4
2020-02-03 16:02:55.388,11329,11330,11329,3
2020-02-03 16:02:55.473,11328,11330,11328,3
2020-02-03 16:02:59.278,11328,11330,11330,1
2020-02-03 16:03:11.132,11329,11330,11330,2
2020-02-03 16:03:11.132,11329,11330,11330,2
2020-02-03 16:03:11.133,11329,11330,11330,1
2020-02-03 16:03:18.858,11331,11332,11331,1
2020-02-03 16:03:18.934,11331,11332,11332,1
2020-02-03 16:03:18.935,11331,11332,11332,1
2020-02-03 16:03:46.474,11331,11332,11332,1
2020-02-03 16:04:03.896,11330,11331,11331,1
2020-02-03 16:04:03.898,11330,11331,11331,1
2020-02-03 16:04:03.898,11330,11331,11331,1
2020-02-03 16:04:04.971,11331,11332,11332,2
2020-02-03 16:04:09.505,11332,11333,11332,3
2020-02-03 16:04:11.325,11332,11333,11332,1
2020-02-03 16:04:14.170,11332,11333,11333,2
2020-02-03 16:04:14.170,11332,11333,11333,2
2020-02-03 16:04:27.794,11331,11332,11331,1
2020-02-03 16:04:37.286,11332,11333,11332,1
2020-02-03 16:04:45.221,11331,11332,11331,1
2020-02-03 16:04:54.728,11331,11332,11331,1
2020-02-03 16:04:59.284,11331,11332,11331,1
2020-02-03 16:04:59.723,11330,11331,11332,2
2020-02-03 16:05:04.453,11331,11332,11331,1
2020-02-03 16:05:07.414,11331,11332,11331,2
2020-02-03 16:05:08.628,11330,11331,11330,1
2020-02-03 16:05:09.258,11329,11330,11329,1
2020-02-03 16:05:09.294,11329,11330,11329,1
2020-02-03 16:05:12.227,11329,11330,11329,1
2020-02-03 16:05:17.047,11328,11330,11328,2
2020-02-03 16:05:19.671,11328,11329,11328,1
2020-02-03 16:05:21.348,11327,11328,11328,1
2020-02-03 16:05:21.351,11327,11328,11327,3
2020-02-03 16:05:21.475,11327,11328,11328,1
2020-02-03 16:05:21.514,11327,11328,11327,3
2020-02-03 16:05:21.900,11327,11328,11327,1
2020-02-03 16:05:23.858,11327,11328,11327,1
2020-02-03 16:05:24.644,11327,11328,11327,1
2020-02-03 16:05:27.072,11326,11327,11327,1
2020-02-03 16:05:39.014,11327,11328,11327,1
2020-02-03 16:05:41.849,11327,11328,11327,1
2020-02-03 16:05:45.151,11327,11328,11327,3
2020-02-03 16:05:45.211,11327,11328,11328,1
2020-02-03 16:05:45.787,11327,11328,11328,1
2020-02-03 16:05:47.216,11327,11328,11327,1
2020-02-03 16:05:50.979,11326,11328,11328,1
2020-02-03 16:05:57.348,11327,11328,11327,1
2020-02-03 16:06:01.393,11326,11327,11327,1
2020-02-03 16:06:02.232,11326,11328,11328,1
2020-02-03 16:06:02.405,11327,11328,11327,5
2020-02-03 16:06:02.491,11327,11328,11328,1
2020-02-03 16:06:02.856,11327,11328,11328,1
2020-02-03 16:06:03.850,11327,11328,11328,2
2020-02-03 16:06:11.733,11327,11328,11327,3
2020-02-03 16:06:21.720,11327,11328,11327,1
2020-02-03 16:06:21.720,11327,11328,11326,4
2020-02-03 16:06:22.574,11326,11327,11326,5
2020-02-03 16:06:25.161,11326,11327,11326,1
2020-02-03 16:06:31.082,11326,11327,11326,1
2020-02-03 16:06:31.101,11325,11326,11325,5
2020-02-03 16:06:31.101,11325,11326,11325,3
2020-02-03 16:06:31.101,11325,11326,11325,1
2020-02-03 16:06:31.102,11325,11326,11325,1
2020-02-03 16:06:31.102,11325,11326,11325,3
2020-02-03 16:06:31.103,11325,11326,11325,1
2020-02-03 16:06:31.103,11325,11326,11325,3
2020-02-03 16:06:31.116,11325,11326,11325,1
2020-02-03 16:06:31.117,11325,11326,11325,3
2020-02-03 16:06:31.117,11325,11326,11325,1
2020-02-03 16:06:31.117,11325,11326,11325,2
2020-02-03 16:06:31.227,11324,11326,11325,1
2020-02-03 16:06:33.748,11325,11326,11325,3
2020-02-03 16:06:36.635,11324,11326,11324,1
2020-02-03 16:06:37.356,11324,11326,11324,1
2020-02-03 16:06:38.725,11324,11325,11324,6
2020-02-03 16:06:38.887,11324,11325,11324,4
2020-02-03 16:06:38.901,11324,11325,11324,1
2020-02-03 16:06:39.542,11324,11325,11324,1
2020-02-03 16:06:41.331,11324,11325,11324,6
2020-02-03 16:06:44.939,11324,11325,11325,6
2020-02-03 16:06:44.971,11325,11326,11325,2
2020-02-03 16:06:44.999,11325,11326,11326,9
2020-02-03 16:06:44.999,11325,11326,11326,3
2020-02-03 16:06:44.999,11325,11326,11326,1
2020-02-03 16:06:44.999,11325,11326,11326,3
2020-02-03 16:06:45.024,11325,11326,11326,2
2020-02-03 16:06:45.049,11325,11326,11326,2
2020-02-03 16:06:45.074,11325,11326,11326,2
2020-02-03 16:06:46.233,11325,11327,11325,7
2020-02-03 16:06:52.621,11325,11326,11325,1
2020-02-03 16:06:55.080,11325,11326,11325,1
2020-02-03 16:06:55.201,11325,11326,11325,1
2020-02-03 16:07:02.275,11325,11326,11325,5
2020-02-03 16:07:03.027,11324,11326,11324,1
2020-02-03 16:07:03.992,11324,11326,11324,2
2020-02-03 16:07:07.767,11325,11326,11325,1
2020-02-03 16:07:19.231,11324,11325,11324,1
2020-02-03 16:07:20.156,11323,11324,11324,1
2020-02-03 16:07:27.471,11323,11324,11324,1
2020-02-03 16:07:34.043,11323,11324,11323,2
2020-02-03 16:07:34.096,11323,11324,11323,1
2020-02-03 16:07:39.068,11322,11323,11323,1
2020-02-03 16:07:41.221,11322,11323,11323,1
2020-02-03 16:07:44.238,11323,11324,11323,4
2020-02-03 16:07:44.238,11323,11324,11322,1
2020-02-03 16:07:44.420,11322,11324,11323,2
2020-02-03 16:07:44.420,11322,11324,11322,3
2020-02-03 16:07:45.625,11322,11324,11322,5
2020-02-03 16:07:48.208,11322,11324,11322,1
2020-02-03 16:07:53.425,11323,11324,11324,2
2020-02-03 16:07:53.425,11323,11324,11324,1
2020-02-03 16:07:56.170,11324,11325,11324,1
2020-02-03 16:07:57.450,11324,11325,11324,1
2020-02-03 16:08:01.860,11324,11325,11324,3
2020-02-03 16:08:02.381,11323,11324,11324,2
2020-02-03 16:08:02.381,11323,11324,11324,1
2020-02-03 16:08:03.253,11324,11325,11325,3
2020-02-03 16:08:03.254,11324,11325,11325,2
2020-02-03 16:08:03.357,11325,11326,11326,1
2020-02-03 16:08:03.366,11325,11326,11326,1
2020-02-03 16:08:07.354,11324,11326,11326,3
2020-02-03 16:08:25.064,11324,11325,11325,1
2020-02-03 16:08:25.784,11324,11325,11324,1
2020-02-03 16:08:31.753,11324,11325,11325,1
2020-02-03 16:08:44.987,11324,11326,11324,1
2020-02-03 16:08:52.354,11324,11325,11324,2
2020-02-03 16:08:52.596,11324,11325,11324,1
2020-02-03 16:08:55.830,11324,11325,11324,1
2020-02-03 16:08:57.815,11324,11325,11324,1
2020-02-03 16:09:01.101,11323,11324,11323,2
2020-02-03 16:09:01.101,11323,11324,11323,2
2020-02-03 16:09:10.439,11322,11323,11322,10
2020-02-03 16:09:19.129,11321,11322,11322,2
2020-02-03 16:09:19.129,11321,11322,11322,2
2020-02-03 16:09:25.513,11322,11323,11322,1
2020-02-03 16:09:25.687,11321,11322,11321,15
2020-02-03 16:09:25.687,11321,11322,11321,3
2020-02-03 16:09:25.688,11321,11322,11321,2
2020-02-03 16:09:25.721,11320,11321,11321,2
2020-02-03 16:09:25.722,11320,11321,11320,1
2020-02-03 16:09:25.722,11320,11321,11320,3
2020-02-03 16:09:25.722,11320,11321,11320,1
2020-02-03 16:09:25.722,11320,11321,11320,1
2020-02-03 16:09:25.722,11320,11321,11320,3
2020-02-03 16:09:25.722,11320,11321,11320,1
2020-02-03 16:09:25.723,11320,11321,11320,2
2020-02-03 16:09:25.804,11320,11321,11320,5
2020-02-03 16:09:25.906,11320,11321,11320,2
2020-02-03 16:09:25.929,11320,11321,11320,5
2020-02-03 16:09:25.971,11320,11321,11320,8
2020-02-03 16:09:26.085,11320,11321,11319,1
2020-02-03 16:09:26.097,11319,11320,11320,1
2020-02-03 16:09:26.098,11319,11320,11320,4
2020-02-03 16:09:26.327,11319,11320,11319,1
2020-02-03 16:09:26.411,11319,11320,11319,3
2020-02-03 16:09:26.442,11319,11320,11319,3
2020-02-03 16:09:26.442,11319,11320,11319,3
2020-02-03 16:09:26.580,11319,11320,11320,15
2020-02-03 16:09:26.592,11319,11320,11320,2
2020-02-03 16:09:26.592,11319,11320,11320,1
2020-02-03 16:09:26.592,11319,11320,11320,2
2020-02-03 16:09:26.592,11319,11320,11320,1
2020-02-03 16:09:26.592,11319,11320,11320,1
2020-02-03 16:09:26.593,11319,11320,11320,3
2020-02-03 16:09:26.596,11319,11320,11320,3
2020-02-03 16:09:26.596,11319,11320,11320,1
2020-02-03 16:09:26.635,11319,11320,11320,3
2020-02-03 16:09:26.635,11319,11320,11320,1
2020-02-03 16:09:26.635,11319,11320,11320,2
2020-02-03 16:09:26.726,11320,11321,11321,1
2020-02-03 16:09:29.924,11319,11321,11321,1
2020-02-03 16:09:32.002,11319,11321,11319,2
2020-02-03 16:09:33.309,11320,11321,11320,1
2020-02-03 16:09:35.516,11319,11320,11319,1
2020-02-03 16:09:36.944,11318,11319,11318,5
2020-02-03 16:09:36.996,11318,11319,11318,5
2020-02-03 16:09:37.792,11318,11319,11318,10
2020-02-03 16:09:37.888,11318,11319,11318,1
2020-02-03 16:09:38.950,11318,11319,11318,1
