2024-03-05 15:00:00.037,19370,19371,19371,119,119
2024-03-05 15:00:00.141,19370,19371,19370,2,-2
2024-03-05 15:00:00.171,19370,19371,19370,1,-1
2024-03-05 15:00:00.183,19370,19371,19370,5,-5
2024-03-05 15:00:00.254,19370,19371,19370,3,-3
2024-03-05 15:00:00.407,19370,19371,19370,1,-1
2024-03-05 15:00:00.509,19370,19371,19370,2,-2
2024-03-05 15:00:00.518,19370,19371,19370,3,-3
2024-03-05 15:00:00.518,19370,19371,19369,1,-1
2024-03-05 15:00:00.557,19369,19371,19369,4,-4
2024-03-05 15:00:00.557,19369,19371,19368,1,-1
2024-03-05 15:00:00.563,19369,19371,19368,5,-5
2024-03-05 15:00:00.565,19369,19371,19368,3,-3
2024-03-05 15:00:00.568,19369,19371,19368,8,-8
2024-03-05 15:00:00.568,19369,19371,19367,2,-2
2024-03-05 15:00:00.575,19369,19371,19369,1,-1
2024-03-05 15:00:00.576,19369,19371,19369,1,-1
2024-03-05 15:00:00.590,19369,19371,19367,1,-1
2024-03-05 15:00:00.593,19369,19371,19367,2,-2
2024-03-05 15:00:00.598,19369,19371,19368,1,-1
2024-03-05 15:00:00.609,19369,19371,19368,1,-1
2024-03-05 15:00:00.610,19369,19371,19368,1,-1
2024-03-05 15:00:00.612,19369,19371,19367,3,-3
2024-03-05 15:00:00.615,19369,19371,19367,1,-1
2024-03-05 15:00:00.615,19369,19371,19367,1,-1
2024-03-05 15:00:00.621,19369,19371,19366,1,-1
2024-03-05 15:00:00.622,19369,19371,19366,1,-1
2024-03-05 15:00:00.624,19369,19371,19367,1,-1
2024-03-05 15:00:00.626,19369,19371,19366,1,-1
2024-03-05 15:00:00.632,19369,19371,19366,1,-1
2024-03-05 15:00:00.642,19369,19371,19366,1,-1
2024-03-05 15:00:00.691,19367,19369,19367,1,-1
2024-03-05 15:00:00.746,19367,19369,19367,1,-1
2024-03-05 15:00:00.747,19367,19369,19367,1,-1
2024-03-05 15:00:00.747,19367,19369,19366,1,-1
2024-03-05 15:00:00.788,19366,19368,19367,1,-1
2024-03-05 15:00:00.789,19366,19368,19369,1,1
2024-03-05 15:00:00.898,19366,19368,19369,3,3
2024-03-05 15:00:00.921,19368,19370,19368,4,-4
2024-03-05 15:00:00.921,19368,19370,19367,2,-2
2024-03-05 15:00:00.929,19368,19370,19369,1,-1
2024-03-05 15:00:00.933,19368,19370,19369,1,-1
2024-03-05 15:00:00.933,19368,19370,19370,3,3
2024-03-05 15:00:00.933,19368,19370,19371,1,1
2024-03-05 15:00:01.030,19368,19370,19368,2,-2
2024-03-05 15:00:01.032,19368,19370,19368,1,-1
2024-03-05 15:00:01.033,19368,19370,19367,1,-1
2024-03-05 15:00:01.138,19368,19370,19369,1,-1
2024-03-05 15:00:01.163,19367,19369,19367,1,-1
2024-03-05 15:00:01.177,19367,19369,19369,1,1
2024-03-05 15:00:01.193,19367,19369,19369,1,1
2024-03-05 15:00:01.194,19367,19369,19367,1,-1
2024-03-05 15:00:01.213,19367,19369,19369,1,1
2024-03-05 15:00:01.299,19368,19370,19370,1,1
2024-03-05 15:00:01.331,19368,19370,19368,1,-1
2024-03-05 15:00:01.570,19367,19370,19367,4,-4
2024-03-05 15:00:01.570,19367,19370,19366,1,-1
2024-03-05 15:00:01.656,19367,19369,19367,1,-1
2024-03-05 15:00:01.656,19367,19369,19369,1,1
2024-03-05 15:00:01.661,19367,19369,19367,1,-1
2024-03-05 15:00:01.788,19367,19369,19367,1,-1
2024-03-05 15:00:02.094,19367,19369,19369,3,3
2024-03-05 15:00:02.348,19367,19369,19369,1,1
2024-03-05 15:00:02.617,19369,19370,19370,7,7
2024-03-05 15:00:03.207,19369,19371,19369,1,-1
2024-03-05 15:00:03.393,19369,19371,19371,1,1
2024-03-05 15:00:03.557,19370,19371,19371,2,2
2024-03-05 15:00:03.634,19370,19371,19372,1,1
2024-03-05 15:00:03.731,19370,19372,19370,1,-1
2024-03-05 15:00:03.779,19370,19372,19372,1,1
2024-03-05 15:00:04.573,19371,19372,19372,2,2
2024-03-05 15:00:04.575,19371,19372,19371,4,-4
2024-03-05 15:00:04.629,19371,19372,19371,1,-1
2024-03-05 15:00:04.901,19370,19372,19372,2,2
2024-03-05 15:00:05.374,19370,19373,19371,1,-1
2024-03-05 15:00:06.036,19370,19372,19371,2,-2
2024-03-05 15:00:06.201,19370,19371,19371,4,4
2024-03-05 15:00:06.203,19370,19371,19371,1,1
2024-03-05 15:00:06.206,19370,19371,19372,1,1
2024-03-05 15:00:06.792,19370,19371,19371,1,1
2024-03-05 15:00:06.792,19370,19371,19372,2,2
2024-03-05 15:00:06.846,19370,19371,19371,1,1
2024-03-05 15:00:06.961,19370,19371,19371,1,1
2024-03-05 15:00:08.215,19370,19371,19371,1,1
2024-03-05 15:00:08.239,19370,19371,19370,2,-2
2024-03-05 15:00:08.240,19370,19371,19370,1,-1
2024-03-05 15:00:08.761,19370,19371,19370,2,-2
2024-03-05 15:00:08.844,19370,19371,19371,1,1
2024-03-05 15:00:09.237,19369,19371,19369,12,-12
2024-03-05 15:00:09.493,19368,19369,19369,2,2
2024-03-05 15:00:09.863,19369,19370,19370,1,1
2024-03-05 15:00:10.182,19369,19370,19370,1,1
2024-03-05 15:00:10.238,19369,19370,19369,6,-6
2024-03-05 15:00:10.460,19369,19370,19371,1,1
2024-03-05 15:00:10.680,19370,19371,19371,1,1
2024-03-05 15:00:10.923,19370,19372,19370,1,-1
2024-03-05 15:00:11.762,19371,19372,19371,1,-1
2024-03-05 15:00:11.805,19371,19372,19372,2,2
2024-03-05 15:00:11.868,19371,19372,19371,1,-1
2024-03-05 15:00:12.546,19372,19373,19372,1,-1
2024-03-05 15:00:13.300,19372,19373,19373,5,5
2024-03-05 15:00:13.552,19373,19374,19373,1,-1
2024-03-05 15:00:13.803,19373,19374,19373,1,-1
2024-03-05 15:00:13.846,19373,19374,19372,17,-17
2024-03-05 15:00:14.608,19371,19372,19371,2,-2
2024-03-05 15:00:14.919,19372,19373,19372,1,-1
2024-03-05 15:00:15.138,19372,19373,19373,1,1
2024-03-05 15:00:15.138,19372,19373,19374,3,3
2024-03-05 15:00:15.215,19372,19374,19372,1,-1
2024-03-05 15:00:15.341,19372,19374,19372,1,-1
2024-03-05 15:00:15.645,19373,19374,19373,1,-1
2024-03-05 15:00:15.700,19373,19374,19374,1,1
2024-03-05 15:00:15.700,19373,19374,19375,3,3
2024-03-05 15:00:15.729,19373,19374,19373,1,-1
2024-03-05 15:00:15.745,19373,19374,19373,2,-2
2024-03-05 15:00:15.804,19373,19375,19373,1,-1
2024-03-05 15:00:15.806,19373,19375,19373,1,-1
2024-03-05 15:00:15.897,19373,19375,19373,1,-1
2024-03-05 15:00:15.905,19373,19375,19373,1,-1
2024-03-05 15:00:15.906,19373,19375,19373,4,-4
2024-03-05 15:00:15.913,19373,19375,19373,1,-1
2024-03-05 15:00:15.914,19373,19375,19373,2,-2
2024-03-05 15:00:15.937,19373,19375,19372,2,-2
2024-03-05 15:00:15.975,19373,19375,19371,2,-2
2024-03-05 15:00:16.118,19371,19373,19371,1,-1
2024-03-05 15:00:16.352,19371,19373,19373,8,8
2024-03-05 15:00:16.864,19372,19373,19372,5,-5
2024-03-05 15:00:16.911,19372,19373,19372,1,-1
2024-03-05 15:00:16.912,19372,19373,19372,2,-2
2024-03-05 15:00:17.357,19371,19373,19373,2,2
2024-03-05 15:00:18.242,19372,19373,19373,1,1
2024-03-05 15:00:18.480,19372,19373,19373,1,1
2024-03-05 15:00:19.489,19372,19373,19373,2,2
2024-03-05 15:00:19.511,19372,19373,19373,3,3
2024-03-05 15:00:19.761,19373,19374,19373,1,-1
2024-03-05 15:00:19.801,19373,19374,19373,1,-1
2024-03-05 15:00:19.813,19373,19374,19373,1,-1
2024-03-05 15:00:19.885,19373,19374,19373,1,-1
2024-03-05 15:00:19.885,19373,19374,19373,1,-1
2024-03-05 15:00:19.985,19372,19374,19372,1,-1
2024-03-05 15:00:20.189,19372,19374,19374,1,1
2024-03-05 15:00:20.190,19372,19374,19373,3,3
2024-03-05 15:00:20.649,19372,19373,19373,1,1
2024-03-05 15:00:21.314,19372,19374,19372,2,-2
2024-03-05 15:00:21.973,19373,19374,19374,1,1
2024-03-05 15:00:23.182,19373,19374,19374,1,1
2024-03-05 15:00:24.074,19373,19375,19373,2,-2
2024-03-05 15:00:25.442,19373,19375,19375,1,1
2024-03-05 15:00:27.022,19373,19374,19373,5,-5
2024-03-05 15:00:28.345,19373,19374,19374,2,2
2024-03-05 15:00:31.468,19373,19374,19374,1,1
2024-03-05 15:00:31.469,19373,19374,19373,1,-1
2024-03-05 15:00:31.529,19373,19374,19374,1,1
2024-03-05 15:00:31.565,19373,19374,19373,1,-1
2024-03-05 15:00:31.613,19373,19374,19373,1,-1
2024-03-05 15:00:31.653,19373,19374,19373,1,-1
2024-03-05 15:00:31.654,19373,19374,19373,4,-4
2024-03-05 15:00:31.855,19372,19374,19374,3,3
2024-03-05 15:00:32.006,19372,19374,19372,2,-2
2024-03-05 15:00:32.106,19372,19374,19374,1,1
2024-03-05 15:00:32.919,19373,19374,19373,1,-1
2024-03-05 15:00:32.919,19373,19374,19372,4,-4
2024-03-05 15:00:35.256,19372,19373,19372,3,-3
2024-03-05 15:00:36.314,19372,19373,19373,3,3
2024-03-05 15:00:36.429,19372,19373,19373,2,2
2024-03-05 15:00:38.058,19372,19373,19372,5,-5
2024-03-05 15:00:38.085,19372,19373,19373,3,3
2024-03-05 15:00:40.191,19372,19373,19372,1,-1
2024-03-05 15:00:43.487,19372,19373,19372,3,-3
2024-03-05 15:00:43.739,19372,19373,19373,1,1
2024-03-05 15:00:45.454,19372,19373,19372,1,-1
2024-03-05 15:00:45.780,19372,19373,19373,1,1
2024-03-05 15:00:45.935,19372,19373,19372,1,-1
2024-03-05 15:00:50.435,19372,19373,19373,1,1
2024-03-05 15:00:50.435,19372,19373,19373,3,3
2024-03-05 15:00:50.435,19372,19373,19373,5,5
2024-03-05 15:00:50.435,19372,19373,19373,2,2
2024-03-05 15:00:51.467,19373,19374,19374,2,2
2024-03-05 15:00:51.467,19373,19374,19375,3,3
2024-03-05 15:00:53.363,19373,19375,19373,1,-1
2024-03-05 15:00:54.181,19373,19375,19373,1,-1
2024-03-05 15:00:59.904,19373,19375,19375,1,1
2024-03-05 15:01:00.086,19373,19375,19373,1,-1
2024-03-05 15:01:00.210,19373,19375,19373,5,-5
2024-03-05 15:01:00.210,19373,19375,19373,5,-5
2024-03-05 15:01:00.224,19373,19375,19372,1,-1
2024-03-05 15:01:00.224,19373,19375,19372,1,-1
2024-03-05 15:01:00.529,19372,19374,19372,1,-1
2024-03-05 15:01:01.167,19372,19374,19373,2,-2
2024-03-05 15:01:02.005,19372,19373,19372,1,-1
2024-03-05 15:01:02.548,19372,19373,19372,2,-2
2024-03-05 15:01:02.558,19372,19373,19372,2,-2
2024-03-05 15:01:02.558,19372,19373,19373,1,1
2024-03-05 15:01:02.558,19372,19373,19373,1,1
2024-03-05 15:01:02.558,19372,19373,19372,6,-6
2024-03-05 15:01:02.559,19372,19373,19373,1,1
2024-03-05 15:01:02.839,19371,19373,19371,2,-2
2024-03-05 15:01:03.679,19371,19373,19371,5,-5
2024-03-05 15:01:03.843,19371,19372,19371,5,-5
2024-03-05 15:01:04.410,19371,19373,19373,1,1
2024-03-05 15:01:05.502,19371,19373,19371,2,-2
2024-03-05 15:01:07.958,19372,19373,19373,2,2
2024-03-05 15:01:09.436,19373,19374,19374,1,1
2024-03-05 15:01:13.079,19374,19375,19374,8,-8
2024-03-05 15:01:13.821,19373,19375,19373,12,-12
2024-03-05 15:01:16.827,19373,19374,19374,1,1
2024-03-05 15:01:16.948,19373,19374,19373,1,-1
2024-03-05 15:01:17.569,19372,19374,19374,1,1
2024-03-05 15:01:18.688,19372,19374,19374,2,2
2024-03-05 15:01:19.755,19373,19374,19373,1,-1
2024-03-05 15:01:20.113,19372,19373,19373,1,1
2024-03-05 15:01:22.657,19372,19373,19372,1,-1
2024-03-05 15:01:22.711,19372,19373,19373,1,1
2024-03-05 15:01:22.912,19372,19373,19372,2,-2
2024-03-05 15:01:22.947,19372,19373,19373,1,1
2024-03-05 15:01:24.426,19372,19373,19372,1,-1
2024-03-05 15:01:24.665,19372,19373,19372,1,-1
2024-03-05 15:01:25.463,19372,19373,19372,1,-1
2024-03-05 15:01:26.094,19372,19373,19373,1,1
2024-03-05 15:01:26.304,19372,19373,19372,2,-2
2024-03-05 15:01:31.798,19372,19373,19372,1,-1
2024-03-05 15:01:31.885,19372,19373,19372,1,-1
2024-03-05 15:01:33.416,19372,19373,19372,2,-2
2024-03-05 15:01:33.466,19372,19373,19373,1,1
2024-03-05 15:01:35.937,19372,19373,19373,3,3
2024-03-05 15:01:35.938,19372,19373,19373,6,6
2024-03-05 15:01:35.938,19372,19373,19373,2,2
2024-03-05 15:01:36.851,19373,19374,19374,8,8
2024-03-05 15:01:36.893,19373,19374,19374,2,2
2024-03-05 15:01:38.292,19374,19375,19374,1,-1
2024-03-05 15:01:38.750,19374,19375,19375,1,1
2024-03-05 15:01:39.640,19374,19375,19375,1,1
2024-03-05 15:01:40.392,19374,19375,19374,1,-1
2024-03-05 15:01:41.694,19374,19375,19375,2,2
2024-03-05 15:01:42.020,19374,19375,19375,7,7
2024-03-05 15:01:42.062,19375,19376,19375,1,-1
2024-03-05 15:01:44.235,19375,19376,19375,1,-1
2024-03-05 15:01:44.235,19375,19376,19375,1,-1
2024-03-05 15:01:44.279,19374,19376,19374,1,-1
2024-03-05 15:01:44.436,19374,19375,19375,2,2
2024-03-05 15:01:45.891,19374,19375,19375,1,1
2024-03-05 15:01:49.328,19374,19375,19375,10,10
2024-03-05 15:01:49.403,19375,19376,19376,1,1
2024-03-05 15:01:49.542,19375,19376,19375,1,-1
2024-03-05 15:01:55.052,19375,19376,19376,1,1
2024-03-05 15:01:55.490,19375,19376,19376,1,1
2024-03-05 15:01:56.315,19375,19376,19376,1,1
2024-03-05 15:01:56.718,19375,19376,19375,1,-1
2024-03-05 15:01:57.166,19375,19376,19375,1,-1
2024-03-05 15:01:57.716,19375,19376,19375,8,-8
2024-03-05 15:02:00.153,19375,19376,19375,2,-2
2024-03-05 15:02:00.432,19375,19376,19375,2,-2
2024-03-05 15:02:00.433,19375,19376,19375,13,-13
2024-03-05 15:02:00.433,19375,19376,19374,16,-16
2024-03-05 15:02:00.535,19373,19375,19373,1,-1
2024-03-05 15:02:01.620,19373,19375,19375,1,1
2024-03-05 15:02:01.941,19373,19375,19373,1,-1
2024-03-05 15:02:03.556,19373,19375,19373,9,-9
2024-03-05 15:02:04.701,19373,19374,19373,4,-4
2024-03-05 15:02:04.954,19373,19374,19374,1,1
2024-03-05 15:02:08.019,19373,19374,19374,1,1
2024-03-05 15:02:08.702,19373,19375,19373,1,-1
2024-03-05 15:02:11.267,19376,19377,19375,1,-1
2024-03-05 15:02:11.273,19376,19377,19376,11,-11
2024-03-05 15:02:11.273,19376,19377,19377,9,9
2024-03-05 15:02:11.328,19376,19377,19377,1,1
2024-03-05 15:02:11.372,19376,19377,19376,5,-5
2024-03-05 15:02:17.180,19375,19376,19376,1,1
2024-03-05 15:02:19.509,19375,19376,19376,3,3
2024-03-05 15:02:20.668,19375,19376,19376,2,2
2024-03-05 15:02:21.092,19376,19377,19376,1,-1
2024-03-05 15:02:26.942,19375,19376,19376,1,1
2024-03-05 15:02:28.720,19376,19377,19376,1,-1
2024-03-05 15:02:28.872,19376,19377,19376,1,-1
2024-03-05 15:02:31.250,19376,19377,19377,2,2
2024-03-05 15:02:31.783,19376,19377,19377,1,1
2024-03-05 15:02:32.263,19376,19377,19377,1,1
2024-03-05 15:02:32.976,19376,19377,19377,1,1
2024-03-05 15:02:32.976,19376,19377,19378,14,14
2024-03-05 15:02:33.219,19377,19379,19379,1,1
2024-03-05 15:02:38.449,19377,19379,19379,1,1
2024-03-05 15:02:38.885,19377,19379,19377,2,-2
2024-03-05 15:02:41.474,19378,19379,19379,1,1
2024-03-05 15:02:41.782,19378,19379,19378,1,-1
2024-03-05 15:02:44.257,19378,19379,19379,1,1
2024-03-05 15:02:46.391,19378,19379,19379,3,3
2024-03-05 15:02:46.391,19378,19379,19380,7,7
2024-03-05 15:02:47.413,19379,19380,19380,1,1
2024-03-05 15:02:48.923,19379,19380,19380,1,1
2024-03-05 15:02:50.018,19379,19380,19380,1,1
2024-03-05 15:02:50.819,19379,19380,19380,1,1
2024-03-05 15:02:50.819,19379,19380,19380,1,1
2024-03-05 15:02:51.589,19379,19380,19380,1,1
2024-03-05 15:02:51.590,19379,19380,19380,1,1
2024-03-05 15:02:53.207,19380,19381,19381,1,1
2024-03-05 15:02:53.485,19380,19381,19381,1,1
2024-03-05 15:02:53.639,19380,19382,19382,1,1
2024-03-05 15:02:53.680,19380,19382,19382,1,1
2024-03-05 15:02:53.699,19380,19382,19380,1,-1
2024-03-05 15:02:53.715,19380,19382,19382,2,2
2024-03-05 15:02:54.581,19380,19382,19380,1,-1
2024-03-05 15:02:55.235,19381,19382,19381,1,-1
2024-03-05 15:02:56.461,19381,19382,19382,1,1
2024-03-05 15:02:56.992,19381,19382,19382,1,1
2024-03-05 15:02:57.902,19381,19382,19382,1,1
2024-03-05 15:02:57.921,19381,19382,19382,1,1
2024-03-05 15:02:58.411,19381,19382,19382,1,1
2024-03-05 15:02:59.557,19381,19382,19382,1,1
2024-03-05 15:02:59.628,19381,19382,19382,1,1
2024-03-05 15:02:59.705,19381,19382,19382,1,1
2024-03-05 15:03:00.049,19381,19382,19381,2,-2
2024-03-05 15:03:00.057,19381,19382,19381,1,-1
2024-03-05 15:03:00.061,19381,19382,19381,2,-2
2024-03-05 15:03:00.061,19381,19382,19381,1,-1
2024-03-05 15:03:00.061,19381,19382,19381,2,-2
2024-03-05 15:03:00.062,19381,19382,19380,1,-1
2024-03-05 15:03:00.070,19381,19382,19380,1,-1
2024-03-05 15:03:00.148,19381,19382,19380,1,-1
2024-03-05 15:03:00.289,19380,19382,19382,2,2
2024-03-05 15:03:00.312,19380,19382,19380,2,-2
2024-03-05 15:03:00.543,19380,19382,19380,2,-2
2024-03-05 15:03:00.547,19380,19382,19380,1,-1
2024-03-05 15:03:00.832,19380,19382,19380,1,-1
2024-03-05 15:03:00.878,19380,19382,19381,1,-1
2024-03-05 15:03:00.888,19380,19382,19382,1,1
2024-03-05 15:03:00.905,19380,19382,19382,1,1
2024-03-05 15:03:01.007,19380,19382,19382,1,1
2024-03-05 15:03:01.613,19380,19382,19380,1,-1
2024-03-05 15:03:03.888,19381,19382,19382,1,1
2024-03-05 15:03:05.967,19381,19382,19381,2,-2
2024-03-05 15:03:07.892,19381,19382,19382,2,2
2024-03-05 15:03:08.937,19381,19382,19382,1,1
2024-03-05 15:03:11.361,19381,19382,19382,1,1
2024-03-05 15:03:11.361,19381,19382,19382,5,5
2024-03-05 15:03:13.781,19382,19383,19382,1,-1
2024-03-05 15:03:14.072,19382,19383,19382,4,-4
2024-03-05 15:03:19.313,19382,19383,19382,1,-1
2024-03-05 15:03:19.348,19382,19383,19382,3,-3
2024-03-05 15:03:19.349,19382,19383,19382,1,-1
2024-03-05 15:03:19.349,19382,19383,19382,1,-1
2024-03-05 15:03:19.366,19382,19383,19381,1,-1
2024-03-05 15:03:19.820,19381,19382,19382,2,2
2024-03-05 15:03:20.084,19381,19382,19381,1,-1
2024-03-05 15:03:20.085,19381,19382,19381,1,-1
2024-03-05 15:03:20.191,19380,19382,19382,1,1
2024-03-05 15:03:22.961,19380,19381,19381,1,1
2024-03-05 15:03:30.445,19380,19381,19381,1,1
2024-03-05 15:03:40.694,19381,19382,19381,2,-2
2024-03-05 15:03:41.906,19381,19382,19382,2,2
2024-03-05 15:03:44.055,19381,19382,19381,1,-1
2024-03-05 15:03:44.140,19381,19382,19381,1,-1
2024-03-05 15:03:44.426,19380,19382,19382,1,1
2024-03-05 15:03:44.668,19380,19382,19382,2,2
2024-03-05 15:03:44.674,19380,19382,19380,1,-1
2024-03-05 15:03:47.300,19380,19381,19381,1,1
2024-03-05 15:03:53.938,19380,19381,19381,2,2
2024-03-05 15:03:57.835,19380,19381,19381,1,1
2024-03-05 15:03:58.133,19380,19381,19381,1,1
2024-03-05 15:04:00.417,19380,19381,19380,1,-1
2024-03-05 15:04:00.637,19380,19381,19381,1,1
2024-03-05 15:04:04.911,19381,19382,19381,1,-1
2024-03-05 15:04:06.490,19380,19381,19380,10,-10
2024-03-05 15:04:06.491,19380,19381,19380,9,-9
2024-03-05 15:04:07.796,19379,19380,19379,1,-1
2024-03-05 15:04:10.377,19379,19380,19380,1,1
2024-03-05 15:04:10.432,19379,19380,19379,1,-1
2024-03-05 15:04:12.664,19379,19380,19380,5,5
2024-03-05 15:04:13.926,19379,19380,19380,2,2
2024-03-05 15:04:13.926,19379,19380,19380,7,7
2024-03-05 15:04:20.637,19379,19380,19380,1,1
2024-03-05 15:04:26.415,19379,19380,19380,1,1
2024-03-05 15:04:27.457,19379,19380,19379,1,-1
2024-03-05 15:04:27.829,19378,19380,19378,1,-1
2024-03-05 15:04:31.845,19378,19380,19378,1,-1
2024-03-05 15:04:36.815,19378,19380,19378,6,-6
2024-03-05 15:04:39.462,19378,19379,19378,1,-1
2024-03-05 15:04:39.462,19378,19379,19378,1,-1
2024-03-05 15:04:39.559,19377,19378,19377,2,-2
2024-03-05 15:04:39.697,19376,19378,19378,1,1
2024-03-05 15:04:40.915,19377,19378,19377,2,-2
2024-03-05 15:04:40.915,19377,19378,19376,8,-8
2024-03-05 15:04:45.262,19376,19377,19376,1,-1
2024-03-05 15:04:45.363,19376,19377,19376,1,-1
2024-03-05 15:04:46.763,19375,19377,19376,1,-1
2024-03-05 15:04:47.171,19375,19376,19376,1,1
2024-03-05 15:04:53.975,19376,19377,19376,7,-7
2024-03-05 15:04:54.704,19376,19377,19377,1,1
2024-03-05 15:04:58.658,19377,19379,19377,1,-1
2024-03-05 15:05:00.292,19377,19379,19377,1,-1
2024-03-05 15:05:00.411,19377,19379,19377,1,-1
2024-03-05 15:05:02.204,19377,19378,19377,2,-2
2024-03-05 15:05:02.279,19376,19378,19376,1,-1
2024-03-05 15:05:02.671,19376,19378,19376,2,-2
2024-03-05 15:05:06.323,19376,19377,19377,1,1
2024-03-05 15:05:09.349,19376,19377,19377,1,1
2024-03-05 15:05:12.863,19376,19377,19376,1,-1
2024-03-05 15:05:12.864,19376,19377,19376,11,-11
2024-03-05 15:05:13.335,19375,19376,19376,1,1
2024-03-05 15:05:13.408,19375,19376,19375,1,-1
2024-03-05 15:05:13.554,19375,19376,19376,2,2
2024-03-05 15:05:16.056,19375,19376,19375,5,-5
2024-03-05 15:05:17.494,19375,19376,19376,1,1
2024-03-05 15:05:18.972,19375,19376,19376,1,1
2024-03-05 15:05:19.029,19375,19376,19375,1,-1
2024-03-05 15:05:19.030,19375,19376,19375,1,-1
2024-03-05 15:05:19.030,19375,19376,19375,1,-1
2024-03-05 15:05:19.030,19375,19376,19375,15,-15
2024-03-05 15:05:20.195,19374,19375,19374,6,-6
2024-03-05 15:05:25.562,19373,19374,19374,1,1
2024-03-05 15:05:26.193,19373,19374,19374,2,2
2024-03-05 15:05:27.231,19373,19374,19373,1,-1
2024-03-05 15:05:27.304,19373,19374,19374,1,1
2024-03-05 15:05:32.638,19373,19374,19373,1,-1
2024-03-05 15:05:34.028,19373,19374,19373,1,-1
2024-03-05 15:05:36.507,19373,19374,19373,1,-1
2024-03-05 15:05:40.193,19373,19374,19373,5,-5
2024-03-05 15:05:40.821,19373,19374,19374,5,5
2024-03-05 15:05:44.320,19374,19375,19374,2,-2
2024-03-05 15:05:44.852,19374,19375,19374,1,-1
2024-03-05 15:05:45.018,19374,19375,19374,1,-1
2024-03-05 15:05:45.601,19374,19375,19374,1,-1
2024-03-05 15:05:46.067,19374,19375,19374,1,-1
2024-03-05 15:05:50.141,19374,19375,19375,1,1
2024-03-05 15:05:52.099,19375,19377,19375,1,-1
2024-03-05 15:05:52.630,19375,19377,19375,1,-1
2024-03-05 15:05:56.213,19376,19377,19376,2,-2
2024-03-05 15:05:56.292,19376,19377,19377,1,1
2024-03-05 15:05:57.882,19376,19378,19378,1,1
2024-03-05 15:05:57.890,19376,19378,19376,1,-1
2024-03-05 15:05:58.299,19377,19378,19377,1,-1
2024-03-05 15:06:08.672,19376,19377,19376,1,-1
2024-03-05 15:06:11.594,19376,19377,19376,1,-1
2024-03-05 15:06:12.829,19376,19377,19377,1,1
2024-03-05 15:06:14.788,19376,19377,19377,1,1
2024-03-05 15:06:34.678,19377,19378,19377,1,-1
2024-03-05 15:06:37.008,19377,19378,19377,1,-1
2024-03-05 15:06:37.009,19377,19378,19377,5,-5
2024-03-05 15:06:37.009,19377,19378,19377,1,-1
2024-03-05 15:06:40.637,19377,19378,19377,1,-1
2024-03-05 15:06:42.131,19376,19377,19377,1,1
2024-03-05 15:06:45.391,19376,19377,19377,1,1
2024-03-05 15:06:55.042,19376,19377,19377,2,2
2024-03-05 15:07:01.341,19377,19378,19377,2,-2
2024-03-05 15:07:02.204,19376,19378,19378,1,1
2024-03-05 15:07:10.779,19377,19378,19378,4,4
2024-03-05 15:07:33.699,19377,19378,19378,1,1
2024-03-05 15:07:35.339,19377,19378,19378,1,1
2024-03-05 15:07:39.850,19377,19378,19377,1,-1
2024-03-05 15:07:43.426,19377,19378,19378,1,1
2024-03-05 15:07:43.885,19377,19379,19377,1,-1
2024-03-05 15:07:50.857,19378,19379,19378,1,-1
2024-03-05 15:07:59.106,19377,19379,19377,3,-3
2024-03-05 15:08:00.176,19377,19378,19377,1,-1
2024-03-05 15:08:00.176,19377,19378,19377,2,-2
2024-03-05 15:08:08.546,19377,19378,19378,2,2
2024-03-05 15:08:08.561,19377,19378,19378,2,2
2024-03-05 15:08:11.409,19378,19379,19378,1,-1
2024-03-05 15:08:15.776,19378,19379,19379,4,4
2024-03-05 15:08:20.551,19379,19380,19380,1,1
2024-03-05 15:08:20.551,19379,19380,19380,1,1
2024-03-05 15:08:21.004,19379,19380,19380,1,1
2024-03-05 15:08:29.545,19379,19380,19380,1,1
2024-03-05 15:08:37.972,19379,19380,19379,1,-1
2024-03-05 15:08:40.832,19379,19380,19379,1,-1
2024-03-05 15:08:48.902,19378,19379,19379,2,2
2024-03-05 15:08:51.309,19378,19379,19379,1,1
2024-03-05 15:08:55.164,19378,19379,19379,1,1
2024-03-05 15:08:57.514,19378,19379,19379,1,1
2024-03-05 15:08:58.533,19378,19379,19379,1,1
2024-03-05 15:09:01.767,19378,19380,19380,1,1
2024-03-05 15:09:09.018,19378,19379,19379,1,1
2024-03-05 15:09:09.134,19378,19379,19379,1,1
2024-03-05 15:09:10.860,19378,19379,19379,1,1
2024-03-05 15:09:14.285,19378,19379,19379,1,1
2024-03-05 15:09:22.562,19378,19379,19379,1,1
2024-03-05 15:09:27.365,19378,19379,19378,1,-1
2024-03-05 15:09:32.324,19378,19379,19379,3,3
2024-03-05 15:09:36.185,19378,19379,19378,1,-1
2024-03-05 15:09:43.849,19378,19379,19378,10,-10
2024-03-05 15:09:49.938,19377,19378,19377,1,-1
2024-03-05 15:09:51.286,19377,19378,19378,1,1
2024-03-05 15:09:52.898,19378,19379,19378,1,-1
2024-03-05 15:09:52.930,19378,19379,19378,1,-1
2024-03-05 15:09:53.877,19378,19379,19378,2,-2
2024-03-05 15:10:10.023,19378,19379,19378,1,-1
2024-03-05 15:10:10.369,19377,19379,19379,1,1
2024-03-05 15:10:10.483,19377,19379,19379,1,1
2024-03-05 15:10:18.486,19377,19379,19379,3,3
2024-03-05 15:10:20.903,19377,19379,19379,1,1
2024-03-05 15:10:26.338,19378,19379,19379,2,2
2024-03-05 15:10:39.251,19378,19379,19379,1,1
2024-03-05 15:10:39.251,19378,19379,19379,1,1
2024-03-05 15:10:40.698,19378,19380,19380,1,1
2024-03-05 15:10:41.618,19378,19380,19380,1,1
2024-03-05 15:10:42.278,19378,19380,19380,1,1
2024-03-05 15:10:45.152,19379,19380,19380,2,2
2024-03-05 15:10:45.616,19380,19381,19380,1,-1
2024-03-05 15:10:52.464,19380,19381,19381,1,1
2024-03-05 15:10:54.820,19380,19381,19381,1,1
2024-03-05 15:10:56.120,19380,19381,19381,1,1
2024-03-05 15:10:59.316,19380,19381,19380,2,-2
2024-03-05 15:11:19.248,19380,19381,19381,9,9
2024-03-05 15:11:21.425,19381,19382,19381,1,-1
2024-03-05 15:11:23.509,19381,19382,19382,1,1
2024-03-05 15:11:23.671,19381,19382,19382,2,2
2024-03-05 15:11:26.597,19381,19382,19382,2,2
2024-03-05 15:11:27.428,19382,19383,19382,2,-2
2024-03-05 15:11:29.674,19381,19383,19383,1,1
2024-03-05 15:11:29.787,19381,19383,19383,1,1
2024-03-05 15:11:29.818,19381,19383,19384,2,2
2024-03-05 15:11:29.818,19381,19383,19383,18,18
2024-03-05 15:11:31.368,19383,19384,19384,1,1
2024-03-05 15:11:33.143,19383,19384,19384,1,1
2024-03-05 15:11:33.144,19383,19384,19384,1,1
2024-03-05 15:11:33.144,19383,19384,19384,1,1
2024-03-05 15:11:33.144,19383,19384,19384,4,4
2024-03-05 15:11:33.144,19383,19384,19384,5,5
2024-03-05 15:11:33.145,19383,19384,19384,1,1
2024-03-05 15:11:33.145,19383,19384,19384,1,1
2024-03-05 15:11:33.145,19383,19384,19384,3,3
2024-03-05 15:11:33.145,19383,19384,19384,3,3
2024-03-05 15:11:33.145,19383,19384,19384,1,1
2024-03-05 15:11:40.682,19384,19385,19385,12,12
2024-03-05 15:11:44.048,19385,19386,19386,1,1
2024-03-05 15:11:44.048,19385,19386,19386,1,1
2024-03-05 15:11:44.049,19385,19386,19386,9,9
2024-03-05 15:11:44.091,19385,19386,19387,3,3
2024-03-05 15:11:44.091,19385,19386,19387,1,1
2024-03-05 15:11:44.091,19385,19386,19387,1,1
2024-03-05 15:11:44.091,19385,19386,19387,5,5
2024-03-05 15:11:45.334,19387,19388,19387,1,-1
2024-03-05 15:11:50.406,19386,19387,19387,1,1
2024-03-05 15:11:51.123,19386,19388,19386,1,-1
2024-03-05 15:11:52.185,19386,19388,19386,17,-17
2024-03-05 15:11:52.651,19385,19386,19386,4,4
2024-03-05 15:11:55.771,19385,19387,19385,1,-1
2024-03-05 15:12:12.406,19385,19386,19385,1,-1
2024-03-05 15:12:12.406,19385,19386,19385,10,-10
2024-03-05 15:12:12.689,19384,19386,19385,2,-2
2024-03-05 15:12:22.426,19384,19385,19384,1,-1
2024-03-05 15:12:22.598,19383,19384,19383,2,-2
2024-03-05 15:12:22.599,19383,19384,19383,2,-2
2024-03-05 15:12:22.599,19383,19384,19383,17,-17
2024-03-05 15:12:22.599,19383,19384,19383,6,-6
2024-03-05 15:12:22.599,19383,19384,19383,1,-1
2024-03-05 15:12:22.599,19383,19384,19383,8,-8
2024-03-05 15:12:22.841,19380,19382,19381,2,-2
2024-03-05 15:12:22.878,19380,19382,19380,2,-2
2024-03-05 15:12:22.929,19379,19381,19379,1,-1
2024-03-05 15:12:22.929,19379,19381,19380,2,-2
2024-03-05 15:12:23.835,19378,19380,19379,2,-2
2024-03-05 15:12:24.858,19378,19379,19379,1,1
2024-03-05 15:12:27.179,19378,19379,19378,1,-1
2024-03-05 15:12:28.028,19378,19379,19379,9,9
2024-03-05 15:12:28.028,19378,19379,19380,11,11
2024-03-05 15:12:33.165,19379,19380,19379,10,-10
2024-03-05 15:12:33.805,19379,19380,19380,2,2
2024-03-05 15:12:33.808,19379,19380,19380,1,1
2024-03-05 15:12:37.062,19382,19383,19382,1,-1
2024-03-05 15:12:37.187,19381,19383,19381,1,-1
2024-03-05 15:12:40.981,19379,19381,19379,15,-15
2024-03-05 15:12:41.695,19379,19380,19380,3,3
2024-03-05 15:12:42.416,19379,19380,19380,1,1
2024-03-05 15:12:44.208,19379,19381,19381,1,1
2024-03-05 15:12:49.838,19379,19381,19379,2,-2
2024-03-05 15:12:54.244,19379,19380,19379,1,-1
2024-03-05 15:13:02.614,19379,19381,19379,1,-1
2024-03-05 15:13:04.254,19379,19381,19379,1,-1
2024-03-05 15:13:04.810,19379,19380,19380,1,1
2024-03-05 15:13:20.005,19379,19380,19379,4,-4
2024-03-05 15:13:22.586,19378,19379,19379,1,1
2024-03-05 15:13:26.988,19378,19379,19379,1,1
2024-03-05 15:13:53.424,19379,19380,19379,1,-1
2024-03-05 15:14:11.646,19379,19380,19379,1,-1
2024-03-05 15:14:12.871,19379,19380,19379,2,-2
2024-03-05 15:14:22.806,19379,19380,19379,4,-4
2024-03-05 15:14:23.039,19379,19380,19379,5,-5
2024-03-05 15:14:23.039,19379,19380,19378,14,-14
2024-03-05 15:14:23.072,19379,19380,19379,1,-1
2024-03-05 15:14:26.009,19378,19379,19378,1,-1
2024-03-05 15:14:29.624,19378,19379,19378,1,-1
2024-03-05 15:14:31.216,19378,19379,19378,1,-1
2024-03-05 15:14:31.216,19378,19379,19378,1,-1
2024-03-05 15:14:31.218,19378,19379,19378,2,-2
2024-03-05 15:14:31.557,19377,19378,19377,3,-3
2024-03-05 15:14:32.648,19377,19378,19377,1,-1
2024-03-05 15:14:37.018,19377,19378,19377,1,-1
2024-03-05 15:14:38.918,19377,19378,19377,1,-1
2024-03-05 15:14:40.205,19377,19378,19377,2,-2
2024-03-05 15:14:42.661,19377,19378,19377,4,-4
2024-03-05 15:14:42.661,19377,19378,19377,6,-6
2024-03-05 15:14:42.662,19377,19378,19377,2,-2
2024-03-05 15:14:42.912,19376,19377,19377,1,1
2024-03-05 15:14:43.163,19376,19377,19377,1,1
2024-03-05 15:14:43.413,19376,19377,19377,1,1
2024-03-05 15:14:43.663,19376,19377,19377,1,1
2024-03-05 15:14:43.914,19376,19377,19377,1,1
2024-03-05 15:14:49.094,19376,19377,19377,1,1
2024-03-05 15:15:00.194,19376,19377,19376,2,-2
2024-03-05 15:15:03.395,19376,19377,19376,1,-1
2024-03-05 15:15:06.450,19376,19377,19377,1,1
2024-03-05 15:15:08.808,19376,19377,19376,1,-1
2024-03-05 15:15:19.244,19376,19377,19376,1,-1
2024-03-05 15:15:20.215,19376,19377,19376,3,-3
2024-03-05 15:15:24.559,19376,19377,19376,4,-4
2024-03-05 15:15:25.485,19376,19377,19376,1,-1
2024-03-05 15:15:25.486,19376,19377,19376,2,-2
2024-03-05 15:15:26.451,19375,19377,19375,5,-5
2024-03-05 15:15:27.640,19375,19376,19376,1,1
2024-03-05 15:15:27.810,19375,19377,19376,1,1
2024-03-05 15:15:31.159,19376,19377,19376,10,-10
2024-03-05 15:15:33.590,19376,19377,19376,2,-2
2024-03-05 15:15:33.860,19376,19377,19376,1,-1
2024-03-05 15:15:37.300,19375,19376,19376,1,1
2024-03-05 15:15:42.457,19376,19377,19376,1,-1
2024-03-05 15:15:44.111,19376,19377,19376,1,-1
2024-03-05 15:15:45.527,19375,19377,19375,10,-10
2024-03-05 15:15:47.310,19375,19376,19376,1,1
2024-03-05 15:15:50.443,19375,19376,19376,1,1
2024-03-05 15:15:51.071,19375,19377,19375,1,-1
2024-03-05 15:15:51.291,19375,19377,19375,1,-1
2024-03-05 15:15:54.729,19376,19377,19376,1,-1
2024-03-05 15:15:59.097,19375,19376,19375,1,-1
2024-03-05 15:16:00.182,19375,19376,19375,3,-3
2024-03-05 15:16:00.929,19375,19376,19376,1,1
2024-03-05 15:16:04.414,19375,19376,19376,4,4
2024-03-05 15:16:09.490,19376,19377,19376,1,-1
2024-03-05 15:16:14.694,19375,19376,19375,10,-10
2024-03-05 15:16:14.695,19375,19376,19375,3,-3
2024-03-05 15:16:14.695,19375,19376,19375,2,-2
2024-03-05 15:16:14.695,19375,19376,19375,1,-1
2024-03-05 15:16:17.309,19374,19375,19374,1,-1
2024-03-05 15:16:18.984,19374,19375,19374,2,-2
2024-03-05 15:16:20.769,19374,19375,19374,3,-3
2024-03-05 15:16:21.920,19374,19375,19374,1,-1
2024-03-05 15:16:21.920,19374,19375,19374,1,-1
2024-03-05 15:16:22.797,19374,19375,19374,1,-1
2024-03-05 15:16:23.168,19374,19375,19374,1,-1
2024-03-05 15:16:24.197,19374,19375,19375,1,1
2024-03-05 15:16:30.109,19374,19375,19374,1,-1
2024-03-05 15:16:34.435,19374,19375,19374,1,-1
2024-03-05 15:16:34.436,19374,19375,19374,1,-1
2024-03-05 15:16:35.245,19374,19375,19374,1,-1
2024-03-05 15:16:35.605,19374,19375,19374,2,-2
2024-03-05 15:16:36.055,19374,19375,19374,1,-1
2024-03-05 15:16:40.186,19373,19374,19373,2,-2
2024-03-05 15:16:40.493,19373,19374,19374,2,2
2024-03-05 15:16:41.500,19373,19374,19374,1,1
2024-03-05 15:16:42.308,19373,19374,19373,2,-2
2024-03-05 15:16:46.451,19373,19374,19373,1,-1
2024-03-05 15:16:47.675,19373,19374,19373,1,-1
2024-03-05 15:16:53.233,19373,19374,19373,8,-8
2024-03-05 15:16:55.576,19372,19373,19372,18,-18
2024-03-05 15:16:55.660,19372,19373,19372,1,-1
2024-03-05 15:16:56.434,19372,19373,19373,4,4
2024-03-05 15:17:01.254,19372,19373,19372,1,-1
2024-03-05 15:17:03.092,19372,19373,19373,8,8
2024-03-05 15:17:05.497,19372,19373,19372,3,-3
2024-03-05 15:17:05.676,19372,19373,19372,2,-2
2024-03-05 15:17:05.677,19372,19373,19372,10,-10
2024-03-05 15:17:05.729,19372,19373,19371,3,-3
2024-03-05 15:17:05.733,19372,19373,19372,1,-1
2024-03-05 15:17:05.973,19371,19372,19371,2,-2
2024-03-05 15:17:08.528,19371,19372,19371,1,-1
2024-03-05 15:17:08.741,19371,19372,19371,1,-1
2024-03-05 15:17:09.037,19371,19372,19371,1,-1
2024-03-05 15:17:09.292,19371,19372,19371,1,-1
2024-03-05 15:17:09.431,19371,19372,19371,1,-1
2024-03-05 15:17:10.941,19371,19372,19371,1,-1
2024-03-05 15:17:12.397,19371,19372,19371,5,-5
2024-03-05 15:17:15.055,19371,19372,19371,3,-3
2024-03-05 15:17:17.035,19371,19372,19371,1,-1
2024-03-05 15:17:20.088,19371,19372,19371,1,-1
2024-03-05 15:17:21.057,19371,19372,19371,1,-1
2024-03-05 15:17:25.947,19371,19372,19372,5,5
2024-03-05 15:17:25.947,19371,19372,19372,2,2
2024-03-05 15:17:26.564,19372,19373,19372,1,-1
2024-03-05 15:17:28.605,19372,19373,19373,1,1
2024-03-05 15:17:33.101,19372,19373,19372,1,-1
2024-03-05 15:17:40.985,19372,19373,19373,2,2
2024-03-05 15:17:41.384,19372,19373,19372,1,-1
2024-03-05 15:17:44.013,19372,19373,19372,1,-1
2024-03-05 15:17:53.090,19372,19373,19372,1,-1
2024-03-05 15:17:53.090,19372,19373,19372,3,-3
2024-03-05 15:17:56.403,19371,19372,19372,1,1
2024-03-05 15:18:02.717,19371,19372,19372,2,2
2024-03-05 15:18:03.847,19371,19372,19371,1,-1
2024-03-05 15:18:04.572,19371,19372,19371,1,-1
2024-03-05 15:18:07.278,19371,19372,19371,1,-1
2024-03-05 15:18:07.803,19371,19372,19371,1,-1
2024-03-05 15:18:07.803,19371,19372,19371,7,-7
2024-03-05 15:18:11.154,19370,19371,19370,2,-2
2024-03-05 15:18:12.569,19370,19371,19370,1,-1
2024-03-05 15:18:12.833,19370,19371,19371,1,1
2024-03-05 15:18:17.894,19370,19371,19370,2,-2
2024-03-05 15:18:20.747,19370,19371,19371,1,1
2024-03-05 15:18:21.161,19370,19371,19370,2,-2
2024-03-05 15:18:22.251,19370,19371,19370,2,-2
2024-03-05 15:18:22.298,19370,19371,19371,1,1
2024-03-05 15:18:23.552,19370,19371,19371,1,1
2024-03-05 15:18:24.188,19370,19371,19371,1,1
2024-03-05 15:18:27.121,19370,19371,19370,1,-1
2024-03-05 15:18:31.011,19370,19371,19370,2,-2
2024-03-05 15:18:34.494,19370,19371,19370,1,-1
2024-03-05 15:18:36.563,19370,19371,19370,5,-5
2024-03-05 15:18:37.306,19370,19371,19370,1,-1
2024-03-05 15:18:37.673,19370,19371,19370,1,-1
2024-03-05 15:18:37.709,19370,19371,19370,1,-1
2024-03-05 15:18:37.825,19370,19371,19370,1,-1
2024-03-05 15:18:37.828,19370,19371,19370,1,-1
2024-03-05 15:18:39.930,19370,19371,19370,1,-1
2024-03-05 15:18:40.712,19370,19371,19370,1,-1
2024-03-05 15:18:41.524,19370,19371,19371,2,2
2024-03-05 15:18:42.328,19370,19371,19370,1,-1
2024-03-05 15:18:43.049,19370,19371,19370,1,-1
2024-03-05 15:18:43.053,19370,19371,19370,1,-1
2024-03-05 15:18:43.065,19370,19371,19370,1,-1
2024-03-05 15:18:43.229,19370,19371,19370,1,-1
2024-03-05 15:18:43.345,19370,19371,19370,1,-1
2024-03-05 15:18:43.361,19370,19371,19370,1,-1
2024-03-05 15:18:43.397,19370,19371,19370,1,-1
2024-03-05 15:18:43.617,19370,19371,19370,1,-1
2024-03-05 15:18:43.761,19370,19371,19370,1,-1
2024-03-05 15:18:46.345,19370,19371,19370,1,-1
2024-03-05 15:18:54.396,19370,19371,19370,3,-3
2024-03-05 15:18:56.240,19370,19371,19370,1,-1
2024-03-05 15:19:00.015,19370,19371,19370,1,-1
2024-03-05 15:19:11.340,19370,19371,19370,1,-1
2024-03-05 15:19:11.921,19370,19371,19370,2,-2
2024-03-05 15:19:12.606,19370,19371,19370,2,-2
2024-03-05 15:19:12.658,19370,19371,19370,2,-2
2024-03-05 15:19:12.793,19369,19370,19369,2,-2
2024-03-05 15:19:14.662,19369,19370,19370,1,1
2024-03-05 15:19:20.221,19369,19370,19370,10,10
2024-03-05 15:19:23.246,19369,19370,19369,10,-10
2024-03-05 15:19:23.246,19369,19370,19369,27,-27
2024-03-05 15:19:24.104,19368,19369,19368,2,-2
2024-03-05 15:19:24.104,19368,19369,19368,2,-2
2024-03-05 15:19:24.105,19368,19369,19368,3,-3
2024-03-05 15:19:24.105,19368,19369,19368,1,-1
2024-03-05 15:19:24.105,19368,19369,19368,2,-2
2024-03-05 15:19:24.105,19368,19369,19368,2,-2
2024-03-05 15:19:24.105,19368,19369,19368,16,-16
2024-03-05 15:19:24.537,19367,19368,19367,1,-1
2024-03-05 15:19:24.744,19367,19368,19367,1,-1
2024-03-05 15:19:25.097,19367,19368,19367,1,-1
2024-03-05 15:19:25.221,19367,19368,19367,1,-1
2024-03-05 15:19:25.401,19367,19368,19367,1,-1
2024-03-05 15:19:25.529,19367,19368,19367,1,-1
2024-03-05 15:19:25.661,19367,19368,19367,1,-1
2024-03-05 15:19:28.864,19367,19368,19367,2,-2
2024-03-05 15:19:30.904,19367,19368,19367,3,-3
2024-03-05 15:19:31.115,19367,19368,19367,11,-11
2024-03-05 15:19:31.115,19367,19368,19367,1,-1
2024-03-05 15:19:31.116,19367,19368,19367,2,-2
2024-03-05 15:19:31.116,19367,19368,19367,2,-2
2024-03-05 15:19:32.030,19366,19367,19367,1,1
2024-03-05 15:19:32.373,19366,19367,19366,2,-2
2024-03-05 15:19:32.416,19366,19367,19367,1,1
2024-03-05 15:19:32.476,19366,19367,19366,1,-1
2024-03-05 15:19:32.511,19366,19367,19366,1,-1
2024-03-05 15:19:32.524,19366,19367,19366,1,-1
2024-03-05 15:19:32.538,19366,19367,19366,6,-6
2024-03-05 15:19:32.538,19366,19367,19366,1,-1
2024-03-05 15:19:32.542,19366,19367,19365,1,-1
2024-03-05 15:19:32.547,19366,19367,19365,1,-1
2024-03-05 15:19:32.593,19366,19367,19365,1,-1
2024-03-05 15:19:32.609,19366,19367,19365,1,-1
2024-03-05 15:19:32.630,19366,19367,19365,1,-1
2024-03-05 15:19:32.640,19366,19367,19365,16,-16
2024-03-05 15:19:32.640,19366,19367,19365,5,-5
2024-03-05 15:19:32.653,19364,19365,19364,1,-1
2024-03-05 15:19:32.661,19364,19365,19364,1,-1
2024-03-05 15:19:32.662,19364,19365,19364,2,-2
2024-03-05 15:19:32.663,19364,19365,19364,2,-2
2024-03-05 15:19:32.692,19364,19365,19363,1,-1
2024-03-05 15:19:32.709,19364,19365,19363,1,-1
2024-03-05 15:19:32.790,19363,19364,19363,2,-2
2024-03-05 15:19:32.890,19363,19364,19363,1,-1
2024-03-05 15:19:32.993,19363,19364,19363,1,-1
2024-03-05 15:19:33.016,19363,19364,19364,1,1
2024-03-05 15:19:33.831,19363,19364,19364,1,1
2024-03-05 15:19:34.006,19364,19365,19365,1,1
2024-03-05 15:19:34.340,19364,19366,19364,2,-2
2024-03-05 15:19:36.043,19365,19366,19366,1,1
2024-03-05 15:19:36.561,19365,19366,19365,1,-1
2024-03-05 15:19:39.113,19364,19366,19366,1,1
2024-03-05 15:19:39.423,19365,19366,19366,2,2
2024-03-05 15:19:41.534,19365,19366,19365,1,-1
2024-03-05 15:19:42.144,19365,19366,19365,1,-1
2024-03-05 15:19:42.780,19365,19366,19366,1,1
2024-03-05 15:19:45.170,19365,19366,19366,3,3
2024-03-05 15:19:47.007,19366,19367,19366,1,-1
2024-03-05 15:19:49.249,19366,19367,19366,3,-3
2024-03-05 15:19:50.642,19366,19367,19367,16,16
2024-03-05 15:19:50.825,19367,19368,19367,1,-1
2024-03-05 15:19:55.342,19367,19368,19368,1,1
2024-03-05 15:19:57.355,19367,19368,19368,1,1
2024-03-05 15:20:01.869,19367,19369,19368,4,4
2024-03-05 15:20:02.285,19368,19369,19368,1,-1
2024-03-05 15:20:02.285,19368,19369,19367,1,-1
2024-03-05 15:20:02.301,19368,19369,19367,1,-1
2024-03-05 15:20:02.315,19368,19369,19367,1,-1
2024-03-05 15:20:02.483,19367,19369,19367,1,-1
2024-03-05 15:20:02.653,19367,19369,19367,1,-1
2024-03-05 15:20:02.808,19367,19369,19367,1,-1
2024-03-05 15:20:02.985,19367,19368,19367,1,-1
2024-03-05 15:20:03.158,19367,19368,19367,1,-1
2024-03-05 15:20:03.343,19367,19368,19367,1,-1
2024-03-05 15:20:03.387,19367,19368,19368,1,1
2024-03-05 15:20:03.512,19366,19368,19366,1,-1
2024-03-05 15:20:06.740,19367,19369,19369,1,1
2024-03-05 15:20:10.371,19368,19369,19368,1,-1
2024-03-05 15:20:14.670,19368,19369,19368,1,-1
2024-03-05 15:20:16.641,19368,19369,19368,2,-2
2024-03-05 15:20:16.988,19368,19369,19369,1,1
2024-03-05 15:20:18.281,19368,19369,19369,1,1
2024-03-05 15:20:18.698,19368,19369,19369,3,3
2024-03-05 15:20:20.194,19368,19369,19368,1,-1
2024-03-05 15:20:21.681,19368,19369,19369,1,1
2024-03-05 15:20:22.216,19368,19369,19368,1,-1
2024-03-05 15:20:33.213,19368,19369,19369,6,6
2024-03-05 15:20:34.478,19368,19369,19369,1,1
2024-03-05 15:20:35.474,19368,19369,19368,1,-1
2024-03-05 15:20:36.533,19368,19369,19369,1,1
2024-03-05 15:20:41.665,19368,19369,19369,1,1
2024-03-05 15:20:43.585,19369,19370,19369,1,-1
2024-03-05 15:21:00.364,19369,19370,19370,2,2
2024-03-05 15:21:00.801,19369,19370,19370,1,1
2024-03-05 15:21:01.066,19369,19370,19370,1,1
2024-03-05 15:21:01.344,19369,19370,19369,1,-1
2024-03-05 15:21:07.809,19369,19370,19370,1,1
2024-03-05 15:21:11.624,19370,19371,19371,1,1
2024-03-05 15:21:11.829,19370,19371,19371,2,2
2024-03-05 15:21:16.534,19370,19371,19371,6,6
2024-03-05 15:21:16.534,19370,19371,19371,3,3
2024-03-05 15:21:16.534,19370,19371,19371,4,4
2024-03-05 15:21:17.289,19371,19372,19371,1,-1
2024-03-05 15:21:20.015,19371,19372,19372,1,1
2024-03-05 15:21:24.810,19371,19372,19372,1,1
2024-03-05 15:21:24.812,19371,19372,19372,1,1
2024-03-05 15:21:24.812,19371,19372,19372,1,1
2024-03-05 15:21:24.813,19371,19372,19372,1,1
2024-03-05 15:21:24.893,19371,19372,19373,1,1
2024-03-05 15:21:24.935,19372,19373,19373,2,2
2024-03-05 15:21:24.935,19372,19373,19374,17,17
2024-03-05 15:21:24.935,19372,19373,19375,1,1
2024-03-05 15:21:25.042,19373,19375,19373,1,-1
2024-03-05 15:21:25.045,19373,19375,19373,1,-1
2024-03-05 15:21:26.921,19372,19374,19372,2,-2
2024-03-05 15:21:50.706,19371,19372,19372,2,2
2024-03-05 15:21:58.146,19371,19372,19372,1,1
2024-03-05 15:22:04.373,19371,19372,19372,1,1
2024-03-05 15:22:11.957,19371,19372,19372,1,1
2024-03-05 15:22:14.554,19372,19373,19372,3,-3
2024-03-05 15:22:30.942,19372,19373,19372,1,-1
2024-03-05 15:22:31.276,19372,19373,19372,2,-2
2024-03-05 15:22:32.242,19372,19373,19372,4,-4
2024-03-05 15:22:35.511,19372,19373,19373,2,2
2024-03-05 15:22:49.638,19372,19373,19372,1,-1
2024-03-05 15:23:12.183,19372,19373,19372,5,-5
2024-03-05 15:23:16.543,19372,19373,19372,10,-10
2024-03-05 15:23:16.543,19372,19373,19372,2,-2
2024-03-05 15:23:16.816,19371,19372,19372,3,3
2024-03-05 15:23:16.816,19371,19372,19371,17,-17
2024-03-05 15:23:31.360,19370,19371,19371,1,1
2024-03-05 15:23:39.567,19370,19371,19370,4,-4
2024-03-05 15:23:44.859,19370,19371,19370,2,-2
2024-03-05 15:24:10.457,19369,19370,19369,1,-1
2024-03-05 15:24:11.210,19369,19370,19369,1,-1
2024-03-05 15:24:11.224,19369,19370,19369,1,-1
2024-03-05 15:24:12.295,19369,19370,19369,1,-1
2024-03-05 15:24:12.399,19369,19370,19368,2,-2
2024-03-05 15:24:17.459,19368,19369,19368,2,-2
2024-03-05 15:24:17.743,19368,19369,19368,1,-1
2024-03-05 15:24:17.743,19368,19369,19368,2,-2
2024-03-05 15:24:17.744,19368,19369,19368,1,-1
2024-03-05 15:24:18.244,19367,19368,19367,3,-3
2024-03-05 15:24:22.119,19366,19367,19366,1,-1
2024-03-05 15:24:22.119,19366,19367,19366,5,-5
2024-03-05 15:24:22.119,19366,19367,19366,2,-2
2024-03-05 15:24:26.880,19365,19367,19365,2,-2
2024-03-05 15:24:27.297,19365,19367,19365,2,-2
2024-03-05 15:24:31.014,19365,19366,19365,1,-1
2024-03-05 15:24:34.079,19365,19366,19365,1,-1
2024-03-05 15:24:34.531,19365,19366,19365,1,-1
2024-03-05 15:24:36.437,19365,19366,19365,1,-1
2024-03-05 15:24:37.021,19365,19366,19365,1,-1
2024-03-05 15:24:37.048,19365,19366,19366,1,1
2024-03-05 15:24:37.134,19365,19366,19366,1,1
2024-03-05 15:24:37.226,19365,19366,19365,1,-1
2024-03-05 15:24:37.508,19365,19366,19365,1,-1
2024-03-05 15:24:40.120,19365,19366,19365,3,-3
2024-03-05 15:24:40.121,19365,19366,19365,3,-3
2024-03-05 15:24:40.121,19365,19366,19365,1,-1
2024-03-05 15:24:40.421,19364,19365,19364,1,-1
2024-03-05 15:24:41.096,19364,19365,19365,1,1
2024-03-05 15:24:41.678,19364,19366,19364,1,-1
2024-03-05 15:24:45.166,19365,19366,19365,1,-1
2024-03-05 15:24:46.892,19365,19366,19366,1,1
2024-03-05 15:24:47.769,19365,19366,19365,1,-1
2024-03-05 15:24:48.268,19364,19366,19364,1,-1
2024-03-05 15:24:50.028,19364,19365,19364,1,-1
2024-03-05 15:24:55.964,19364,19365,19364,1,-1
2024-03-05 15:24:56.835,19364,19365,19364,1,-1
2024-03-05 15:24:57.011,19364,19365,19364,1,-1
2024-03-05 15:24:58.151,19364,19365,19364,1,-1
2024-03-05 15:25:00.010,19364,19365,19364,1,-1
2024-03-05 15:25:03.356,19364,19365,19365,3,3
2024-03-05 15:25:07.218,19364,19365,19365,3,3
2024-03-05 15:25:09.202,19365,19366,19366,1,1
2024-03-05 15:25:09.797,19365,19366,19365,1,-1
2024-03-05 15:25:11.942,19365,19366,19366,2,2
2024-03-05 15:25:12.415,19366,19368,19368,1,1
2024-03-05 15:25:18.388,19366,19368,19368,3,3
2024-03-05 15:25:18.389,19366,19368,19367,1,1
2024-03-05 15:25:19.520,19366,19368,19367,1,1
2024-03-05 15:25:24.139,19366,19368,19366,4,-4
2024-03-05 15:25:38.190,19365,19367,19365,2,-2
2024-03-05 15:25:43.098,19365,19367,19367,1,1
2024-03-05 15:26:08.514,19365,19366,19366,1,1
2024-03-05 15:26:08.514,19365,19366,19366,4,4
2024-03-05 15:26:08.543,19366,19367,19366,1,-1
2024-03-05 15:26:08.655,19366,19367,19366,1,-1
2024-03-05 15:26:08.899,19366,19367,19366,1,-1
2024-03-05 15:26:15.341,19366,19367,19367,1,1
2024-03-05 15:26:18.355,19366,19367,19366,1,-1
2024-03-05 15:26:21.391,19366,19367,19367,4,4
2024-03-05 15:26:21.391,19366,19367,19368,6,6
2024-03-05 15:26:21.392,19366,19367,19367,1,1
2024-03-05 15:26:21.392,19366,19367,19367,1,1
2024-03-05 15:26:25.097,19367,19368,19367,1,-1
2024-03-05 15:26:25.189,19366,19367,19366,1,-1
2024-03-05 15:26:29.500,19366,19367,19367,1,1
2024-03-05 15:26:32.132,19366,19367,19367,1,1
2024-03-05 15:26:35.876,19366,19367,19367,1,1
2024-03-05 15:26:48.512,19366,19367,19367,1,1
2024-03-05 15:26:48.512,19366,19367,19367,1,1
2024-03-05 15:26:48.512,19366,19367,19367,1,1
2024-03-05 15:26:48.673,19367,19368,19367,1,-1
2024-03-05 15:26:54.033,19367,19368,19367,8,-8
2024-03-05 15:27:08.682,19367,19368,19368,1,1
2024-03-05 15:27:08.962,19367,19369,19367,5,-5
2024-03-05 15:27:13.065,19367,19368,19367,1,-1
2024-03-05 15:27:13.089,19367,19368,19367,1,-1
2024-03-05 15:27:13.193,19367,19368,19367,1,-1
2024-03-05 15:27:13.393,19367,19368,19367,1,-1
2024-03-05 15:27:13.494,19366,19368,19366,1,-1
2024-03-05 15:27:14.273,19367,19368,19367,1,-1
2024-03-05 15:27:20.918,19366,19367,19366,2,-2
2024-03-05 15:27:24.495,19366,19367,19367,1,1
2024-03-05 15:27:30.221,19366,19367,19367,1,1
2024-03-05 15:27:31.247,19366,19367,19367,1,1
2024-03-05 15:27:39.124,19366,19367,19367,1,1
2024-03-05 15:27:42.708,19366,19367,19367,2,2
2024-03-05 15:27:44.268,19366,19367,19367,1,1
2024-03-05 15:27:45.983,19366,19367,19367,1,1
2024-03-05 15:27:53.754,19366,19367,19367,1,1
2024-03-05 15:27:56.709,19367,19368,19367,1,-1
2024-03-05 15:27:57.997,19367,19368,19367,1,-1
2024-03-05 15:27:59.038,19367,19368,19367,1,-1
2024-03-05 15:28:02.716,19367,19368,19368,1,1
2024-03-05 15:28:02.906,19367,19369,19367,1,-1
2024-03-05 15:28:03.113,19367,19369,19367,1,-1
2024-03-05 15:28:03.421,19367,19369,19367,1,-1
2024-03-05 15:28:05.063,19367,19368,19367,1,-1
2024-03-05 15:28:05.545,19367,19368,19367,1,-1
2024-03-05 15:28:13.905,19367,19368,19367,1,-1
2024-03-05 15:28:14.273,19367,19368,19367,1,-1
2024-03-05 15:28:14.573,19367,19368,19367,1,-1
2024-03-05 15:28:14.885,19367,19368,19367,1,-1
2024-03-05 15:28:28.897,19367,19368,19367,1,-1
2024-03-05 15:28:43.026,19367,19368,19368,1,1
2024-03-05 15:28:43.027,19367,19368,19368,1,1
2024-03-05 15:28:51.888,19368,19369,19369,1,1
2024-03-05 15:28:52.950,19368,19369,19368,1,-1
2024-03-05 15:28:55.202,19368,19369,19369,1,1
2024-03-05 15:29:02.478,19368,19369,19369,2,2
2024-03-05 15:29:03.222,19369,19370,19369,1,-1
2024-03-05 15:29:03.446,19369,19370,19370,4,4
2024-03-05 15:29:03.554,19369,19371,19371,1,1
2024-03-05 15:29:03.847,19369,19371,19371,2,2
2024-03-05 15:29:06.417,19369,19370,19370,2,2
2024-03-05 15:29:06.417,19369,19370,19371,8,8
2024-03-05 15:29:18.463,19371,19372,19372,1,1
2024-03-05 15:29:18.464,19371,19372,19372,1,1
2024-03-05 15:29:18.464,19371,19372,19372,1,1
2024-03-05 15:29:18.464,19371,19372,19372,1,1
2024-03-05 15:29:18.878,19372,19373,19372,2,-2
2024-03-05 15:29:30.839,19372,19373,19372,1,-1
2024-03-05 15:29:36.951,19372,19373,19373,9,9
2024-03-05 15:29:36.951,19372,19373,19373,3,3
2024-03-05 15:29:36.951,19372,19373,19373,2,2
2024-03-05 15:29:37.520,19373,19374,19373,1,-1
2024-03-05 15:29:39.313,19373,19374,19375,9,9
2024-03-05 15:29:39.313,19373,19374,19374,6,6
2024-03-05 15:29:40.073,19374,19375,19375,6,6
2024-03-05 15:29:40.073,19374,19375,19376,7,7
2024-03-05 15:29:43.448,19375,19376,19376,1,1
2024-03-05 15:29:44.056,19375,19376,19375,1,-1
2024-03-05 15:29:45.922,19375,19376,19375,1,-1
2024-03-05 15:29:55.380,19375,19376,19375,5,-5
2024-03-05 15:29:57.448,19375,19376,19376,3,3
2024-03-05 15:29:59.956,19375,19376,19375,1,-1
2024-03-05 15:30:03.047,19373,19375,19375,1,1
2024-03-05 15:30:03.194,19373,19375,19375,4,4
2024-03-05 15:30:03.298,19373,19375,19373,1,-1
2024-03-05 15:30:03.330,19373,19375,19375,2,2
2024-03-05 15:30:03.542,19373,19375,19375,2,2
2024-03-05 15:30:08.474,19373,19374,19374,1,1
2024-03-05 15:30:11.950,19373,19374,19373,1,-1
2024-03-05 15:30:14.568,19372,19374,19374,1,1
2024-03-05 15:30:20.661,19373,19374,19373,1,-1
2024-03-05 15:30:22.690,19373,19374,19373,1,-1
2024-03-05 15:30:24.853,19373,19374,19373,1,-1
2024-03-05 15:30:29.110,19372,19374,19372,3,-3
2024-03-05 15:30:33.019,19372,19373,19372,2,-2
2024-03-05 15:30:33.019,19372,19373,19371,1,-1
2024-03-05 15:30:41.212,19371,19372,19372,1,1
2024-03-05 15:30:42.365,19371,19373,19373,3,3
2024-03-05 15:30:42.522,19371,19373,19371,2,-2
2024-03-05 15:30:50.313,19371,19372,19371,1,-1
2024-03-05 15:30:50.957,19371,19372,19371,2,-2
2024-03-05 15:30:54.912,19371,19372,19371,2,-2
2024-03-05 15:30:59.282,19371,19372,19371,2,-2
2024-03-05 15:30:59.282,19371,19372,19371,1,-1
2024-03-05 15:31:02.978,19371,19372,19371,1,-1
2024-03-05 15:31:20.060,19370,19371,19370,1,-1
2024-03-05 15:31:20.771,19370,19371,19370,1,-1
2024-03-05 15:31:28.350,19370,19371,19370,2,-2
2024-03-05 15:31:42.210,19370,19371,19370,1,-1
2024-03-05 15:31:43.327,19370,19371,19370,1,-1
2024-03-05 15:31:45.704,19370,19371,19370,3,-3
2024-03-05 15:32:07.645,19369,19370,19370,1,1
2024-03-05 15:32:07.777,19370,19371,19370,2,-2
2024-03-05 15:32:18.304,19370,19371,19370,1,-1
2024-03-05 15:32:40.490,19369,19371,19371,1,1
2024-03-05 15:32:53.232,19369,19371,19371,1,1
2024-03-05 15:33:04.237,19370,19371,19370,1,-1
2024-03-05 15:33:05.401,19370,19371,19370,1,-1
2024-03-05 15:33:08.162,19370,19371,19371,3,3
2024-03-05 15:33:23.489,19370,19371,19371,1,1
2024-03-05 15:33:30.452,19370,19371,19371,2,2
2024-03-05 15:33:30.452,19370,19371,19372,12,12
2024-03-05 15:33:41.275,19371,19372,19372,1,1
2024-03-05 15:33:47.382,19371,19373,19371,1,-1
2024-03-05 15:33:59.231,19371,19373,19373,4,4
2024-03-05 15:33:59.231,19371,19373,19373,1,1
2024-03-05 15:34:03.232,19373,19374,19373,1,-1
2024-03-05 15:34:08.012,19373,19374,19374,1,1
2024-03-05 15:34:08.827,19373,19374,19374,1,1
2024-03-05 15:34:09.092,19373,19374,19373,1,-1
2024-03-05 15:34:10.687,19373,19374,19374,1,1
2024-03-05 15:34:15.181,19373,19374,19373,1,-1
2024-03-05 15:34:21.866,19372,19374,19374,5,5
2024-03-05 15:34:26.647,19372,19374,19374,1,1
2024-03-05 15:34:30.955,19372,19374,19374,4,4
2024-03-05 15:34:31.149,19373,19375,19373,1,-1
2024-03-05 15:34:44.933,19372,19374,19372,1,-1
2024-03-05 15:34:45.747,19373,19374,19373,1,-1
2024-03-05 15:34:46.069,19373,19374,19373,1,-1
2024-03-05 15:34:58.783,19372,19374,19372,2,-2
2024-03-05 15:34:58.783,19372,19374,19372,3,-3
2024-03-05 15:34:58.784,19372,19374,19372,1,-1
2024-03-05 15:34:58.784,19372,19374,19372,3,-3
2024-03-05 15:34:58.784,19372,19374,19372,4,-4
2024-03-05 15:34:58.864,19372,19374,19371,2,-2
2024-03-05 15:34:58.864,19372,19374,19371,1,-1
2024-03-05 15:34:58.956,19370,19371,19370,1,-1
2024-03-05 15:34:58.957,19370,19371,19370,6,-6
2024-03-05 15:34:58.959,19370,19371,19369,2,-2
2024-03-05 15:34:59.011,19370,19371,19369,1,-1
2024-03-05 15:34:59.089,19369,19370,19369,2,-2
2024-03-05 15:34:59.090,19369,19370,19369,8,-8
2024-03-05 15:34:59.339,19368,19369,19368,2,-2
2024-03-05 15:34:59.343,19368,19369,19368,1,-1
2024-03-05 15:34:59.343,19368,19369,19368,1,-1
2024-03-05 15:34:59.345,19368,19369,19368,2,-2
2024-03-05 15:34:59.388,19368,19369,19368,1,-1
2024-03-05 15:34:59.439,19368,19369,19368,1,-1
2024-03-05 15:34:59.557,19368,19369,19369,1,1
2024-03-05 15:35:00.184,19368,19369,19368,2,-2
2024-03-05 15:35:01.056,19368,19369,19369,6,6
2024-03-05 15:35:01.056,19368,19369,19369,1,1
2024-03-05 15:35:01.057,19368,19369,19369,1,1
2024-03-05 15:35:01.483,19369,19370,19369,2,-2
2024-03-05 15:35:23.118,19369,19370,19370,1,1
2024-03-05 15:35:24.651,19369,19370,19369,1,-1
2024-03-05 15:35:39.573,19369,19370,19369,1,-1
2024-03-05 15:35:45.531,19369,19370,19369,1,-1
2024-03-05 15:35:55.666,19369,19370,19369,1,-1
2024-03-05 15:36:00.069,19369,19370,19369,1,-1
2024-03-05 15:36:00.069,19369,19370,19369,1,-1
2024-03-05 15:36:00.069,19369,19370,19369,1,-1
2024-03-05 15:36:00.189,19368,19369,19368,1,-1
2024-03-05 15:36:00.211,19368,19369,19367,1,-1
2024-03-05 15:36:00.325,19367,19368,19367,1,-1
2024-03-05 15:36:00.349,19367,19368,19367,1,-1
2024-03-05 15:36:00.357,19367,19368,19367,1,-1
2024-03-05 15:36:09.159,19367,19368,19367,1,-1
2024-03-05 15:36:11.893,19367,19368,19367,1,-1
2024-03-05 15:36:11.981,19366,19368,19366,1,-1
2024-03-05 15:36:12.051,19366,19368,19366,1,-1
2024-03-05 15:36:13.609,19367,19368,19367,1,-1
2024-03-05 15:36:23.761,19367,19368,19367,1,-1
2024-03-05 15:36:23.994,19366,19368,19366,2,-2
2024-03-05 15:36:24.084,19366,19368,19366,1,-1
2024-03-05 15:36:25.039,19366,19368,19366,2,-2
2024-03-05 15:36:27.630,19366,19367,19366,1,-1
2024-03-05 15:36:31.543,19366,19367,19366,1,-1
2024-03-05 15:36:36.483,19366,19367,19367,1,1
2024-03-05 15:36:36.484,19366,19367,19367,3,3
2024-03-05 15:36:36.484,19366,19367,19367,1,1
2024-03-05 15:36:36.929,19367,19369,19367,1,-1
2024-03-05 15:36:37.246,19367,19369,19367,1,-1
2024-03-05 15:36:54.757,19367,19368,19367,10,-10
2024-03-05 15:37:10.087,19367,19368,19367,1,-1
2024-03-05 15:37:21.252,19367,19368,19368,6,6
2024-03-05 15:37:21.319,19367,19368,19367,1,-1
2024-03-05 15:37:27.542,19367,19368,19368,1,1
2024-03-05 15:37:30.415,19367,19368,19368,1,1
2024-03-05 15:37:43.538,19367,19368,19368,1,1
2024-03-05 15:37:43.616,19367,19368,19367,9,-9
2024-03-05 15:37:53.691,19366,19367,19366,1,-1
2024-03-05 15:37:53.909,19366,19367,19366,1,-1
2024-03-05 15:38:05.547,19366,19367,19366,1,-1
2024-03-05 15:38:05.680,19366,19367,19367,1,1
2024-03-05 15:38:05.860,19366,19367,19366,2,-2
2024-03-05 15:38:09.385,19365,19366,19365,2,-2
2024-03-05 15:38:09.437,19365,19366,19365,2,-2
2024-03-05 15:38:09.437,19365,19366,19365,1,-1
2024-03-05 15:38:09.437,19365,19366,19365,1,-1
2024-03-05 15:38:09.438,19365,19366,19365,1,-1
2024-03-05 15:38:09.438,19365,19366,19365,1,-1
2024-03-05 15:38:09.438,19365,19366,19365,1,-1
2024-03-05 15:38:09.438,19365,19366,19365,3,-3
2024-03-05 15:38:09.561,19364,19365,19364,1,-1
2024-03-05 15:38:09.605,19364,19365,19364,1,-1
2024-03-05 15:38:09.712,19364,19365,19364,2,-2
2024-03-05 15:38:09.851,19364,19365,19364,1,-1
2024-03-05 15:38:12.152,19363,19365,19364,1,-1
2024-03-05 15:38:12.152,19363,19365,19363,14,-14
2024-03-05 15:38:12.362,19363,19364,19363,4,-4
2024-03-05 15:38:12.387,19363,19364,19362,4,-4
2024-03-05 15:38:12.405,19362,19364,19362,1,-1
2024-03-05 15:38:12.410,19362,19364,19362,2,-2
2024-03-05 15:38:12.431,19362,19364,19362,4,-4
2024-03-05 15:38:12.505,19362,19364,19362,2,-2
2024-03-05 15:38:12.762,19362,19364,19362,6,-6
2024-03-05 15:38:12.762,19362,19364,19362,1,-1
2024-03-05 15:38:12.783,19362,19363,19362,1,-1
2024-03-05 15:38:12.804,19362,19363,19362,1,-1
2024-03-05 15:38:12.804,19362,19363,19362,19,-19
2024-03-05 15:38:12.807,19362,19363,19361,1,-1
2024-03-05 15:38:12.807,19362,19363,19361,1,-1
2024-03-05 15:38:12.892,19362,19363,19361,1,-1
2024-03-05 15:38:12.986,19361,19362,19361,2,-2
2024-03-05 15:38:13.057,19361,19362,19361,1,-1
2024-03-05 15:38:13.662,19361,19363,19361,1,-1
2024-03-05 15:38:13.677,19361,19363,19361,1,-1
2024-03-05 15:38:15.527,19362,19363,19363,1,1
2024-03-05 15:38:31.643,19364,19365,19365,1,1
2024-03-05 15:38:31.643,19364,19365,19366,4,4
2024-03-05 15:38:37.613,19365,19366,19365,1,-1
2024-03-05 15:38:37.654,19364,19366,19364,1,-1
2024-03-05 15:38:38.619,19365,19366,19366,1,1
2024-03-05 15:38:38.654,19365,19366,19365,1,-1
2024-03-05 15:38:38.654,19365,19366,19364,1,-1
2024-03-05 15:38:38.654,19365,19366,19364,1,-1
2024-03-05 15:38:38.654,19365,19366,19364,1,-1
2024-03-05 15:38:38.654,19365,19366,19364,1,-1
2024-03-05 15:38:38.654,19365,19366,19364,1,-1
2024-03-05 15:38:38.655,19365,19366,19364,1,-1
2024-03-05 15:38:38.917,19364,19366,19364,1,-1
2024-03-05 15:38:52.099,19364,19366,19366,2,2
2024-03-05 15:38:52.271,19366,19367,19367,3,3
2024-03-05 15:38:52.850,19365,19367,19365,1,-1
2024-03-05 15:39:06.673,19366,19368,19366,1,-1
2024-03-05 15:39:06.782,19366,19368,19366,1,-1
2024-03-05 15:39:07.484,19366,19368,19366,1,-1
2024-03-05 15:39:10.050,19366,19368,19368,1,1
2024-03-05 15:39:10.375,19366,19368,19366,1,-1
2024-03-05 15:39:15.671,19366,19367,19367,1,1
2024-03-05 15:39:15.751,19366,19367,19367,1,1
2024-03-05 15:39:16.580,19367,19368,19368,2,2
2024-03-05 15:39:16.581,19367,19368,19368,1,1
2024-03-05 15:39:41.706,19367,19368,19367,1,-1
2024-03-05 15:39:45.094,19367,19368,19367,4,-4
2024-03-05 15:39:45.701,19366,19368,19366,5,-5
2024-03-05 15:40:00.435,19366,19367,19366,1,-1
2024-03-05 15:40:00.902,19366,19367,19367,2,2
2024-03-05 15:40:01.733,19366,19367,19366,3,-3
2024-03-05 15:40:17.303,19366,19367,19367,2,2
2024-03-05 15:40:19.441,19366,19367,19366,5,-5
2024-03-05 15:40:37.908,19366,19367,19366,5,-5
2024-03-05 15:40:48.545,19366,19367,19366,5,-5
2024-03-05 15:40:48.620,19366,19367,19367,3,3
2024-03-05 15:40:49.762,19366,19367,19366,1,-1
2024-03-05 15:40:51.034,19366,19367,19367,1,1
2024-03-05 15:40:53.800,19366,19367,19367,2,2
2024-03-05 15:41:04.485,19367,19368,19368,2,2
2024-03-05 15:41:04.485,19367,19368,19368,1,1
2024-03-05 15:41:04.485,19367,19368,19368,1,1
2024-03-05 15:41:04.485,19367,19368,19368,1,1
2024-03-05 15:41:04.492,19367,19368,19369,4,4
2024-03-05 15:41:04.494,19367,19368,19369,1,1
2024-03-05 15:41:07.031,19369,19370,19369,1,-1
2024-03-05 15:41:08.140,19369,19370,19369,2,-2
2024-03-05 15:41:12.067,19369,19370,19370,1,1
2024-03-05 15:41:12.348,19369,19370,19370,1,1
2024-03-05 15:41:18.841,19369,19370,19370,1,1
2024-03-05 15:41:19.577,19369,19370,19370,2,2
2024-03-05 15:41:20.794,19369,19370,19370,1,1
2024-03-05 15:41:20.905,19369,19370,19370,1,1
2024-03-05 15:41:24.247,19369,19370,19370,1,1
2024-03-05 15:41:31.704,19370,19371,19370,1,-1
2024-03-05 15:41:37.761,19370,19371,19371,1,1
2024-03-05 15:41:47.190,19370,19371,19371,1,1
2024-03-05 15:41:50.538,19370,19371,19370,2,-2
2024-03-05 15:41:51.146,19370,19371,19371,1,1
2024-03-05 15:41:58.360,19370,19371,19370,1,-1
2024-03-05 15:41:59.948,19370,19371,19371,2,2
2024-03-05 15:42:00.942,19370,19371,19370,2,-2
2024-03-05 15:42:07.363,19370,19371,19371,1,1
2024-03-05 15:42:38.804,19370,19371,19370,3,-3
2024-03-05 15:42:39.660,19370,19371,19371,2,2
2024-03-05 15:42:46.685,19370,19371,19370,1,-1
2024-03-05 15:42:54.215,19370,19371,19370,1,-1
2024-03-05 15:42:55.161,19370,19371,19371,1,1
2024-03-05 15:43:04.427,19370,19371,19370,1,-1
2024-03-05 15:43:05.974,19370,19371,19371,1,1
2024-03-05 15:43:08.244,19370,19371,19371,1,1
2024-03-05 15:43:08.361,19370,19371,19371,2,2
2024-03-05 15:43:09.061,19370,19371,19371,4,4
2024-03-05 15:43:09.290,19371,19372,19371,1,-1
2024-03-05 15:43:11.271,19371,19372,19371,2,-2
2024-03-05 15:43:13.897,19371,19372,19371,2,-2
2024-03-05 15:43:15.256,19371,19372,19372,7,7
2024-03-05 15:43:21.771,19372,19373,19372,2,-2
2024-03-05 15:43:22.975,19372,19373,19373,1,1
2024-03-05 15:43:26.722,19372,19373,19373,1,1
2024-03-05 15:43:30.579,19372,19373,19373,1,1
2024-03-05 15:43:38.228,19371,19373,19373,1,1
2024-03-05 15:43:44.957,19371,19372,19372,1,1
2024-03-05 15:43:44.977,19371,19372,19372,1,1
2024-03-05 15:43:45.252,19372,19373,19373,1,1
2024-03-05 15:43:52.987,19372,19373,19372,5,-5
2024-03-05 15:44:03.559,19372,19373,19373,1,1
2024-03-05 15:44:13.949,19372,19374,19374,5,5
2024-03-05 15:44:26.737,19372,19373,19373,1,1
2024-03-05 15:44:33.090,19372,19373,19373,1,1
2024-03-05 15:44:36.119,19372,19373,19373,3,3
2024-03-05 15:44:36.419,19372,19373,19372,1,-1
2024-03-05 15:44:36.436,19372,19373,19372,1,-1
2024-03-05 15:45:00.313,19372,19373,19372,3,-3
2024-03-05 15:45:00.314,19372,19373,19372,1,-1
2024-03-05 15:45:00.710,19371,19372,19371,4,-4
2024-03-05 15:45:00.725,19371,19372,19370,2,-2
2024-03-05 15:45:00.740,19371,19372,19370,4,-4
2024-03-05 15:45:13.397,19371,19372,19371,1,-1
2024-03-05 15:45:13.573,19370,19371,19370,1,-1
2024-03-05 15:45:21.972,19370,19371,19370,4,-4
2024-03-05 15:45:24.989,19370,19371,19371,14,14
2024-03-05 15:45:46.025,19371,19372,19371,1,-1
2024-03-05 15:45:46.043,19371,19372,19372,1,1
2024-03-05 15:45:58.257,19371,19372,19371,15,-15
2024-03-05 15:45:58.417,19370,19371,19370,1,-1
2024-03-05 15:46:09.152,19370,19371,19371,1,1
2024-03-05 15:46:13.849,19370,19372,19370,1,-1
2024-03-05 15:46:16.077,19370,19372,19370,1,-1
2024-03-05 15:46:32.700,19371,19372,19372,2,2
2024-03-05 15:46:32.897,19371,19372,19372,1,1
2024-03-05 15:46:32.897,19371,19372,19373,4,4
2024-03-05 15:46:33.045,19372,19373,19372,2,-2
2024-03-05 15:46:37.905,19372,19373,19372,3,-3
2024-03-05 15:46:43.276,19372,19373,19373,1,1
2024-03-05 15:46:49.804,19372,19373,19372,1,-1
2024-03-05 15:46:51.102,19371,19373,19373,3,3
2024-03-05 15:46:54.425,19371,19373,19371,1,-1
2024-03-05 15:46:59.179,19371,19373,19373,2,2
2024-03-05 15:47:38.648,19372,19373,19373,1,1
2024-03-05 15:47:41.751,19372,19373,19373,1,1
2024-03-05 15:47:41.956,19372,19373,19373,5,5
2024-03-05 15:47:50.457,19372,19373,19373,2,2
2024-03-05 15:47:52.202,19372,19373,19373,1,1
2024-03-05 15:48:06.181,19372,19373,19372,1,-1
2024-03-05 15:48:13.632,19372,19373,19373,2,2
2024-03-05 15:48:28.316,19372,19373,19373,2,2
2024-03-05 15:48:28.693,19373,19374,19373,1,-1
2024-03-05 15:48:29.049,19373,19374,19373,1,-1
2024-03-05 15:48:33.249,19373,19374,19374,1,1
2024-03-05 15:48:34.209,19373,19374,19373,1,-1
2024-03-05 15:48:41.792,19373,19374,19373,3,-3
2024-03-05 15:48:46.703,19373,19374,19374,1,1
2024-03-05 15:48:51.459,19373,19374,19373,3,-3
2024-03-05 15:48:54.005,19373,19374,19373,1,-1
2024-03-05 15:49:10.382,19373,19374,19374,1,1
2024-03-05 15:49:17.733,19373,19374,19374,6,6
2024-03-05 15:49:19.122,19374,19375,19374,1,-1
2024-03-05 15:49:19.711,19374,19375,19375,1,1
2024-03-05 15:49:22.862,19374,19375,19375,1,1
2024-03-05 15:49:22.896,19374,19375,19375,2,2
2024-03-05 15:49:23.160,19374,19375,19375,2,2
2024-03-05 15:49:23.797,19374,19375,19374,1,-1
2024-03-05 15:49:23.849,19374,19375,19374,1,-1
2024-03-05 15:49:23.849,19374,19375,19374,34,-34
2024-03-05 15:49:23.850,19374,19375,19374,2,-2
2024-03-05 15:49:23.850,19374,19375,19374,1,-1
2024-03-05 15:49:23.850,19374,19375,19374,6,-6
2024-03-05 15:49:23.850,19374,19375,19374,2,-2
2024-03-05 15:49:28.017,19373,19374,19374,15,15
2024-03-05 15:49:28.238,19374,19375,19374,1,-1
2024-03-05 15:49:28.317,19374,19375,19374,1,-1
2024-03-05 15:49:28.337,19374,19375,19374,1,-1
2024-03-05 15:49:28.461,19374,19375,19374,1,-1
2024-03-05 15:49:28.509,19374,19375,19374,1,-1
2024-03-05 15:49:28.661,19374,19375,19374,1,-1
2024-03-05 15:49:30.419,19374,19375,19375,1,1
2024-03-05 15:49:33.444,19374,19375,19375,1,1
2024-03-05 15:49:34.089,19374,19375,19374,1,-1
2024-03-05 15:49:34.149,19374,19375,19374,1,-1
2024-03-05 15:49:34.321,19374,19375,19374,1,-1
2024-03-05 15:49:34.349,19374,19375,19374,1,-1
2024-03-05 15:49:34.399,19374,19375,19374,2,-2
2024-03-05 15:49:34.399,19374,19375,19374,2,-2
2024-03-05 15:49:37.750,19373,19374,19374,1,1
2024-03-05 15:49:41.118,19373,19374,19374,2,2
2024-03-05 15:49:42.765,19373,19374,19374,1,1
2024-03-05 15:49:52.933,19374,19375,19374,1,-1
2024-03-05 15:49:53.049,19373,19375,19373,1,-1
2024-03-05 15:49:55.795,19373,19375,19375,5,5
2024-03-05 15:49:56.012,19374,19375,19374,1,-1
2024-03-05 15:49:56.177,19373,19374,19373,1,-1
2024-03-05 15:50:14.588,19373,19374,19373,8,-8
2024-03-05 15:50:14.588,19373,19374,19373,1,-1
2024-03-05 15:50:14.588,19373,19374,19373,1,-1
2024-03-05 15:50:14.588,19373,19374,19373,15,-15
2024-03-05 15:50:14.588,19373,19374,19373,2,-2
2024-03-05 15:50:14.588,19373,19374,19373,2,-2
2024-03-05 15:50:14.588,19373,19374,19373,1,-1
2024-03-05 15:50:14.588,19373,19374,19373,1,-1
2024-03-05 15:50:14.588,19373,19374,19373,4,-4
2024-03-05 15:50:14.588,19373,19374,19373,1,-1
2024-03-05 15:50:14.588,19373,19374,19373,2,-2
2024-03-05 15:50:14.588,19373,19374,19373,2,-2
2024-03-05 15:50:14.588,19373,19374,19373,1,-1
2024-03-05 15:50:14.588,19373,19374,19373,1,-1
2024-03-05 15:50:14.588,19373,19374,19373,1,-1
2024-03-05 15:50:14.588,19373,19374,19373,6,-6
2024-03-05 15:50:14.589,19373,19374,19373,1,-1
2024-03-05 15:50:14.589,19373,19374,19373,1,-1
2024-03-05 15:50:14.639,19373,19374,19372,2,-2
2024-03-05 15:50:14.654,19372,19373,19372,1,-1
2024-03-05 15:50:14.672,19372,19373,19372,2,-2
2024-03-05 15:50:14.682,19372,19373,19372,1,-1
2024-03-05 15:50:14.889,19371,19372,19371,1,-1
2024-03-05 15:50:15.065,19371,19372,19371,1,-1
2024-03-05 15:50:15.096,19371,19372,19371,2,-2
2024-03-05 15:50:15.100,19371,19372,19371,1,-1
2024-03-05 15:50:15.102,19371,19372,19371,1,-1
2024-03-05 15:50:15.233,19371,19372,19371,1,-1
2024-03-05 15:50:15.321,19371,19372,19371,1,-1
2024-03-05 15:50:15.391,19371,19372,19372,5,5
2024-03-05 15:50:15.585,19371,19373,19371,1,-1
2024-03-05 15:50:15.717,19371,19373,19371,1,-1
2024-03-05 15:50:15.973,19371,19373,19371,1,-1
2024-03-05 15:50:16.069,19371,19373,19371,1,-1
2024-03-05 15:50:16.269,19371,19373,19371,1,-1
2024-03-05 15:50:16.393,19371,19373,19371,1,-1
2024-03-05 15:50:16.669,19371,19373,19371,1,-1
2024-03-05 15:50:16.865,19371,19373,19371,1,-1
2024-03-05 15:50:17.029,19371,19373,19371,1,-1
2024-03-05 15:50:17.185,19371,19373,19371,1,-1
2024-03-05 15:50:17.461,19371,19373,19371,1,-1
2024-03-05 15:50:17.653,19371,19373,19371,1,-1
2024-03-05 15:50:17.729,19371,19373,19371,1,-1
2024-03-05 15:50:17.986,19371,19373,19371,1,-1
2024-03-05 15:50:18.089,19370,19372,19370,1,-1
2024-03-05 15:50:18.123,19370,19372,19370,2,-2
2024-03-05 15:50:27.673,19371,19373,19371,1,-1
2024-03-05 15:50:27.689,19371,19373,19371,1,-1
2024-03-05 15:50:28.077,19371,19372,19371,1,-1
2024-03-05 15:50:28.157,19371,19372,19371,1,-1
2024-03-05 15:50:28.442,19370,19372,19370,1,-1
2024-03-05 15:50:28.517,19370,19372,19370,1,-1
2024-03-05 15:50:39.229,19371,19372,19371,1,-1
2024-03-05 15:50:39.465,19371,19372,19371,1,-1
2024-03-05 15:50:39.645,19371,19372,19371,1,-1
2024-03-05 15:50:39.789,19371,19372,19371,1,-1
2024-03-05 15:50:39.885,19371,19372,19371,1,-1
2024-03-05 15:50:43.503,19370,19371,19370,1,-1
2024-03-05 15:50:49.102,19370,19371,19371,4,4
2024-03-05 15:50:49.413,19371,19372,19371,1,-1
2024-03-05 15:50:49.605,19371,19372,19371,1,-1
2024-03-05 15:50:49.845,19371,19372,19371,1,-1
2024-03-05 15:50:50.505,19371,19372,19371,1,-1
2024-03-05 15:50:51.233,19371,19372,19371,1,-1
2024-03-05 15:50:51.409,19370,19372,19370,1,-1
2024-03-05 15:50:54.762,19370,19372,19370,1,-1
2024-03-05 15:51:02.299,19370,19371,19370,6,-6
2024-03-05 15:51:02.332,19370,19371,19371,1,1
2024-03-05 15:51:02.820,19370,19371,19370,1,-1
2024-03-05 15:51:18.605,19370,19372,19370,1,-1
2024-03-05 15:51:35.989,19371,19372,19371,1,-1
2024-03-05 15:51:43.190,19370,19372,19372,1,1
2024-03-05 15:51:43.533,19371,19372,19371,1,-1
2024-03-05 15:51:51.591,19371,19373,19372,1,-1
2024-03-05 15:51:53.077,19372,19373,19372,1,-1
2024-03-05 15:51:53.815,19372,19373,19372,2,-2
2024-03-05 15:51:53.945,19371,19373,19371,2,-2
2024-03-05 15:52:00.513,19371,19373,19371,1,-1
2024-03-05 15:52:00.902,19371,19373,19371,1,-1
2024-03-05 15:52:01.229,19371,19373,19371,1,-1
2024-03-05 15:52:01.497,19371,19372,19371,1,-1
2024-03-05 15:52:01.781,19371,19372,19371,1,-1
2024-03-05 15:52:03.933,19370,19372,19371,1,-1
2024-03-05 15:52:06.697,19371,19372,19371,1,-1
2024-03-05 15:52:22.708,19370,19372,19372,10,10
2024-03-05 15:52:25.478,19371,19372,19372,2,2
2024-03-05 15:52:31.746,19372,19374,19374,2,2
2024-03-05 15:52:31.894,19372,19374,19374,2,2
2024-03-05 15:52:34.236,19372,19374,19372,5,-5
2024-03-05 15:52:34.357,19371,19373,19371,1,-1
2024-03-05 15:53:05.992,19371,19372,19371,1,-1
2024-03-05 15:53:06.064,19370,19372,19370,1,-1
2024-03-05 15:53:16.970,19370,19372,19370,2,-2
2024-03-05 15:53:25.511,19371,19372,19371,2,-2
2024-03-05 15:53:41.256,19371,19372,19372,1,1
2024-03-05 15:53:56.915,19371,19372,19372,2,2
2024-03-05 15:53:58.689,19372,19373,19372,1,-1
2024-03-05 15:53:58.697,19372,19373,19372,1,-1
2024-03-05 15:53:58.877,19371,19372,19371,1,-1
2024-03-05 15:54:09.238,19371,19372,19371,1,-1
2024-03-05 15:54:13.405,19371,19372,19371,1,-1
2024-03-05 15:54:28.692,19371,19372,19371,1,-1
2024-03-05 15:54:38.123,19371,19372,19371,12,-12
2024-03-05 15:54:38.124,19371,19372,19371,3,-3
2024-03-05 15:55:00.940,19370,19371,19371,1,1
2024-03-05 15:55:03.850,19371,19372,19371,1,-1
2024-03-05 15:55:27.834,19371,19372,19371,1,-1
2024-03-05 15:55:50.069,19371,19372,19372,1,1
2024-03-05 15:55:57.186,19371,19372,19372,2,2
2024-03-05 15:56:13.147,19371,19372,19371,1,-1
2024-03-05 15:56:20.303,19371,19372,19372,2,2
2024-03-05 15:56:27.529,19371,19372,19372,1,1
2024-03-05 15:56:56.897,19371,19372,19372,1,1
2024-03-05 15:57:04.131,19371,19372,19372,1,1
2024-03-05 15:57:04.131,19371,19372,19372,1,1
2024-03-05 15:57:04.318,19372,19373,19372,1,-1
2024-03-05 15:57:04.341,19372,19373,19372,1,-1
2024-03-05 15:57:04.397,19372,19373,19372,1,-1
2024-03-05 15:57:04.398,19372,19373,19372,1,-1
2024-03-05 15:57:04.958,19371,19373,19371,2,-2
2024-03-05 15:57:07.736,19371,19373,19372,1,-1
2024-03-05 15:57:07.739,19371,19373,19372,1,-1
2024-03-05 15:57:08.422,19371,19373,19372,1,-1
2024-03-05 15:57:08.758,19372,19373,19372,1,-1
2024-03-05 15:57:08.801,19372,19373,19372,1,-1
2024-03-05 15:57:09.085,19371,19372,19371,1,-1
2024-03-05 15:57:24.728,19371,19372,19372,2,2
2024-03-05 15:57:25.868,19371,19373,19371,2,-2
2024-03-05 15:57:56.981,19372,19373,19372,1,-1
2024-03-05 15:58:01.450,19371,19372,19371,1,-1
2024-03-05 15:58:01.452,19371,19372,19371,1,-1
2024-03-05 15:58:56.460,19371,19372,19372,1,1
2024-03-05 15:59:03.739,19371,19372,19372,2,2
2024-03-05 15:59:03.953,19372,19373,19372,1,-1
2024-03-05 15:59:04.113,19371,19372,19371,1,-1
2024-03-05 15:59:08.186,19371,19372,19372,1,1
2024-03-05 15:59:25.409,19372,19373,19372,1,-1
2024-03-05 15:59:25.609,19371,19372,19371,1,-1
2024-03-05 15:59:29.413,19371,19372,19372,1,1
2024-03-05 15:59:31.318,19371,19372,19372,1,1
2024-03-05 15:59:34.729,19372,19373,19372,1,-1
2024-03-05 15:59:34.813,19371,19373,19371,1,-1
2024-03-05 15:59:34.861,19371,19373,19371,1,-1
2024-03-05 15:59:34.865,19371,19373,19371,1,-1
2024-03-05 15:59:35.046,19371,19373,19371,15,-15
2024-03-05 16:00:00.621,19372,19373,19373,1,1
2024-03-05 16:00:00.621,19372,19373,19373,1,1
2024-03-05 16:00:00.866,19372,19374,19372,5,-5
2024-03-05 16:00:00.875,19372,19374,19372,1,-1
2024-03-05 16:00:00.878,19372,19374,19371,1,-1
2024-03-05 16:00:00.896,19372,19374,19371,1,-1
2024-03-05 16:00:01.301,19371,19373,19373,1,1
2024-03-05 16:00:01.402,19371,19373,19371,1,-1
2024-03-05 16:00:01.405,19371,19373,19371,1,-1
2024-03-05 16:00:01.451,19371,19373,19371,1,-1
2024-03-05 16:00:01.539,19371,19373,19373,1,1
2024-03-05 16:00:01.708,19372,19374,19372,1,-1
2024-03-05 16:00:01.742,19372,19374,19374,1,1
2024-03-05 16:00:02.249,19372,19374,19372,1,-1
2024-03-05 16:00:07.559,19373,19374,19374,3,3
2024-03-05 16:00:07.573,19373,19374,19374,4,4
2024-03-05 16:00:12.093,19374,19375,19375,17,17
2024-03-05 16:00:12.093,19374,19375,19375,2,2
2024-03-05 16:00:12.154,19375,19376,19375,1,-1
2024-03-05 16:00:12.155,19375,19376,19375,1,-1
2024-03-05 16:00:12.155,19375,19376,19375,1,-1
2024-03-05 16:00:12.959,19375,19376,19376,3,3
2024-03-05 16:00:13.302,19375,19376,19376,4,4
2024-03-05 16:00:14.356,19376,19377,19377,2,2
2024-03-05 16:00:14.418,19376,19377,19377,2,2
2024-03-05 16:00:14.418,19376,19377,19377,6,6
2024-03-05 16:00:14.506,19376,19377,19377,5,5
2024-03-05 16:00:15.576,19377,19378,19378,20,20
2024-03-05 16:00:15.722,19378,19379,19379,2,2
2024-03-05 16:00:15.785,19377,19379,19377,2,-2
2024-03-05 16:00:17.078,19377,19379,19377,1,-1
2024-03-05 16:00:23.529,19377,19378,19378,1,1
2024-03-05 16:00:23.531,19377,19378,19378,3,3
2024-03-05 16:00:23.655,19378,19379,19378,1,-1
2024-03-05 16:00:24.285,19378,19379,19378,1,-1
2024-03-05 16:00:28.480,19378,19379,19379,1,1
2024-03-05 16:00:32.266,19378,19379,19379,4,4
2024-03-05 16:00:34.914,19379,19380,19379,1,-1
2024-03-05 16:00:35.843,19379,19380,19380,15,15
2024-03-05 16:00:35.968,19380,19381,19381,1,1
2024-03-05 16:00:36.194,19380,19381,19381,1,1
2024-03-05 16:00:36.198,19380,19381,19381,1,1
2024-03-05 16:00:40.189,19381,19382,19382,8,8
2024-03-05 16:00:40.189,19381,19382,19382,2,2
2024-03-05 16:00:40.911,19382,19383,19382,2,-2
2024-03-05 16:00:44.269,19382,19383,19383,1,1
2024-03-05 16:00:44.291,19382,19383,19382,1,-1
2024-03-05 16:00:44.356,19382,19383,19382,1,-1
2024-03-05 16:00:44.597,19382,19383,19382,2,-2
2024-03-05 16:00:44.631,19382,19383,19383,1,1
2024-03-05 16:00:44.846,19382,19383,19383,2,2
2024-03-05 16:00:49.022,19382,19383,19382,2,-2
2024-03-05 16:00:49.023,19382,19383,19381,2,-2
2024-03-05 16:00:49.071,19382,19383,19381,3,-3
2024-03-05 16:00:51.094,19380,19381,19380,1,-1
2024-03-05 16:00:51.095,19380,19381,19380,4,-4
2024-03-05 16:00:51.154,19379,19381,19379,1,-1
2024-03-05 16:00:52.086,19380,19381,19381,2,2
2024-03-05 16:00:52.086,19380,19381,19382,1,1
2024-03-05 16:00:53.099,19380,19382,19380,1,-1
2024-03-05 16:00:53.228,19380,19382,19381,1,-1
2024-03-05 16:00:56.391,19380,19382,19380,1,-1
2024-03-05 16:00:59.229,19380,19382,19382,1,1
2024-03-05 16:01:00.689,19379,19381,19381,1,1
2024-03-05 16:01:01.129,19379,19381,19381,1,1
2024-03-05 16:01:01.153,19379,19381,19381,1,1
2024-03-05 16:01:01.297,19379,19381,19381,1,1
2024-03-05 16:01:01.469,19379,19381,19379,1,-1
2024-03-05 16:01:01.472,19379,19381,19379,3,-3
2024-03-05 16:01:01.483,19379,19381,19380,1,-1
2024-03-05 16:01:01.648,19378,19380,19380,1,1
2024-03-05 16:01:01.815,19378,19380,19380,1,1
2024-03-05 16:01:01.971,19378,19380,19380,1,1
2024-03-05 16:01:02.059,19378,19380,19380,5,5
2024-03-05 16:01:02.120,19378,19380,19380,1,1
2024-03-05 16:01:02.264,19378,19380,19380,1,1
2024-03-05 16:01:02.407,19378,19380,19380,1,1
2024-03-05 16:01:02.584,19378,19380,19380,1,1
2024-03-05 16:01:02.728,19379,19380,19380,1,1
2024-03-05 16:01:02.863,19379,19380,19380,1,1
2024-03-05 16:01:03.022,19379,19381,19381,1,1
2024-03-05 16:01:03.162,19380,19381,19381,1,1
2024-03-05 16:01:03.315,19380,19381,19381,1,1
2024-03-05 16:01:07.235,19381,19382,19382,2,2
2024-03-05 16:01:11.885,19381,19382,19382,1,1
2024-03-05 16:01:11.905,19382,19383,19383,1,1
2024-03-05 16:01:12.348,19382,19383,19382,1,-1
2024-03-05 16:01:12.456,19382,19383,19383,2,2
2024-03-05 16:01:13.891,19382,19383,19383,5,5
2024-03-05 16:01:14.781,19382,19383,19382,2,-2
2024-03-05 16:01:17.259,19382,19383,19382,2,-2
2024-03-05 16:01:21.010,19381,19382,19382,3,3
2024-03-05 16:01:21.029,19381,19382,19382,1,1
2024-03-05 16:01:21.030,19381,19382,19383,1,1
2024-03-05 16:01:21.030,19381,19382,19383,1,1
2024-03-05 16:01:26.135,19381,19382,19382,1,1
2024-03-05 16:01:27.175,19381,19382,19382,1,1
2024-03-05 16:01:27.279,19381,19382,19382,1,1
2024-03-05 16:01:27.279,19381,19382,19382,1,1
2024-03-05 16:01:27.279,19381,19382,19382,1,1
2024-03-05 16:01:27.280,19381,19382,19382,1,1
2024-03-05 16:01:27.280,19381,19382,19382,1,1
2024-03-05 16:01:27.280,19381,19382,19382,1,1
2024-03-05 16:01:27.280,19381,19382,19382,1,1
2024-03-05 16:01:27.280,19381,19382,19383,1,1
2024-03-05 16:01:31.720,19381,19383,19383,2,2
2024-03-05 16:01:32.518,19381,19382,19382,1,1
2024-03-05 16:01:35.882,19382,19383,19382,3,-3
2024-03-05 16:01:37.828,19381,19382,19382,2,2
2024-03-05 16:01:37.904,19381,19382,19382,1,1
2024-03-05 16:01:40.195,19381,19382,19382,8,8
2024-03-05 16:01:45.816,19382,19383,19383,1,1
2024-03-05 16:01:47.542,19382,19383,19382,2,-2
2024-03-05 16:01:56.013,19381,19382,19382,1,1
2024-03-05 16:01:56.461,19381,19382,19382,1,1
2024-03-05 16:01:56.871,19381,19382,19382,1,1
2024-03-05 16:02:00.211,19381,19382,19382,1,1
2024-03-05 16:02:00.942,19381,19382,19381,1,-1
2024-03-05 16:02:02.199,19381,19382,19381,1,-1
2024-03-05 16:02:07.026,19381,19382,19381,1,-1
2024-03-05 16:02:07.032,19381,19382,19381,1,-1
2024-03-05 16:02:07.866,19381,19382,19381,3,-3
2024-03-05 16:02:07.866,19381,19382,19381,2,-2
2024-03-05 16:02:15.723,19380,19381,19380,3,-3
2024-03-05 16:02:18.954,19379,19380,19380,1,1
2024-03-05 16:02:19.066,19379,19380,19379,1,-1
2024-03-05 16:02:19.067,19379,19380,19379,1,-1
2024-03-05 16:02:28.103,19378,19379,19378,1,-1
2024-03-05 16:02:28.104,19378,19379,19378,1,-1
2024-03-05 16:02:33.518,19377,19379,19377,10,-10
2024-03-05 16:02:34.510,19377,19378,19377,1,-1
2024-03-05 16:02:36.819,19376,19377,19377,1,1
2024-03-05 16:02:40.197,19376,19377,19377,2,2
2024-03-05 16:02:43.520,19376,19378,19378,1,1
2024-03-05 16:03:02.915,19377,19379,19379,5,5
2024-03-05 16:03:04.279,19377,19379,19379,1,1
2024-03-05 16:03:07.069,19377,19379,19378,2,2
2024-03-05 16:03:08.146,19378,19380,19378,1,-1
2024-03-05 16:03:18.471,19378,19379,19379,1,1
2024-03-05 16:03:18.611,19378,19380,19378,1,-1
2024-03-05 16:03:22.815,19379,19380,19379,1,-1
2024-03-05 16:03:25.691,19378,19379,19379,2,2
2024-03-05 16:03:27.699,19378,19379,19378,4,-4
2024-03-05 16:03:27.700,19378,19379,19378,1,-1
2024-03-05 16:03:30.973,19377,19379,19377,2,-2
2024-03-05 16:03:47.925,19378,19379,19378,1,-1
2024-03-05 16:03:50.940,19378,19379,19379,4,4
2024-03-05 16:03:57.213,19378,19379,19379,1,1
2024-03-05 16:03:57.213,19378,19379,19380,1,1
2024-03-05 16:04:01.778,19379,19380,19380,1,1
2024-03-05 16:04:09.029,19379,19380,19380,1,1
2024-03-05 16:04:14.542,19379,19380,19380,1,1
2024-03-05 16:04:19.211,19380,19381,19380,1,-1
2024-03-05 16:04:20.410,19380,19381,19381,2,2
2024-03-05 16:04:31.610,19380,19382,19382,1,1
2024-03-05 16:04:38.730,19381,19382,19382,2,2
2024-03-05 16:04:40.489,19381,19383,19382,1,1
2024-03-05 16:04:40.489,19381,19383,19383,1,1
2024-03-05 16:04:40.636,19381,19382,19381,1,-1
2024-03-05 16:04:49.214,19381,19382,19381,7,-7
2024-03-05 16:04:49.236,19381,19382,19381,2,-2
2024-03-05 16:04:51.816,19380,19381,19381,1,1
2024-03-05 16:04:54.282,19380,19381,19381,3,3
2024-03-05 16:05:00.392,19380,19381,19381,1,1
2024-03-05 16:05:02.648,19380,19381,19381,1,1
2024-03-05 16:05:03.724,19380,19381,19381,1,1
2024-03-05 16:05:04.600,19380,19381,19381,1,1
2024-03-05 16:05:10.171,19380,19381,19381,1,1
2024-03-05 16:05:12.783,19380,19381,19380,2,-2
2024-03-05 16:05:18.456,19380,19381,19380,1,-1
2024-03-05 16:05:18.457,19380,19381,19380,9,-9
2024-03-05 16:05:29.306,19379,19380,19379,1,-1
2024-03-05 16:05:29.573,19379,19380,19380,1,1
2024-03-05 16:05:32.379,19379,19380,19380,2,2
2024-03-05 16:05:39.023,19379,19380,19379,2,-2
2024-03-05 16:05:52.477,19378,19379,19378,1,-1
2024-03-05 16:06:00.183,19378,19379,19379,1,1
2024-03-05 16:06:48.459,19378,19379,19378,1,-1
2024-03-05 16:06:54.994,19378,19379,19378,9,-9
2024-03-05 16:06:56.916,19377,19378,19378,1,1
2024-03-05 16:07:04.019,19377,19378,19378,1,1
2024-03-05 16:07:14.653,19378,19379,19378,1,-1
2024-03-05 16:07:22.355,19378,19379,19378,2,-2
2024-03-05 16:07:26.728,19377,19378,19377,17,-17
2024-03-05 16:07:26.729,19377,19378,19377,2,-2
2024-03-05 16:07:26.729,19377,19378,19377,2,-2
2024-03-05 16:07:26.731,19377,19378,19376,5,-5
2024-03-05 16:07:26.874,19375,19377,19376,1,-1
2024-03-05 16:07:31.185,19375,19377,19375,1,-1
2024-03-05 16:07:31.326,19375,19377,19375,1,-1
2024-03-05 16:07:31.396,19375,19377,19377,1,1
2024-03-05 16:07:39.142,19377,19378,19377,2,-2
2024-03-05 16:07:39.148,19377,19378,19377,2,-2
2024-03-05 16:07:39.646,19376,19378,19376,1,-1
2024-03-05 16:07:50.462,19377,19378,19377,2,-2
2024-03-05 16:07:50.609,19376,19378,19376,1,-1
2024-03-05 16:07:56.483,19375,19376,19375,4,-4
2024-03-05 16:08:00.953,19375,19376,19376,2,2
2024-03-05 16:08:05.555,19376,19377,19377,1,1
2024-03-05 16:08:15.853,19377,19378,19377,1,-1
2024-03-05 16:08:18.383,19377,19378,19378,1,1
2024-03-05 16:08:18.384,19377,19378,19378,1,1
2024-03-05 16:08:26.791,19377,19378,19378,3,3
2024-03-05 16:08:33.536,19377,19379,19379,2,2
2024-03-05 16:08:38.189,19377,19378,19378,1,1
2024-03-05 16:08:38.316,19377,19378,19377,1,-1
2024-03-05 16:09:02.878,19377,19378,19377,1,-1
2024-03-05 16:09:03.375,19377,19378,19377,1,-1
2024-03-05 16:09:03.864,19377,19378,19377,7,-7
2024-03-05 16:09:03.902,19376,19377,19376,1,-1
2024-03-05 16:09:29.260,19375,19376,19375,1,-1
2024-03-05 16:09:33.118,19375,19376,19375,1,-1
2024-03-05 16:09:34.015,19375,19376,19375,1,-1
2024-03-05 16:09:37.024,19375,19376,19375,1,-1
2024-03-05 16:09:53.193,19375,19377,19375,1,-1
2024-03-05 16:10:08.472,19375,19377,19375,2,-2
2024-03-05 16:10:08.955,19375,19377,19375,1,-1
2024-03-05 16:10:10.727,19375,19376,19376,1,1
2024-03-05 16:10:13.574,19375,19376,19376,1,1
2024-03-05 16:10:22.257,19376,19378,19378,1,1
2024-03-05 16:10:33.782,19376,19377,19376,5,-5
2024-03-05 16:10:34.639,19375,19377,19375,1,-1
2024-03-05 16:10:37.420,19375,19377,19377,2,2
2024-03-05 16:10:40.193,19375,19376,19376,1,1
2024-03-05 16:10:42.605,19375,19377,19375,1,-1
2024-03-05 16:10:43.924,19375,19377,19375,1,-1
2024-03-05 16:10:44.884,19375,19377,19375,1,-1
2024-03-05 16:10:45.844,19375,19377,19375,1,-1
2024-03-05 16:10:53.264,19375,19377,19375,1,-1
2024-03-05 16:10:55.587,19375,19377,19375,1,-1
2024-03-05 16:11:06.700,19375,19376,19375,6,-6
2024-03-05 16:11:06.756,19375,19376,19374,1,-1
2024-03-05 16:11:06.757,19375,19376,19374,1,-1
2024-03-05 16:11:06.856,19373,19375,19373,1,-1
2024-03-05 16:11:06.889,19373,19375,19373,2,-2
2024-03-05 16:11:14.002,19373,19374,19374,15,15
2024-03-05 16:11:19.431,19376,19377,19377,1,1
2024-03-05 16:11:19.901,19377,19379,19377,2,-2
2024-03-05 16:11:25.839,19378,19379,19378,1,-1
2024-03-05 16:11:29.963,19378,19379,19378,1,-1
2024-03-05 16:11:30.643,19378,19379,19378,1,-1
2024-03-05 16:11:31.463,19378,19379,19378,1,-1
2024-03-05 16:11:46.856,19375,19377,19375,1,-1
2024-03-05 16:11:53.522,19375,19377,19377,1,1
2024-03-05 16:12:05.014,19376,19377,19376,1,-1
2024-03-05 16:12:09.656,19376,19378,19376,1,-1
2024-03-05 16:12:12.384,19376,19378,19376,3,-3
2024-03-05 16:12:13.382,19375,19377,19375,1,-1
2024-03-05 16:12:20.185,19375,19376,19376,2,2
2024-03-05 16:12:25.121,19375,19376,19376,1,1
2024-03-05 16:12:40.194,19375,19376,19376,2,2
2024-03-05 16:12:47.880,19375,19376,19375,7,-7
2024-03-05 16:12:48.081,19374,19375,19374,1,-1
2024-03-05 16:12:48.082,19374,19375,19374,1,-1
2024-03-05 16:12:55.420,19373,19374,19373,1,-1
2024-03-05 16:13:02.014,19373,19374,19373,1,-1
2024-03-05 16:13:13.390,19373,19374,19373,1,-1
2024-03-05 16:13:19.150,19373,19374,19374,3,3
2024-03-05 16:13:19.249,19374,19375,19374,2,-2
2024-03-05 16:13:28.044,19374,19375,19374,1,-1
2024-03-05 16:13:32.724,19374,19375,19375,2,2
2024-03-05 16:13:36.646,19374,19375,19374,1,-1
2024-03-05 16:13:44.219,19374,19375,19374,1,-1
2024-03-05 16:13:48.490,19374,19375,19374,2,-2
2024-03-05 16:13:51.263,19374,19375,19374,1,-1
2024-03-05 16:13:58.758,19373,19375,19373,1,-1
2024-03-05 16:13:59.014,19372,19374,19372,1,-1
2024-03-05 16:14:02.287,19373,19374,19373,1,-1
2024-03-05 16:14:08.605,19373,19374,19373,1,-1
2024-03-05 16:14:08.731,19373,19374,19373,1,-1
2024-03-05 16:14:10.817,19373,19374,19373,1,-1
2024-03-05 16:14:11.543,19373,19374,19373,2,-2
2024-03-05 16:14:17.335,19372,19373,19372,1,-1
2024-03-05 16:14:18.014,19372,19373,19372,1,-1
2024-03-05 16:14:19.703,19372,19373,19372,1,-1
2024-03-05 16:14:23.451,19371,19372,19371,5,-5
2024-03-05 16:14:23.716,19370,19371,19370,1,-1
2024-03-05 16:14:23.827,19370,19371,19370,2,-2
2024-03-05 16:14:23.828,19370,19371,19370,1,-1
2024-03-05 16:14:23.887,19370,19371,19370,1,-1
2024-03-05 16:14:23.887,19370,19371,19370,1,-1
2024-03-05 16:14:23.888,19370,19371,19370,1,-1
2024-03-05 16:14:23.961,19369,19371,19369,3,-3
2024-03-05 16:14:23.973,19369,19371,19369,1,-1
2024-03-05 16:14:23.981,19369,19371,19369,1,-1
2024-03-05 16:14:24.032,19369,19370,19369,2,-2
2024-03-05 16:14:24.095,19369,19370,19369,1,-1
2024-03-05 16:14:24.146,19369,19370,19370,3,3
2024-03-05 16:14:24.548,19369,19371,19369,2,-2
2024-03-05 16:14:25.513,19369,19371,19371,1,1
2024-03-05 16:14:29.074,19370,19372,19371,1,1
2024-03-05 16:14:32.876,19370,19372,19370,1,-1
2024-03-05 16:14:33.834,19370,19372,19370,1,-1
2024-03-05 16:14:34.461,19370,19372,19370,1,-1
2024-03-05 16:14:36.676,19370,19372,19370,1,-1
2024-03-05 16:14:37.196,19370,19372,19370,1,-1
2024-03-05 16:14:37.211,19370,19372,19371,1,-1
2024-03-05 16:14:37.916,19371,19372,19371,1,-1
2024-03-05 16:14:38.556,19371,19372,19371,1,-1
2024-03-05 16:14:39.346,19371,19372,19371,1,-1
2024-03-05 16:14:40.296,19371,19372,19371,1,-1
2024-03-05 16:14:53.169,19371,19372,19371,1,-1
2024-03-05 16:15:00.195,19371,19372,19372,1,1
2024-03-05 16:15:00.770,19371,19372,19372,8,8
2024-03-05 16:15:01.053,19372,19374,19373,1,1
2024-03-05 16:15:05.217,19373,19375,19373,20,-20
2024-03-05 16:15:08.847,19372,19373,19373,1,1
2024-03-05 16:15:19.837,19372,19373,19373,1,1
2024-03-05 16:15:20.189,19372,19373,19373,7,7
2024-03-05 16:15:20.564,19372,19373,19373,1,1
2024-03-05 16:15:22.677,19373,19375,19373,2,-2
2024-03-05 16:15:22.814,19373,19375,19373,11,-11
2024-03-05 16:15:25.411,19372,19373,19373,1,1
2024-03-05 16:15:50.669,19372,19373,19373,21,21
2024-03-05 16:15:54.100,19374,19375,19375,1,1
2024-03-05 16:16:03.127,19374,19376,19376,2,2
2024-03-05 16:16:11.548,19374,19375,19374,1,-1
2024-03-05 16:16:11.548,19374,19375,19374,1,-1
2024-03-05 16:16:11.553,19374,19375,19373,1,-1
2024-03-05 16:16:12.052,19372,19374,19374,1,1
2024-03-05 16:16:12.119,19372,19374,19374,1,1
2024-03-05 16:16:12.155,19372,19374,19374,1,1
2024-03-05 16:16:12.155,19372,19374,19374,1,1
2024-03-05 16:16:30.431,19373,19374,19373,1,-1
2024-03-05 16:16:30.982,19372,19374,19372,3,-3
2024-03-05 16:16:32.176,19371,19372,19371,1,-1
2024-03-05 16:16:32.176,19371,19372,19371,4,-4
2024-03-05 16:16:32.279,19370,19372,19372,1,1
2024-03-05 16:16:40.104,19371,19373,19373,2,2
2024-03-05 16:16:55.001,19372,19373,19372,1,-1
2024-03-05 16:16:55.029,19371,19373,19373,1,1
2024-03-05 16:17:09.565,19371,19372,19372,1,1
2024-03-05 16:17:12.973,19371,19372,19372,1,1
2024-03-05 16:17:18.284,19371,19372,19371,1,-1
2024-03-05 16:17:20.401,19371,19372,19371,1,-1
2024-03-05 16:17:21.542,19371,19372,19372,1,1
2024-03-05 16:17:21.543,19371,19372,19372,1,1
2024-03-05 16:17:21.557,19371,19372,19371,5,-5
2024-03-05 16:17:27.012,19371,19372,19371,1,-1
2024-03-05 16:17:31.307,19371,19372,19372,1,1
2024-03-05 16:17:31.878,19371,19373,19373,2,2
2024-03-05 16:17:33.405,19372,19373,19372,1,-1
2024-03-05 16:17:36.965,19371,19372,19372,4,4
2024-03-05 16:17:37.193,19372,19373,19372,1,-1
2024-03-05 16:17:37.253,19372,19373,19372,1,-1
2024-03-05 16:17:37.313,19372,19373,19372,1,-1
2024-03-05 16:17:39.055,19372,19373,19372,1,-1
2024-03-05 16:17:43.529,19372,19373,19373,2,2
2024-03-05 16:17:52.576,19372,19373,19373,1,1
2024-03-05 16:18:01.541,19372,19373,19373,1,1
2024-03-05 16:18:09.048,19372,19373,19373,1,1
2024-03-05 16:18:09.048,19372,19373,19373,2,2
2024-03-05 16:18:20.192,19374,19375,19375,2,2
2024-03-05 16:18:27.058,19374,19375,19375,1,1
2024-03-05 16:18:27.130,19374,19375,19374,1,-1
2024-03-05 16:18:27.130,19374,19375,19374,1,-1
2024-03-05 16:18:30.098,19372,19374,19372,3,-3
2024-03-05 16:18:43.376,19371,19372,19371,1,-1
2024-03-05 16:18:44.101,19371,19372,19372,1,1
2024-03-05 16:19:00.725,19371,19372,19372,1,1
2024-03-05 16:19:06.293,19372,19373,19372,1,-1
2024-03-05 16:19:06.433,19372,19373,19372,1,-1
2024-03-05 16:19:06.433,19372,19373,19372,1,-1
2024-03-05 16:19:19.642,19371,19372,19372,3,3
2024-03-05 16:19:20.757,19372,19373,19372,1,-1
2024-03-05 16:19:20.917,19372,19373,19372,1,-1
2024-03-05 16:19:21.941,19372,19373,19372,2,-2
2024-03-05 16:19:33.021,19372,19373,19372,1,-1
2024-03-05 16:19:33.201,19372,19373,19372,1,-1
2024-03-05 16:19:33.317,19372,19373,19372,1,-1
2024-03-05 16:19:36.369,19372,19373,19372,1,-1
2024-03-05 16:19:36.393,19372,19373,19372,1,-1
2024-03-05 16:19:36.669,19372,19373,19372,1,-1
2024-03-05 16:19:36.697,19372,19373,19372,1,-1
2024-03-05 16:19:37.718,19372,19373,19372,1,-1
2024-03-05 16:19:39.049,19372,19373,19372,1,-1
2024-03-05 16:19:39.173,19372,19373,19372,1,-1
2024-03-05 16:19:39.333,19372,19373,19372,1,-1
2024-03-05 16:19:40.121,19372,19373,19372,1,-1
2024-03-05 16:19:40.221,19372,19373,19372,1,-1
2024-03-05 16:19:41.346,19372,19373,19372,1,-1
2024-03-05 16:19:41.346,19372,19373,19372,2,-2
2024-03-05 16:19:41.361,19372,19373,19371,10,-10
2024-03-05 16:19:41.365,19372,19373,19370,2,-2
2024-03-05 16:19:41.365,19372,19373,19370,1,-1
2024-03-05 16:19:41.365,19372,19373,19370,1,-1
2024-03-05 16:19:41.365,19372,19373,19370,5,-5
2024-03-05 16:19:43.770,19369,19371,19369,1,-1
2024-03-05 16:19:45.933,19369,19370,19369,1,-1
2024-03-05 16:19:48.620,19368,19369,19369,1,1
2024-03-05 16:19:49.770,19368,19370,19368,2,-2
2024-03-05 16:19:49.834,19368,19370,19368,2,-2
2024-03-05 16:19:52.017,19369,19370,19369,1,-1
2024-03-05 16:20:00.551,19368,19369,19368,2,-2
2024-03-05 16:20:02.887,19368,19369,19368,1,-1
2024-03-05 16:20:04.479,19368,19369,19368,2,-2
2024-03-05 16:20:12.095,19368,19369,19369,1,1
2024-03-05 16:20:12.095,19368,19369,19369,2,2
2024-03-05 16:20:12.309,19369,19370,19369,1,-1
2024-03-05 16:20:12.405,19369,19370,19369,1,-1
2024-03-05 16:20:12.589,19369,19370,19369,1,-1
2024-03-05 16:20:12.689,19369,19370,19369,1,-1
2024-03-05 16:20:12.969,19369,19370,19369,1,-1
2024-03-05 16:20:13.069,19369,19370,19369,1,-1
2024-03-05 16:20:13.281,19369,19370,19369,1,-1
2024-03-05 16:20:13.401,19369,19370,19369,1,-1
2024-03-05 16:20:13.577,19369,19370,19369,1,-1
2024-03-05 16:20:13.925,19368,19370,19368,1,-1
2024-03-05 16:20:14.760,19368,19370,19370,2,2
2024-03-05 16:20:17.705,19369,19370,19369,1,-1
2024-03-05 16:20:21.052,19368,19369,19369,4,4
2024-03-05 16:20:21.525,19369,19370,19369,1,-1
2024-03-05 16:20:21.525,19369,19370,19369,1,-1
2024-03-05 16:20:23.454,19368,19369,19369,1,1
2024-03-05 16:20:23.708,19368,19369,19368,3,-3
2024-03-05 16:20:23.708,19368,19369,19368,1,-1
2024-03-05 16:20:23.708,19368,19369,19368,2,-2
2024-03-05 16:20:23.708,19368,19369,19368,2,-2
2024-03-05 16:20:23.708,19368,19369,19368,1,-1
2024-03-05 16:20:23.709,19368,19369,19368,1,-1
2024-03-05 16:20:24.254,19368,19369,19368,2,-2
2024-03-05 16:20:24.254,19368,19369,19368,2,-2
2024-03-05 16:20:24.254,19368,19369,19368,3,-3
2024-03-05 16:20:24.254,19368,19369,19368,1,-1
2024-03-05 16:20:24.254,19368,19369,19368,3,-3
2024-03-05 16:20:24.255,19368,19369,19368,1,-1
2024-03-05 16:20:24.255,19368,19369,19368,1,-1
2024-03-05 16:20:24.255,19368,19369,19368,1,-1
2024-03-05 16:20:24.255,19368,19369,19368,4,-4
2024-03-05 16:20:24.255,19368,19369,19368,1,-1
2024-03-05 16:20:26.357,19367,19368,19368,4,4
2024-03-05 16:20:31.223,19367,19368,19367,3,-3
2024-03-05 16:20:31.369,19367,19368,19367,1,-1
2024-03-05 16:20:31.401,19367,19368,19367,1,-1
2024-03-05 16:20:31.437,19367,19368,19367,1,-1
2024-03-05 16:20:31.437,19367,19368,19367,1,-1
2024-03-05 16:20:31.553,19367,19368,19367,1,-1
2024-03-05 16:20:31.685,19366,19367,19366,1,-1
2024-03-05 16:20:31.797,19366,19367,19366,1,-1
2024-03-05 16:20:32.085,19366,19367,19366,1,-1
2024-03-05 16:20:32.085,19366,19367,19366,5,-5
2024-03-05 16:20:37.984,19366,19367,19366,1,-1
2024-03-05 16:20:40.664,19366,19367,19366,1,-1
2024-03-05 16:20:43.659,19366,19367,19367,1,1
2024-03-05 16:20:43.661,19366,19367,19367,2,2
2024-03-05 16:20:45.685,19367,19368,19367,1,-1
2024-03-05 16:20:51.279,19367,19368,19368,1,1
2024-03-05 16:20:51.279,19367,19368,19368,1,1
2024-03-05 16:20:51.279,19367,19368,19368,1,1
2024-03-05 16:20:54.769,19369,19370,19369,1,-1
2024-03-05 16:20:55.013,19369,19370,19369,1,-1
2024-03-05 16:20:57.720,19368,19369,19369,1,1
2024-03-05 16:21:08.970,19368,19369,19369,1,1
2024-03-05 16:21:17.042,19368,19369,19369,1,1
2024-03-05 16:21:18.381,19368,19369,19368,1,-1
2024-03-05 16:21:18.478,19368,19369,19369,2,2
2024-03-05 16:21:21.685,19368,19369,19368,1,-1
2024-03-05 16:21:24.177,19368,19369,19369,1,1
2024-03-05 16:21:31.762,19368,19369,19369,1,1
2024-03-05 16:21:33.671,19368,19369,19369,1,1
2024-03-05 16:21:37.838,19368,19369,19369,1,1
2024-03-05 16:21:42.481,19368,19369,19369,1,1
2024-03-05 16:21:47.556,19368,19369,19369,1,1
2024-03-05 16:21:47.557,19368,19369,19369,1,1
2024-03-05 16:21:52.542,19368,19369,19369,1,1
2024-03-05 16:21:53.765,19369,19370,19369,1,-1
2024-03-05 16:21:55.277,19369,19370,19369,1,-1
2024-03-05 16:21:55.521,19368,19370,19368,1,-1
2024-03-05 16:22:04.611,19368,19369,19368,1,-1
2024-03-05 16:22:04.613,19368,19369,19368,3,-3
2024-03-05 16:22:04.615,19368,19369,19367,2,-2
2024-03-05 16:22:04.813,19367,19369,19367,1,-1
2024-03-05 16:22:04.993,19367,19369,19367,1,-1
2024-03-05 16:22:05.033,19367,19368,19367,1,-1
2024-03-05 16:22:05.041,19367,19368,19367,1,-1
2024-03-05 16:22:05.305,19366,19368,19366,1,-1
2024-03-05 16:22:05.317,19366,19368,19366,1,-1
2024-03-05 16:22:07.113,19366,19368,19368,1,1
2024-03-05 16:22:10.341,19366,19367,19366,3,-3
2024-03-05 16:22:10.341,19366,19367,19366,1,-1
2024-03-05 16:22:10.342,19366,19367,19366,4,-4
2024-03-05 16:22:10.572,19365,19366,19365,1,-1
2024-03-05 16:22:10.759,19365,19366,19365,1,-1
2024-03-05 16:22:10.759,19365,19366,19365,1,-1
2024-03-05 16:22:15.299,19365,19366,19365,1,-1
2024-03-05 16:22:15.299,19365,19366,19365,6,-6
2024-03-05 16:22:15.299,19365,19366,19365,7,-7
2024-03-05 16:22:15.299,19365,19366,19365,1,-1
2024-03-05 16:22:15.299,19365,19366,19365,1,-1
2024-03-05 16:22:15.299,19365,19366,19365,2,-2
2024-03-05 16:22:15.300,19365,19366,19365,1,-1
2024-03-05 16:22:15.300,19365,19366,19365,2,-2
2024-03-05 16:22:15.652,19364,19365,19364,6,-6
2024-03-05 16:22:15.833,19363,19365,19363,1,-1
2024-03-05 16:22:15.982,19363,19365,19363,1,-1
2024-03-05 16:22:15.986,19363,19365,19363,1,-1
2024-03-05 16:22:16.001,19363,19365,19363,1,-1
2024-03-05 16:22:16.197,19363,19364,19364,1,1
2024-03-05 16:22:17.344,19363,19364,19364,3,3
2024-03-05 16:22:20.545,19363,19364,19364,1,1
2024-03-05 16:22:20.769,19364,19365,19364,1,-1
2024-03-05 16:22:20.829,19364,19365,19364,1,-1
2024-03-05 16:22:20.933,19364,19365,19364,1,-1
2024-03-05 16:22:21.105,19363,19365,19363,1,-1
2024-03-05 16:22:24.585,19364,19365,19364,1,-1
2024-03-05 16:22:28.423,19363,19364,19363,1,-1
2024-03-05 16:22:30.444,19363,19364,19364,1,1
2024-03-05 16:22:32.618,19363,19364,19364,1,1
2024-03-05 16:22:39.131,19363,19364,19363,1,-1
2024-03-05 16:22:40.566,19363,19364,19363,1,-1
2024-03-05 16:22:41.432,19363,19364,19364,3,3
2024-03-05 16:22:46.508,19363,19364,19364,3,3
2024-03-05 16:22:47.123,19363,19364,19364,1,1
2024-03-05 16:22:50.972,19363,19364,19364,1,1
2024-03-05 16:23:01.908,19363,19364,19363,1,-1
2024-03-05 16:23:05.610,19363,19364,19363,1,-1
2024-03-05 16:23:07.093,19363,19364,19363,1,-1
2024-03-05 16:23:07.096,19363,19364,19363,18,-18
2024-03-05 16:23:07.172,19362,19363,19362,1,-1
2024-03-05 16:23:07.199,19362,19363,19362,1,-1
2024-03-05 16:23:07.203,19362,19363,19362,1,-1
2024-03-05 16:23:07.204,19362,19363,19362,1,-1
2024-03-05 16:23:07.209,19362,19363,19362,1,-1
2024-03-05 16:23:07.254,19362,19363,19362,1,-1
2024-03-05 16:23:07.255,19362,19363,19362,6,-6
2024-03-05 16:23:07.685,19361,19362,19361,14,-14
2024-03-05 16:23:07.788,19360,19362,19360,1,-1
2024-03-05 16:23:07.822,19360,19362,19360,4,-4
2024-03-05 16:23:07.835,19360,19362,19360,4,-4
2024-03-05 16:23:07.884,19360,19362,19360,1,-1
2024-03-05 16:23:07.896,19360,19362,19360,1,-1
2024-03-05 16:23:07.900,19360,19362,19360,1,-1
2024-03-05 16:23:07.911,19360,19362,19360,1,-1
2024-03-05 16:23:07.936,19360,19362,19360,1,-1
2024-03-05 16:23:07.948,19360,19362,19361,1,-1
2024-03-05 16:23:07.948,19360,19362,19360,4,-4
2024-03-05 16:23:08.014,19360,19362,19360,1,-1
2024-03-05 16:23:08.021,19360,19362,19360,1,-1
2024-03-05 16:23:08.058,19360,19362,19360,1,-1
2024-03-05 16:23:08.088,19360,19362,19360,2,-2
2024-03-05 16:23:08.124,19360,19362,19360,3,-3
2024-03-05 16:23:08.155,19360,19362,19362,1,1
2024-03-05 16:23:08.175,19360,19362,19360,9,-9
2024-03-05 16:23:08.182,19360,19362,19360,1,-1
2024-03-05 16:23:08.183,19360,19362,19360,19,-19
2024-03-05 16:23:08.185,19360,19362,19360,12,-12
2024-03-05 16:23:08.185,19360,19362,19360,1,-1
2024-03-05 16:23:08.186,19360,19362,19360,1,-1
2024-03-05 16:23:08.196,19360,19362,19360,2,-2
2024-03-05 16:23:08.313,19360,19361,19360,2,-2
2024-03-05 16:23:08.378,19360,19361,19360,1,-1
2024-03-05 16:23:08.407,19360,19361,19360,1,-1
2024-03-05 16:23:08.433,19360,19361,19360,2,-2
2024-03-05 16:23:08.481,19360,19361,19360,1,-1
2024-03-05 16:23:08.513,19360,19361,19360,1,-1
2024-03-05 16:23:08.520,19360,19361,19360,1,-1
2024-03-05 16:23:08.524,19360,19361,19360,1,-1
2024-03-05 16:23:08.529,19360,19362,19360,1,-1
2024-03-05 16:23:08.621,19360,19362,19360,1,-1
2024-03-05 16:23:08.621,19360,19362,19359,1,-1
2024-03-05 16:23:08.630,19360,19362,19359,1,-1
2024-03-05 16:23:08.693,19359,19361,19359,5,-5
2024-03-05 16:23:08.769,19359,19361,19359,1,-1
2024-03-05 16:23:08.773,19359,19361,19359,1,-1
2024-03-05 16:23:08.785,19359,19361,19359,1,-1
2024-03-05 16:23:08.839,19359,19361,19359,3,-3
2024-03-05 16:23:08.863,19359,19361,19359,1,-1
2024-03-05 16:23:08.953,19359,19361,19359,1,-1
2024-03-05 16:23:10.284,19360,19361,19360,4,-4
2024-03-05 16:23:11.402,19360,19361,19360,1,-1
2024-03-05 16:23:13.346,19359,19360,19359,2,-2
2024-03-05 16:23:13.725,19359,19360,19359,1,-1
2024-03-05 16:23:13.826,19358,19360,19360,1,1
2024-03-05 16:23:13.891,19358,19360,19358,1,-1
2024-03-05 16:23:13.918,19358,19360,19359,1,-1
2024-03-05 16:23:13.921,19358,19360,19358,1,-1
2024-03-05 16:23:14.469,19358,19360,19358,1,-1
2024-03-05 16:23:14.506,19358,19360,19358,1,-1
2024-03-05 16:23:15.603,19358,19360,19358,5,-5
2024-03-05 16:23:19.475,19358,19360,19360,1,1
2024-03-05 16:23:20.343,19359,19360,19360,1,1
2024-03-05 16:23:20.404,19359,19361,19359,1,-1
2024-03-05 16:23:24.585,19359,19360,19358,1,-1
2024-03-05 16:23:24.585,19359,19360,19359,9,-9
2024-03-05 16:23:25.672,19359,19360,19359,4,-4
2024-03-05 16:23:25.672,19359,19360,19358,1,-1
2024-03-05 16:23:28.277,19359,19360,19360,1,1
2024-03-05 16:23:28.680,19359,19360,19360,3,3
2024-03-05 16:23:29.100,19359,19360,19359,2,-2
2024-03-05 16:23:29.372,19359,19360,19360,4,4
2024-03-05 16:23:29.372,19359,19360,19360,1,1
2024-03-05 16:23:31.186,19360,19361,19360,1,-1
2024-03-05 16:23:31.187,19360,19361,19360,5,-5
2024-03-05 16:23:32.559,19359,19360,19359,2,-2
2024-03-05 16:23:32.642,19359,19360,19360,1,1
2024-03-05 16:23:35.253,19359,19360,19360,3,3
2024-03-05 16:23:35.253,19359,19360,19360,1,1
2024-03-05 16:23:35.253,19359,19360,19360,1,1
2024-03-05 16:23:35.637,19359,19361,19359,1,-1
2024-03-05 16:23:36.995,19359,19360,19359,2,-2
2024-03-05 16:23:37.093,19359,19360,19359,1,-1
2024-03-05 16:23:39.244,19359,19360,19359,1,-1
2024-03-05 16:23:39.368,19359,19360,19359,1,-1
2024-03-05 16:23:39.498,19359,19360,19359,1,-1
2024-03-05 16:23:39.633,19359,19360,19359,1,-1
2024-03-05 16:23:39.752,19359,19360,19359,1,-1
2024-03-05 16:23:39.875,19359,19360,19359,1,-1
2024-03-05 16:23:40.006,19359,19360,19359,1,-1
2024-03-05 16:23:40.131,19359,19360,19359,1,-1
2024-03-05 16:23:40.267,19359,19360,19359,1,-1
2024-03-05 16:23:40.365,19359,19360,19359,1,-1
2024-03-05 16:23:41.716,19359,19360,19360,1,1
2024-03-05 16:23:43.109,19359,19360,19360,1,1
2024-03-05 16:23:46.146,19359,19360,19360,1,1
2024-03-05 16:23:46.692,19359,19360,19359,3,-3
2024-03-05 16:23:50.434,19359,19360,19359,2,-2
2024-03-05 16:23:50.434,19359,19360,19359,1,-1
2024-03-05 16:23:50.434,19359,19360,19359,1,-1
2024-03-05 16:23:50.684,19358,19359,19359,2,2
2024-03-05 16:23:50.934,19358,19359,19359,2,2
2024-03-05 16:23:51.185,19358,19359,19359,2,2
2024-03-05 16:23:51.434,19358,19359,19359,1,1
2024-03-05 16:23:51.435,19358,19359,19359,2,2
2024-03-05 16:23:51.685,19358,19359,19359,1,1
2024-03-05 16:23:51.936,19358,19359,19359,1,1
2024-03-05 16:23:52.186,19358,19359,19359,1,1
2024-03-05 16:23:52.373,19358,19359,19359,1,1
2024-03-05 16:23:53.063,19359,19360,19360,1,1
2024-03-05 16:23:53.923,19359,19360,19360,1,1
2024-03-05 16:23:55.919,19359,19360,19359,1,-1
2024-03-05 16:23:55.919,19359,19360,19358,4,-4
2024-03-05 16:23:59.176,19359,19360,19359,2,-2
2024-03-05 16:23:59.806,19359,19360,19360,3,3
2024-03-05 16:24:03.300,19359,19360,19360,5,5
2024-03-05 16:24:03.670,19359,19360,19359,2,-2
2024-03-05 16:24:03.984,19359,19360,19359,2,-2
2024-03-05 16:24:04.204,19359,19360,19359,2,-2
2024-03-05 16:24:04.204,19359,19360,19358,2,-2
2024-03-05 16:24:04.368,19358,19360,19358,4,-4
2024-03-05 16:24:04.369,19358,19360,19358,1,-1
2024-03-05 16:24:04.560,19358,19359,19358,3,-3
2024-03-05 16:24:05.105,19358,19359,19358,1,-1
2024-03-05 16:24:05.313,19358,19359,19358,1,-1
2024-03-05 16:24:05.350,19358,19359,19358,2,-2
2024-03-05 16:24:05.486,19358,19359,19358,2,-2
2024-03-05 16:24:05.597,19358,19359,19358,1,-1
2024-03-05 16:24:05.653,19358,19359,19358,2,-2
2024-03-05 16:24:05.721,19358,19359,19358,1,-1
2024-03-05 16:24:05.829,19358,19359,19358,1,-1
2024-03-05 16:24:05.844,19358,19359,19358,2,-2
2024-03-05 16:24:05.931,19358,19359,19358,2,-2
2024-03-05 16:24:06.610,19358,19359,19358,5,-5
2024-03-05 16:24:06.610,19358,19359,19358,1,-1
2024-03-05 16:24:07.719,19358,19359,19358,2,-2
2024-03-05 16:24:07.779,19358,19359,19358,1,-1
2024-03-05 16:24:07.780,19358,19359,19357,1,-1
2024-03-05 16:24:07.780,19358,19359,19357,1,-1
2024-03-05 16:24:07.896,19358,19359,19357,1,-1
2024-03-05 16:24:08.145,19357,19359,19357,6,-6
2024-03-05 16:24:08.146,19357,19359,19357,1,-1
2024-03-05 16:24:08.153,19357,19359,19357,1,-1
2024-03-05 16:24:08.163,19357,19359,19357,1,-1
2024-03-05 16:24:08.246,19357,19359,19356,1,-1
