2024-02-21 15:00:00.054,18692,18693,18692,76,-76
2024-02-21 15:00:00.055,18691,18692,18692,3,3
2024-02-21 15:00:00.056,18691,18692,18692,2,2
2024-02-21 15:00:00.056,18691,18692,18692,8,8
2024-02-21 15:00:00.133,18692,18693,18692,1,-1
2024-02-21 15:00:00.292,18692,18693,18693,2,2
2024-02-21 15:00:00.292,18692,18693,18693,15,15
2024-02-21 15:00:00.298,18692,18693,18694,1,1
2024-02-21 15:00:00.302,18692,18693,18694,2,2
2024-02-21 15:00:00.328,18692,18693,18694,2,2
2024-02-21 15:00:00.337,18692,18693,18694,1,1
2024-02-21 15:00:00.342,18692,18693,18694,1,1
2024-02-21 15:00:00.342,18692,18693,18695,1,1
2024-02-21 15:00:00.351,18692,18693,18693,2,2
2024-02-21 15:00:00.361,18692,18693,18695,1,1
2024-02-21 15:00:00.370,18692,18693,18693,2,2
2024-02-21 15:00:00.371,18692,18693,18695,5,5
2024-02-21 15:00:00.374,18692,18693,18695,1,1
2024-02-21 15:00:00.385,18692,18695,18695,1,1
2024-02-21 15:00:00.389,18692,18695,18693,1,-1
2024-02-21 15:00:00.389,18692,18695,18692,1,-1
2024-02-21 15:00:00.392,18692,18695,18695,1,1
2024-02-21 15:00:00.400,18692,18695,18695,1,1
2024-02-21 15:00:00.408,18692,18695,18696,1,1
2024-02-21 15:00:00.411,18692,18695,18693,1,-1
2024-02-21 15:00:00.411,18692,18695,18692,1,-1
2024-02-21 15:00:00.434,18692,18695,18692,2,-2
2024-02-21 15:00:00.435,18692,18695,18695,1,1
2024-02-21 15:00:00.440,18692,18695,18695,1,1
2024-02-21 15:00:00.440,18692,18695,18696,1,1
2024-02-21 15:00:00.440,18692,18695,18696,2,2
2024-02-21 15:00:00.452,18692,18695,18696,1,1
2024-02-21 15:00:00.459,18692,18695,18694,1,1
2024-02-21 15:00:00.459,18692,18695,18693,1,-1
2024-02-21 15:00:00.460,18692,18695,18692,1,-1
2024-02-21 15:00:00.465,18692,18695,18696,1,1
2024-02-21 15:00:00.474,18692,18695,18692,5,-5
2024-02-21 15:00:00.474,18692,18695,18692,4,-4
2024-02-21 15:00:00.474,18692,18695,18691,1,-1
2024-02-21 15:00:00.489,18692,18695,18694,1,1
2024-02-21 15:00:00.520,18691,18694,18694,1,1
2024-02-21 15:00:00.545,18691,18694,18694,1,1
2024-02-21 15:00:00.551,18691,18694,18693,1,1
2024-02-21 15:00:00.559,18691,18694,18694,1,1
2024-02-21 15:00:00.559,18691,18694,18693,1,1
2024-02-21 15:00:00.561,18691,18694,18692,1,-1
2024-02-21 15:00:00.579,18691,18694,18694,2,2
2024-02-21 15:00:00.579,18691,18694,18695,1,1
2024-02-21 15:00:00.612,18691,18694,18694,1,1
2024-02-21 15:00:00.669,18692,18694,18692,1,-1
2024-02-21 15:00:00.669,18692,18694,18691,1,-1
2024-02-21 15:00:00.676,18692,18694,18694,1,1
2024-02-21 15:00:00.698,18692,18694,18694,1,1
2024-02-21 15:00:00.715,18692,18694,18694,1,1
2024-02-21 15:00:00.720,18692,18694,18694,1,1
2024-02-21 15:00:00.720,18692,18694,18692,2,-2
2024-02-21 15:00:00.799,18691,18694,18692,1,-1
2024-02-21 15:00:00.842,18691,18694,18692,1,-1
2024-02-21 15:00:00.878,18691,18694,18694,1,1
2024-02-21 15:00:00.897,18692,18694,18694,1,1
2024-02-21 15:00:00.965,18692,18694,18695,1,1
2024-02-21 15:00:01.003,18692,18694,18694,1,1
2024-02-21 15:00:01.007,18692,18694,18692,1,-1
2024-02-21 15:00:01.015,18692,18694,18694,1,1
2024-02-21 15:00:01.079,18692,18694,18692,1,-1
2024-02-21 15:00:01.141,18691,18694,18694,1,1
2024-02-21 15:00:01.142,18691,18694,18694,1,1
2024-02-21 15:00:01.148,18691,18694,18694,1,1
2024-02-21 15:00:01.155,18691,18694,18695,1,1
2024-02-21 15:00:01.162,18691,18694,18695,1,1
2024-02-21 15:00:01.202,18691,18694,18695,3,3
2024-02-21 15:00:01.202,18691,18694,18696,1,1
2024-02-21 15:00:01.222,18691,18694,18696,1,1
2024-02-21 15:00:01.345,18692,18696,18692,1,-1
2024-02-21 15:00:01.345,18692,18696,18691,1,-1
2024-02-21 15:00:01.347,18692,18696,18695,1,1
2024-02-21 15:00:01.360,18692,18696,18691,2,-2
2024-02-21 15:00:01.398,18691,18695,18695,2,2
2024-02-21 15:00:01.423,18691,18695,18696,2,2
2024-02-21 15:00:01.454,18691,18695,18697,2,2
2024-02-21 15:00:01.454,18691,18695,18693,1,1
2024-02-21 15:00:01.456,18691,18695,18692,2,-2
2024-02-21 15:00:01.459,18691,18695,18695,2,2
2024-02-21 15:00:01.460,18691,18695,18692,2,-2
2024-02-21 15:00:01.517,18691,18694,18692,2,-2
2024-02-21 15:00:02.781,18691,18693,18693,1,1
2024-02-21 15:00:03.255,18691,18693,18692,2,2
2024-02-21 15:00:03.286,18691,18693,18691,2,-2
2024-02-21 15:00:03.399,18690,18692,18692,3,3
2024-02-21 15:00:03.399,18690,18692,18693,2,2
2024-02-21 15:00:03.431,18690,18692,18693,1,1
2024-02-21 15:00:03.598,18690,18693,18693,1,1
2024-02-21 15:00:03.645,18690,18693,18693,2,2
2024-02-21 15:00:03.681,18690,18693,18693,1,1
2024-02-21 15:00:04.483,18690,18693,18690,1,-1
2024-02-21 15:00:05.380,18690,18693,18690,1,-1
2024-02-21 15:00:05.910,18690,18693,18693,1,1
2024-02-21 15:00:06.696,18691,18692,18691,2,-2
2024-02-21 15:00:06.712,18691,18692,18691,1,-1
2024-02-21 15:00:07.030,18690,18691,18691,2,2
2024-02-21 15:00:07.030,18690,18691,18692,6,6
2024-02-21 15:00:07.858,18691,18692,18691,1,-1
2024-02-21 15:00:08.300,18690,18692,18690,1,-1
2024-02-21 15:00:10.536,18690,18691,18690,2,-2
2024-02-21 15:00:10.878,18689,18691,18690,2,-2
2024-02-21 15:00:10.878,18689,18691,18689,1,-1
2024-02-21 15:00:11.885,18689,18690,18689,1,-1
2024-02-21 15:00:12.097,18689,18690,18689,1,-1
2024-02-21 15:00:12.311,18688,18690,18690,5,5
2024-02-21 15:00:12.589,18690,18691,18690,1,-1
2024-02-21 15:00:13.279,18688,18690,18690,1,1
2024-02-21 15:00:13.718,18689,18690,18690,1,1
2024-02-21 15:00:14.285,18690,18691,18690,2,-2
2024-02-21 15:00:14.307,18690,18691,18690,1,-1
2024-02-21 15:00:14.307,18690,18691,18689,2,-2
2024-02-21 15:00:14.957,18690,18691,18691,2,2
2024-02-21 15:00:15.698,18690,18691,18690,1,-1
2024-02-21 15:00:15.991,18690,18691,18690,1,-1
2024-02-21 15:00:16.475,18690,18691,18690,5,-5
2024-02-21 15:00:16.922,18690,18691,18690,1,-1
2024-02-21 15:00:17.157,18689,18691,18691,1,1
2024-02-21 15:00:17.296,18690,18691,18690,1,-1
2024-02-21 15:00:17.382,18690,18691,18690,2,-2
2024-02-21 15:00:18.083,18690,18691,18690,1,-1
2024-02-21 15:00:18.118,18690,18691,18690,1,-1
2024-02-21 15:00:19.326,18690,18691,18691,7,7
2024-02-21 15:00:19.353,18690,18691,18691,2,2
2024-02-21 15:00:19.438,18691,18692,18692,2,2
2024-02-21 15:00:19.439,18691,18692,18692,3,3
2024-02-21 15:00:20.218,18692,18693,18693,3,3
2024-02-21 15:00:20.565,18693,18694,18693,1,-1
2024-02-21 15:00:20.760,18693,18694,18694,5,5
2024-02-21 15:00:21.180,18693,18694,18693,1,-1
2024-02-21 15:00:21.288,18693,18694,18693,2,-2
2024-02-21 15:00:22.829,18693,18694,18693,1,-1
2024-02-21 15:00:23.183,18692,18693,18692,1,-1
2024-02-21 15:00:23.737,18692,18693,18693,1,1
2024-02-21 15:00:27.098,18692,18693,18693,5,5
2024-02-21 15:00:29.560,18692,18693,18693,1,1
2024-02-21 15:00:31.431,18692,18693,18692,5,-5
2024-02-21 15:00:32.923,18692,18693,18693,5,5
2024-02-21 15:00:33.086,18692,18693,18692,1,-1
2024-02-21 15:00:33.732,18692,18693,18692,1,-1
2024-02-21 15:00:33.821,18692,18693,18693,2,2
2024-02-21 15:00:33.990,18692,18693,18692,3,-3
2024-02-21 15:00:34.209,18691,18692,18692,1,1
2024-02-21 15:00:34.308,18691,18692,18692,2,2
2024-02-21 15:00:34.696,18691,18692,18691,1,-1
2024-02-21 15:00:38.088,18691,18692,18692,2,2
2024-02-21 15:00:39.027,18691,18693,18691,1,-1
2024-02-21 15:00:40.171,18691,18693,18693,5,5
2024-02-21 15:00:45.604,18692,18693,18692,1,-1
2024-02-21 15:00:45.958,18692,18693,18692,4,-4
2024-02-21 15:00:46.534,18692,18693,18693,1,1
2024-02-21 15:00:55.420,18692,18693,18693,1,1
2024-02-21 15:00:56.272,18692,18693,18693,1,1
2024-02-21 15:00:57.227,18692,18693,18693,1,1
2024-02-21 15:00:57.670,18692,18693,18693,1,1
2024-02-21 15:00:59.887,18692,18693,18692,2,-2
2024-02-21 15:00:59.900,18692,18693,18692,2,-2
2024-02-21 15:01:00.052,18692,18693,18693,3,3
2024-02-21 15:01:00.081,18692,18693,18693,1,1
2024-02-21 15:01:00.082,18692,18693,18693,14,14
2024-02-21 15:01:00.087,18692,18693,18694,3,3
2024-02-21 15:01:00.087,18692,18693,18695,3,3
2024-02-21 15:01:00.088,18692,18693,18694,2,2
2024-02-21 15:01:00.102,18692,18693,18695,1,1
2024-02-21 15:01:00.108,18692,18693,18695,1,1
2024-02-21 15:01:00.112,18692,18693,18695,1,1
2024-02-21 15:01:00.135,18694,18695,18695,1,1
2024-02-21 15:01:00.185,18694,18695,18695,1,1
2024-02-21 15:01:00.386,18694,18695,18695,1,1
2024-02-21 15:01:00.482,18694,18695,18695,5,5
2024-02-21 15:01:00.482,18694,18695,18696,3,3
2024-02-21 15:01:00.516,18694,18696,18694,1,-1
2024-02-21 15:01:00.861,18694,18696,18694,1,-1
2024-02-21 15:01:00.943,18694,18696,18694,3,-3
2024-02-21 15:01:00.958,18694,18696,18695,2,-2
2024-02-21 15:01:01.064,18694,18695,18696,1,1
2024-02-21 15:01:02.064,18694,18696,18696,1,1
2024-02-21 15:01:02.064,18694,18696,18696,1,1
2024-02-21 15:01:02.358,18694,18696,18696,1,1
2024-02-21 15:01:03.064,18694,18696,18694,1,-1
2024-02-21 15:01:03.638,18694,18696,18696,1,1
2024-02-21 15:01:03.890,18694,18696,18694,1,-1
2024-02-21 15:01:04.064,18694,18696,18696,1,1
2024-02-21 15:01:04.108,18694,18696,18694,1,-1
2024-02-21 15:01:04.372,18694,18696,18694,1,-1
2024-02-21 15:01:05.736,18694,18696,18696,1,1
2024-02-21 15:01:06.159,18695,18696,18695,1,-1
2024-02-21 15:01:07.017,18694,18696,18696,1,1
2024-02-21 15:01:07.680,18694,18695,18695,1,1
2024-02-21 15:01:08.064,18694,18695,18695,2,2
2024-02-21 15:01:08.660,18695,18696,18696,2,2
2024-02-21 15:01:09.073,18695,18696,18696,1,1
2024-02-21 15:01:09.079,18695,18696,18696,7,7
2024-02-21 15:01:10.065,18696,18697,18697,1,1
2024-02-21 15:01:10.160,18696,18697,18696,1,-1
2024-02-21 15:01:10.797,18695,18697,18697,1,1
2024-02-21 15:01:11.070,18695,18697,18697,1,1
2024-02-21 15:01:12.271,18695,18696,18696,2,2
2024-02-21 15:01:12.718,18695,18696,18696,1,1
2024-02-21 15:01:13.063,18695,18696,18696,1,1
2024-02-21 15:01:13.653,18695,18697,18696,1,1
2024-02-21 15:01:14.132,18695,18697,18697,1,1
2024-02-21 15:01:14.672,18696,18697,18696,2,-2
2024-02-21 15:01:14.672,18696,18697,18696,2,-2
2024-02-21 15:01:15.357,18695,18696,18696,4,4
2024-02-21 15:01:16.871,18695,18696,18695,2,-2
2024-02-21 15:01:16.879,18695,18696,18695,2,-2
2024-02-21 15:01:16.879,18695,18696,18695,9,-9
2024-02-21 15:01:19.032,18695,18696,18696,1,1
2024-02-21 15:01:20.220,18695,18696,18696,1,1
2024-02-21 15:01:21.064,18695,18696,18696,1,1
2024-02-21 15:01:22.065,18695,18696,18696,1,1
2024-02-21 15:01:22.740,18695,18696,18695,10,-10
2024-02-21 15:01:24.153,18694,18695,18695,1,1
2024-02-21 15:01:25.339,18694,18695,18695,3,3
2024-02-21 15:01:26.859,18694,18695,18694,4,-4
2024-02-21 15:01:26.933,18694,18695,18695,1,1
2024-02-21 15:01:27.034,18694,18695,18695,1,1
2024-02-21 15:01:27.437,18694,18696,18694,2,-2
2024-02-21 15:01:28.074,18694,18696,18694,1,-1
2024-02-21 15:01:29.065,18695,18696,18695,1,-1
2024-02-21 15:01:29.512,18695,18696,18696,5,5
2024-02-21 15:01:30.064,18696,18697,18697,2,2
2024-02-21 15:01:30.085,18696,18697,18696,8,-8
2024-02-21 15:01:30.666,18695,18697,18695,1,-1
2024-02-21 15:01:31.169,18695,18697,18697,4,4
2024-02-21 15:01:31.319,18695,18697,18695,3,-3
2024-02-21 15:01:31.507,18695,18697,18697,3,3
2024-02-21 15:01:33.339,18695,18696,18695,1,-1
2024-02-21 15:01:34.603,18695,18696,18696,1,1
2024-02-21 15:01:34.974,18695,18697,18695,1,-1
2024-02-21 15:01:38.902,18695,18697,18695,1,-1
2024-02-21 15:01:40.613,18695,18697,18697,1,1
2024-02-21 15:01:41.622,18695,18697,18697,1,1
2024-02-21 15:01:41.624,18695,18697,18696,3,3
2024-02-21 15:01:41.718,18695,18697,18695,2,-2
2024-02-21 15:01:42.696,18695,18696,18695,3,-3
2024-02-21 15:01:42.696,18695,18696,18695,7,-7
2024-02-21 15:01:42.697,18695,18696,18695,1,-1
2024-02-21 15:01:42.697,18695,18696,18695,1,-1
2024-02-21 15:01:46.201,18695,18696,18695,1,-1
2024-02-21 15:01:46.462,18695,18696,18695,1,-1
2024-02-21 15:01:48.220,18695,18696,18695,1,-1
2024-02-21 15:01:48.221,18695,18696,18695,2,-2
2024-02-21 15:01:48.258,18694,18695,18695,1,1
2024-02-21 15:01:51.075,18694,18695,18694,1,-1
2024-02-21 15:01:52.260,18694,18695,18695,2,2
2024-02-21 15:01:53.208,18694,18695,18695,1,1
2024-02-21 15:01:53.345,18694,18695,18695,1,1
2024-02-21 15:01:56.042,18695,18696,18696,1,1
2024-02-21 15:01:56.540,18695,18696,18695,2,-2
2024-02-21 15:01:56.541,18695,18696,18695,1,-1
2024-02-21 15:01:57.572,18694,18696,18696,2,2
2024-02-21 15:02:00.113,18694,18696,18696,1,1
2024-02-21 15:02:00.253,18694,18696,18696,1,1
2024-02-21 15:02:02.064,18694,18695,18695,1,1
2024-02-21 15:02:02.276,18694,18695,18695,1,1
2024-02-21 15:02:04.485,18694,18695,18694,1,-1
2024-02-21 15:02:04.974,18694,18695,18694,1,-1
2024-02-21 15:02:07.246,18694,18695,18694,1,-1
2024-02-21 15:02:07.661,18694,18695,18694,1,-1
2024-02-21 15:02:09.318,18694,18695,18694,1,-1
2024-02-21 15:02:12.065,18694,18695,18695,1,1
2024-02-21 15:02:14.075,18694,18695,18694,1,-1
2024-02-21 15:02:14.306,18694,18695,18694,2,-2
2024-02-21 15:02:16.065,18694,18695,18695,1,1
2024-02-21 15:02:16.626,18694,18695,18695,2,2
2024-02-21 15:02:16.656,18694,18695,18694,1,-1
2024-02-21 15:02:18.114,18694,18695,18694,1,-1
2024-02-21 15:02:18.802,18694,18695,18694,2,-2
2024-02-21 15:02:21.064,18694,18695,18695,1,1
2024-02-21 15:02:22.380,18694,18695,18695,1,1
2024-02-21 15:02:23.065,18694,18695,18695,1,1
2024-02-21 15:02:23.904,18694,18695,18694,2,-2
2024-02-21 15:02:24.350,18694,18695,18694,2,-2
2024-02-21 15:02:24.352,18694,18695,18694,4,-4
2024-02-21 15:02:24.999,18693,18695,18695,1,1
2024-02-21 15:02:27.342,18694,18695,18695,1,1
2024-02-21 15:02:28.615,18694,18695,18695,5,5
2024-02-21 15:02:30.363,18695,18696,18695,2,-2
2024-02-21 15:02:31.447,18694,18695,18695,4,4
2024-02-21 15:02:33.020,18694,18695,18695,1,1
2024-02-21 15:02:33.093,18694,18695,18695,1,1
2024-02-21 15:02:35.581,18694,18695,18695,1,1
2024-02-21 15:02:37.075,18695,18696,18695,1,-1
2024-02-21 15:02:42.138,18695,18696,18695,1,-1
2024-02-21 15:02:42.388,18695,18696,18695,2,-2
2024-02-21 15:02:42.682,18695,18696,18696,2,2
2024-02-21 15:02:54.803,18695,18696,18695,3,-3
2024-02-21 15:02:55.065,18695,18696,18696,1,1
2024-02-21 15:02:57.561,18695,18696,18696,1,1
2024-02-21 15:02:59.885,18695,18696,18695,2,-2
2024-02-21 15:03:04.563,18695,18696,18696,2,2
2024-02-21 15:03:05.753,18695,18696,18695,2,-2
2024-02-21 15:03:06.613,18695,18696,18696,1,1
2024-02-21 15:03:09.599,18695,18696,18695,1,-1
2024-02-21 15:03:11.181,18695,18696,18696,2,2
2024-02-21 15:03:14.335,18695,18696,18696,2,2
2024-02-21 15:03:14.542,18695,18696,18695,1,-1
2024-02-21 15:03:25.788,18695,18696,18696,2,2
2024-02-21 15:03:30.528,18695,18696,18696,3,3
2024-02-21 15:03:32.088,18695,18696,18695,3,-3
2024-02-21 15:03:32.714,18695,18696,18696,1,1
2024-02-21 15:03:38.009,18695,18696,18695,5,-5
2024-02-21 15:03:40.867,18695,18696,18695,2,-2
2024-02-21 15:03:40.867,18695,18696,18695,6,-6
2024-02-21 15:03:45.477,18694,18695,18695,1,1
2024-02-21 15:03:45.477,18694,18695,18695,1,1
2024-02-21 15:03:46.561,18694,18695,18695,1,1
2024-02-21 15:03:46.561,18694,18695,18696,2,2
2024-02-21 15:04:02.442,18694,18695,18695,1,1
2024-02-21 15:04:04.885,18694,18695,18695,1,1
2024-02-21 15:04:08.755,18694,18695,18695,2,2
2024-02-21 15:04:16.879,18694,18695,18695,1,1
2024-02-21 15:04:19.428,18694,18695,18695,1,1
2024-02-21 15:04:20.068,18694,18695,18695,1,1
2024-02-21 15:04:25.779,18694,18695,18694,1,-1
2024-02-21 15:04:26.905,18694,18695,18694,1,-1
2024-02-21 15:04:28.805,18694,18695,18694,1,-1
2024-02-21 15:04:32.564,18694,18695,18694,3,-3
2024-02-21 15:04:32.976,18694,18695,18695,1,1
2024-02-21 15:04:34.666,18694,18695,18694,5,-5
2024-02-21 15:04:37.261,18693,18694,18693,1,-1
2024-02-21 15:04:40.812,18693,18694,18693,1,-1
2024-02-21 15:04:50.481,18693,18694,18694,1,1
2024-02-21 15:04:50.481,18693,18694,18695,4,4
2024-02-21 15:04:51.566,18693,18695,18693,1,-1
2024-02-21 15:04:58.478,18693,18695,18693,1,-1
2024-02-21 15:05:06.458,18693,18695,18694,1,-1
2024-02-21 15:05:06.891,18693,18695,18693,1,-1
2024-02-21 15:05:06.893,18693,18695,18693,2,-2
2024-02-21 15:05:06.893,18693,18695,18693,1,-1
2024-02-21 15:05:07.083,18693,18694,18694,1,1
2024-02-21 15:05:07.103,18693,18694,18693,1,-1
2024-02-21 15:05:07.732,18693,18694,18693,1,-1
2024-02-21 15:05:08.324,18693,18694,18693,1,-1
2024-02-21 15:05:09.871,18693,18694,18693,1,-1
2024-02-21 15:05:10.246,18693,18694,18693,1,-1
2024-02-21 15:05:11.330,18693,18694,18693,1,-1
2024-02-21 15:05:11.330,18693,18694,18692,1,-1
2024-02-21 15:05:14.520,18693,18695,18693,1,-1
2024-02-21 15:05:23.721,18693,18695,18693,1,-1
2024-02-21 15:05:25.937,18693,18695,18695,1,1
2024-02-21 15:05:32.045,18693,18694,18693,2,-2
2024-02-21 15:05:34.068,18693,18694,18693,1,-1
2024-02-21 15:05:35.066,18693,18694,18693,1,-1
2024-02-21 15:05:42.022,18693,18694,18693,1,-1
2024-02-21 15:05:42.167,18693,18694,18693,1,-1
2024-02-21 15:05:57.788,18693,18694,18694,1,1
2024-02-21 15:06:14.131,18693,18694,18694,1,1
2024-02-21 15:06:14.353,18693,18694,18694,6,6
2024-02-21 15:06:14.603,18693,18694,18694,2,2
2024-02-21 15:06:15.735,18693,18694,18694,1,1
2024-02-21 15:06:15.735,18693,18694,18694,2,2
2024-02-21 15:06:16.943,18693,18694,18694,1,1
2024-02-21 15:06:17.146,18693,18694,18694,1,1
2024-02-21 15:06:19.775,18693,18694,18694,1,1
2024-02-21 15:06:20.067,18693,18694,18694,1,1
2024-02-21 15:06:22.943,18694,18695,18695,1,1
2024-02-21 15:06:24.000,18694,18695,18695,5,5
2024-02-21 15:06:27.499,18694,18695,18695,2,2
2024-02-21 15:06:28.102,18694,18695,18695,2,2
2024-02-21 15:06:28.307,18694,18695,18695,1,1
2024-02-21 15:06:28.687,18694,18695,18695,1,1
2024-02-21 15:06:28.778,18694,18695,18694,2,-2
2024-02-21 15:06:29.160,18694,18695,18694,1,-1
2024-02-21 15:06:29.160,18694,18695,18693,1,-1
2024-02-21 15:06:52.014,18694,18695,18695,2,2
2024-02-21 15:06:57.739,18694,18695,18694,4,-4
2024-02-21 15:06:57.739,18694,18695,18693,1,-1
2024-02-21 15:07:11.191,18693,18694,18694,1,1
2024-02-21 15:07:17.732,18693,18694,18693,1,-1
2024-02-21 15:07:20.234,18693,18694,18694,3,3
2024-02-21 15:07:34.783,18693,18694,18694,1,1
2024-02-21 15:07:36.222,18693,18694,18694,1,1
2024-02-21 15:07:42.193,18693,18694,18693,18,-18
2024-02-21 15:07:42.387,18692,18693,18693,5,5
2024-02-21 15:07:55.750,18692,18693,18692,23,-23
2024-02-21 15:07:56.877,18691,18692,18691,14,-14
2024-02-21 15:08:08.430,18691,18692,18692,1,1
2024-02-21 15:08:13.865,18691,18693,18693,1,1
2024-02-21 15:08:21.775,18691,18692,18691,3,-3
2024-02-21 15:08:28.614,18691,18692,18691,1,-1
2024-02-21 15:08:29.382,18691,18692,18691,1,-1
2024-02-21 15:08:35.064,18691,18692,18691,1,-1
2024-02-21 15:08:37.772,18691,18692,18691,1,-1
2024-02-21 15:08:39.460,18690,18691,18691,7,7
2024-02-21 15:08:44.287,18690,18691,18691,1,1
2024-02-21 15:08:47.836,18690,18691,18691,1,1
2024-02-21 15:08:48.223,18690,18691,18690,1,-1
2024-02-21 15:08:49.556,18690,18691,18691,2,2
2024-02-21 15:08:50.050,18690,18691,18690,5,-5
2024-02-21 15:08:50.837,18690,18691,18690,2,-2
2024-02-21 15:08:52.418,18690,18691,18691,9,9
2024-02-21 15:09:00.078,18691,18692,18691,2,-2
2024-02-21 15:09:02.028,18691,18692,18691,2,-2
2024-02-21 15:09:03.235,18691,18692,18691,2,-2
2024-02-21 15:09:03.235,18691,18692,18691,2,-2
2024-02-21 15:09:03.237,18691,18692,18691,2,-2
2024-02-21 15:09:03.237,18691,18692,18691,2,-2
2024-02-21 15:09:08.368,18691,18692,18691,2,-2
2024-02-21 15:09:08.592,18690,18691,18690,1,-1
2024-02-21 15:09:09.427,18690,18691,18691,8,8
2024-02-21 15:09:09.571,18690,18691,18691,1,1
2024-02-21 15:09:09.692,18690,18691,18691,2,2
2024-02-21 15:09:09.693,18690,18691,18691,2,2
2024-02-21 15:09:12.698,18690,18691,18691,1,1
2024-02-21 15:09:14.441,18690,18691,18691,1,1
2024-02-21 15:09:15.027,18690,18691,18690,1,-1
2024-02-21 15:09:18.366,18690,18691,18691,3,3
2024-02-21 15:09:18.815,18690,18691,18691,1,1
2024-02-21 15:09:19.341,18690,18691,18691,1,1
2024-02-21 15:09:22.907,18690,18691,18691,1,1
2024-02-21 15:09:25.702,18690,18691,18691,2,2
2024-02-21 15:09:26.429,18690,18692,18692,1,1
2024-02-21 15:09:29.110,18690,18692,18691,1,1
2024-02-21 15:09:30.300,18690,18692,18692,1,1
2024-02-21 15:09:32.803,18690,18692,18690,1,-1
2024-02-21 15:09:33.818,18690,18691,18691,1,1
2024-02-21 15:09:48.795,18690,18691,18691,1,1
2024-02-21 15:09:49.946,18690,18691,18691,1,1
2024-02-21 15:09:51.134,18690,18691,18691,1,1
2024-02-21 15:09:52.764,18690,18691,18691,1,1
2024-02-21 15:09:52.942,18690,18691,18691,1,1
2024-02-21 15:09:52.942,18690,18691,18691,1,1
2024-02-21 15:09:52.948,18690,18691,18691,2,2
2024-02-21 15:09:59.171,18690,18691,18690,1,-1
2024-02-21 15:09:59.318,18690,18691,18691,1,1
2024-02-21 15:10:01.576,18690,18691,18690,1,-1
2024-02-21 15:10:02.092,18690,18691,18691,1,1
2024-02-21 15:10:05.587,18690,18691,18691,1,1
2024-02-21 15:10:13.385,18691,18692,18691,2,-2
2024-02-21 15:10:14.023,18691,18692,18691,2,-2
2024-02-21 15:10:20.636,18691,18692,18691,1,-1
2024-02-21 15:10:22.515,18691,18692,18691,1,-1
2024-02-21 15:10:22.878,18691,18692,18691,1,-1
2024-02-21 15:10:23.025,18691,18692,18691,2,-2
2024-02-21 15:10:31.208,18690,18691,18691,2,2
2024-02-21 15:10:37.915,18690,18691,18691,2,2
2024-02-21 15:10:38.065,18690,18691,18691,1,1
2024-02-21 15:10:38.475,18690,18691,18690,4,-4
2024-02-21 15:10:38.568,18690,18691,18691,1,1
2024-02-21 15:10:39.109,18690,18691,18690,2,-2
2024-02-21 15:10:51.664,18690,18691,18691,3,3
2024-02-21 15:10:52.018,18691,18692,18691,1,-1
2024-02-21 15:10:59.018,18691,18692,18691,1,-1
2024-02-21 15:11:02.265,18691,18692,18691,1,-1
2024-02-21 15:11:03.717,18691,18692,18692,3,3
2024-02-21 15:11:10.966,18691,18692,18692,1,1
2024-02-21 15:11:11.103,18691,18692,18691,1,-1
2024-02-21 15:11:19.623,18691,18692,18692,2,2
2024-02-21 15:11:21.911,18691,18692,18692,2,2
2024-02-21 15:11:24.608,18691,18692,18692,1,1
2024-02-21 15:11:28.523,18691,18692,18692,2,2
2024-02-21 15:11:29.831,18691,18692,18691,2,-2
2024-02-21 15:11:34.807,18691,18692,18691,2,-2
2024-02-21 15:11:37.272,18691,18692,18691,4,-4
2024-02-21 15:11:45.728,18691,18692,18691,1,-1
2024-02-21 15:11:48.444,18691,18692,18691,2,-2
2024-02-21 15:11:52.192,18690,18692,18692,2,2
2024-02-21 15:11:52.342,18690,18691,18691,1,1
2024-02-21 15:11:52.778,18690,18692,18692,21,21
2024-02-21 15:11:54.142,18691,18692,18691,1,-1
2024-02-21 15:12:03.366,18691,18692,18692,2,2
2024-02-21 15:12:03.508,18691,18692,18692,7,7
2024-02-21 15:12:03.508,18691,18692,18692,4,4
2024-02-21 15:12:03.509,18691,18692,18692,57,57
2024-02-21 15:12:03.510,18691,18692,18693,1,1
2024-02-21 15:12:03.512,18691,18692,18693,3,3
2024-02-21 15:12:03.696,18692,18693,18693,3,3
2024-02-21 15:12:03.698,18692,18693,18693,2,2
2024-02-21 15:12:04.186,18692,18694,18694,2,2
2024-02-21 15:12:04.817,18692,18694,18694,4,4
2024-02-21 15:12:09.860,18692,18694,18694,1,1
2024-02-21 15:12:12.072,18692,18693,18693,3,3
2024-02-21 15:12:13.969,18692,18694,18694,4,4
2024-02-21 15:12:18.285,18692,18694,18693,1,1
2024-02-21 15:12:38.412,18693,18694,18694,1,1
2024-02-21 15:12:39.017,18693,18694,18693,1,-1
2024-02-21 15:12:48.111,18693,18694,18694,1,1
2024-02-21 15:12:58.050,18693,18694,18693,2,-2
2024-02-21 15:13:00.986,18693,18694,18693,4,-4
2024-02-21 15:13:04.333,18693,18694,18694,2,2
2024-02-21 15:13:07.006,18693,18694,18694,1,1
2024-02-21 15:13:08.949,18693,18694,18693,1,-1
2024-02-21 15:13:32.388,18693,18694,18693,1,-1
2024-02-21 15:13:35.586,18693,18694,18693,1,-1
2024-02-21 15:13:35.588,18693,18694,18693,2,-2
2024-02-21 15:13:39.388,18693,18694,18693,1,-1
2024-02-21 15:13:43.748,18693,18694,18694,2,2
2024-02-21 15:13:48.385,18693,18694,18693,3,-3
2024-02-21 15:13:57.079,18693,18694,18694,3,3
2024-02-21 15:14:01.354,18693,18694,18694,2,2
2024-02-21 15:14:06.467,18693,18694,18693,1,-1
2024-02-21 15:14:06.467,18693,18694,18693,1,-1
2024-02-21 15:14:06.470,18693,18694,18693,6,-6
2024-02-21 15:14:06.471,18693,18694,18693,1,-1
2024-02-21 15:14:06.472,18693,18694,18692,1,-1
2024-02-21 15:14:06.557,18692,18693,18693,1,1
2024-02-21 15:14:10.291,18692,18693,18692,1,-1
2024-02-21 15:14:12.571,18692,18693,18692,1,-1
2024-02-21 15:14:12.710,18692,18693,18692,1,-1
2024-02-21 15:14:15.197,18692,18693,18693,1,1
2024-02-21 15:14:21.871,18692,18694,18693,2,2
2024-02-21 15:14:24.365,18693,18694,18694,1,1
2024-02-21 15:14:25.348,18693,18694,18694,1,1
2024-02-21 15:14:25.578,18693,18694,18694,1,1
2024-02-21 15:14:25.823,18693,18694,18693,1,-1
2024-02-21 15:14:25.828,18693,18694,18693,1,-1
2024-02-21 15:14:30.028,18693,18694,18694,2,2
2024-02-21 15:14:33.509,18693,18694,18693,4,-4
2024-02-21 15:14:34.142,18693,18694,18694,1,1
2024-02-21 15:14:45.992,18693,18694,18694,1,1
2024-02-21 15:14:56.954,18693,18694,18694,2,2
2024-02-21 15:14:57.960,18693,18694,18694,19,19
2024-02-21 15:14:59.361,18693,18694,18694,2,2
2024-02-21 15:15:00.604,18693,18694,18693,1,-1
2024-02-21 15:15:00.604,18693,18694,18693,1,-1
2024-02-21 15:15:00.604,18693,18694,18693,1,-1
2024-02-21 15:15:00.604,18693,18694,18693,1,-1
2024-02-21 15:15:00.604,18693,18694,18693,1,-1
2024-02-21 15:15:00.811,18692,18693,18693,3,3
2024-02-21 15:15:00.827,18692,18693,18692,4,-4
2024-02-21 15:15:01.087,18692,18693,18693,1,1
2024-02-21 15:15:01.402,18692,18693,18692,7,-7
2024-02-21 15:15:02.971,18691,18693,18693,20,20
2024-02-21 15:15:08.320,18692,18693,18693,1,1
2024-02-21 15:15:15.653,18692,18693,18693,1,1
2024-02-21 15:15:16.821,18692,18693,18692,1,-1
2024-02-21 15:15:18.001,18692,18693,18693,4,4
2024-02-21 15:15:18.565,18692,18693,18693,1,1
2024-02-21 15:15:23.113,18692,18694,18694,2,2
2024-02-21 15:15:33.149,18693,18694,18694,1,1
2024-02-21 15:15:38.769,18693,18694,18693,1,-1
2024-02-21 15:15:40.294,18693,18694,18694,1,1
2024-02-21 15:15:44.753,18693,18694,18694,3,3
2024-02-21 15:15:57.066,18693,18694,18694,3,3
2024-02-21 15:15:58.767,18693,18694,18694,3,3
2024-02-21 15:15:58.767,18693,18694,18694,10,10
2024-02-21 15:16:02.792,18694,18695,18694,1,-1
2024-02-21 15:16:02.889,18694,18695,18695,1,1
2024-02-21 15:16:02.889,18694,18695,18695,1,1
2024-02-21 15:16:02.890,18694,18695,18695,1,1
2024-02-21 15:16:02.890,18694,18695,18695,1,1
2024-02-21 15:16:02.890,18694,18695,18695,1,1
2024-02-21 15:16:02.890,18694,18695,18695,2,2
2024-02-21 15:16:02.893,18694,18695,18695,1,1
2024-02-21 15:16:03.090,18694,18695,18695,5,5
2024-02-21 15:16:03.135,18694,18695,18695,1,1
2024-02-21 15:16:03.135,18694,18695,18695,1,1
2024-02-21 15:16:03.136,18694,18695,18695,1,1
2024-02-21 15:16:03.136,18694,18695,18695,1,1
2024-02-21 15:16:05.308,18694,18695,18695,1,1
2024-02-21 15:16:07.134,18694,18695,18695,7,7
2024-02-21 15:16:08.792,18694,18695,18695,1,1
2024-02-21 15:16:08.885,18694,18695,18695,1,1
2024-02-21 15:16:08.885,18694,18695,18695,1,1
2024-02-21 15:16:08.885,18694,18695,18695,1,1
2024-02-21 15:16:08.885,18694,18695,18695,1,1
2024-02-21 15:16:08.885,18694,18695,18695,1,1
2024-02-21 15:16:08.885,18694,18695,18695,1,1
2024-02-21 15:16:08.886,18694,18695,18695,1,1
2024-02-21 15:16:08.886,18694,18695,18695,1,1
2024-02-21 15:16:08.886,18694,18695,18695,1,1
2024-02-21 15:16:08.892,18694,18695,18695,1,1
2024-02-21 15:16:10.578,18694,18695,18695,5,5
2024-02-21 15:16:10.941,18694,18695,18694,1,-1
2024-02-21 15:16:11.117,18694,18695,18694,1,-1
2024-02-21 15:16:11.951,18694,18695,18695,1,1
2024-02-21 15:16:12.856,18694,18695,18695,3,3
2024-02-21 15:16:27.826,18694,18695,18694,1,-1
2024-02-21 15:16:27.846,18694,18695,18694,1,-1
2024-02-21 15:16:27.846,18694,18695,18694,1,-1
2024-02-21 15:16:30.538,18694,18695,18695,1,1
2024-02-21 15:16:30.634,18694,18695,18695,1,1
2024-02-21 15:16:30.635,18694,18695,18695,1,1
2024-02-21 15:16:30.635,18694,18695,18695,1,1
2024-02-21 15:16:30.635,18694,18695,18695,1,1
2024-02-21 15:16:30.635,18694,18695,18695,1,1
2024-02-21 15:16:30.635,18694,18695,18695,1,1
2024-02-21 15:16:30.637,18694,18695,18695,1,1
2024-02-21 15:16:49.851,18694,18695,18695,1,1
2024-02-21 15:16:53.288,18694,18695,18694,2,-2
2024-02-21 15:16:53.385,18694,18695,18695,1,1
2024-02-21 15:16:53.390,18694,18695,18695,1,1
2024-02-21 15:16:53.412,18694,18695,18695,1,1
2024-02-21 15:16:53.944,18694,18695,18695,6,6
2024-02-21 15:16:54.068,18694,18695,18695,1,1
2024-02-21 15:16:55.695,18694,18695,18695,1,1
2024-02-21 15:17:13.450,18694,18695,18695,1,1
2024-02-21 15:17:15.110,18695,18696,18696,50,50
2024-02-21 15:17:15.111,18695,18696,18696,1,1
2024-02-21 15:17:15.111,18695,18696,18696,8,8
2024-02-21 15:17:15.111,18695,18696,18696,2,2
2024-02-21 15:17:15.111,18695,18696,18696,3,3
2024-02-21 15:17:15.111,18695,18696,18696,8,8
2024-02-21 15:17:15.111,18695,18696,18696,1,1
2024-02-21 15:17:15.111,18695,18696,18696,3,3
2024-02-21 15:17:15.111,18695,18696,18696,2,2
2024-02-21 15:17:15.111,18695,18696,18696,4,4
2024-02-21 15:17:15.111,18695,18696,18696,2,2
2024-02-21 15:17:15.111,18695,18696,18696,19,19
2024-02-21 15:17:15.111,18695,18696,18696,2,2
2024-02-21 15:17:15.113,18695,18696,18697,10,10
2024-02-21 15:17:15.187,18696,18698,18696,1,-1
2024-02-21 15:17:15.196,18696,18698,18698,8,8
2024-02-21 15:17:15.368,18697,18698,18698,1,1
2024-02-21 15:17:15.415,18696,18698,18698,1,1
2024-02-21 15:17:15.501,18696,18698,18696,2,-2
2024-02-21 15:17:15.764,18696,18698,18696,4,-4
2024-02-21 15:17:19.067,18696,18697,18697,1,1
2024-02-21 15:17:20.585,18697,18698,18698,1,1
2024-02-21 15:17:22.913,18697,18698,18698,4,4
2024-02-21 15:17:23.814,18697,18698,18698,1,1
2024-02-21 15:17:35.075,18697,18698,18697,1,-1
2024-02-21 15:17:35.421,18697,18698,18697,1,-1
2024-02-21 15:17:36.520,18697,18698,18698,1,1
2024-02-21 15:17:36.635,18697,18698,18698,1,1
2024-02-21 15:17:38.302,18697,18698,18697,1,-1
2024-02-21 15:17:42.513,18697,18698,18697,1,-1
2024-02-21 15:17:44.003,18697,18698,18697,1,-1
2024-02-21 15:17:46.931,18697,18698,18697,1,-1
2024-02-21 15:17:47.010,18697,18698,18698,1,1
2024-02-21 15:17:48.585,18697,18698,18697,1,-1
2024-02-21 15:17:53.283,18697,18698,18698,1,1
2024-02-21 15:17:58.335,18697,18698,18697,2,-2
2024-02-21 15:17:59.488,18697,18698,18697,1,-1
2024-02-21 15:18:01.969,18697,18698,18698,1,1
2024-02-21 15:18:01.974,18697,18698,18698,1,1
2024-02-21 15:18:01.989,18697,18698,18698,1,1
2024-02-21 15:18:02.701,18697,18698,18698,1,1
2024-02-21 15:18:02.754,18697,18698,18698,1,1
2024-02-21 15:18:03.988,18697,18698,18698,1,1
2024-02-21 15:18:05.895,18697,18698,18698,2,2
2024-02-21 15:18:06.152,18697,18698,18698,1,1
2024-02-21 15:18:06.496,18697,18698,18697,15,-15
2024-02-21 15:18:10.019,18697,18698,18697,1,-1
2024-02-21 15:18:10.314,18697,18698,18697,1,-1
2024-02-21 15:18:10.324,18697,18698,18698,2,2
2024-02-21 15:18:10.324,18697,18698,18698,6,6
2024-02-21 15:18:10.325,18697,18698,18698,1,1
2024-02-21 15:18:10.356,18697,18698,18698,6,6
2024-02-21 15:18:13.693,18697,18699,18699,4,4
2024-02-21 15:18:20.157,18698,18699,18698,1,-1
2024-02-21 15:18:24.674,18698,18699,18699,1,1
2024-02-21 15:18:24.794,18698,18699,18698,1,-1
2024-02-21 15:18:29.412,18698,18699,18699,1,1
2024-02-21 15:18:30.316,18698,18699,18698,1,-1
2024-02-21 15:18:36.334,18698,18699,18699,2,2
2024-02-21 15:18:36.335,18698,18699,18699,2,2
2024-02-21 15:18:36.335,18698,18699,18699,14,14
2024-02-21 15:18:38.778,18699,18700,18699,2,-2
2024-02-21 15:18:39.535,18699,18700,18700,1,1
2024-02-21 15:18:39.714,18699,18700,18700,1,1
2024-02-21 15:18:41.828,18699,18700,18700,3,3
2024-02-21 15:18:43.414,18699,18700,18700,1,1
2024-02-21 15:18:48.590,18699,18700,18699,1,-1
2024-02-21 15:18:51.402,18699,18700,18700,2,2
2024-02-21 15:18:56.399,18699,18700,18700,1,1
2024-02-21 15:18:56.470,18699,18700,18700,1,1
2024-02-21 15:18:57.577,18699,18700,18700,6,6
2024-02-21 15:19:00.324,18699,18700,18699,2,-2
2024-02-21 15:19:00.386,18699,18700,18700,1,1
2024-02-21 15:19:00.387,18699,18700,18700,1,1
2024-02-21 15:19:00.387,18699,18700,18700,1,1
2024-02-21 15:19:00.387,18699,18700,18700,1,1
2024-02-21 15:19:00.560,18699,18700,18700,1,1
2024-02-21 15:19:00.767,18699,18700,18700,1,1
2024-02-21 15:19:02.787,18699,18700,18700,1,1
2024-02-21 15:19:03.643,18699,18700,18700,2,2
2024-02-21 15:19:06.637,18699,18700,18699,1,-1
2024-02-21 15:19:07.869,18699,18700,18700,1,1
2024-02-21 15:19:07.885,18699,18700,18700,1,1
2024-02-21 15:19:07.886,18699,18700,18700,1,1
2024-02-21 15:19:15.604,18699,18700,18700,1,1
2024-02-21 15:19:16.941,18699,18700,18699,1,-1
2024-02-21 15:19:20.153,18699,18700,18699,1,-1
2024-02-21 15:19:22.820,18699,18700,18700,2,2
2024-02-21 15:19:22.885,18699,18700,18700,1,1
2024-02-21 15:19:22.886,18699,18700,18700,26,26
2024-02-21 15:19:22.888,18699,18700,18701,45,45
2024-02-21 15:19:23.031,18701,18702,18702,1,1
2024-02-21 15:19:23.541,18701,18702,18701,2,-2
2024-02-21 15:19:23.825,18701,18702,18701,1,-1
2024-02-21 15:19:24.801,18701,18702,18701,1,-1
2024-02-21 15:19:28.441,18701,18702,18702,1,1
2024-02-21 15:19:28.741,18701,18702,18702,1,1
2024-02-21 15:19:28.741,18701,18702,18702,49,49
2024-02-21 15:19:28.743,18701,18702,18703,9,9
2024-02-21 15:19:28.743,18701,18702,18703,2,2
2024-02-21 15:19:28.743,18701,18702,18703,9,9
2024-02-21 15:19:28.743,18701,18702,18703,2,2
2024-02-21 15:19:28.743,18701,18702,18703,2,2
2024-02-21 15:19:28.743,18701,18702,18703,17,17
2024-02-21 15:19:28.772,18703,18704,18703,17,-17
2024-02-21 15:19:28.772,18703,18704,18702,3,-3
2024-02-21 15:19:29.464,18703,18704,18704,1,1
2024-02-21 15:19:29.510,18703,18704,18704,1,1
2024-02-21 15:19:29.510,18703,18704,18704,1,1
2024-02-21 15:19:29.516,18703,18704,18704,3,3
2024-02-21 15:19:29.811,18703,18704,18704,1,1
2024-02-21 15:19:30.639,18703,18704,18703,1,-1
2024-02-21 15:19:31.496,18703,18704,18704,6,6
2024-02-21 15:19:31.706,18703,18704,18704,1,1
2024-02-21 15:19:32.035,18703,18704,18704,19,19
2024-02-21 15:19:32.760,18704,18705,18705,3,3
2024-02-21 15:19:35.396,18704,18705,18705,1,1
2024-02-21 15:19:36.467,18704,18705,18705,4,4
2024-02-21 15:19:36.977,18704,18705,18705,1,1
2024-02-21 15:19:36.978,18704,18705,18705,15,15
2024-02-21 15:19:38.724,18705,18706,18705,5,-5
2024-02-21 15:19:39.087,18705,18706,18705,1,-1
2024-02-21 15:19:39.112,18705,18706,18705,1,-1
2024-02-21 15:19:39.662,18705,18706,18706,1,1
2024-02-21 15:19:39.739,18705,18706,18706,1,1
2024-02-21 15:19:40.709,18705,18706,18706,1,1
2024-02-21 15:19:41.528,18705,18706,18705,1,-1
2024-02-21 15:19:42.258,18705,18706,18705,12,-12
2024-02-21 15:19:42.258,18705,18706,18704,18,-18
2024-02-21 15:19:44.090,18704,18705,18705,1,1
2024-02-21 15:19:45.036,18704,18705,18705,2,2
2024-02-21 15:19:45.865,18704,18706,18706,1,1
2024-02-21 15:19:45.998,18704,18706,18706,1,1
2024-02-21 15:19:47.384,18705,18706,18706,1,1
2024-02-21 15:19:49.764,18705,18706,18705,1,-1
2024-02-21 15:19:51.227,18704,18705,18705,2,2
2024-02-21 15:19:51.513,18704,18705,18705,3,3
2024-02-21 15:19:52.166,18704,18705,18705,1,1
2024-02-21 15:19:53.655,18704,18705,18704,7,-7
2024-02-21 15:19:53.655,18704,18705,18703,23,-23
2024-02-21 15:19:54.645,18703,18704,18704,4,4
2024-02-21 15:19:56.032,18703,18704,18703,1,-1
2024-02-21 15:19:56.519,18703,18704,18704,1,1
2024-02-21 15:20:00.476,18703,18704,18704,1,1
2024-02-21 15:20:01.588,18703,18704,18703,1,-1
2024-02-21 15:20:02.138,18703,18704,18704,1,1
2024-02-21 15:20:02.389,18704,18705,18704,1,-1
2024-02-21 15:20:02.649,18703,18705,18704,1,-1
2024-02-21 15:20:05.465,18703,18704,18703,5,-5
2024-02-21 15:20:08.395,18702,18703,18703,1,1
2024-02-21 15:20:12.952,18702,18703,18703,2,2
2024-02-21 15:20:14.446,18702,18703,18703,2,2
2024-02-21 15:20:14.869,18702,18703,18703,3,3
2024-02-21 15:20:14.869,18702,18703,18703,5,5
2024-02-21 15:20:16.045,18702,18703,18702,2,-2
2024-02-21 15:20:18.925,18702,18703,18703,1,1
2024-02-21 15:20:28.659,18702,18703,18703,4,4
2024-02-21 15:20:33.750,18702,18703,18703,1,1
2024-02-21 15:20:36.946,18702,18703,18703,1,1
2024-02-21 15:20:38.351,18702,18703,18703,1,1
2024-02-21 15:20:38.909,18702,18703,18703,2,2
2024-02-21 15:20:39.741,18702,18703,18703,3,3
2024-02-21 15:20:40.479,18703,18704,18703,2,-2
2024-02-21 15:20:41.376,18703,18704,18703,1,-1
2024-02-21 15:20:41.384,18703,18704,18703,1,-1
2024-02-21 15:20:41.408,18703,18704,18702,1,-1
2024-02-21 15:20:41.418,18703,18704,18702,1,-1
2024-02-21 15:20:44.040,18703,18704,18703,1,-1
2024-02-21 15:20:51.022,18703,18704,18703,1,-1
2024-02-21 15:20:51.765,18703,18704,18703,3,-3
2024-02-21 15:20:52.409,18703,18704,18703,1,-1
2024-02-21 15:20:53.656,18702,18703,18703,1,1
2024-02-21 15:20:53.656,18702,18703,18704,1,1
2024-02-21 15:20:57.902,18703,18704,18703,1,-1
2024-02-21 15:20:58.674,18703,18704,18703,1,-1
2024-02-21 15:20:58.674,18703,18704,18702,3,-3
2024-02-21 15:20:59.709,18702,18704,18704,12,12
2024-02-21 15:21:04.234,18703,18704,18704,2,2
2024-02-21 15:21:05.038,18704,18705,18704,1,-1
2024-02-21 15:21:06.575,18704,18705,18704,1,-1
2024-02-21 15:21:08.695,18704,18705,18705,2,2
2024-02-21 15:21:11.437,18704,18705,18704,1,-1
2024-02-21 15:21:13.438,18703,18704,18704,1,1
2024-02-21 15:21:14.416,18703,18704,18704,1,1
2024-02-21 15:21:16.538,18704,18705,18704,1,-1
2024-02-21 15:21:16.789,18704,18705,18704,1,-1
2024-02-21 15:21:17.040,18704,18705,18704,1,-1
2024-02-21 15:21:17.290,18704,18705,18704,1,-1
2024-02-21 15:21:17.540,18704,18705,18704,1,-1
2024-02-21 15:21:17.791,18704,18705,18704,1,-1
2024-02-21 15:21:18.041,18704,18705,18704,1,-1
2024-02-21 15:21:18.291,18704,18705,18704,1,-1
2024-02-21 15:21:18.541,18704,18705,18704,1,-1
2024-02-21 15:21:18.792,18704,18705,18704,1,-1
2024-02-21 15:21:23.628,18704,18705,18704,1,-1
2024-02-21 15:21:24.135,18704,18705,18705,1,1
2024-02-21 15:21:25.917,18704,18705,18705,6,6
2024-02-21 15:21:35.246,18704,18705,18705,1,1
2024-02-21 15:21:39.711,18704,18705,18705,2,2
2024-02-21 15:21:39.711,18704,18705,18705,1,1
2024-02-21 15:21:39.711,18704,18705,18705,6,6
2024-02-21 15:21:39.711,18704,18705,18705,3,3
2024-02-21 15:21:39.711,18704,18705,18705,1,1
2024-02-21 15:21:39.881,18705,18706,18706,3,3
2024-02-21 15:21:40.381,18705,18706,18706,3,3
2024-02-21 15:21:41.136,18705,18706,18705,2,-2
2024-02-21 15:21:44.048,18705,18706,18705,1,-1
2024-02-21 15:21:48.233,18705,18706,18705,1,-1
2024-02-21 15:21:50.380,18705,18706,18705,1,-1
2024-02-21 15:21:50.448,18705,18706,18705,1,-1
2024-02-21 15:21:52.433,18705,18706,18705,1,-1
2024-02-21 15:21:54.345,18705,18706,18705,1,-1
2024-02-21 15:22:02.023,18705,18706,18705,1,-1
2024-02-21 15:22:05.119,18705,18706,18706,1,1
2024-02-21 15:22:06.304,18705,18706,18705,2,-2
2024-02-21 15:22:15.255,18705,18706,18705,1,-1
2024-02-21 15:22:15.256,18705,18706,18705,5,-5
2024-02-21 15:22:15.256,18705,18706,18705,2,-2
2024-02-21 15:22:27.033,18704,18705,18705,1,1
2024-02-21 15:22:29.997,18704,18705,18704,29,-29
2024-02-21 15:22:38.160,18703,18704,18704,1,1
2024-02-21 15:22:39.377,18703,18705,18705,9,9
2024-02-21 15:22:40.223,18705,18706,18705,1,-1
2024-02-21 15:22:42.932,18705,18706,18705,7,-7
2024-02-21 15:22:42.934,18705,18706,18705,2,-2
2024-02-21 15:22:47.358,18705,18706,18705,1,-1
2024-02-21 15:22:52.220,18705,18706,18706,2,2
2024-02-21 15:23:07.471,18705,18706,18705,1,-1
2024-02-21 15:23:08.324,18705,18706,18705,5,-5
2024-02-21 15:23:14.782,18705,18706,18705,1,-1
2024-02-21 15:23:21.944,18705,18706,18705,1,-1
2024-02-21 15:23:22.986,18705,18706,18705,2,-2
2024-02-21 15:23:24.769,18705,18706,18705,1,-1
2024-02-21 15:23:28.066,18705,18706,18705,5,-5
2024-02-21 15:23:31.904,18705,18706,18705,5,-5
2024-02-21 15:23:32.410,18705,18706,18705,1,-1
2024-02-21 15:23:33.166,18705,18706,18705,1,-1
2024-02-21 15:23:35.039,18705,18706,18705,2,-2
2024-02-21 15:23:36.577,18704,18705,18704,3,-3
2024-02-21 15:23:45.690,18703,18704,18703,1,-1
2024-02-21 15:23:45.775,18703,18704,18704,1,1
2024-02-21 15:23:50.877,18703,18704,18704,2,2
2024-02-21 15:23:52.050,18703,18704,18704,1,1
2024-02-21 15:24:06.231,18703,18704,18704,2,2
2024-02-21 15:24:06.231,18703,18704,18705,3,3
2024-02-21 15:24:10.283,18704,18705,18704,1,-1
2024-02-21 15:24:11.477,18704,18705,18704,1,-1
2024-02-21 15:24:13.685,18703,18704,18704,1,1
2024-02-21 15:24:14.665,18703,18705,18705,1,1
2024-02-21 15:24:20.165,18704,18705,18704,2,-2
2024-02-21 15:24:22.444,18704,18705,18705,3,3
2024-02-21 15:24:25.495,18704,18705,18705,17,17
2024-02-21 15:24:26.351,18704,18705,18705,1,1
2024-02-21 15:24:26.358,18704,18705,18705,3,3
2024-02-21 15:24:26.389,18704,18706,18705,1,1
2024-02-21 15:24:27.677,18704,18706,18704,1,-1
2024-02-21 15:24:33.534,18704,18706,18706,2,2
2024-02-21 15:24:34.342,18704,18706,18706,1,1
2024-02-21 15:24:34.803,18704,18706,18706,1,1
2024-02-21 15:24:35.303,18704,18706,18706,1,1
2024-02-21 15:24:44.360,18705,18706,18705,1,-1
2024-02-21 15:24:47.303,18705,18706,18705,1,-1
2024-02-21 15:24:56.895,18704,18705,18704,1,-1
2024-02-21 15:25:02.342,18704,18705,18705,8,8
2024-02-21 15:25:10.618,18704,18705,18705,25,25
2024-02-21 15:25:10.951,18705,18706,18705,1,-1
2024-02-21 15:25:11.362,18705,18706,18706,1,1
2024-02-21 15:25:11.363,18705,18706,18706,1,1
2024-02-21 15:25:11.363,18705,18706,18706,3,3
2024-02-21 15:25:11.363,18705,18706,18706,22,22
2024-02-21 15:25:13.026,18706,18707,18707,3,3
2024-02-21 15:25:13.149,18706,18707,18706,1,-1
2024-02-21 15:25:17.418,18706,18707,18706,1,-1
2024-02-21 15:25:17.707,18706,18707,18706,1,-1
2024-02-21 15:25:22.323,18705,18707,18705,2,-2
2024-02-21 15:25:24.234,18706,18707,18706,5,-5
2024-02-21 15:25:26.476,18706,18707,18707,1,1
2024-02-21 15:25:26.579,18706,18707,18707,2,2
2024-02-21 15:25:27.850,18706,18707,18706,1,-1
2024-02-21 15:25:27.975,18706,18707,18706,1,-1
2024-02-21 15:25:30.685,18706,18707,18707,1,1
2024-02-21 15:25:32.211,18706,18707,18707,1,1
2024-02-21 15:25:32.625,18706,18707,18707,5,5
2024-02-21 15:25:33.481,18706,18707,18707,3,3
2024-02-21 15:25:33.481,18706,18707,18707,2,2
2024-02-21 15:25:33.532,18706,18707,18706,1,-1
2024-02-21 15:25:40.144,18706,18707,18706,1,-1
2024-02-21 15:25:41.235,18706,18707,18706,2,-2
2024-02-21 15:25:41.602,18706,18707,18707,1,1
2024-02-21 15:25:41.607,18706,18707,18707,1,1
2024-02-21 15:25:43.668,18706,18707,18707,5,5
2024-02-21 15:25:43.668,18706,18707,18707,1,1
2024-02-21 15:25:44.125,18706,18707,18706,1,-1
2024-02-21 15:25:49.374,18706,18707,18707,2,2
2024-02-21 15:25:52.188,18706,18707,18707,5,5
2024-02-21 15:25:58.371,18706,18707,18707,1,1
2024-02-21 15:26:06.996,18706,18707,18707,1,1
2024-02-21 15:26:08.165,18706,18707,18707,4,4
2024-02-21 15:26:08.752,18706,18707,18707,2,2
2024-02-21 15:26:10.328,18706,18707,18707,1,1
2024-02-21 15:26:10.537,18706,18707,18707,4,4
2024-02-21 15:26:11.682,18707,18708,18708,2,2
2024-02-21 15:26:12.025,18707,18708,18708,13,13
2024-02-21 15:26:12.294,18707,18708,18708,5,5
2024-02-21 15:26:18.709,18707,18709,18709,2,2
2024-02-21 15:26:19.306,18707,18709,18709,1,1
2024-02-21 15:26:19.958,18707,18709,18709,1,1
2024-02-21 15:26:28.850,18708,18709,18709,1,1
2024-02-21 15:26:30.533,18708,18709,18708,1,-1
2024-02-21 15:26:35.129,18708,18709,18708,1,-1
2024-02-21 15:26:35.898,18708,18709,18709,4,4
2024-02-21 15:26:42.245,18708,18709,18709,3,3
2024-02-21 15:26:53.015,18708,18709,18709,1,1
2024-02-21 15:27:00.654,18708,18709,18708,4,-4
2024-02-21 15:27:00.654,18708,18709,18708,6,-6
2024-02-21 15:27:03.285,18707,18708,18708,2,2
2024-02-21 15:27:08.342,18707,18708,18708,1,1
2024-02-21 15:27:10.417,18707,18708,18708,2,2
2024-02-21 15:27:10.934,18707,18708,18708,1,1
2024-02-21 15:27:13.908,18707,18708,18707,1,-1
2024-02-21 15:27:14.437,18707,18708,18708,4,4
2024-02-21 15:27:14.437,18707,18708,18709,1,1
2024-02-21 15:27:24.066,18707,18708,18708,2,2
2024-02-21 15:27:30.109,18708,18709,18708,1,-1
2024-02-21 15:27:33.370,18708,18709,18708,4,-4
2024-02-21 15:27:40.668,18708,18709,18708,1,-1
2024-02-21 15:27:41.261,18708,18709,18708,1,-1
2024-02-21 15:27:41.266,18708,18709,18708,1,-1
2024-02-21 15:27:41.266,18708,18709,18708,1,-1
2024-02-21 15:27:43.325,18707,18708,18708,1,1
2024-02-21 15:27:44.345,18707,18708,18708,2,2
2024-02-21 15:27:48.667,18707,18708,18708,1,1
2024-02-21 15:27:52.633,18707,18708,18708,1,1
2024-02-21 15:27:55.955,18707,18708,18707,1,-1
2024-02-21 15:27:57.155,18707,18708,18708,1,1
2024-02-21 15:28:08.166,18707,18708,18708,1,1
2024-02-21 15:28:08.537,18707,18708,18708,2,2
2024-02-21 15:28:26.192,18707,18708,18707,5,-5
2024-02-21 15:28:30.365,18707,18708,18707,4,-4
2024-02-21 15:28:34.521,18707,18708,18707,2,-2
2024-02-21 15:28:34.971,18707,18708,18708,2,2
2024-02-21 15:28:36.452,18707,18708,18707,1,-1
2024-02-21 15:28:41.387,18707,18708,18707,1,-1
2024-02-21 15:28:41.458,18707,18708,18707,3,-3
2024-02-21 15:28:41.458,18707,18708,18707,4,-4
2024-02-21 15:28:41.481,18707,18708,18707,2,-2
2024-02-21 15:28:48.769,18706,18707,18707,1,1
2024-02-21 15:28:48.795,18706,18707,18706,1,-1
2024-02-21 15:29:02.264,18706,18707,18706,1,-1
2024-02-21 15:29:11.099,18706,18707,18706,5,-5
2024-02-21 15:29:14.889,18706,18707,18707,1,1
2024-02-21 15:29:18.363,18706,18707,18707,2,2
2024-02-21 15:29:21.750,18706,18707,18706,1,-1
2024-02-21 15:29:22.716,18706,18707,18707,2,2
2024-02-21 15:29:26.599,18706,18707,18707,3,3
2024-02-21 15:29:35.425,18707,18708,18707,2,-2
2024-02-21 15:29:36.917,18707,18708,18707,3,-3
2024-02-21 15:29:37.424,18707,18708,18707,1,-1
2024-02-21 15:29:40.096,18707,18708,18707,1,-1
2024-02-21 15:29:50.996,18707,18708,18707,1,-1
2024-02-21 15:29:57.099,18707,18708,18708,1,1
2024-02-21 15:30:06.152,18707,18708,18707,1,-1
2024-02-21 15:30:06.554,18707,18708,18707,1,-1
2024-02-21 15:30:06.557,18707,18708,18707,1,-1
2024-02-21 15:30:06.727,18707,18708,18708,1,1
2024-02-21 15:30:06.735,18707,18708,18708,1,1
2024-02-21 15:30:06.735,18707,18708,18708,1,1
2024-02-21 15:30:06.749,18707,18708,18708,1,1
2024-02-21 15:30:06.790,18707,18708,18708,8,8
2024-02-21 15:30:06.791,18707,18708,18708,4,4
2024-02-21 15:30:06.810,18707,18708,18709,2,2
2024-02-21 15:30:06.813,18707,18708,18709,1,1
2024-02-21 15:30:06.819,18707,18708,18709,1,1
2024-02-21 15:30:06.827,18707,18708,18709,1,1
2024-02-21 15:30:06.833,18707,18708,18709,1,1
2024-02-21 15:30:07.023,18708,18709,18709,1,1
2024-02-21 15:30:07.030,18708,18709,18709,4,4
2024-02-21 15:30:07.031,18708,18709,18709,16,16
2024-02-21 15:30:07.146,18709,18710,18710,1,1
2024-02-21 15:30:07.551,18709,18710,18710,1,1
2024-02-21 15:30:07.694,18709,18710,18710,4,4
2024-02-21 15:30:07.827,18709,18710,18710,1,1
2024-02-21 15:30:12.253,18709,18710,18709,2,-2
2024-02-21 15:30:12.253,18709,18710,18708,1,-1
2024-02-21 15:30:12.296,18708,18710,18710,3,3
2024-02-21 15:30:15.427,18708,18709,18708,3,-3
2024-02-21 15:30:15.427,18708,18709,18708,1,-1
2024-02-21 15:30:38.561,18706,18707,18706,2,-2
2024-02-21 15:30:39.545,18706,18707,18707,1,1
2024-02-21 15:30:43.320,18706,18707,18707,11,11
2024-02-21 15:30:44.302,18706,18707,18707,1,1
2024-02-21 15:30:48.729,18707,18708,18708,1,1
2024-02-21 15:30:48.730,18707,18708,18708,1,1
2024-02-21 15:30:57.868,18708,18709,18708,2,-2
2024-02-21 15:31:00.016,18708,18709,18709,1,1
2024-02-21 15:31:00.506,18708,18709,18709,1,1
2024-02-21 15:31:00.628,18708,18709,18708,1,-1
2024-02-21 15:31:06.452,18708,18709,18709,1,1
2024-02-21 15:31:06.858,18708,18709,18709,3,3
2024-02-21 15:31:10.834,18709,18710,18709,1,-1
2024-02-21 15:31:10.886,18709,18710,18710,1,1
2024-02-21 15:31:12.547,18709,18710,18710,4,4
2024-02-21 15:31:15.991,18709,18710,18710,1,1
2024-02-21 15:31:18.706,18709,18710,18710,2,2
2024-02-21 15:31:21.352,18709,18710,18710,1,1
2024-02-21 15:31:21.374,18709,18710,18709,8,-8
2024-02-21 15:31:23.211,18709,18710,18710,4,4
2024-02-21 15:31:23.946,18709,18710,18709,1,-1
2024-02-21 15:31:28.689,18709,18710,18710,2,2
2024-02-21 15:31:28.689,18709,18710,18710,2,2
2024-02-21 15:31:28.690,18709,18710,18710,1,1
2024-02-21 15:31:28.690,18709,18710,18710,4,4
2024-02-21 15:31:28.690,18709,18710,18710,9,9
2024-02-21 15:31:32.184,18710,18711,18710,1,-1
2024-02-21 15:31:32.975,18710,18711,18710,2,-2
2024-02-21 15:31:34.210,18710,18711,18710,1,-1
2024-02-21 15:31:34.819,18710,18711,18710,2,-2
2024-02-21 15:31:39.352,18710,18711,18710,1,-1
2024-02-21 15:31:39.408,18710,18711,18710,1,-1
2024-02-21 15:31:44.166,18709,18710,18710,1,1
2024-02-21 15:31:45.253,18710,18711,18711,2,2
2024-02-21 15:31:49.426,18710,18711,18711,1,1
2024-02-21 15:32:05.213,18710,18711,18711,1,1
2024-02-21 15:32:06.006,18710,18711,18711,1,1
2024-02-21 15:32:06.011,18710,18711,18711,1,1
2024-02-21 15:32:09.253,18710,18711,18710,1,-1
2024-02-21 15:32:09.260,18710,18711,18711,1,1
2024-02-21 15:32:09.260,18710,18711,18711,1,1
2024-02-21 15:32:33.465,18710,18711,18710,6,-6
2024-02-21 15:32:33.465,18710,18711,18710,2,-2
2024-02-21 15:32:33.465,18710,18711,18710,2,-2
2024-02-21 15:32:33.465,18710,18711,18710,8,-8
2024-02-21 15:32:34.232,18709,18710,18710,1,1
2024-02-21 15:32:34.262,18709,18710,18710,1,1
2024-02-21 15:32:34.377,18709,18710,18711,15,15
2024-02-21 15:32:34.378,18709,18710,18711,31,31
2024-02-21 15:32:36.711,18711,18712,18711,1,-1
2024-02-21 15:32:37.127,18711,18712,18711,1,-1
2024-02-21 15:32:37.127,18711,18712,18710,1,-1
2024-02-21 15:32:37.294,18710,18711,18711,1,1
2024-02-21 15:32:37.630,18710,18711,18711,3,3
2024-02-21 15:32:39.191,18711,18712,18711,2,-2
2024-02-21 15:32:39.796,18710,18711,18711,1,1
2024-02-21 15:32:40.262,18710,18711,18711,1,1
2024-02-21 15:32:40.349,18710,18711,18710,1,-1
2024-02-21 15:32:42.620,18710,18711,18711,1,1
2024-02-21 15:32:44.943,18710,18711,18711,1,1
2024-02-21 15:32:45.497,18710,18712,18710,2,-2
2024-02-21 15:32:48.234,18710,18711,18711,1,1
2024-02-21 15:32:53.574,18710,18711,18710,1,-1
2024-02-21 15:32:55.035,18710,18711,18711,1,1
2024-02-21 15:33:18.271,18710,18711,18710,11,-11
2024-02-21 15:33:18.271,18710,18711,18710,4,-4
2024-02-21 15:33:18.394,18709,18710,18710,1,1
2024-02-21 15:33:18.394,18709,18710,18710,1,1
2024-02-21 15:33:32.960,18709,18710,18710,1,1
2024-02-21 15:33:32.965,18709,18710,18709,1,-1
2024-02-21 15:33:32.965,18709,18710,18709,3,-3
2024-02-21 15:33:32.965,18709,18710,18709,1,-1
2024-02-21 15:33:32.965,18709,18710,18709,1,-1
2024-02-21 15:33:32.966,18709,18710,18709,1,-1
2024-02-21 15:33:33.011,18708,18709,18709,1,1
2024-02-21 15:33:33.115,18708,18709,18708,1,-1
2024-02-21 15:33:33.121,18708,18709,18709,3,3
2024-02-21 15:33:43.328,18708,18709,18708,1,-1
2024-02-21 15:33:45.958,18708,18709,18709,2,2
2024-02-21 15:33:57.279,18708,18709,18709,4,4
2024-02-21 15:33:57.280,18708,18709,18709,3,3
2024-02-21 15:34:21.302,18709,18710,18709,7,-7
2024-02-21 15:34:22.354,18709,18710,18709,1,-1
2024-02-21 15:34:22.354,18709,18710,18708,5,-5
2024-02-21 15:34:36.678,18708,18710,18710,1,1
2024-02-21 15:34:41.402,18708,18709,18709,1,1
2024-02-21 15:34:45.195,18708,18709,18709,1,1
2024-02-21 15:34:48.730,18708,18709,18709,2,2
2024-02-21 15:34:57.534,18708,18709,18709,1,1
2024-02-21 15:34:57.659,18708,18709,18708,1,-1
2024-02-21 15:34:57.717,18708,18709,18709,3,3
2024-02-21 15:34:58.691,18708,18709,18708,1,-1
2024-02-21 15:34:58.691,18708,18709,18708,1,-1
2024-02-21 15:35:00.901,18708,18709,18708,12,-12
2024-02-21 15:35:02.441,18707,18708,18707,1,-1
2024-02-21 15:35:08.374,18707,18708,18707,1,-1
2024-02-21 15:35:11.735,18707,18708,18707,1,-1
2024-02-21 15:35:14.966,18707,18708,18707,2,-2
2024-02-21 15:35:14.996,18707,18708,18707,4,-4
2024-02-21 15:35:17.347,18707,18708,18707,1,-1
2024-02-21 15:35:17.447,18707,18708,18708,2,2
2024-02-21 15:35:24.572,18707,18708,18707,5,-5
2024-02-21 15:35:30.571,18706,18708,18706,18,-18
2024-02-21 15:35:30.708,18706,18707,18706,1,-1
2024-02-21 15:35:33.783,18706,18707,18707,1,1
2024-02-21 15:35:33.846,18706,18707,18707,1,1
2024-02-21 15:35:40.876,18706,18707,18707,5,5
2024-02-21 15:35:47.914,18707,18708,18708,1,1
2024-02-21 15:35:48.137,18707,18708,18707,1,-1
2024-02-21 15:35:48.910,18707,18708,18707,1,-1
2024-02-21 15:35:52.296,18707,18708,18707,1,-1
2024-02-21 15:35:59.221,18707,18708,18707,1,-1
2024-02-21 15:36:05.019,18707,18708,18708,6,6
2024-02-21 15:36:05.443,18707,18708,18708,6,6
2024-02-21 15:36:06.271,18707,18708,18708,1,1
2024-02-21 15:36:10.204,18707,18708,18708,1,1
2024-02-21 15:36:12.199,18707,18708,18708,2,2
2024-02-21 15:36:23.435,18707,18708,18707,4,-4
2024-02-21 15:36:35.900,18706,18708,18708,1,1
2024-02-21 15:36:56.699,18706,18707,18706,1,-1
2024-02-21 15:36:58.705,18706,18707,18707,3,3
2024-02-21 15:37:16.592,18706,18707,18707,4,4
2024-02-21 15:37:16.593,18706,18707,18707,6,6
2024-02-21 15:37:20.484,18707,18708,18707,1,-1
2024-02-21 15:37:23.333,18707,18708,18708,2,2
2024-02-21 15:37:24.051,18707,18708,18708,1,1
2024-02-21 15:37:28.498,18707,18708,18707,1,-1
2024-02-21 15:37:34.261,18706,18708,18706,1,-1
2024-02-21 15:37:45.673,18706,18707,18706,1,-1
2024-02-21 15:37:55.458,18706,18707,18706,11,-11
2024-02-21 15:37:55.458,18706,18707,18705,4,-4
2024-02-21 15:38:01.168,18705,18706,18706,2,2
2024-02-21 15:38:01.346,18706,18708,18706,2,-2
2024-02-21 15:38:06.792,18706,18708,18706,1,-1
2024-02-21 15:38:18.113,18706,18707,18706,2,-2
2024-02-21 15:38:29.067,18706,18707,18706,1,-1
2024-02-21 15:38:29.633,18706,18707,18706,2,-2
2024-02-21 15:38:31.262,18706,18707,18706,1,-1
2024-02-21 15:38:51.738,18705,18706,18705,1,-1
2024-02-21 15:38:53.819,18705,18706,18705,1,-1
2024-02-21 15:39:03.641,18705,18706,18705,1,-1
2024-02-21 15:39:06.855,18705,18706,18706,1,1
2024-02-21 15:39:06.856,18705,18706,18706,2,2
2024-02-21 15:39:17.780,18706,18707,18707,4,4
2024-02-21 15:39:17.877,18706,18707,18706,1,-1
2024-02-21 15:39:24.135,18706,18707,18707,2,2
2024-02-21 15:39:24.836,18706,18707,18706,1,-1
2024-02-21 15:39:25.508,18706,18707,18706,1,-1
2024-02-21 15:39:42.490,18706,18707,18706,1,-1
2024-02-21 15:39:54.742,18706,18707,18706,1,-1
2024-02-21 15:40:06.806,18706,18707,18706,1,-1
2024-02-21 15:40:07.233,18706,18707,18707,1,1
2024-02-21 15:40:07.370,18706,18707,18707,2,2
2024-02-21 15:40:26.230,18706,18707,18706,5,-5
2024-02-21 15:40:40.053,18706,18707,18707,1,1
2024-02-21 15:40:53.233,18706,18707,18707,1,1
2024-02-21 15:40:53.261,18706,18707,18707,1,1
2024-02-21 15:40:53.267,18706,18707,18707,1,1
2024-02-21 15:40:55.864,18706,18707,18707,1,1
2024-02-21 15:40:56.240,18706,18707,18707,1,1
2024-02-21 15:40:57.305,18706,18707,18707,1,1
2024-02-21 15:40:57.580,18706,18707,18707,1,1
2024-02-21 15:40:59.388,18706,18707,18706,3,-3
2024-02-21 15:40:59.930,18705,18707,18707,5,5
2024-02-21 15:41:01.609,18706,18708,18708,1,1
2024-02-21 15:41:16.058,18706,18707,18707,2,2
2024-02-21 15:41:35.500,18707,18708,18707,1,-1
2024-02-21 15:41:41.205,18707,18708,18707,15,-15
2024-02-21 15:41:41.260,18707,18708,18708,1,1
2024-02-21 15:41:41.260,18707,18708,18708,1,1
2024-02-21 15:41:51.428,18707,18708,18708,1,1
2024-02-21 15:42:02.337,18707,18708,18707,1,-1
2024-02-21 15:42:04.096,18707,18708,18708,3,3
2024-02-21 15:42:04.097,18707,18708,18708,1,1
2024-02-21 15:42:04.097,18707,18708,18709,24,24
2024-02-21 15:42:10.592,18709,18710,18709,1,-1
2024-02-21 15:42:12.130,18708,18710,18709,1,-1
2024-02-21 15:42:12.130,18708,18710,18710,1,1
2024-02-21 15:42:14.437,18708,18710,18708,1,-1
2024-02-21 15:42:23.085,18708,18709,18709,1,1
2024-02-21 15:42:34.188,18708,18709,18708,1,-1
2024-02-21 15:42:34.332,18708,18709,18708,1,-1
2024-02-21 15:42:35.930,18708,18709,18709,2,2
2024-02-21 15:42:36.221,18708,18709,18709,1,1
2024-02-21 15:42:47.619,18708,18709,18709,1,1
2024-02-21 15:42:48.985,18709,18710,18709,1,-1
2024-02-21 15:42:51.958,18709,18710,18709,1,-1
2024-02-21 15:42:54.841,18709,18710,18709,7,-7
2024-02-21 15:43:09.682,18708,18709,18709,1,1
2024-02-21 15:43:11.292,18708,18709,18709,1,1
2024-02-21 15:43:15.672,18708,18709,18709,1,1
2024-02-21 15:43:21.039,18709,18710,18709,1,-1
2024-02-21 15:43:22.635,18708,18709,18709,1,1
2024-02-21 15:43:22.886,18709,18710,18709,1,-1
2024-02-21 15:43:28.945,18709,18710,18710,2,2
2024-02-21 15:43:29.831,18709,18710,18709,4,-4
2024-02-21 15:43:29.831,18709,18710,18709,2,-2
2024-02-21 15:43:29.855,18709,18710,18709,2,-2
2024-02-21 15:43:38.023,18708,18710,18710,1,1
2024-02-21 15:43:44.199,18709,18710,18710,1,1
2024-02-21 15:43:45.332,18709,18710,18710,7,7
2024-02-21 15:43:45.471,18709,18710,18709,1,-1
2024-02-21 15:43:51.510,18709,18710,18709,1,-1
2024-02-21 15:44:10.457,18708,18709,18709,1,1
2024-02-21 15:44:14.688,18708,18709,18708,2,-2
2024-02-21 15:44:25.734,18708,18709,18708,20,-20
2024-02-21 15:44:31.518,18707,18709,18709,1,1
2024-02-21 15:44:37.465,18707,18708,18707,1,-1
2024-02-21 15:44:49.076,18707,18708,18707,1,-1
2024-02-21 15:44:57.151,18707,18708,18707,1,-1
2024-02-21 15:45:00.238,18707,18708,18707,4,-4
2024-02-21 15:45:10.249,18707,18708,18707,4,-4
2024-02-21 15:45:10.488,18707,18708,18708,1,1
2024-02-21 15:45:10.743,18707,18708,18708,1,1
2024-02-21 15:45:11.533,18707,18708,18707,2,-2
2024-02-21 15:45:13.095,18707,18708,18708,2,2
2024-02-21 15:45:16.124,18707,18708,18707,4,-4
2024-02-21 15:45:20.636,18707,18708,18707,1,-1
2024-02-21 15:45:21.406,18707,18708,18707,4,-4
2024-02-21 15:45:24.079,18707,18708,18707,1,-1
2024-02-21 15:45:24.350,18707,18708,18707,1,-1
2024-02-21 15:45:27.601,18706,18707,18706,1,-1
2024-02-21 15:45:29.698,18706,18707,18707,1,1
2024-02-21 15:45:32.608,18706,18708,18706,1,-1
2024-02-21 15:45:55.909,18706,18707,18707,4,4
2024-02-21 15:45:55.909,18706,18707,18707,3,3
2024-02-21 15:46:00.949,18707,18708,18707,1,-1
2024-02-21 15:46:01.013,18707,18708,18708,1,1
2024-02-21 15:46:01.013,18707,18708,18708,1,1
2024-02-21 15:46:01.013,18707,18708,18708,2,2
2024-02-21 15:46:01.017,18707,18708,18709,1,1
2024-02-21 15:46:02.615,18708,18709,18708,1,-1
2024-02-21 15:46:06.814,18708,18709,18708,1,-1
2024-02-21 15:46:32.225,18708,18709,18708,1,-1
2024-02-21 15:46:32.260,18708,18709,18709,1,1
2024-02-21 15:46:32.260,18708,18709,18709,1,1
2024-02-21 15:46:56.884,18708,18709,18708,3,-3
2024-02-21 15:46:56.987,18708,18709,18709,1,1
2024-02-21 15:47:09.822,18707,18708,18708,1,1
2024-02-21 15:47:09.885,18708,18709,18709,1,1
2024-02-21 15:47:09.885,18708,18709,18709,1,1
2024-02-21 15:47:18.357,18708,18709,18709,1,1
2024-02-21 15:47:57.557,18708,18709,18709,4,4
2024-02-21 15:48:06.674,18708,18709,18709,1,1
2024-02-21 15:48:09.919,18708,18710,18709,1,1
2024-02-21 15:48:26.701,18708,18709,18708,1,-1
2024-02-21 15:48:27.022,18708,18709,18709,1,1
2024-02-21 15:48:31.070,18708,18709,18708,1,-1
2024-02-21 15:48:50.528,18708,18709,18708,2,-2
2024-02-21 15:48:51.109,18708,18709,18708,4,-4
2024-02-21 15:48:51.132,18708,18709,18708,1,-1
2024-02-21 15:48:53.675,18707,18708,18708,1,1
2024-02-21 15:49:00.566,18707,18708,18708,1,1
2024-02-21 15:49:13.342,18707,18708,18707,1,-1
2024-02-21 15:49:13.616,18707,18708,18708,2,2
2024-02-21 15:49:14.530,18707,18708,18707,4,-4
2024-02-21 15:49:30.204,18706,18708,18706,23,-23
2024-02-21 15:49:30.204,18706,18708,18706,2,-2
2024-02-21 15:49:30.213,18706,18708,18706,1,-1
2024-02-21 15:49:33.118,18705,18706,18706,2,2
2024-02-21 15:49:58.669,18705,18706,18705,1,-1
2024-02-21 15:50:07.233,18705,18706,18705,1,-1
2024-02-21 15:50:15.546,18705,18706,18705,1,-1
2024-02-21 15:50:23.722,18705,18706,18705,1,-1
2024-02-21 15:50:28.902,18705,18706,18705,1,-1
2024-02-21 15:50:37.709,18705,18706,18706,10,10
2024-02-21 15:50:37.709,18705,18706,18707,31,31
2024-02-21 15:50:37.709,18705,18706,18707,2,2
2024-02-21 15:50:37.709,18705,18706,18707,1,1
2024-02-21 15:50:37.710,18705,18706,18707,1,1
2024-02-21 15:50:37.710,18705,18706,18707,9,9
2024-02-21 15:50:37.711,18705,18706,18708,19,19
2024-02-21 15:50:37.740,18705,18706,18707,5,5
2024-02-21 15:50:41.214,18706,18708,18706,26,-26
2024-02-21 15:50:41.214,18706,18708,18706,2,-2
2024-02-21 15:50:41.214,18706,18708,18706,1,-1
2024-02-21 15:50:41.215,18706,18708,18706,2,-2
2024-02-21 15:50:41.215,18706,18708,18706,1,-1
2024-02-21 15:50:42.523,18705,18707,18707,2,2
2024-02-21 15:50:43.201,18705,18707,18707,11,11
2024-02-21 15:50:47.136,18706,18707,18707,1,1
2024-02-21 15:50:47.136,18706,18707,18708,26,26
2024-02-21 15:50:49.676,18706,18708,18708,1,1
2024-02-21 15:51:02.662,18707,18708,18708,1,1
2024-02-21 15:51:08.242,18707,18708,18707,1,-1
2024-02-21 15:51:27.081,18707,18708,18707,1,-1
2024-02-21 15:51:30.718,18707,18708,18708,1,1
2024-02-21 15:51:55.908,18707,18708,18708,1,1
2024-02-21 15:51:56.994,18707,18708,18708,1,1
2024-02-21 15:52:00.219,18707,18708,18707,1,-1
2024-02-21 15:52:13.366,18707,18708,18707,1,-1
2024-02-21 15:52:13.674,18707,18708,18708,1,1
2024-02-21 15:52:26.080,18707,18708,18707,1,-1
2024-02-21 15:52:32.203,18707,18708,18707,1,-1
2024-02-21 15:52:37.361,18706,18708,18708,1,1
2024-02-21 15:52:46.000,18706,18708,18708,17,17
2024-02-21 15:53:01.107,18707,18708,18708,5,5
2024-02-21 15:53:05.221,18708,18709,18708,5,-5
2024-02-21 15:53:30.870,18708,18709,18708,1,-1
2024-02-21 15:53:38.233,18708,18709,18709,1,1
2024-02-21 15:53:38.520,18708,18709,18709,1,1
2024-02-21 15:53:38.986,18708,18709,18709,3,3
2024-02-21 15:53:38.986,18708,18709,18709,6,6
2024-02-21 15:53:44.950,18708,18710,18710,2,2
2024-02-21 15:53:49.291,18708,18709,18708,2,-2
2024-02-21 15:54:30.975,18708,18709,18709,13,13
2024-02-21 15:54:30.975,18708,18709,18710,40,40
2024-02-21 15:54:30.976,18708,18709,18710,1,1
2024-02-21 15:54:30.977,18708,18709,18710,1,1
2024-02-21 15:54:30.977,18708,18709,18710,2,2
2024-02-21 15:54:31.058,18709,18711,18709,3,-3
2024-02-21 15:54:31.062,18709,18711,18709,1,-1
2024-02-21 15:54:31.101,18709,18711,18709,3,-3
2024-02-21 15:54:32.983,18708,18710,18710,2,2
2024-02-21 15:54:37.254,18709,18711,18711,44,44
2024-02-21 15:54:37.300,18709,18711,18712,2,2
2024-02-21 15:54:37.325,18709,18711,18712,1,1
2024-02-21 15:54:37.358,18709,18711,18712,1,1
2024-02-21 15:54:37.426,18710,18712,18712,1,1
2024-02-21 15:54:37.651,18710,18712,18712,1,1
2024-02-21 15:55:01.951,18711,18712,18711,1,-1
2024-02-21 15:55:01.953,18711,18712,18711,5,-5
2024-02-21 15:55:10.597,18710,18711,18711,5,5
2024-02-21 15:55:10.636,18710,18711,18711,1,1
2024-02-21 15:55:20.226,18710,18711,18710,1,-1
2024-02-21 15:55:20.260,18710,18711,18711,1,1
2024-02-21 15:55:23.579,18710,18711,18711,1,1
2024-02-21 15:55:24.078,18710,18711,18711,2,2
2024-02-21 15:55:34.162,18710,18711,18711,1,1
2024-02-21 15:55:35.844,18710,18711,18711,2,2
2024-02-21 15:55:35.885,18710,18711,18711,1,1
2024-02-21 15:55:35.886,18710,18711,18711,1,1
2024-02-21 15:55:36.548,18710,18711,18711,1,1
2024-02-21 15:55:36.751,18710,18711,18711,1,1
2024-02-21 15:55:36.765,18710,18711,18711,1,1
2024-02-21 15:55:37.690,18710,18711,18710,2,-2
2024-02-21 15:55:37.981,18710,18711,18711,1,1
2024-02-21 15:55:38.125,18710,18711,18711,1,1
2024-02-21 15:55:39.640,18710,18711,18711,1,1
2024-02-21 15:55:40.582,18711,18712,18711,1,-1
2024-02-21 15:55:41.728,18710,18712,18712,1,1
2024-02-21 15:55:43.742,18711,18712,18711,1,-1
2024-02-21 15:55:45.419,18711,18712,18711,1,-1
2024-02-21 15:55:48.971,18710,18712,18712,3,3
2024-02-21 15:55:50.054,18710,18711,18711,1,1
2024-02-21 15:56:00.231,18710,18711,18710,1,-1
2024-02-21 15:56:00.231,18710,18711,18710,2,-2
2024-02-21 15:56:00.231,18710,18711,18710,2,-2
2024-02-21 15:56:00.231,18710,18711,18710,1,-1
2024-02-21 15:56:00.231,18710,18711,18710,2,-2
2024-02-21 15:56:00.281,18709,18710,18709,1,-1
2024-02-21 15:56:00.347,18709,18710,18709,3,-3
2024-02-21 15:56:00.357,18709,18710,18709,10,-10
2024-02-21 15:56:00.357,18709,18710,18708,3,-3
2024-02-21 15:56:00.469,18708,18709,18708,2,-2
2024-02-21 15:56:00.486,18708,18709,18709,2,2
2024-02-21 15:56:00.682,18709,18710,18709,2,-2
2024-02-21 15:56:00.682,18709,18710,18708,1,-1
2024-02-21 15:56:00.702,18709,18710,18708,3,-3
2024-02-21 15:56:07.174,18709,18710,18709,2,-2
2024-02-21 15:56:07.174,18709,18710,18708,1,-1
2024-02-21 15:56:09.477,18709,18710,18710,11,11
2024-02-21 15:56:11.971,18709,18711,18711,1,1
2024-02-21 15:56:19.434,18710,18711,18711,1,1
2024-02-21 15:56:19.612,18710,18711,18711,1,1
2024-02-21 15:56:19.791,18710,18711,18711,1,1
2024-02-21 15:56:19.985,18710,18711,18711,1,1
2024-02-21 15:56:22.282,18710,18711,18711,1,1
2024-02-21 15:56:23.589,18710,18711,18711,1,1
2024-02-21 15:56:26.938,18710,18711,18710,1,-1
2024-02-21 15:56:35.816,18710,18711,18710,1,-1
2024-02-21 15:56:35.858,18710,18711,18711,1,1
2024-02-21 15:56:35.858,18710,18711,18711,2,2
2024-02-21 15:56:40.221,18711,18712,18711,1,-1
2024-02-21 15:56:44.330,18711,18712,18711,1,-1
2024-02-21 15:57:06.773,18709,18710,18710,1,1
2024-02-21 15:57:06.773,18709,18710,18711,3,3
2024-02-21 15:57:09.050,18709,18711,18709,1,-1
2024-02-21 15:57:12.458,18710,18711,18710,1,-1
2024-02-21 15:57:20.430,18710,18711,18710,1,-1
2024-02-21 15:57:21.611,18710,18711,18710,1,-1
2024-02-21 15:57:21.635,18709,18710,18710,1,1
2024-02-21 15:57:48.359,18710,18711,18710,3,-3
2024-02-21 15:57:48.359,18710,18711,18710,4,-4
2024-02-21 15:57:51.136,18709,18710,18709,1,-1
2024-02-21 15:57:59.844,18709,18710,18709,6,-6
2024-02-21 15:58:20.237,18708,18709,18708,7,-7
2024-02-21 15:58:23.815,18707,18708,18707,1,-1
2024-02-21 15:58:23.816,18707,18708,18707,2,-2
2024-02-21 15:58:42.609,18706,18707,18706,2,-2
2024-02-21 15:58:43.634,18706,18707,18706,2,-2
2024-02-21 15:58:49.645,18706,18707,18707,3,3
2024-02-21 15:58:49.645,18706,18707,18708,2,2
2024-02-21 15:59:04.845,18706,18707,18707,3,3
2024-02-21 15:59:05.901,18706,18707,18706,12,-12
2024-02-21 15:59:17.213,18706,18707,18707,1,1
2024-02-21 15:59:24.317,18706,18707,18706,3,-3
2024-02-21 15:59:24.318,18706,18707,18706,16,-16
2024-02-21 15:59:24.557,18705,18706,18706,1,1
2024-02-21 15:59:24.897,18705,18706,18706,1,1
2024-02-21 15:59:25.058,18705,18706,18706,1,1
2024-02-21 15:59:27.836,18705,18706,18706,1,1
2024-02-21 15:59:34.510,18705,18706,18706,1,1
2024-02-21 15:59:34.511,18705,18706,18706,3,3
2024-02-21 15:59:41.652,18706,18707,18706,1,-1
2024-02-21 15:59:42.912,18706,18707,18707,1,1
2024-02-21 15:59:43.685,18706,18707,18706,1,-1
2024-02-21 15:59:52.934,18705,18706,18706,1,1
2024-02-21 15:59:55.295,18705,18706,18705,7,-7
2024-02-21 15:59:55.909,18705,18706,18705,1,-1
2024-02-21 15:59:57.976,18705,18706,18705,2,-2
2024-02-21 15:59:59.248,18705,18706,18705,7,-7
2024-02-21 15:59:59.248,18705,18706,18705,4,-4
2024-02-21 15:59:59.732,18704,18705,18704,3,-3
2024-02-21 15:59:59.819,18704,18705,18704,1,-1
2024-02-21 15:59:59.836,18704,18705,18704,10,-10
2024-02-21 16:00:00.218,18704,18705,18704,1,-1
2024-02-21 16:00:00.400,18704,18705,18704,1,-1
2024-02-21 16:00:00.404,18704,18705,18704,1,-1
2024-02-21 16:00:00.406,18704,18705,18705,1,1
2024-02-21 16:00:00.412,18704,18705,18704,1,-1
2024-02-21 16:00:00.417,18704,18705,18704,1,-1
2024-02-21 16:00:00.427,18704,18705,18704,1,-1
2024-02-21 16:00:00.461,18704,18705,18704,3,-3
2024-02-21 16:00:00.461,18704,18705,18703,4,-4
2024-02-21 16:00:00.468,18704,18705,18705,2,2
2024-02-21 16:00:00.477,18704,18705,18705,1,1
2024-02-21 16:00:00.478,18704,18705,18705,1,1
2024-02-21 16:00:00.491,18704,18705,18705,1,1
2024-02-21 16:00:00.537,18703,18705,18705,2,2
2024-02-21 16:00:00.693,18704,18705,18705,1,1
2024-02-21 16:00:00.781,18704,18705,18705,1,1
2024-02-21 16:00:00.798,18704,18705,18705,1,1
2024-02-21 16:00:01.557,18704,18706,18704,1,-1
2024-02-21 16:00:01.589,18704,18706,18704,2,-2
2024-02-21 16:00:02.025,18704,18706,18706,3,3
2024-02-21 16:00:02.054,18704,18706,18706,2,2
2024-02-21 16:00:02.065,18704,18706,18706,4,4
2024-02-21 16:00:02.116,18704,18706,18706,3,3
2024-02-21 16:00:03.055,18705,18706,18706,1,1
2024-02-21 16:00:05.448,18705,18706,18706,1,1
2024-02-21 16:00:08.527,18705,18706,18705,1,-1
2024-02-21 16:00:11.918,18704,18706,18706,1,1
2024-02-21 16:00:11.979,18704,18706,18705,1,1
2024-02-21 16:00:13.256,18705,18707,18705,2,-2
2024-02-21 16:00:20.722,18704,18705,18705,2,2
2024-02-21 16:00:20.722,18704,18705,18705,3,3
2024-02-21 16:00:29.354,18705,18706,18705,1,-1
2024-02-21 16:00:33.771,18704,18705,18705,6,6
2024-02-21 16:00:41.440,18705,18706,18705,1,-1
2024-02-21 16:00:41.649,18704,18705,18705,2,2
2024-02-21 16:00:42.296,18705,18706,18705,2,-2
2024-02-21 16:00:46.129,18705,18706,18705,2,-2
2024-02-21 16:00:49.833,18704,18705,18705,3,3
2024-02-21 16:00:53.224,18704,18705,18704,1,-1
2024-02-21 16:00:53.880,18704,18705,18705,1,1
2024-02-21 16:00:57.939,18704,18705,18705,3,3
2024-02-21 16:00:59.817,18705,18706,18705,2,-2
2024-02-21 16:00:59.817,18705,18706,18704,1,-1
2024-02-21 16:01:01.185,18704,18706,18704,3,-3
2024-02-21 16:01:01.271,18704,18706,18706,1,1
2024-02-21 16:01:02.226,18704,18706,18704,10,-10
2024-02-21 16:01:02.260,18704,18705,18705,1,1
2024-02-21 16:01:02.410,18704,18706,18704,3,-3
2024-02-21 16:01:06.345,18704,18705,18704,2,-2
2024-02-21 16:01:09.003,18704,18705,18705,3,3
2024-02-21 16:01:09.806,18704,18705,18704,4,-4
2024-02-21 16:01:11.629,18704,18705,18704,1,-1
2024-02-21 16:01:18.237,18704,18705,18704,4,-4
2024-02-21 16:01:19.226,18704,18705,18704,1,-1
2024-02-21 16:01:29.488,18703,18704,18703,2,-2
2024-02-21 16:01:29.488,18703,18704,18703,2,-2
2024-02-21 16:01:29.489,18703,18704,18703,2,-2
2024-02-21 16:01:29.489,18703,18704,18703,3,-3
2024-02-21 16:01:31.212,18703,18704,18703,1,-1
2024-02-21 16:01:31.722,18703,18704,18703,1,-1
2024-02-21 16:01:40.227,18703,18704,18703,1,-1
2024-02-21 16:01:40.578,18703,18704,18703,1,-1
2024-02-21 16:01:40.578,18703,18704,18703,1,-1
2024-02-21 16:01:40.578,18703,18704,18703,1,-1
2024-02-21 16:01:40.596,18703,18704,18703,2,-2
2024-02-21 16:01:40.596,18703,18704,18703,2,-2
2024-02-21 16:01:40.596,18703,18704,18703,1,-1
2024-02-21 16:01:40.596,18703,18704,18703,1,-1
2024-02-21 16:01:40.596,18703,18704,18703,2,-2
2024-02-21 16:01:40.596,18703,18704,18703,2,-2
2024-02-21 16:01:40.596,18703,18704,18703,5,-5
2024-02-21 16:01:41.308,18702,18703,18702,1,-1
2024-02-21 16:01:41.460,18702,18703,18702,2,-2
2024-02-21 16:01:44.309,18702,18703,18703,3,3
2024-02-21 16:01:45.351,18702,18703,18702,1,-1
2024-02-21 16:01:50.867,18702,18703,18703,6,6
2024-02-21 16:01:50.955,18703,18704,18703,1,-1
2024-02-21 16:01:52.076,18703,18704,18703,2,-2
2024-02-21 16:01:52.231,18703,18704,18703,1,-1
2024-02-21 16:01:54.141,18703,18704,18703,1,-1
2024-02-21 16:01:57.434,18703,18704,18703,1,-1
2024-02-21 16:02:00.225,18703,18704,18703,2,-2
2024-02-21 16:02:00.499,18703,18704,18703,1,-1
2024-02-21 16:02:07.521,18703,18704,18703,1,-1
2024-02-21 16:02:10.469,18703,18704,18704,3,3
2024-02-21 16:02:10.469,18703,18704,18704,10,10
2024-02-21 16:02:11.336,18704,18705,18704,1,-1
2024-02-21 16:02:13.614,18704,18705,18705,2,2
2024-02-21 16:02:13.660,18704,18705,18704,2,-2
2024-02-21 16:02:20.223,18703,18704,18703,1,-1
2024-02-21 16:02:20.532,18702,18703,18702,1,-1
2024-02-21 16:02:21.032,18702,18703,18702,1,-1
2024-02-21 16:02:26.960,18702,18703,18703,6,6
2024-02-21 16:02:27.188,18702,18703,18703,3,3
2024-02-21 16:02:28.192,18702,18704,18702,11,-11
2024-02-21 16:02:35.464,18702,18703,18703,1,1
2024-02-21 16:02:38.755,18702,18703,18703,2,2
2024-02-21 16:02:38.831,18702,18703,18703,1,1
2024-02-21 16:02:41.132,18702,18703,18702,1,-1
2024-02-21 16:02:52.856,18702,18703,18702,2,-2
2024-02-21 16:02:55.830,18702,18703,18703,3,3
2024-02-21 16:02:55.831,18702,18703,18704,4,4
2024-02-21 16:02:56.174,18703,18705,18705,3,3
2024-02-21 16:02:56.175,18703,18705,18705,1,1
2024-02-21 16:03:01.266,18704,18705,18704,1,-1
2024-02-21 16:03:01.386,18703,18705,18705,1,1
2024-02-21 16:03:01.386,18703,18705,18705,1,1
2024-02-21 16:03:03.361,18703,18705,18705,1,1
2024-02-21 16:03:03.386,18703,18705,18705,1,1
2024-02-21 16:03:04.510,18703,18705,18703,1,-1
2024-02-21 16:03:09.336,18704,18705,18704,1,-1
2024-02-21 16:03:16.687,18704,18705,18704,3,-3
2024-02-21 16:03:23.953,18704,18705,18705,1,1
2024-02-21 16:03:28.402,18704,18705,18704,1,-1
2024-02-21 16:03:28.408,18704,18705,18704,1,-1
2024-02-21 16:03:28.408,18704,18705,18704,2,-2
2024-02-21 16:03:28.409,18704,18705,18704,1,-1
2024-02-21 16:03:28.420,18704,18705,18704,2,-2
2024-02-21 16:03:36.672,18703,18704,18704,6,6
2024-02-21 16:03:36.760,18703,18705,18705,1,1
2024-02-21 16:03:36.761,18703,18705,18705,1,1
2024-02-21 16:03:40.406,18703,18704,18703,1,-1
2024-02-21 16:03:40.511,18703,18704,18704,1,1
2024-02-21 16:03:45.563,18703,18704,18704,1,1
2024-02-21 16:03:54.337,18704,18705,18705,12,12
2024-02-21 16:03:54.337,18704,18705,18705,2,2
2024-02-21 16:03:54.337,18704,18705,18705,2,2
2024-02-21 16:03:54.337,18704,18705,18705,2,2
2024-02-21 16:03:58.309,18704,18705,18705,1,1
2024-02-21 16:04:00.483,18705,18706,18705,2,-2
2024-02-21 16:04:07.040,18705,18706,18706,5,5
2024-02-21 16:04:24.275,18705,18706,18706,14,14
2024-02-21 16:04:24.276,18705,18706,18706,3,3
2024-02-21 16:04:28.263,18705,18706,18705,1,-1
2024-02-21 16:04:30.062,18705,18706,18705,1,-1
2024-02-21 16:04:32.415,18705,18706,18706,2,2
2024-02-21 16:04:32.875,18705,18706,18705,1,-1
2024-02-21 16:04:33.799,18705,18706,18705,1,-1
2024-02-21 16:04:39.371,18705,18706,18706,1,1
2024-02-21 16:04:41.233,18705,18706,18706,1,1
2024-02-21 16:04:41.858,18705,18706,18706,4,4
2024-02-21 16:04:47.672,18705,18706,18706,1,1
2024-02-21 16:05:00.317,18705,18706,18706,2,2
2024-02-21 16:05:06.375,18706,18707,18706,3,-3
2024-02-21 16:05:07.167,18706,18707,18707,1,1
2024-02-21 16:05:07.167,18706,18707,18707,9,9
2024-02-21 16:05:09.669,18707,18708,18707,3,-3
2024-02-21 16:05:12.938,18707,18708,18707,1,-1
2024-02-21 16:05:13.057,18707,18708,18708,4,4
2024-02-21 16:05:13.058,18707,18708,18708,2,2
2024-02-21 16:05:13.868,18708,18709,18709,1,1
2024-02-21 16:05:14.582,18708,18709,18709,1,1
2024-02-21 16:05:14.686,18708,18709,18708,1,-1
2024-02-21 16:05:14.912,18708,18709,18709,1,1
2024-02-21 16:05:15.263,18708,18709,18709,1,1
2024-02-21 16:05:20.213,18708,18709,18709,4,4
2024-02-21 16:05:20.218,18708,18709,18709,2,2
2024-02-21 16:05:21.016,18709,18710,18710,16,16
2024-02-21 16:05:21.586,18709,18711,18711,1,1
2024-02-21 16:05:24.946,18710,18711,18711,1,1
2024-02-21 16:05:25.448,18710,18711,18710,1,-1
2024-02-21 16:05:26.379,18709,18710,18710,2,2
2024-02-21 16:05:29.885,18710,18711,18710,1,-1
2024-02-21 16:05:30.884,18710,18711,18710,1,-1
2024-02-21 16:05:32.540,18709,18710,18710,1,1
2024-02-21 16:05:40.218,18709,18710,18710,8,8
2024-02-21 16:05:41.448,18709,18710,18709,2,-2
2024-02-21 16:05:43.640,18708,18710,18708,1,-1
2024-02-21 16:05:46.204,18708,18710,18708,3,-3
2024-02-21 16:05:51.941,18708,18710,18708,3,-3
2024-02-21 16:05:52.192,18708,18710,18710,1,1
2024-02-21 16:05:54.553,18708,18710,18708,1,-1
2024-02-21 16:05:58.152,18707,18709,18709,1,1
2024-02-21 16:06:08.395,18708,18709,18709,1,1
2024-02-21 16:06:10.068,18708,18709,18708,2,-2
2024-02-21 16:06:10.610,18708,18709,18709,1,1
2024-02-21 16:06:12.911,18708,18709,18709,1,1
2024-02-21 16:06:14.902,18708,18709,18708,1,-1
2024-02-21 16:06:14.968,18708,18709,18709,1,1
2024-02-21 16:06:16.472,18708,18709,18709,1,1
2024-02-21 16:06:16.916,18708,18709,18709,1,1
2024-02-21 16:06:18.506,18708,18709,18709,1,1
2024-02-21 16:06:19.048,18708,18709,18709,1,1
2024-02-21 16:06:20.550,18708,18709,18708,1,-1
2024-02-21 16:06:30.277,18708,18709,18709,2,2
2024-02-21 16:06:36.626,18708,18709,18709,1,1
2024-02-21 16:06:45.567,18708,18710,18708,21,-21
2024-02-21 16:06:45.568,18708,18710,18708,2,-2
2024-02-21 16:06:45.569,18708,18710,18708,3,-3
2024-02-21 16:06:59.364,18709,18710,18710,6,6
2024-02-21 16:07:01.745,18710,18711,18711,2,2
2024-02-21 16:07:01.862,18710,18711,18710,2,-2
2024-02-21 16:07:02.136,18710,18711,18710,1,-1
2024-02-21 16:07:06.388,18709,18710,18710,1,1
2024-02-21 16:07:11.726,18709,18710,18710,2,2
2024-02-21 16:07:13.067,18709,18710,18710,1,1
2024-02-21 16:07:14.154,18710,18711,18711,3,3
2024-02-21 16:07:14.160,18710,18711,18710,1,-1
2024-02-21 16:07:14.464,18710,18711,18711,2,2
2024-02-21 16:07:14.471,18710,18711,18711,4,4
2024-02-21 16:07:14.471,18710,18711,18711,1,1
2024-02-21 16:07:14.471,18710,18711,18711,16,16
2024-02-21 16:07:14.471,18710,18711,18711,2,2
2024-02-21 16:07:14.471,18710,18711,18711,3,3
2024-02-21 16:07:17.195,18711,18712,18711,5,-5
2024-02-21 16:07:18.083,18710,18711,18711,2,2
2024-02-21 16:07:23.131,18710,18712,18712,1,1
2024-02-21 16:07:23.184,18710,18712,18712,2,2
2024-02-21 16:07:23.462,18710,18712,18712,1,1
2024-02-21 16:07:23.509,18710,18712,18712,1,1
2024-02-21 16:07:23.517,18710,18712,18712,2,2
2024-02-21 16:07:23.525,18710,18712,18712,1,1
2024-02-21 16:07:23.650,18710,18712,18712,2,2
2024-02-21 16:07:23.685,18710,18712,18712,1,1
2024-02-21 16:07:29.143,18711,18712,18712,2,2
2024-02-21 16:07:33.474,18711,18712,18712,2,2
2024-02-21 16:07:35.089,18710,18712,18712,1,1
2024-02-21 16:07:35.135,18710,18712,18712,1,1
2024-02-21 16:07:35.135,18710,18712,18712,1,1
2024-02-21 16:07:36.309,18710,18711,18711,1,1
2024-02-21 16:07:41.830,18710,18711,18710,1,-1
2024-02-21 16:07:41.938,18710,18711,18711,2,2
2024-02-21 16:07:46.383,18710,18711,18711,1,1
2024-02-21 16:07:55.713,18710,18711,18710,1,-1
2024-02-21 16:07:56.085,18709,18711,18711,2,2
2024-02-21 16:08:02.828,18709,18710,18709,1,-1
2024-02-21 16:08:03.419,18709,18710,18709,4,-4
2024-02-21 16:08:03.419,18709,18710,18708,1,-1
2024-02-21 16:08:04.904,18708,18709,18708,1,-1
2024-02-21 16:08:05.380,18708,18709,18708,2,-2
2024-02-21 16:08:09.726,18707,18709,18709,1,1
2024-02-21 16:08:20.715,18708,18709,18708,1,-1
2024-02-21 16:08:23.108,18707,18709,18709,1,1
2024-02-21 16:08:23.282,18707,18709,18709,1,1
2024-02-21 16:08:24.146,18707,18709,18709,1,1
2024-02-21 16:08:24.742,18708,18709,18708,1,-1
2024-02-21 16:08:34.343,18707,18708,18708,1,1
2024-02-21 16:08:36.174,18708,18709,18708,1,-1
2024-02-21 16:08:39.322,18708,18709,18709,1,1
2024-02-21 16:08:43.961,18709,18711,18709,1,-1
2024-02-21 16:08:46.257,18709,18710,18710,4,4
2024-02-21 16:08:47.354,18710,18711,18710,2,-2
2024-02-21 16:08:55.428,18709,18711,18711,1,1
2024-02-21 16:08:55.718,18709,18711,18711,2,2
2024-02-21 16:09:27.423,18709,18710,18710,2,2
2024-02-21 16:09:30.212,18709,18710,18710,2,2
2024-02-21 16:09:30.212,18709,18710,18711,1,1
2024-02-21 16:09:43.236,18710,18711,18711,2,2
2024-02-21 16:09:43.236,18710,18711,18711,2,2
2024-02-21 16:09:45.872,18711,18712,18711,1,-1
2024-02-21 16:09:46.453,18711,18712,18712,1,1
2024-02-21 16:09:46.735,18711,18712,18711,1,-1
2024-02-21 16:09:46.735,18711,18712,18710,2,-2
2024-02-21 16:09:52.285,18710,18711,18710,1,-1
2024-02-21 16:10:00.795,18710,18711,18710,1,-1
2024-02-21 16:10:00.796,18710,18711,18710,1,-1
2024-02-21 16:10:00.796,18710,18711,18710,2,-2
2024-02-21 16:10:01.588,18709,18710,18710,1,1
2024-02-21 16:10:01.588,18709,18710,18711,1,1
2024-02-21 16:10:01.589,18709,18710,18711,1,1
2024-02-21 16:10:01.593,18709,18710,18711,1,1
2024-02-21 16:10:09.754,18709,18710,18710,1,1
2024-02-21 16:10:10.733,18709,18710,18709,4,-4
2024-02-21 16:10:13.728,18708,18709,18709,1,1
2024-02-21 16:10:18.228,18708,18709,18708,10,-10
2024-02-21 16:10:19.378,18708,18709,18708,1,-1
2024-02-21 16:10:19.378,18708,18709,18708,1,-1
2024-02-21 16:10:19.378,18708,18709,18708,1,-1
2024-02-21 16:10:20.268,18707,18708,18708,5,5
2024-02-21 16:10:23.562,18707,18708,18707,4,-4
2024-02-21 16:10:23.562,18707,18708,18706,2,-2
2024-02-21 16:10:37.325,18706,18707,18706,11,-11
2024-02-21 16:10:50.719,18705,18706,18706,1,1
2024-02-21 16:10:52.165,18705,18706,18705,1,-1
2024-02-21 16:10:54.016,18705,18706,18705,2,-2
2024-02-21 16:11:00.446,18705,18706,18705,2,-2
2024-02-21 16:11:06.490,18705,18706,18705,2,-2
2024-02-21 16:11:10.845,18704,18706,18704,1,-1
2024-02-21 16:11:12.264,18704,18705,18705,1,1
2024-02-21 16:11:20.124,18704,18705,18704,14,-14
2024-02-21 16:11:20.938,18703,18704,18704,3,3
2024-02-21 16:11:22.126,18703,18704,18704,4,4
2024-02-21 16:11:22.755,18703,18705,18703,1,-1
2024-02-21 16:11:25.223,18703,18704,18703,1,-1
2024-02-21 16:11:29.172,18703,18704,18703,1,-1
2024-02-21 16:11:32.262,18703,18704,18704,1,1
2024-02-21 16:11:33.436,18703,18704,18704,1,1
2024-02-21 16:11:39.195,18703,18704,18704,1,1
2024-02-21 16:11:46.249,18703,18704,18704,1,1
2024-02-21 16:11:47.064,18703,18704,18703,1,-1
2024-02-21 16:11:51.394,18703,18704,18703,1,-1
2024-02-21 16:11:52.019,18703,18704,18703,1,-1
2024-02-21 16:11:59.126,18703,18704,18704,3,3
2024-02-21 16:11:59.678,18703,18704,18703,1,-1
2024-02-21 16:12:00.452,18703,18704,18703,1,-1
2024-02-21 16:12:07.146,18703,18704,18704,1,1
2024-02-21 16:12:09.416,18703,18704,18704,1,1
2024-02-21 16:12:10.503,18703,18704,18703,1,-1
2024-02-21 16:12:11.040,18703,18704,18703,7,-7
2024-02-21 16:12:12.660,18702,18703,18703,1,1
2024-02-21 16:12:13.952,18702,18703,18702,2,-2
2024-02-21 16:12:20.228,18702,18703,18702,2,-2
2024-02-21 16:12:30.886,18702,18703,18703,1,1
2024-02-21 16:12:35.082,18702,18703,18703,3,3
2024-02-21 16:12:40.216,18702,18703,18702,1,-1
2024-02-21 16:12:41.764,18702,18703,18703,2,2
2024-02-21 16:12:48.642,18703,18704,18703,4,-4
2024-02-21 16:12:52.566,18703,18704,18703,4,-4
2024-02-21 16:12:53.543,18703,18704,18703,1,-1
2024-02-21 16:12:55.070,18703,18704,18704,1,1
2024-02-21 16:12:55.071,18703,18704,18704,1,1
2024-02-21 16:13:00.344,18704,18705,18704,1,-1
2024-02-21 16:13:00.414,18704,18705,18705,1,1
2024-02-21 16:13:01.236,18704,18705,18705,13,13
2024-02-21 16:13:01.581,18705,18706,18705,1,-1
2024-02-21 16:13:02.250,18705,18706,18705,1,-1
2024-02-21 16:13:04.426,18705,18706,18706,1,1
2024-02-21 16:13:04.426,18705,18706,18707,4,4
2024-02-21 16:13:05.558,18705,18707,18707,1,1
2024-02-21 16:13:06.432,18705,18707,18707,1,1
2024-02-21 16:13:09.088,18706,18707,18706,3,-3
2024-02-21 16:13:10.578,18706,18707,18706,1,-1
2024-02-21 16:13:14.129,18706,18707,18707,1,1
2024-02-21 16:13:20.151,18706,18707,18706,2,-2
2024-02-21 16:13:20.805,18705,18706,18706,1,1
2024-02-21 16:13:21.245,18705,18706,18705,4,-4
2024-02-21 16:13:23.566,18703,18704,18704,1,1
2024-02-21 16:13:29.379,18703,18704,18704,1,1
2024-02-21 16:13:36.613,18703,18704,18704,1,1
2024-02-21 16:13:36.614,18703,18704,18704,1,1
2024-02-21 16:13:43.002,18703,18705,18705,1,1
2024-02-21 16:13:55.207,18704,18705,18704,2,-2
2024-02-21 16:14:00.382,18704,18705,18704,1,-1
2024-02-21 16:14:05.858,18704,18705,18704,1,-1
2024-02-21 16:14:19.342,18703,18705,18704,1,-1
2024-02-21 16:14:20.583,18704,18705,18704,1,-1
2024-02-21 16:14:21.063,18704,18705,18704,1,-1
2024-02-21 16:14:33.025,18704,18705,18704,3,-3
2024-02-21 16:14:35.435,18704,18705,18704,1,-1
2024-02-21 16:14:38.441,18704,18705,18704,1,-1
2024-02-21 16:14:40.978,18703,18705,18704,1,-1
2024-02-21 16:14:46.931,18704,18705,18705,1,1
2024-02-21 16:14:47.324,18704,18705,18704,3,-3
2024-02-21 16:14:51.983,18704,18705,18705,1,1
2024-02-21 16:14:59.012,18704,18705,18704,1,-1
2024-02-21 16:15:14.443,18704,18705,18704,2,-2
2024-02-21 16:15:15.198,18704,18705,18704,3,-3
2024-02-21 16:15:15.736,18703,18705,18704,1,-1
2024-02-21 16:15:19.033,18704,18705,18704,1,-1
2024-02-21 16:15:19.602,18703,18704,18704,1,1
2024-02-21 16:15:22.518,18703,18704,18704,1,1
2024-02-21 16:15:22.636,18703,18704,18703,1,-1
2024-02-21 16:15:23.811,18703,18704,18703,3,-3
2024-02-21 16:15:23.811,18703,18704,18703,8,-8
2024-02-21 16:15:34.047,18702,18703,18703,1,1
2024-02-21 16:15:36.522,18703,18704,18703,1,-1
2024-02-21 16:15:42.763,18702,18703,18703,1,1
2024-02-21 16:15:43.074,18702,18703,18703,1,1
2024-02-21 16:15:44.488,18702,18703,18703,15,15
2024-02-21 16:15:44.632,18703,18704,18704,12,12
2024-02-21 16:15:45.546,18703,18705,18703,1,-1
2024-02-21 16:15:45.635,18703,18705,18703,1,-1
2024-02-21 16:15:48.625,18703,18704,18703,4,-4
2024-02-21 16:15:49.697,18702,18703,18703,5,5
2024-02-21 16:15:50.396,18703,18704,18703,1,-1
2024-02-21 16:15:54.698,18702,18703,18703,2,2
2024-02-21 16:16:02.122,18703,18704,18704,4,4
2024-02-21 16:16:06.278,18703,18704,18704,1,1
2024-02-21 16:16:18.490,18703,18704,18704,1,1
2024-02-21 16:16:20.338,18703,18704,18704,1,1
2024-02-21 16:16:28.955,18703,18704,18703,3,-3
2024-02-21 16:16:28.955,18703,18704,18703,2,-2
2024-02-21 16:16:30.339,18702,18703,18703,1,1
2024-02-21 16:16:31.647,18702,18703,18702,1,-1
2024-02-21 16:16:31.648,18702,18703,18702,2,-2
2024-02-21 16:16:31.648,18702,18703,18702,2,-2
2024-02-21 16:16:31.648,18702,18703,18702,1,-1
2024-02-21 16:16:31.648,18702,18703,18702,2,-2
2024-02-21 16:16:31.648,18702,18703,18702,3,-3
2024-02-21 16:16:40.223,18701,18702,18701,6,-6
2024-02-21 16:16:40.269,18701,18702,18701,1,-1
2024-02-21 16:16:40.291,18701,18702,18701,1,-1
2024-02-21 16:16:40.311,18701,18702,18701,2,-2
2024-02-21 16:16:40.312,18701,18702,18701,4,-4
2024-02-21 16:16:42.561,18700,18701,18701,1,1
2024-02-21 16:16:43.759,18700,18701,18701,1,1
2024-02-21 16:16:44.360,18700,18701,18700,1,-1
2024-02-21 16:16:44.397,18700,18701,18700,2,-2
2024-02-21 16:16:44.855,18700,18701,18701,3,3
2024-02-21 16:16:47.956,18700,18701,18700,1,-1
2024-02-21 16:17:00.502,18700,18701,18700,1,-1
2024-02-21 16:17:00.737,18700,18701,18700,1,-1
2024-02-21 16:17:00.831,18700,18701,18700,21,-21
2024-02-21 16:17:03.745,18699,18700,18699,2,-2
2024-02-21 16:17:03.777,18698,18699,18698,1,-1
2024-02-21 16:17:03.903,18698,18699,18698,1,-1
2024-02-21 16:17:06.193,18698,18699,18698,1,-1
2024-02-21 16:17:07.221,18698,18699,18699,1,1
2024-02-21 16:17:09.213,18698,18699,18699,1,1
2024-02-21 16:17:10.242,18698,18699,18698,1,-1
2024-02-21 16:17:15.743,18698,18699,18699,1,1
2024-02-21 16:17:16.228,18698,18699,18699,8,8
2024-02-21 16:17:16.756,18699,18701,18699,2,-2
2024-02-21 16:17:16.756,18699,18701,18699,1,-1
2024-02-21 16:17:18.792,18699,18700,18700,1,1
2024-02-21 16:17:20.230,18700,18701,18700,3,-3
2024-02-21 16:17:27.458,18700,18701,18701,1,1
2024-02-21 16:17:28.098,18700,18701,18701,5,5
2024-02-21 16:17:31.211,18701,18702,18701,2,-2
2024-02-21 16:17:32.171,18701,18702,18701,1,-1
2024-02-21 16:17:34.733,18701,18702,18701,2,-2
2024-02-21 16:17:35.367,18700,18701,18701,5,5
2024-02-21 16:17:36.614,18700,18701,18701,1,1
2024-02-21 16:17:37.916,18700,18701,18701,1,1
2024-02-21 16:17:44.727,18701,18702,18701,1,-1
2024-02-21 16:17:46.344,18700,18702,18702,2,2
2024-02-21 16:17:48.708,18700,18702,18702,2,2
2024-02-21 16:17:51.264,18700,18702,18700,1,-1
2024-02-21 16:18:00.097,18700,18701,18701,1,1
2024-02-21 16:18:01.837,18700,18701,18701,1,1
2024-02-21 16:18:04.266,18700,18701,18701,1,1
2024-02-21 16:18:08.432,18700,18701,18701,1,1
2024-02-21 16:18:08.962,18700,18701,18701,1,1
2024-02-21 16:18:10.678,18700,18701,18700,1,-1
2024-02-21 16:18:17.823,18700,18701,18700,1,-1
2024-02-21 16:18:22.215,18700,18701,18700,2,-2
2024-02-21 16:18:27.481,18700,18701,18701,3,3
2024-02-21 16:18:29.545,18700,18701,18701,1,1
2024-02-21 16:18:40.729,18700,18701,18700,4,-4
2024-02-21 16:18:52.410,18700,18701,18700,1,-1
2024-02-21 16:18:56.387,18700,18701,18700,1,-1
2024-02-21 16:18:58.744,18700,18701,18701,1,1
2024-02-21 16:19:03.623,18700,18701,18700,1,-1
2024-02-21 16:19:03.623,18700,18701,18700,2,-2
2024-02-21 16:19:03.624,18700,18701,18700,2,-2
2024-02-21 16:19:04.507,18699,18700,18699,3,-3
2024-02-21 16:19:11.021,18699,18700,18699,1,-1
2024-02-21 16:19:12.808,18699,18700,18699,1,-1
2024-02-21 16:19:20.705,18699,18700,18699,1,-1
2024-02-21 16:19:20.944,18699,18700,18700,1,1
2024-02-21 16:19:21.896,18699,18700,18699,1,-1
2024-02-21 16:19:26.348,18699,18700,18699,2,-2
2024-02-21 16:19:26.348,18699,18700,18699,2,-2
2024-02-21 16:19:26.349,18699,18700,18699,1,-1
2024-02-21 16:19:29.978,18698,18699,18698,2,-2
2024-02-21 16:19:29.978,18698,18699,18698,2,-2
2024-02-21 16:19:29.978,18698,18699,18698,1,-1
2024-02-21 16:19:29.978,18698,18699,18698,1,-1
2024-02-21 16:19:29.978,18698,18699,18698,2,-2
2024-02-21 16:19:29.978,18698,18699,18698,2,-2
2024-02-21 16:19:29.978,18698,18699,18698,3,-3
2024-02-21 16:19:29.979,18698,18699,18698,4,-4
2024-02-21 16:19:29.979,18698,18699,18698,6,-6
2024-02-21 16:19:32.457,18697,18698,18698,1,1
2024-02-21 16:19:33.359,18697,18698,18698,1,1
2024-02-21 16:19:35.350,18697,18698,18697,1,-1
2024-02-21 16:19:36.844,18697,18698,18698,1,1
2024-02-21 16:19:40.230,18697,18698,18697,1,-1
2024-02-21 16:19:42.863,18697,18698,18697,2,-2
2024-02-21 16:19:43.137,18697,18698,18697,2,-2
2024-02-21 16:19:43.138,18697,18698,18697,3,-3
2024-02-21 16:19:43.138,18697,18698,18697,1,-1
2024-02-21 16:19:43.138,18697,18698,18697,2,-2
2024-02-21 16:19:43.138,18697,18698,18697,4,-4
2024-02-21 16:19:48.430,18696,18697,18696,2,-2
2024-02-21 16:19:48.740,18696,18697,18696,1,-1
2024-02-21 16:19:48.822,18696,18697,18696,1,-1
2024-02-21 16:19:52.544,18696,18697,18697,1,1
2024-02-21 16:19:52.968,18696,18697,18696,4,-4
2024-02-21 16:19:54.406,18696,18697,18696,2,-2
2024-02-21 16:19:54.869,18696,18697,18696,3,-3
2024-02-21 16:19:57.024,18696,18697,18697,2,2
2024-02-21 16:19:57.024,18696,18697,18697,6,6
2024-02-21 16:19:57.047,18696,18697,18697,1,1
2024-02-21 16:19:58.818,18697,18698,18697,1,-1
2024-02-21 16:19:59.349,18697,18698,18697,2,-2
2024-02-21 16:19:59.780,18697,18698,18697,1,-1
2024-02-21 16:20:00.226,18697,18698,18697,2,-2
2024-02-21 16:20:00.392,18697,18698,18697,1,-1
2024-02-21 16:20:00.473,18697,18698,18698,2,2
2024-02-21 16:20:19.555,18697,18698,18697,1,-1
2024-02-21 16:20:22.345,18697,18698,18697,5,-5
2024-02-21 16:20:29.386,18697,18698,18697,7,-7
2024-02-21 16:20:29.386,18697,18698,18696,1,-1
2024-02-21 16:20:33.064,18697,18698,18697,1,-1
2024-02-21 16:20:36.287,18697,18698,18697,1,-1
2024-02-21 16:20:40.012,18697,18698,18697,1,-1
2024-02-21 16:20:40.742,18697,18698,18697,1,-1
2024-02-21 16:20:43.169,18697,18698,18698,2,2
2024-02-21 16:20:45.721,18697,18698,18698,14,14
2024-02-21 16:20:45.747,18697,18698,18698,1,1
2024-02-21 16:21:10.433,18698,18700,18700,1,1
2024-02-21 16:21:16.535,18698,18700,18698,1,-1
2024-02-21 16:21:30.626,18698,18699,18699,1,1
2024-02-21 16:21:30.626,18698,18699,18699,1,1
2024-02-21 16:21:30.626,18698,18699,18699,1,1
2024-02-21 16:21:30.626,18698,18699,18699,2,2
2024-02-21 16:21:31.476,18699,18700,18699,1,-1
2024-02-21 16:21:31.510,18699,18700,18700,1,1
2024-02-21 16:21:35.176,18698,18700,18698,2,-2
2024-02-21 16:21:39.685,18699,18700,18699,1,-1
2024-02-21 16:21:39.709,18699,18700,18698,2,-2
2024-02-21 16:21:40.247,18698,18699,18698,1,-1
2024-02-21 16:21:46.373,18698,18699,18698,2,-2
2024-02-21 16:21:50.261,18698,18699,18699,2,2
2024-02-21 16:21:59.779,18699,18700,18700,2,2
2024-02-21 16:22:05.242,18699,18700,18699,2,-2
2024-02-21 16:22:05.261,18699,18700,18700,1,1
2024-02-21 16:22:05.262,18699,18700,18700,1,1
2024-02-21 16:22:07.950,18699,18700,18699,2,-2
2024-02-21 16:22:08.010,18699,18700,18700,1,1
2024-02-21 16:22:08.011,18699,18700,18700,1,1
2024-02-21 16:22:08.011,18699,18700,18700,1,1
2024-02-21 16:22:08.135,18699,18700,18700,1,1
2024-02-21 16:22:13.648,18699,18700,18700,2,2
2024-02-21 16:22:13.648,18699,18700,18700,2,2
2024-02-21 16:22:15.582,18699,18700,18700,1,1
2024-02-21 16:22:17.862,18700,18701,18700,1,-1
2024-02-21 16:22:19.881,18699,18700,18700,1,1
2024-02-21 16:22:19.885,18699,18701,18701,1,1
2024-02-21 16:22:19.885,18699,18701,18701,1,1
2024-02-21 16:22:19.885,18699,18701,18701,1,1
2024-02-21 16:22:19.885,18699,18701,18701,1,1
2024-02-21 16:22:19.891,18699,18701,18701,1,1
2024-02-21 16:22:24.971,18700,18701,18700,6,-6
2024-02-21 16:22:26.079,18700,18701,18701,5,5
2024-02-21 16:22:28.624,18700,18701,18701,2,2
2024-02-21 16:22:28.625,18700,18701,18701,3,3
2024-02-21 16:22:28.634,18700,18702,18702,1,1
2024-02-21 16:22:34.798,18700,18702,18702,1,1
2024-02-21 16:22:35.885,18701,18702,18701,1,-1
2024-02-21 16:22:38.946,18700,18702,18702,2,2
2024-02-21 16:22:41.658,18700,18702,18701,1,1
2024-02-21 16:22:45.638,18701,18702,18701,1,-1
2024-02-21 16:22:59.554,18701,18702,18701,3,-3
2024-02-21 16:23:00.909,18701,18702,18701,2,-2
2024-02-21 16:23:00.909,18701,18702,18701,2,-2
2024-02-21 16:23:00.910,18701,18702,18701,2,-2
2024-02-21 16:23:00.910,18701,18702,18701,1,-1
2024-02-21 16:23:01.989,18700,18701,18700,11,-11
2024-02-21 16:23:02.360,18699,18700,18699,1,-1
2024-02-21 16:23:03.138,18698,18700,18700,2,2
2024-02-21 16:23:07.956,18698,18700,18700,5,5
2024-02-21 16:23:14.237,18700,18701,18700,2,-2
2024-02-21 16:23:30.812,18700,18701,18701,1,1
2024-02-21 16:23:37.156,18700,18701,18700,1,-1
2024-02-21 16:23:37.694,18699,18700,18699,1,-1
2024-02-21 16:23:50.306,18699,18700,18699,1,-1
2024-02-21 16:23:58.221,18699,18700,18700,1,1
2024-02-21 16:23:59.482,18699,18700,18699,7,-7
2024-02-21 16:24:03.014,18699,18700,18700,5,5
2024-02-21 16:24:03.301,18699,18700,18699,4,-4
2024-02-21 16:24:03.301,18699,18700,18698,3,-3
2024-02-21 16:24:03.305,18699,18700,18698,3,-3
2024-02-21 16:24:10.693,18698,18699,18698,1,-1
2024-02-21 16:24:21.775,18698,18699,18698,1,-1
2024-02-21 16:24:22.159,18698,18699,18698,4,-4
2024-02-21 16:24:25.382,18697,18698,18697,1,-1
2024-02-21 16:24:26.115,18697,18698,18697,3,-3
2024-02-21 16:24:26.115,18697,18698,18697,1,-1
2024-02-21 16:24:26.115,18697,18698,18697,1,-1
2024-02-21 16:24:26.116,18697,18698,18697,1,-1
2024-02-21 16:24:26.119,18697,18698,18696,2,-2
2024-02-21 16:24:28.090,18696,18697,18696,4,-4
2024-02-21 16:24:29.011,18696,18697,18696,1,-1
2024-02-21 16:24:30.576,18696,18697,18696,3,-3
2024-02-21 16:24:33.377,18696,18697,18696,3,-3
2024-02-21 16:24:38.650,18696,18697,18696,1,-1
2024-02-21 16:24:40.229,18696,18697,18696,3,-3
2024-02-21 16:24:40.270,18696,18697,18696,1,-1
2024-02-21 16:24:42.273,18696,18697,18696,10,-10
2024-02-21 16:24:45.713,18696,18697,18696,2,-2
2024-02-21 16:24:48.161,18696,18697,18696,2,-2
2024-02-21 16:24:49.570,18696,18697,18696,3,-3
2024-02-21 16:25:00.293,18696,18697,18697,6,6
2024-02-21 16:25:01.612,18696,18697,18696,1,-1
2024-02-21 16:25:10.823,18695,18696,18696,1,1
2024-02-21 16:25:15.565,18695,18696,18696,1,1
2024-02-21 16:25:20.230,18695,18696,18695,5,-5
2024-02-21 16:25:20.273,18695,18696,18695,2,-2
2024-02-21 16:25:20.273,18695,18696,18695,4,-4
2024-02-21 16:25:20.306,18695,18696,18695,1,-1
2024-02-21 16:25:20.306,18695,18696,18694,2,-2
2024-02-21 16:25:20.677,18695,18696,18695,1,-1
2024-02-21 16:25:21.700,18695,18696,18695,1,-1
2024-02-21 16:25:22.564,18694,18696,18695,1,-1
2024-02-21 16:25:24.091,18694,18695,18695,1,1
2024-02-21 16:25:28.814,18694,18695,18695,1,1
2024-02-21 16:25:29.506,18694,18696,18694,3,-3
2024-02-21 16:25:30.755,18695,18696,18696,4,4
2024-02-21 16:25:31.901,18696,18698,18696,1,-1
2024-02-21 16:25:40.218,18697,18698,18697,1,-1
2024-02-21 16:25:50.256,18696,18697,18697,3,3
2024-02-21 16:25:51.908,18697,18698,18697,1,-1
2024-02-21 16:25:52.069,18697,18698,18697,1,-1
2024-02-21 16:25:54.762,18697,18698,18698,2,2
2024-02-21 16:25:55.568,18698,18699,18698,2,-2
2024-02-21 16:25:56.428,18697,18699,18697,1,-1
2024-02-21 16:25:59.346,18697,18699,18699,1,1
2024-02-21 16:26:09.749,18697,18698,18697,3,-3
2024-02-21 16:26:10.917,18697,18698,18698,2,2
2024-02-21 16:26:28.340,18698,18699,18699,3,3
2024-02-21 16:26:28.340,18698,18699,18699,7,7
2024-02-21 16:26:35.735,18699,18700,18700,2,2
2024-02-21 16:26:35.735,18699,18700,18700,7,7
2024-02-21 16:26:35.735,18699,18700,18700,1,1
2024-02-21 16:26:40.166,18700,18701,18700,1,-1
2024-02-21 16:27:01.043,18700,18701,18701,9,9
2024-02-21 16:27:01.153,18700,18702,18700,1,-1
2024-02-21 16:27:05.498,18699,18700,18700,1,1
2024-02-21 16:27:05.830,18699,18700,18699,4,-4
2024-02-21 16:27:21.224,18699,18700,18700,1,1
2024-02-21 16:27:23.303,18699,18700,18700,1,1
2024-02-21 16:27:27.210,18699,18700,18700,1,1
2024-02-21 16:27:28.285,18699,18700,18699,3,-3
2024-02-21 16:27:28.434,18699,18700,18699,1,-1
2024-02-21 16:27:29.898,18699,18700,18699,1,-1
2024-02-21 16:27:29.898,18699,18700,18698,2,-2
2024-02-21 16:27:38.432,18697,18698,18697,1,-1
2024-02-21 16:27:41.093,18697,18698,18698,4,4
2024-02-21 16:27:47.548,18698,18699,18698,2,-2
2024-02-21 16:27:49.606,18698,18699,18698,2,-2
2024-02-21 16:27:57.334,18698,18699,18698,1,-1
2024-02-21 16:28:00.554,18698,18699,18698,1,-1
2024-02-21 16:28:13.088,18698,18699,18698,1,-1
2024-02-21 16:28:20.600,18698,18699,18698,1,-1
2024-02-21 16:28:21.646,18698,18699,18698,1,-1
2024-02-21 16:29:00.138,18698,18699,18698,1,-1
2024-02-21 16:29:06.542,18698,18699,18698,2,-2
2024-02-21 16:29:14.554,18697,18699,18699,1,1
2024-02-21 16:29:29.169,18697,18698,18697,1,-1
2024-02-21 16:29:29.169,18697,18698,18697,2,-2
2024-02-21 16:29:32.135,18696,18697,18696,3,-3
2024-02-21 16:29:32.276,18695,18697,18697,1,1
2024-02-21 16:29:35.459,18695,18697,18695,1,-1
2024-02-21 16:29:35.539,18695,18696,18695,2,-2
2024-02-21 16:29:35.539,18695,18696,18695,1,-1
2024-02-21 16:29:36.848,18694,18695,18695,1,1
2024-02-21 16:29:40.233,18694,18695,18694,1,-1
2024-02-21 16:29:40.293,18694,18695,18694,1,-1
2024-02-21 16:29:41.790,18694,18695,18695,1,1
2024-02-21 16:29:41.793,18694,18695,18695,1,1
2024-02-21 16:29:41.793,18694,18695,18695,1,1
2024-02-21 16:29:41.793,18694,18695,18695,1,1
2024-02-21 16:29:41.794,18694,18695,18695,1,1
2024-02-21 16:29:41.798,18694,18695,18695,1,1
2024-02-21 16:29:41.805,18694,18695,18695,2,2
2024-02-21 16:29:47.552,18695,18696,18695,1,-1
2024-02-21 16:29:52.684,18695,18696,18695,1,-1
2024-02-21 16:29:59.158,18694,18695,18695,1,1
2024-02-21 16:29:59.340,18694,18695,18694,1,-1
2024-02-21 16:30:00.330,18694,18695,18695,2,2
2024-02-21 16:30:00.452,18695,18696,18695,3,-3
2024-02-21 16:30:00.662,18694,18696,18694,1,-1
2024-02-21 16:30:00.716,18694,18696,18694,1,-1
2024-02-21 16:30:02.768,18694,18696,18694,4,-4
2024-02-21 16:30:06.333,18694,18695,18695,1,1
2024-02-21 16:30:07.786,18694,18695,18695,1,1
2024-02-21 16:30:08.636,18694,18695,18694,3,-3
2024-02-21 16:30:10.566,18694,18696,18694,1,-1
2024-02-21 16:30:11.624,18694,18695,18694,2,-2
2024-02-21 16:30:17.254,18694,18695,18694,1,-1
2024-02-21 16:30:25.549,18694,18695,18695,8,8
2024-02-21 16:30:25.550,18694,18695,18695,2,2
2024-02-21 16:30:25.550,18694,18695,18695,1,1
2024-02-21 16:30:25.929,18694,18696,18694,1,-1
2024-02-21 16:30:28.634,18695,18696,18695,2,-2
2024-02-21 16:30:34.540,18695,18696,18696,8,8
2024-02-21 16:30:40.747,18697,18698,18697,1,-1
2024-02-21 16:30:49.978,18697,18698,18697,1,-1
2024-02-21 16:31:01.836,18696,18698,18696,1,-1
2024-02-21 16:31:16.195,18696,18697,18696,1,-1
2024-02-21 16:31:18.287,18696,18697,18697,1,1
2024-02-21 16:31:29.907,18696,18697,18696,1,-1
2024-02-21 16:31:34.708,18696,18697,18696,1,-1
2024-02-21 16:31:34.817,18696,18697,18696,1,-1
2024-02-21 16:31:38.212,18696,18697,18696,5,-5
2024-02-21 16:31:38.352,18695,18696,18696,1,1
2024-02-21 16:31:45.919,18695,18696,18695,1,-1
2024-02-21 16:31:53.225,18695,18696,18695,1,-1
2024-02-21 16:31:57.093,18695,18696,18696,1,1
2024-02-21 16:32:01.952,18695,18696,18695,1,-1
2024-02-21 16:32:02.216,18695,18696,18695,1,-1
2024-02-21 16:32:03.931,18695,18696,18695,4,-4
2024-02-21 16:32:04.684,18694,18695,18694,10,-10
2024-02-21 16:32:05.401,18694,18695,18694,10,-10
2024-02-21 16:32:05.971,18694,18695,18694,1,-1
2024-02-21 16:32:07.709,18693,18694,18693,1,-1
2024-02-21 16:32:07.930,18693,18694,18693,1,-1
2024-02-21 16:32:08.518,18693,18694,18693,1,-1
2024-02-21 16:32:10.463,18693,18694,18693,1,-1
2024-02-21 16:32:10.524,18693,18694,18693,1,-1
2024-02-21 16:32:10.569,18693,18694,18693,8,-8
2024-02-21 16:32:12.209,18693,18694,18693,1,-1
2024-02-21 16:32:16.736,18693,18694,18693,1,-1
2024-02-21 16:32:17.277,18693,18694,18694,1,1
2024-02-21 16:32:20.519,18693,18694,18694,2,2
2024-02-21 16:32:20.519,18693,18694,18694,2,2
2024-02-21 16:32:20.520,18693,18694,18694,2,2
2024-02-21 16:32:20.520,18693,18694,18694,4,4
2024-02-21 16:32:23.162,18694,18695,18695,1,1
2024-02-21 16:32:23.550,18694,18695,18695,2,2
2024-02-21 16:32:33.594,18695,18696,18695,1,-1
2024-02-21 16:32:57.505,18695,18696,18695,1,-1
2024-02-21 16:33:12.610,18694,18695,18694,1,-1
2024-02-21 16:33:17.357,18694,18695,18694,1,-1
2024-02-21 16:33:20.543,18694,18695,18694,1,-1
2024-02-21 16:33:23.463,18694,18695,18694,1,-1
2024-02-21 16:33:23.814,18694,18695,18694,1,-1
2024-02-21 16:33:25.250,18694,18695,18694,1,-1
2024-02-21 16:33:26.791,18693,18694,18694,1,1
2024-02-21 16:33:30.589,18694,18695,18695,3,3
2024-02-21 16:33:33.646,18694,18695,18695,2,2
2024-02-21 16:33:39.043,18694,18696,18694,1,-1
2024-02-21 16:33:40.111,18694,18696,18694,14,-14
2024-02-21 16:33:53.634,18694,18695,18694,1,-1
2024-02-21 16:33:56.222,18694,18695,18695,1,1
2024-02-21 16:33:57.529,18694,18696,18696,1,1
2024-02-21 16:34:10.995,18695,18696,18696,6,6
2024-02-21 16:34:11.277,18695,18697,18697,2,2
2024-02-21 16:34:17.239,18695,18697,18697,1,1
2024-02-21 16:34:32.963,18696,18697,18697,8,8
2024-02-21 16:34:32.964,18696,18697,18697,2,2
2024-02-21 16:34:32.964,18696,18697,18697,1,1
2024-02-21 16:34:39.215,18697,18698,18698,1,1
2024-02-21 16:34:39.464,18697,18698,18698,2,2
2024-02-21 16:34:39.593,18698,18699,18698,1,-1
2024-02-21 16:34:41.239,18698,18699,18699,1,1
2024-02-21 16:34:41.938,18698,18699,18698,1,-1
2024-02-21 16:34:42.470,18698,18699,18699,1,1
2024-02-21 16:34:42.930,18698,18699,18699,1,1
2024-02-21 16:34:44.244,18698,18699,18699,1,1
2024-02-21 16:34:45.008,18698,18699,18699,1,1
2024-02-21 16:34:45.283,18699,18700,18699,1,-1
2024-02-21 16:34:46.879,18698,18699,18699,1,1
2024-02-21 16:34:56.078,18698,18699,18699,1,1
2024-02-21 16:35:06.805,18698,18699,18699,1,1
2024-02-21 16:35:06.853,18698,18699,18699,2,2
2024-02-21 16:35:09.010,18698,18700,18700,1,1
2024-02-21 16:35:11.288,18699,18700,18700,1,1
2024-02-21 16:35:11.288,18699,18700,18700,14,14
2024-02-21 16:35:11.289,18699,18700,18700,2,2
2024-02-21 16:35:14.118,18700,18701,18701,1,1
2024-02-21 16:35:16.664,18700,18701,18701,1,1
2024-02-21 16:35:19.544,18700,18701,18700,1,-1
2024-02-21 16:35:22.739,18699,18701,18701,1,1
2024-02-21 16:35:23.027,18699,18701,18701,4,4
2024-02-21 16:35:27.411,18700,18701,18700,1,-1
2024-02-21 16:35:27.839,18699,18700,18700,1,1
2024-02-21 16:35:30.671,18699,18700,18700,1,1
2024-02-21 16:35:32.524,18700,18701,18700,3,-3
2024-02-21 16:35:34.874,18699,18700,18700,1,1
