2024-01-10 15:00:00.001,17450,17450,17450,188,0
2024-01-10 15:00:00.001,17450,17450,17450,6,0
2024-01-10 15:00:00.001,17450,17450,17450,4,0
2024-01-10 15:00:00.001,17448,17448,17448,2,-2
2024-01-10 15:00:00.001,17448,17448,17448,2,0
2024-01-10 15:00:00.001,17448,17448,17448,2,0
2024-01-10 15:00:00.001,17448,17448,17448,2,0
2024-01-10 15:00:00.001,17447,17447,17447,2,-2
2024-01-10 15:00:00.001,17447,17447,17447,2,0
2024-01-10 15:00:00.001,17446,17446,17446,2,-2
2024-01-10 15:00:00.001,17446,17446,17446,2,0
2024-01-10 15:00:00.001,17446,17446,17446,2,0
2024-01-10 15:00:00.001,17446,17446,17446,2,0
2024-01-10 15:00:00.001,17450,17450,17450,4,4
2024-01-10 15:00:00.001,17447,17447,17447,2,-2
2024-01-10 15:00:00.001,17447,17447,17447,2,0
2024-01-10 15:00:00.001,17447,17447,17447,2,0
2024-01-10 15:00:00.001,17446,17446,17446,2,-2
2024-01-10 15:00:00.001,17445,17445,17445,2,-2
2024-01-10 15:00:00.001,17445,17445,17445,2,0
2024-01-10 15:00:00.001,17444,17444,17444,2,-2
2024-01-10 15:00:00.001,17444,17444,17444,2,0
2024-01-10 15:00:00.001,17444,17444,17444,2,0
2024-01-10 15:00:00.001,17443,17443,17443,2,-2
2024-01-10 15:00:00.001,17443,17443,17443,2,0
2024-01-10 15:00:00.001,17443,17443,17443,2,0
2024-01-10 15:00:00.001,17443,17443,17443,2,0
2024-01-10 15:00:00.001,17442,17442,17442,2,-2
2024-01-10 15:00:00.001,17442,17442,17442,2,0
2024-01-10 15:00:00.001,17442,17442,17442,2,0
2024-01-10 15:00:00.001,17444,17444,17444,2,2
2024-01-10 15:00:00.001,17444,17444,17444,2,0
2024-01-10 15:00:00.001,17444,17444,17444,2,0
2024-01-10 15:00:00.001,17444,17444,17444,2,0
2024-01-10 15:00:00.001,17443,17443,17443,2,-2
2024-01-10 15:00:00.001,17443,17443,17443,2,0
2024-01-10 15:00:00.001,17443,17443,17443,2,0
2024-01-10 15:00:00.001,17442,17442,17442,2,-2
2024-01-10 15:00:00.001,17444,17444,17444,2,2
2024-01-10 15:00:00.001,17444,17444,17444,2,0
2024-01-10 15:00:00.001,17442,17442,17442,2,-2
2024-01-10 15:00:00.001,17442,17442,17442,2,0
2024-01-10 15:00:00.001,17444,17444,17444,2,2
2024-01-10 15:00:00.001,17442,17442,17442,2,-2
2024-01-10 15:00:00.001,17441,17441,17441,6,-6
2024-01-10 15:00:00.001,17441,17441,17441,2,0
2024-01-10 15:00:00.001,17445,17445,17445,2,2
2024-01-10 15:00:01.001,17444,17444,17444,2,-2
2024-01-10 15:00:01.001,17445,17445,17445,2,2
2024-01-10 15:00:01.001,17443,17443,17443,2,-2
2024-01-10 15:00:01.001,17443,17443,17443,2,0
2024-01-10 15:00:01.001,17442,17442,17442,2,-2
2024-01-10 15:00:01.001,17442,17442,17442,2,0
2024-01-10 15:00:01.001,17445,17445,17445,2,2
2024-01-10 15:00:01.001,17443,17443,17443,2,-2
2024-01-10 15:00:01.001,17445,17445,17445,2,2
2024-01-10 15:00:01.001,17443,17443,17443,2,-2
2024-01-10 15:00:01.001,17443,17443,17443,2,0
2024-01-10 15:00:01.001,17443,17443,17443,2,0
2024-01-10 15:00:01.001,17444,17444,17444,2,2
2024-01-10 15:00:01.001,17444,17444,17444,2,0
2024-01-10 15:00:01.001,17445,17445,17445,4,4
2024-01-10 15:00:01.001,17446,17446,17446,6,6
2024-01-10 15:00:01.001,17444,17444,17444,2,-2
2024-01-10 15:00:01.001,17447,17447,17447,2,2
2024-01-10 15:00:01.001,17444,17444,17444,2,-2
2024-01-10 15:00:01.001,17443,17443,17443,2,-2
2024-01-10 15:00:01.001,17446,17446,17446,2,2
2024-01-10 15:00:02.001,17447,17447,17447,2,2
2024-01-10 15:00:02.001,17446,17446,17446,2,-2
2024-01-10 15:00:02.001,17446,17446,17446,2,0
2024-01-10 15:00:02.001,17446,17446,17446,2,0
2024-01-10 15:00:03.001,17446,17446,17446,2,0
2024-01-10 15:00:04.001,17446,17446,17446,2,0
2024-01-10 15:00:04.001,17448,17448,17448,2,2
2024-01-10 15:00:05.001,17449,17449,17449,2,2
2024-01-10 15:00:05.001,17449,17449,17449,16,0
2024-01-10 15:00:05.001,17450,17450,17450,2,2
2024-01-10 15:00:05.001,17451,17451,17451,4,4
2024-01-10 15:00:05.001,17449,17449,17449,2,-2
2024-01-10 15:00:05.001,17449,17449,17449,2,0
2024-01-10 15:00:05.001,17449,17449,17449,2,0
2024-01-10 15:00:05.001,17448,17448,17448,2,-2
2024-01-10 15:00:05.001,17448,17448,17448,2,0
2024-01-10 15:00:07.001,17449,17449,17449,4,4
2024-01-10 15:00:07.001,17449,17449,17449,2,0
2024-01-10 15:00:07.001,17449,17449,17449,4,0
2024-01-10 15:00:07.001,17449,17449,17449,2,0
2024-01-10 15:00:07.001,17449,17449,17449,2,0
2024-01-10 15:00:08.001,17448,17448,17448,2,-2
2024-01-10 15:00:09.001,17448,17448,17448,4,0
2024-01-10 15:00:09.001,17448,17448,17448,2,0
2024-01-10 15:00:09.001,17448,17448,17448,8,0
2024-01-10 15:00:09.001,17447,17447,17447,2,-2
2024-01-10 15:00:09.001,17447,17447,17447,2,0
2024-01-10 15:00:10.001,17446,17446,17446,2,-2
2024-01-10 15:00:10.001,17446,17446,17446,2,0
2024-01-10 15:00:10.001,17446,17446,17446,2,0
2024-01-10 15:00:10.001,17446,17446,17446,2,0
2024-01-10 15:00:10.001,17446,17446,17446,2,0
2024-01-10 15:00:10.001,17445,17445,17445,4,-4
2024-01-10 15:00:10.001,17445,17445,17445,4,0
2024-01-10 15:00:10.001,17445,17445,17445,2,0
2024-01-10 15:00:10.001,17444,17444,17444,2,-2
2024-01-10 15:00:10.001,17444,17444,17444,2,0
2024-01-10 15:00:10.001,17444,17444,17444,2,0
2024-01-10 15:00:10.001,17444,17444,17444,6,0
2024-01-10 15:00:10.001,17444,17444,17444,2,0
2024-01-10 15:00:11.001,17445,17445,17445,2,2
2024-01-10 15:00:11.001,17445,17445,17445,4,0
2024-01-10 15:00:11.001,17445,17445,17445,2,0
2024-01-10 15:00:11.001,17445,17445,17445,2,0
2024-01-10 15:00:11.001,17446,17446,17446,2,2
2024-01-10 15:00:11.001,17445,17445,17445,2,-2
2024-01-10 15:00:12.001,17446,17446,17446,2,2
2024-01-10 15:00:12.001,17446,17446,17446,2,0
2024-01-10 15:00:13.001,17448,17448,17448,2,2
2024-01-10 15:00:13.001,17447,17447,17447,2,-2
2024-01-10 15:00:15.001,17447,17447,17447,2,0
2024-01-10 15:00:15.001,17449,17449,17449,4,4
2024-01-10 15:00:15.001,17449,17449,17449,2,0
2024-01-10 15:00:15.001,17449,17449,17449,2,0
2024-01-10 15:00:15.001,17449,17449,17449,2,0
2024-01-10 15:00:17.001,17449,17449,17449,2,0
2024-01-10 15:00:17.001,17449,17449,17449,2,0
2024-01-10 15:00:17.001,17449,17449,17449,2,0
2024-01-10 15:00:17.001,17449,17449,17449,8,0
2024-01-10 15:00:17.001,17450,17450,17450,2,2
2024-01-10 15:00:17.001,17450,17450,17450,4,0
2024-01-10 15:00:18.001,17450,17450,17450,4,0
2024-01-10 15:00:18.001,17450,17450,17450,2,0
2024-01-10 15:00:19.001,17450,17450,17450,2,0
2024-01-10 15:00:19.001,17450,17450,17450,2,0
2024-01-10 15:00:20.001,17451,17451,17451,8,8
2024-01-10 15:00:20.001,17450,17450,17450,2,-2
2024-01-10 15:00:20.001,17450,17450,17450,4,0
2024-01-10 15:00:20.001,17450,17450,17450,2,0
2024-01-10 15:00:20.001,17450,17450,17450,2,0
2024-01-10 15:00:20.001,17450,17450,17450,2,0
2024-01-10 15:00:20.001,17449,17449,17449,2,-2
2024-01-10 15:00:20.001,17449,17449,17449,2,0
2024-01-10 15:00:21.001,17450,17450,17450,4,4
2024-01-10 15:00:21.001,17450,17450,17450,2,0
2024-01-10 15:00:22.001,17451,17451,17451,4,4
2024-01-10 15:00:24.001,17450,17450,17450,4,-4
2024-01-10 15:00:24.001,17450,17450,17450,2,0
2024-01-10 15:00:24.001,17450,17450,17450,4,0
2024-01-10 15:00:24.001,17451,17451,17451,6,6
2024-01-10 15:00:24.001,17451,17451,17451,8,0
2024-01-10 15:00:26.001,17451,17451,17451,2,0
2024-01-10 15:00:26.001,17452,17452,17452,10,10
2024-01-10 15:00:26.001,17451,17451,17451,2,-2
2024-01-10 15:00:27.001,17453,17453,17453,14,14
2024-01-10 15:00:27.001,17454,17454,17454,6,6
2024-01-10 15:00:27.001,17453,17453,17453,2,-2
2024-01-10 15:00:29.001,17454,17454,17454,4,4
2024-01-10 15:00:29.001,17454,17454,17454,2,0
2024-01-10 15:00:29.001,17454,17454,17454,8,0
2024-01-10 15:00:30.001,17454,17454,17454,2,0
2024-01-10 15:00:31.001,17454,17454,17454,2,0
2024-01-10 15:00:31.001,17453,17453,17453,2,-2
2024-01-10 15:00:31.001,17453,17453,17453,2,0
2024-01-10 15:00:31.001,17453,17453,17453,2,0
2024-01-10 15:00:32.001,17452,17452,17452,2,-2
2024-01-10 15:00:32.001,17451,17451,17451,2,-2
2024-01-10 15:00:32.001,17451,17451,17451,2,0
2024-01-10 15:00:32.001,17451,17451,17451,2,0
2024-01-10 15:00:32.001,17451,17451,17451,2,0
2024-01-10 15:00:32.001,17452,17452,17452,2,2
2024-01-10 15:00:36.001,17452,17452,17452,2,0
2024-01-10 15:00:38.001,17452,17452,17452,2,0
2024-01-10 15:00:40.001,17451,17451,17451,2,-2
2024-01-10 15:00:40.001,17451,17451,17451,2,0
2024-01-10 15:00:40.001,17451,17451,17451,8,0
2024-01-10 15:00:41.001,17451,17451,17451,2,0
2024-01-10 15:00:41.001,17451,17451,17451,2,0
2024-01-10 15:00:41.001,17451,17451,17451,4,0
2024-01-10 15:00:41.001,17451,17451,17451,4,0
2024-01-10 15:00:41.001,17451,17451,17451,4,0
2024-01-10 15:00:41.001,17451,17451,17451,4,0
2024-01-10 15:00:42.001,17451,17451,17451,2,0
2024-01-10 15:00:42.001,17452,17452,17452,2,2
2024-01-10 15:00:42.001,17451,17451,17451,2,-2
2024-01-10 15:00:43.001,17450,17450,17450,2,-2
2024-01-10 15:00:44.001,17450,17450,17450,2,0
2024-01-10 15:00:44.001,17450,17450,17450,2,0
2024-01-10 15:00:44.001,17450,17450,17450,2,0
2024-01-10 15:00:44.001,17450,17450,17450,2,0
2024-01-10 15:00:44.001,17450,17450,17450,2,0
2024-01-10 15:00:44.001,17450,17450,17450,2,0
2024-01-10 15:00:44.001,17450,17450,17450,2,0
2024-01-10 15:00:44.001,17450,17450,17450,2,0
2024-01-10 15:00:45.001,17450,17450,17450,2,0
2024-01-10 15:00:50.001,17450,17450,17450,2,0
2024-01-10 15:00:51.001,17450,17450,17450,18,0
2024-01-10 15:00:52.001,17450,17450,17450,2,0
2024-01-10 15:00:53.001,17451,17451,17451,2,2
2024-01-10 15:00:53.001,17451,17451,17451,8,0
2024-01-10 15:00:56.001,17451,17451,17451,8,0
2024-01-10 15:00:56.001,17451,17451,17451,12,0
2024-01-10 15:00:56.001,17451,17451,17451,84,0
2024-01-10 15:00:56.001,17452,17452,17452,8,8
2024-01-10 15:00:57.001,17452,17452,17452,2,0
2024-01-10 15:00:57.001,17452,17452,17452,2,0
2024-01-10 15:00:58.001,17452,17452,17452,4,0
2024-01-10 15:00:58.001,17452,17452,17452,8,0
2024-01-10 15:00:59.001,17451,17451,17451,2,-2
2024-01-10 15:00:59.001,17450,17450,17450,2,-2
2024-01-10 15:01:00.001,17450,17450,17450,4,0
2024-01-10 15:01:00.001,17450,17450,17450,2,0
2024-01-10 15:01:00.001,17450,17450,17450,2,0
2024-01-10 15:01:00.001,17450,17450,17450,2,0
2024-01-10 15:01:00.001,17450,17450,17450,2,0
2024-01-10 15:01:00.001,17450,17450,17450,2,0
2024-01-10 15:01:00.001,17449,17449,17449,2,-2
2024-01-10 15:01:01.001,17451,17451,17451,2,2
2024-01-10 15:01:01.001,17451,17451,17451,4,0
2024-01-10 15:01:04.001,17451,17451,17451,2,0
2024-01-10 15:01:04.001,17450,17450,17450,2,-2
2024-01-10 15:01:05.001,17450,17450,17450,4,0
2024-01-10 15:01:05.001,17450,17450,17450,4,0
2024-01-10 15:01:05.001,17450,17450,17450,2,0
2024-01-10 15:01:05.001,17451,17451,17451,2,2
2024-01-10 15:01:05.001,17451,17451,17451,2,0
2024-01-10 15:01:08.001,17451,17451,17451,12,0
2024-01-10 15:01:08.001,17451,17451,17451,6,0
2024-01-10 15:01:08.001,17452,17452,17452,6,6
2024-01-10 15:01:08.001,17452,17452,17452,2,0
2024-01-10 15:01:08.001,17451,17451,17451,2,-2
2024-01-10 15:01:10.001,17451,17451,17451,4,0
2024-01-10 15:01:10.001,17453,17453,17453,2,2
2024-01-10 15:01:10.001,17453,17453,17453,2,0
2024-01-10 15:01:10.001,17453,17453,17453,10,0
2024-01-10 15:01:12.001,17454,17454,17454,18,18
2024-01-10 15:01:12.001,17455,17455,17455,2,2
2024-01-10 15:01:12.001,17455,17455,17455,2,0
2024-01-10 15:01:12.001,17453,17453,17453,2,-2
2024-01-10 15:01:14.001,17455,17455,17455,2,2
2024-01-10 15:01:15.001,17455,17455,17455,8,0
2024-01-10 15:01:15.001,17455,17455,17455,4,0
2024-01-10 15:01:16.001,17455,17455,17455,10,0
2024-01-10 15:01:16.001,17455,17455,17455,6,0
2024-01-10 15:01:16.001,17455,17455,17455,6,0
2024-01-10 15:01:16.001,17456,17456,17456,2,2
2024-01-10 15:01:16.001,17455,17455,17455,6,-6
2024-01-10 15:01:16.001,17455,17455,17455,2,0
2024-01-10 15:01:17.001,17456,17456,17456,2,2
2024-01-10 15:01:17.001,17456,17456,17456,2,0
2024-01-10 15:01:18.001,17456,17456,17456,2,0
2024-01-10 15:01:20.001,17456,17456,17456,2,0
2024-01-10 15:01:20.001,17456,17456,17456,2,0
2024-01-10 15:01:21.001,17456,17456,17456,2,0
2024-01-10 15:01:22.001,17456,17456,17456,2,0
2024-01-10 15:01:23.001,17455,17455,17455,2,-2
2024-01-10 15:01:23.001,17455,17455,17455,4,0
2024-01-10 15:01:23.001,17455,17455,17455,8,0
2024-01-10 15:01:23.001,17455,17455,17455,2,0
2024-01-10 15:01:23.001,17455,17455,17455,2,0
2024-01-10 15:01:23.001,17455,17455,17455,2,0
2024-01-10 15:01:23.001,17455,17455,17455,2,0
2024-01-10 15:01:23.001,17455,17455,17455,2,0
2024-01-10 15:01:23.001,17455,17455,17455,2,0
2024-01-10 15:01:23.001,17456,17456,17456,2,2
2024-01-10 15:01:23.001,17456,17456,17456,2,0
2024-01-10 15:01:24.001,17456,17456,17456,2,0
2024-01-10 15:01:29.001,17456,17456,17456,2,0
2024-01-10 15:01:29.001,17456,17456,17456,2,0
2024-01-10 15:01:30.001,17456,17456,17456,2,0
2024-01-10 15:01:30.001,17456,17456,17456,2,0
2024-01-10 15:01:30.001,17456,17456,17456,2,0
2024-01-10 15:01:30.001,17456,17456,17456,2,0
2024-01-10 15:01:30.001,17456,17456,17456,2,0
2024-01-10 15:01:30.001,17456,17456,17456,2,0
2024-01-10 15:01:31.001,17456,17456,17456,2,0
2024-01-10 15:01:35.001,17456,17456,17456,2,0
2024-01-10 15:01:35.001,17456,17456,17456,8,0
2024-01-10 15:01:35.001,17456,17456,17456,2,0
2024-01-10 15:01:35.001,17456,17456,17456,2,0
2024-01-10 15:01:35.001,17456,17456,17456,2,0
2024-01-10 15:01:37.001,17455,17455,17455,2,-2
2024-01-10 15:01:37.001,17455,17455,17455,2,0
2024-01-10 15:01:37.001,17455,17455,17455,10,0
2024-01-10 15:01:38.001,17455,17455,17455,2,0
2024-01-10 15:01:39.001,17454,17454,17454,2,-2
2024-01-10 15:01:39.001,17454,17454,17454,2,0
2024-01-10 15:01:45.001,17454,17454,17454,2,0
2024-01-10 15:01:45.001,17454,17454,17454,2,0
2024-01-10 15:01:47.001,17455,17455,17455,2,2
2024-01-10 15:01:47.001,17455,17455,17455,8,0
2024-01-10 15:01:57.001,17455,17455,17455,6,0
2024-01-10 15:01:57.001,17455,17455,17455,2,0
2024-01-10 15:01:57.001,17455,17455,17455,20,0
2024-01-10 15:02:00.001,17454,17454,17454,2,-2
2024-01-10 15:02:00.001,17454,17454,17454,2,0
2024-01-10 15:02:00.001,17454,17454,17454,2,0
2024-01-10 15:02:00.001,17454,17454,17454,2,0
2024-01-10 15:02:00.001,17453,17453,17453,2,-2
2024-01-10 15:02:00.001,17453,17453,17453,2,0
2024-01-10 15:02:01.001,17455,17455,17455,26,26
2024-01-10 15:02:03.001,17453,17453,17453,2,-2
2024-01-10 15:02:04.001,17453,17453,17453,2,0
2024-01-10 15:02:04.001,17453,17453,17453,4,0
2024-01-10 15:02:04.001,17453,17453,17453,4,0
2024-01-10 15:02:04.001,17453,17453,17453,2,0
2024-01-10 15:02:09.001,17453,17453,17453,2,0
2024-01-10 15:02:11.001,17453,17453,17453,2,0
2024-01-10 15:02:11.001,17453,17453,17453,2,0
2024-01-10 15:02:14.001,17453,17453,17453,2,0
2024-01-10 15:02:14.001,17453,17453,17453,2,0
2024-01-10 15:02:14.001,17453,17453,17453,2,0
2024-01-10 15:02:14.001,17453,17453,17453,2,0
2024-01-10 15:02:14.001,17453,17453,17453,6,0
2024-01-10 15:02:14.001,17453,17453,17453,4,0
2024-01-10 15:02:14.001,17453,17453,17453,2,0
2024-01-10 15:02:14.001,17453,17453,17453,2,0
2024-01-10 15:02:15.001,17452,17452,17452,2,-2
2024-01-10 15:02:15.001,17451,17451,17451,4,-4
2024-01-10 15:02:15.001,17451,17451,17451,2,0
2024-01-10 15:02:15.001,17451,17451,17451,2,0
2024-01-10 15:02:15.001,17451,17451,17451,2,0
2024-01-10 15:02:18.001,17452,17452,17452,2,2
2024-01-10 15:02:18.001,17452,17452,17452,4,0
2024-01-10 15:02:18.001,17451,17451,17451,2,-2
2024-01-10 15:02:18.001,17451,17451,17451,2,0
2024-01-10 15:02:20.001,17452,17452,17452,2,2
2024-01-10 15:02:20.001,17451,17451,17451,2,-2
2024-01-10 15:02:25.001,17452,17452,17452,2,2
2024-01-10 15:02:36.001,17452,17452,17452,2,0
2024-01-10 15:02:46.001,17451,17451,17451,2,-2
2024-01-10 15:02:49.001,17451,17451,17451,2,0
2024-01-10 15:02:51.001,17451,17451,17451,6,0
2024-01-10 15:02:56.001,17452,17452,17452,4,4
2024-01-10 15:02:58.001,17451,17451,17451,2,-2
2024-01-10 15:03:00.001,17451,17451,17451,2,0
2024-01-10 15:03:00.001,17451,17451,17451,2,0
2024-01-10 15:03:00.001,17451,17451,17451,2,0
2024-01-10 15:03:00.001,17451,17451,17451,4,0
2024-01-10 15:03:01.001,17452,17452,17452,2,2
2024-01-10 15:03:04.001,17451,17451,17451,2,-2
2024-01-10 15:03:04.001,17452,17452,17452,6,6
2024-01-10 15:03:05.001,17454,17454,17454,10,10
2024-01-10 15:03:07.001,17453,17453,17453,2,-2
2024-01-10 15:03:07.001,17452,17452,17452,2,-2
2024-01-10 15:03:16.001,17453,17453,17453,2,2
2024-01-10 15:03:19.001,17453,17453,17453,2,0
2024-01-10 15:03:39.001,17453,17453,17453,2,0
2024-01-10 15:03:45.001,17453,17453,17453,14,0
2024-01-10 15:03:46.001,17455,17455,17455,2,2
2024-01-10 15:03:47.001,17455,17455,17455,8,0
2024-01-10 15:03:52.001,17454,17454,17454,2,-2
2024-01-10 15:03:52.001,17454,17454,17454,4,0
2024-01-10 15:03:52.001,17454,17454,17454,4,0
2024-01-10 15:03:52.001,17454,17454,17454,4,0
2024-01-10 15:03:52.001,17454,17454,17454,2,0
2024-01-10 15:03:52.001,17454,17454,17454,4,0
2024-01-10 15:03:57.001,17454,17454,17454,2,0
2024-01-10 15:04:03.001,17455,17455,17455,8,8
2024-01-10 15:04:05.001,17455,17455,17455,2,0
2024-01-10 15:04:05.001,17456,17456,17456,8,8
2024-01-10 15:04:10.001,17456,17456,17456,2,0
2024-01-10 15:04:12.001,17456,17456,17456,10,0
2024-01-10 15:04:14.001,17456,17456,17456,2,0
2024-01-10 15:04:20.001,17455,17455,17455,2,-2
2024-01-10 15:04:20.001,17456,17456,17456,2,2
2024-01-10 15:04:27.001,17455,17455,17455,2,-2
2024-01-10 15:04:28.001,17454,17454,17454,2,-2
2024-01-10 15:04:28.001,17454,17454,17454,2,0
2024-01-10 15:04:47.001,17453,17453,17453,2,-2
2024-01-10 15:04:48.001,17453,17453,17453,2,0
2024-01-10 15:04:50.001,17452,17452,17452,2,-2
2024-01-10 15:04:50.001,17452,17452,17452,2,0
2024-01-10 15:04:54.001,17452,17452,17452,2,0
2024-01-10 15:04:54.001,17452,17452,17452,4,0
2024-01-10 15:04:56.001,17452,17452,17452,2,0
2024-01-10 15:04:56.001,17453,17453,17453,2,2
2024-01-10 15:04:56.001,17453,17453,17453,2,0
2024-01-10 15:04:58.001,17452,17452,17452,2,-2
2024-01-10 15:04:59.001,17454,17454,17454,2,2
2024-01-10 15:05:01.001,17454,17454,17454,2,0
2024-01-10 15:05:03.001,17454,17454,17454,2,0
2024-01-10 15:05:14.001,17453,17453,17453,2,-2
2024-01-10 15:05:14.001,17453,17453,17453,2,0
2024-01-10 15:05:35.001,17454,17454,17454,6,6
2024-01-10 15:05:38.001,17453,17453,17453,2,-2
2024-01-10 15:05:39.001,17454,17454,17454,10,10
2024-01-10 15:05:44.001,17453,17453,17453,2,-2
2024-01-10 15:05:58.001,17455,17455,17455,4,4
2024-01-10 15:06:09.001,17454,17454,17454,2,-2
2024-01-10 15:06:17.001,17454,17454,17454,2,0
2024-01-10 15:06:19.001,17453,17453,17453,2,-2
2024-01-10 15:06:20.001,17453,17453,17453,2,0
2024-01-10 15:06:22.001,17453,17453,17453,2,0
2024-01-10 15:06:25.001,17454,17454,17454,2,2
2024-01-10 15:06:28.001,17453,17453,17453,2,-2
2024-01-10 15:06:32.001,17453,17453,17453,2,0
2024-01-10 15:06:35.001,17453,17453,17453,2,0
2024-01-10 15:06:35.001,17453,17453,17453,2,0
2024-01-10 15:06:35.001,17453,17453,17453,2,0
2024-01-10 15:06:35.001,17453,17453,17453,2,0
2024-01-10 15:06:35.001,17453,17453,17453,4,0
2024-01-10 15:06:35.001,17453,17453,17453,4,0
2024-01-10 15:06:35.001,17453,17453,17453,2,0
2024-01-10 15:06:37.001,17452,17452,17452,2,-2
2024-01-10 15:06:37.001,17452,17452,17452,2,0
2024-01-10 15:06:37.001,17452,17452,17452,2,0
2024-01-10 15:06:37.001,17452,17452,17452,2,0
2024-01-10 15:06:37.001,17452,17452,17452,2,0
2024-01-10 15:06:45.001,17452,17452,17452,2,0
2024-01-10 15:06:47.001,17452,17452,17452,4,0
2024-01-10 15:06:50.001,17451,17451,17451,2,-2
2024-01-10 15:06:50.001,17451,17451,17451,2,0
2024-01-10 15:06:50.001,17451,17451,17451,2,0
2024-01-10 15:06:50.001,17451,17451,17451,8,0
2024-01-10 15:06:50.001,17451,17451,17451,2,0
2024-01-10 15:06:50.001,17451,17451,17451,2,0
2024-01-10 15:06:50.001,17451,17451,17451,2,0
2024-01-10 15:06:50.001,17451,17451,17451,2,0
2024-01-10 15:06:50.001,17451,17451,17451,2,0
2024-01-10 15:06:50.001,17451,17451,17451,2,0
2024-01-10 15:06:50.001,17451,17451,17451,4,0
2024-01-10 15:06:50.001,17451,17451,17451,2,0
2024-01-10 15:06:50.001,17451,17451,17451,2,0
2024-01-10 15:06:50.001,17451,17451,17451,2,0
2024-01-10 15:06:50.001,17451,17451,17451,2,0
2024-01-10 15:06:50.001,17451,17451,17451,2,0
2024-01-10 15:06:50.001,17451,17451,17451,2,0
2024-01-10 15:06:50.001,17450,17450,17450,4,-4
2024-01-10 15:06:50.001,17450,17450,17450,4,0
2024-01-10 15:06:51.001,17450,17450,17450,2,0
2024-01-10 15:06:51.001,17450,17450,17450,2,0
2024-01-10 15:06:51.001,17450,17450,17450,2,0
2024-01-10 15:06:51.001,17450,17450,17450,6,0
2024-01-10 15:06:51.001,17450,17450,17450,4,0
2024-01-10 15:06:51.001,17450,17450,17450,6,0
2024-01-10 15:06:51.001,17450,17450,17450,2,0
2024-01-10 15:06:51.001,17450,17450,17450,2,0
2024-01-10 15:06:51.001,17450,17450,17450,2,0
2024-01-10 15:06:51.001,17450,17450,17450,2,0
2024-01-10 15:06:51.001,17450,17450,17450,4,0
2024-01-10 15:06:51.001,17450,17450,17450,2,0
2024-01-10 15:06:51.001,17450,17450,17450,2,0
2024-01-10 15:06:51.001,17450,17450,17450,2,0
2024-01-10 15:07:00.001,17449,17449,17449,2,-2
2024-01-10 15:07:00.001,17449,17449,17449,8,0
2024-01-10 15:07:07.001,17448,17448,17448,2,-2
2024-01-10 15:07:07.001,17448,17448,17448,2,0
2024-01-10 15:07:07.001,17448,17448,17448,2,0
2024-01-10 15:07:07.001,17448,17448,17448,2,0
2024-01-10 15:07:07.001,17448,17448,17448,4,0
2024-01-10 15:07:07.001,17448,17448,17448,2,0
2024-01-10 15:07:07.001,17447,17447,17447,2,-2
2024-01-10 15:07:07.001,17447,17447,17447,4,0
2024-01-10 15:07:07.001,17447,17447,17447,4,0
2024-01-10 15:07:10.001,17449,17449,17449,6,6
2024-01-10 15:07:10.001,17449,17449,17449,4,0
2024-01-10 15:07:10.001,17449,17449,17449,2,0
2024-01-10 15:07:14.001,17449,17449,17449,2,0
2024-01-10 15:07:14.001,17448,17448,17448,2,-2
2024-01-10 15:07:18.001,17449,17449,17449,2,2
2024-01-10 15:07:20.001,17449,17449,17449,6,0
2024-01-10 15:07:20.001,17449,17449,17449,12,0
2024-01-10 15:07:26.001,17449,17449,17449,2,0
2024-01-10 15:07:26.001,17449,17449,17449,2,0
2024-01-10 15:07:26.001,17449,17449,17449,4,0
2024-01-10 15:07:28.001,17449,17449,17449,2,0
2024-01-10 15:07:31.001,17450,17450,17450,2,2
2024-01-10 15:07:31.001,17450,17450,17450,28,0
2024-01-10 15:07:39.001,17451,17451,17451,6,6
2024-01-10 15:07:42.001,17452,17452,17452,2,2
2024-01-10 15:07:46.001,17453,17453,17453,4,4
2024-01-10 15:07:50.001,17453,17453,17453,2,0
2024-01-10 15:07:58.001,17454,17454,17454,2,2
2024-01-10 15:07:59.001,17453,17453,17453,2,-2
2024-01-10 15:08:00.001,17453,17453,17453,2,0
2024-01-10 15:08:00.001,17454,17454,17454,4,4
2024-01-10 15:08:14.001,17454,17454,17454,4,0
2024-01-10 15:08:14.001,17454,17454,17454,2,0
2024-01-10 15:08:16.001,17453,17453,17453,2,-2
2024-01-10 15:08:16.001,17454,17454,17454,2,2
2024-01-10 15:08:25.001,17454,17454,17454,2,0
2024-01-10 15:08:26.001,17454,17454,17454,2,0
2024-01-10 15:08:35.001,17455,17455,17455,2,2
2024-01-10 15:08:46.001,17454,17454,17454,2,-2
2024-01-10 15:08:46.001,17454,17454,17454,2,0
2024-01-10 15:08:57.001,17453,17453,17453,2,-2
2024-01-10 15:09:06.001,17454,17454,17454,2,2
2024-01-10 15:09:08.001,17453,17453,17453,2,-2
2024-01-10 15:09:08.001,17453,17453,17453,2,0
2024-01-10 15:09:08.001,17453,17453,17453,2,0
2024-01-10 15:09:08.001,17453,17453,17453,2,0
2024-01-10 15:09:08.001,17453,17453,17453,6,0
2024-01-10 15:09:08.001,17453,17453,17453,2,0
2024-01-10 15:09:08.001,17453,17453,17453,4,0
2024-01-10 15:09:09.001,17454,17454,17454,2,2
2024-01-10 15:09:18.001,17453,17453,17453,6,-6
2024-01-10 15:09:36.001,17454,17454,17454,2,2
2024-01-10 15:10:00.001,17453,17453,17453,2,-2
2024-01-10 15:10:00.001,17453,17453,17453,2,0
2024-01-10 15:10:00.001,17453,17453,17453,4,0
2024-01-10 15:10:00.001,17453,17453,17453,2,0
2024-01-10 15:10:00.001,17453,17453,17453,2,0
2024-01-10 15:10:00.001,17453,17453,17453,2,0
2024-01-10 15:10:00.001,17453,17453,17453,2,0
2024-01-10 15:10:05.001,17453,17453,17453,2,0
2024-01-10 15:10:05.001,17454,17454,17454,2,2
2024-01-10 15:10:11.001,17453,17453,17453,2,-2
2024-01-10 15:10:21.001,17454,17454,17454,2,2
2024-01-10 15:10:30.001,17453,17453,17453,2,-2
2024-01-10 15:10:37.001,17452,17452,17452,2,-2
2024-01-10 15:10:37.001,17452,17452,17452,4,0
2024-01-10 15:10:37.001,17452,17452,17452,2,0
2024-01-10 15:10:42.001,17451,17451,17451,2,-2
2024-01-10 15:10:42.001,17451,17451,17451,4,0
2024-01-10 15:10:42.001,17451,17451,17451,2,0
2024-01-10 15:10:42.001,17451,17451,17451,2,0
2024-01-10 15:10:51.001,17452,17452,17452,2,2
2024-01-10 15:10:52.001,17451,17451,17451,2,-2
2024-01-10 15:11:00.001,17450,17450,17450,2,-2
2024-01-10 15:11:00.001,17450,17450,17450,2,0
2024-01-10 15:11:00.001,17450,17450,17450,4,0
2024-01-10 15:11:10.001,17450,17450,17450,2,0
2024-01-10 15:11:10.001,17450,17450,17450,2,0
2024-01-10 15:11:10.001,17450,17450,17450,2,0
2024-01-10 15:11:10.001,17450,17450,17450,4,0
2024-01-10 15:11:16.001,17450,17450,17450,2,0
2024-01-10 15:11:23.001,17450,17450,17450,4,0
2024-01-10 15:11:25.001,17451,17451,17451,6,6
2024-01-10 15:11:25.001,17452,17452,17452,40,40
2024-01-10 15:11:25.001,17453,17453,17453,24,24
2024-01-10 15:11:30.001,17452,17452,17452,4,-4
2024-01-10 15:11:30.001,17452,17452,17452,2,0
2024-01-10 15:11:43.001,17452,17452,17452,2,0
2024-01-10 15:11:43.001,17452,17452,17452,4,0
2024-01-10 15:11:44.001,17452,17452,17452,2,0
2024-01-10 15:11:45.001,17452,17452,17452,2,0
2024-01-10 15:11:45.001,17453,17453,17453,2,2
2024-01-10 15:12:06.001,17452,17452,17452,2,-2
2024-01-10 15:12:06.001,17452,17452,17452,4,0
2024-01-10 15:12:06.001,17452,17452,17452,4,0
2024-01-10 15:12:06.001,17452,17452,17452,4,0
2024-01-10 15:12:06.001,17452,17452,17452,2,0
2024-01-10 15:12:06.001,17452,17452,17452,4,0
2024-01-10 15:12:06.001,17452,17452,17452,2,0
2024-01-10 15:12:06.001,17452,17452,17452,2,0
2024-01-10 15:12:06.001,17452,17452,17452,2,0
2024-01-10 15:12:06.001,17452,17452,17452,2,0
2024-01-10 15:12:06.001,17452,17452,17452,2,0
2024-01-10 15:12:06.001,17452,17452,17452,2,0
2024-01-10 15:12:06.001,17452,17452,17452,4,0
2024-01-10 15:12:06.001,17452,17452,17452,46,0
2024-01-10 15:12:06.001,17452,17452,17452,2,0
2024-01-10 15:12:08.001,17452,17452,17452,2,0
2024-01-10 15:12:09.001,17453,17453,17453,4,4
2024-01-10 15:12:12.001,17453,17453,17453,2,0
2024-01-10 15:12:16.001,17453,17453,17453,2,0
2024-01-10 15:12:18.001,17453,17453,17453,2,0
2024-01-10 15:12:18.001,17453,17453,17453,6,0
2024-01-10 15:12:18.001,17453,17453,17453,4,0
2024-01-10 15:12:25.001,17453,17453,17453,4,0
2024-01-10 15:12:25.001,17453,17453,17453,2,0
2024-01-10 15:12:39.001,17453,17453,17453,2,0
2024-01-10 15:12:41.001,17453,17453,17453,2,0
2024-01-10 15:12:43.001,17454,17454,17454,2,2
2024-01-10 15:12:52.001,17454,17454,17454,6,0
2024-01-10 15:12:58.001,17455,17455,17455,18,18
2024-01-10 15:12:58.001,17455,17455,17455,4,0
2024-01-10 15:12:58.001,17456,17456,17456,2,2
2024-01-10 15:12:59.001,17456,17456,17456,4,0
2024-01-10 15:12:59.001,17457,17457,17457,6,6
2024-01-10 15:12:59.001,17457,17457,17457,2,0
2024-01-10 15:12:59.001,17457,17457,17457,2,0
2024-01-10 15:13:00.001,17457,17457,17457,2,0
2024-01-10 15:13:00.001,17457,17457,17457,2,0
2024-01-10 15:13:02.001,17457,17457,17457,2,0
2024-01-10 15:13:02.001,17456,17456,17456,2,-2
2024-01-10 15:13:03.001,17457,17457,17457,22,22
2024-01-10 15:13:05.001,17457,17457,17457,2,0
2024-01-10 15:13:07.001,17458,17458,17458,4,4
2024-01-10 15:13:07.001,17458,17458,17458,2,0
2024-01-10 15:13:09.001,17458,17458,17458,2,0
2024-01-10 15:13:13.001,17458,17458,17458,2,0
2024-01-10 15:13:15.001,17458,17458,17458,2,0
2024-01-10 15:13:20.001,17458,17458,17458,2,0
2024-01-10 15:13:24.001,17459,17459,17459,6,6
2024-01-10 15:13:24.001,17459,17459,17459,2,0
2024-01-10 15:13:26.001,17459,17459,17459,2,0
2024-01-10 15:13:29.001,17459,17459,17459,2,0
2024-01-10 15:13:37.001,17460,17460,17460,2,2
2024-01-10 15:13:39.001,17460,17460,17460,24,0
2024-01-10 15:13:39.001,17460,17460,17460,10,0
2024-01-10 15:13:39.001,17460,17460,17460,12,0
2024-01-10 15:13:40.001,17461,17461,17461,2,2
2024-01-10 15:13:40.001,17461,17461,17461,2,0
2024-01-10 15:13:41.001,17461,17461,17461,2,0
2024-01-10 15:13:41.001,17461,17461,17461,2,0
2024-01-10 15:13:43.001,17461,17461,17461,6,0
2024-01-10 15:13:55.001,17461,17461,17461,2,0
2024-01-10 15:13:56.001,17461,17461,17461,2,0
2024-01-10 15:14:00.001,17461,17461,17461,2,0
2024-01-10 15:14:00.001,17460,17460,17460,2,-2
2024-01-10 15:14:00.001,17460,17460,17460,2,0
2024-01-10 15:14:00.001,17460,17460,17460,10,0
2024-01-10 15:14:00.001,17460,17460,17460,2,0
2024-01-10 15:14:00.001,17460,17460,17460,4,0
2024-01-10 15:14:00.001,17460,17460,17460,2,0
2024-01-10 15:14:00.001,17460,17460,17460,2,0
2024-01-10 15:14:01.001,17459,17459,17459,2,-2
2024-01-10 15:14:01.001,17459,17459,17459,2,0
2024-01-10 15:14:01.001,17459,17459,17459,2,0
2024-01-10 15:14:02.001,17459,17459,17459,2,0
2024-01-10 15:14:03.001,17459,17459,17459,2,0
2024-01-10 15:14:06.001,17459,17459,17459,2,0
2024-01-10 15:14:06.001,17459,17459,17459,2,0
2024-01-10 15:14:06.001,17459,17459,17459,2,0
2024-01-10 15:14:06.001,17459,17459,17459,4,0
2024-01-10 15:14:07.001,17458,17458,17458,2,-2
2024-01-10 15:14:07.001,17458,17458,17458,2,0
2024-01-10 15:14:23.001,17458,17458,17458,2,0
2024-01-10 15:14:23.001,17458,17458,17458,4,0
2024-01-10 15:14:23.001,17458,17458,17458,2,0
2024-01-10 15:14:29.001,17457,17457,17457,2,-2
2024-01-10 15:14:29.001,17457,17457,17457,4,0
2024-01-10 15:14:30.001,17458,17458,17458,4,4
2024-01-10 15:14:30.001,17458,17458,17458,4,0
2024-01-10 15:14:42.001,17459,17459,17459,10,10
2024-01-10 15:14:44.001,17458,17458,17458,2,-2
2024-01-10 15:14:44.001,17459,17459,17459,4,4
2024-01-10 15:14:50.001,17459,17459,17459,2,0
2024-01-10 15:14:51.001,17459,17459,17459,8,0
2024-01-10 15:14:51.001,17460,17460,17460,16,16
2024-01-10 15:14:54.001,17459,17459,17459,2,-2
2024-01-10 15:14:55.001,17459,17459,17459,2,0
2024-01-10 15:15:01.001,17459,17459,17459,6,0
2024-01-10 15:15:01.001,17459,17459,17459,2,0
2024-01-10 15:15:01.001,17459,17459,17459,2,0
2024-01-10 15:15:01.001,17459,17459,17459,2,0
2024-01-10 15:15:01.001,17459,17459,17459,2,0
2024-01-10 15:15:01.001,17459,17459,17459,2,0
2024-01-10 15:15:01.001,17458,17458,17458,2,-2
2024-01-10 15:15:01.001,17458,17458,17458,2,0
2024-01-10 15:15:01.001,17457,17457,17457,2,-2
2024-01-10 15:15:01.001,17457,17457,17457,2,0
2024-01-10 15:15:01.001,17457,17457,17457,2,0
2024-01-10 15:15:02.001,17457,17457,17457,2,0
2024-01-10 15:15:03.001,17457,17457,17457,2,0
2024-01-10 15:15:05.001,17459,17459,17459,2,2
2024-01-10 15:15:05.001,17459,17459,17459,2,0
2024-01-10 15:15:06.001,17459,17459,17459,10,0
2024-01-10 15:15:20.001,17459,17459,17459,2,0
2024-01-10 15:15:20.001,17459,17459,17459,2,0
2024-01-10 15:15:20.001,17460,17460,17460,2,2
2024-01-10 15:15:24.001,17459,17459,17459,2,-2
2024-01-10 15:15:24.001,17459,17459,17459,2,0
2024-01-10 15:15:24.001,17459,17459,17459,2,0
2024-01-10 15:15:24.001,17459,17459,17459,2,0
2024-01-10 15:15:24.001,17459,17459,17459,4,0
2024-01-10 15:15:26.001,17459,17459,17459,2,0
2024-01-10 15:15:26.001,17458,17458,17458,2,-2
2024-01-10 15:15:26.001,17458,17458,17458,2,0
2024-01-10 15:15:26.001,17458,17458,17458,2,0
2024-01-10 15:15:26.001,17459,17459,17459,20,20
2024-01-10 15:15:28.001,17458,17458,17458,2,-2
2024-01-10 15:15:29.001,17457,17457,17457,2,-2
2024-01-10 15:15:31.001,17457,17457,17457,2,0
2024-01-10 15:15:31.001,17457,17457,17457,2,0
2024-01-10 15:15:31.001,17457,17457,17457,4,0
2024-01-10 15:15:31.001,17457,17457,17457,2,0
2024-01-10 15:15:41.001,17458,17458,17458,6,6
2024-01-10 15:15:41.001,17458,17458,17458,4,0
2024-01-10 15:15:43.001,17458,17458,17458,4,0
2024-01-10 15:15:46.001,17458,17458,17458,2,0
2024-01-10 15:15:49.001,17457,17457,17457,2,-2
2024-01-10 15:15:52.001,17458,17458,17458,2,2
2024-01-10 15:15:59.001,17458,17458,17458,2,0
2024-01-10 15:15:59.001,17458,17458,17458,4,0
2024-01-10 15:15:59.001,17458,17458,17458,4,0
2024-01-10 15:15:59.001,17458,17458,17458,2,0
2024-01-10 15:15:59.001,17458,17458,17458,4,0
2024-01-10 15:16:02.001,17458,17458,17458,2,0
2024-01-10 15:16:02.001,17458,17458,17458,4,0
2024-01-10 15:16:02.001,17458,17458,17458,4,0
2024-01-10 15:16:02.001,17459,17459,17459,2,2
2024-01-10 15:16:02.001,17459,17459,17459,2,0
2024-01-10 15:16:02.001,17459,17459,17459,2,0
2024-01-10 15:16:03.001,17459,17459,17459,2,0
2024-01-10 15:16:03.001,17460,17460,17460,2,2
2024-01-10 15:16:03.001,17459,17459,17459,4,-4
2024-01-10 15:16:05.001,17458,17458,17458,2,-2
2024-01-10 15:16:06.001,17460,17460,17460,4,4
2024-01-10 15:16:06.001,17459,17459,17459,2,-2
2024-01-10 15:16:16.001,17458,17458,17458,2,-2
2024-01-10 15:16:16.001,17459,17459,17459,2,2
2024-01-10 15:16:16.001,17459,17459,17459,2,0
2024-01-10 15:16:17.001,17458,17458,17458,2,-2
2024-01-10 15:16:17.001,17459,17459,17459,2,2
2024-01-10 15:16:17.001,17459,17459,17459,2,0
2024-01-10 15:16:17.001,17459,17459,17459,2,0
2024-01-10 15:16:21.001,17459,17459,17459,2,0
2024-01-10 15:16:21.001,17459,17459,17459,2,0
2024-01-10 15:16:21.001,17459,17459,17459,2,0
2024-01-10 15:16:38.001,17460,17460,17460,4,4
2024-01-10 15:16:38.001,17460,17460,17460,4,0
2024-01-10 15:16:38.001,17460,17460,17460,12,0
2024-01-10 15:16:38.001,17460,17460,17460,4,0
2024-01-10 15:16:38.001,17460,17460,17460,4,0
2024-01-10 15:16:38.001,17460,17460,17460,2,0
2024-01-10 15:16:38.001,17460,17460,17460,2,0
2024-01-10 15:16:38.001,17460,17460,17460,2,0
2024-01-10 15:16:41.001,17460,17460,17460,2,0
2024-01-10 15:16:41.001,17460,17460,17460,4,0
2024-01-10 15:16:41.001,17460,17460,17460,2,0
2024-01-10 15:16:41.001,17461,17461,17461,2,2
2024-01-10 15:16:41.001,17461,17461,17461,2,0
2024-01-10 15:16:41.001,17461,17461,17461,2,0
2024-01-10 15:16:41.001,17461,17461,17461,2,0
2024-01-10 15:16:41.001,17461,17461,17461,2,0
2024-01-10 15:16:41.001,17461,17461,17461,2,0
2024-01-10 15:16:41.001,17461,17461,17461,2,0
2024-01-10 15:16:41.001,17461,17461,17461,2,0
2024-01-10 15:16:41.001,17461,17461,17461,14,0
2024-01-10 15:16:44.001,17461,17461,17461,2,0
2024-01-10 15:16:44.001,17461,17461,17461,4,0
2024-01-10 15:16:44.001,17461,17461,17461,2,0
2024-01-10 15:16:44.001,17461,17461,17461,2,0
2024-01-10 15:16:44.001,17461,17461,17461,4,0
2024-01-10 15:16:44.001,17461,17461,17461,6,0
2024-01-10 15:16:45.001,17461,17461,17461,2,0
2024-01-10 15:16:45.001,17461,17461,17461,4,0
2024-01-10 15:16:46.001,17462,17462,17462,2,2
2024-01-10 15:16:46.001,17461,17461,17461,2,-2
2024-01-10 15:16:46.001,17461,17461,17461,2,0
2024-01-10 15:16:47.001,17460,17460,17460,2,-2
2024-01-10 15:16:47.001,17460,17460,17460,4,0
2024-01-10 15:16:48.001,17461,17461,17461,4,4
2024-01-10 15:16:48.001,17461,17461,17461,2,0
2024-01-10 15:16:49.001,17461,17461,17461,4,0
2024-01-10 15:16:49.001,17461,17461,17461,2,0
2024-01-10 15:16:52.001,17462,17462,17462,4,4
2024-01-10 15:16:52.001,17462,17462,17462,8,0
2024-01-10 15:16:52.001,17462,17462,17462,4,0
2024-01-10 15:16:52.001,17462,17462,17462,6,0
2024-01-10 15:16:52.001,17463,17463,17463,6,6
2024-01-10 15:16:52.001,17463,17463,17463,4,0
2024-01-10 15:16:52.001,17463,17463,17463,2,0
2024-01-10 15:16:52.001,17463,17463,17463,2,0
2024-01-10 15:16:52.001,17462,17462,17462,8,-8
2024-01-10 15:16:52.001,17462,17462,17462,2,0
2024-01-10 15:16:52.001,17462,17462,17462,2,0
2024-01-10 15:16:52.001,17462,17462,17462,10,0
2024-01-10 15:16:52.001,17462,17462,17462,2,0
2024-01-10 15:16:52.001,17462,17462,17462,10,0
2024-01-10 15:16:52.001,17462,17462,17462,2,0
2024-01-10 15:16:52.001,17462,17462,17462,2,0
2024-01-10 15:16:52.001,17462,17462,17462,2,0
2024-01-10 15:16:52.001,17462,17462,17462,6,0
2024-01-10 15:16:53.001,17462,17462,17462,2,0
2024-01-10 15:16:54.001,17462,17462,17462,2,0
2024-01-10 15:16:54.001,17462,17462,17462,2,0
2024-01-10 15:16:54.001,17462,17462,17462,2,0
2024-01-10 15:16:54.001,17462,17462,17462,2,0
2024-01-10 15:17:06.001,17462,17462,17462,2,0
2024-01-10 15:17:08.001,17462,17462,17462,4,0
2024-01-10 15:17:08.001,17461,17461,17461,2,-2
2024-01-10 15:17:08.001,17461,17461,17461,2,0
2024-01-10 15:17:08.001,17461,17461,17461,2,0
2024-01-10 15:17:10.001,17462,17462,17462,2,2
2024-01-10 15:17:14.001,17462,17462,17462,6,0
2024-01-10 15:17:14.001,17462,17462,17462,24,0
2024-01-10 15:17:14.001,17462,17462,17462,2,0
2024-01-10 15:17:14.001,17462,17462,17462,2,0
2024-01-10 15:17:14.001,17462,17462,17462,2,0
2024-01-10 15:17:18.001,17462,17462,17462,2,0
2024-01-10 15:17:20.001,17462,17462,17462,2,0
2024-01-10 15:17:24.001,17463,17463,17463,4,4
2024-01-10 15:17:24.001,17463,17463,17463,2,0
2024-01-10 15:17:24.001,17463,17463,17463,2,0
2024-01-10 15:17:24.001,17463,17463,17463,2,0
2024-01-10 15:17:24.001,17463,17463,17463,2,0
2024-01-10 15:17:27.001,17463,17463,17463,2,0
2024-01-10 15:17:30.001,17463,17463,17463,2,0
2024-01-10 15:17:30.001,17463,17463,17463,2,0
2024-01-10 15:17:30.001,17463,17463,17463,4,0
2024-01-10 15:17:30.001,17463,17463,17463,4,0
2024-01-10 15:17:30.001,17463,17463,17463,4,0
2024-01-10 15:17:30.001,17463,17463,17463,4,0
2024-01-10 15:17:30.001,17463,17463,17463,4,0
2024-01-10 15:17:30.001,17463,17463,17463,2,0
2024-01-10 15:17:30.001,17463,17463,17463,2,0
2024-01-10 15:17:37.001,17463,17463,17463,4,0
2024-01-10 15:17:38.001,17463,17463,17463,2,0
2024-01-10 15:17:38.001,17464,17464,17464,2,2
2024-01-10 15:17:42.001,17463,17463,17463,2,-2
2024-01-10 15:17:53.001,17463,17463,17463,2,0
2024-01-10 15:17:53.001,17463,17463,17463,2,0
2024-01-10 15:17:53.001,17463,17463,17463,2,0
2024-01-10 15:18:03.001,17463,17463,17463,2,0
2024-01-10 15:18:08.001,17463,17463,17463,2,0
2024-01-10 15:18:08.001,17463,17463,17463,2,0
2024-01-10 15:18:08.001,17463,17463,17463,2,0
2024-01-10 15:18:08.001,17462,17462,17462,2,-2
2024-01-10 15:18:08.001,17462,17462,17462,4,0
2024-01-10 15:18:08.001,17462,17462,17462,2,0
2024-01-10 15:18:08.001,17462,17462,17462,2,0
2024-01-10 15:18:08.001,17462,17462,17462,2,0
2024-01-10 15:18:08.001,17462,17462,17462,2,0
2024-01-10 15:18:10.001,17462,17462,17462,2,0
2024-01-10 15:18:13.001,17463,17463,17463,34,34
2024-01-10 15:18:13.001,17463,17463,17463,2,0
2024-01-10 15:18:14.001,17462,17462,17462,2,-2
2024-01-10 15:18:15.001,17463,17463,17463,2,2
2024-01-10 15:18:15.001,17463,17463,17463,2,0
2024-01-10 15:18:15.001,17463,17463,17463,2,0
2024-01-10 15:18:15.001,17463,17463,17463,2,0
2024-01-10 15:18:18.001,17463,17463,17463,2,0
2024-01-10 15:18:18.001,17463,17463,17463,2,0
2024-01-10 15:18:33.001,17463,17463,17463,4,0
2024-01-10 15:18:41.001,17463,17463,17463,2,0
2024-01-10 15:18:43.001,17464,17464,17464,2,2
2024-01-10 15:18:44.001,17462,17462,17462,2,-2
2024-01-10 15:18:54.001,17462,17462,17462,2,0
2024-01-10 15:18:59.001,17462,17462,17462,2,0
2024-01-10 15:19:10.001,17462,17462,17462,2,0
2024-01-10 15:19:10.001,17463,17463,17463,2,2
2024-01-10 15:19:19.001,17463,17463,17463,2,0
2024-01-10 15:19:22.001,17463,17463,17463,2,0
2024-01-10 15:19:30.001,17463,17463,17463,4,0
2024-01-10 15:19:47.001,17463,17463,17463,2,0
2024-01-10 15:19:52.001,17463,17463,17463,2,0
2024-01-10 15:19:52.001,17463,17463,17463,2,0
2024-01-10 15:19:52.001,17463,17463,17463,4,0
2024-01-10 15:19:52.001,17463,17463,17463,4,0
2024-01-10 15:19:52.001,17463,17463,17463,4,0
2024-01-10 15:19:52.001,17463,17463,17463,4,0
2024-01-10 15:20:00.001,17463,17463,17463,2,0
2024-01-10 15:20:00.001,17463,17463,17463,2,0
2024-01-10 15:20:21.001,17462,17462,17462,4,-4
2024-01-10 15:20:45.001,17461,17461,17461,2,-2
2024-01-10 15:20:45.001,17461,17461,17461,2,0
2024-01-10 15:20:46.001,17462,17462,17462,2,2
2024-01-10 15:20:51.001,17461,17461,17461,2,-2
2024-01-10 15:20:53.001,17461,17461,17461,2,0
2024-01-10 15:21:03.001,17461,17461,17461,2,0
2024-01-10 15:21:06.001,17461,17461,17461,2,0
2024-01-10 15:21:15.001,17461,17461,17461,4,0
2024-01-10 15:21:23.001,17462,17462,17462,2,2
2024-01-10 15:21:36.001,17462,17462,17462,2,0
2024-01-10 15:21:42.001,17462,17462,17462,2,0
2024-01-10 15:21:43.001,17463,17463,17463,4,4
2024-01-10 15:21:43.001,17463,17463,17463,20,0
2024-01-10 15:21:43.001,17463,17463,17463,2,0
2024-01-10 15:21:45.001,17464,17464,17464,4,4
2024-01-10 15:21:45.001,17464,17464,17464,4,0
2024-01-10 15:21:47.001,17463,17463,17463,2,-2
2024-01-10 15:21:58.001,17463,17463,17463,2,0
2024-01-10 15:22:14.001,17462,17462,17462,2,-2
2024-01-10 15:22:14.001,17462,17462,17462,2,0
2024-01-10 15:22:14.001,17463,17463,17463,2,2
2024-01-10 15:22:14.001,17463,17463,17463,2,0
2024-01-10 15:22:18.001,17463,17463,17463,2,0
2024-01-10 15:22:35.001,17462,17462,17462,6,-6
2024-01-10 15:22:49.001,17462,17462,17462,2,0
2024-01-10 15:23:00.001,17463,17463,17463,4,4
2024-01-10 15:23:00.001,17463,17463,17463,2,0
2024-01-10 15:23:00.001,17463,17463,17463,2,0
2024-01-10 15:23:02.001,17464,17464,17464,2,2
2024-01-10 15:23:03.001,17462,17462,17462,2,-2
2024-01-10 15:23:04.001,17463,17463,17463,2,2
2024-01-10 15:23:14.001,17463,17463,17463,2,0
2024-01-10 15:23:15.001,17463,17463,17463,2,0
2024-01-10 15:23:17.001,17464,17464,17464,2,2
2024-01-10 15:23:17.001,17464,17464,17464,6,0
2024-01-10 15:23:17.001,17464,17464,17464,20,0
2024-01-10 15:23:17.001,17464,17464,17464,2,0
2024-01-10 15:23:17.001,17464,17464,17464,4,0
2024-01-10 15:23:17.001,17464,17464,17464,6,0
2024-01-10 15:23:21.001,17465,17465,17465,4,4
2024-01-10 15:23:29.001,17464,17464,17464,2,-2
2024-01-10 15:23:30.001,17464,17464,17464,2,0
2024-01-10 15:23:34.001,17465,17465,17465,2,2
2024-01-10 15:23:37.001,17465,17465,17465,4,0
2024-01-10 15:23:37.001,17465,17465,17465,2,0
2024-01-10 15:23:39.001,17466,17466,17466,6,6
2024-01-10 15:23:39.001,17466,17466,17466,2,0
2024-01-10 15:23:42.001,17466,17466,17466,2,0
2024-01-10 15:23:42.001,17466,17466,17466,2,0
2024-01-10 15:23:42.001,17466,17466,17466,2,0
2024-01-10 15:23:42.001,17466,17466,17466,2,0
2024-01-10 15:23:42.001,17466,17466,17466,10,0
2024-01-10 15:23:44.001,17466,17466,17466,2,0
2024-01-10 15:23:44.001,17467,17467,17467,4,4
2024-01-10 15:23:44.001,17467,17467,17467,2,0
2024-01-10 15:23:44.001,17467,17467,17467,4,0
2024-01-10 15:23:44.001,17467,17467,17467,2,0
2024-01-10 15:23:44.001,17467,17467,17467,2,0
2024-01-10 15:23:45.001,17467,17467,17467,2,0
2024-01-10 15:23:45.001,17467,17467,17467,2,0
2024-01-10 15:23:45.001,17467,17467,17467,2,0
2024-01-10 15:23:45.001,17467,17467,17467,2,0
2024-01-10 15:23:45.001,17467,17467,17467,2,0
2024-01-10 15:23:45.001,17467,17467,17467,4,0
2024-01-10 15:23:46.001,17466,17466,17466,2,-2
2024-01-10 15:23:47.001,17467,17467,17467,4,4
2024-01-10 15:23:49.001,17467,17467,17467,4,0
2024-01-10 15:23:52.001,17467,17467,17467,2,0
2024-01-10 15:23:52.001,17467,17467,17467,2,0
2024-01-10 15:23:52.001,17467,17467,17467,2,0
2024-01-10 15:23:54.001,17468,17468,17468,2,2
2024-01-10 15:23:54.001,17468,17468,17468,2,0
2024-01-10 15:23:54.001,17468,17468,17468,2,0
2024-01-10 15:23:56.001,17468,17468,17468,2,0
2024-01-10 15:23:59.001,17468,17468,17468,4,0
2024-01-10 15:23:59.001,17468,17468,17468,4,0
2024-01-10 15:24:01.001,17467,17467,17467,2,-2
2024-01-10 15:24:01.001,17468,17468,17468,2,2
2024-01-10 15:24:01.001,17468,17468,17468,2,0
2024-01-10 15:24:01.001,17468,17468,17468,46,0
2024-01-10 15:24:01.001,17469,17469,17469,14,14
2024-01-10 15:24:01.001,17469,17469,17469,8,0
2024-01-10 15:24:01.001,17469,17469,17469,2,0
2024-01-10 15:24:01.001,17469,17469,17469,2,0
2024-01-10 15:24:01.001,17469,17469,17469,2,0
2024-01-10 15:24:01.001,17469,17469,17469,2,0
2024-01-10 15:24:01.001,17469,17469,17469,4,0
2024-01-10 15:24:01.001,17468,17468,17468,2,-2
2024-01-10 15:24:01.001,17468,17468,17468,2,0
2024-01-10 15:24:01.001,17470,17470,17470,4,4
2024-01-10 15:24:02.001,17470,17470,17470,2,0
2024-01-10 15:24:02.001,17470,17470,17470,2,0
2024-01-10 15:24:02.001,17470,17470,17470,2,0
2024-01-10 15:24:02.001,17470,17470,17470,2,0
2024-01-10 15:24:02.001,17470,17470,17470,2,0
2024-01-10 15:24:02.001,17470,17470,17470,2,0
2024-01-10 15:24:02.001,17470,17470,17470,2,0
2024-01-10 15:24:02.001,17470,17470,17470,2,0
2024-01-10 15:24:02.001,17470,17470,17470,2,0
2024-01-10 15:24:02.001,17470,17470,17470,2,0
2024-01-10 15:24:03.001,17470,17470,17470,2,0
2024-01-10 15:24:03.001,17470,17470,17470,2,0
2024-01-10 15:24:03.001,17470,17470,17470,2,0
2024-01-10 15:24:03.001,17470,17470,17470,2,0
2024-01-10 15:24:03.001,17470,17470,17470,2,0
2024-01-10 15:24:03.001,17470,17470,17470,2,0
2024-01-10 15:24:04.001,17470,17470,17470,2,0
2024-01-10 15:24:05.001,17470,17470,17470,4,0
2024-01-10 15:24:09.001,17468,17468,17468,2,-2
2024-01-10 15:24:10.001,17469,17469,17469,2,2
2024-01-10 15:24:10.001,17469,17469,17469,2,0
2024-01-10 15:24:10.001,17469,17469,17469,2,0
2024-01-10 15:24:10.001,17469,17469,17469,2,0
2024-01-10 15:24:10.001,17469,17469,17469,2,0
2024-01-10 15:24:10.001,17469,17469,17469,4,0
2024-01-10 15:24:11.001,17469,17469,17469,4,0
2024-01-10 15:24:15.001,17469,17469,17469,2,0
2024-01-10 15:24:17.001,17470,17470,17470,2,2
2024-01-10 15:24:17.001,17470,17470,17470,2,0
2024-01-10 15:24:17.001,17470,17470,17470,2,0
2024-01-10 15:24:17.001,17470,17470,17470,2,0
2024-01-10 15:24:17.001,17470,17470,17470,18,0
2024-01-10 15:24:17.001,17470,17470,17470,4,0
2024-01-10 15:24:17.001,17470,17470,17470,2,0
2024-01-10 15:24:17.001,17470,17470,17470,14,0
2024-01-10 15:24:17.001,17470,17470,17470,6,0
2024-01-10 15:24:18.001,17471,17471,17471,4,4
2024-01-10 15:24:18.001,17471,17471,17471,2,0
2024-01-10 15:24:18.001,17470,17470,17470,4,-4
2024-01-10 15:24:19.001,17471,17471,17471,2,2
2024-01-10 15:24:21.001,17469,17469,17469,2,-2
2024-01-10 15:24:21.001,17469,17469,17469,2,0
2024-01-10 15:24:24.001,17470,17470,17470,2,2
2024-01-10 15:24:25.001,17470,17470,17470,2,0
2024-01-10 15:24:25.001,17470,17470,17470,2,0
2024-01-10 15:24:26.001,17471,17471,17471,2,2
2024-01-10 15:24:27.001,17470,17470,17470,20,-20
2024-01-10 15:24:34.001,17471,17471,17471,6,6
2024-01-10 15:24:34.001,17471,17471,17471,2,0
2024-01-10 15:24:34.001,17470,17470,17470,2,-2
2024-01-10 15:24:37.001,17471,17471,17471,2,2
2024-01-10 15:24:37.001,17471,17471,17471,10,0
2024-01-10 15:24:41.001,17470,17470,17470,2,-2
2024-01-10 15:24:41.001,17470,17470,17470,2,0
2024-01-10 15:24:41.001,17470,17470,17470,2,0
2024-01-10 15:24:41.001,17470,17470,17470,14,0
2024-01-10 15:24:41.001,17470,17470,17470,2,0
2024-01-10 15:24:41.001,17470,17470,17470,2,0
2024-01-10 15:24:41.001,17470,17470,17470,2,0
2024-01-10 15:24:41.001,17470,17470,17470,2,0
2024-01-10 15:24:41.001,17470,17470,17470,2,0
2024-01-10 15:24:41.001,17471,17471,17471,4,4
2024-01-10 15:24:45.001,17470,17470,17470,2,-2
2024-01-10 15:24:46.001,17471,17471,17471,2,2
2024-01-10 15:24:49.001,17471,17471,17471,2,0
2024-01-10 15:24:52.001,17471,17471,17471,2,0
2024-01-10 15:24:52.001,17470,17470,17470,2,-2
2024-01-10 15:24:52.001,17470,17470,17470,2,0
2024-01-10 15:24:54.001,17471,17471,17471,4,4
2024-01-10 15:24:57.001,17471,17471,17471,4,0
2024-01-10 15:24:59.001,17471,17471,17471,2,0
2024-01-10 15:25:00.001,17471,17471,17471,2,0
2024-01-10 15:25:00.001,17471,17471,17471,8,0
2024-01-10 15:25:01.001,17471,17471,17471,2,0
2024-01-10 15:25:03.001,17471,17471,17471,4,0
2024-01-10 15:25:06.001,17470,17470,17470,2,-2
2024-01-10 15:25:06.001,17471,17471,17471,2,2
2024-01-10 15:25:12.001,17471,17471,17471,4,0
2024-01-10 15:25:21.001,17471,17471,17471,2,0
2024-01-10 15:25:21.001,17471,17471,17471,2,0
2024-01-10 15:25:21.001,17471,17471,17471,2,0
2024-01-10 15:25:22.001,17472,17472,17472,2,2
2024-01-10 15:25:22.001,17472,17472,17472,2,0
2024-01-10 15:25:22.001,17472,17472,17472,2,0
2024-01-10 15:25:22.001,17472,17472,17472,2,0
2024-01-10 15:25:23.001,17472,17472,17472,2,0
2024-01-10 15:25:23.001,17472,17472,17472,2,0
2024-01-10 15:25:23.001,17472,17472,17472,2,0
2024-01-10 15:25:23.001,17472,17472,17472,2,0
2024-01-10 15:25:23.001,17471,17471,17471,2,-2
2024-01-10 15:25:31.001,17471,17471,17471,2,0
2024-01-10 15:25:31.001,17471,17471,17471,2,0
2024-01-10 15:25:31.001,17471,17471,17471,2,0
2024-01-10 15:25:35.001,17470,17470,17470,2,-2
2024-01-10 15:25:35.001,17470,17470,17470,2,0
2024-01-10 15:25:35.001,17470,17470,17470,6,0
2024-01-10 15:25:35.001,17470,17470,17470,2,0
2024-01-10 15:25:35.001,17470,17470,17470,4,0
2024-01-10 15:25:35.001,17470,17470,17470,2,0
2024-01-10 15:25:35.001,17470,17470,17470,2,0
2024-01-10 15:25:35.001,17470,17470,17470,2,0
2024-01-10 15:25:35.001,17470,17470,17470,2,0
2024-01-10 15:25:35.001,17470,17470,17470,2,0
2024-01-10 15:25:35.001,17470,17470,17470,2,0
2024-01-10 15:25:35.001,17470,17470,17470,2,0
2024-01-10 15:25:35.001,17470,17470,17470,2,0
2024-01-10 15:25:38.001,17470,17470,17470,2,0
2024-01-10 15:25:42.001,17469,17469,17469,2,-2
2024-01-10 15:25:42.001,17470,17470,17470,2,2
2024-01-10 15:25:42.001,17469,17469,17469,2,-2
2024-01-10 15:25:45.001,17470,17470,17470,20,20
2024-01-10 15:25:46.001,17470,17470,17470,2,0
2024-01-10 15:25:50.001,17469,17469,17469,2,-2
2024-01-10 15:25:51.001,17470,17470,17470,2,2
2024-01-10 15:25:56.001,17470,17470,17470,2,0
2024-01-10 15:25:56.001,17470,17470,17470,2,0
2024-01-10 15:26:01.001,17470,17470,17470,2,0
2024-01-10 15:26:02.001,17470,17470,17470,2,0
2024-01-10 15:26:17.001,17469,17469,17469,2,-2
2024-01-10 15:26:18.001,17469,17469,17469,2,0
2024-01-10 15:26:18.001,17469,17469,17469,4,0
2024-01-10 15:26:25.001,17469,17469,17469,2,0
2024-01-10 15:26:29.001,17469,17469,17469,2,0
2024-01-10 15:26:29.001,17470,17470,17470,2,2
2024-01-10 15:26:29.001,17470,17470,17470,2,0
2024-01-10 15:26:34.001,17470,17470,17470,14,0
2024-01-10 15:26:34.001,17470,17470,17470,4,0
2024-01-10 15:26:35.001,17470,17470,17470,2,0
2024-01-10 15:26:38.001,17471,17471,17471,12,12
2024-01-10 15:26:40.001,17472,17472,17472,8,8
2024-01-10 15:26:40.001,17472,17472,17472,4,0
2024-01-10 15:26:41.001,17471,17471,17471,2,-2
2024-01-10 15:26:41.001,17471,17471,17471,4,0
2024-01-10 15:26:41.001,17471,17471,17471,2,0
2024-01-10 15:26:41.001,17471,17471,17471,4,0
2024-01-10 15:26:41.001,17471,17471,17471,2,0
2024-01-10 15:26:41.001,17471,17471,17471,4,0
2024-01-10 15:26:41.001,17471,17471,17471,2,0
2024-01-10 15:26:43.001,17472,17472,17472,2,2
2024-01-10 15:26:49.001,17472,17472,17472,2,0
2024-01-10 15:26:49.001,17472,17472,17472,2,0
2024-01-10 15:26:49.001,17471,17471,17471,2,-2
2024-01-10 15:26:59.001,17471,17471,17471,2,0
2024-01-10 15:27:08.001,17470,17470,17470,2,-2
2024-01-10 15:27:09.001,17471,17471,17471,2,2
2024-01-10 15:27:10.001,17472,17472,17472,8,8
2024-01-10 15:27:10.001,17472,17472,17472,8,0
2024-01-10 15:27:11.001,17472,17472,17472,8,0
2024-01-10 15:27:12.001,17470,17470,17470,2,-2
2024-01-10 15:27:13.001,17470,17470,17470,2,0
2024-01-10 15:27:15.001,17472,17472,17472,2,2
2024-01-10 15:27:15.001,17472,17472,17472,4,0
2024-01-10 15:27:17.001,17470,17470,17470,2,-2
2024-01-10 15:27:20.001,17472,17472,17472,18,18
2024-01-10 15:27:20.001,17472,17472,17472,2,0
2024-01-10 15:27:22.001,17471,17471,17471,4,-4
2024-01-10 15:27:22.001,17471,17471,17471,2,0
2024-01-10 15:27:23.001,17471,17471,17471,4,0
2024-01-10 15:27:26.001,17472,17472,17472,2,2
2024-01-10 15:27:29.001,17472,17472,17472,2,0
2024-01-10 15:27:31.001,17472,17472,17472,2,0
2024-01-10 15:27:31.001,17472,17472,17472,8,0
2024-01-10 15:27:36.001,17472,17472,17472,2,0
2024-01-10 15:27:40.001,17472,17472,17472,4,0
2024-01-10 15:27:44.001,17471,17471,17471,2,-2
2024-01-10 15:27:44.001,17471,17471,17471,2,0
2024-01-10 15:27:46.001,17471,17471,17471,20,0
2024-01-10 15:27:46.001,17472,17472,17472,20,20
2024-01-10 15:27:46.001,17472,17472,17472,2,0
2024-01-10 15:27:48.001,17470,17470,17470,2,-2
2024-01-10 15:27:48.001,17470,17470,17470,4,0
2024-01-10 15:27:49.001,17470,17470,17470,6,0
2024-01-10 15:27:50.001,17471,17471,17471,2,2
2024-01-10 15:27:55.001,17471,17471,17471,2,0
2024-01-10 15:28:01.001,17471,17471,17471,2,0
2024-01-10 15:28:01.001,17472,17472,17472,6,6
2024-01-10 15:28:02.001,17471,17471,17471,2,-2
2024-01-10 15:28:07.001,17471,17471,17471,2,0
2024-01-10 15:28:07.001,17471,17471,17471,2,0
2024-01-10 15:28:11.001,17472,17472,17472,2,2
2024-01-10 15:28:12.001,17472,17472,17472,4,0
2024-01-10 15:28:12.001,17472,17472,17472,4,0
2024-01-10 15:28:15.001,17471,17471,17471,2,-2
2024-01-10 15:28:15.001,17471,17471,17471,2,0
2024-01-10 15:28:15.001,17471,17471,17471,4,0
2024-01-10 15:28:17.001,17472,17472,17472,2,2
2024-01-10 15:28:17.001,17472,17472,17472,2,0
2024-01-10 15:28:17.001,17472,17472,17472,2,0
2024-01-10 15:28:17.001,17472,17472,17472,2,0
2024-01-10 15:28:17.001,17472,17472,17472,2,0
2024-01-10 15:28:18.001,17472,17472,17472,2,0
2024-01-10 15:28:23.001,17472,17472,17472,2,0
2024-01-10 15:28:30.001,17472,17472,17472,2,0
2024-01-10 15:28:33.001,17472,17472,17472,2,0
2024-01-10 15:28:38.001,17472,17472,17472,2,0
2024-01-10 15:28:43.001,17471,17471,17471,2,-2
2024-01-10 15:28:43.001,17471,17471,17471,2,0
2024-01-10 15:28:55.001,17472,17472,17472,2,2
2024-01-10 15:28:58.001,17472,17472,17472,4,0
2024-01-10 15:29:00.001,17472,17472,17472,16,0
2024-01-10 15:29:20.001,17472,17472,17472,2,0
2024-01-10 15:29:22.001,17472,17472,17472,2,0
2024-01-10 15:29:22.001,17472,17472,17472,2,0
2024-01-10 15:29:28.001,17471,17471,17471,2,-2
2024-01-10 15:29:45.001,17471,17471,17471,2,0
2024-01-10 15:29:45.001,17471,17471,17471,2,0
2024-01-10 15:29:45.001,17471,17471,17471,4,0
2024-01-10 15:29:45.001,17471,17471,17471,2,0
2024-01-10 15:29:45.001,17472,17472,17472,2,2
2024-01-10 15:30:00.001,17472,17472,17472,8,0
2024-01-10 15:30:00.001,17472,17472,17472,2,0
2024-01-10 15:30:00.001,17472,17472,17472,2,0
2024-01-10 15:30:00.001,17472,17472,17472,10,0
2024-01-10 15:30:00.001,17472,17472,17472,12,0
2024-01-10 15:30:00.001,17473,17473,17473,2,2
2024-01-10 15:30:02.001,17473,17473,17473,28,0
2024-01-10 15:30:03.001,17474,17474,17474,2,2
2024-01-10 15:30:03.001,17474,17474,17474,2,0
2024-01-10 15:30:03.001,17472,17472,17472,4,-4
2024-01-10 15:30:03.001,17474,17474,17474,2,2
2024-01-10 15:30:03.001,17474,17474,17474,2,0
2024-01-10 15:30:03.001,17474,17474,17474,2,0
2024-01-10 15:30:03.001,17474,17474,17474,2,0
2024-01-10 15:30:03.001,17474,17474,17474,2,0
2024-01-10 15:30:14.001,17473,17473,17473,6,-6
2024-01-10 15:30:14.001,17472,17472,17472,4,-4
2024-01-10 15:30:14.001,17472,17472,17472,2,0
2024-01-10 15:30:14.001,17472,17472,17472,4,0
2024-01-10 15:30:15.001,17473,17473,17473,2,2
2024-01-10 15:30:15.001,17473,17473,17473,2,0
2024-01-10 15:30:15.001,17473,17473,17473,2,0
2024-01-10 15:30:21.001,17472,17472,17472,2,-2
2024-01-10 15:30:21.001,17472,17472,17472,2,0
2024-01-10 15:30:21.001,17472,17472,17472,2,0
2024-01-10 15:30:21.001,17472,17472,17472,2,0
2024-01-10 15:30:21.001,17473,17473,17473,2,2
2024-01-10 15:30:21.001,17473,17473,17473,2,0
2024-01-10 15:30:22.001,17473,17473,17473,2,0
2024-01-10 15:30:25.001,17472,17472,17472,2,-2
2024-01-10 15:30:30.001,17473,17473,17473,2,2
2024-01-10 15:30:34.001,17473,17473,17473,2,0
2024-01-10 15:30:34.001,17474,17474,17474,2,2
2024-01-10 15:30:34.001,17474,17474,17474,2,0
2024-01-10 15:30:35.001,17473,17473,17473,2,-2
2024-01-10 15:30:39.001,17474,17474,17474,14,14
2024-01-10 15:30:39.001,17474,17474,17474,2,0
2024-01-10 15:30:39.001,17474,17474,17474,2,0
2024-01-10 15:30:42.001,17473,17473,17473,2,-2
2024-01-10 15:30:43.001,17473,17473,17473,8,0
2024-01-10 15:30:43.001,17473,17473,17473,2,0
2024-01-10 15:30:45.001,17473,17473,17473,2,0
2024-01-10 15:30:45.001,17473,17473,17473,4,0
2024-01-10 15:30:45.001,17473,17473,17473,4,0
2024-01-10 15:30:45.001,17473,17473,17473,2,0
2024-01-10 15:30:45.001,17473,17473,17473,2,0
2024-01-10 15:30:45.001,17473,17473,17473,2,0
2024-01-10 15:30:45.001,17473,17473,17473,2,0
2024-01-10 15:30:45.001,17473,17473,17473,2,0
2024-01-10 15:30:49.001,17473,17473,17473,4,0
2024-01-10 15:30:49.001,17473,17473,17473,4,0
2024-01-10 15:30:49.001,17473,17473,17473,2,0
2024-01-10 15:30:52.001,17473,17473,17473,4,0
2024-01-10 15:30:52.001,17473,17473,17473,2,0
2024-01-10 15:30:53.001,17473,17473,17473,2,0
2024-01-10 15:30:53.001,17473,17473,17473,4,0
2024-01-10 15:30:58.001,17474,17474,17474,2,2
2024-01-10 15:30:58.001,17473,17473,17473,2,-2
2024-01-10 15:31:00.001,17474,17474,17474,8,8
2024-01-10 15:31:00.001,17474,17474,17474,2,0
2024-01-10 15:31:01.001,17473,17473,17473,10,-10
2024-01-10 15:31:02.001,17474,17474,17474,30,30
2024-01-10 15:31:02.001,17474,17474,17474,10,0
2024-01-10 15:31:02.001,17473,17473,17473,2,-2
2024-01-10 15:31:09.001,17473,17473,17473,2,0
2024-01-10 15:31:12.001,17473,17473,17473,2,0
2024-01-10 15:31:13.001,17474,17474,17474,2,2
2024-01-10 15:31:16.001,17473,17473,17473,10,-10
2024-01-10 15:31:16.001,17473,17473,17473,2,0
2024-01-10 15:31:16.001,17472,17472,17472,2,-2
2024-01-10 15:31:16.001,17472,17472,17472,2,0
2024-01-10 15:31:24.001,17473,17473,17473,10,10
2024-01-10 15:31:27.001,17473,17473,17473,4,0
2024-01-10 15:31:30.001,17472,17472,17472,2,-2
2024-01-10 15:31:35.001,17473,17473,17473,2,2
2024-01-10 15:31:37.001,17472,17472,17472,8,-8
2024-01-10 15:31:37.001,17472,17472,17472,2,0
2024-01-10 15:31:37.001,17472,17472,17472,2,0
2024-01-10 15:31:37.001,17472,17472,17472,2,0
2024-01-10 15:31:37.001,17473,17473,17473,2,2
2024-01-10 15:31:37.001,17473,17473,17473,2,0
2024-01-10 15:31:37.001,17473,17473,17473,2,0
2024-01-10 15:31:39.001,17473,17473,17473,2,0
2024-01-10 15:31:52.001,17473,17473,17473,16,0
2024-01-10 15:31:59.001,17473,17473,17473,16,0
2024-01-10 15:32:06.001,17472,17472,17472,20,-20
2024-01-10 15:32:06.001,17472,17472,17472,2,0
2024-01-10 15:32:06.001,17472,17472,17472,2,0
2024-01-10 15:32:06.001,17472,17472,17472,4,0
2024-01-10 15:32:06.001,17472,17472,17472,2,0
2024-01-10 15:32:06.001,17472,17472,17472,2,0
2024-01-10 15:32:06.001,17472,17472,17472,2,0
2024-01-10 15:32:12.001,17471,17471,17471,6,-6
2024-01-10 15:32:12.001,17472,17472,17472,2,2
2024-01-10 15:32:15.001,17471,17471,17471,4,-4
2024-01-10 15:32:21.001,17471,17471,17471,6,0
2024-01-10 15:32:25.001,17471,17471,17471,2,0
2024-01-10 15:32:25.001,17472,17472,17472,2,2
2024-01-10 15:32:27.001,17471,17471,17471,2,-2
2024-01-10 15:32:27.001,17471,17471,17471,2,0
2024-01-10 15:32:37.001,17471,17471,17471,2,0
2024-01-10 15:32:37.001,17472,17472,17472,10,10
2024-01-10 15:32:41.001,17472,17472,17472,2,0
2024-01-10 15:32:43.001,17472,17472,17472,4,0
2024-01-10 15:32:43.001,17472,17472,17472,2,0
2024-01-10 15:32:43.001,17472,17472,17472,2,0
2024-01-10 15:32:43.001,17472,17472,17472,2,0
2024-01-10 15:32:43.001,17473,17473,17473,2,2
2024-01-10 15:32:58.001,17473,17473,17473,2,0
2024-01-10 15:33:12.001,17472,17472,17472,2,-2
2024-01-10 15:33:18.001,17472,17472,17472,2,0
2024-01-10 15:33:21.001,17472,17472,17472,2,0
2024-01-10 15:33:25.001,17473,17473,17473,6,6
2024-01-10 15:33:25.001,17473,17473,17473,2,0
2024-01-10 15:33:25.001,17473,17473,17473,2,0
2024-01-10 15:33:25.001,17473,17473,17473,6,0
2024-01-10 15:33:25.001,17473,17473,17473,2,0
2024-01-10 15:33:26.001,17473,17473,17473,2,0
2024-01-10 15:33:30.001,17474,17474,17474,2,2
2024-01-10 15:33:36.001,17473,17473,17473,2,-2
2024-01-10 15:33:38.001,17473,17473,17473,2,0
2024-01-10 15:33:39.001,17474,17474,17474,10,10
2024-01-10 15:33:39.001,17474,17474,17474,8,0
2024-01-10 15:33:43.001,17473,17473,17473,2,-2
2024-01-10 15:33:43.001,17474,17474,17474,10,10
2024-01-10 15:33:44.001,17474,17474,17474,2,0
2024-01-10 15:33:44.001,17474,17474,17474,2,0
2024-01-10 15:33:53.001,17474,17474,17474,2,0
2024-01-10 15:33:53.001,17474,17474,17474,2,0
2024-01-10 15:33:54.001,17475,17475,17475,2,2
2024-01-10 15:33:54.001,17475,17475,17475,2,0
2024-01-10 15:33:57.001,17474,17474,17474,2,-2
2024-01-10 15:33:57.001,17474,17474,17474,2,0
2024-01-10 15:34:00.001,17475,17475,17475,2,2
2024-01-10 15:34:00.001,17475,17475,17475,46,0
2024-01-10 15:34:03.001,17475,17475,17475,4,0
2024-01-10 15:34:04.001,17476,17476,17476,2,2
2024-01-10 15:34:06.001,17475,17475,17475,2,-2
2024-01-10 15:34:08.001,17475,17475,17475,4,0
2024-01-10 15:34:08.001,17475,17475,17475,4,0
2024-01-10 15:34:08.001,17475,17475,17475,4,0
2024-01-10 15:34:08.001,17475,17475,17475,4,0
2024-01-10 15:34:08.001,17475,17475,17475,2,0
2024-01-10 15:34:12.001,17475,17475,17475,10,0
2024-01-10 15:34:17.001,17475,17475,17475,2,0
2024-01-10 15:34:18.001,17475,17475,17475,2,0
2024-01-10 15:34:19.001,17474,17474,17474,2,-2
2024-01-10 15:34:23.001,17475,17475,17475,4,4
2024-01-10 15:34:40.001,17475,17475,17475,22,0
2024-01-10 15:34:40.001,17476,17476,17476,4,4
2024-01-10 15:34:41.001,17475,17475,17475,2,-2
2024-01-10 15:34:41.001,17474,17474,17474,2,-2
2024-01-10 15:34:41.001,17474,17474,17474,2,0
2024-01-10 15:34:42.001,17475,17475,17475,2,2
2024-01-10 15:34:45.001,17474,17474,17474,2,-2
2024-01-10 15:34:45.001,17474,17474,17474,2,0
2024-01-10 15:34:49.001,17475,17475,17475,2,2
2024-01-10 15:34:51.001,17475,17475,17475,2,0
2024-01-10 15:34:52.001,17475,17475,17475,2,0
2024-01-10 15:34:55.001,17476,17476,17476,2,2
2024-01-10 15:34:59.001,17475,17475,17475,2,-2
2024-01-10 15:35:04.001,17475,17475,17475,2,0
2024-01-10 15:35:05.001,17474,17474,17474,2,-2
2024-01-10 15:35:05.001,17475,17475,17475,2,2
2024-01-10 15:35:05.001,17475,17475,17475,2,0
2024-01-10 15:35:05.001,17474,17474,17474,4,-4
2024-01-10 15:35:05.001,17474,17474,17474,2,0
2024-01-10 15:35:05.001,17474,17474,17474,2,0
2024-01-10 15:35:11.001,17473,17473,17473,2,-2
2024-01-10 15:35:19.001,17475,17475,17475,2,2
2024-01-10 15:35:19.001,17475,17475,17475,2,0
2024-01-10 15:35:19.001,17476,17476,17476,2,2
2024-01-10 15:35:19.001,17476,17476,17476,2,0
2024-01-10 15:35:35.001,17476,17476,17476,2,0
2024-01-10 15:35:35.001,17476,17476,17476,2,0
2024-01-10 15:35:35.001,17476,17476,17476,2,0
2024-01-10 15:35:36.001,17476,17476,17476,2,0
2024-01-10 15:35:38.001,17476,17476,17476,2,0
2024-01-10 15:35:39.001,17476,17476,17476,2,0
2024-01-10 15:35:42.001,17476,17476,17476,2,0
2024-01-10 15:35:43.001,17476,17476,17476,4,0
2024-01-10 15:35:49.001,17476,17476,17476,2,0
2024-01-10 15:35:59.001,17476,17476,17476,2,0
2024-01-10 15:36:00.001,17476,17476,17476,6,0
2024-01-10 15:36:00.001,17476,17476,17476,2,0
2024-01-10 15:36:00.001,17476,17476,17476,2,0
2024-01-10 15:36:00.001,17476,17476,17476,4,0
2024-01-10 15:36:00.001,17476,17476,17476,2,0
2024-01-10 15:36:00.001,17476,17476,17476,6,0
2024-01-10 15:36:00.001,17476,17476,17476,2,0
2024-01-10 15:36:00.001,17476,17476,17476,2,0
2024-01-10 15:36:00.001,17476,17476,17476,2,0
2024-01-10 15:36:00.001,17476,17476,17476,2,0
2024-01-10 15:36:00.001,17476,17476,17476,4,0
2024-01-10 15:36:00.001,17476,17476,17476,6,0
2024-01-10 15:36:00.001,17476,17476,17476,2,0
2024-01-10 15:36:00.001,17476,17476,17476,2,0
2024-01-10 15:36:00.001,17476,17476,17476,2,0
2024-01-10 15:36:00.001,17476,17476,17476,2,0
2024-01-10 15:36:00.001,17476,17476,17476,2,0
2024-01-10 15:36:00.001,17476,17476,17476,2,0
2024-01-10 15:36:00.001,17476,17476,17476,2,0
2024-01-10 15:36:00.001,17475,17475,17475,2,-2
2024-01-10 15:36:00.001,17476,17476,17476,2,2
2024-01-10 15:36:03.001,17477,17477,17477,2,2
2024-01-10 15:36:03.001,17477,17477,17477,2,0
2024-01-10 15:36:03.001,17477,17477,17477,10,0
2024-01-10 15:36:03.001,17478,17478,17478,2,2
2024-01-10 15:36:04.001,17478,17478,17478,2,0
2024-01-10 15:36:04.001,17478,17478,17478,4,0
2024-01-10 15:36:04.001,17478,17478,17478,2,0
2024-01-10 15:36:04.001,17478,17478,17478,2,0
2024-01-10 15:36:04.001,17478,17478,17478,2,0
2024-01-10 15:36:04.001,17478,17478,17478,4,0
2024-01-10 15:36:04.001,17477,17477,17477,2,-2
2024-01-10 15:36:04.001,17478,17478,17478,2,2
2024-01-10 15:36:04.001,17478,17478,17478,2,0
2024-01-10 15:36:05.001,17477,17477,17477,2,-2
2024-01-10 15:36:08.001,17476,17476,17476,2,-2
2024-01-10 15:36:09.001,17477,17477,17477,4,4
2024-01-10 15:36:09.001,17477,17477,17477,2,0
2024-01-10 15:36:15.001,17477,17477,17477,2,0
2024-01-10 15:36:23.001,17477,17477,17477,2,0
2024-01-10 15:36:25.001,17477,17477,17477,4,0
2024-01-10 15:36:25.001,17477,17477,17477,2,0
2024-01-10 15:36:25.001,17477,17477,17477,2,0
2024-01-10 15:36:26.001,17477,17477,17477,2,0
2024-01-10 15:36:42.001,17477,17477,17477,2,0
2024-01-10 15:36:45.001,17478,17478,17478,4,4
2024-01-10 15:36:48.001,17478,17478,17478,8,0
2024-01-10 15:36:54.001,17478,17478,17478,2,0
2024-01-10 15:37:00.001,17477,17477,17477,2,-2
2024-01-10 15:37:00.001,17477,17477,17477,2,0
2024-01-10 15:37:01.001,17476,17476,17476,2,-2
2024-01-10 15:37:01.001,17476,17476,17476,2,0
2024-01-10 15:37:01.001,17476,17476,17476,2,0
2024-01-10 15:37:01.001,17476,17476,17476,2,0
2024-01-10 15:37:01.001,17476,17476,17476,4,0
2024-01-10 15:37:01.001,17476,17476,17476,2,0
2024-01-10 15:37:01.001,17476,17476,17476,2,0
2024-01-10 15:37:01.001,17476,17476,17476,2,0
2024-01-10 15:37:01.001,17476,17476,17476,4,0
2024-01-10 15:37:01.001,17476,17476,17476,4,0
2024-01-10 15:37:01.001,17476,17476,17476,2,0
2024-01-10 15:37:07.001,17476,17476,17476,2,0
2024-01-10 15:37:11.001,17476,17476,17476,2,0
2024-01-10 15:37:18.001,17476,17476,17476,2,0
2024-01-10 15:37:20.001,17476,17476,17476,4,0
2024-01-10 15:37:21.001,17476,17476,17476,2,0
2024-01-10 15:37:22.001,17476,17476,17476,2,0
2024-01-10 15:37:22.001,17477,17477,17477,4,4
2024-01-10 15:37:25.001,17476,17476,17476,2,-2
2024-01-10 15:37:28.001,17477,17477,17477,2,2
2024-01-10 15:37:28.001,17477,17477,17477,2,0
2024-01-10 15:37:28.001,17477,17477,17477,2,0
2024-01-10 15:37:34.001,17478,17478,17478,2,2
2024-01-10 15:37:37.001,17477,17477,17477,2,-2
2024-01-10 15:37:40.001,17478,17478,17478,10,10
2024-01-10 15:37:43.001,17478,17478,17478,2,0
2024-01-10 15:37:43.001,17478,17478,17478,2,0
2024-01-10 15:37:43.001,17478,17478,17478,6,0
2024-01-10 15:37:43.001,17478,17478,17478,2,0
2024-01-10 15:37:43.001,17478,17478,17478,2,0
2024-01-10 15:37:43.001,17478,17478,17478,2,0
2024-01-10 15:37:43.001,17478,17478,17478,8,0
2024-01-10 15:37:43.001,17478,17478,17478,2,0
2024-01-10 15:37:43.001,17478,17478,17478,4,0
2024-01-10 15:37:43.001,17478,17478,17478,2,0
2024-01-10 15:37:44.001,17478,17478,17478,2,0
2024-01-10 15:37:56.001,17479,17479,17479,4,4
2024-01-10 15:37:56.001,17478,17478,17478,2,-2
2024-01-10 15:37:56.001,17479,17479,17479,2,2
2024-01-10 15:37:57.001,17479,17479,17479,4,0
2024-01-10 15:37:57.001,17478,17478,17478,2,-2
2024-01-10 15:37:57.001,17479,17479,17479,4,4
2024-01-10 15:38:01.001,17479,17479,17479,6,0
2024-01-10 15:38:03.001,17479,17479,17479,2,0
2024-01-10 15:38:03.001,17479,17479,17479,8,0
2024-01-10 15:38:03.001,17479,17479,17479,18,0
2024-01-10 15:38:06.001,17479,17479,17479,2,0
2024-01-10 15:38:10.001,17480,17480,17480,20,20
2024-01-10 15:38:10.001,17480,17480,17480,2,0
2024-01-10 15:38:10.001,17480,17480,17480,2,0
2024-01-10 15:38:10.001,17480,17480,17480,14,0
2024-01-10 15:38:10.001,17480,17480,17480,4,0
2024-01-10 15:38:10.001,17481,17481,17481,2,2
2024-01-10 15:38:10.001,17481,17481,17481,4,0
2024-01-10 15:38:10.001,17482,17482,17482,4,4
2024-01-10 15:38:10.001,17482,17482,17482,4,0
2024-01-10 15:38:10.001,17482,17482,17482,10,0
2024-01-10 15:38:10.001,17482,17482,17482,2,0
2024-01-10 15:38:10.001,17481,17481,17481,2,-2
2024-01-10 15:38:11.001,17481,17481,17481,2,0
2024-01-10 15:38:11.001,17481,17481,17481,2,0
2024-01-10 15:38:11.001,17481,17481,17481,4,0
2024-01-10 15:38:14.001,17480,17480,17480,2,-2
2024-01-10 15:38:15.001,17480,17480,17480,2,0
2024-01-10 15:38:15.001,17480,17480,17480,2,0
2024-01-10 15:38:15.001,17481,17481,17481,4,4
2024-01-10 15:38:17.001,17481,17481,17481,4,0
2024-01-10 15:38:17.001,17480,17480,17480,2,-2
2024-01-10 15:38:20.001,17482,17482,17482,4,4
2024-01-10 15:38:21.001,17482,17482,17482,2,0
2024-01-10 15:38:22.001,17481,17481,17481,2,-2
2024-01-10 15:38:24.001,17482,17482,17482,4,4
2024-01-10 15:38:25.001,17481,17481,17481,2,-2
2024-01-10 15:38:26.001,17481,17481,17481,2,0
2024-01-10 15:38:26.001,17481,17481,17481,4,0
2024-01-10 15:38:30.001,17481,17481,17481,2,0
2024-01-10 15:38:31.001,17480,17480,17480,2,-2
2024-01-10 15:38:31.001,17480,17480,17480,2,0
2024-01-10 15:38:31.001,17480,17480,17480,2,0
2024-01-10 15:38:31.001,17481,17481,17481,2,2
2024-01-10 15:38:31.001,17481,17481,17481,2,0
2024-01-10 15:38:33.001,17479,17479,17479,6,-6
2024-01-10 15:38:35.001,17480,17480,17480,2,2
2024-01-10 15:38:42.001,17480,17480,17480,2,0
2024-01-10 15:38:44.001,17479,17479,17479,2,-2
2024-01-10 15:38:44.001,17479,17479,17479,2,0
2024-01-10 15:38:44.001,17479,17479,17479,2,0
2024-01-10 15:38:44.001,17479,17479,17479,2,0
2024-01-10 15:38:44.001,17479,17479,17479,2,0
2024-01-10 15:38:46.001,17479,17479,17479,6,0
2024-01-10 15:38:49.001,17478,17478,17478,2,-2
2024-01-10 15:38:49.001,17478,17478,17478,2,0
2024-01-10 15:38:49.001,17478,17478,17478,2,0
2024-01-10 15:38:49.001,17478,17478,17478,2,0
2024-01-10 15:38:49.001,17478,17478,17478,2,0
2024-01-10 15:38:54.001,17477,17477,17477,2,-2
2024-01-10 15:38:54.001,17477,17477,17477,2,0
2024-01-10 15:38:54.001,17476,17476,17476,2,-2
2024-01-10 15:38:55.001,17478,17478,17478,2,2
2024-01-10 15:39:03.001,17477,17477,17477,2,-2
2024-01-10 15:39:09.001,17477,17477,17477,2,0
2024-01-10 15:39:10.001,17477,17477,17477,2,0
2024-01-10 15:39:11.001,17476,17476,17476,2,-2
2024-01-10 15:39:11.001,17476,17476,17476,4,0
2024-01-10 15:39:11.001,17476,17476,17476,2,0
2024-01-10 15:39:13.001,17476,17476,17476,2,0
2024-01-10 15:39:14.001,17477,17477,17477,2,2
2024-01-10 15:39:20.001,17477,17477,17477,4,0
2024-01-10 15:39:26.001,17477,17477,17477,2,0
2024-01-10 15:39:55.001,17477,17477,17477,2,0
2024-01-10 15:39:58.001,17478,17478,17478,2,2
2024-01-10 15:40:00.001,17478,17478,17478,8,0
2024-01-10 15:40:04.001,17478,17478,17478,2,0
2024-01-10 15:40:04.001,17478,17478,17478,2,0
2024-01-10 15:40:04.001,17478,17478,17478,2,0
2024-01-10 15:40:07.001,17478,17478,17478,2,0
2024-01-10 15:40:14.001,17478,17478,17478,26,0
2024-01-10 15:40:14.001,17479,17479,17479,2,2
2024-01-10 15:40:22.001,17479,17479,17479,2,0
2024-01-10 15:40:23.001,17479,17479,17479,4,0
2024-01-10 15:40:23.001,17479,17479,17479,2,0
2024-01-10 15:40:23.001,17479,17479,17479,2,0
2024-01-10 15:40:23.001,17479,17479,17479,2,0
2024-01-10 15:40:36.001,17479,17479,17479,2,0
2024-01-10 15:40:36.001,17479,17479,17479,2,0
2024-01-10 15:40:36.001,17479,17479,17479,2,0
2024-01-10 15:40:36.001,17479,17479,17479,2,0
2024-01-10 15:40:36.001,17478,17478,17478,2,-2
2024-01-10 15:40:45.001,17477,17477,17477,2,-2
2024-01-10 15:40:45.001,17477,17477,17477,2,0
2024-01-10 15:40:45.001,17477,17477,17477,2,0
2024-01-10 15:40:45.001,17477,17477,17477,4,0
2024-01-10 15:40:48.001,17477,17477,17477,2,0
2024-01-10 15:41:01.001,17477,17477,17477,2,0
2024-01-10 15:41:20.001,17478,17478,17478,4,4
2024-01-10 15:41:20.001,17478,17478,17478,2,0
2024-01-10 15:41:20.001,17478,17478,17478,2,0
2024-01-10 15:41:25.001,17478,17478,17478,2,0
2024-01-10 15:41:25.001,17478,17478,17478,2,0
2024-01-10 15:41:34.001,17477,17477,17477,2,-2
2024-01-10 15:41:50.001,17477,17477,17477,10,0
2024-01-10 15:41:53.001,17477,17477,17477,2,0
2024-01-10 15:41:57.001,17477,17477,17477,2,0
2024-01-10 15:42:07.001,17477,17477,17477,2,0
2024-01-10 15:42:07.001,17477,17477,17477,2,0
2024-01-10 15:42:16.001,17477,17477,17477,2,0
2024-01-10 15:42:16.001,17478,17478,17478,2,2
2024-01-10 15:42:16.001,17478,17478,17478,8,0
2024-01-10 15:42:24.001,17478,17478,17478,2,0
2024-01-10 15:42:28.001,17478,17478,17478,2,0
2024-01-10 15:42:44.001,17477,17477,17477,2,-2
2024-01-10 15:42:54.001,17477,17477,17477,2,0
2024-01-10 15:42:57.001,17478,17478,17478,2,2
2024-01-10 15:42:57.001,17478,17478,17478,4,0
2024-01-10 15:42:57.001,17479,17479,17479,2,2
2024-01-10 15:42:58.001,17478,17478,17478,2,-2
2024-01-10 15:43:00.001,17479,17479,17479,2,2
2024-01-10 15:43:00.001,17479,17479,17479,2,0
2024-01-10 15:43:01.001,17479,17479,17479,2,0
2024-01-10 15:43:02.001,17480,17480,17480,2,2
2024-01-10 15:43:02.001,17480,17480,17480,2,0
2024-01-10 15:43:02.001,17480,17480,17480,2,0
2024-01-10 15:43:03.001,17480,17480,17480,2,0
2024-01-10 15:43:05.001,17480,17480,17480,2,0
2024-01-10 15:43:10.001,17479,17479,17479,2,-2
2024-01-10 15:43:15.001,17480,17480,17480,4,4
2024-01-10 15:43:16.001,17481,17481,17481,2,2
2024-01-10 15:43:16.001,17481,17481,17481,2,0
2024-01-10 15:43:23.001,17481,17481,17481,2,0
2024-01-10 15:43:25.001,17480,17480,17480,2,-2
2024-01-10 15:43:29.001,17481,17481,17481,4,4
2024-01-10 15:43:32.001,17480,17480,17480,2,-2
2024-01-10 15:43:32.001,17480,17480,17480,2,0
2024-01-10 15:43:32.001,17480,17480,17480,2,0
2024-01-10 15:43:32.001,17480,17480,17480,2,0
2024-01-10 15:43:44.001,17480,17480,17480,2,0
2024-01-10 15:43:52.001,17480,17480,17480,2,0
2024-01-10 15:43:52.001,17480,17480,17480,2,0
2024-01-10 15:43:53.001,17480,17480,17480,2,0
2024-01-10 15:44:12.001,17480,17480,17480,2,0
2024-01-10 15:44:20.001,17481,17481,17481,12,12
2024-01-10 15:44:24.001,17481,17481,17481,2,0
2024-01-10 15:44:27.001,17481,17481,17481,2,0
2024-01-10 15:44:27.001,17481,17481,17481,2,0
2024-01-10 15:44:27.001,17482,17482,17482,2,2
2024-01-10 15:44:28.001,17481,17481,17481,2,-2
2024-01-10 15:44:30.001,17481,17481,17481,2,0
2024-01-10 15:44:46.001,17481,17481,17481,2,0
2024-01-10 15:44:47.001,17482,17482,17482,2,2
2024-01-10 15:44:48.001,17482,17482,17482,2,0
2024-01-10 15:44:50.001,17481,17481,17481,2,-2
2024-01-10 15:44:52.001,17481,17481,17481,2,0
2024-01-10 15:44:52.001,17481,17481,17481,2,0
2024-01-10 15:44:52.001,17481,17481,17481,2,0
2024-01-10 15:44:56.001,17480,17480,17480,2,-2
2024-01-10 15:44:57.001,17481,17481,17481,2,2
2024-01-10 15:45:03.001,17481,17481,17481,6,0
2024-01-10 15:45:03.001,17481,17481,17481,2,0
2024-01-10 15:45:03.001,17482,17482,17482,2,2
2024-01-10 15:45:03.001,17482,17482,17482,4,0
2024-01-10 15:45:03.001,17482,17482,17482,2,0
2024-01-10 15:45:03.001,17482,17482,17482,2,0
2024-01-10 15:45:05.001,17482,17482,17482,2,0
2024-01-10 15:45:10.001,17482,17482,17482,2,0
2024-01-10 15:45:18.001,17481,17481,17481,2,-2
2024-01-10 15:45:18.001,17482,17482,17482,2,2
2024-01-10 15:45:18.001,17482,17482,17482,2,0
2024-01-10 15:45:20.001,17482,17482,17482,10,0
2024-01-10 15:45:20.001,17482,17482,17482,2,0
2024-01-10 15:45:20.001,17482,17482,17482,24,0
2024-01-10 15:45:21.001,17482,17482,17482,2,0
2024-01-10 15:45:23.001,17482,17482,17482,2,0
2024-01-10 15:45:25.001,17482,17482,17482,10,0
2024-01-10 15:45:25.001,17482,17482,17482,4,0
2024-01-10 15:45:29.001,17482,17482,17482,2,0
2024-01-10 15:45:47.001,17482,17482,17482,2,0
2024-01-10 15:45:55.001,17481,17481,17481,2,-2
2024-01-10 15:45:55.001,17481,17481,17481,4,0
2024-01-10 15:45:55.001,17481,17481,17481,2,0
2024-01-10 15:45:55.001,17481,17481,17481,8,0
2024-01-10 15:46:00.001,17482,17482,17482,4,4
2024-01-10 15:46:03.001,17481,17481,17481,6,-6
2024-01-10 15:46:03.001,17481,17481,17481,4,0
2024-01-10 15:46:03.001,17481,17481,17481,2,0
2024-01-10 15:46:05.001,17481,17481,17481,2,0
2024-01-10 15:46:05.001,17481,17481,17481,2,0
2024-01-10 15:46:17.001,17480,17480,17480,2,-2
2024-01-10 15:46:17.001,17481,17481,17481,6,6
2024-01-10 15:46:31.001,17480,17480,17480,2,-2
2024-01-10 15:46:31.001,17480,17480,17480,4,0
2024-01-10 15:46:31.001,17480,17480,17480,2,0
2024-01-10 15:46:31.001,17480,17480,17480,2,0
2024-01-10 15:46:31.001,17481,17481,17481,2,2
2024-01-10 15:46:31.001,17481,17481,17481,2,0
2024-01-10 15:46:31.001,17481,17481,17481,2,0
2024-01-10 15:46:35.001,17480,17480,17480,2,-2
2024-01-10 15:46:35.001,17481,17481,17481,2,2
2024-01-10 15:46:35.001,17481,17481,17481,2,0
2024-01-10 15:46:35.001,17481,17481,17481,2,0
2024-01-10 15:46:35.001,17481,17481,17481,2,0
2024-01-10 15:46:45.001,17480,17480,17480,2,-2
2024-01-10 15:46:47.001,17480,17480,17480,4,0
2024-01-10 15:46:47.001,17481,17481,17481,2,2
2024-01-10 15:46:48.001,17480,17480,17480,2,-2
2024-01-10 15:46:51.001,17480,17480,17480,4,0
2024-01-10 15:46:51.001,17479,17479,17479,2,-2
2024-01-10 15:46:52.001,17480,17480,17480,2,2
2024-01-10 15:46:52.001,17480,17480,17480,2,0
2024-01-10 15:46:54.001,17480,17480,17480,2,0
2024-01-10 15:46:58.001,17480,17480,17480,2,0
2024-01-10 15:47:01.001,17480,17480,17480,2,0
2024-01-10 15:47:01.001,17481,17481,17481,4,4
2024-01-10 15:47:03.001,17480,17480,17480,2,-2
2024-01-10 15:47:08.001,17480,17480,17480,2,0
2024-01-10 15:47:08.001,17480,17480,17480,2,0
2024-01-10 15:47:11.001,17481,17481,17481,2,2
2024-01-10 15:47:23.001,17480,17480,17480,2,-2
2024-01-10 15:47:37.001,17480,17480,17480,2,0
2024-01-10 15:47:37.001,17480,17480,17480,2,0
2024-01-10 15:47:37.001,17480,17480,17480,4,0
2024-01-10 15:47:38.001,17480,17480,17480,2,0
2024-01-10 15:47:41.001,17480,17480,17480,2,0
2024-01-10 15:47:47.001,17480,17480,17480,2,0
2024-01-10 15:47:47.001,17480,17480,17480,4,0
2024-01-10 15:47:47.001,17480,17480,17480,4,0
2024-01-10 15:47:57.001,17481,17481,17481,22,22
2024-01-10 15:47:57.001,17481,17481,17481,2,0
2024-01-10 15:47:58.001,17481,17481,17481,2,0
2024-01-10 15:48:02.001,17481,17481,17481,2,0
2024-01-10 15:48:22.001,17481,17481,17481,2,0
2024-01-10 15:48:22.001,17482,17482,17482,4,4
2024-01-10 15:48:28.001,17482,17482,17482,2,0
2024-01-10 15:48:28.001,17482,17482,17482,2,0
2024-01-10 15:48:33.001,17482,17482,17482,2,0
2024-01-10 15:48:39.001,17481,17481,17481,2,-2
2024-01-10 15:48:40.001,17482,17482,17482,4,4
2024-01-10 15:48:42.001,17482,17482,17482,2,0
2024-01-10 15:48:45.001,17482,17482,17482,2,0
2024-01-10 15:48:56.001,17482,17482,17482,4,0
2024-01-10 15:49:16.001,17482,17482,17482,10,0
2024-01-10 15:49:16.001,17482,17482,17482,18,0
2024-01-10 15:49:16.001,17483,17483,17483,2,2
2024-01-10 15:49:16.001,17483,17483,17483,10,0
2024-01-10 15:49:16.001,17483,17483,17483,12,0
2024-01-10 15:49:16.001,17483,17483,17483,2,0
2024-01-10 15:49:16.001,17484,17484,17484,2,2
2024-01-10 15:49:16.001,17484,17484,17484,4,0
2024-01-10 15:49:27.001,17484,17484,17484,2,0
2024-01-10 15:49:29.001,17484,17484,17484,2,0
2024-01-10 15:49:30.001,17484,17484,17484,2,0
2024-01-10 15:49:31.001,17484,17484,17484,2,0
2024-01-10 15:49:31.001,17484,17484,17484,12,0
2024-01-10 15:49:31.001,17484,17484,17484,6,0
2024-01-10 15:49:31.001,17484,17484,17484,2,0
2024-01-10 15:49:31.001,17484,17484,17484,4,0
2024-01-10 15:49:31.001,17484,17484,17484,6,0
2024-01-10 15:49:33.001,17484,17484,17484,2,0
2024-01-10 15:49:40.001,17485,17485,17485,4,4
2024-01-10 15:49:40.001,17485,17485,17485,6,0
2024-01-10 15:49:40.001,17485,17485,17485,2,0
2024-01-10 15:49:40.001,17485,17485,17485,6,0
2024-01-10 15:49:40.001,17485,17485,17485,2,0
2024-01-10 15:49:40.001,17485,17485,17485,8,0
2024-01-10 15:49:40.001,17485,17485,17485,2,0
2024-01-10 15:49:40.001,17485,17485,17485,2,0
2024-01-10 15:49:40.001,17485,17485,17485,2,0
2024-01-10 15:49:40.001,17485,17485,17485,2,0
2024-01-10 15:49:41.001,17485,17485,17485,2,0
2024-01-10 15:49:41.001,17485,17485,17485,2,0
2024-01-10 15:49:41.001,17486,17486,17486,2,2
2024-01-10 15:49:43.001,17486,17486,17486,32,0
2024-01-10 15:49:43.001,17486,17486,17486,2,0
2024-01-10 15:49:43.001,17486,17486,17486,2,0
2024-01-10 15:49:43.001,17486,17486,17486,2,0
2024-01-10 15:49:43.001,17486,17486,17486,6,0
2024-01-10 15:49:43.001,17486,17486,17486,4,0
2024-01-10 15:49:43.001,17486,17486,17486,2,0
2024-01-10 15:49:43.001,17486,17486,17486,8,0
2024-01-10 15:49:58.001,17486,17486,17486,2,0
2024-01-10 15:50:00.001,17487,17487,17487,2,2
2024-01-10 15:50:00.001,17486,17486,17486,2,-2
2024-01-10 15:50:00.001,17487,17487,17487,2,2
2024-01-10 15:50:00.001,17487,17487,17487,2,0
2024-01-10 15:50:00.001,17487,17487,17487,2,0
2024-01-10 15:50:00.001,17487,17487,17487,2,0
2024-01-10 15:50:00.001,17487,17487,17487,2,0
2024-01-10 15:50:00.001,17486,17486,17486,2,-2
2024-01-10 15:50:00.001,17487,17487,17487,2,2
2024-01-10 15:50:00.001,17486,17486,17486,4,-4
2024-01-10 15:50:00.001,17486,17486,17486,2,0
2024-01-10 15:50:00.001,17486,17486,17486,2,0
2024-01-10 15:50:00.001,17486,17486,17486,2,0
2024-01-10 15:50:00.001,17487,17487,17487,4,4
2024-01-10 15:50:00.001,17487,17487,17487,24,0
2024-01-10 15:50:01.001,17487,17487,17487,2,0
2024-01-10 15:50:01.001,17488,17488,17488,4,4
2024-01-10 15:50:01.001,17488,17488,17488,2,0
2024-01-10 15:50:01.001,17488,17488,17488,2,0
2024-01-10 15:50:01.001,17488,17488,17488,6,0
2024-01-10 15:50:01.001,17488,17488,17488,8,0
2024-01-10 15:50:01.001,17488,17488,17488,2,0
2024-01-10 15:50:01.001,17487,17487,17487,2,-2
2024-01-10 15:50:01.001,17488,17488,17488,2,2
2024-01-10 15:50:01.001,17488,17488,17488,2,0
2024-01-10 15:50:01.001,17488,17488,17488,2,0
2024-01-10 15:50:01.001,17488,17488,17488,4,0
2024-01-10 15:50:01.001,17488,17488,17488,2,0
2024-01-10 15:50:01.001,17488,17488,17488,2,0
2024-01-10 15:50:01.001,17488,17488,17488,12,0
2024-01-10 15:50:01.001,17488,17488,17488,2,0
2024-01-10 15:50:01.001,17488,17488,17488,6,0
2024-01-10 15:50:01.001,17488,17488,17488,6,0
2024-01-10 15:50:01.001,17488,17488,17488,4,0
2024-01-10 15:50:01.001,17488,17488,17488,2,0
2024-01-10 15:50:01.001,17488,17488,17488,8,0
2024-01-10 15:50:01.001,17488,17488,17488,4,0
2024-01-10 15:50:01.001,17489,17489,17489,2,2
2024-01-10 15:50:01.001,17489,17489,17489,4,0
2024-01-10 15:50:01.001,17489,17489,17489,6,0
2024-01-10 15:50:01.001,17489,17489,17489,2,0
2024-01-10 15:50:01.001,17489,17489,17489,2,0
2024-01-10 15:50:01.001,17489,17489,17489,2,0
2024-01-10 15:50:01.001,17489,17489,17489,2,0
2024-01-10 15:50:01.001,17489,17489,17489,4,0
2024-01-10 15:50:01.001,17489,17489,17489,2,0
2024-01-10 15:50:02.001,17488,17488,17488,2,-2
2024-01-10 15:50:03.001,17489,17489,17489,2,2
2024-01-10 15:50:05.001,17489,17489,17489,2,0
2024-01-10 15:50:06.001,17488,17488,17488,2,-2
2024-01-10 15:50:06.001,17488,17488,17488,2,0
2024-01-10 15:50:07.001,17488,17488,17488,2,0
2024-01-10 15:50:07.001,17488,17488,17488,2,0
2024-01-10 15:50:07.001,17487,17487,17487,2,-2
2024-01-10 15:50:07.001,17487,17487,17487,4,0
2024-01-10 15:50:07.001,17487,17487,17487,2,0
2024-01-10 15:50:07.001,17487,17487,17487,4,0
2024-01-10 15:50:07.001,17487,17487,17487,2,0
2024-01-10 15:50:07.001,17488,17488,17488,2,2
2024-01-10 15:50:07.001,17488,17488,17488,2,0
2024-01-10 15:50:12.001,17487,17487,17487,2,-2
2024-01-10 15:50:14.001,17487,17487,17487,2,0
2024-01-10 15:50:14.001,17487,17487,17487,6,0
2024-01-10 15:50:14.001,17487,17487,17487,2,0
2024-01-10 15:50:16.001,17486,17486,17486,2,-2
2024-01-10 15:50:17.001,17486,17486,17486,2,0
2024-01-10 15:50:18.001,17487,17487,17487,4,4
2024-01-10 15:50:18.001,17488,17488,17488,2,2
2024-01-10 15:50:19.001,17486,17486,17486,2,-2
2024-01-10 15:50:20.001,17487,17487,17487,4,4
2024-01-10 15:50:20.001,17487,17487,17487,2,0
2024-01-10 15:50:21.001,17487,17487,17487,2,0
2024-01-10 15:50:22.001,17487,17487,17487,2,0
2024-01-10 15:50:22.001,17486,17486,17486,2,-2
2024-01-10 15:50:22.001,17486,17486,17486,2,0
2024-01-10 15:50:24.001,17486,17486,17486,2,0
2024-01-10 15:50:24.001,17486,17486,17486,4,0
2024-01-10 15:50:24.001,17486,17486,17486,2,0
2024-01-10 15:50:24.001,17487,17487,17487,2,2
2024-01-10 15:50:27.001,17486,17486,17486,2,-2
2024-01-10 15:50:36.001,17486,17486,17486,2,0
2024-01-10 15:50:36.001,17487,17487,17487,2,2
2024-01-10 15:50:38.001,17487,17487,17487,2,0
2024-01-10 15:50:38.001,17487,17487,17487,2,0
2024-01-10 15:50:40.001,17487,17487,17487,6,0
2024-01-10 15:50:40.001,17487,17487,17487,2,0
2024-01-10 15:50:40.001,17487,17487,17487,2,0
2024-01-10 15:50:43.001,17487,17487,17487,4,0
2024-01-10 15:50:44.001,17487,17487,17487,6,0
2024-01-10 15:50:44.001,17486,17486,17486,2,-2
2024-01-10 15:50:47.001,17487,17487,17487,2,2
2024-01-10 15:50:51.001,17487,17487,17487,24,0
2024-01-10 15:50:58.001,17487,17487,17487,2,0
2024-01-10 15:51:03.001,17487,17487,17487,2,0
2024-01-10 15:51:06.001,17488,17488,17488,4,4
2024-01-10 15:51:07.001,17488,17488,17488,2,0
2024-01-10 15:51:07.001,17487,17487,17487,2,-2
2024-01-10 15:51:08.001,17487,17487,17487,2,0
2024-01-10 15:51:08.001,17487,17487,17487,2,0
2024-01-10 15:51:08.001,17487,17487,17487,2,0
2024-01-10 15:51:09.001,17487,17487,17487,20,0
2024-01-10 15:51:13.001,17487,17487,17487,2,0
2024-01-10 15:51:13.001,17487,17487,17487,2,0
2024-01-10 15:51:15.001,17488,17488,17488,20,20
2024-01-10 15:51:16.001,17487,17487,17487,4,-4
2024-01-10 15:51:21.001,17487,17487,17487,2,0
2024-01-10 15:51:22.001,17488,17488,17488,38,38
2024-01-10 15:51:22.001,17488,17488,17488,2,0
2024-01-10 15:51:22.001,17488,17488,17488,2,0
2024-01-10 15:51:22.001,17488,17488,17488,2,0
2024-01-10 15:51:22.001,17488,17488,17488,2,0
2024-01-10 15:51:22.001,17488,17488,17488,2,0
2024-01-10 15:51:23.001,17488,17488,17488,2,0
2024-01-10 15:51:24.001,17488,17488,17488,2,0
2024-01-10 15:51:24.001,17488,17488,17488,2,0
2024-01-10 15:51:25.001,17488,17488,17488,2,0
2024-01-10 15:51:25.001,17489,17489,17489,10,10
2024-01-10 15:51:25.001,17489,17489,17489,20,0
2024-01-10 15:51:29.001,17489,17489,17489,10,0
2024-01-10 15:51:34.001,17489,17489,17489,2,0
2024-01-10 15:51:35.001,17489,17489,17489,2,0
2024-01-10 15:51:48.001,17488,17488,17488,2,-2
2024-01-10 15:51:48.001,17489,17489,17489,4,4
2024-01-10 15:51:49.001,17489,17489,17489,4,0
2024-01-10 15:51:51.001,17489,17489,17489,4,0
2024-01-10 15:51:52.001,17489,17489,17489,6,0
2024-01-10 15:51:52.001,17490,17490,17490,4,4
2024-01-10 15:51:53.001,17489,17489,17489,4,-4
2024-01-10 15:51:53.001,17490,17490,17490,6,6
2024-01-10 15:51:54.001,17489,17489,17489,2,-2
2024-01-10 15:51:54.001,17490,17490,17490,10,10
2024-01-10 15:51:57.001,17490,17490,17490,6,0
2024-01-10 15:51:58.001,17490,17490,17490,10,0
2024-01-10 15:51:58.001,17490,17490,17490,8,0
2024-01-10 15:51:59.001,17490,17490,17490,32,0
2024-01-10 15:51:59.001,17490,17490,17490,2,0
2024-01-10 15:51:59.001,17490,17490,17490,2,0
2024-01-10 15:51:59.001,17490,17490,17490,2,0
2024-01-10 15:52:00.001,17491,17491,17491,4,4
2024-01-10 15:52:00.001,17490,17490,17490,2,-2
2024-01-10 15:52:01.001,17490,17490,17490,2,0
2024-01-10 15:52:02.001,17491,17491,17491,2,2
2024-01-10 15:52:03.001,17491,17491,17491,4,0
2024-01-10 15:52:03.001,17491,17491,17491,2,0
2024-01-10 15:52:03.001,17491,17491,17491,2,0
2024-01-10 15:52:03.001,17491,17491,17491,2,0
2024-01-10 15:52:04.001,17491,17491,17491,2,0
2024-01-10 15:52:05.001,17491,17491,17491,2,0
2024-01-10 15:52:06.001,17490,17490,17490,2,-2
2024-01-10 15:52:06.001,17491,17491,17491,2,2
2024-01-10 15:52:07.001,17491,17491,17491,2,0
2024-01-10 15:52:07.001,17492,17492,17492,4,4
2024-01-10 15:52:07.001,17492,17492,17492,2,0
2024-01-10 15:52:07.001,17492,17492,17492,6,0
2024-01-10 15:52:10.001,17492,17492,17492,2,0
2024-01-10 15:52:11.001,17492,17492,17492,2,0
2024-01-10 15:52:12.001,17492,17492,17492,2,0
2024-01-10 15:52:12.001,17492,17492,17492,2,0
2024-01-10 15:52:12.001,17492,17492,17492,2,0
2024-01-10 15:52:12.001,17492,17492,17492,2,0
2024-01-10 15:52:12.001,17492,17492,17492,2,0
2024-01-10 15:52:13.001,17492,17492,17492,2,0
2024-01-10 15:52:13.001,17491,17491,17491,2,-2
2024-01-10 15:52:13.001,17491,17491,17491,4,0
2024-01-10 15:52:15.001,17491,17491,17491,14,0
2024-01-10 15:52:17.001,17490,17490,17490,2,-2
2024-01-10 15:52:17.001,17491,17491,17491,2,2
2024-01-10 15:52:17.001,17491,17491,17491,2,0
2024-01-10 15:52:17.001,17491,17491,17491,2,0
2024-01-10 15:52:17.001,17491,17491,17491,2,0
2024-01-10 15:52:17.001,17491,17491,17491,2,0
2024-01-10 15:52:20.001,17490,17490,17490,4,-4
2024-01-10 15:52:20.001,17490,17490,17490,2,0
2024-01-10 15:52:21.001,17489,17489,17489,2,-2
2024-01-10 15:52:21.001,17489,17489,17489,2,0
2024-01-10 15:52:21.001,17489,17489,17489,2,0
2024-01-10 15:52:21.001,17489,17489,17489,2,0
2024-01-10 15:52:21.001,17490,17490,17490,4,4
2024-01-10 15:52:22.001,17489,17489,17489,2,-2
2024-01-10 15:52:27.001,17489,17489,17489,2,0
2024-01-10 15:52:28.001,17489,17489,17489,2,0
2024-01-10 15:52:28.001,17490,17490,17490,2,2
2024-01-10 15:52:28.001,17490,17490,17490,2,0
2024-01-10 15:52:28.001,17490,17490,17490,2,0
2024-01-10 15:52:28.001,17491,17491,17491,2,2
2024-01-10 15:52:30.001,17490,17490,17490,10,-10
2024-01-10 15:52:38.001,17490,17490,17490,2,0
2024-01-10 15:52:40.001,17490,17490,17490,2,0
2024-01-10 15:52:50.001,17490,17490,17490,4,0
2024-01-10 15:52:50.001,17489,17489,17489,2,-2
2024-01-10 15:52:50.001,17489,17489,17489,2,0
2024-01-10 15:52:50.001,17489,17489,17489,2,0
2024-01-10 15:52:50.001,17489,17489,17489,2,0
2024-01-10 15:52:59.001,17489,17489,17489,2,0
2024-01-10 15:53:01.001,17490,17490,17490,2,2
2024-01-10 15:53:02.001,17489,17489,17489,2,-2
2024-01-10 15:53:03.001,17489,17489,17489,2,0
2024-01-10 15:53:10.001,17489,17489,17489,4,0
2024-01-10 15:53:13.001,17489,17489,17489,2,0
2024-01-10 15:53:14.001,17488,17488,17488,2,-2
2024-01-10 15:53:14.001,17488,17488,17488,2,0
2024-01-10 15:53:18.001,17488,17488,17488,2,0
2024-01-10 15:53:19.001,17488,17488,17488,2,0
2024-01-10 15:53:19.001,17488,17488,17488,2,0
2024-01-10 15:53:19.001,17488,17488,17488,2,0
2024-01-10 15:53:20.001,17489,17489,17489,2,2
2024-01-10 15:53:22.001,17488,17488,17488,2,-2
2024-01-10 15:53:28.001,17488,17488,17488,2,0
2024-01-10 15:53:31.001,17488,17488,17488,2,0
2024-01-10 15:53:42.001,17487,17487,17487,2,-2
2024-01-10 15:54:09.001,17486,17486,17486,2,-2
2024-01-10 15:54:09.001,17487,17487,17487,4,4
2024-01-10 15:54:12.001,17486,17486,17486,8,-8
2024-01-10 15:54:12.001,17486,17486,17486,2,0
2024-01-10 15:54:12.001,17486,17486,17486,2,0
2024-01-10 15:54:12.001,17486,17486,17486,2,0
2024-01-10 15:54:12.001,17486,17486,17486,2,0
2024-01-10 15:54:12.001,17486,17486,17486,4,0
2024-01-10 15:54:12.001,17486,17486,17486,2,0
2024-01-10 15:54:12.001,17486,17486,17486,2,0
2024-01-10 15:54:12.001,17486,17486,17486,2,0
2024-01-10 15:54:12.001,17486,17486,17486,4,0
2024-01-10 15:54:12.001,17486,17486,17486,2,0
2024-01-10 15:54:12.001,17486,17486,17486,2,0
2024-01-10 15:54:13.001,17486,17486,17486,2,0
2024-01-10 15:54:16.001,17485,17485,17485,4,-4
2024-01-10 15:54:16.001,17485,17485,17485,2,0
2024-01-10 15:54:17.001,17485,17485,17485,2,0
2024-01-10 15:54:18.001,17485,17485,17485,10,0
2024-01-10 15:54:19.001,17485,17485,17485,2,0
2024-01-10 15:54:19.001,17485,17485,17485,2,0
2024-01-10 15:54:21.001,17485,17485,17485,2,0
2024-01-10 15:54:21.001,17485,17485,17485,2,0
2024-01-10 15:54:21.001,17485,17485,17485,2,0
2024-01-10 15:54:23.001,17485,17485,17485,2,0
2024-01-10 15:54:24.001,17485,17485,17485,2,0
2024-01-10 15:54:24.001,17484,17484,17484,2,-2
2024-01-10 15:54:24.001,17484,17484,17484,2,0
2024-01-10 15:54:24.001,17484,17484,17484,4,0
2024-01-10 15:54:26.001,17485,17485,17485,2,2
2024-01-10 15:54:26.001,17485,17485,17485,2,0
2024-01-10 15:54:28.001,17485,17485,17485,2,0
2024-01-10 15:54:29.001,17484,17484,17484,4,-4
2024-01-10 15:54:29.001,17484,17484,17484,4,0
2024-01-10 15:54:32.001,17484,17484,17484,2,0
2024-01-10 15:54:32.001,17484,17484,17484,4,0
2024-01-10 15:54:32.001,17483,17483,17483,2,-2
2024-01-10 15:54:32.001,17483,17483,17483,4,0
2024-01-10 15:54:34.001,17484,17484,17484,2,2
2024-01-10 15:54:37.001,17483,17483,17483,2,-2
2024-01-10 15:54:37.001,17483,17483,17483,4,0
2024-01-10 15:54:37.001,17483,17483,17483,4,0
2024-01-10 15:54:38.001,17484,17484,17484,2,2
2024-01-10 15:54:38.001,17484,17484,17484,2,0
2024-01-10 15:54:38.001,17484,17484,17484,2,0
2024-01-10 15:54:39.001,17484,17484,17484,2,0
2024-01-10 15:54:39.001,17484,17484,17484,2,0
2024-01-10 15:54:39.001,17484,17484,17484,2,0
2024-01-10 15:54:39.001,17484,17484,17484,4,0
2024-01-10 15:54:39.001,17484,17484,17484,4,0
2024-01-10 15:54:42.001,17484,17484,17484,2,0
2024-01-10 15:54:42.001,17484,17484,17484,2,0
2024-01-10 15:54:42.001,17484,17484,17484,2,0
2024-01-10 15:54:42.001,17484,17484,17484,2,0
2024-01-10 15:54:46.001,17484,17484,17484,2,0
2024-01-10 15:54:46.001,17484,17484,17484,2,0
2024-01-10 15:54:48.001,17485,17485,17485,2,2
2024-01-10 15:54:48.001,17485,17485,17485,20,0
2024-01-10 15:54:48.001,17485,17485,17485,2,0
2024-01-10 15:54:53.001,17484,17484,17484,4,-4
2024-01-10 15:54:53.001,17484,17484,17484,2,0
2024-01-10 15:54:53.001,17484,17484,17484,4,0
2024-01-10 15:54:53.001,17484,17484,17484,4,0
2024-01-10 15:54:53.001,17484,17484,17484,4,0
2024-01-10 15:54:56.001,17485,17485,17485,2,2
2024-01-10 15:55:02.001,17484,17484,17484,2,-2
2024-01-10 15:55:02.001,17485,17485,17485,2,2
2024-01-10 15:55:02.001,17485,17485,17485,2,0
2024-01-10 15:55:03.001,17484,17484,17484,2,-2
2024-01-10 15:55:06.001,17484,17484,17484,2,0
2024-01-10 15:55:06.001,17484,17484,17484,4,0
2024-01-10 15:55:06.001,17484,17484,17484,4,0
2024-01-10 15:55:06.001,17484,17484,17484,2,0
2024-01-10 15:55:06.001,17484,17484,17484,2,0
2024-01-10 15:55:07.001,17484,17484,17484,2,0
2024-01-10 15:55:07.001,17485,17485,17485,2,2
2024-01-10 15:55:13.001,17485,17485,17485,2,0
2024-01-10 15:55:25.001,17484,17484,17484,2,-2
2024-01-10 15:55:26.001,17484,17484,17484,2,0
2024-01-10 15:55:35.001,17484,17484,17484,2,0
2024-01-10 15:55:36.001,17485,17485,17485,12,12
2024-01-10 15:55:38.001,17485,17485,17485,2,0
2024-01-10 15:55:39.001,17485,17485,17485,2,0
2024-01-10 15:55:40.001,17486,17486,17486,8,8
2024-01-10 15:55:56.001,17485,17485,17485,2,-2
2024-01-10 15:56:10.001,17485,17485,17485,2,0
2024-01-10 15:56:10.001,17485,17485,17485,2,0
2024-01-10 15:56:13.001,17485,17485,17485,2,0
2024-01-10 15:56:16.001,17485,17485,17485,2,0
2024-01-10 15:56:16.001,17486,17486,17486,2,2
2024-01-10 15:56:21.001,17486,17486,17486,2,0
2024-01-10 15:56:28.001,17486,17486,17486,2,0
2024-01-10 15:56:29.001,17486,17486,17486,2,0
2024-01-10 15:56:29.001,17486,17486,17486,16,0
2024-01-10 15:56:29.001,17487,17487,17487,2,2
2024-01-10 15:56:29.001,17487,17487,17487,2,0
2024-01-10 15:56:29.001,17487,17487,17487,2,0
2024-01-10 15:56:29.001,17487,17487,17487,2,0
2024-01-10 15:56:30.001,17487,17487,17487,2,0
2024-01-10 15:56:31.001,17487,17487,17487,2,0
2024-01-10 15:56:31.001,17488,17488,17488,2,2
2024-01-10 15:56:33.001,17488,17488,17488,4,0
2024-01-10 15:56:37.001,17487,17487,17487,2,-2
2024-01-10 15:56:39.001,17488,17488,17488,4,4
2024-01-10 15:56:40.001,17488,17488,17488,6,0
2024-01-10 15:56:41.001,17488,17488,17488,4,0
2024-01-10 15:56:49.001,17487,17487,17487,2,-2
2024-01-10 15:56:49.001,17487,17487,17487,2,0
2024-01-10 15:56:49.001,17487,17487,17487,4,0
2024-01-10 15:56:49.001,17487,17487,17487,4,0
2024-01-10 15:56:49.001,17487,17487,17487,4,0
2024-01-10 15:56:50.001,17486,17486,17486,2,-2
2024-01-10 15:56:50.001,17486,17486,17486,2,0
2024-01-10 15:56:51.001,17486,17486,17486,2,0
2024-01-10 15:56:51.001,17486,17486,17486,2,0
2024-01-10 15:56:51.001,17486,17486,17486,2,0
2024-01-10 15:56:52.001,17486,17486,17486,2,0
2024-01-10 15:56:53.001,17486,17486,17486,2,0
2024-01-10 15:57:14.001,17485,17485,17485,2,-2
2024-01-10 15:57:14.001,17486,17486,17486,2,2
2024-01-10 15:57:23.001,17486,17486,17486,10,0
2024-01-10 15:57:31.001,17486,17486,17486,2,0
2024-01-10 15:57:57.001,17485,17485,17485,6,-6
2024-01-10 15:58:02.001,17484,17484,17484,2,-2
2024-01-10 15:58:04.001,17484,17484,17484,2,0
2024-01-10 15:58:04.001,17484,17484,17484,2,0
2024-01-10 15:58:08.001,17484,17484,17484,2,0
2024-01-10 15:58:08.001,17484,17484,17484,2,0
2024-01-10 15:58:17.001,17483,17483,17483,2,-2
2024-01-10 15:58:17.001,17483,17483,17483,2,0
2024-01-10 15:58:21.001,17483,17483,17483,2,0
2024-01-10 15:58:23.001,17483,17483,17483,2,0
2024-01-10 15:58:24.001,17483,17483,17483,2,0
2024-01-10 15:58:25.001,17483,17483,17483,2,0
2024-01-10 15:58:25.001,17483,17483,17483,2,0
2024-01-10 15:58:26.001,17483,17483,17483,2,0
2024-01-10 15:58:26.001,17483,17483,17483,2,0
2024-01-10 15:58:34.001,17484,17484,17484,28,28
2024-01-10 15:58:35.001,17485,17485,17485,2,2
2024-01-10 15:58:35.001,17486,17486,17486,2,2
2024-01-10 15:58:40.001,17485,17485,17485,2,-2
2024-01-10 15:58:41.001,17484,17484,17484,4,-4
2024-01-10 15:58:52.001,17483,17483,17483,2,-2
2024-01-10 15:59:08.001,17483,17483,17483,2,0
2024-01-10 15:59:08.001,17483,17483,17483,2,0
2024-01-10 15:59:08.001,17483,17483,17483,2,0
2024-01-10 15:59:08.001,17483,17483,17483,2,0
2024-01-10 15:59:08.001,17483,17483,17483,2,0
2024-01-10 15:59:08.001,17483,17483,17483,2,0
2024-01-10 15:59:08.001,17483,17483,17483,2,0
2024-01-10 15:59:11.001,17483,17483,17483,2,0
2024-01-10 15:59:12.001,17483,17483,17483,2,0
2024-01-10 15:59:13.001,17483,17483,17483,2,0
2024-01-10 15:59:17.001,17483,17483,17483,2,0
2024-01-10 15:59:26.001,17482,17482,17482,2,-2
2024-01-10 15:59:26.001,17482,17482,17482,2,0
2024-01-10 15:59:27.001,17482,17482,17482,4,0
2024-01-10 15:59:27.001,17482,17482,17482,2,0
2024-01-10 15:59:28.001,17482,17482,17482,2,0
2024-01-10 15:59:28.001,17482,17482,17482,2,0
2024-01-10 15:59:31.001,17482,17482,17482,2,0
2024-01-10 15:59:35.001,17481,17481,17481,2,-2
2024-01-10 15:59:35.001,17481,17481,17481,2,0
2024-01-10 15:59:35.001,17481,17481,17481,4,0
2024-01-10 15:59:35.001,17481,17481,17481,2,0
2024-01-10 15:59:36.001,17482,17482,17482,4,4
2024-01-10 15:59:36.001,17481,17481,17481,4,-4
2024-01-10 15:59:36.001,17481,17481,17481,2,0
2024-01-10 15:59:38.001,17482,17482,17482,6,6
2024-01-10 15:59:39.001,17483,17483,17483,16,16
2024-01-10 15:59:39.001,17483,17483,17483,2,0
2024-01-10 15:59:39.001,17483,17483,17483,2,0
2024-01-10 15:59:39.001,17482,17482,17482,2,-2
2024-01-10 15:59:39.001,17482,17482,17482,2,0
2024-01-10 15:59:48.001,17483,17483,17483,2,2
2024-01-10 15:59:48.001,17483,17483,17483,2,0
2024-01-10 16:00:00.001,17483,17483,17483,14,0
2024-01-10 16:00:00.001,17484,17484,17484,10,10
2024-01-10 16:00:01.001,17484,17484,17484,2,0
2024-01-10 16:00:01.001,17485,17485,17485,2,2
2024-01-10 16:00:01.001,17483,17483,17483,2,-2
2024-01-10 16:00:01.001,17483,17483,17483,2,0
2024-01-10 16:00:02.001,17483,17483,17483,2,0
2024-01-10 16:00:02.001,17483,17483,17483,2,0
2024-01-10 16:00:09.001,17483,17483,17483,2,0
2024-01-10 16:00:09.001,17483,17483,17483,2,0
2024-01-10 16:00:09.001,17483,17483,17483,4,0
2024-01-10 16:00:09.001,17483,17483,17483,4,0
2024-01-10 16:00:09.001,17483,17483,17483,4,0
2024-01-10 16:00:09.001,17483,17483,17483,6,0
2024-01-10 16:00:09.001,17483,17483,17483,2,0
2024-01-10 16:00:09.001,17483,17483,17483,2,0
2024-01-10 16:00:09.001,17483,17483,17483,4,0
2024-01-10 16:00:09.001,17483,17483,17483,2,0
2024-01-10 16:00:09.001,17483,17483,17483,2,0
2024-01-10 16:00:12.001,17483,17483,17483,4,0
2024-01-10 16:00:12.001,17483,17483,17483,8,0
2024-01-10 16:00:12.001,17483,17483,17483,2,0
2024-01-10 16:00:12.001,17483,17483,17483,2,0
2024-01-10 16:00:12.001,17485,17485,17485,4,4
2024-01-10 16:00:26.001,17484,17484,17484,2,-2
2024-01-10 16:00:30.001,17485,17485,17485,2,2
2024-01-10 16:00:31.001,17484,17484,17484,2,-2
2024-01-10 16:00:40.001,17485,17485,17485,2,2
2024-01-10 16:00:42.001,17485,17485,17485,22,0
2024-01-10 16:00:42.001,17485,17485,17485,20,0
2024-01-10 16:00:44.001,17486,17486,17486,4,4
2024-01-10 16:00:44.001,17486,17486,17486,2,0
2024-01-10 16:00:45.001,17486,17486,17486,4,0
2024-01-10 16:00:48.001,17485,17485,17485,2,-2
2024-01-10 16:00:48.001,17485,17485,17485,8,0
2024-01-10 16:00:48.001,17485,17485,17485,2,0
2024-01-10 16:00:48.001,17485,17485,17485,4,0
2024-01-10 16:00:48.001,17485,17485,17485,2,0
2024-01-10 16:00:48.001,17485,17485,17485,4,0
2024-01-10 16:00:58.001,17486,17486,17486,4,4
2024-01-10 16:00:58.001,17486,17486,17486,2,0
2024-01-10 16:01:00.001,17487,17487,17487,2,2
2024-01-10 16:01:00.001,17487,17487,17487,2,0
2024-01-10 16:01:00.001,17487,17487,17487,2,0
2024-01-10 16:01:00.001,17487,17487,17487,2,0
2024-01-10 16:01:00.001,17488,17488,17488,2,2
2024-01-10 16:01:00.001,17488,17488,17488,2,0
2024-01-10 16:01:05.001,17486,17486,17486,4,-4
2024-01-10 16:01:05.001,17486,17486,17486,2,0
2024-01-10 16:01:05.001,17487,17487,17487,2,2
2024-01-10 16:01:07.001,17486,17486,17486,2,-2
2024-01-10 16:01:07.001,17486,17486,17486,2,0
2024-01-10 16:01:07.001,17486,17486,17486,2,0
2024-01-10 16:01:07.001,17485,17485,17485,4,-4
2024-01-10 16:01:07.001,17485,17485,17485,2,0
2024-01-10 16:01:07.001,17485,17485,17485,4,0
2024-01-10 16:01:07.001,17485,17485,17485,2,0
2024-01-10 16:01:07.001,17485,17485,17485,2,0
2024-01-10 16:01:07.001,17485,17485,17485,2,0
2024-01-10 16:01:07.001,17485,17485,17485,2,0
2024-01-10 16:01:07.001,17485,17485,17485,2,0
2024-01-10 16:01:07.001,17485,17485,17485,2,0
2024-01-10 16:01:07.001,17485,17485,17485,2,0
2024-01-10 16:01:08.001,17486,17486,17486,2,2
2024-01-10 16:01:08.001,17486,17486,17486,2,0
2024-01-10 16:01:08.001,17486,17486,17486,2,0
2024-01-10 16:01:08.001,17486,17486,17486,2,0
2024-01-10 16:01:08.001,17486,17486,17486,2,0
2024-01-10 16:01:08.001,17485,17485,17485,2,-2
2024-01-10 16:01:08.001,17486,17486,17486,2,2
2024-01-10 16:01:08.001,17486,17486,17486,2,0
2024-01-10 16:01:09.001,17485,17485,17485,2,-2
2024-01-10 16:01:09.001,17484,17484,17484,4,-4
2024-01-10 16:01:09.001,17485,17485,17485,2,2
2024-01-10 16:01:09.001,17485,17485,17485,2,0
2024-01-10 16:01:09.001,17485,17485,17485,2,0
2024-01-10 16:01:09.001,17485,17485,17485,2,0
2024-01-10 16:01:09.001,17485,17485,17485,2,0
2024-01-10 16:01:09.001,17485,17485,17485,2,0
2024-01-10 16:01:10.001,17485,17485,17485,2,0
2024-01-10 16:01:11.001,17485,17485,17485,2,0
2024-01-10 16:01:20.001,17486,17486,17486,2,2
2024-01-10 16:01:20.001,17486,17486,17486,2,0
2024-01-10 16:01:31.001,17487,17487,17487,4,4
2024-01-10 16:01:31.001,17487,17487,17487,2,0
2024-01-10 16:01:31.001,17487,17487,17487,2,0
2024-01-10 16:01:34.001,17487,17487,17487,2,0
2024-01-10 16:01:34.001,17487,17487,17487,2,0
2024-01-10 16:01:34.001,17487,17487,17487,2,0
2024-01-10 16:01:34.001,17487,17487,17487,2,0
