2024-03-14 15:00:00.009,19959,19960,19959,85,-85
2024-03-14 15:00:00.010,19956,19959,19958,3,3
2024-03-14 15:00:00.011,19958,19959,19957,2,-2
2024-03-14 15:00:00.020,19956,19959,19959,1,1
2024-03-14 15:00:00.020,19956,19959,19957,2,-2
2024-03-14 15:00:00.048,19956,19959,19959,1,1
2024-03-14 15:00:00.065,19956,19959,19956,1,-1
2024-03-14 15:00:00.078,19956,19959,19956,1,-1
2024-03-14 15:00:00.089,19956,19957,19959,4,4
2024-03-14 15:00:00.089,19956,19957,19958,1,1
2024-03-14 15:00:00.104,19956,19957,19959,1,1
2024-03-14 15:00:00.105,19956,19957,19959,4,4
2024-03-14 15:00:00.119,19956,19957,19958,1,1
2024-03-14 15:00:00.120,19956,19957,19959,2,2
2024-03-14 15:00:00.148,19956,19960,19959,2,2
2024-03-14 15:00:00.148,19956,19960,19959,1,1
2024-03-14 15:00:00.149,19956,19960,19959,2,2
2024-03-14 15:00:00.170,19956,19960,19959,1,1
2024-03-14 15:00:00.284,19959,19960,19960,2,2
2024-03-14 15:00:00.303,19959,19960,19960,5,5
2024-03-14 15:00:00.331,19959,19960,19960,1,1
2024-03-14 15:00:00.364,19959,19960,19960,20,20
2024-03-14 15:00:00.364,19959,19960,19960,1,1
2024-03-14 15:00:00.365,19959,19960,19960,1,1
2024-03-14 15:00:00.365,19959,19960,19961,1,1
2024-03-14 15:00:00.369,19959,19960,19961,1,1
2024-03-14 15:00:00.369,19959,19960,19961,1,1
2024-03-14 15:00:00.369,19959,19960,19961,1,1
2024-03-14 15:00:00.369,19959,19960,19961,3,3
2024-03-14 15:00:00.373,19959,19960,19962,5,5
2024-03-14 15:00:00.390,19960,19962,19962,1,1
2024-03-14 15:00:00.411,19960,19962,19962,1,1
2024-03-14 15:00:00.430,19960,19962,19962,5,5
2024-03-14 15:00:00.431,19960,19962,19962,1,1
2024-03-14 15:00:00.432,19960,19962,19961,2,2
2024-03-14 15:00:00.433,19960,19962,19963,1,1
2024-03-14 15:00:00.433,19960,19962,19962,1,1
2024-03-14 15:00:00.448,19960,19962,19962,1,1
2024-03-14 15:00:00.473,19960,19962,19962,1,1
2024-03-14 15:00:00.518,19960,19962,19962,1,1
2024-03-14 15:00:00.519,19960,19962,19962,1,1
2024-03-14 15:00:00.519,19960,19962,19963,1,1
2024-03-14 15:00:00.525,19960,19962,19962,1,1
2024-03-14 15:00:00.549,19960,19962,19962,1,1
2024-03-14 15:00:00.587,19960,19962,19962,2,2
2024-03-14 15:00:00.623,19960,19962,19962,1,1
2024-03-14 15:00:00.627,19960,19962,19962,1,1
2024-03-14 15:00:00.628,19960,19962,19962,1,1
2024-03-14 15:00:00.704,19960,19962,19960,1,-1
2024-03-14 15:00:00.715,19960,19962,19960,1,-1
2024-03-14 15:00:00.715,19960,19962,19960,1,-1
2024-03-14 15:00:00.735,19960,19962,19962,1,1
2024-03-14 15:00:00.739,19960,19962,19960,1,-1
2024-03-14 15:00:00.772,19960,19962,19960,1,-1
2024-03-14 15:00:00.854,19960,19962,19960,1,-1
2024-03-14 15:00:00.854,19960,19962,19962,2,2
2024-03-14 15:00:00.854,19960,19962,19963,2,2
2024-03-14 15:00:00.943,19960,19962,19962,2,2
2024-03-14 15:00:00.943,19960,19962,19963,3,3
2024-03-14 15:00:01.006,19961,19963,19963,1,1
2024-03-14 15:00:01.007,19961,19963,19963,1,1
2024-03-14 15:00:01.013,19961,19963,19963,1,1
2024-03-14 15:00:01.021,19961,19963,19963,1,1
2024-03-14 15:00:01.024,19961,19963,19962,2,2
2024-03-14 15:00:01.034,19961,19963,19962,1,1
2024-03-14 15:00:01.045,19961,19963,19963,1,1
2024-03-14 15:00:01.046,19961,19963,19962,1,1
2024-03-14 15:00:01.053,19961,19963,19962,1,1
2024-03-14 15:00:01.129,19960,19962,19962,1,1
2024-03-14 15:00:01.136,19960,19962,19962,1,1
2024-03-14 15:00:01.154,19960,19962,19962,1,1
2024-03-14 15:00:01.159,19960,19962,19962,1,1
2024-03-14 15:00:01.540,19960,19962,19963,1,1
2024-03-14 15:00:01.540,19960,19962,19962,1,1
2024-03-14 15:00:01.540,19960,19962,19962,1,1
2024-03-14 15:00:01.541,19960,19962,19963,2,2
2024-03-14 15:00:01.541,19960,19962,19961,1,1
2024-03-14 15:00:01.541,19960,19962,19963,3,3
2024-03-14 15:00:01.541,19960,19962,19963,1,1
2024-03-14 15:00:01.541,19960,19962,19963,2,2
2024-03-14 15:00:01.541,19960,19962,19964,5,5
2024-03-14 15:00:01.542,19960,19962,19964,1,1
2024-03-14 15:00:01.542,19960,19962,19964,1,1
2024-03-14 15:00:01.542,19960,19962,19963,1,1
2024-03-14 15:00:01.547,19960,19962,19964,1,1
2024-03-14 15:00:01.548,19960,19962,19964,1,1
2024-03-14 15:00:01.704,19962,19964,19964,1,1
2024-03-14 15:00:01.747,19962,19964,19964,1,1
2024-03-14 15:00:01.753,19963,19964,19964,2,2
2024-03-14 15:00:01.760,19963,19964,19963,1,-1
2024-03-14 15:00:01.879,19962,19965,19965,1,1
2024-03-14 15:00:01.880,19962,19965,19965,4,4
2024-03-14 15:00:01.884,19962,19965,19965,1,1
2024-03-14 15:00:01.884,19962,19965,19965,1,1
2024-03-14 15:00:01.888,19962,19965,19965,2,2
2024-03-14 15:00:01.892,19962,19965,19965,2,2
2024-03-14 15:00:01.892,19962,19965,19965,1,1
2024-03-14 15:00:02.117,19964,19966,19963,1,-1
2024-03-14 15:00:02.240,19963,19965,19963,1,-1
2024-03-14 15:00:02.255,19962,19965,19962,1,-1
2024-03-14 15:00:02.268,19962,19965,19962,4,-4
2024-03-14 15:00:02.443,19962,19964,19962,2,-2
2024-03-14 15:00:02.547,19961,19964,19964,1,1
2024-03-14 15:00:02.548,19961,19964,19964,2,2
2024-03-14 15:00:02.914,19962,19964,19962,1,-1
2024-03-14 15:00:02.915,19962,19964,19964,2,2
2024-03-14 15:00:02.916,19962,19964,19965,1,1
2024-03-14 15:00:02.916,19962,19964,19962,2,-2
2024-03-14 15:00:02.920,19962,19964,19964,1,1
2024-03-14 15:00:03.720,19962,19964,19962,3,-3
2024-03-14 15:00:03.835,19960,19963,19960,4,-4
2024-03-14 15:00:03.835,19960,19963,19960,1,-1
2024-03-14 15:00:03.993,19959,19962,19959,2,-2
2024-03-14 15:00:04.249,19959,19961,19959,2,-2
2024-03-14 15:00:04.262,19959,19961,19961,1,1
2024-03-14 15:00:05.035,19959,19961,19959,2,-2
2024-03-14 15:00:05.089,19959,19961,19959,2,-2
2024-03-14 15:00:05.090,19959,19961,19959,1,-1
2024-03-14 15:00:05.298,19959,19961,19961,2,2
2024-03-14 15:00:05.298,19959,19961,19961,2,2
2024-03-14 15:00:05.457,19960,19961,19960,1,-1
2024-03-14 15:00:05.748,19960,19961,19961,2,2
2024-03-14 15:00:05.749,19960,19961,19962,1,1
2024-03-14 15:00:05.749,19960,19961,19963,1,1
2024-03-14 15:00:05.750,19960,19961,19964,1,1
2024-03-14 15:00:05.839,19962,19965,19962,3,-3
2024-03-14 15:00:05.840,19962,19965,19962,1,-1
2024-03-14 15:00:06.011,19961,19964,19962,2,-2
2024-03-14 15:00:06.490,19960,19961,19961,2,2
2024-03-14 15:00:06.490,19960,19961,19961,2,2
2024-03-14 15:00:06.491,19960,19961,19961,2,2
2024-03-14 15:00:06.788,19960,19962,19960,1,-1
2024-03-14 15:00:07.823,19960,19962,19959,1,-1
2024-03-14 15:00:07.890,19959,19961,19959,1,-1
2024-03-14 15:00:07.890,19959,19961,19959,6,-6
2024-03-14 15:00:08.335,19958,19959,19961,1,1
2024-03-14 15:00:08.340,19958,19959,19961,1,1
2024-03-14 15:00:10.355,19958,19959,19959,1,1
2024-03-14 15:00:10.412,19959,19960,19959,1,-1
2024-03-14 15:00:11.019,19959,19960,19960,1,1
2024-03-14 15:00:11.316,19960,19961,19960,1,-1
2024-03-14 15:00:11.470,19959,19960,19960,3,3
2024-03-14 15:00:12.018,19961,19963,19961,1,-1
2024-03-14 15:00:12.234,19961,19963,19961,2,-2
2024-03-14 15:00:12.285,19961,19963,19962,1,-1
2024-03-14 15:00:12.647,19961,19962,19961,1,-1
2024-03-14 15:00:14.825,19961,19962,19961,1,-1
2024-03-14 15:00:14.850,19961,19962,19960,4,-4
2024-03-14 15:00:14.851,19961,19962,19960,4,-4
2024-03-14 15:00:14.851,19961,19962,19960,1,-1
2024-03-14 15:00:14.851,19961,19962,19960,1,-1
2024-03-14 15:00:14.851,19961,19962,19960,1,-1
2024-03-14 15:00:14.851,19961,19962,19960,1,-1
2024-03-14 15:00:14.851,19961,19962,19960,1,-1
2024-03-14 15:00:14.851,19961,19962,19960,1,-1
2024-03-14 15:00:14.851,19961,19962,19960,1,-1
2024-03-14 15:00:14.851,19961,19962,19960,1,-1
2024-03-14 15:00:14.851,19961,19962,19960,8,-8
2024-03-14 15:00:14.851,19961,19962,19960,1,-1
2024-03-14 15:00:14.851,19961,19962,19960,1,-1
2024-03-14 15:00:14.851,19961,19962,19960,2,-2
2024-03-14 15:00:15.634,19961,19963,19963,1,1
2024-03-14 15:00:15.636,19961,19963,19963,3,3
2024-03-14 15:00:15.664,19961,19963,19964,1,1
2024-03-14 15:00:15.677,19961,19963,19964,1,1
2024-03-14 15:00:15.677,19961,19963,19964,1,1
2024-03-14 15:00:15.942,19963,19964,19964,1,1
2024-03-14 15:00:16.748,19963,19964,19964,2,2
2024-03-14 15:00:16.748,19963,19964,19965,3,3
2024-03-14 15:00:16.788,19964,19965,19964,1,-1
2024-03-14 15:00:17.685,19964,19965,19965,10,10
2024-03-14 15:00:17.708,19964,19965,19965,1,1
2024-03-14 15:00:18.286,19965,19966,19965,1,-1
2024-03-14 15:00:18.785,19965,19966,19966,1,1
2024-03-14 15:00:19.301,19965,19966,19966,1,1
2024-03-14 15:00:19.324,19965,19966,19965,1,-1
2024-03-14 15:00:19.751,19965,19966,19965,1,-1
2024-03-14 15:00:19.788,19965,19966,19966,1,1
2024-03-14 15:00:19.855,19965,19966,19965,1,-1
2024-03-14 15:00:20.217,19965,19966,19966,4,4
2024-03-14 15:00:21.105,19965,19966,19965,1,-1
2024-03-14 15:00:22.452,19965,19966,19965,2,-2
2024-03-14 15:00:22.470,19965,19966,19964,9,-9
2024-03-14 15:00:22.470,19965,19966,19965,1,-1
2024-03-14 15:00:22.879,19964,19966,19966,2,2
2024-03-14 15:00:23.923,19964,19966,19966,1,1
2024-03-14 15:00:24.144,19965,19966,19966,2,2
2024-03-14 15:00:26.091,19965,19966,19965,1,-1
2024-03-14 15:00:26.836,19965,19966,19965,1,-1
2024-03-14 15:00:26.859,19965,19966,19965,1,-1
2024-03-14 15:00:27.749,19964,19965,19965,6,6
2024-03-14 15:00:29.152,19964,19965,19964,1,-1
2024-03-14 15:00:29.152,19964,19965,19964,2,-2
2024-03-14 15:00:29.328,19961,19963,19961,3,-3
2024-03-14 15:00:29.606,19962,19963,19963,1,1
2024-03-14 15:00:32.192,19963,19965,19963,2,-2
2024-03-14 15:00:33.000,19963,19965,19965,1,1
2024-03-14 15:00:33.328,19963,19965,19963,2,-2
2024-03-14 15:00:34.609,19962,19963,19962,1,-1
2024-03-14 15:00:34.840,19962,19963,19963,1,1
2024-03-14 15:00:35.293,19962,19964,19962,1,-1
2024-03-14 15:00:36.515,19961,19962,19961,1,-1
2024-03-14 15:00:39.380,19961,19962,19962,1,1
2024-03-14 15:00:40.220,19961,19962,19962,2,2
2024-03-14 15:00:41.385,19961,19962,19961,1,-1
2024-03-14 15:00:41.386,19961,19962,19961,1,-1
2024-03-14 15:00:43.842,19961,19962,19962,1,1
2024-03-14 15:00:44.260,19961,19962,19961,1,-1
2024-03-14 15:00:44.377,19960,19962,19960,1,-1
2024-03-14 15:00:44.957,19960,19961,19960,1,-1
2024-03-14 15:00:46.749,19960,19961,19960,1,-1
2024-03-14 15:00:46.749,19960,19961,19960,1,-1
2024-03-14 15:00:47.671,19959,19960,19959,1,-1
2024-03-14 15:00:49.694,19958,19960,19959,1,-1
2024-03-14 15:00:50.701,19959,19960,19960,6,6
2024-03-14 15:00:50.885,19960,19961,19960,1,-1
2024-03-14 15:00:51.129,19960,19961,19960,1,-1
2024-03-14 15:00:51.418,19959,19961,19959,4,-4
2024-03-14 15:00:52.280,19959,19960,19959,1,-1
2024-03-14 15:00:53.137,19958,19960,19958,5,-5
2024-03-14 15:00:53.459,19958,19959,19958,3,-3
2024-03-14 15:00:53.654,19957,19959,19959,7,7
2024-03-14 15:00:53.654,19957,19959,19960,3,3
2024-03-14 15:00:54.260,19959,19960,19959,1,-1
2024-03-14 15:00:55.415,19958,19960,19960,2,2
2024-03-14 15:00:57.494,19959,19960,19959,3,-3
2024-03-14 15:00:57.670,19959,19960,19959,1,-1
2024-03-14 15:00:58.308,19959,19960,19959,1,-1
2024-03-14 15:00:58.308,19959,19960,19959,3,-3
2024-03-14 15:00:58.610,19958,19959,19959,1,1
2024-03-14 15:00:59.897,19957,19959,19959,1,1
2024-03-14 15:00:59.911,19957,19959,19959,1,1
2024-03-14 15:01:00.032,19957,19959,19957,2,-2
2024-03-14 15:01:00.037,19957,19959,19957,1,-1
2024-03-14 15:01:00.038,19957,19959,19957,1,-1
2024-03-14 15:01:00.135,19957,19958,19958,1,1
2024-03-14 15:01:00.242,19957,19958,19957,4,-4
2024-03-14 15:01:00.405,19958,19959,19957,2,-2
2024-03-14 15:01:00.572,19957,19959,19957,1,-1
2024-03-14 15:01:00.622,19957,19959,19959,1,1
2024-03-14 15:01:00.660,19957,19959,19959,2,2
2024-03-14 15:01:00.663,19957,19959,19957,1,-1
2024-03-14 15:01:00.757,19957,19959,19959,1,1
2024-03-14 15:01:00.757,19957,19959,19959,1,1
2024-03-14 15:01:00.758,19957,19959,19959,1,1
2024-03-14 15:01:00.758,19957,19959,19959,1,1
2024-03-14 15:01:00.759,19957,19959,19959,1,1
2024-03-14 15:01:00.771,19957,19959,19959,1,1
2024-03-14 15:01:00.771,19957,19959,19959,1,1
2024-03-14 15:01:02.361,19958,19959,19959,2,2
2024-03-14 15:01:02.442,19959,19960,19959,1,-1
2024-03-14 15:01:02.579,19959,19960,19959,1,-1
2024-03-14 15:01:02.579,19959,19960,19958,1,-1
2024-03-14 15:01:02.624,19959,19960,19956,1,-1
2024-03-14 15:01:02.625,19959,19960,19956,2,-2
2024-03-14 15:01:02.760,19955,19956,19955,5,-5
2024-03-14 15:01:03.925,19955,19956,19956,1,1
2024-03-14 15:01:04.773,19954,19956,19956,1,1
2024-03-14 15:01:05.450,19955,19957,19955,1,-1
2024-03-14 15:01:06.643,19955,19957,19955,1,-1
2024-03-14 15:01:10.410,19956,19957,19956,1,-1
2024-03-14 15:01:10.491,19956,19957,19957,1,1
2024-03-14 15:01:10.506,19956,19957,19957,1,1
2024-03-14 15:01:11.031,19955,19956,19955,1,-1
2024-03-14 15:01:11.179,19955,19956,19955,1,-1
2024-03-14 15:01:11.776,19955,19956,19956,2,2
2024-03-14 15:01:11.905,19955,19956,19956,1,1
2024-03-14 15:01:12.863,19957,19958,19957,1,-1
2024-03-14 15:01:15.744,19957,19958,19957,1,-1
2024-03-14 15:01:17.114,19957,19958,19957,1,-1
2024-03-14 15:01:18.911,19957,19958,19957,1,-1
2024-03-14 15:01:19.005,19957,19958,19958,1,1
2024-03-14 15:01:19.181,19957,19958,19957,3,-3
2024-03-14 15:01:22.343,19956,19957,19956,1,-1
2024-03-14 15:01:23.999,19955,19956,19956,2,2
2024-03-14 15:01:24.670,19955,19956,19954,1,-1
2024-03-14 15:01:24.670,19955,19956,19955,3,-3
2024-03-14 15:01:25.115,19954,19956,19954,1,-1
2024-03-14 15:01:27.981,19953,19954,19954,1,1
2024-03-14 15:01:27.981,19953,19954,19954,1,1
2024-03-14 15:01:28.853,19954,19955,19954,4,-4
2024-03-14 15:01:28.882,19954,19955,19955,1,1
2024-03-14 15:01:29.002,19954,19955,19954,1,-1
2024-03-14 15:01:29.852,19953,19955,19955,3,3
2024-03-14 15:01:30.260,19954,19955,19954,2,-2
2024-03-14 15:01:30.877,19954,19955,19954,2,-2
2024-03-14 15:01:30.983,19954,19955,19954,1,-1
2024-03-14 15:01:31.741,19954,19955,19954,3,-3
2024-03-14 15:01:31.968,19954,19955,19954,1,-1
2024-03-14 15:01:33.086,19954,19955,19954,1,-1
2024-03-14 15:01:33.748,19954,19955,19954,1,-1
2024-03-14 15:01:34.512,19954,19955,19954,1,-1
2024-03-14 15:01:34.591,19954,19955,19953,1,-1
2024-03-14 15:01:39.882,19953,19954,19953,2,-2
2024-03-14 15:01:40.120,19953,19954,19953,1,-1
2024-03-14 15:01:41.918,19953,19954,19953,1,-1
2024-03-14 15:01:46.089,19953,19954,19954,2,2
2024-03-14 15:01:46.190,19953,19954,19954,1,1
2024-03-14 15:01:46.478,19954,19955,19955,7,7
2024-03-14 15:01:47.670,19955,19957,19955,1,-1
2024-03-14 15:01:47.974,19955,19957,19955,1,-1
2024-03-14 15:01:50.449,19956,19957,19956,1,-1
2024-03-14 15:01:50.559,19955,19957,19955,1,-1
2024-03-14 15:01:54.224,19955,19957,19957,1,1
2024-03-14 15:01:54.283,19956,19957,19956,1,-1
2024-03-14 15:01:54.502,19956,19957,19956,1,-1
2024-03-14 15:01:55.600,19956,19957,19956,4,-4
2024-03-14 15:02:00.530,19955,19956,19955,4,-4
2024-03-14 15:02:00.798,19955,19956,19956,1,1
2024-03-14 15:02:01.589,19955,19956,19956,1,1
2024-03-14 15:02:01.964,19955,19957,19955,6,-6
2024-03-14 15:02:03.694,19956,19957,19956,1,-1
2024-03-14 15:02:06.495,19954,19955,19955,1,1
2024-03-14 15:02:06.595,19954,19955,19954,1,-1
2024-03-14 15:02:07.363,19954,19955,19954,1,-1
2024-03-14 15:02:10.160,19954,19955,19954,1,-1
2024-03-14 15:02:10.785,19953,19955,19955,2,2
2024-03-14 15:02:14.782,19953,19955,19955,1,1
2024-03-14 15:02:15.409,19953,19955,19953,1,-1
2024-03-14 15:02:22.171,19953,19955,19953,2,-2
2024-03-14 15:02:23.999,19953,19954,19953,3,-3
2024-03-14 15:02:25.073,19952,19953,19952,3,-3
2024-03-14 15:02:25.073,19952,19953,19952,1,-1
2024-03-14 15:02:25.074,19952,19953,19952,1,-1
2024-03-14 15:02:25.469,19951,19952,19951,5,-5
2024-03-14 15:02:25.709,19951,19952,19951,2,-2
2024-03-14 15:02:25.709,19951,19952,19950,2,-2
2024-03-14 15:02:25.767,19950,19952,19950,1,-1
2024-03-14 15:02:26.132,19950,19952,19950,1,-1
2024-03-14 15:02:28.338,19950,19952,19950,2,-2
2024-03-14 15:02:31.330,19950,19952,19950,1,-1
2024-03-14 15:02:32.442,19950,19952,19950,1,-1
2024-03-14 15:02:32.690,19950,19952,19950,2,-2
2024-03-14 15:02:32.809,19950,19951,19950,3,-3
2024-03-14 15:02:32.809,19950,19951,19950,3,-3
2024-03-14 15:02:33.494,19949,19950,19949,5,-5
2024-03-14 15:02:33.553,19949,19950,19948,1,-1
2024-03-14 15:02:37.475,19948,19949,19948,1,-1
2024-03-14 15:02:39.288,19948,19949,19949,1,1
2024-03-14 15:02:40.221,19948,19949,19949,1,1
2024-03-14 15:02:41.068,19948,19949,19948,3,-3
2024-03-14 15:02:41.405,19947,19948,19947,1,-1
2024-03-14 15:02:42.434,19947,19948,19947,1,-1
2024-03-14 15:02:42.434,19947,19948,19947,2,-2
2024-03-14 15:02:43.388,19946,19947,19946,5,-5
2024-03-14 15:02:43.885,19945,19947,19945,1,-1
2024-03-14 15:02:43.912,19945,19947,19947,2,2
2024-03-14 15:02:45.051,19946,19947,19946,1,-1
2024-03-14 15:02:45.452,19946,19947,19947,1,1
2024-03-14 15:02:47.331,19946,19947,19947,1,1
2024-03-14 15:02:50.171,19946,19947,19946,2,-2
2024-03-14 15:02:53.462,19946,19947,19947,4,4
2024-03-14 15:02:53.528,19946,19948,19948,18,18
2024-03-14 15:02:53.530,19946,19948,19949,1,1
2024-03-14 15:02:53.821,19948,19950,19948,1,-1
2024-03-14 15:02:53.885,19948,19950,19948,1,-1
2024-03-14 15:02:53.981,19948,19950,19948,1,-1
2024-03-14 15:02:57.346,19948,19949,19949,1,1
2024-03-14 15:02:57.894,19948,19949,19948,2,-2
2024-03-14 15:03:00.044,19948,19949,19949,1,1
2024-03-14 15:03:00.054,19948,19949,19950,1,1
2024-03-14 15:03:00.055,19948,19949,19950,1,1
2024-03-14 15:03:00.063,19948,19949,19950,2,2
2024-03-14 15:03:00.341,19948,19950,19948,1,-1
2024-03-14 15:03:00.399,19948,19950,19950,2,2
2024-03-14 15:03:00.399,19948,19950,19950,1,1
2024-03-14 15:03:00.488,19948,19950,19950,1,1
2024-03-14 15:03:00.583,19949,19950,19950,2,2
2024-03-14 15:03:01.799,19949,19950,19950,1,1
2024-03-14 15:03:05.423,19949,19950,19950,1,1
2024-03-14 15:03:05.423,19949,19950,19950,4,4
2024-03-14 15:03:05.423,19949,19950,19950,1,1
2024-03-14 15:03:05.423,19949,19950,19950,1,1
2024-03-14 15:03:05.423,19949,19950,19950,1,1
2024-03-14 15:03:05.423,19949,19950,19950,1,1
2024-03-14 15:03:05.424,19949,19950,19950,1,1
2024-03-14 15:03:05.424,19949,19950,19950,1,1
2024-03-14 15:03:05.424,19949,19950,19950,1,1
2024-03-14 15:03:05.424,19949,19950,19950,1,1
2024-03-14 15:03:06.060,19949,19951,19950,1,1
2024-03-14 15:03:07.105,19949,19950,19950,1,1
2024-03-14 15:03:08.518,19949,19950,19950,2,2
2024-03-14 15:03:14.147,19950,19951,19950,2,-2
2024-03-14 15:03:17.388,19950,19951,19951,1,1
2024-03-14 15:03:17.803,19950,19951,19951,1,1
2024-03-14 15:03:18.166,19950,19951,19951,1,1
2024-03-14 15:03:18.626,19950,19952,19952,1,1
2024-03-14 15:03:24.608,19951,19952,19952,2,2
2024-03-14 15:03:27.341,19951,19953,19953,30,30
2024-03-14 15:03:27.342,19951,19953,19953,2,2
2024-03-14 15:03:27.342,19951,19953,19953,1,1
2024-03-14 15:03:27.429,19953,19954,19953,3,-3
2024-03-14 15:03:28.934,19952,19953,19952,1,-1
2024-03-14 15:03:31.108,19951,19953,19953,14,14
2024-03-14 15:03:31.108,19951,19953,19954,15,15
2024-03-14 15:03:35.808,19954,19955,19955,1,1
2024-03-14 15:03:37.343,19954,19955,19955,1,1
2024-03-14 15:03:38.092,19954,19955,19954,7,-7
2024-03-14 15:03:38.280,19954,19955,19955,1,1
2024-03-14 15:03:39.667,19954,19955,19955,1,1
2024-03-14 15:03:40.500,19954,19955,19954,1,-1
2024-03-14 15:03:40.672,19954,19955,19955,1,1
2024-03-14 15:03:42.251,19954,19955,19955,1,1
2024-03-14 15:03:43.159,19954,19955,19954,7,-7
2024-03-14 15:03:44.496,19954,19955,19955,1,1
2024-03-14 15:03:46.742,19954,19955,19955,1,1
2024-03-14 15:03:48.637,19954,19955,19955,2,2
2024-03-14 15:03:49.846,19954,19955,19954,1,-1
2024-03-14 15:03:55.664,19954,19955,19955,1,1
2024-03-14 15:03:59.113,19954,19955,19954,1,-1
2024-03-14 15:03:59.931,19954,19955,19954,1,-1
2024-03-14 15:04:00.857,19954,19955,19954,1,-1
2024-03-14 15:04:00.858,19954,19955,19954,1,-1
2024-03-14 15:04:02.089,19953,19954,19953,3,-3
2024-03-14 15:04:04.690,19952,19953,19952,1,-1
2024-03-14 15:04:04.690,19952,19953,19952,1,-1
2024-03-14 15:04:12.113,19951,19952,19952,1,1
2024-03-14 15:04:12.113,19951,19952,19952,2,2
2024-03-14 15:04:12.549,19952,19954,19952,1,-1
2024-03-14 15:04:16.750,19952,19954,19952,1,-1
2024-03-14 15:04:20.083,19952,19953,19952,1,-1
2024-03-14 15:04:20.233,19952,19953,19953,1,1
2024-03-14 15:04:20.448,19952,19954,19954,1,1
2024-03-14 15:04:26.621,19952,19954,19954,1,1
2024-03-14 15:04:28.651,19953,19954,19953,1,-1
2024-03-14 15:04:33.238,19952,19953,19953,1,1
2024-03-14 15:04:34.581,19952,19953,19952,1,-1
2024-03-14 15:04:40.219,19952,19953,19953,5,5
2024-03-14 15:04:41.403,19952,19953,19952,1,-1
2024-03-14 15:04:47.888,19952,19953,19953,1,1
2024-03-14 15:04:49.592,19952,19953,19952,1,-1
2024-03-14 15:04:50.637,19952,19953,19952,3,-3
2024-03-14 15:04:52.664,19951,19952,19952,2,2
2024-03-14 15:04:58.279,19952,19953,19952,1,-1
2024-03-14 15:04:58.321,19952,19953,19952,1,-1
2024-03-14 15:05:00.214,19952,19953,19953,1,1
2024-03-14 15:05:00.332,19952,19953,19953,1,1
2024-03-14 15:05:00.502,19952,19953,19953,1,1
2024-03-14 15:05:00.678,19952,19953,19953,1,1
2024-03-14 15:05:02.245,19952,19953,19952,1,-1
2024-03-14 15:05:08.955,19952,19953,19952,1,-1
2024-03-14 15:05:12.086,19952,19953,19952,5,-5
2024-03-14 15:05:12.359,19951,19952,19952,2,2
2024-03-14 15:05:14.536,19951,19952,19951,1,-1
2024-03-14 15:05:16.431,19951,19952,19952,1,1
2024-03-14 15:05:19.890,19951,19952,19951,1,-1
2024-03-14 15:05:20.920,19951,19952,19951,1,-1
2024-03-14 15:05:26.889,19951,19952,19951,1,-1
2024-03-14 15:05:26.981,19951,19952,19951,1,-1
2024-03-14 15:05:33.484,19951,19952,19951,1,-1
2024-03-14 15:05:33.485,19951,19952,19951,4,-4
2024-03-14 15:05:40.236,19951,19952,19952,3,3
2024-03-14 15:05:46.263,19951,19952,19951,3,-3
2024-03-14 15:05:48.251,19950,19952,19950,3,-3
2024-03-14 15:05:48.275,19950,19952,19950,1,-1
2024-03-14 15:05:55.701,19951,19952,19951,1,-1
2024-03-14 15:05:55.712,19951,19952,19951,1,-1
2024-03-14 15:06:01.721,19951,19952,19952,1,1
2024-03-14 15:06:02.243,19951,19952,19952,1,1
2024-03-14 15:06:03.141,19951,19952,19951,1,-1
2024-03-14 15:06:07.486,19951,19952,19951,1,-1
2024-03-14 15:06:12.297,19951,19952,19952,1,1
2024-03-14 15:06:12.297,19951,19952,19952,4,4
2024-03-14 15:06:12.472,19952,19953,19952,1,-1
2024-03-14 15:06:15.099,19952,19953,19953,5,5
2024-03-14 15:06:15.099,19952,19953,19953,2,2
2024-03-14 15:06:15.444,19953,19954,19953,1,-1
2024-03-14 15:06:20.021,19952,19954,19952,1,-1
2024-03-14 15:06:21.765,19953,19954,19953,1,-1
2024-03-14 15:06:21.765,19953,19954,19953,1,-1
2024-03-14 15:06:23.293,19953,19954,19953,1,-1
2024-03-14 15:06:27.352,19952,19954,19952,5,-5
2024-03-14 15:06:44.888,19951,19952,19952,1,1
2024-03-14 15:06:49.982,19952,19953,19953,2,2
2024-03-14 15:06:54.424,19952,19953,19953,1,1
2024-03-14 15:06:54.764,19953,19954,19953,3,-3
2024-03-14 15:06:59.469,19953,19954,19953,1,-1
2024-03-14 15:06:59.685,19953,19954,19953,1,-1
2024-03-14 15:07:01.725,19953,19954,19953,1,-1
2024-03-14 15:07:02.081,19953,19954,19954,2,2
2024-03-14 15:07:07.594,19953,19954,19953,1,-1
2024-03-14 15:07:11.569,19953,19954,19953,1,-1
2024-03-14 15:07:16.472,19953,19954,19953,1,-1
2024-03-14 15:07:16.472,19953,19954,19953,6,-6
2024-03-14 15:07:20.219,19952,19953,19953,2,2
2024-03-14 15:07:21.704,19952,19953,19952,1,-1
2024-03-14 15:07:26.417,19952,19953,19952,1,-1
2024-03-14 15:07:29.651,19952,19953,19952,1,-1
2024-03-14 15:07:40.009,19951,19952,19952,1,1
2024-03-14 15:07:51.131,19951,19952,19951,1,-1
2024-03-14 15:07:59.984,19951,19952,19952,1,1
2024-03-14 15:07:59.984,19951,19952,19952,2,2
2024-03-14 15:08:03.631,19952,19953,19952,1,-1
2024-03-14 15:08:05.592,19952,19953,19952,1,-1
2024-03-14 15:08:40.230,19952,19953,19953,2,2
2024-03-14 15:08:41.262,19952,19953,19952,5,-5
2024-03-14 15:08:46.152,19952,19953,19952,1,-1
2024-03-14 15:09:00.227,19951,19952,19952,1,1
2024-03-14 15:09:06.081,19951,19952,19952,3,3
2024-03-14 15:09:06.686,19951,19952,19952,1,1
2024-03-14 15:09:09.364,19951,19952,19952,6,6
2024-03-14 15:09:25.634,19951,19952,19951,2,-2
2024-03-14 15:09:27.971,19951,19952,19952,3,3
2024-03-14 15:09:30.053,19951,19952,19952,2,2
2024-03-14 15:09:33.114,19951,19952,19952,1,1
2024-03-14 15:09:33.114,19951,19952,19952,2,2
2024-03-14 15:09:33.114,19951,19952,19952,6,6
2024-03-14 15:09:33.114,19951,19952,19952,2,2
2024-03-14 15:09:33.115,19951,19952,19952,4,4
2024-03-14 15:09:33.115,19951,19952,19952,3,3
2024-03-14 15:09:33.115,19951,19952,19952,1,1
2024-03-14 15:09:33.115,19951,19952,19952,3,3
2024-03-14 15:09:35.768,19952,19953,19953,1,1
2024-03-14 15:09:36.388,19952,19953,19953,1,1
2024-03-14 15:09:37.114,19952,19953,19953,1,1
2024-03-14 15:09:39.403,19952,19953,19953,1,1
2024-03-14 15:09:39.636,19952,19953,19953,6,6
2024-03-14 15:09:40.238,19953,19954,19954,1,1
2024-03-14 15:09:47.199,19953,19954,19954,1,1
2024-03-14 15:09:49.243,19953,19954,19953,1,-1
2024-03-14 15:09:57.879,19952,19953,19952,2,-2
2024-03-14 15:09:57.879,19952,19953,19952,1,-1
2024-03-14 15:10:04.298,19951,19952,19952,1,1
2024-03-14 15:10:12.816,19951,19952,19952,1,1
2024-03-14 15:10:13.844,19951,19952,19952,1,1
2024-03-14 15:10:18.553,19952,19953,19952,1,-1
2024-03-14 15:10:20.218,19951,19952,19952,1,1
2024-03-14 15:10:24.458,19951,19952,19952,1,1
2024-03-14 15:10:25.063,19951,19952,19951,1,-1
2024-03-14 15:10:36.543,19951,19952,19952,1,1
2024-03-14 15:10:36.544,19951,19952,19952,3,3
2024-03-14 15:10:36.544,19951,19952,19952,1,1
2024-03-14 15:10:36.544,19951,19952,19952,1,1
2024-03-14 15:10:40.953,19952,19953,19952,6,-6
2024-03-14 15:10:41.162,19952,19953,19953,1,1
2024-03-14 15:10:44.440,19952,19953,19953,2,2
2024-03-14 15:10:44.883,19952,19954,19952,1,-1
2024-03-14 15:10:56.984,19952,19953,19952,1,-1
2024-03-14 15:10:59.913,19951,19952,19951,1,-1
2024-03-14 15:11:05.759,19951,19952,19951,1,-1
2024-03-14 15:11:07.136,19951,19952,19951,1,-1
2024-03-14 15:11:07.163,19951,19952,19952,2,2
2024-03-14 15:11:11.039,19951,19952,19951,1,-1
2024-03-14 15:11:14.731,19951,19952,19951,5,-5
2024-03-14 15:11:14.731,19951,19952,19951,1,-1
2024-03-14 15:11:14.731,19951,19952,19951,3,-3
2024-03-14 15:11:14.732,19951,19952,19951,1,-1
2024-03-14 15:11:14.732,19951,19952,19951,2,-2
2024-03-14 15:11:14.732,19951,19952,19951,3,-3
2024-03-14 15:11:14.732,19951,19952,19951,1,-1
2024-03-14 15:11:14.732,19951,19952,19951,1,-1
2024-03-14 15:11:14.732,19951,19952,19951,1,-1
2024-03-14 15:11:14.732,19951,19952,19951,14,-14
2024-03-14 15:11:14.732,19951,19952,19951,3,-3
2024-03-14 15:11:14.732,19951,19952,19951,3,-3
2024-03-14 15:11:20.143,19950,19951,19950,1,-1
2024-03-14 15:11:20.143,19950,19951,19950,2,-2
2024-03-14 15:11:20.143,19950,19951,19950,5,-5
2024-03-14 15:11:20.143,19950,19951,19950,1,-1
2024-03-14 15:11:20.143,19950,19951,19950,1,-1
2024-03-14 15:11:20.143,19950,19951,19950,2,-2
2024-03-14 15:11:20.143,19950,19951,19950,3,-3
2024-03-14 15:11:20.143,19950,19951,19950,3,-3
2024-03-14 15:11:20.143,19950,19951,19950,1,-1
2024-03-14 15:11:20.144,19950,19951,19950,4,-4
2024-03-14 15:11:20.144,19950,19951,19950,1,-1
2024-03-14 15:11:20.144,19950,19951,19950,2,-2
2024-03-14 15:11:20.144,19950,19951,19950,1,-1
2024-03-14 15:11:20.144,19950,19951,19950,1,-1
2024-03-14 15:11:20.144,19950,19951,19950,4,-4
2024-03-14 15:11:20.144,19950,19951,19950,1,-1
2024-03-14 15:11:20.343,19949,19950,19949,3,-3
2024-03-14 15:11:20.344,19949,19950,19949,1,-1
2024-03-14 15:11:20.390,19948,19950,19948,1,-1
2024-03-14 15:11:32.119,19948,19949,19949,1,1
2024-03-14 15:11:32.207,19948,19949,19949,1,1
2024-03-14 15:11:32.538,19948,19949,19949,1,1
2024-03-14 15:11:33.300,19948,19950,19948,1,-1
2024-03-14 15:11:37.111,19948,19950,19948,24,-24
2024-03-14 15:11:38.161,19947,19948,19948,1,1
2024-03-14 15:11:38.861,19947,19948,19948,1,1
2024-03-14 15:11:39.010,19947,19948,19947,2,-2
2024-03-14 15:11:41.233,19946,19947,19946,1,-1
2024-03-14 15:11:42.067,19946,19947,19947,2,2
2024-03-14 15:11:43.088,19946,19947,19946,1,-1
2024-03-14 15:11:43.787,19946,19947,19946,1,-1
2024-03-14 15:11:44.739,19946,19947,19946,4,-4
2024-03-14 15:11:44.739,19946,19947,19945,36,-36
2024-03-14 15:11:44.741,19946,19947,19945,1,-1
2024-03-14 15:11:44.741,19946,19947,19945,1,-1
2024-03-14 15:11:44.815,19944,19945,19944,1,-1
2024-03-14 15:11:44.902,19944,19945,19944,2,-2
2024-03-14 15:11:44.964,19944,19945,19944,1,-1
2024-03-14 15:11:47.979,19944,19945,19944,2,-2
2024-03-14 15:11:48.040,19944,19945,19944,2,-2
2024-03-14 15:11:48.046,19944,19945,19944,1,-1
2024-03-14 15:11:49.173,19944,19945,19944,1,-1
2024-03-14 15:11:51.798,19944,19945,19945,1,1
2024-03-14 15:11:51.799,19944,19945,19945,2,2
2024-03-14 15:11:51.919,19945,19946,19946,1,1
2024-03-14 15:11:51.946,19945,19946,19945,1,-1
2024-03-14 15:11:52.043,19945,19946,19945,1,-1
2024-03-14 15:11:52.105,19945,19946,19945,2,-2
2024-03-14 15:11:53.112,19945,19946,19946,2,2
2024-03-14 15:11:53.614,19946,19948,19946,14,-14
2024-03-14 15:11:53.614,19946,19948,19945,1,-1
2024-03-14 15:11:56.640,19946,19947,19946,1,-1
2024-03-14 15:11:57.443,19945,19947,19945,1,-1
2024-03-14 15:11:57.986,19945,19946,19945,1,-1
2024-03-14 15:11:58.150,19944,19946,19945,1,-1
2024-03-14 15:11:59.820,19944,19946,19944,5,-5
2024-03-14 15:12:01.430,19945,19946,19945,1,-1
2024-03-14 15:12:02.032,19944,19945,19944,1,-1
2024-03-14 15:12:02.143,19944,19945,19944,7,-7
2024-03-14 15:12:02.143,19944,19945,19943,22,-22
2024-03-14 15:12:02.300,19942,19944,19942,1,-1
2024-03-14 15:12:02.426,19942,19943,19943,1,1
2024-03-14 15:12:03.611,19942,19944,19942,1,-1
2024-03-14 15:12:03.611,19942,19944,19942,1,-1
2024-03-14 15:12:03.612,19942,19944,19942,2,-2
2024-03-14 15:12:03.613,19942,19944,19942,4,-4
2024-03-14 15:12:03.998,19941,19943,19941,4,-4
2024-03-14 15:12:04.018,19941,19942,19941,1,-1
2024-03-14 15:12:05.989,19941,19943,19941,1,-1
2024-03-14 15:12:07.169,19942,19944,19942,1,-1
2024-03-14 15:12:09.589,19942,19944,19942,2,-2
2024-03-14 15:12:10.289,19942,19943,19942,4,-4
2024-03-14 15:12:10.444,19941,19943,19943,2,2
2024-03-14 15:12:13.073,19941,19942,19942,2,2
2024-03-14 15:12:16.442,19942,19943,19943,1,1
2024-03-14 15:12:16.724,19943,19945,19943,2,-2
2024-03-14 15:12:17.174,19942,19944,19942,1,-1
2024-03-14 15:12:17.333,19942,19943,19942,1,-1
2024-03-14 15:12:21.718,19942,19943,19943,2,2
2024-03-14 15:12:26.361,19943,19944,19944,3,3
2024-03-14 15:12:28.364,19944,19945,19944,4,-4
2024-03-14 15:12:33.383,19944,19945,19945,1,1
2024-03-14 15:12:34.391,19944,19945,19945,1,1
2024-03-14 15:12:34.447,19944,19945,19945,2,2
2024-03-14 15:12:34.449,19944,19945,19946,1,1
2024-03-14 15:12:34.450,19944,19945,19945,1,1
2024-03-14 15:12:47.552,19945,19946,19946,4,4
2024-03-14 15:12:48.053,19945,19946,19945,1,-1
2024-03-14 15:12:48.054,19945,19946,19945,1,-1
2024-03-14 15:12:57.642,19945,19946,19945,1,-1
2024-03-14 15:12:59.610,19945,19946,19945,2,-2
2024-03-14 15:13:11.996,19944,19945,19945,1,1
2024-03-14 15:13:12.285,19944,19945,19944,1,-1
2024-03-14 15:13:16.341,19944,19945,19944,1,-1
2024-03-14 15:13:19.940,19944,19945,19944,1,-1
2024-03-14 15:13:21.528,19944,19945,19945,3,3
2024-03-14 15:13:33.819,19944,19945,19944,1,-1
2024-03-14 15:13:37.412,19944,19945,19944,1,-1
2024-03-14 15:13:45.202,19944,19945,19944,1,-1
2024-03-14 15:13:47.599,19944,19945,19944,1,-1
2024-03-14 15:13:52.144,19944,19945,19944,2,-2
2024-03-14 15:13:52.145,19944,19945,19944,1,-1
2024-03-14 15:13:56.175,19943,19944,19943,1,-1
2024-03-14 15:13:56.175,19943,19944,19943,2,-2
2024-03-14 15:13:57.084,19942,19943,19942,6,-6
2024-03-14 15:13:58.061,19941,19942,19941,2,-2
2024-03-14 15:13:58.061,19941,19942,19941,1,-1
2024-03-14 15:14:01.322,19940,19941,19940,1,-1
2024-03-14 15:14:01.322,19940,19941,19940,1,-1
2024-03-14 15:14:01.322,19940,19941,19940,4,-4
2024-03-14 15:14:01.322,19940,19941,19940,1,-1
2024-03-14 15:14:01.322,19940,19941,19940,3,-3
2024-03-14 15:14:01.323,19940,19941,19940,2,-2
2024-03-14 15:14:01.323,19940,19941,19940,1,-1
2024-03-14 15:14:01.888,19939,19940,19939,6,-6
2024-03-14 15:14:01.901,19939,19940,19939,1,-1
2024-03-14 15:14:01.903,19939,19940,19939,1,-1
2024-03-14 15:14:01.998,19939,19940,19939,2,-2
2024-03-14 15:14:02.096,19938,19940,19939,1,-1
2024-03-14 15:14:02.102,19938,19940,19939,1,-1
2024-03-14 15:14:02.103,19938,19940,19939,6,-6
2024-03-14 15:14:02.109,19938,19940,19938,1,-1
2024-03-14 15:14:02.125,19938,19940,19938,1,-1
2024-03-14 15:14:02.238,19938,19940,19938,1,-1
2024-03-14 15:14:02.422,19938,19939,19938,1,-1
2024-03-14 15:14:02.492,19938,19939,19938,1,-1
2024-03-14 15:14:02.559,19937,19939,19937,4,-4
2024-03-14 15:14:02.559,19937,19939,19938,1,-1
2024-03-14 15:14:02.576,19937,19939,19937,1,-1
2024-03-14 15:14:04.470,19937,19939,19938,3,-3
2024-03-14 15:14:04.471,19937,19939,19938,2,-2
2024-03-14 15:14:04.471,19937,19939,19938,1,-1
2024-03-14 15:14:04.538,19937,19938,19937,1,-1
2024-03-14 15:14:05.254,19937,19938,19937,1,-1
2024-03-14 15:14:07.749,19937,19938,19938,1,1
2024-03-14 15:14:09.101,19938,19939,19938,1,-1
2024-03-14 15:14:10.879,19938,19939,19939,1,1
2024-03-14 15:14:14.815,19938,19939,19938,4,-4
2024-03-14 15:14:14.815,19938,19939,19938,1,-1
2024-03-14 15:14:14.816,19938,19939,19938,1,-1
2024-03-14 15:14:14.827,19938,19939,19938,3,-3
2024-03-14 15:14:15.862,19938,19939,19938,1,-1
2024-03-14 15:14:18.245,19937,19939,19937,1,-1
2024-03-14 15:14:20.308,19938,19939,19938,1,-1
2024-03-14 15:14:22.277,19938,19940,19938,1,-1
2024-03-14 15:14:22.746,19938,19940,19938,1,-1
2024-03-14 15:14:25.213,19938,19939,19939,1,1
2024-03-14 15:14:25.964,19939,19940,19939,1,-1
2024-03-14 15:14:27.847,19938,19939,19938,2,-2
2024-03-14 15:14:29.634,19938,19939,19939,1,1
2024-03-14 15:14:35.433,19938,19939,19938,1,-1
2024-03-14 15:14:37.060,19938,19939,19938,1,-1
2024-03-14 15:14:43.908,19938,19939,19938,1,-1
2024-03-14 15:14:44.018,19938,19939,19938,1,-1
2024-03-14 15:14:45.693,19938,19939,19937,9,-9
2024-03-14 15:14:45.693,19938,19939,19938,4,-4
2024-03-14 15:14:46.428,19937,19938,19937,1,-1
2024-03-14 15:14:46.591,19937,19938,19938,10,10
2024-03-14 15:14:48.721,19937,19938,19938,1,1
2024-03-14 15:14:49.398,19937,19938,19937,2,-2
2024-03-14 15:14:49.577,19937,19938,19938,1,1
2024-03-14 15:14:51.354,19937,19938,19937,1,-1
2024-03-14 15:14:56.663,19937,19938,19937,10,-10
2024-03-14 15:14:56.663,19937,19938,19936,33,-33
2024-03-14 15:14:57.563,19936,19937,19937,3,3
2024-03-14 15:14:57.648,19936,19937,19937,1,1
2024-03-14 15:14:58.996,19936,19937,19937,1,1
2024-03-14 15:15:00.619,19936,19937,19937,7,7
2024-03-14 15:15:01.073,19937,19938,19937,2,-2
2024-03-14 15:15:01.074,19937,19938,19938,2,2
2024-03-14 15:15:01.087,19937,19938,19937,1,-1
2024-03-14 15:15:01.130,19937,19939,19939,6,6
2024-03-14 15:15:01.263,19938,19939,19938,1,-1
2024-03-14 15:15:01.368,19938,19939,19939,1,1
2024-03-14 15:15:02.843,19938,19939,19939,1,1
2024-03-14 15:15:03.025,19938,19939,19939,1,1
2024-03-14 15:15:03.050,19938,19939,19939,1,1
2024-03-14 15:15:04.000,19938,19940,19939,1,1
2024-03-14 15:15:04.044,19938,19939,19939,1,1
2024-03-14 15:15:05.271,19938,19940,19938,3,-3
2024-03-14 15:15:06.006,19937,19939,19939,1,1
2024-03-14 15:15:06.945,19937,19939,19939,1,1
2024-03-14 15:15:08.594,19937,19939,19939,1,1
2024-03-14 15:15:08.594,19937,19939,19939,7,7
2024-03-14 15:15:09.733,19938,19940,19938,1,-1
2024-03-14 15:15:09.988,19937,19939,19939,1,1
2024-03-14 15:15:11.120,19938,19940,19938,1,-1
2024-03-14 15:15:11.582,19937,19939,19937,1,-1
2024-03-14 15:15:13.262,19937,19939,19937,1,-1
2024-03-14 15:15:13.993,19937,19939,19939,1,1
2024-03-14 15:15:15.969,19938,19939,19938,1,-1
2024-03-14 15:15:18.145,19938,19939,19939,1,1
2024-03-14 15:15:19.075,19938,19939,19938,1,-1
2024-03-14 15:15:22.828,19938,19939,19939,1,1
2024-03-14 15:15:27.102,19939,19940,19939,1,-1
2024-03-14 15:15:29.265,19939,19940,19939,2,-2
2024-03-14 15:15:30.084,19938,19940,19938,2,-2
2024-03-14 15:15:35.053,19938,19939,19939,1,1
2024-03-14 15:15:38.095,19939,19940,19939,1,-1
2024-03-14 15:15:38.551,19939,19940,19939,1,-1
2024-03-14 15:15:44.744,19939,19940,19939,2,-2
2024-03-14 15:15:45.050,19938,19939,19939,1,1
2024-03-14 15:15:49.824,19938,19939,19939,1,1
2024-03-14 15:15:50.281,19938,19939,19938,1,-1
2024-03-14 15:15:55.356,19938,19939,19939,1,1
2024-03-14 15:15:58.355,19938,19939,19938,5,-5
2024-03-14 15:15:58.873,19938,19939,19938,1,-1
2024-03-14 15:15:58.873,19938,19939,19938,1,-1
2024-03-14 15:15:58.873,19938,19939,19938,1,-1
2024-03-14 15:16:06.181,19938,19939,19938,5,-5
2024-03-14 15:16:11.345,19938,19939,19938,4,-4
2024-03-14 15:16:14.166,19938,19939,19938,6,-6
2024-03-14 15:16:14.167,19938,19939,19938,5,-5
2024-03-14 15:16:15.341,19938,19939,19939,2,2
2024-03-14 15:16:17.413,19938,19939,19939,2,2
2024-03-14 15:16:17.527,19939,19940,19940,2,2
2024-03-14 15:16:17.528,19939,19940,19940,1,1
2024-03-14 15:16:17.528,19939,19940,19940,6,6
2024-03-14 15:16:20.378,19940,19941,19941,1,1
2024-03-14 15:16:20.506,19940,19942,19940,1,-1
2024-03-14 15:16:27.567,19940,19941,19941,2,2
2024-03-14 15:16:48.620,19941,19943,19941,2,-2
2024-03-14 15:16:51.435,19941,19942,19942,3,3
2024-03-14 15:17:10.353,19942,19943,19942,1,-1
2024-03-14 15:17:10.805,19942,19943,19942,1,-1
2024-03-14 15:17:13.481,19942,19943,19943,1,1
2024-03-14 15:17:14.470,19942,19943,19943,1,1
2024-03-14 15:17:17.974,19942,19943,19943,1,1
2024-03-14 15:17:18.435,19942,19943,19943,1,1
2024-03-14 15:17:20.788,19943,19944,19944,1,1
2024-03-14 15:17:20.788,19943,19944,19944,1,1
2024-03-14 15:17:27.215,19944,19945,19945,1,1
2024-03-14 15:17:28.859,19944,19945,19945,1,1
2024-03-14 15:17:33.062,19944,19945,19945,1,1
2024-03-14 15:17:35.275,19944,19945,19945,1,1
2024-03-14 15:17:38.726,19944,19945,19944,1,-1
2024-03-14 15:17:41.576,19944,19945,19944,1,-1
2024-03-14 15:17:51.328,19943,19944,19944,2,2
2024-03-14 15:18:00.384,19942,19943,19943,1,1
2024-03-14 15:18:00.399,19942,19943,19943,1,1
2024-03-14 15:18:03.179,19943,19944,19944,1,1
2024-03-14 15:18:13.424,19944,19945,19945,1,1
2024-03-14 15:18:13.719,19944,19945,19944,1,-1
2024-03-14 15:18:14.671,19944,19945,19945,2,2
2024-03-14 15:18:16.146,19944,19945,19945,2,2
2024-03-14 15:18:20.119,19944,19945,19945,2,2
2024-03-14 15:18:24.953,19945,19946,19945,1,-1
2024-03-14 15:18:26.452,19945,19946,19945,1,-1
2024-03-14 15:18:26.454,19945,19946,19945,1,-1
2024-03-14 15:18:27.902,19944,19945,19945,1,1
2024-03-14 15:18:30.394,19944,19945,19945,1,1
2024-03-14 15:18:33.794,19945,19946,19945,1,-1
2024-03-14 15:18:39.017,19945,19946,19946,2,2
2024-03-14 15:18:39.221,19945,19946,19946,4,4
2024-03-14 15:18:39.221,19945,19946,19947,2,2
2024-03-14 15:18:45.968,19946,19947,19947,1,1
2024-03-14 15:18:45.968,19946,19947,19947,1,1
2024-03-14 15:18:48.076,19947,19948,19948,1,1
2024-03-14 15:18:52.556,19947,19948,19948,2,2
2024-03-14 15:18:53.033,19947,19948,19948,6,6
2024-03-14 15:18:53.033,19947,19948,19948,1,1
2024-03-14 15:18:57.678,19947,19949,19949,1,1
2024-03-14 15:18:57.802,19947,19949,19949,1,1
2024-03-14 15:19:01.093,19948,19949,19948,2,-2
2024-03-14 15:19:01.511,19946,19948,19948,1,1
2024-03-14 15:19:01.668,19946,19948,19948,1,1
2024-03-14 15:19:01.830,19946,19948,19949,1,1
2024-03-14 15:19:01.989,19946,19948,19948,1,1
2024-03-14 15:19:02.170,19946,19948,19948,1,1
2024-03-14 15:19:02.307,19946,19948,19948,1,1
2024-03-14 15:19:02.320,19946,19948,19948,1,1
2024-03-14 15:19:02.438,19946,19948,19948,1,1
2024-03-14 15:19:02.584,19946,19948,19948,1,1
2024-03-14 15:19:02.734,19946,19948,19948,1,1
2024-03-14 15:19:02.872,19946,19948,19948,1,1
2024-03-14 15:19:03.029,19946,19948,19948,1,1
2024-03-14 15:19:03.183,19946,19948,19948,1,1
2024-03-14 15:19:03.364,19946,19948,19947,1,1
2024-03-14 15:19:03.500,19946,19948,19948,1,1
2024-03-14 15:19:03.656,19946,19948,19948,1,1
2024-03-14 15:19:17.322,19945,19946,19946,1,1
2024-03-14 15:19:24.868,19945,19946,19945,2,-2
2024-03-14 15:19:24.868,19945,19946,19945,1,-1
2024-03-14 15:19:24.883,19944,19946,19944,1,-1
2024-03-14 15:19:30.983,19943,19945,19943,1,-1
2024-03-14 15:19:42.969,19942,19944,19943,1,-1
2024-03-14 15:19:45.914,19942,19943,19943,2,2
2024-03-14 15:19:48.837,19942,19943,19943,9,9
2024-03-14 15:19:49.722,19943,19944,19944,3,3
2024-03-14 15:19:49.722,19943,19944,19945,1,1
2024-03-14 15:19:52.904,19943,19945,19945,2,2
2024-03-14 15:19:55.746,19944,19945,19945,1,1
2024-03-14 15:19:57.518,19944,19945,19945,1,1
2024-03-14 15:19:59.195,19944,19945,19945,1,1
2024-03-14 15:20:07.554,19944,19945,19945,1,1
2024-03-14 15:20:07.641,19944,19945,19944,1,-1
2024-03-14 15:20:07.641,19944,19945,19943,1,-1
2024-03-14 15:20:07.641,19944,19945,19943,1,-1
2024-03-14 15:20:07.641,19944,19945,19943,1,-1
2024-03-14 15:20:07.641,19944,19945,19943,1,-1
2024-03-14 15:20:13.180,19944,19945,19944,1,-1
2024-03-14 15:20:13.255,19943,19944,19944,1,1
2024-03-14 15:20:13.256,19943,19944,19943,1,-1
2024-03-14 15:20:16.405,19943,19944,19943,1,-1
2024-03-14 15:20:20.944,19942,19943,19942,1,-1
2024-03-14 15:20:24.348,19942,19943,19942,1,-1
2024-03-14 15:20:24.380,19942,19943,19942,1,-1
2024-03-14 15:20:25.813,19942,19943,19942,1,-1
2024-03-14 15:20:29.212,19942,19943,19942,1,-1
2024-03-14 15:20:32.893,19942,19943,19942,2,-2
2024-03-14 15:20:33.005,19940,19942,19940,1,-1
2024-03-14 15:20:33.237,19940,19942,19940,3,-3
2024-03-14 15:20:38.957,19941,19942,19941,2,-2
2024-03-14 15:20:50.565,19941,19942,19941,2,-2
2024-03-14 15:20:50.934,19941,19942,19941,1,-1
2024-03-14 15:20:53.611,19941,19942,19941,1,-1
2024-03-14 15:20:53.633,19940,19941,19940,1,-1
2024-03-14 15:20:55.185,19940,19941,19941,1,1
2024-03-14 15:21:02.766,19940,19942,19942,4,4
2024-03-14 15:21:02.767,19940,19942,19942,4,4
2024-03-14 15:21:02.767,19940,19942,19942,1,1
2024-03-14 15:21:02.816,19940,19942,19942,1,1
2024-03-14 15:21:03.325,19942,19943,19942,1,-1
2024-03-14 15:21:03.450,19941,19943,19941,1,-1
2024-03-14 15:21:03.744,19941,19943,19941,1,-1
2024-03-14 15:21:12.146,19941,19943,19941,1,-1
2024-03-14 15:21:12.147,19941,19943,19941,6,-6
2024-03-14 15:21:13.541,19940,19941,19940,2,-2
2024-03-14 15:21:17.229,19940,19941,19941,1,1
2024-03-14 15:21:18.832,19940,19941,19940,2,-2
2024-03-14 15:21:18.832,19940,19941,19940,1,-1
2024-03-14 15:21:18.832,19940,19941,19940,3,-3
2024-03-14 15:21:18.833,19940,19941,19940,1,-1
2024-03-14 15:21:46.959,19939,19940,19940,1,1
2024-03-14 15:21:46.960,19939,19940,19940,7,7
2024-03-14 15:21:46.960,19939,19940,19940,1,1
2024-03-14 15:21:46.960,19939,19940,19940,6,6
2024-03-14 15:21:47.050,19940,19941,19940,1,-1
2024-03-14 15:21:51.313,19940,19941,19941,1,1
2024-03-14 15:21:56.962,19941,19942,19941,1,-1
2024-03-14 15:22:00.405,19941,19943,19941,1,-1
2024-03-14 15:22:01.565,19941,19943,19942,1,-1
2024-03-14 15:22:01.671,19942,19943,19942,1,-1
2024-03-14 15:22:01.878,19942,19943,19942,1,-1
2024-03-14 15:22:08.498,19941,19942,19942,1,1
2024-03-14 15:22:11.061,19942,19943,19943,1,1
2024-03-14 15:22:15.602,19943,19944,19943,2,-2
2024-03-14 15:22:23.025,19942,19943,19942,1,-1
2024-03-14 15:22:24.520,19942,19943,19943,1,1
2024-03-14 15:22:25.561,19942,19943,19942,3,-3
2024-03-14 15:22:25.561,19942,19943,19941,1,-1
2024-03-14 15:22:30.924,19942,19943,19943,1,1
2024-03-14 15:22:31.722,19942,19943,19942,1,-1
2024-03-14 15:22:33.378,19941,19943,19943,1,1
2024-03-14 15:22:33.823,19941,19943,19942,1,1
2024-03-14 15:22:36.271,19941,19942,19941,2,-2
2024-03-14 15:22:41.233,19940,19941,19940,5,-5
2024-03-14 15:22:41.233,19940,19941,19940,1,-1
2024-03-14 15:22:41.234,19940,19941,19940,3,-3
2024-03-14 15:22:42.153,19939,19941,19939,16,-16
2024-03-14 15:23:01.539,19939,19940,19939,1,-1
2024-03-14 15:23:01.790,19939,19940,19940,2,2
2024-03-14 15:23:01.829,19939,19940,19941,2,2
2024-03-14 15:23:16.127,19940,19941,19940,1,-1
2024-03-14 15:23:19.636,19940,19941,19942,2,2
2024-03-14 15:23:19.636,19940,19941,19941,1,1
2024-03-14 15:23:20.909,19940,19942,19940,4,-4
2024-03-14 15:23:25.243,19940,19941,19941,1,1
2024-03-14 15:23:33.928,19940,19941,19941,3,3
2024-03-14 15:23:37.424,19940,19941,19941,1,1
2024-03-14 15:23:44.061,19940,19941,19940,1,-1
2024-03-14 15:24:00.095,19940,19941,19941,1,1
2024-03-14 15:24:00.330,19940,19941,19940,1,-1
2024-03-14 15:24:03.334,19940,19941,19941,2,2
2024-03-14 15:24:03.578,19940,19941,19940,1,-1
2024-03-14 15:24:04.475,19940,19941,19940,2,-2
2024-03-14 15:24:08.498,19940,19941,19941,4,4
2024-03-14 15:24:11.380,19941,19942,19941,1,-1
2024-03-14 15:24:12.513,19941,19942,19942,2,2
2024-03-14 15:24:26.541,19941,19942,19941,1,-1
2024-03-14 15:24:27.482,19941,19942,19942,1,1
2024-03-14 15:24:29.410,19941,19942,19942,1,1
2024-03-14 15:24:30.261,19941,19943,19941,1,-1
2024-03-14 15:24:34.086,19942,19943,19943,1,1
2024-03-14 15:24:34.609,19942,19943,19942,1,-1
2024-03-14 15:24:43.755,19942,19943,19942,1,-1
2024-03-14 15:24:45.048,19941,19943,19943,1,1
2024-03-14 15:24:52.820,19942,19943,19942,1,-1
2024-03-14 15:24:52.820,19942,19943,19941,7,-7
2024-03-14 15:24:52.929,19941,19942,19942,1,1
2024-03-14 15:25:03.481,19942,19943,19943,2,2
2024-03-14 15:25:04.011,19942,19943,19942,1,-1
2024-03-14 15:25:34.546,19942,19943,19942,1,-1
2024-03-14 15:25:34.650,19942,19943,19943,4,4
2024-03-14 15:25:48.402,19943,19944,19943,1,-1
2024-03-14 15:25:48.402,19943,19944,19943,1,-1
2024-03-14 15:25:53.126,19942,19944,19942,1,-1
2024-03-14 15:25:54.141,19942,19943,19943,1,1
2024-03-14 15:26:00.507,19942,19943,19942,3,-3
2024-03-14 15:26:01.130,19941,19942,19942,1,1
2024-03-14 15:26:01.959,19941,19942,19942,1,1
2024-03-14 15:26:02.217,19941,19942,19941,1,-1
2024-03-14 15:26:02.754,19940,19942,19940,1,-1
2024-03-14 15:26:17.637,19940,19942,19940,1,-1
2024-03-14 15:26:19.291,19940,19942,19940,3,-3
2024-03-14 15:26:40.940,19940,19941,19940,1,-1
2024-03-14 15:26:55.681,19940,19941,19941,4,4
2024-03-14 15:26:55.681,19940,19941,19941,1,1
2024-03-14 15:27:01.983,19941,19942,19942,1,1
2024-03-14 15:27:01.983,19941,19942,19942,2,2
2024-03-14 15:27:02.299,19942,19944,19942,1,-1
2024-03-14 15:27:19.797,19942,19943,19942,3,-3
2024-03-14 15:27:22.871,19941,19942,19942,1,1
2024-03-14 15:27:24.189,19941,19942,19942,1,1
2024-03-14 15:27:24.407,19942,19944,19942,4,-4
2024-03-14 15:27:28.544,19940,19942,19941,1,-1
2024-03-14 15:27:29.312,19941,19942,19941,1,-1
2024-03-14 15:27:34.943,19941,19942,19942,1,1
2024-03-14 15:28:01.368,19941,19942,19942,1,1
2024-03-14 15:28:01.895,19941,19942,19941,1,-1
2024-03-14 15:28:06.632,19941,19942,19941,1,-1
2024-03-14 15:28:06.706,19941,19942,19941,2,-2
2024-03-14 15:28:13.525,19941,19942,19941,1,-1
2024-03-14 15:28:23.058,19940,19941,19941,3,3
2024-03-14 15:28:23.059,19940,19941,19941,2,2
2024-03-14 15:28:26.435,19941,19943,19942,1,1
2024-03-14 15:28:47.747,19942,19943,19943,1,1
2024-03-14 15:28:47.747,19942,19943,19943,5,5
2024-03-14 15:28:56.158,19943,19944,19943,3,-3
2024-03-14 15:28:58.862,19942,19943,19943,1,1
2024-03-14 15:29:00.346,19942,19943,19943,1,1
2024-03-14 15:29:00.381,19943,19944,19944,1,1
2024-03-14 15:29:00.381,19943,19944,19944,1,1
2024-03-14 15:29:01.914,19943,19944,19943,1,-1
2024-03-14 15:29:02.006,19943,19944,19944,1,1
2024-03-14 15:29:02.006,19943,19944,19944,4,4
2024-03-14 15:29:05.781,19944,19945,19944,2,-2
2024-03-14 15:29:19.731,19943,19944,19944,1,1
2024-03-14 15:29:30.420,19943,19944,19943,3,-3
2024-03-14 15:29:41.415,19943,19944,19944,2,2
2024-03-14 15:29:50.960,19943,19944,19943,2,-2
2024-03-14 15:29:50.961,19943,19944,19943,2,-2
2024-03-14 15:29:51.006,19942,19943,19943,1,1
2024-03-14 15:29:59.009,19942,19943,19943,2,2
2024-03-14 15:30:22.341,19942,19943,19943,2,2
2024-03-14 15:30:22.590,19942,19943,19943,1,1
2024-03-14 15:30:22.590,19942,19943,19944,1,1
2024-03-14 15:30:22.632,19942,19944,19942,1,-1
2024-03-14 15:30:23.003,19942,19944,19944,1,1
2024-03-14 15:30:23.026,19942,19944,19944,1,1
2024-03-14 15:30:23.118,19942,19944,19944,1,1
2024-03-14 15:30:23.119,19942,19944,19944,1,1
2024-03-14 15:30:23.174,19943,19944,19943,1,-1
2024-03-14 15:30:23.175,19943,19944,19943,4,-4
2024-03-14 15:30:23.256,19942,19944,19942,1,-1
2024-03-14 15:30:23.903,19942,19943,19942,2,-2
2024-03-14 15:30:24.246,19942,19943,19943,3,3
2024-03-14 15:30:30.911,19942,19943,19943,1,1
2024-03-14 15:30:32.580,19942,19943,19943,1,1
2024-03-14 15:30:37.503,19942,19943,19942,1,-1
2024-03-14 15:30:45.066,19942,19943,19943,1,1
2024-03-14 15:30:45.325,19943,19944,19944,9,9
2024-03-14 15:30:45.369,19943,19944,19945,37,37
2024-03-14 15:30:45.370,19943,19944,19946,1,1
2024-03-14 15:30:45.370,19943,19944,19946,2,2
2024-03-14 15:30:45.370,19943,19944,19946,1,1
2024-03-14 15:30:45.371,19943,19944,19946,3,3
2024-03-14 15:30:45.371,19943,19944,19946,1,1
2024-03-14 15:30:45.402,19946,19947,19947,2,2
2024-03-14 15:30:48.951,19945,19946,19945,2,-2
2024-03-14 15:30:55.548,19945,19946,19946,1,1
2024-03-14 15:31:01.031,19946,19947,19946,1,-1
2024-03-14 15:31:01.756,19945,19947,19947,1,1
2024-03-14 15:31:06.104,19946,19947,19947,1,1
2024-03-14 15:31:06.198,19946,19947,19947,2,2
2024-03-14 15:31:06.198,19946,19947,19946,7,-7
2024-03-14 15:31:06.769,19945,19946,19946,1,1
2024-03-14 15:31:06.854,19945,19946,19946,2,2
2024-03-14 15:31:07.442,19945,19946,19946,2,2
2024-03-14 15:31:07.443,19945,19946,19946,1,1
2024-03-14 15:31:07.443,19945,19946,19947,3,3
2024-03-14 15:31:14.313,19945,19947,19947,2,2
2024-03-14 15:31:21.368,19945,19947,19947,1,1
2024-03-14 15:31:25.507,19946,19947,19947,1,1
2024-03-14 15:31:26.439,19946,19947,19947,2,2
2024-03-14 15:31:34.214,19946,19947,19947,1,1
2024-03-14 15:31:42.148,19946,19947,19947,2,2
2024-03-14 15:31:44.867,19946,19947,19947,2,2
2024-03-14 15:31:45.505,19946,19947,19946,4,-4
2024-03-14 15:31:52.988,19946,19947,19947,1,1
2024-03-14 15:31:54.476,19946,19947,19947,4,4
2024-03-14 15:31:59.499,19947,19948,19947,4,-4
2024-03-14 15:31:59.555,19946,19948,19948,1,1
2024-03-14 15:32:08.486,19947,19948,19947,1,-1
2024-03-14 15:32:08.487,19947,19948,19947,1,-1
2024-03-14 15:32:12.424,19946,19947,19946,2,-2
2024-03-14 15:32:14.811,19945,19947,19947,8,8
2024-03-14 15:32:36.374,19946,19947,19946,1,-1
2024-03-14 15:32:40.246,19946,19947,19947,2,2
2024-03-14 15:32:52.915,19947,19948,19948,1,1
2024-03-14 15:32:58.785,19947,19948,19947,1,-1
2024-03-14 15:32:59.773,19947,19948,19948,1,1
2024-03-14 15:33:14.576,19947,19948,19947,2,-2
2024-03-14 15:33:16.867,19947,19948,19947,1,-1
2024-03-14 15:33:18.297,19947,19948,19948,1,1
2024-03-14 15:33:37.780,19947,19948,19947,3,-3
2024-03-14 15:33:37.780,19947,19948,19947,1,-1
2024-03-14 15:33:40.711,19945,19947,19947,2,2
2024-03-14 15:33:50.089,19946,19947,19946,1,-1
2024-03-14 15:33:59.871,19945,19946,19945,1,-1
2024-03-14 15:34:01.951,19945,19946,19945,1,-1
2024-03-14 15:34:01.951,19945,19946,19945,1,-1
2024-03-14 15:34:06.125,19943,19945,19943,1,-1
2024-03-14 15:34:06.193,19943,19945,19943,1,-1
2024-03-14 15:34:06.369,19943,19945,19943,1,-1
2024-03-14 15:34:06.611,19943,19945,19945,1,1
2024-03-14 15:34:08.445,19943,19945,19943,1,-1
2024-03-14 15:34:09.719,19943,19945,19943,12,-12
2024-03-14 15:34:10.442,19943,19944,19943,1,-1
2024-03-14 15:34:13.658,19943,19944,19943,1,-1
2024-03-14 15:34:18.232,19942,19943,19943,1,1
2024-03-14 15:34:21.966,19943,19944,19944,1,1
2024-03-14 15:34:21.966,19943,19944,19944,1,1
2024-03-14 15:34:28.925,19944,19945,19944,1,-1
2024-03-14 15:34:40.772,19944,19945,19944,1,-1
2024-03-14 15:34:54.153,19944,19945,19945,3,3
2024-03-14 15:34:54.457,19944,19945,19945,3,3
2024-03-14 15:34:54.557,19944,19946,19946,3,3
2024-03-14 15:34:56.494,19944,19945,19945,1,1
2024-03-14 15:35:00.226,19945,19946,19946,2,2
2024-03-14 15:35:07.545,19944,19945,19945,1,1
2024-03-14 15:35:07.693,19944,19945,19944,1,-1
2024-03-14 15:35:13.952,19944,19945,19944,1,-1
2024-03-14 15:35:17.422,19943,19945,19943,1,-1
2024-03-14 15:35:23.038,19942,19943,19943,1,1
2024-03-14 15:35:24.583,19942,19944,19942,1,-1
2024-03-14 15:35:29.702,19942,19943,19942,3,-3
2024-03-14 15:35:31.198,19942,19943,19942,3,-3
2024-03-14 15:35:32.612,19942,19943,19942,1,-1
2024-03-14 15:35:40.293,19942,19943,19942,5,-5
2024-03-14 15:35:43.209,19942,19943,19942,1,-1
2024-03-14 15:35:50.990,19941,19942,19942,2,2
2024-03-14 15:35:55.444,19941,19942,19941,1,-1
2024-03-14 15:35:59.628,19941,19942,19941,1,-1
2024-03-14 15:35:59.629,19941,19942,19941,3,-3
2024-03-14 15:35:59.629,19941,19942,19941,4,-4
2024-03-14 15:35:59.629,19941,19942,19941,2,-2
2024-03-14 15:36:00.845,19940,19941,19940,11,-11
2024-03-14 15:36:01.593,19939,19940,19939,2,-2
2024-03-14 15:36:01.594,19939,19940,19939,2,-2
2024-03-14 15:36:01.594,19939,19940,19939,11,-11
2024-03-14 15:36:06.578,19938,19939,19939,2,2
2024-03-14 15:36:10.028,19938,19939,19938,3,-3
2024-03-14 15:36:11.857,19938,19939,19939,2,2
2024-03-14 15:36:14.258,19939,19941,19939,3,-3
2024-03-14 15:36:15.817,19939,19941,19939,1,-1
2024-03-14 15:36:26.527,19938,19940,19938,1,-1
2024-03-14 15:36:30.864,19939,19940,19939,2,-2
2024-03-14 15:36:33.131,19939,19940,19940,1,1
2024-03-14 15:36:42.470,19939,19940,19939,1,-1
2024-03-14 15:36:43.614,19939,19940,19939,1,-1
2024-03-14 15:36:58.150,19939,19940,19939,1,-1
2024-03-14 15:36:59.239,19939,19940,19940,4,4
2024-03-14 15:36:59.241,19939,19940,19940,3,3
2024-03-14 15:36:59.242,19939,19940,19940,4,4
2024-03-14 15:37:01.356,19940,19941,19941,1,1
2024-03-14 15:37:01.357,19940,19941,19941,1,1
2024-03-14 15:37:04.384,19940,19942,19940,18,-18
2024-03-14 15:37:11.761,19940,19942,19940,1,-1
2024-03-14 15:37:13.556,19940,19941,19942,9,9
2024-03-14 15:37:13.556,19940,19941,19941,1,1
2024-03-14 15:37:17.073,19940,19941,19941,1,1
2024-03-14 15:37:20.232,19940,19941,19941,1,1
2024-03-14 15:37:29.210,19941,19942,19941,1,-1
2024-03-14 15:37:29.210,19941,19942,19940,1,-1
2024-03-14 15:37:36.325,19940,19942,19942,1,1
2024-03-14 15:37:36.396,19940,19942,19942,1,1
2024-03-14 15:37:56.133,19940,19941,19941,2,2
2024-03-14 15:37:58.178,19941,19942,19941,1,-1
2024-03-14 15:38:07.535,19940,19942,19942,1,1
2024-03-14 15:38:09.218,19940,19941,19940,6,-6
2024-03-14 15:38:09.606,19940,19941,19940,1,-1
2024-03-14 15:38:09.607,19940,19941,19940,5,-5
2024-03-14 15:38:09.608,19940,19941,19940,1,-1
2024-03-14 15:38:13.675,19939,19940,19940,1,1
2024-03-14 15:38:20.644,19939,19940,19939,1,-1
2024-03-14 15:38:24.813,19939,19940,19939,1,-1
2024-03-14 15:38:27.514,19939,19940,19939,1,-1
2024-03-14 15:38:27.515,19939,19940,19939,1,-1
2024-03-14 15:38:36.186,19938,19940,19940,11,11
2024-03-14 15:38:36.187,19938,19940,19940,1,1
2024-03-14 15:38:36.292,19940,19941,19939,2,-2
2024-03-14 15:38:36.402,19938,19939,19939,1,1
2024-03-14 15:38:40.878,19938,19939,19939,1,1
2024-03-14 15:38:41.005,19938,19940,19940,1,1
2024-03-14 15:38:43.268,19939,19940,19940,1,1
2024-03-14 15:38:52.715,19938,19940,19940,1,1
2024-03-14 15:38:52.765,19938,19940,19938,1,-1
2024-03-14 15:39:07.712,19939,19940,19940,1,1
2024-03-14 15:39:16.128,19939,19940,19939,1,-1
2024-03-14 15:39:22.304,19939,19940,19939,1,-1
2024-03-14 15:39:23.358,19939,19940,19940,1,1
2024-03-14 15:39:28.890,19939,19940,19939,1,-1
2024-03-14 15:39:28.890,19939,19940,19939,1,-1
2024-03-14 15:39:34.795,19938,19939,19938,2,-2
2024-03-14 15:39:34.795,19938,19939,19938,2,-2
2024-03-14 15:39:34.796,19938,19939,19938,8,-8
2024-03-14 15:39:34.796,19938,19939,19938,6,-6
2024-03-14 15:39:34.796,19938,19939,19938,3,-3
2024-03-14 15:39:35.118,19937,19938,19937,1,-1
2024-03-14 15:39:35.119,19937,19938,19937,1,-1
2024-03-14 15:39:35.119,19937,19938,19937,1,-1
2024-03-14 15:39:35.119,19937,19938,19937,6,-6
2024-03-14 15:39:35.295,19936,19937,19937,1,1
2024-03-14 15:39:39.751,19936,19937,19937,1,1
2024-03-14 15:39:46.349,19936,19937,19937,1,1
2024-03-14 15:39:46.803,19936,19938,19936,14,-14
2024-03-14 15:39:48.169,19936,19937,19936,1,-1
2024-03-14 15:39:48.432,19936,19937,19936,3,-3
2024-03-14 15:39:48.502,19936,19937,19935,2,-2
2024-03-14 15:39:48.514,19935,19936,19935,5,-5
2024-03-14 15:39:48.536,19935,19936,19935,1,-1
2024-03-14 15:39:48.588,19935,19936,19935,1,-1
2024-03-14 15:39:48.885,19935,19936,19936,1,1
2024-03-14 15:39:48.885,19935,19936,19937,1,1
2024-03-14 15:39:48.887,19935,19936,19937,1,1
2024-03-14 15:39:50.639,19935,19936,19936,1,1
2024-03-14 15:39:51.924,19935,19936,19935,2,-2
2024-03-14 15:39:54.015,19935,19936,19936,2,2
2024-03-14 15:39:55.443,19936,19937,19937,1,1
2024-03-14 15:40:04.231,19937,19939,19937,1,-1
2024-03-14 15:40:04.598,19937,19939,19937,4,-4
2024-03-14 15:40:08.056,19937,19939,19937,5,-5
2024-03-14 15:40:11.783,19937,19939,19937,1,-1
2024-03-14 15:40:11.880,19937,19939,19937,1,-1
2024-03-14 15:40:15.713,19936,19937,19937,1,1
2024-03-14 15:40:16.209,19936,19937,19937,3,3
2024-03-14 15:40:17.410,19936,19938,19936,5,-5
2024-03-14 15:40:18.438,19936,19938,19936,2,-2
2024-03-14 15:40:24.967,19936,19937,19936,5,-5
2024-03-14 15:40:24.969,19936,19937,19935,16,-16
2024-03-14 15:40:24.970,19936,19937,19936,1,-1
2024-03-14 15:40:24.970,19936,19937,19935,3,-3
2024-03-14 15:40:24.970,19936,19937,19935,4,-4
2024-03-14 15:40:24.971,19936,19937,19935,1,-1
2024-03-14 15:40:24.971,19936,19937,19935,1,-1
2024-03-14 15:40:28.457,19935,19936,19936,1,1
2024-03-14 15:40:28.559,19935,19936,19936,1,1
2024-03-14 15:40:31.505,19935,19936,19936,1,1
2024-03-14 15:40:32.733,19935,19936,19936,2,2
2024-03-14 15:40:44.440,19936,19937,19936,1,-1
2024-03-14 15:40:49.900,19936,19937,19937,1,1
2024-03-14 15:40:55.564,19936,19937,19936,3,-3
2024-03-14 15:40:58.090,19936,19937,19937,3,3
2024-03-14 15:40:58.090,19936,19937,19938,12,12
2024-03-14 15:40:58.164,19939,19940,19940,1,1
2024-03-14 15:40:58.193,19939,19940,19940,3,3
2024-03-14 15:40:58.193,19939,19940,19940,2,2
2024-03-14 15:40:58.202,19939,19940,19941,3,3
2024-03-14 15:40:58.229,19939,19940,19940,3,3
2024-03-14 15:40:58.344,19939,19940,19941,2,2
2024-03-14 15:40:58.344,19939,19940,19940,1,1
2024-03-14 15:41:05.236,19939,19941,19941,1,1
2024-03-14 15:41:05.246,19939,19941,19941,1,1
2024-03-14 15:41:07.441,19939,19941,19939,5,-5
2024-03-14 15:41:08.181,19938,19940,19940,3,3
2024-03-14 15:41:09.183,19938,19940,19940,1,1
2024-03-14 15:41:09.183,19938,19940,19940,1,1
2024-03-14 15:41:09.183,19938,19940,19940,1,1
2024-03-14 15:41:09.184,19938,19940,19940,1,1
2024-03-14 15:41:09.184,19938,19940,19940,1,1
2024-03-14 15:41:09.205,19938,19940,19941,1,1
2024-03-14 15:41:09.215,19938,19940,19942,3,3
2024-03-14 15:41:09.283,19941,19943,19943,3,3
2024-03-14 15:41:09.284,19941,19943,19943,3,3
2024-03-14 15:41:09.767,19941,19943,19943,3,3
2024-03-14 15:41:09.768,19941,19943,19942,1,1
2024-03-14 15:41:12.159,19941,19943,19941,1,-1
2024-03-14 15:41:15.934,19941,19943,19941,1,-1
2024-03-14 15:41:17.033,19941,19943,19941,1,-1
2024-03-14 15:41:17.464,19941,19943,19941,1,-1
2024-03-14 15:41:24.404,19942,19943,19942,1,-1
2024-03-14 15:41:25.884,19941,19942,19942,1,1
2024-03-14 15:41:29.345,19941,19943,19941,3,-3
2024-03-14 15:41:32.090,19942,19943,19942,1,-1
2024-03-14 15:41:39.728,19941,19942,19942,1,1
2024-03-14 15:41:40.657,19941,19942,19942,1,1
2024-03-14 15:41:43.708,19941,19942,19942,1,1
2024-03-14 15:41:43.709,19941,19942,19942,2,2
2024-03-14 15:41:43.825,19942,19944,19944,3,3
2024-03-14 15:41:45.066,19943,19944,19943,1,-1
2024-03-14 15:41:47.393,19943,19944,19943,1,-1
2024-03-14 15:41:52.267,19943,19944,19943,2,-2
2024-03-14 15:41:59.297,19943,19944,19943,1,-1
2024-03-14 15:42:07.259,19943,19944,19943,1,-1
2024-03-14 15:42:07.818,19942,19943,19943,3,3
2024-03-14 15:42:07.952,19942,19943,19943,1,1
2024-03-14 15:42:21.752,19942,19943,19943,1,1
2024-03-14 15:42:36.199,19943,19944,19943,2,-2
2024-03-14 15:42:37.662,19943,19944,19944,1,1
2024-03-14 15:42:39.883,19943,19944,19944,1,1
2024-03-14 15:42:39.884,19943,19944,19944,1,1
2024-03-14 15:42:39.884,19943,19944,19944,1,1
2024-03-14 15:42:39.884,19943,19944,19944,1,1
2024-03-14 15:42:43.826,19943,19944,19944,1,1
2024-03-14 15:42:43.826,19943,19944,19944,1,1
2024-03-14 15:42:43.965,19944,19945,19945,3,3
2024-03-14 15:42:44.368,19944,19945,19945,2,2
2024-03-14 15:42:44.368,19944,19945,19946,1,1
2024-03-14 15:42:45.151,19944,19946,19944,1,-1
2024-03-14 15:42:45.518,19944,19945,19945,1,1
2024-03-14 15:42:48.902,19945,19946,19946,16,16
2024-03-14 15:42:49.627,19945,19946,19945,1,-1
2024-03-14 15:42:54.832,19944,19946,19945,1,-1
2024-03-14 15:43:05.837,19945,19946,19945,3,-3
2024-03-14 15:43:14.335,19944,19945,19944,1,-1
2024-03-14 15:43:15.932,19944,19945,19944,1,-1
2024-03-14 15:43:28.072,19944,19945,19944,2,-2
2024-03-14 15:43:28.072,19944,19945,19944,1,-1
2024-03-14 15:43:30.115,19943,19944,19943,1,-1
2024-03-14 15:43:30.116,19943,19944,19943,2,-2
2024-03-14 15:43:35.312,19943,19944,19943,1,-1
2024-03-14 15:43:35.312,19943,19944,19942,1,-1
2024-03-14 15:43:39.859,19942,19944,19944,1,1
2024-03-14 15:43:54.878,19943,19944,19943,1,-1
2024-03-14 15:43:55.143,19943,19944,19944,1,1
2024-03-14 15:43:55.653,19943,19944,19944,1,1
2024-03-14 15:44:12.255,19944,19945,19943,1,-1
2024-03-14 15:44:12.255,19944,19945,19944,1,-1
2024-03-14 15:44:18.389,19943,19944,19944,1,1
2024-03-14 15:44:24.174,19943,19944,19944,1,1
2024-03-14 15:44:26.350,19944,19945,19944,1,-1
2024-03-14 15:44:33.787,19944,19945,19944,1,-1
2024-03-14 15:44:33.787,19944,19945,19944,2,-2
2024-03-14 15:44:40.077,19944,19945,19945,1,1
2024-03-14 15:44:41.299,19944,19945,19945,1,1
2024-03-14 15:44:58.506,19944,19945,19944,2,-2
2024-03-14 15:44:58.507,19944,19945,19944,1,-1
2024-03-14 15:45:03.421,19943,19944,19943,1,-1
2024-03-14 15:45:03.520,19943,19944,19944,1,1
2024-03-14 15:45:03.844,19943,19945,19945,1,1
2024-03-14 15:45:03.903,19943,19945,19945,1,1
2024-03-14 15:45:04.070,19943,19945,19945,1,1
2024-03-14 15:45:04.070,19943,19945,19945,1,1
2024-03-14 15:45:04.095,19943,19945,19945,1,1
2024-03-14 15:45:04.717,19943,19945,19945,1,1
2024-03-14 15:45:07.304,19943,19945,19945,1,1
2024-03-14 15:45:09.689,19942,19944,19944,1,1
2024-03-14 15:45:09.754,19942,19944,19944,1,1
2024-03-14 15:45:10.897,19943,19945,19945,1,1
2024-03-14 15:45:15.117,19943,19945,19945,1,1
2024-03-14 15:45:32.903,19944,19945,19945,1,1
2024-03-14 15:45:33.005,19944,19945,19945,1,1
2024-03-14 15:45:40.222,19944,19945,19945,4,4
2024-03-14 15:45:51.369,19944,19945,19945,1,1
2024-03-14 15:45:51.381,19944,19945,19945,1,1
2024-03-14 15:46:05.707,19944,19945,19945,1,1
2024-03-14 15:46:07.305,19944,19945,19945,1,1
2024-03-14 15:46:08.251,19944,19945,19944,1,-1
2024-03-14 15:46:08.846,19944,19945,19945,1,1
2024-03-14 15:46:14.153,19945,19946,19946,2,2
2024-03-14 15:46:14.153,19945,19946,19946,1,1
2024-03-14 15:46:14.153,19945,19946,19946,3,3
2024-03-14 15:46:15.668,19946,19947,19947,1,1
2024-03-14 15:46:17.036,19946,19947,19947,1,1
2024-03-14 15:46:19.652,19946,19947,19947,1,1
2024-03-14 15:46:19.694,19946,19947,19947,1,1
2024-03-14 15:46:20.219,19946,19947,19947,3,3
2024-03-14 15:46:22.847,19946,19947,19946,1,-1
2024-03-14 15:46:22.848,19946,19947,19946,1,-1
2024-03-14 15:46:27.829,19945,19946,19945,2,-2
2024-03-14 15:46:40.229,19944,19945,19945,1,1
2024-03-14 15:46:43.056,19945,19946,19945,3,-3
2024-03-14 15:46:48.744,19945,19946,19945,1,-1
2024-03-14 15:46:49.317,19945,19946,19945,1,-1
2024-03-14 15:47:00.222,19945,19946,19946,2,2
2024-03-14 15:47:11.635,19946,19947,19946,1,-1
2024-03-14 15:47:17.146,19946,19947,19947,1,1
2024-03-14 15:47:18.880,19946,19947,19946,1,-1
2024-03-14 15:47:21.558,19946,19947,19947,1,1
2024-03-14 15:47:26.979,19946,19947,19947,1,1
2024-03-14 15:47:27.201,19946,19947,19947,1,1
2024-03-14 15:47:30.139,19946,19947,19947,1,1
2024-03-14 15:47:31.532,19947,19948,19947,1,-1
2024-03-14 15:47:32.730,19947,19948,19947,1,-1
2024-03-14 15:47:40.230,19946,19947,19947,1,1
2024-03-14 15:47:41.000,19946,19947,19946,1,-1
2024-03-14 15:47:46.380,19946,19947,19946,1,-1
2024-03-14 15:47:46.555,19946,19947,19947,1,1
2024-03-14 15:48:01.118,19946,19947,19946,1,-1
2024-03-14 15:48:01.118,19946,19947,19946,1,-1
2024-03-14 15:48:01.118,19946,19947,19946,1,-1
2024-03-14 15:48:17.660,19945,19947,19945,2,-2
2024-03-14 15:48:20.721,19945,19946,19945,1,-1
2024-03-14 15:48:26.266,19945,19946,19946,1,1
2024-03-14 15:48:26.316,19945,19946,19945,1,-1
2024-03-14 15:48:26.316,19945,19946,19945,1,-1
2024-03-14 15:48:26.316,19945,19946,19945,2,-2
2024-03-14 15:48:26.316,19945,19946,19945,3,-3
2024-03-14 15:48:26.316,19945,19946,19945,1,-1
2024-03-14 15:48:26.316,19945,19946,19945,1,-1
2024-03-14 15:48:26.316,19945,19946,19945,1,-1
2024-03-14 15:48:26.329,19945,19946,19945,1,-1
2024-03-14 15:48:28.117,19944,19946,19946,2,2
2024-03-14 15:48:30.337,19944,19946,19946,1,1
2024-03-14 15:48:33.444,19945,19946,19946,1,1
2024-03-14 15:48:40.234,19945,19946,19946,2,2
2024-03-14 15:48:45.582,19946,19947,19946,1,-1
2024-03-14 15:49:15.944,19946,19947,19946,2,-2
2024-03-14 15:49:18.124,19946,19947,19946,1,-1
2024-03-14 15:49:28.080,19946,19947,19946,2,-2
2024-03-14 15:49:28.396,19945,19947,19947,1,1
2024-03-14 15:49:43.501,19946,19947,19947,1,1
2024-03-14 15:49:45.658,19946,19947,19946,1,-1
2024-03-14 15:49:50.596,19946,19947,19946,1,-1
2024-03-14 15:50:08.361,19946,19947,19947,1,1
2024-03-14 15:50:11.803,19947,19948,19947,2,-2
2024-03-14 15:50:11.897,19947,19948,19948,2,2
2024-03-14 15:50:11.919,19947,19948,19948,2,2
2024-03-14 15:50:11.938,19947,19948,19948,2,2
2024-03-14 15:50:19.713,19947,19948,19948,5,5
2024-03-14 15:50:20.234,19947,19948,19948,2,2
2024-03-14 15:50:33.826,19947,19948,19948,1,1
2024-03-14 15:50:34.614,19947,19948,19948,2,2
2024-03-14 15:50:34.637,19947,19948,19947,1,-1
2024-03-14 15:50:35.211,19947,19948,19948,1,1
2024-03-14 15:50:39.169,19947,19948,19948,1,1
2024-03-14 15:50:39.430,19947,19948,19948,2,2
2024-03-14 15:50:40.189,19947,19948,19948,1,1
2024-03-14 15:50:40.738,19947,19948,19947,3,-3
2024-03-14 15:50:46.211,19947,19948,19948,1,1
2024-03-14 15:50:47.422,19947,19948,19947,1,-1
2024-03-14 15:50:49.299,19947,19948,19948,3,3
2024-03-14 15:50:51.192,19947,19948,19948,1,1
2024-03-14 15:50:55.544,19947,19948,19948,1,1
2024-03-14 15:51:00.232,19947,19948,19948,2,2
2024-03-14 15:51:03.406,19948,19949,19948,1,-1
2024-03-14 15:51:11.064,19947,19948,19947,3,-3
2024-03-14 15:51:20.816,19946,19948,19946,3,-3
2024-03-14 15:51:22.205,19947,19948,19947,3,-3
2024-03-14 15:51:23.454,19947,19948,19947,1,-1
2024-03-14 15:51:23.454,19947,19948,19946,2,-2
2024-03-14 15:51:24.872,19946,19948,19946,3,-3
2024-03-14 15:51:26.297,19947,19948,19947,3,-3
2024-03-14 15:51:40.241,19946,19947,19947,2,2
2024-03-14 15:51:41.911,19947,19948,19947,1,-1
2024-03-14 15:51:41.979,19947,19948,19947,1,-1
2024-03-14 15:51:46.870,19947,19948,19947,1,-1
2024-03-14 15:51:54.530,19946,19947,19947,1,1
2024-03-14 15:52:00.219,19947,19948,19948,1,1
2024-03-14 15:52:03.537,19947,19948,19948,2,2
2024-03-14 15:52:05.815,19947,19948,19948,2,2
2024-03-14 15:52:10.077,19948,19949,19948,1,-1
2024-03-14 15:52:12.132,19947,19948,19948,2,2
2024-03-14 15:52:32.003,19948,19949,19948,2,-2
2024-03-14 15:53:02.686,19948,19949,19948,1,-1
2024-03-14 15:53:03.740,19948,19949,19948,1,-1
2024-03-14 15:53:03.740,19948,19949,19948,1,-1
2024-03-14 15:53:14.725,19947,19948,19948,1,1
2024-03-14 15:54:00.232,19947,19948,19948,1,1
2024-03-14 15:54:00.849,19947,19948,19948,3,3
2024-03-14 15:54:10.706,19948,19949,19948,1,-1
2024-03-14 15:54:11.251,19948,19949,19948,1,-1
2024-03-14 15:54:12.958,19948,19949,19948,1,-1
2024-03-14 15:54:14.064,19948,19949,19948,2,-2
2024-03-14 15:54:14.064,19948,19949,19948,7,-7
2024-03-14 15:54:14.064,19948,19949,19948,3,-3
2024-03-14 15:54:14.064,19948,19949,19948,1,-1
2024-03-14 15:54:14.065,19948,19949,19948,1,-1
2024-03-14 15:55:21.474,19947,19948,19947,2,-2
2024-03-14 15:55:24.339,19945,19947,19947,2,2
2024-03-14 15:55:51.338,19946,19948,19946,3,-3
2024-03-14 15:55:55.053,19946,19948,19946,3,-3
2024-03-14 15:56:28.537,19946,19947,19946,2,-2
2024-03-14 15:56:29.921,19946,19947,19946,1,-1
2024-03-14 15:56:30.622,19946,19947,19946,2,-2
2024-03-14 15:56:40.228,19945,19946,19946,1,1
2024-03-14 15:56:44.872,19946,19947,19946,1,-1
2024-03-14 15:56:58.456,19946,19947,19947,2,2
2024-03-14 15:57:00.216,19946,19947,19947,3,3
2024-03-14 15:57:07.145,19946,19947,19947,3,3
2024-03-14 15:57:07.146,19946,19947,19947,5,5
2024-03-14 15:57:07.988,19946,19947,19946,2,-2
2024-03-14 15:57:45.091,19946,19947,19946,2,-2
2024-03-14 15:57:55.031,19945,19946,19946,1,1
2024-03-14 15:57:58.519,19946,19947,19946,1,-1
2024-03-14 15:58:18.580,19946,19947,19946,1,-1
2024-03-14 15:58:19.773,19946,19947,19946,1,-1
2024-03-14 15:58:20.223,19946,19947,19947,3,3
2024-03-14 15:58:21.385,19946,19948,19946,1,-1
2024-03-14 15:58:21.578,19946,19948,19946,1,-1
2024-03-14 15:58:23.029,19946,19948,19946,1,-1
2024-03-14 15:58:24.395,19946,19947,19946,1,-1
2024-03-14 15:58:48.548,19947,19948,19949,4,4
2024-03-14 15:58:48.548,19947,19948,19948,3,3
2024-03-14 15:58:48.651,19947,19949,19949,4,4
2024-03-14 15:59:00.218,19948,19949,19949,3,3
2024-03-14 15:59:07.924,19948,19949,19949,1,1
2024-03-14 15:59:09.870,19949,19950,19949,1,-1
2024-03-14 15:59:20.228,19949,19950,19950,1,1
2024-03-14 15:59:20.334,19949,19950,19950,1,1
2024-03-14 15:59:20.334,19949,19950,19950,1,1
2024-03-14 15:59:23.725,19949,19950,19950,5,5
2024-03-14 15:59:23.744,19949,19950,19950,1,1
2024-03-14 15:59:28.378,19949,19950,19950,1,1
2024-03-14 15:59:37.425,19949,19950,19949,2,-2
2024-03-14 15:59:42.908,19949,19950,19950,1,1
2024-03-14 16:00:01.066,19949,19950,19950,43,43
2024-03-14 16:00:01.066,19949,19950,19950,2,2
2024-03-14 16:00:01.066,19949,19950,19950,4,4
2024-03-14 16:00:01.066,19949,19950,19950,1,1
2024-03-14 16:00:01.066,19949,19950,19950,3,3
2024-03-14 16:00:01.066,19949,19950,19950,3,3
2024-03-14 16:00:01.066,19949,19950,19950,3,3
2024-03-14 16:00:01.066,19949,19950,19950,9,9
2024-03-14 16:00:01.066,19949,19950,19950,1,1
2024-03-14 16:00:01.066,19949,19950,19950,4,4
2024-03-14 16:00:01.067,19949,19950,19951,4,4
2024-03-14 16:00:01.067,19949,19950,19951,3,3
2024-03-14 16:00:01.067,19949,19950,19951,1,1
2024-03-14 16:00:01.067,19949,19950,19951,2,2
2024-03-14 16:00:01.068,19949,19950,19951,1,1
2024-03-14 16:00:01.068,19949,19950,19951,1,1
2024-03-14 16:00:01.068,19949,19950,19951,1,1
2024-03-14 16:00:01.078,19949,19950,19952,8,8
2024-03-14 16:00:01.150,19951,19952,19952,3,3
2024-03-14 16:00:01.185,19951,19952,19953,1,1
2024-03-14 16:00:01.259,19952,19953,19953,1,1
2024-03-14 16:00:01.290,19952,19953,19953,1,1
2024-03-14 16:00:01.294,19952,19953,19953,2,2
2024-03-14 16:00:01.300,19952,19953,19953,1,1
2024-03-14 16:00:01.323,19952,19953,19954,1,1
2024-03-14 16:00:01.324,19952,19953,19954,1,1
2024-03-14 16:00:01.352,19952,19953,19953,2,2
2024-03-14 16:00:01.366,19952,19953,19952,1,-1
2024-03-14 16:00:01.378,19952,19953,19953,1,1
2024-03-14 16:00:01.416,19952,19953,19953,2,2
2024-03-14 16:00:01.477,19952,19953,19953,1,1
2024-03-14 16:00:01.515,19952,19953,19953,1,1
2024-03-14 16:00:01.528,19952,19953,19953,3,3
2024-03-14 16:00:01.533,19952,19953,19953,1,1
2024-03-14 16:00:01.639,19952,19953,19952,1,-1
2024-03-14 16:00:01.640,19952,19953,19952,4,-4
2024-03-14 16:00:01.763,19951,19953,19953,1,1
2024-03-14 16:00:01.763,19951,19953,19953,1,1
2024-03-14 16:00:01.790,19951,19953,19953,1,1
2024-03-14 16:00:01.791,19951,19953,19953,1,1
2024-03-14 16:00:01.803,19951,19953,19953,1,1
2024-03-14 16:00:02.021,19951,19953,19953,1,1
2024-03-14 16:00:02.203,19951,19953,19953,1,1
2024-03-14 16:00:02.213,19951,19953,19953,1,1
2024-03-14 16:00:02.279,19951,19953,19953,1,1
2024-03-14 16:00:02.325,19951,19953,19953,2,2
2024-03-14 16:00:02.349,19951,19953,19953,2,2
2024-03-14 16:00:02.417,19951,19953,19953,1,1
2024-03-14 16:00:06.182,19952,19954,19952,1,-1
2024-03-14 16:00:06.992,19951,19953,19953,2,2
2024-03-14 16:00:07.815,19951,19953,19953,1,1
2024-03-14 16:00:10.772,19952,19953,19952,1,-1
2024-03-14 16:00:10.816,19952,19953,19953,2,2
2024-03-14 16:00:13.812,19951,19953,19953,1,1
2024-03-14 16:00:16.471,19951,19952,19952,1,1
2024-03-14 16:00:18.650,19952,19953,19953,1,1
2024-03-14 16:00:20.030,19952,19953,19952,1,-1
2024-03-14 16:00:20.031,19952,19953,19952,1,-1
2024-03-14 16:00:20.031,19952,19953,19952,3,-3
2024-03-14 16:00:20.235,19951,19952,19952,4,4
2024-03-14 16:00:21.853,19951,19952,19951,1,-1
2024-03-14 16:00:29.880,19950,19951,19951,1,1
2024-03-14 16:00:31.032,19951,19952,19952,2,2
2024-03-14 16:00:33.522,19951,19952,19952,1,1
2024-03-14 16:00:35.427,19951,19952,19951,1,-1
2024-03-14 16:00:41.364,19951,19952,19951,7,-7
2024-03-14 16:00:42.707,19950,19951,19951,2,2
2024-03-14 16:00:47.324,19950,19951,19951,1,1
2024-03-14 16:00:57.105,19951,19952,19951,1,-1
2024-03-14 16:01:01.576,19950,19951,19950,1,-1
2024-03-14 16:01:17.420,19951,19952,19951,3,-3
2024-03-14 16:01:17.420,19951,19952,19951,1,-1
2024-03-14 16:01:17.421,19951,19952,19951,1,-1
2024-03-14 16:01:22.184,19950,19951,19950,16,-16
2024-03-14 16:01:22.185,19950,19951,19950,1,-1
2024-03-14 16:01:25.105,19949,19951,19951,1,1
2024-03-14 16:01:28.076,19949,19951,19951,2,2
2024-03-14 16:01:29.942,19950,19951,19950,1,-1
2024-03-14 16:01:31.207,19950,19951,19950,1,-1
2024-03-14 16:01:35.344,19950,19951,19950,1,-1
2024-03-14 16:01:35.344,19950,19951,19950,3,-3
2024-03-14 16:01:35.344,19950,19951,19950,1,-1
2024-03-14 16:01:46.246,19949,19950,19949,3,-3
2024-03-14 16:01:46.246,19949,19950,19949,1,-1
2024-03-14 16:01:48.913,19948,19949,19948,2,-2
2024-03-14 16:01:55.411,19948,19949,19949,1,1
2024-03-14 16:02:00.641,19948,19950,19948,2,-2
2024-03-14 16:02:12.216,19949,19950,19950,1,1
2024-03-14 16:02:12.216,19949,19950,19950,1,1
2024-03-14 16:02:12.216,19949,19950,19950,3,3
2024-03-14 16:02:12.216,19949,19950,19950,3,3
2024-03-14 16:02:12.216,19949,19950,19950,4,4
2024-03-14 16:02:12.216,19949,19950,19950,1,1
2024-03-14 16:02:13.278,19950,19951,19950,2,-2
2024-03-14 16:02:13.278,19950,19951,19949,1,-1
2024-03-14 16:03:00.233,19949,19950,19950,2,2
2024-03-14 16:03:00.465,19949,19950,19950,1,1
2024-03-14 16:03:02.608,19949,19950,19950,1,1
2024-03-14 16:03:07.699,19949,19950,19948,2,-2
2024-03-14 16:03:07.699,19949,19950,19949,5,-5
2024-03-14 16:03:09.401,19948,19950,19950,1,1
2024-03-14 16:03:23.477,19947,19948,19948,1,1
2024-03-14 16:03:38.810,19948,19949,19948,2,-2
2024-03-14 16:03:48.339,19947,19948,19947,5,-5
2024-03-14 16:03:48.483,19947,19948,19947,1,-1
2024-03-14 16:03:48.483,19947,19948,19947,1,-1
2024-03-14 16:03:48.483,19947,19948,19947,1,-1
2024-03-14 16:03:48.484,19947,19948,19946,2,-2
2024-03-14 16:03:51.145,19946,19947,19946,4,-4
2024-03-14 16:03:51.145,19946,19947,19946,1,-1
2024-03-14 16:04:01.375,19946,19947,19947,1,1
2024-03-14 16:04:08.824,19947,19948,19947,2,-2
2024-03-14 16:04:21.990,19946,19947,19947,4,4
2024-03-14 16:04:21.993,19946,19947,19947,1,1
2024-03-14 16:04:22.094,19947,19948,19948,2,2
2024-03-14 16:04:40.221,19946,19947,19947,1,1
2024-03-14 16:04:42.761,19946,19947,19947,1,1
2024-03-14 16:04:50.347,19946,19947,19946,1,-1
2024-03-14 16:04:53.660,19946,19947,19946,1,-1
2024-03-14 16:05:01.350,19946,19947,19947,1,1
2024-03-14 16:05:36.387,19946,19947,19946,1,-1
2024-03-14 16:05:37.902,19946,19947,19946,1,-1
2024-03-14 16:06:00.075,19945,19946,19945,5,-5
2024-03-14 16:06:00.147,19944,19945,19944,1,-1
2024-03-14 16:06:00.214,19944,19945,19944,1,-1
2024-03-14 16:06:03.404,19942,19944,19942,3,-3
2024-03-14 16:06:07.647,19943,19945,19943,2,-2
2024-03-14 16:06:12.320,19943,19944,19943,2,-2
2024-03-14 16:06:15.556,19942,19944,19942,3,-3
2024-03-14 16:06:25.286,19942,19943,19942,2,-2
2024-03-14 16:06:26.576,19942,19943,19942,1,-1
2024-03-14 16:06:26.577,19942,19943,19942,3,-3
2024-03-14 16:06:30.260,19941,19942,19942,1,1
2024-03-14 16:06:47.212,19942,19943,19942,3,-3
2024-03-14 16:06:58.193,19942,19943,19942,2,-2
2024-03-14 16:07:00.405,19941,19943,19941,1,-1
2024-03-14 16:07:01.995,19942,19943,19942,1,-1
2024-03-14 16:07:08.377,19942,19943,19943,1,1
2024-03-14 16:07:08.377,19942,19943,19943,3,3
2024-03-14 16:07:09.756,19943,19944,19943,1,-1
2024-03-14 16:07:20.971,19942,19943,19943,1,1
2024-03-14 16:07:23.883,19942,19943,19943,1,1
2024-03-14 16:07:37.892,19943,19944,19943,2,-2
2024-03-14 16:07:41.124,19942,19944,19942,1,-1
2024-03-14 16:07:41.527,19942,19944,19942,1,-1
2024-03-14 16:07:41.958,19942,19944,19942,1,-1
2024-03-14 16:07:46.806,19942,19943,19942,1,-1
2024-03-14 16:08:04.456,19941,19942,19942,1,1
2024-03-14 16:08:04.457,19941,19942,19942,2,2
2024-03-14 16:08:04.675,19942,19943,19942,6,-6
2024-03-14 16:08:06.628,19942,19943,19942,1,-1
2024-03-14 16:08:17.060,19941,19942,19942,1,1
2024-03-14 16:08:18.251,19942,19943,19942,1,-1
2024-03-14 16:08:21.532,19942,19943,19943,1,1
2024-03-14 16:08:32.714,19942,19944,19944,1,1
2024-03-14 16:08:38.343,19943,19944,19944,2,2
2024-03-14 16:08:38.343,19943,19944,19944,2,2
2024-03-14 16:08:53.071,19944,19946,19945,1,1
2024-03-14 16:08:55.533,19944,19946,19944,1,-1
2024-03-14 16:09:02.772,19944,19945,19944,2,-2
2024-03-14 16:09:10.312,19944,19945,19944,1,-1
2024-03-14 16:09:15.099,19943,19944,19944,1,1
2024-03-14 16:09:16.765,19943,19945,19943,1,-1
2024-03-14 16:09:24.114,19943,19944,19942,2,-2
2024-03-14 16:09:24.114,19943,19944,19943,1,-1
2024-03-14 16:09:27.357,19943,19944,19944,1,1
2024-03-14 16:09:38.730,19943,19944,19944,1,1
2024-03-14 16:09:39.340,19944,19945,19945,1,1
2024-03-14 16:09:39.340,19944,19945,19945,1,1
2024-03-14 16:09:39.340,19944,19945,19945,1,1
2024-03-14 16:09:40.653,19943,19945,19945,6,6
2024-03-14 16:09:40.653,19943,19945,19946,1,1
2024-03-14 16:09:40.720,19943,19945,19945,7,7
2024-03-14 16:09:47.375,19944,19945,19945,1,1
2024-03-14 16:09:48.356,19944,19945,19945,1,1
2024-03-14 16:09:51.816,19944,19945,19945,1,1
2024-03-14 16:09:56.197,19944,19946,19945,1,1
2024-03-14 16:10:03.994,19944,19945,19945,1,1
2024-03-14 16:10:03.995,19944,19945,19945,3,3
2024-03-14 16:10:08.558,19944,19946,19946,1,1
2024-03-14 16:10:19.070,19944,19946,19944,1,-1
2024-03-14 16:10:23.423,19945,19946,19946,1,1
2024-03-14 16:10:26.260,19946,19947,19946,1,-1
2024-03-14 16:10:26.682,19946,19947,19946,1,-1
2024-03-14 16:10:30.806,19946,19947,19946,3,-3
2024-03-14 16:10:36.985,19945,19947,19945,3,-3
2024-03-14 16:11:07.265,19946,19947,19946,3,-3
2024-03-14 16:11:07.266,19946,19947,19946,2,-2
2024-03-14 16:11:07.273,19946,19947,19946,3,-3
2024-03-14 16:11:16.398,19944,19945,19945,1,1
2024-03-14 16:11:18.309,19944,19945,19945,1,1
2024-03-14 16:11:21.574,19944,19946,19944,3,-3
2024-03-14 16:11:25.767,19944,19946,19944,1,-1
2024-03-14 16:11:51.308,19946,19947,19947,3,3
2024-03-14 16:11:51.397,19947,19948,19948,1,1
2024-03-14 16:11:51.456,19947,19948,19948,2,2
2024-03-14 16:11:55.090,19947,19949,19947,1,-1
2024-03-14 16:11:55.165,19947,19949,19947,3,-3
2024-03-14 16:12:00.219,19947,19948,19948,6,6
2024-03-14 16:12:01.040,19948,19949,19949,3,3
2024-03-14 16:12:01.045,19948,19949,19950,1,1
2024-03-14 16:12:01.045,19948,19949,19949,2,2
2024-03-14 16:12:01.739,19948,19949,19949,1,1
2024-03-14 16:12:02.621,19948,19949,19948,3,-3
2024-03-14 16:12:02.664,19947,19949,19949,1,1
2024-03-14 16:12:04.640,19948,19949,19949,1,1
2024-03-14 16:12:12.987,19948,19949,19949,2,2
2024-03-14 16:12:17.440,19948,19949,19949,1,1
2024-03-14 16:12:20.233,19948,19949,19949,2,2
2024-03-14 16:12:31.269,19948,19949,19948,1,-1
2024-03-14 16:12:32.621,19947,19948,19948,1,1
2024-03-14 16:12:33.513,19948,19949,19948,1,-1
2024-03-14 16:12:39.253,19948,19949,19949,1,1
2024-03-14 16:12:40.224,19948,19949,19949,1,1
2024-03-14 16:12:50.047,19948,19949,19949,3,3
2024-03-14 16:12:51.053,19948,19949,19949,1,1
2024-03-14 16:12:51.053,19948,19949,19949,4,4
2024-03-14 16:12:51.054,19948,19949,19949,2,2
2024-03-14 16:12:53.167,19949,19950,19949,1,-1
2024-03-14 16:12:54.239,19948,19949,19949,1,1
2024-03-14 16:12:56.047,19948,19949,19949,1,1
2024-03-14 16:13:02.267,19948,19949,19949,1,1
2024-03-14 16:13:03.976,19948,19949,19949,1,1
2024-03-14 16:13:18.337,19949,19950,19949,1,-1
2024-03-14 16:13:28.461,19948,19949,19949,1,1
2024-03-14 16:13:39.738,19948,19949,19948,1,-1
2024-03-14 16:13:41.764,19948,19949,19949,1,1
2024-03-14 16:13:49.640,19948,19949,19948,1,-1
2024-03-14 16:13:49.641,19948,19949,19948,1,-1
2024-03-14 16:13:51.005,19947,19949,19949,1,1
2024-03-14 16:13:56.159,19948,19949,19948,1,-1
2024-03-14 16:14:01.129,19948,19949,19949,1,1
2024-03-14 16:14:01.187,19948,19949,19948,1,-1
2024-03-14 16:14:02.030,19948,19949,19949,2,2
2024-03-14 16:14:11.477,19948,19949,19949,1,1
2024-03-14 16:14:19.092,19948,19949,19949,5,5
2024-03-14 16:14:20.223,19948,19949,19950,3,3
2024-03-14 16:14:20.223,19948,19949,19949,2,2
2024-03-14 16:14:25.711,19948,19950,19950,13,13
2024-03-14 16:14:25.963,19949,19950,19949,1,-1
2024-03-14 16:14:26.609,19949,19950,19949,1,-1
2024-03-14 16:14:29.836,19949,19950,19950,2,2
2024-03-14 16:14:30.779,19949,19950,19950,1,1
2024-03-14 16:14:33.269,19949,19950,19950,1,1
2024-03-14 16:14:37.019,19949,19950,19950,1,1
2024-03-14 16:14:38.176,19949,19950,19950,1,1
2024-03-14 16:14:41.010,19949,19950,19949,1,-1
2024-03-14 16:14:41.010,19949,19950,19949,1,-1
2024-03-14 16:14:42.383,19948,19950,19950,1,1
2024-03-14 16:14:50.454,19949,19950,19950,1,1
2024-03-14 16:15:00.745,19949,19950,19950,1,1
2024-03-14 16:15:00.800,19949,19950,19950,1,1
2024-03-14 16:15:01.253,19949,19950,19950,3,3
2024-03-14 16:15:01.286,19949,19950,19950,1,1
2024-03-14 16:15:05.037,19949,19950,19950,2,2
2024-03-14 16:15:08.083,19949,19950,19950,5,5
2024-03-14 16:15:12.082,19949,19950,19950,1,1
2024-03-14 16:15:12.130,19949,19950,19950,1,1
2024-03-14 16:15:12.130,19949,19950,19950,1,1
2024-03-14 16:15:12.131,19949,19950,19950,3,3
2024-03-14 16:15:12.131,19949,19950,19950,3,3
2024-03-14 16:15:12.131,19949,19950,19950,2,2
2024-03-14 16:15:12.131,19949,19950,19950,1,1
2024-03-14 16:15:12.131,19949,19950,19950,3,3
2024-03-14 16:15:12.131,19949,19950,19950,57,57
2024-03-14 16:15:12.132,19949,19950,19951,4,4
2024-03-14 16:15:12.132,19949,19950,19951,1,1
2024-03-14 16:15:12.132,19949,19950,19951,1,1
2024-03-14 16:15:12.132,19949,19950,19951,5,5
2024-03-14 16:15:12.132,19949,19950,19951,3,3
2024-03-14 16:15:12.148,19949,19950,19952,4,4
2024-03-14 16:15:12.149,19949,19950,19952,4,4
2024-03-14 16:15:12.149,19949,19950,19952,2,2
2024-03-14 16:15:12.195,19949,19950,19953,2,2
2024-03-14 16:15:12.208,19949,19950,19953,3,3
2024-03-14 16:15:12.317,19952,19953,19953,2,2
2024-03-14 16:15:12.317,19952,19953,19954,1,1
2024-03-14 16:15:12.352,19952,19953,19953,1,1
2024-03-14 16:15:12.371,19952,19953,19953,1,1
2024-03-14 16:15:12.414,19952,19954,19954,1,1
2024-03-14 16:15:12.441,19952,19954,19954,2,2
2024-03-14 16:15:12.618,19951,19953,19953,3,3
2024-03-14 16:15:17.658,19952,19954,19952,2,-2
2024-03-14 16:15:20.096,19952,19953,19952,1,-1
2024-03-14 16:15:20.096,19952,19953,19951,2,-2
2024-03-14 16:15:20.130,19951,19953,19953,1,1
2024-03-14 16:15:20.131,19951,19953,19953,1,1
2024-03-14 16:15:20.131,19951,19953,19953,1,1
2024-03-14 16:15:30.960,19951,19953,19953,1,1
2024-03-14 16:15:32.042,19951,19953,19953,1,1
2024-03-14 16:15:32.131,19951,19953,19953,1,1
2024-03-14 16:15:44.840,19951,19952,19952,2,2
2024-03-14 16:15:44.853,19951,19952,19953,5,5
2024-03-14 16:15:44.853,19951,19952,19953,1,1
2024-03-14 16:15:46.130,19952,19953,19953,1,1
2024-03-14 16:15:47.332,19952,19954,19952,3,-3
2024-03-14 16:15:50.860,19951,19953,19951,1,-1
2024-03-14 16:15:53.709,19951,19952,19951,2,-2
2024-03-14 16:15:55.341,19950,19951,19951,1,1
2024-03-14 16:15:56.752,19950,19952,19951,1,1
2024-03-14 16:16:00.728,19950,19952,19952,1,1
2024-03-14 16:16:11.826,19951,19952,19952,1,1
2024-03-14 16:16:14.833,19951,19952,19951,2,-2
2024-03-14 16:16:16.256,19950,19951,19950,1,-1
2024-03-14 16:16:16.257,19950,19951,19950,6,-6
2024-03-14 16:16:18.650,19949,19951,19949,2,-2
2024-03-14 16:16:23.430,19949,19950,19950,1,1
2024-03-14 16:16:31.282,19949,19950,19950,1,1
2024-03-14 16:16:35.298,19949,19950,19949,1,-1
2024-03-14 16:16:37.499,19949,19950,19949,1,-1
2024-03-14 16:16:41.472,19949,19950,19949,1,-1
2024-03-14 16:16:45.622,19949,19950,19949,1,-1
2024-03-14 16:16:45.622,19949,19950,19949,1,-1
2024-03-14 16:16:45.622,19949,19950,19949,1,-1
2024-03-14 16:16:49.549,19948,19949,19949,1,1
2024-03-14 16:17:00.800,19948,19949,19949,1,1
2024-03-14 16:17:01.186,19948,19949,19949,2,2
2024-03-14 16:17:07.262,19949,19950,19949,2,-2
2024-03-14 16:17:16.868,19949,19950,19949,3,-3
2024-03-14 16:17:18.948,19949,19950,19949,1,-1
2024-03-14 16:17:19.532,19949,19950,19949,1,-1
2024-03-14 16:17:21.297,19949,19950,19949,1,-1
2024-03-14 16:17:23.238,19949,19950,19949,1,-1
2024-03-14 16:17:30.905,19949,19950,19950,1,1
2024-03-14 16:17:49.776,19949,19950,19950,1,1
2024-03-14 16:17:54.372,19949,19950,19950,2,2
2024-03-14 16:17:55.588,19950,19951,19950,4,-4
2024-03-14 16:17:58.904,19949,19950,19950,1,1
2024-03-14 16:18:01.031,19949,19951,19951,1,1
2024-03-14 16:18:01.524,19949,19951,19949,1,-1
2024-03-14 16:18:28.708,19949,19950,19949,3,-3
2024-03-14 16:18:31.815,19949,19950,19950,1,1
2024-03-14 16:18:34.628,19949,19950,19950,1,1
2024-03-14 16:18:34.791,19949,19951,19949,8,-8
2024-03-14 16:18:53.501,19950,19951,19950,1,-1
2024-03-14 16:18:53.671,19950,19951,19951,1,1
2024-03-14 16:18:53.842,19950,19951,19951,1,1
2024-03-14 16:18:53.954,19950,19951,19951,1,1
2024-03-14 16:18:54.115,19950,19951,19951,1,1
2024-03-14 16:18:54.286,19950,19951,19951,1,1
2024-03-14 16:18:54.287,19950,19951,19951,1,1
2024-03-14 16:18:59.338,19951,19952,19951,1,-1
2024-03-14 16:19:00.870,19951,19952,19952,1,1
2024-03-14 16:19:12.310,19951,19952,19952,1,1
2024-03-14 16:19:12.310,19951,19952,19952,2,2
2024-03-14 16:19:12.310,19951,19952,19952,17,17
2024-03-14 16:19:12.310,19951,19952,19952,1,1
2024-03-14 16:19:12.310,19951,19952,19952,1,1
2024-03-14 16:19:12.310,19951,19952,19952,1,1
2024-03-14 16:19:12.321,19951,19952,19953,1,1
2024-03-14 16:19:12.322,19951,19952,19953,5,5
2024-03-14 16:19:12.323,19951,19952,19953,3,3
2024-03-14 16:19:12.419,19953,19954,19954,1,1
2024-03-14 16:19:12.498,19953,19954,19954,1,1
2024-03-14 16:19:12.612,19953,19954,19954,1,1
2024-03-14 16:19:12.682,19953,19954,19954,1,1
2024-03-14 16:19:12.683,19953,19954,19954,2,2
2024-03-14 16:19:12.683,19953,19954,19954,1,1
2024-03-14 16:19:12.683,19953,19954,19954,1,1
2024-03-14 16:19:12.683,19953,19954,19954,1,1
2024-03-14 16:19:12.687,19953,19954,19954,1,1
2024-03-14 16:19:12.982,19953,19954,19954,1,1
2024-03-14 16:19:13.463,19953,19954,19954,1,1
2024-03-14 16:19:13.734,19953,19954,19954,1,1
2024-03-14 16:19:14.082,19953,19954,19954,1,1
2024-03-14 16:19:14.334,19953,19954,19954,1,1
2024-03-14 16:19:16.970,19954,19955,19955,1,1
2024-03-14 16:19:17.019,19954,19955,19955,1,1
2024-03-14 16:19:20.113,19954,19955,19955,5,5
2024-03-14 16:19:21.690,19954,19955,19954,5,-5
2024-03-14 16:19:22.182,19954,19955,19955,2,2
2024-03-14 16:19:25.664,19954,19955,19954,4,-4
2024-03-14 16:19:30.102,19954,19955,19954,3,-3
2024-03-14 16:19:32.774,19954,19955,19955,1,1
2024-03-14 16:19:37.033,19954,19955,19955,1,1
2024-03-14 16:19:38.916,19954,19955,19955,2,2
2024-03-14 16:19:44.424,19954,19955,19954,1,-1
2024-03-14 16:19:45.047,19954,19955,19954,1,-1
2024-03-14 16:19:45.294,19953,19954,19954,1,1
2024-03-14 16:19:45.614,19953,19954,19954,1,1
2024-03-14 16:19:49.359,19953,19954,19954,1,1
2024-03-14 16:19:49.370,19953,19954,19954,1,1
2024-03-14 16:19:58.679,19954,19955,19955,25,25
2024-03-14 16:19:58.680,19954,19955,19955,1,1
2024-03-14 16:19:58.680,19954,19955,19955,1,1
2024-03-14 16:19:58.680,19954,19955,19955,2,2
2024-03-14 16:19:58.680,19954,19955,19955,1,1
2024-03-14 16:19:58.680,19954,19955,19955,2,2
2024-03-14 16:19:58.681,19954,19955,19955,1,1
2024-03-14 16:20:01.016,19954,19955,19955,1,1
2024-03-14 16:20:01.485,19954,19955,19955,1,1
2024-03-14 16:20:01.486,19954,19955,19955,1,1
2024-03-14 16:20:01.486,19954,19955,19955,1,1
2024-03-14 16:20:01.486,19954,19955,19955,1,1
2024-03-14 16:20:01.486,19954,19955,19955,2,2
2024-03-14 16:20:01.528,19954,19956,19956,1,1
2024-03-14 16:20:01.730,19955,19956,19955,1,-1
2024-03-14 16:20:02.110,19954,19956,19956,1,1
2024-03-14 16:20:03.169,19955,19956,19956,1,1
2024-03-14 16:20:04.753,19955,19956,19955,1,-1
2024-03-14 16:20:04.907,19955,19956,19954,1,-1
2024-03-14 16:20:04.907,19955,19956,19955,1,-1
2024-03-14 16:20:06.628,19955,19956,19956,1,1
2024-03-14 16:20:13.294,19955,19956,19956,1,1
2024-03-14 16:20:15.574,19955,19956,19956,1,1
2024-03-14 16:20:17.024,19955,19956,19956,1,1
2024-03-14 16:20:17.101,19955,19956,19956,1,1
2024-03-14 16:20:18.384,19955,19956,19955,1,-1
2024-03-14 16:20:18.384,19955,19956,19955,4,-4
2024-03-14 16:20:18.384,19955,19956,19955,5,-5
2024-03-14 16:20:19.646,19954,19955,19955,1,1
2024-03-14 16:20:19.868,19954,19955,19954,1,-1
2024-03-14 16:20:19.995,19954,19955,19955,1,1
2024-03-14 16:20:20.276,19954,19956,19956,8,8
2024-03-14 16:20:20.396,19954,19956,19956,5,5
2024-03-14 16:20:24.161,19955,19956,19956,2,2
2024-03-14 16:20:24.359,19955,19956,19955,1,-1
2024-03-14 16:20:36.581,19955,19956,19955,1,-1
2024-03-14 16:20:37.172,19955,19956,19956,1,1
2024-03-14 16:20:41.625,19955,19956,19956,1,1
2024-03-14 16:20:48.350,19955,19956,19956,1,1
2024-03-14 16:20:51.247,19955,19956,19956,1,1
2024-03-14 16:20:58.869,19955,19956,19956,1,1
2024-03-14 16:20:59.951,19955,19956,19955,1,-1
2024-03-14 16:21:01.249,19955,19956,19956,1,1
2024-03-14 16:21:01.308,19955,19956,19956,1,1
2024-03-14 16:21:01.322,19955,19956,19956,3,3
2024-03-14 16:21:02.334,19955,19956,19956,1,1
2024-03-14 16:21:02.334,19955,19956,19956,2,2
2024-03-14 16:21:04.366,19956,19957,19956,1,-1
2024-03-14 16:21:07.099,19956,19957,19957,10,10
2024-03-14 16:21:07.180,19956,19957,19957,1,1
2024-03-14 16:21:07.188,19956,19957,19957,1,1
2024-03-14 16:21:07.950,19956,19957,19957,1,1
2024-03-14 16:21:11.797,19956,19957,19956,1,-1
2024-03-14 16:21:12.879,19956,19957,19956,1,-1
2024-03-14 16:21:14.525,19956,19957,19956,1,-1
2024-03-14 16:21:17.994,19956,19957,19956,1,-1
2024-03-14 16:21:21.428,19955,19956,19956,5,5
2024-03-14 16:21:22.022,19955,19956,19955,2,-2
2024-03-14 16:21:22.286,19955,19956,19956,1,1
2024-03-14 16:21:31.402,19955,19956,19956,1,1
2024-03-14 16:21:38.546,19955,19956,19956,1,1
2024-03-14 16:21:43.169,19956,19957,19957,1,1
2024-03-14 16:21:47.112,19956,19957,19957,1,1
2024-03-14 16:21:49.838,19956,19957,19957,1,1
2024-03-14 16:21:53.450,19956,19957,19957,3,3
2024-03-14 16:21:53.532,19956,19957,19957,1,1
2024-03-14 16:22:01.746,19957,19958,19958,1,1
2024-03-14 16:22:10.715,19957,19958,19957,3,-3
2024-03-14 16:22:10.715,19957,19958,19957,1,-1
2024-03-14 16:22:19.431,19955,19956,19956,2,2
2024-03-14 16:22:22.138,19955,19956,19955,2,-2
2024-03-14 16:22:22.139,19955,19956,19955,2,-2
2024-03-14 16:22:24.758,19953,19955,19955,3,3
2024-03-14 16:22:26.575,19953,19955,19955,3,3
2024-03-14 16:22:29.489,19954,19956,19956,3,3
2024-03-14 16:22:31.384,19954,19956,19956,1,1
2024-03-14 16:22:39.354,19954,19955,19955,1,1
2024-03-14 16:22:45.327,19954,19955,19954,1,-1
2024-03-14 16:22:47.991,19954,19955,19954,3,-3
2024-03-14 16:22:50.915,19954,19955,19954,1,-1
2024-03-14 16:22:51.320,19954,19955,19954,1,-1
2024-03-14 16:22:53.977,19953,19955,19953,1,-1
2024-03-14 16:23:01.300,19952,19953,19953,1,1
2024-03-14 16:23:11.502,19952,19953,19953,3,3
2024-03-14 16:23:12.046,19953,19954,19954,1,1
2024-03-14 16:23:19.237,19954,19955,19954,1,-1
2024-03-14 16:23:20.915,19953,19954,19954,1,1
2024-03-14 16:23:21.002,19953,19954,19954,1,1
2024-03-14 16:23:31.419,19953,19954,19954,1,1
2024-03-14 16:23:37.280,19953,19955,19953,1,-1
2024-03-14 16:23:40.031,19953,19955,19955,3,3
2024-03-14 16:23:41.528,19953,19954,19954,1,1
2024-03-14 16:23:46.676,19954,19956,19954,1,-1
2024-03-14 16:23:46.721,19954,19956,19955,1,-1
2024-03-14 16:23:53.081,19953,19955,19955,1,1
2024-03-14 16:23:53.081,19953,19955,19955,1,1
2024-03-14 16:23:54.223,19954,19956,19954,1,-1
2024-03-14 16:23:58.506,19954,19955,19955,1,1
2024-03-14 16:23:59.032,19954,19955,19955,1,1
2024-03-14 16:23:59.348,19954,19956,19955,1,1
2024-03-14 16:24:01.733,19954,19955,19955,1,1
2024-03-14 16:24:02.009,19954,19955,19955,1,1
2024-03-14 16:24:02.081,19954,19955,19956,1,1
2024-03-14 16:24:02.091,19954,19955,19956,5,5
2024-03-14 16:24:02.093,19954,19955,19956,5,5
2024-03-14 16:24:02.124,19954,19955,19956,5,5
2024-03-14 16:24:02.131,19955,19957,19957,4,4
2024-03-14 16:24:02.393,19956,19957,19956,1,-1
2024-03-14 16:24:06.960,19956,19957,19956,1,-1
2024-03-14 16:24:08.386,19956,19957,19956,1,-1
2024-03-14 16:24:13.317,19955,19957,19956,1,-1
2024-03-14 16:24:15.129,19955,19956,19956,1,1
2024-03-14 16:24:21.998,19955,19956,19955,1,-1
2024-03-14 16:24:21.999,19955,19956,19955,2,-2
2024-03-14 16:24:32.351,19955,19956,19956,1,1
2024-03-14 16:24:32.385,19955,19956,19955,1,-1
2024-03-14 16:24:37.129,19954,19955,19955,2,2
2024-03-14 16:24:38.091,19954,19956,19955,1,1
2024-03-14 16:24:39.032,19955,19956,19956,2,2
2024-03-14 16:24:39.032,19955,19956,19956,2,2
2024-03-14 16:24:39.032,19955,19956,19956,1,1
2024-03-14 16:24:39.033,19955,19956,19956,1,1
2024-03-14 16:24:39.507,19955,19957,19956,1,1
2024-03-14 16:24:41.662,19955,19956,19956,3,3
2024-03-14 16:24:45.917,19955,19956,19956,1,1
2024-03-14 16:25:00.987,19956,19957,19957,1,1
2024-03-14 16:25:05.550,19956,19957,19956,1,-1
2024-03-14 16:25:05.551,19956,19957,19956,1,-1
2024-03-14 16:25:05.551,19956,19957,19956,2,-2
2024-03-14 16:25:05.551,19956,19957,19956,1,-1
2024-03-14 16:25:05.551,19956,19957,19956,1,-1
2024-03-14 16:25:09.971,19956,19957,19956,1,-1
2024-03-14 16:25:12.311,19956,19957,19956,1,-1
2024-03-14 16:25:20.044,19956,19957,19956,1,-1
2024-03-14 16:25:22.302,19956,19957,19956,1,-1
2024-03-14 16:25:28.225,19956,19957,19956,1,-1
2024-03-14 16:25:32.515,19955,19956,19956,1,1
2024-03-14 16:25:34.689,19955,19956,19955,2,-2
2024-03-14 16:25:34.689,19955,19956,19955,1,-1
2024-03-14 16:25:34.689,19955,19956,19955,1,-1
2024-03-14 16:25:34.689,19955,19956,19955,1,-1
2024-03-14 16:25:34.716,19955,19956,19955,1,-1
2024-03-14 16:25:34.717,19955,19956,19955,3,-3
2024-03-14 16:25:44.599,19954,19956,19956,1,1
2024-03-14 16:25:44.599,19954,19956,19956,1,1
2024-03-14 16:25:50.830,19955,19956,19956,1,1
2024-03-14 16:25:50.830,19955,19956,19956,1,1
2024-03-14 16:25:50.830,19955,19956,19956,1,1
2024-03-14 16:25:59.201,19956,19957,19956,1,-1
2024-03-14 16:26:01.012,19956,19957,19957,1,1
2024-03-14 16:26:01.227,19956,19957,19957,1,1
2024-03-14 16:26:01.227,19956,19957,19957,2,2
2024-03-14 16:26:01.227,19956,19957,19957,3,3
2024-03-14 16:26:01.227,19956,19957,19957,1,1
2024-03-14 16:26:01.227,19956,19957,19957,2,2
2024-03-14 16:26:01.227,19956,19957,19957,3,3
2024-03-14 16:26:01.227,19956,19957,19957,1,1
2024-03-14 16:26:01.228,19956,19957,19958,2,2
2024-03-14 16:26:01.228,19956,19957,19958,1,1
2024-03-14 16:26:01.490,19957,19958,19958,1,1
2024-03-14 16:26:06.354,19957,19958,19957,1,-1
2024-03-14 16:26:24.838,19957,19958,19957,2,-2
2024-03-14 16:26:24.838,19957,19958,19957,4,-4
2024-03-14 16:26:24.838,19957,19958,19957,2,-2
2024-03-14 16:26:29.133,19955,19957,19957,1,1
2024-03-14 16:26:29.133,19955,19957,19957,1,1
2024-03-14 16:26:29.134,19955,19957,19957,1,1
2024-03-14 16:26:31.262,19956,19958,19958,1,1
2024-03-14 16:26:43.628,19956,19957,19957,1,1
2024-03-14 16:26:46.854,19956,19958,19956,5,-5
2024-03-14 16:26:53.815,19957,19958,19958,1,1
2024-03-14 16:26:58.400,19957,19958,19957,5,-5
2024-03-14 16:26:59.403,19957,19958,19957,1,-1
2024-03-14 16:27:01.100,19956,19958,19958,1,1
2024-03-14 16:27:03.945,19957,19958,19957,1,-1
2024-03-14 16:27:15.643,19957,19958,19958,1,1
2024-03-14 16:27:18.195,19957,19958,19957,1,-1
2024-03-14 16:27:31.948,19957,19958,19958,1,1
2024-03-14 16:27:47.846,19957,19958,19957,1,-1
2024-03-14 16:27:58.859,19957,19958,19957,9,-9
2024-03-14 16:27:58.861,19957,19958,19957,1,-1
2024-03-14 16:27:58.861,19957,19958,19957,2,-2
2024-03-14 16:27:59.086,19956,19957,19956,2,-2
2024-03-14 16:27:59.086,19956,19957,19956,5,-5
2024-03-14 16:28:00.900,19955,19957,19957,1,1
2024-03-14 16:28:01.471,19955,19957,19957,1,1
2024-03-14 16:28:03.079,19955,19957,19955,1,-1
2024-03-14 16:28:14.021,19955,19956,19955,9,-9
2024-03-14 16:28:14.021,19955,19956,19955,1,-1
2024-03-14 16:28:15.569,19954,19956,19955,1,-1
2024-03-14 16:28:18.121,19954,19956,19954,1,-1
2024-03-14 16:28:24.320,19954,19956,19955,1,-1
2024-03-14 16:28:24.321,19954,19956,19955,1,-1
2024-03-14 16:28:24.495,19954,19956,19955,1,-1
2024-03-14 16:28:42.883,19954,19955,19955,1,1
2024-03-14 16:28:46.916,19954,19955,19955,3,3
2024-03-14 16:28:48.178,19955,19956,19955,1,-1
2024-03-14 16:28:48.178,19955,19956,19955,1,-1
2024-03-14 16:28:48.178,19955,19956,19955,1,-1
2024-03-14 16:28:48.242,19955,19956,19955,1,-1
2024-03-14 16:28:53.248,19954,19955,19955,1,1
2024-03-14 16:28:53.762,19955,19956,19955,2,-2
2024-03-14 16:28:57.025,19954,19955,19954,14,-14
2024-03-14 16:28:57.025,19954,19955,19953,2,-2
2024-03-14 16:28:57.103,19954,19955,19955,2,2
2024-03-14 16:29:17.284,19953,19954,19953,1,-1
2024-03-14 16:29:27.730,19953,19954,19953,1,-1
2024-03-14 16:29:30.708,19953,19954,19953,10,-10
2024-03-14 16:29:30.708,19953,19954,19953,1,-1
2024-03-14 16:29:30.709,19953,19954,19953,3,-3
2024-03-14 16:29:30.775,19952,19954,19953,2,-2
2024-03-14 16:29:30.775,19952,19954,19953,1,-1
2024-03-14 16:29:39.528,19952,19954,19952,1,-1
2024-03-14 16:29:39.642,19952,19954,19952,2,-2
2024-03-14 16:29:40.947,19952,19954,19953,1,-1
2024-03-14 16:29:40.951,19952,19954,19953,1,-1
2024-03-14 16:29:40.951,19952,19954,19953,1,-1
2024-03-14 16:29:56.790,19952,19953,19953,1,1
2024-03-14 16:30:06.403,19953,19954,19953,1,-1
2024-03-14 16:30:06.403,19953,19954,19953,1,-1
2024-03-14 16:30:06.404,19953,19954,19953,1,-1
2024-03-14 16:30:06.597,19952,19953,19953,1,1
2024-03-14 16:30:06.670,19952,19953,19953,1,1
2024-03-14 16:30:06.700,19952,19953,19954,6,6
2024-03-14 16:30:06.869,19952,19954,19954,1,1
2024-03-14 16:30:06.900,19952,19954,19954,1,1
2024-03-14 16:30:06.935,19952,19954,19954,1,1
2024-03-14 16:30:06.940,19952,19954,19954,1,1
2024-03-14 16:30:06.948,19952,19954,19954,1,1
2024-03-14 16:30:06.956,19952,19954,19954,1,1
2024-03-14 16:30:06.984,19952,19954,19954,2,2
2024-03-14 16:30:06.984,19952,19954,19955,1,1
2024-03-14 16:30:07.003,19953,19955,19955,1,1
2024-03-14 16:30:07.009,19953,19955,19955,3,3
2024-03-14 16:30:07.027,19953,19955,19955,2,2
2024-03-14 16:30:07.027,19953,19955,19955,1,1
2024-03-14 16:30:07.037,19953,19955,19955,3,3
2024-03-14 16:30:07.051,19953,19955,19955,1,1
2024-03-14 16:30:07.195,19953,19955,19955,1,1
2024-03-14 16:30:07.384,19953,19955,19955,1,1
2024-03-14 16:30:07.573,19954,19955,19955,1,1
2024-03-14 16:30:07.985,19954,19955,19955,3,3
2024-03-14 16:30:08.001,19954,19955,19955,1,1
2024-03-14 16:30:08.019,19954,19955,19955,3,3
2024-03-14 16:30:08.025,19954,19955,19955,1,1
2024-03-14 16:30:17.917,19954,19955,19955,2,2
2024-03-14 16:30:17.935,19954,19955,19956,1,1
2024-03-14 16:30:17.935,19954,19955,19956,2,2
2024-03-14 16:30:26.115,19954,19955,19954,5,-5
2024-03-14 16:31:04.685,19954,19955,19954,2,-2
2024-03-14 16:31:06.552,19952,19954,19954,1,1
2024-03-14 16:31:06.963,19952,19954,19952,1,-1
2024-03-14 16:31:18.561,19952,19953,19952,1,-1
2024-03-14 16:31:19.111,19952,19953,19952,1,-1
2024-03-14 16:31:19.765,19952,19953,19952,3,-3
2024-03-14 16:31:19.765,19952,19953,19952,1,-1
2024-03-14 16:31:19.766,19952,19953,19952,1,-1
2024-03-14 16:31:22.315,19951,19953,19952,1,-1
2024-03-14 16:31:22.315,19951,19953,19952,1,-1
2024-03-14 16:31:22.733,19951,19952,19952,2,2
2024-03-14 16:31:22.733,19951,19952,19952,1,1
2024-03-14 16:31:22.734,19951,19952,19953,1,1
2024-03-14 16:31:23.874,19952,19953,19952,1,-1
2024-03-14 16:31:29.436,19953,19954,19953,1,-1
2024-03-14 16:31:33.776,19953,19954,19953,1,-1
2024-03-14 16:31:34.485,19953,19954,19953,1,-1
2024-03-14 16:31:36.151,19953,19954,19953,1,-1
2024-03-14 16:31:39.238,19953,19954,19953,1,-1
2024-03-14 16:31:51.238,19953,19954,19953,2,-2
2024-03-14 16:31:52.397,19953,19954,19953,1,-1
2024-03-14 16:31:56.698,19953,19954,19953,1,-1
2024-03-14 16:31:57.562,19953,19954,19953,1,-1
2024-03-14 16:32:02.220,19953,19954,19954,4,4
2024-03-14 16:32:02.220,19953,19954,19954,1,1
2024-03-14 16:32:02.220,19953,19954,19954,3,3
2024-03-14 16:32:02.220,19953,19954,19954,2,2
2024-03-14 16:32:02.221,19953,19954,19955,1,1
2024-03-14 16:32:02.221,19953,19954,19955,1,1
2024-03-14 16:32:06.907,19954,19956,19954,2,-2
2024-03-14 16:32:11.372,19954,19955,19955,1,1
2024-03-14 16:32:29.156,19954,19955,19955,1,1
2024-03-14 16:32:29.156,19954,19955,19955,1,1
2024-03-14 16:32:29.157,19954,19955,19955,2,2
2024-03-14 16:32:29.218,19954,19955,19955,1,1
2024-03-14 16:32:29.243,19954,19955,19955,1,1
2024-03-14 16:32:30.631,19955,19956,19955,1,-1
2024-03-14 16:32:33.512,19955,19956,19955,2,-2
2024-03-14 16:32:52.701,19954,19956,19954,2,-2
2024-03-14 16:33:12.417,19954,19956,19954,10,-10
2024-03-14 16:33:13.175,19953,19955,19955,1,1
2024-03-14 16:33:14.306,19954,19956,19956,1,1
2024-03-14 16:33:22.594,19955,19956,19956,10,10
2024-03-14 16:33:24.936,19955,19956,19956,1,1
2024-03-14 16:33:26.764,19956,19957,19956,1,-1
2024-03-14 16:33:39.763,19956,19957,19956,1,-1
2024-03-14 16:33:51.955,19956,19957,19956,1,-1
2024-03-14 16:34:02.400,19956,19957,19957,1,1
2024-03-14 16:34:02.400,19956,19957,19957,2,2
2024-03-14 16:34:02.400,19956,19957,19957,1,1
2024-03-14 16:34:02.400,19956,19957,19957,2,2
2024-03-14 16:34:02.400,19956,19957,19957,1,1
2024-03-14 16:34:03.057,19957,19958,19957,1,-1
2024-03-14 16:34:12.005,19957,19958,19958,3,3
2024-03-14 16:34:12.551,19957,19958,19958,1,1
2024-03-14 16:34:17.023,19957,19958,19958,1,1
2024-03-14 16:34:18.408,19957,19958,19958,1,1
