2021-07-23 15:00:00.051,17409,17410,17409,34,-34
2021-07-23 15:00:00.052,17409,17410,17409,3,-3
2021-07-23 15:00:00.211,17408,17410,17410,1,1
2021-07-23 15:00:00.224,17408,17410,17410,2,2
2021-07-23 15:00:00.227,17408,17410,17410,1,1
2021-07-23 15:00:00.264,17408,17410,17410,1,1
2021-07-23 15:00:00.295,17408,17410,17411,1,1
2021-07-23 15:00:00.411,17409,17411,17411,1,1
2021-07-23 15:00:00.411,17409,17411,17408,1,-1
2021-07-23 15:00:00.412,17409,17411,17408,1,-1
2021-07-23 15:00:00.423,17409,17411,17411,1,1
2021-07-23 15:00:00.444,17409,17411,17411,2,2
2021-07-23 15:00:00.444,17409,17411,17412,2,2
2021-07-23 15:00:00.483,17409,17411,17408,1,-1
2021-07-23 15:00:00.483,17409,17411,17407,1,-1
2021-07-23 15:00:00.511,17407,17412,17412,4,4
2021-07-23 15:00:00.522,17407,17412,17412,2,2
2021-07-23 15:00:00.547,17407,17412,17407,1,-1
2021-07-23 15:00:00.572,17407,17412,17407,4,-4
2021-07-23 15:00:00.572,17407,17412,17406,1,-1
2021-07-23 15:00:00.585,17407,17412,17406,2,-2
2021-07-23 15:00:00.679,17406,17411,17411,1,1
2021-07-23 15:00:00.776,17407,17412,17412,4,4
2021-07-23 15:00:00.852,17407,17412,17407,1,-1
2021-07-23 15:00:01.004,17406,17411,17411,2,2
2021-07-23 15:00:01.115,17406,17411,17412,1,1
2021-07-23 15:00:01.134,17407,17413,17407,1,-1
2021-07-23 15:00:01.224,17407,17413,17408,1,1
2021-07-23 15:00:01.872,17408,17410,17410,2,2
2021-07-23 15:00:01.997,17408,17411,17411,2,2
2021-07-23 15:00:03.306,17410,17411,17410,2,-2
2021-07-23 15:00:03.306,17410,17411,17409,2,-2
2021-07-23 15:00:03.517,17409,17411,17411,1,1
2021-07-23 15:00:03.622,17411,17412,17411,5,-5
2021-07-23 15:00:04.059,17409,17412,17412,1,1
2021-07-23 15:00:04.083,17409,17412,17409,1,-1
2021-07-23 15:00:04.110,17409,17412,17412,1,1
2021-07-23 15:00:04.110,17409,17412,17413,1,1
2021-07-23 15:00:04.233,17409,17413,17413,2,2
2021-07-23 15:00:04.289,17410,17413,17413,1,1
2021-07-23 15:00:04.343,17410,17413,17410,1,-1
2021-07-23 15:00:06.564,17410,17411,17410,2,-2
2021-07-23 15:00:08.036,17410,17411,17410,1,-1
2021-07-23 15:00:08.859,17409,17411,17411,1,1
2021-07-23 15:00:10.600,17411,17413,17413,1,1
2021-07-23 15:00:10.615,17411,17413,17414,2,2
2021-07-23 15:00:10.838,17412,17414,17414,1,1
2021-07-23 15:00:11.936,17412,17414,17414,3,3
2021-07-23 15:00:12.533,17412,17415,17412,1,-1
2021-07-23 15:00:12.728,17412,17415,17412,2,-2
2021-07-23 15:00:12.728,17412,17415,17412,1,-1
2021-07-23 15:00:13.222,17413,17415,17413,1,1
2021-07-23 15:00:13.256,17412,17415,17415,1,1
2021-07-23 15:00:13.413,17412,17415,17412,1,-1
2021-07-23 15:00:14.396,17412,17413,17413,1,1
2021-07-23 15:00:15.237,17412,17415,17412,1,-1
2021-07-23 15:00:17.616,17412,17413,17413,1,1
2021-07-23 15:00:19.033,17412,17413,17412,1,-1
2021-07-23 15:00:19.393,17412,17413,17413,1,1
2021-07-23 15:00:19.393,17412,17413,17414,2,2
2021-07-23 15:00:22.275,17412,17413,17413,1,1
2021-07-23 15:00:22.857,17412,17414,17413,1,-1
2021-07-23 15:00:23.312,17412,17413,17413,1,1
2021-07-23 15:00:25.000,17412,17413,17412,1,-1
2021-07-23 15:00:25.588,17411,17413,17413,1,1
2021-07-23 15:00:26.447,17411,17414,17411,4,-4
2021-07-23 15:00:26.447,17411,17414,17410,1,-1
2021-07-23 15:00:27.299,17411,17412,17411,1,1
2021-07-23 15:00:27.905,17410,17412,17412,2,2
2021-07-23 15:00:29.964,17410,17413,17410,1,-1
2021-07-23 15:00:30.321,17410,17412,17412,1,1
2021-07-23 15:00:32.378,17410,17412,17412,1,1
2021-07-23 15:00:35.577,17411,17412,17411,2,-2
2021-07-23 15:00:35.577,17411,17412,17410,3,-3
2021-07-23 15:00:38.766,17410,17411,17410,2,-2
2021-07-23 15:00:39.053,17409,17410,17410,1,1
2021-07-23 15:00:40.958,17409,17410,17409,2,-2
2021-07-23 15:00:42.404,17408,17409,17408,1,-1
2021-07-23 15:00:42.405,17408,17409,17408,2,-2
2021-07-23 15:00:45.488,17407,17409,17407,1,-1
2021-07-23 15:00:46.581,17407,17408,17408,1,1
2021-07-23 15:00:47.075,17407,17408,17408,1,1
2021-07-23 15:00:47.741,17408,17409,17408,1,-1
2021-07-23 15:00:48.639,17407,17409,17409,1,1
2021-07-23 15:00:49.345,17407,17408,17407,1,-1
2021-07-23 15:00:53.016,17407,17408,17407,5,-5
2021-07-23 15:00:53.017,17407,17408,17407,2,-2
2021-07-23 15:00:54.816,17407,17408,17408,1,1
2021-07-23 15:00:57.236,17407,17409,17409,1,1
2021-07-23 15:00:58.565,17408,17409,17409,3,3
2021-07-23 15:00:59.703,17408,17410,17408,1,-1
2021-07-23 15:01:00.213,17408,17410,17410,1,1
2021-07-23 15:01:00.255,17408,17410,17410,1,1
2021-07-23 15:01:00.255,17408,17410,17410,2,2
2021-07-23 15:01:00.255,17408,17410,17410,1,1
2021-07-23 15:01:00.255,17408,17410,17410,7,7
2021-07-23 15:01:00.386,17410,17411,17411,2,2
2021-07-23 15:01:00.480,17410,17411,17410,1,-1
2021-07-23 15:01:03.332,17410,17412,17412,1,1
2021-07-23 15:01:03.374,17409,17412,17412,1,1
2021-07-23 15:01:04.255,17410,17412,17410,3,-3
2021-07-23 15:01:05.054,17409,17412,17410,1,-1
2021-07-23 15:01:08.419,17410,17412,17412,1,1
2021-07-23 15:01:08.810,17410,17411,17410,2,-2
2021-07-23 15:01:09.050,17409,17411,17411,1,1
2021-07-23 15:01:09.123,17409,17411,17411,1,1
2021-07-23 15:01:09.123,17409,17411,17411,1,1
2021-07-23 15:01:09.123,17409,17411,17412,1,1
2021-07-23 15:01:09.123,17409,17411,17412,1,1
2021-07-23 15:01:09.123,17409,17411,17411,1,1
2021-07-23 15:01:09.124,17409,17411,17412,1,1
2021-07-23 15:01:09.124,17409,17411,17412,1,1
2021-07-23 15:01:09.124,17409,17411,17412,1,1
2021-07-23 15:01:09.125,17409,17411,17413,1,1
2021-07-23 15:01:09.213,17409,17411,17410,1,-1
2021-07-23 15:01:10.618,17410,17412,17412,1,1
2021-07-23 15:01:12.435,17409,17412,17409,1,-1
2021-07-23 15:01:14.278,17409,17410,17410,1,1
2021-07-23 15:01:17.604,17410,17411,17411,1,1
2021-07-23 15:01:17.850,17410,17411,17410,1,-1
2021-07-23 15:01:21.408,17409,17410,17410,1,1
2021-07-23 15:01:21.498,17409,17410,17410,1,1
2021-07-23 15:01:21.499,17409,17410,17410,1,1
2021-07-23 15:01:21.500,17409,17410,17411,1,1
2021-07-23 15:01:22.885,17409,17411,17410,1,-1
2021-07-23 15:01:23.014,17409,17410,17409,3,-3
2021-07-23 15:01:26.847,17409,17410,17410,1,1
2021-07-23 15:01:26.847,17409,17410,17411,1,1
2021-07-23 15:01:27.587,17409,17411,17409,1,-1
2021-07-23 15:01:27.623,17408,17410,17410,1,1
2021-07-23 15:01:27.624,17408,17410,17410,1,1
2021-07-23 15:01:30.022,17408,17409,17408,3,-3
2021-07-23 15:01:31.335,17407,17409,17409,1,1
2021-07-23 15:01:37.621,17408,17410,17408,1,-1
2021-07-23 15:01:38.121,17408,17410,17408,1,-1
2021-07-23 15:01:43.302,17407,17409,17407,3,-3
2021-07-23 15:01:43.371,17407,17408,17407,9,-9
2021-07-23 15:01:43.871,17406,17408,17408,3,3
2021-07-23 15:01:48.241,17406,17407,17406,2,-2
2021-07-23 15:01:48.246,17406,17407,17406,5,-5
2021-07-23 15:01:48.247,17406,17407,17406,16,-16
2021-07-23 15:01:48.610,17405,17406,17406,1,1
2021-07-23 15:01:51.329,17405,17406,17406,1,1
2021-07-23 15:01:51.373,17405,17406,17406,1,1
2021-07-23 15:01:51.373,17405,17406,17407,1,1
2021-07-23 15:01:54.872,17405,17406,17406,1,1
2021-07-23 15:01:54.889,17405,17406,17406,1,1
2021-07-23 15:01:55.478,17405,17406,17406,1,1
2021-07-23 15:02:00.135,17405,17406,17405,13,-13
2021-07-23 15:02:00.259,17404,17406,17404,5,-5
2021-07-23 15:02:00.314,17404,17406,17406,1,1
2021-07-23 15:02:00.385,17404,17405,17404,1,-1
2021-07-23 15:02:00.390,17404,17405,17405,1,1
2021-07-23 15:02:00.455,17404,17405,17405,1,1
2021-07-23 15:02:00.595,17404,17406,17406,1,1
2021-07-23 15:02:00.658,17404,17406,17406,1,1
2021-07-23 15:02:00.668,17404,17406,17404,2,-2
2021-07-23 15:02:01.129,17404,17406,17406,1,1
2021-07-23 15:02:01.130,17404,17406,17406,3,3
2021-07-23 15:02:01.130,17404,17406,17406,1,1
2021-07-23 15:02:01.130,17404,17406,17406,1,1
2021-07-23 15:02:02.212,17406,17407,17407,1,1
2021-07-23 15:02:02.253,17406,17407,17407,1,1
2021-07-23 15:02:02.284,17406,17407,17407,1,1
2021-07-23 15:02:02.507,17406,17407,17406,1,-1
2021-07-23 15:02:09.086,17406,17407,17406,1,-1
2021-07-23 15:02:13.901,17405,17407,17405,1,-1
2021-07-23 15:02:14.764,17406,17407,17406,1,1
2021-07-23 15:02:15.869,17406,17407,17406,1,-1
2021-07-23 15:02:17.615,17406,17407,17406,1,-1
2021-07-23 15:02:18.181,17405,17407,17405,4,-4
2021-07-23 15:02:19.771,17405,17406,17405,3,-3
2021-07-23 15:02:22.278,17404,17405,17404,1,-1
2021-07-23 15:02:24.263,17404,17405,17405,2,2
2021-07-23 15:02:25.195,17405,17406,17405,1,-1
2021-07-23 15:02:25.241,17405,17406,17406,1,1
2021-07-23 15:02:26.568,17406,17407,17406,1,-1
2021-07-23 15:02:26.922,17406,17407,17406,3,-3
2021-07-23 15:02:26.922,17406,17407,17406,1,-1
2021-07-23 15:02:28.939,17405,17407,17407,3,3
2021-07-23 15:02:29.351,17406,17407,17406,2,-2
2021-07-23 15:02:32.820,17406,17407,17406,1,-1
2021-07-23 15:02:34.459,17405,17406,17406,8,8
2021-07-23 15:02:35.250,17406,17407,17407,1,1
2021-07-23 15:02:35.251,17406,17407,17407,10,10
2021-07-23 15:02:38.466,17406,17408,17406,1,-1
2021-07-23 15:02:39.635,17406,17407,17407,2,2
2021-07-23 15:02:40.821,17406,17407,17406,1,-1
2021-07-23 15:02:42.536,17406,17407,17406,1,-1
2021-07-23 15:02:46.770,17405,17406,17405,1,-1
2021-07-23 15:02:54.707,17405,17406,17406,19,19
2021-07-23 15:02:54.708,17405,17406,17406,2,2
2021-07-23 15:03:00.043,17405,17406,17406,1,1
2021-07-23 15:03:00.062,17405,17406,17407,1,1
2021-07-23 15:03:02.042,17405,17406,17405,3,-3
2021-07-23 15:03:02.865,17404,17405,17404,1,-1
2021-07-23 15:03:02.865,17404,17405,17404,2,-2
2021-07-23 15:03:02.866,17404,17405,17404,2,-2
2021-07-23 15:03:02.866,17404,17405,17404,1,-1
2021-07-23 15:03:02.866,17404,17405,17404,4,-4
2021-07-23 15:03:12.733,17404,17405,17405,1,1
2021-07-23 15:03:13.699,17404,17405,17405,1,1
2021-07-23 15:03:19.222,17404,17405,17404,1,-1
2021-07-23 15:03:24.694,17404,17405,17404,1,-1
2021-07-23 15:03:27.802,17404,17405,17404,2,-2
2021-07-23 15:03:28.374,17403,17404,17404,1,1
2021-07-23 15:03:35.384,17403,17404,17403,8,-8
2021-07-23 15:03:35.594,17402,17403,17402,2,-2
2021-07-23 15:03:35.645,17402,17403,17402,1,-1
2021-07-23 15:03:36.234,17402,17403,17402,2,-2
2021-07-23 15:03:36.235,17402,17403,17402,2,-2
2021-07-23 15:03:37.948,17402,17404,17402,1,-1
2021-07-23 15:03:41.781,17403,17404,17403,1,1
2021-07-23 15:03:41.781,17403,17404,17403,1,-1
2021-07-23 15:03:44.345,17401,17403,17402,1,-1
2021-07-23 15:03:44.678,17401,17403,17402,1,-1
2021-07-23 15:03:47.874,17401,17402,17401,29,-29
2021-07-23 15:03:47.875,17401,17402,17400,1,-1
2021-07-23 15:03:47.875,17401,17402,17400,1,-1
2021-07-23 15:03:47.875,17401,17402,17400,7,-7
2021-07-23 15:03:47.876,17401,17402,17400,1,-1
2021-07-23 15:03:48.073,17399,17401,17399,1,-1
2021-07-23 15:03:48.139,17398,17399,17398,2,-2
2021-07-23 15:03:48.151,17398,17399,17398,2,-2
2021-07-23 15:03:48.151,17398,17399,17397,3,-3
2021-07-23 15:03:48.367,17397,17399,17397,4,-4
2021-07-23 15:03:48.449,17396,17399,17396,1,-1
2021-07-23 15:03:49.131,17396,17399,17399,1,1
2021-07-23 15:03:49.295,17397,17399,17397,1,-1
2021-07-23 15:03:50.489,17398,17399,17398,2,2
2021-07-23 15:03:50.918,17397,17399,17399,1,1
2021-07-23 15:03:52.095,17397,17398,17398,1,1
2021-07-23 15:03:54.199,17397,17399,17397,1,-1
2021-07-23 15:03:54.199,17397,17399,17396,1,-1
2021-07-23 15:03:57.057,17397,17398,17398,1,1
2021-07-23 15:03:57.246,17397,17398,17397,1,-1
2021-07-23 15:03:59.408,17396,17398,17396,1,-1
2021-07-23 15:03:59.565,17396,17398,17397,1,1
2021-07-23 15:03:59.773,17396,17398,17396,2,-2
2021-07-23 15:03:59.907,17396,17398,17398,1,1
2021-07-23 15:04:01.850,17397,17398,17397,1,-1
2021-07-23 15:04:04.080,17396,17397,17396,11,-11
2021-07-23 15:04:04.295,17395,17397,17397,5,5
2021-07-23 15:04:06.116,17395,17397,17397,1,1
2021-07-23 15:04:07.338,17395,17397,17395,3,-3
2021-07-23 15:04:09.818,17396,17397,17396,1,1
2021-07-23 15:04:10.000,17396,17397,17396,2,-2
2021-07-23 15:04:12.019,17396,17397,17397,1,1
2021-07-23 15:04:12.789,17396,17398,17396,1,-1
2021-07-23 15:04:20.495,17396,17397,17396,1,-1
2021-07-23 15:04:23.407,17396,17397,17397,3,3
2021-07-23 15:04:24.005,17397,17398,17397,1,-1
2021-07-23 15:04:25.149,17396,17397,17397,1,1
2021-07-23 15:04:25.337,17397,17398,17397,1,-1
2021-07-23 15:04:25.933,17396,17398,17397,1,-1
2021-07-23 15:04:26.339,17396,17398,17396,1,-1
2021-07-23 15:04:26.462,17396,17398,17396,4,-4
2021-07-23 15:04:27.476,17396,17398,17398,18,18
2021-07-23 15:04:27.477,17396,17398,17399,1,1
2021-07-23 15:04:27.478,17396,17398,17399,1,1
2021-07-23 15:04:27.478,17396,17398,17399,1,1
2021-07-23 15:04:30.447,17399,17400,17399,1,-1
2021-07-23 15:04:30.447,17399,17400,17398,4,-4
2021-07-23 15:04:31.631,17399,17400,17399,1,1
2021-07-23 15:04:37.117,17399,17400,17399,1,-1
2021-07-23 15:04:37.796,17399,17400,17400,1,1
2021-07-23 15:04:37.796,17399,17400,17400,1,1
2021-07-23 15:04:38.066,17399,17400,17400,4,4
2021-07-23 15:04:38.254,17400,17401,17400,1,-1
2021-07-23 15:04:40.787,17401,17402,17401,2,2
2021-07-23 15:04:41.748,17400,17401,17401,1,1
2021-07-23 15:04:42.513,17400,17402,17402,1,1
2021-07-23 15:04:43.340,17400,17401,17401,1,1
2021-07-23 15:04:48.772,17402,17403,17402,1,1
2021-07-23 15:04:52.347,17401,17402,17402,1,1
2021-07-23 15:04:53.078,17402,17403,17402,1,-1
2021-07-23 15:04:54.047,17402,17403,17402,4,-4
2021-07-23 15:04:54.047,17402,17403,17401,1,-1
2021-07-23 15:04:56.838,17402,17403,17403,4,4
2021-07-23 15:04:59.054,17403,17404,17404,5,5
2021-07-23 15:05:00.530,17404,17405,17405,1,1
2021-07-23 15:05:06.961,17404,17405,17405,1,1
2021-07-23 15:05:07.181,17404,17405,17405,1,1
2021-07-23 15:05:07.542,17404,17406,17404,1,-1
2021-07-23 15:05:07.559,17404,17406,17404,1,-1
2021-07-23 15:05:09.284,17405,17406,17406,6,6
2021-07-23 15:05:09.284,17405,17406,17406,3,3
2021-07-23 15:05:09.284,17405,17406,17406,1,1
2021-07-23 15:05:09.285,17405,17406,17406,1,1
2021-07-23 15:05:09.285,17405,17406,17406,1,1
2021-07-23 15:05:09.285,17405,17406,17406,6,6
2021-07-23 15:05:09.286,17405,17406,17405,2,-2
2021-07-23 15:05:09.372,17405,17406,17406,16,16
2021-07-23 15:05:09.372,17405,17406,17406,1,1
2021-07-23 15:05:09.372,17405,17406,17406,1,1
2021-07-23 15:05:09.372,17405,17406,17406,1,1
2021-07-23 15:05:09.916,17405,17407,17407,1,1
2021-07-23 15:05:10.442,17405,17406,17406,1,1
2021-07-23 15:05:12.656,17406,17407,17407,2,2
2021-07-23 15:05:13.353,17406,17407,17407,1,1
2021-07-23 15:05:14.259,17406,17407,17406,1,-1
2021-07-23 15:05:17.850,17406,17407,17406,1,-1
2021-07-23 15:05:18.278,17406,17407,17406,1,-1
2021-07-23 15:05:18.414,17405,17406,17405,3,-3
2021-07-23 15:05:19.105,17405,17406,17406,1,1
2021-07-23 15:05:19.768,17405,17406,17406,1,1
2021-07-23 15:05:20.606,17405,17406,17406,1,1
2021-07-23 15:05:21.570,17405,17406,17406,1,1
2021-07-23 15:05:22.286,17405,17406,17405,3,-3
2021-07-23 15:05:24.341,17404,17406,17406,3,3
2021-07-23 15:05:26.953,17404,17406,17406,1,1
2021-07-23 15:05:31.502,17404,17405,17404,2,-2
2021-07-23 15:05:31.977,17404,17405,17405,2,2
2021-07-23 15:05:33.197,17404,17405,17404,1,-1
2021-07-23 15:05:33.748,17404,17405,17404,1,-1
2021-07-23 15:05:33.749,17404,17405,17404,1,-1
2021-07-23 15:05:34.728,17402,17405,17404,1,-1
2021-07-23 15:05:36.001,17402,17404,17404,1,1
2021-07-23 15:05:40.268,17403,17404,17404,3,3
2021-07-23 15:05:47.143,17404,17405,17404,1,-1
2021-07-23 15:05:50.086,17404,17405,17404,2,-2
2021-07-23 15:05:50.947,17404,17405,17404,1,-1
2021-07-23 15:05:51.330,17404,17405,17404,1,-1
2021-07-23 15:05:52.122,17402,17404,17404,1,1
2021-07-23 15:05:56.043,17403,17404,17403,1,-1
2021-07-23 15:05:57.047,17402,17403,17402,1,-1
2021-07-23 15:06:01.204,17403,17404,17403,1,1
2021-07-23 15:06:01.205,17403,17404,17403,1,-1
2021-07-23 15:06:12.134,17402,17403,17402,1,-1
2021-07-23 15:06:12.134,17402,17403,17402,1,-1
2021-07-23 15:06:13.338,17401,17403,17401,1,-1
2021-07-23 15:06:13.338,17401,17403,17401,1,-1
2021-07-23 15:06:18.452,17400,17401,17400,5,-5
2021-07-23 15:06:18.453,17400,17401,17400,1,-1
2021-07-23 15:06:18.453,17400,17401,17400,2,-2
2021-07-23 15:06:18.488,17400,17401,17400,1,-1
2021-07-23 15:06:19.830,17399,17400,17400,1,1
2021-07-23 15:06:19.960,17399,17400,17399,7,-7
2021-07-23 15:06:22.639,17398,17399,17399,1,1
2021-07-23 15:06:22.702,17398,17399,17399,1,1
2021-07-23 15:06:24.653,17398,17400,17400,2,2
2021-07-23 15:06:40.234,17398,17399,17399,1,1
2021-07-23 15:06:43.246,17398,17399,17399,1,1
2021-07-23 15:06:47.205,17398,17399,17399,1,1
2021-07-23 15:06:52.304,17398,17399,17398,2,-2
2021-07-23 15:06:53.571,17398,17399,17398,2,-2
2021-07-23 15:06:55.265,17397,17398,17397,3,-3
2021-07-23 15:06:56.939,17396,17397,17396,3,-3
2021-07-23 15:06:56.940,17396,17397,17396,4,-4
2021-07-23 15:06:57.557,17395,17396,17396,1,1
2021-07-23 15:06:59.458,17395,17397,17397,1,1
2021-07-23 15:07:01.250,17395,17396,17396,1,1
2021-07-23 15:07:01.618,17395,17396,17396,1,1
2021-07-23 15:07:04.238,17395,17397,17396,1,-1
2021-07-23 15:07:05.343,17395,17396,17395,5,-5
2021-07-23 15:07:05.461,17395,17396,17395,1,-1
2021-07-23 15:07:05.486,17395,17396,17395,1,-1
2021-07-23 15:07:05.511,17395,17396,17395,1,-1
2021-07-23 15:07:06.140,17395,17396,17395,3,-3
2021-07-23 15:07:07.021,17394,17396,17396,3,3
2021-07-23 15:07:09.828,17397,17398,17398,1,1
2021-07-23 15:07:10.316,17397,17398,17398,1,1
2021-07-23 15:07:10.789,17397,17399,17397,2,-2
2021-07-23 15:07:10.789,17397,17399,17397,1,-1
2021-07-23 15:07:10.790,17397,17399,17397,1,-1
2021-07-23 15:07:10.790,17397,17399,17397,1,-1
2021-07-23 15:07:10.790,17397,17399,17397,3,-3
2021-07-23 15:07:13.717,17396,17397,17396,1,-1
2021-07-23 15:07:16.712,17395,17397,17395,3,-3
2021-07-23 15:07:21.033,17395,17397,17395,1,-1
2021-07-23 15:07:23.383,17395,17396,17396,4,4
2021-07-23 15:07:24.656,17396,17397,17397,1,1
2021-07-23 15:07:36.911,17398,17399,17398,3,3
2021-07-23 15:07:36.911,17398,17399,17398,1,-1
2021-07-23 15:07:37.375,17397,17398,17398,1,1
2021-07-23 15:07:42.401,17397,17399,17397,3,-3
2021-07-23 15:07:42.714,17397,17399,17397,3,-3
2021-07-23 15:07:42.714,17397,17399,17396,1,-1
2021-07-23 15:07:47.966,17396,17397,17396,1,-1
2021-07-23 15:07:50.308,17396,17397,17396,1,-1
2021-07-23 15:07:50.657,17396,17397,17396,1,-1
2021-07-23 15:07:53.016,17396,17397,17397,1,1
2021-07-23 15:07:53.790,17396,17397,17396,5,-5
2021-07-23 15:07:54.720,17395,17396,17396,2,2
2021-07-23 15:07:55.175,17395,17396,17395,1,-1
2021-07-23 15:07:55.834,17395,17396,17395,1,-1
2021-07-23 15:07:56.176,17395,17396,17395,2,-2
2021-07-23 15:07:56.525,17395,17396,17395,1,-1
2021-07-23 15:07:56.811,17395,17396,17396,1,1
2021-07-23 15:07:57.772,17395,17396,17395,1,-1
2021-07-23 15:07:59.175,17395,17396,17395,4,-4
2021-07-23 15:08:01.939,17395,17396,17395,1,-1
2021-07-23 15:08:02.469,17395,17396,17396,2,2
2021-07-23 15:08:09.633,17396,17397,17396,2,-2
2021-07-23 15:08:10.024,17396,17397,17397,4,4
2021-07-23 15:08:12.814,17397,17398,17398,2,2
2021-07-23 15:08:12.814,17397,17398,17399,3,3
2021-07-23 15:08:12.839,17397,17398,17399,5,5
2021-07-23 15:08:15.068,17397,17399,17399,1,1
2021-07-23 15:08:26.177,17397,17398,17398,2,2
2021-07-23 15:08:26.633,17398,17399,17398,1,-1
2021-07-23 15:08:29.967,17398,17399,17399,1,1
2021-07-23 15:08:30.939,17398,17399,17399,3,3
2021-07-23 15:08:32.163,17399,17400,17399,1,-1
2021-07-23 15:08:36.972,17398,17400,17398,2,-2
2021-07-23 15:08:37.332,17398,17400,17397,1,-1
2021-07-23 15:08:38.820,17397,17399,17399,1,1
2021-07-23 15:08:43.536,17398,17399,17398,1,-1
2021-07-23 15:08:48.309,17397,17400,17398,1,-1
2021-07-23 15:08:56.063,17398,17399,17398,2,-2
2021-07-23 15:08:56.255,17397,17399,17397,2,-2
2021-07-23 15:08:58.996,17398,17399,17398,1,1
2021-07-23 15:08:59.238,17397,17399,17397,4,-4
2021-07-23 15:09:01.658,17396,17398,17398,1,1
2021-07-23 15:09:01.928,17396,17399,17399,1,1
2021-07-23 15:09:11.095,17397,17399,17397,1,-1
2021-07-23 15:09:11.681,17397,17399,17399,2,2
2021-07-23 15:09:17.392,17397,17398,17398,1,1
2021-07-23 15:09:17.752,17397,17398,17398,1,1
2021-07-23 15:09:24.009,17397,17398,17397,1,-1
2021-07-23 15:09:31.803,17397,17398,17397,3,-3
2021-07-23 15:09:33.002,17397,17398,17398,1,1
2021-07-23 15:09:35.884,17397,17398,17398,2,2
2021-07-23 15:09:37.785,17398,17399,17398,1,-1
2021-07-23 15:09:43.957,17397,17398,17398,1,1
2021-07-23 15:09:45.784,17397,17398,17398,1,1
2021-07-23 15:09:47.896,17398,17399,17398,2,-2
2021-07-23 15:09:47.896,17398,17399,17397,4,-4
2021-07-23 15:09:53.643,17397,17398,17398,1,1
2021-07-23 15:10:00.288,17398,17399,17399,1,1
2021-07-23 15:10:00.288,17398,17399,17399,3,3
2021-07-23 15:10:00.288,17398,17399,17399,1,1
2021-07-23 15:10:00.288,17398,17399,17399,4,4
2021-07-23 15:10:00.625,17399,17400,17399,1,-1
2021-07-23 15:10:00.684,17399,17400,17399,1,-1
2021-07-23 15:10:02.772,17399,17400,17399,1,-1
2021-07-23 15:10:02.873,17399,17400,17399,1,-1
2021-07-23 15:10:02.873,17399,17400,17399,1,-1
2021-07-23 15:10:05.868,17399,17400,17400,9,9
2021-07-23 15:10:05.868,17399,17400,17400,1,1
2021-07-23 15:10:06.071,17400,17401,17400,5,-5
2021-07-23 15:10:06.078,17400,17401,17401,2,2
2021-07-23 15:10:06.195,17399,17402,17399,5,-5
2021-07-23 15:10:13.972,17401,17402,17402,4,4
2021-07-23 15:10:14.466,17401,17402,17402,1,1
2021-07-23 15:10:17.995,17402,17403,17403,2,2
2021-07-23 15:10:18.626,17402,17403,17403,1,1
2021-07-23 15:10:19.968,17402,17403,17403,1,1
2021-07-23 15:10:20.429,17402,17403,17403,1,1
2021-07-23 15:10:23.973,17403,17404,17404,1,1
2021-07-23 15:10:24.540,17403,17404,17404,4,4
2021-07-23 15:10:26.748,17403,17404,17404,1,1
2021-07-23 15:10:28.838,17403,17404,17403,5,-5
2021-07-23 15:10:29.714,17402,17403,17403,1,1
2021-07-23 15:10:30.280,17402,17403,17403,2,2
2021-07-23 15:10:34.665,17402,17403,17402,4,-4
2021-07-23 15:10:38.440,17401,17403,17403,1,1
2021-07-23 15:10:39.301,17401,17402,17402,1,1
2021-07-23 15:10:41.905,17401,17402,17401,1,-1
2021-07-23 15:10:42.315,17400,17402,17400,1,-1
2021-07-23 15:10:45.710,17401,17403,17402,2,2
2021-07-23 15:10:46.550,17401,17402,17402,1,1
2021-07-23 15:10:48.770,17401,17402,17402,5,5
2021-07-23 15:10:49.509,17401,17402,17401,1,-1
2021-07-23 15:10:55.636,17400,17401,17400,1,-1
2021-07-23 15:10:56.410,17400,17401,17401,1,1
2021-07-23 15:10:56.804,17400,17401,17400,1,-1
2021-07-23 15:10:59.328,17400,17401,17401,2,2
2021-07-23 15:11:02.862,17400,17401,17400,2,-2
2021-07-23 15:11:02.863,17400,17401,17400,2,-2
2021-07-23 15:11:03.570,17399,17401,17399,2,-2
2021-07-23 15:11:05.303,17400,17401,17400,2,2
2021-07-23 15:11:07.339,17399,17401,17399,1,-1
2021-07-23 15:11:12.323,17400,17401,17400,1,1
2021-07-23 15:11:12.323,17400,17401,17399,1,-1
2021-07-23 15:11:12.413,17399,17401,17399,1,-1
2021-07-23 15:11:16.539,17399,17400,17399,1,-1
2021-07-23 15:11:16.542,17399,17400,17399,7,-7
2021-07-23 15:11:17.457,17399,17400,17399,1,-1
2021-07-23 15:11:22.806,17399,17400,17399,1,-1
2021-07-23 15:11:23.272,17398,17400,17398,1,-1
2021-07-23 15:11:24.480,17398,17400,17398,2,-2
2021-07-23 15:11:26.107,17398,17400,17398,2,-2
2021-07-23 15:11:26.108,17398,17400,17398,3,-3
2021-07-23 15:11:31.537,17397,17398,17398,1,1
2021-07-23 15:11:31.838,17397,17398,17398,1,1
2021-07-23 15:11:34.581,17397,17398,17397,7,-7
2021-07-23 15:11:34.622,17396,17397,17396,7,-7
2021-07-23 15:11:37.136,17395,17397,17395,1,-1
2021-07-23 15:11:41.617,17395,17397,17397,4,4
2021-07-23 15:11:43.109,17395,17396,17395,1,-1
2021-07-23 15:11:46.525,17395,17396,17395,12,-12
2021-07-23 15:11:46.934,17394,17396,17395,1,-1
2021-07-23 15:11:47.130,17394,17396,17396,1,1
2021-07-23 15:11:47.189,17394,17396,17394,1,-1
2021-07-23 15:11:48.762,17394,17395,17395,1,1
2021-07-23 15:11:49.184,17394,17396,17394,1,-1
2021-07-23 15:11:51.564,17394,17396,17394,1,-1
2021-07-23 15:11:53.016,17395,17396,17395,1,1
2021-07-23 15:11:53.038,17395,17396,17395,1,-1
2021-07-23 15:11:54.863,17395,17396,17395,1,-1
2021-07-23 15:11:58.862,17394,17395,17395,4,4
2021-07-23 15:11:59.108,17394,17396,17394,4,-4
2021-07-23 15:12:01.186,17395,17396,17395,1,1
2021-07-23 15:12:01.378,17394,17396,17394,2,-2
2021-07-23 15:12:01.427,17394,17396,17394,1,-1
2021-07-23 15:12:01.664,17394,17396,17394,1,-1
2021-07-23 15:12:02.018,17394,17395,17394,2,-2
2021-07-23 15:12:03.246,17394,17395,17394,1,-1
2021-07-23 15:12:07.285,17393,17394,17393,1,-1
2021-07-23 15:12:07.396,17393,17394,17393,2,-2
2021-07-23 15:12:07.913,17393,17394,17393,2,-2
2021-07-23 15:12:08.286,17393,17394,17394,1,1
2021-07-23 15:12:09.034,17393,17395,17393,1,-1
2021-07-23 15:12:10.996,17394,17395,17394,2,2
2021-07-23 15:12:12.040,17393,17394,17394,1,1
2021-07-23 15:12:12.332,17393,17394,17393,3,-3
2021-07-23 15:12:12.627,17393,17394,17393,1,-1
2021-07-23 15:12:19.328,17393,17394,17393,5,-5
2021-07-23 15:12:19.833,17392,17393,17393,1,1
2021-07-23 15:12:19.833,17392,17393,17394,4,4
2021-07-23 15:12:19.889,17392,17394,17394,5,5
2021-07-23 15:12:20.071,17393,17395,17393,1,-1
2021-07-23 15:12:20.107,17393,17395,17395,5,5
2021-07-23 15:12:20.246,17394,17395,17394,1,-1
2021-07-23 15:12:20.250,17394,17395,17395,1,1
2021-07-23 15:12:20.423,17393,17395,17395,5,5
2021-07-23 15:12:24.118,17394,17395,17395,1,1
2021-07-23 15:12:28.191,17394,17395,17395,7,7
2021-07-23 15:12:33.070,17394,17395,17395,1,1
2021-07-23 15:12:34.128,17394,17395,17395,1,1
2021-07-23 15:12:36.220,17395,17396,17395,1,-1
2021-07-23 15:12:37.975,17395,17396,17396,1,1
2021-07-23 15:12:40.188,17395,17396,17396,1,1
2021-07-23 15:12:40.188,17395,17396,17396,1,1
2021-07-23 15:12:46.718,17396,17397,17397,1,1
2021-07-23 15:12:48.916,17396,17397,17397,1,1
2021-07-23 15:12:49.642,17396,17398,17397,1,-1
2021-07-23 15:12:50.330,17396,17397,17397,1,1
2021-07-23 15:12:56.700,17396,17397,17397,1,1
2021-07-23 15:12:58.323,17396,17397,17397,1,1
2021-07-23 15:13:00.553,17396,17397,17396,2,-2
2021-07-23 15:13:01.289,17395,17396,17396,1,1
2021-07-23 15:13:02.046,17395,17396,17395,4,-4
2021-07-23 15:13:03.779,17395,17396,17395,2,-2
2021-07-23 15:13:07.996,17395,17396,17395,1,-1
2021-07-23 15:13:09.496,17394,17395,17394,4,-4
2021-07-23 15:13:33.168,17394,17395,17394,1,-1
2021-07-23 15:13:33.408,17394,17395,17395,2,2
2021-07-23 15:13:35.440,17395,17396,17395,3,-3
2021-07-23 15:13:35.849,17395,17396,17396,1,1
2021-07-23 15:13:35.850,17395,17396,17396,2,2
2021-07-23 15:13:43.872,17395,17396,17396,1,1
2021-07-23 15:13:48.477,17396,17397,17396,1,-1
2021-07-23 15:13:48.636,17396,17397,17396,1,-1
2021-07-23 15:13:55.456,17396,17397,17396,2,-2
2021-07-23 15:13:55.457,17396,17397,17396,4,-4
2021-07-23 15:13:56.199,17395,17396,17396,1,1
2021-07-23 15:13:56.621,17395,17396,17395,1,-1
2021-07-23 15:13:56.621,17395,17396,17395,1,-1
2021-07-23 15:13:57.019,17394,17396,17396,2,2
2021-07-23 15:14:01.316,17394,17396,17394,1,-1
2021-07-23 15:14:03.189,17394,17395,17395,1,1
2021-07-23 15:14:04.973,17395,17396,17396,1,1
2021-07-23 15:14:07.650,17395,17396,17396,1,1
2021-07-23 15:14:07.651,17395,17396,17396,1,1
2021-07-23 15:14:08.692,17395,17397,17397,1,1
2021-07-23 15:14:12.430,17394,17396,17396,2,2
2021-07-23 15:14:16.022,17395,17397,17397,2,2
2021-07-23 15:14:26.216,17396,17397,17396,3,-3
2021-07-23 15:14:30.268,17395,17397,17397,1,1
2021-07-23 15:14:32.572,17396,17397,17396,1,-1
2021-07-23 15:14:34.852,17396,17397,17396,1,-1
2021-07-23 15:14:36.615,17395,17396,17396,1,1
2021-07-23 15:14:42.247,17395,17396,17396,1,1
2021-07-23 15:14:49.704,17395,17396,17395,1,-1
2021-07-23 15:14:49.808,17395,17396,17395,1,-1
2021-07-23 15:14:50.008,17395,17396,17395,1,-1
2021-07-23 15:14:50.224,17395,17396,17395,1,-1
2021-07-23 15:14:55.200,17395,17396,17396,3,3
2021-07-23 15:15:03.518,17395,17396,17395,2,-2
2021-07-23 15:15:03.520,17395,17396,17395,1,-1
2021-07-23 15:15:03.560,17395,17396,17396,1,1
2021-07-23 15:15:04.181,17394,17396,17394,3,-3
2021-07-23 15:15:04.181,17394,17396,17393,2,-2
2021-07-23 15:15:04.181,17394,17396,17393,5,-5
2021-07-23 15:15:04.202,17394,17396,17393,1,-1
2021-07-23 15:15:04.633,17393,17395,17393,1,-1
2021-07-23 15:15:04.685,17393,17395,17393,1,-1
2021-07-23 15:15:04.691,17393,17395,17393,1,-1
2021-07-23 15:15:04.776,17392,17394,17392,2,-2
2021-07-23 15:15:04.921,17392,17394,17392,1,-1
2021-07-23 15:15:04.929,17392,17394,17392,1,-1
2021-07-23 15:15:06.405,17393,17395,17393,1,1
2021-07-23 15:15:07.170,17393,17395,17393,2,-2
2021-07-23 15:15:13.198,17393,17395,17393,14,-14
2021-07-23 15:15:13.198,17393,17395,17392,1,-1
2021-07-23 15:15:18.429,17392,17393,17393,1,1
2021-07-23 15:15:18.452,17392,17393,17393,1,1
2021-07-23 15:15:18.452,17392,17393,17392,4,-4
2021-07-23 15:15:20.439,17393,17394,17393,1,1
2021-07-23 15:15:21.031,17393,17394,17393,1,-1
2021-07-23 15:15:25.717,17392,17393,17393,1,1
2021-07-23 15:15:26.570,17392,17393,17392,3,-3
2021-07-23 15:15:29.003,17391,17392,17392,1,1
2021-07-23 15:15:29.918,17391,17392,17392,2,2
2021-07-23 15:15:29.918,17391,17392,17393,1,1
2021-07-23 15:15:41.024,17391,17392,17391,1,-1
2021-07-23 15:15:41.149,17391,17392,17391,1,-1
2021-07-23 15:15:41.958,17391,17392,17391,6,-6
2021-07-23 15:15:42.941,17391,17392,17392,1,1
2021-07-23 15:15:47.039,17391,17392,17391,7,-7
2021-07-23 15:15:47.039,17391,17392,17391,3,-3
2021-07-23 15:15:47.039,17391,17392,17391,4,-4
2021-07-23 15:15:47.121,17391,17392,17391,7,-7
2021-07-23 15:15:47.438,17390,17391,17390,1,-1
2021-07-23 15:15:47.662,17390,17391,17391,1,1
2021-07-23 15:15:49.215,17390,17391,17391,1,1
2021-07-23 15:15:49.370,17390,17391,17390,18,-18
2021-07-23 15:15:52.915,17389,17390,17390,1,1
2021-07-23 15:15:54.363,17389,17390,17390,1,1
2021-07-23 15:15:55.243,17389,17390,17390,2,2
2021-07-23 15:15:58.044,17390,17391,17390,1,-1
2021-07-23 15:16:00.146,17389,17390,17390,1,1
2021-07-23 15:16:08.383,17389,17390,17390,1,1
2021-07-23 15:16:08.631,17389,17390,17390,1,1
2021-07-23 15:16:09.302,17389,17390,17389,2,-2
2021-07-23 15:16:09.423,17389,17390,17389,1,-1
2021-07-23 15:16:10.253,17389,17390,17389,4,-4
2021-07-23 15:16:11.059,17389,17390,17389,1,-1
2021-07-23 15:16:13.201,17389,17390,17389,2,-2
2021-07-23 15:16:13.861,17389,17390,17390,5,5
2021-07-23 15:16:13.861,17389,17390,17390,1,1
2021-07-23 15:16:14.755,17390,17391,17391,1,1
2021-07-23 15:16:14.756,17390,17391,17391,1,1
2021-07-23 15:16:14.756,17390,17391,17391,6,6
2021-07-23 15:16:14.756,17390,17391,17391,2,2
2021-07-23 15:16:14.961,17391,17392,17392,5,5
2021-07-23 15:16:15.104,17391,17393,17393,4,4
2021-07-23 15:16:15.104,17391,17393,17394,1,1
2021-07-23 15:16:15.252,17392,17394,17394,5,5
2021-07-23 15:16:15.988,17393,17395,17395,5,5
2021-07-23 15:16:16.110,17393,17395,17395,2,2
2021-07-23 15:16:16.295,17393,17395,17395,3,3
2021-07-23 15:16:18.779,17394,17396,17394,5,-5
2021-07-23 15:16:19.532,17394,17395,17394,1,-1
2021-07-23 15:16:23.257,17394,17395,17394,2,-2
2021-07-23 15:16:23.725,17394,17395,17394,2,-2
2021-07-23 15:16:24.109,17394,17395,17394,2,-2
2021-07-23 15:16:25.032,17393,17394,17394,1,1
2021-07-23 15:16:25.285,17393,17394,17393,2,-2
2021-07-23 15:16:26.880,17393,17394,17393,1,-1
2021-07-23 15:16:28.161,17393,17394,17393,1,-1
2021-07-23 15:16:29.889,17393,17394,17393,2,-2
2021-07-23 15:16:30.005,17393,17394,17393,1,-1
2021-07-23 15:16:30.525,17393,17394,17394,1,1
2021-07-23 15:16:30.526,17393,17394,17394,2,2
2021-07-23 15:16:30.833,17394,17395,17394,2,-2
2021-07-23 15:16:32.454,17393,17394,17394,2,2
2021-07-23 15:16:32.993,17393,17395,17393,2,-2
2021-07-23 15:16:34.345,17394,17395,17394,2,2
2021-07-23 15:16:35.509,17394,17395,17394,1,-1
2021-07-23 15:16:36.191,17392,17394,17394,1,1
2021-07-23 15:16:40.577,17392,17393,17393,1,1
2021-07-23 15:16:40.621,17392,17393,17392,1,-1
2021-07-23 15:16:44.246,17390,17391,17390,1,-1
2021-07-23 15:16:45.002,17390,17391,17390,2,-2
2021-07-23 15:16:45.508,17390,17391,17390,2,-2
2021-07-23 15:16:48.349,17389,17390,17389,2,-2
2021-07-23 15:16:49.333,17389,17390,17389,2,-2
2021-07-23 15:16:50.101,17389,17390,17389,2,-2
2021-07-23 15:16:50.825,17389,17390,17389,1,-1
2021-07-23 15:16:51.481,17388,17389,17388,2,-2
2021-07-23 15:16:51.562,17388,17389,17389,1,1
2021-07-23 15:16:51.587,17388,17389,17390,1,1
2021-07-23 15:16:51.612,17388,17389,17390,1,1
2021-07-23 15:16:51.640,17388,17390,17388,5,-5
2021-07-23 15:16:52.128,17388,17389,17388,5,-5
2021-07-23 15:16:52.267,17387,17389,17389,1,1
2021-07-23 15:16:53.080,17387,17389,17389,1,1
2021-07-23 15:16:55.924,17387,17388,17388,2,2
2021-07-23 15:16:58.249,17387,17388,17387,5,-5
2021-07-23 15:17:03.844,17386,17387,17387,1,1
2021-07-23 15:17:04.075,17386,17388,17386,1,-1
2021-07-23 15:17:04.229,17386,17387,17386,1,-1
2021-07-23 15:17:04.379,17386,17387,17386,1,-1
2021-07-23 15:17:04.393,17386,17387,17386,1,-1
2021-07-23 15:17:04.518,17386,17387,17386,1,-1
2021-07-23 15:17:04.544,17386,17387,17386,1,-1
2021-07-23 15:17:05.380,17386,17387,17387,1,1
2021-07-23 15:17:05.443,17386,17387,17387,1,1
2021-07-23 15:17:06.995,17387,17388,17387,1,-1
2021-07-23 15:17:08.200,17386,17388,17386,1,-1
2021-07-23 15:17:09.637,17387,17388,17387,1,1
2021-07-23 15:17:11.457,17386,17387,17386,2,-2
2021-07-23 15:17:11.610,17386,17387,17386,2,-2
2021-07-23 15:17:11.829,17386,17387,17387,3,3
2021-07-23 15:17:12.119,17387,17388,17387,1,-1
2021-07-23 15:17:12.119,17387,17388,17386,7,-7
2021-07-23 15:17:12.119,17387,17388,17386,2,-2
2021-07-23 15:17:14.293,17386,17388,17386,1,-1
2021-07-23 15:17:15.939,17386,17388,17386,3,-3
2021-07-23 15:17:16.993,17386,17388,17387,1,1
2021-07-23 15:17:21.583,17386,17388,17386,1,-1
2021-07-23 15:17:23.347,17387,17388,17388,3,3
2021-07-23 15:17:23.625,17387,17388,17388,1,1
2021-07-23 15:17:23.626,17387,17388,17388,1,1
2021-07-23 15:17:23.626,17387,17388,17388,1,1
2021-07-23 15:17:23.626,17387,17388,17388,8,8
2021-07-23 15:17:25.034,17388,17389,17389,1,1
2021-07-23 15:17:26.563,17388,17389,17389,1,1
2021-07-23 15:17:27.546,17389,17390,17390,1,1
2021-07-23 15:17:28.966,17389,17390,17389,1,-1
2021-07-23 15:17:31.520,17388,17390,17390,1,1
2021-07-23 15:17:36.024,17388,17389,17388,1,-1
2021-07-23 15:17:36.329,17387,17389,17389,1,1
2021-07-23 15:17:36.811,17387,17389,17389,1,1
2021-07-23 15:17:37.954,17387,17388,17388,1,1
2021-07-23 15:17:40.464,17387,17388,17388,1,1
2021-07-23 15:17:42.301,17388,17389,17388,1,-1
2021-07-23 15:17:44.361,17387,17389,17388,1,-1
2021-07-23 15:17:45.857,17388,17389,17388,1,-1
2021-07-23 15:17:51.482,17388,17389,17389,1,1
2021-07-23 15:17:52.715,17388,17389,17389,1,1
2021-07-23 15:17:54.140,17388,17389,17388,1,-1
2021-07-23 15:17:55.785,17388,17389,17388,3,-3
2021-07-23 15:17:56.015,17387,17389,17388,1,-1
2021-07-23 15:17:56.681,17387,17388,17388,1,1
2021-07-23 15:17:59.440,17388,17389,17388,1,-1
2021-07-23 15:18:01.190,17387,17388,17387,1,-1
2021-07-23 15:18:02.117,17387,17388,17388,2,2
2021-07-23 15:18:02.571,17387,17388,17387,1,-1
2021-07-23 15:18:02.572,17387,17388,17387,4,-4
2021-07-23 15:18:02.572,17387,17388,17387,1,-1
2021-07-23 15:18:02.572,17387,17388,17387,6,-6
2021-07-23 15:18:07.961,17387,17388,17387,1,-1
2021-07-23 15:18:08.127,17387,17388,17387,1,-1
2021-07-23 15:18:09.123,17386,17387,17387,3,3
2021-07-23 15:18:09.182,17386,17387,17387,7,7
2021-07-23 15:18:09.182,17386,17387,17386,2,-2
2021-07-23 15:18:09.183,17386,17387,17386,1,-1
2021-07-23 15:18:09.392,17386,17387,17386,2,-2
2021-07-23 15:18:11.809,17386,17387,17387,2,2
2021-07-23 15:18:13.098,17386,17388,17388,1,1
2021-07-23 15:18:14.390,17387,17388,17388,14,14
2021-07-23 15:18:14.662,17388,17389,17389,4,4
2021-07-23 15:18:18.383,17389,17390,17389,1,-1
2021-07-23 15:18:19.226,17388,17390,17390,1,1
2021-07-23 15:18:21.135,17388,17390,17390,1,1
2021-07-23 15:18:21.620,17388,17389,17389,1,1
2021-07-23 15:18:23.777,17387,17389,17389,1,1
2021-07-23 15:18:25.008,17387,17389,17387,1,-1
2021-07-23 15:18:28.824,17387,17388,17387,2,-2
2021-07-23 15:18:28.824,17387,17388,17386,13,-13
2021-07-23 15:18:30.444,17386,17387,17386,1,-1
2021-07-23 15:18:30.444,17386,17387,17386,1,-1
2021-07-23 15:18:30.549,17385,17386,17386,1,1
2021-07-23 15:18:34.438,17386,17387,17386,1,-1
2021-07-23 15:18:36.769,17385,17386,17386,1,1
2021-07-23 15:18:41.043,17387,17388,17388,2,2
2021-07-23 15:18:48.992,17387,17388,17387,2,-2
2021-07-23 15:18:50.258,17387,17388,17388,3,3
2021-07-23 15:18:51.103,17388,17389,17388,2,-2
2021-07-23 15:18:55.126,17387,17388,17387,2,-2
2021-07-23 15:18:56.706,17387,17388,17388,2,2
2021-07-23 15:18:59.205,17387,17389,17387,1,-1
2021-07-23 15:18:59.901,17387,17389,17387,6,-6
2021-07-23 15:19:03.017,17387,17388,17387,1,-1
2021-07-23 15:19:04.056,17387,17388,17388,1,1
2021-07-23 15:19:05.366,17387,17388,17387,1,-1
2021-07-23 15:19:08.136,17387,17388,17387,1,-1
2021-07-23 15:19:09.752,17387,17388,17388,3,3
2021-07-23 15:19:13.493,17387,17388,17387,1,-1
2021-07-23 15:19:13.634,17387,17388,17387,1,-1
2021-07-23 15:19:15.786,17387,17388,17388,1,1
2021-07-23 15:19:17.896,17387,17388,17387,1,-1
2021-07-23 15:19:18.316,17387,17388,17387,1,-1
2021-07-23 15:19:18.316,17387,17388,17387,1,-1
2021-07-23 15:19:18.316,17387,17388,17387,2,-2
2021-07-23 15:19:21.839,17386,17387,17387,1,1
2021-07-23 15:19:23.658,17386,17387,17386,5,-5
2021-07-23 15:19:28.496,17385,17387,17387,1,1
2021-07-23 15:19:28.832,17385,17387,17385,1,-1
2021-07-23 15:19:28.908,17385,17387,17385,4,-4
2021-07-23 15:19:28.911,17385,17387,17385,8,-8
2021-07-23 15:19:28.913,17385,17387,17385,9,-9
2021-07-23 15:19:28.914,17385,17387,17385,5,-5
2021-07-23 15:19:28.916,17385,17387,17384,7,-7
2021-07-23 15:19:28.916,17385,17387,17383,1,-1
2021-07-23 15:19:28.918,17385,17387,17383,6,-6
2021-07-23 15:19:28.920,17385,17387,17383,9,-9
2021-07-23 15:19:28.921,17385,17387,17383,1,-1
2021-07-23 15:19:28.925,17385,17387,17382,6,-6
2021-07-23 15:19:28.928,17385,17387,17382,7,-7
2021-07-23 15:19:28.928,17385,17387,17382,1,-1
2021-07-23 15:19:28.928,17385,17387,17382,1,-1
2021-07-23 15:19:28.928,17385,17387,17382,1,-1
2021-07-23 15:19:28.930,17385,17387,17381,5,-5
2021-07-23 15:19:28.932,17385,17387,17381,5,-5
2021-07-23 15:19:28.932,17385,17387,17381,8,-8
2021-07-23 15:19:28.932,17385,17387,17381,1,-1
2021-07-23 15:19:28.933,17385,17387,17381,1,-1
2021-07-23 15:19:28.933,17385,17387,17381,6,-6
2021-07-23 15:19:28.933,17385,17387,17381,1,-1
2021-07-23 15:19:28.933,17385,17387,17381,1,-1
2021-07-23 15:19:28.933,17385,17387,17381,8,-8
2021-07-23 15:19:28.934,17385,17387,17380,1,-1
2021-07-23 15:19:28.934,17385,17387,17380,6,-6
2021-07-23 15:19:28.934,17385,17387,17380,1,-1
2021-07-23 15:19:28.934,17385,17387,17380,1,-1
2021-07-23 15:19:28.935,17385,17387,17380,9,-9
2021-07-23 15:19:28.935,17385,17387,17380,15,-15
2021-07-23 15:19:28.936,17385,17387,17379,1,-1
2021-07-23 15:19:28.936,17385,17387,17379,1,-1
2021-07-23 15:19:28.936,17385,17387,17379,4,-4
2021-07-23 15:19:28.936,17385,17387,17378,1,-1
2021-07-23 15:19:28.939,17385,17387,17379,2,2
2021-07-23 15:19:28.939,17385,17387,17378,7,-7
2021-07-23 15:19:28.939,17385,17387,17377,3,-3
2021-07-23 15:19:28.940,17385,17387,17378,1,1
2021-07-23 15:19:28.941,17385,17387,17379,2,2
2021-07-23 15:19:28.941,17385,17387,17379,1,-1
2021-07-23 15:19:28.941,17385,17387,17378,1,-1
2021-07-23 15:19:28.941,17385,17387,17377,4,-4
2021-07-23 15:19:28.942,17385,17387,17377,3,-3
2021-07-23 15:19:28.942,17385,17387,17376,2,-2
2021-07-23 15:19:28.944,17385,17387,17377,3,3
2021-07-23 15:19:28.974,17385,17387,17378,1,1
2021-07-23 15:19:28.974,17385,17387,17378,1,-1
2021-07-23 15:19:28.975,17385,17387,17378,1,-1
2021-07-23 15:19:28.998,17377,17378,17378,1,1
2021-07-23 15:19:29.006,17377,17378,17377,4,-4
2021-07-23 15:19:29.021,17377,17378,17377,3,-3
2021-07-23 15:19:29.030,17377,17378,17377,3,-3
2021-07-23 15:19:29.030,17377,17378,17376,2,-2
2021-07-23 15:19:29.032,17377,17378,17377,1,1
2021-07-23 15:19:29.032,17377,17378,17376,1,-1
2021-07-23 15:19:29.043,17377,17378,17376,11,-11
2021-07-23 15:19:29.043,17377,17378,17375,19,-19
2021-07-23 15:19:29.045,17377,17378,17376,3,3
2021-07-23 15:19:29.045,17377,17378,17375,2,-2
2021-07-23 15:19:29.047,17377,17378,17375,1,-1
2021-07-23 15:19:29.057,17377,17378,17375,2,-2
2021-07-23 15:19:29.091,17377,17378,17375,1,-1
2021-07-23 15:19:29.101,17377,17378,17375,1,-1
2021-07-23 15:19:29.102,17377,17378,17375,1,-1
2021-07-23 15:19:29.107,17377,17378,17375,1,-1
2021-07-23 15:19:29.107,17377,17378,17375,1,-1
2021-07-23 15:19:29.121,17375,17377,17377,2,2
2021-07-23 15:19:29.121,17375,17377,17378,2,2
2021-07-23 15:19:29.123,17375,17377,17376,1,-1
2021-07-23 15:19:29.125,17375,17377,17375,1,-1
2021-07-23 15:19:29.133,17375,17377,17375,1,-1
2021-07-23 15:19:29.147,17375,17377,17377,1,1
2021-07-23 15:19:29.152,17375,17377,17377,1,1
2021-07-23 15:19:29.157,17375,17377,17377,1,1
2021-07-23 15:19:29.160,17375,17377,17377,1,1
2021-07-23 15:19:29.160,17375,17377,17376,2,-2
2021-07-23 15:19:29.182,17375,17377,17376,1,-1
2021-07-23 15:19:29.186,17375,17377,17376,3,-3
2021-07-23 15:19:29.186,17375,17377,17375,5,-5
2021-07-23 15:19:29.191,17375,17377,17375,1,-1
2021-07-23 15:19:29.195,17375,17377,17375,2,-2
2021-07-23 15:19:29.204,17375,17377,17375,1,-1
2021-07-23 15:19:29.219,17375,17377,17377,3,3
2021-07-23 15:19:29.219,17375,17377,17378,2,2
2021-07-23 15:19:29.234,17375,17377,17376,5,-5
2021-07-23 15:19:29.234,17375,17377,17375,1,-1
2021-07-23 15:19:29.237,17375,17377,17376,1,1
2021-07-23 15:19:29.238,17375,17377,17376,1,-1
2021-07-23 15:19:29.246,17376,17378,17378,1,1
2021-07-23 15:19:29.262,17376,17378,17376,2,-2
2021-07-23 15:19:29.262,17376,17378,17376,1,-1
2021-07-23 15:19:29.274,17376,17378,17375,1,-1
2021-07-23 15:19:29.283,17376,17378,17375,2,-2
2021-07-23 15:19:29.289,17376,17378,17375,2,-2
2021-07-23 15:19:29.310,17376,17378,17375,1,-1
2021-07-23 15:19:29.319,17376,17378,17375,2,-2
2021-07-23 15:19:29.323,17376,17378,17377,3,3
2021-07-23 15:19:29.330,17376,17378,17375,1,-1
2021-07-23 15:19:29.348,17376,17378,17376,1,1
2021-07-23 15:19:29.363,17376,17378,17375,1,-1
2021-07-23 15:19:29.371,17375,17377,17377,6,6
2021-07-23 15:19:29.371,17375,17377,17378,3,3
2021-07-23 15:19:29.371,17375,17377,17379,1,1
2021-07-23 15:19:29.423,17375,17377,17376,1,-1
2021-07-23 15:19:29.445,17375,17377,17379,5,5
2021-07-23 15:19:29.532,17377,17379,17377,2,-2
2021-07-23 15:19:29.538,17377,17379,17377,1,-1
2021-07-23 15:19:29.538,17377,17379,17376,1,-1
2021-07-23 15:19:29.544,17377,17379,17376,2,-2
2021-07-23 15:19:29.546,17377,17379,17376,1,-1
2021-07-23 15:19:29.557,17377,17379,17376,1,-1
2021-07-23 15:19:29.562,17377,17379,17376,1,-1
2021-07-23 15:19:29.568,17377,17379,17376,1,-1
2021-07-23 15:19:29.570,17377,17379,17376,2,-2
2021-07-23 15:19:29.582,17377,17379,17376,1,-1
2021-07-23 15:19:29.601,17377,17379,17376,1,-1
2021-07-23 15:19:29.626,17375,17378,17376,1,-1
2021-07-23 15:19:29.638,17375,17378,17376,1,-1
2021-07-23 15:19:29.655,17375,17378,17375,2,-2
2021-07-23 15:19:29.656,17375,17378,17375,1,-1
2021-07-23 15:19:29.656,17375,17378,17375,1,-1
2021-07-23 15:19:29.660,17375,17378,17375,4,-4
2021-07-23 15:19:29.660,17375,17378,17375,3,-3
2021-07-23 15:19:29.661,17375,17378,17375,13,-13
2021-07-23 15:19:29.670,17375,17378,17375,2,-2
2021-07-23 15:19:29.676,17375,17378,17374,2,-2
2021-07-23 15:19:29.691,17375,17378,17374,2,-2
2021-07-23 15:19:29.698,17375,17378,17374,3,-3
2021-07-23 15:19:29.706,17375,17378,17374,1,-1
2021-07-23 15:19:29.717,17375,17378,17374,2,-2
2021-07-23 15:19:29.731,17375,17378,17377,3,3
2021-07-23 15:19:29.731,17375,17378,17378,2,2
2021-07-23 15:19:29.758,17376,17378,17376,2,-2
2021-07-23 15:19:29.763,17376,17378,17375,2,-2
2021-07-23 15:19:29.764,17376,17378,17378,1,1
2021-07-23 15:19:29.764,17376,17378,17374,1,-1
2021-07-23 15:19:29.768,17376,17378,17374,2,-2
2021-07-23 15:19:29.771,17376,17378,17374,2,-2
2021-07-23 15:19:29.797,17376,17378,17374,1,-1
2021-07-23 15:19:29.815,17376,17378,17374,2,-2
2021-07-23 15:19:29.815,17376,17378,17374,1,-1
2021-07-23 15:19:29.827,17376,17378,17374,2,-2
2021-07-23 15:19:29.828,17376,17378,17374,1,-1
2021-07-23 15:19:29.837,17376,17378,17374,1,-1
2021-07-23 15:19:29.845,17376,17378,17374,1,-1
2021-07-23 15:19:29.870,17376,17378,17374,1,-1
2021-07-23 15:19:29.870,17376,17378,17373,1,-1
2021-07-23 15:19:29.918,17373,17378,17378,1,1
2021-07-23 15:19:29.937,17373,17378,17377,2,-2
2021-07-23 15:19:29.938,17373,17378,17377,1,-1
2021-07-23 15:19:29.938,17373,17378,17377,3,-3
2021-07-23 15:19:29.938,17373,17378,17377,1,-1
2021-07-23 15:19:29.938,17373,17378,17377,3,-3
2021-07-23 15:19:29.952,17373,17378,17375,1,-1
2021-07-23 15:19:29.952,17373,17378,17374,4,-4
2021-07-23 15:19:29.952,17373,17378,17373,12,-12
2021-07-23 15:19:29.972,17373,17378,17374,2,2
2021-07-23 15:19:29.987,17373,17378,17374,1,-1
2021-07-23 15:19:29.999,17374,17376,17376,1,1
2021-07-23 15:19:30.034,17374,17376,17375,1,-1
2021-07-23 15:19:30.057,17374,17376,17375,2,-2
2021-07-23 15:19:30.059,17374,17376,17374,1,-1
2021-07-23 15:19:30.075,17374,17376,17375,1,1
2021-07-23 15:19:30.121,17375,17377,17375,2,-2
2021-07-23 15:19:30.166,17375,17377,17377,6,6
2021-07-23 15:19:30.167,17375,17377,17377,3,3
2021-07-23 15:19:30.167,17375,17377,17377,1,1
2021-07-23 15:19:30.174,17375,17377,17375,1,-1
2021-07-23 15:19:30.185,17375,17377,17375,1,-1
2021-07-23 15:19:30.206,17375,17377,17375,1,-1
2021-07-23 15:19:30.219,17375,17377,17375,1,-1
2021-07-23 15:19:30.226,17375,17377,17375,1,-1
2021-07-23 15:19:30.226,17375,17377,17374,1,-1
2021-07-23 15:19:30.247,17374,17377,17374,1,-1
2021-07-23 15:19:30.258,17374,17377,17374,1,-1
2021-07-23 15:19:30.289,17374,17377,17374,1,-1
2021-07-23 15:19:30.320,17374,17377,17373,1,-1
2021-07-23 15:19:30.325,17374,17377,17373,1,-1
2021-07-23 15:19:30.399,17373,17375,17373,1,-1
2021-07-23 15:19:30.435,17373,17375,17373,1,-1
2021-07-23 15:19:30.435,17373,17375,17373,1,-1
2021-07-23 15:19:30.435,17373,17375,17373,1,-1
2021-07-23 15:19:30.435,17373,17375,17373,1,-1
2021-07-23 15:19:30.435,17373,17375,17373,1,-1
2021-07-23 15:19:30.435,17373,17375,17373,1,-1
2021-07-23 15:19:30.435,17373,17375,17373,1,-1
2021-07-23 15:19:30.441,17373,17375,17373,1,-1
2021-07-23 15:19:30.454,17373,17375,17373,1,-1
2021-07-23 15:19:30.474,17373,17375,17373,1,-1
2021-07-23 15:19:30.557,17373,17375,17375,5,5
2021-07-23 15:19:30.568,17373,17375,17375,1,1
2021-07-23 15:19:30.587,17373,17375,17375,1,1
2021-07-23 15:19:30.616,17373,17375,17375,1,1
2021-07-23 15:19:30.625,17375,17376,17375,1,-1
2021-07-23 15:19:30.662,17375,17376,17375,1,-1
2021-07-23 15:19:30.697,17375,17376,17374,1,-1
2021-07-23 15:19:30.699,17375,17376,17374,1,-1
2021-07-23 15:19:30.704,17375,17376,17374,1,-1
2021-07-23 15:19:30.709,17375,17376,17374,1,-1
2021-07-23 15:19:30.709,17375,17376,17374,1,-1
2021-07-23 15:19:30.709,17375,17376,17374,1,-1
2021-07-23 15:19:30.710,17375,17376,17373,1,-1
2021-07-23 15:19:30.836,17374,17376,17374,1,1
2021-07-23 15:19:30.861,17374,17376,17374,1,-1
2021-07-23 15:19:30.873,17374,17376,17374,1,-1
2021-07-23 15:19:30.936,17374,17376,17374,1,-1
2021-07-23 15:19:30.940,17374,17376,17376,3,3
2021-07-23 15:19:31.007,17376,17378,17376,1,-1
2021-07-23 15:19:31.009,17376,17378,17376,1,-1
2021-07-23 15:19:31.045,17376,17378,17376,1,-1
2021-07-23 15:19:31.054,17376,17378,17376,1,-1
2021-07-23 15:19:31.174,17376,17378,17376,1,-1
2021-07-23 15:19:31.541,17376,17378,17376,1,-1
2021-07-23 15:19:31.554,17376,17378,17378,3,3
2021-07-23 15:19:31.554,17376,17378,17379,5,5
2021-07-23 15:19:31.657,17378,17380,17378,1,-1
2021-07-23 15:19:31.696,17378,17380,17378,1,-1
2021-07-23 15:19:31.707,17378,17380,17378,1,-1
2021-07-23 15:19:31.724,17378,17380,17378,1,-1
2021-07-23 15:19:32.462,17378,17380,17378,1,-1
2021-07-23 15:19:32.882,17379,17380,17380,1,1
2021-07-23 15:19:34.117,17382,17384,17382,1,1
2021-07-23 15:19:34.247,17382,17383,17383,1,1
2021-07-23 15:19:36.038,17382,17383,17383,1,1
2021-07-23 15:19:38.015,17383,17384,17383,1,-1
2021-07-23 15:19:38.015,17383,17384,17382,3,-3
2021-07-23 15:19:39.441,17382,17384,17382,1,-1
2021-07-23 15:19:41.867,17382,17383,17383,1,1
2021-07-23 15:19:42.004,17382,17384,17384,1,1
2021-07-23 15:19:42.815,17383,17385,17385,1,1
2021-07-23 15:19:44.654,17383,17384,17383,1,-1
2021-07-23 15:19:44.732,17383,17384,17382,1,-1
2021-07-23 15:19:45.243,17382,17383,17383,1,1
2021-07-23 15:19:45.277,17382,17383,17383,1,1
2021-07-23 15:19:45.503,17383,17384,17384,1,1
2021-07-23 15:19:45.624,17383,17384,17384,1,1
2021-07-23 15:19:48.567,17383,17384,17384,1,1
2021-07-23 15:19:49.688,17383,17384,17384,1,1
2021-07-23 15:19:50.318,17383,17384,17383,1,-1
2021-07-23 15:19:51.693,17383,17384,17384,1,1
2021-07-23 15:19:51.693,17383,17384,17384,2,2
2021-07-23 15:19:51.693,17383,17384,17384,2,2
2021-07-23 15:19:53.553,17383,17385,17385,1,1
2021-07-23 15:19:54.054,17383,17385,17383,1,-1
2021-07-23 15:19:58.661,17383,17384,17383,1,-1
2021-07-23 15:19:58.763,17383,17384,17384,1,1
2021-07-23 15:20:00.048,17383,17384,17384,3,3
2021-07-23 15:20:00.127,17384,17385,17384,1,-1
2021-07-23 15:20:00.127,17384,17385,17384,1,-1
2021-07-23 15:20:00.129,17384,17385,17384,1,-1
2021-07-23 15:20:00.129,17384,17385,17384,1,-1
2021-07-23 15:20:00.129,17384,17385,17384,1,-1
2021-07-23 15:20:00.130,17384,17385,17384,2,-2
2021-07-23 15:20:00.430,17383,17385,17383,2,-2
2021-07-23 15:20:00.430,17383,17385,17382,2,-2
2021-07-23 15:20:01.221,17382,17384,17384,4,4
2021-07-23 15:20:01.221,17382,17384,17385,1,1
2021-07-23 15:20:01.248,17382,17385,17382,1,-1
2021-07-23 15:20:01.249,17382,17385,17382,1,-1
2021-07-23 15:20:01.573,17382,17384,17384,3,3
2021-07-23 15:20:01.573,17382,17384,17385,2,2
2021-07-23 15:20:01.753,17383,17385,17385,1,1
2021-07-23 15:20:01.866,17383,17385,17385,5,5
2021-07-23 15:20:02.210,17383,17385,17385,2,2
2021-07-23 15:20:02.210,17383,17385,17386,3,3
2021-07-23 15:20:02.491,17384,17386,17386,1,1
2021-07-23 15:20:02.560,17384,17386,17384,1,-1
2021-07-23 15:20:02.907,17383,17384,17384,1,1
2021-07-23 15:20:02.907,17383,17384,17385,3,3
2021-07-23 15:20:02.907,17383,17384,17386,3,3
2021-07-23 15:20:02.907,17383,17384,17386,3,3
2021-07-23 15:20:03.048,17384,17386,17384,1,-1
2021-07-23 15:20:04.119,17383,17386,17384,1,-1
2021-07-23 15:20:06.171,17384,17386,17386,1,1
2021-07-23 15:20:06.236,17384,17386,17384,1,-1
2021-07-23 15:20:06.655,17383,17386,17383,2,-2
2021-07-23 15:20:07.184,17383,17386,17384,1,1
2021-07-23 15:20:07.249,17383,17386,17383,1,-1
2021-07-23 15:20:08.522,17383,17384,17383,1,-1
2021-07-23 15:20:10.749,17383,17384,17383,3,-3
2021-07-23 15:20:13.369,17383,17384,17383,4,-4
2021-07-23 15:20:14.240,17383,17384,17384,1,1
2021-07-23 15:20:16.140,17383,17385,17383,5,-5
2021-07-23 15:20:17.212,17383,17385,17383,1,-1
2021-07-23 15:20:17.248,17383,17385,17383,1,-1
2021-07-23 15:20:17.248,17383,17385,17383,1,-1
2021-07-23 15:20:17.248,17383,17385,17383,1,-1
2021-07-23 15:20:17.249,17383,17385,17383,1,-1
2021-07-23 15:20:17.249,17383,17385,17383,1,-1
2021-07-23 15:20:17.249,17383,17385,17383,1,-1
2021-07-23 15:20:17.249,17383,17385,17382,1,-1
2021-07-23 15:20:17.249,17383,17385,17383,1,1
2021-07-23 15:20:17.249,17383,17385,17383,1,-1
2021-07-23 15:20:17.252,17383,17385,17382,1,-1
2021-07-23 15:20:17.252,17383,17385,17382,1,-1
2021-07-23 15:20:17.253,17383,17385,17382,1,-1
2021-07-23 15:20:17.445,17382,17384,17384,1,1
2021-07-23 15:20:20.160,17383,17386,17383,2,-2
2021-07-23 15:20:20.701,17383,17385,17383,1,-1
2021-07-23 15:20:21.429,17383,17384,17384,1,1
2021-07-23 15:20:21.429,17383,17384,17385,1,1
2021-07-23 15:20:22.306,17383,17385,17385,1,1
2021-07-23 15:20:25.959,17384,17385,17385,1,1
2021-07-23 15:20:26.524,17384,17385,17385,1,1
2021-07-23 15:20:28.095,17385,17386,17385,1,-1
2021-07-23 15:20:28.123,17384,17386,17384,1,-1
2021-07-23 15:20:28.124,17384,17386,17384,1,-1
2021-07-23 15:20:28.125,17384,17386,17384,1,-1
2021-07-23 15:20:28.609,17384,17385,17385,1,1
2021-07-23 15:20:29.362,17384,17386,17385,1,-1
2021-07-23 15:20:31.072,17385,17386,17386,1,1
2021-07-23 15:20:31.072,17385,17386,17386,3,3
2021-07-23 15:20:31.792,17386,17387,17387,6,6
2021-07-23 15:20:33.232,17387,17388,17388,9,9
2021-07-23 15:20:33.232,17387,17388,17388,1,1
2021-07-23 15:20:33.232,17387,17388,17388,1,1
2021-07-23 15:20:33.232,17387,17388,17388,3,3
2021-07-23 15:20:33.452,17388,17389,17389,1,1
2021-07-23 15:20:33.750,17388,17389,17388,2,-2
2021-07-23 15:20:34.097,17387,17388,17388,3,3
2021-07-23 15:20:34.097,17387,17388,17389,7,7
2021-07-23 15:20:34.348,17388,17389,17389,1,1
2021-07-23 15:20:34.348,17388,17389,17390,1,1
2021-07-23 15:20:34.382,17388,17390,17390,1,1
2021-07-23 15:20:34.382,17388,17390,17390,1,1
2021-07-23 15:20:34.382,17388,17390,17390,1,1
2021-07-23 15:20:34.384,17388,17390,17390,1,1
2021-07-23 15:20:34.385,17388,17390,17390,1,1
2021-07-23 15:20:36.186,17387,17389,17390,4,4
2021-07-23 15:20:36.676,17388,17390,17390,1,1
2021-07-23 15:20:39.516,17389,17390,17389,1,-1
2021-07-23 15:20:39.623,17388,17390,17388,1,-1
2021-07-23 15:20:39.942,17388,17390,17390,10,10
2021-07-23 15:20:41.723,17389,17390,17390,3,3
2021-07-23 15:20:42.748,17389,17390,17390,1,1
2021-07-23 15:20:43.532,17389,17390,17390,1,1
2021-07-23 15:20:45.368,17390,17391,17390,1,-1
2021-07-23 15:20:45.368,17390,17391,17390,2,-2
2021-07-23 15:20:46.779,17389,17390,17389,1,-1
2021-07-23 15:20:46.848,17389,17390,17389,1,-1
2021-07-23 15:20:47.102,17388,17390,17390,1,1
2021-07-23 15:20:47.123,17388,17390,17388,1,-1
2021-07-23 15:20:47.124,17388,17390,17387,1,-1
2021-07-23 15:20:47.253,17387,17389,17389,2,2
2021-07-23 15:20:47.253,17387,17389,17390,2,2
2021-07-23 15:20:49.281,17389,17390,17389,1,-1
2021-07-23 15:20:49.376,17388,17389,17388,1,-1
2021-07-23 15:20:52.497,17387,17388,17388,1,1
2021-07-23 15:20:52.527,17387,17388,17389,1,1
2021-07-23 15:20:54.748,17388,17390,17388,4,-4
2021-07-23 15:20:54.749,17388,17390,17388,1,-1
2021-07-23 15:20:56.142,17388,17390,17390,5,5
2021-07-23 15:20:57.191,17389,17390,17390,1,1
2021-07-23 15:20:59.366,17390,17391,17391,3,3
2021-07-23 15:20:59.367,17390,17391,17391,2,2
2021-07-23 15:20:59.367,17390,17391,17391,1,1
2021-07-23 15:21:00.514,17391,17392,17392,4,4
2021-07-23 15:21:00.631,17391,17392,17392,1,1
2021-07-23 15:21:01.444,17391,17392,17391,1,-1
2021-07-23 15:21:03.506,17391,17392,17392,1,1
2021-07-23 15:21:03.894,17391,17392,17392,1,1
2021-07-23 15:21:03.894,17391,17392,17392,2,2
2021-07-23 15:21:06.671,17391,17392,17391,2,-2
2021-07-23 15:21:07.564,17391,17392,17392,3,3
2021-07-23 15:21:07.653,17391,17392,17391,1,-1
2021-07-23 15:21:07.653,17391,17392,17390,1,-1
2021-07-23 15:21:08.125,17391,17392,17392,3,3
2021-07-23 15:21:08.706,17391,17392,17392,1,1
2021-07-23 15:21:08.747,17391,17392,17392,1,1
2021-07-23 15:21:08.950,17391,17392,17392,3,3
2021-07-23 15:21:09.070,17392,17393,17392,1,-1
2021-07-23 15:21:09.071,17392,17393,17392,1,-1
2021-07-23 15:21:09.372,17391,17392,17391,1,-1
2021-07-23 15:21:09.570,17391,17392,17392,1,1
2021-07-23 15:21:10.115,17392,17393,17392,1,-1
2021-07-23 15:21:10.568,17392,17393,17392,1,-1
2021-07-23 15:21:10.756,17392,17393,17392,1,-1
2021-07-23 15:21:10.970,17392,17393,17392,2,-2
2021-07-23 15:21:11.227,17391,17392,17392,1,1
2021-07-23 15:21:12.418,17391,17392,17392,4,4
2021-07-23 15:21:12.418,17391,17392,17393,1,1
2021-07-23 15:21:12.505,17391,17393,17393,1,1
2021-07-23 15:21:12.509,17391,17393,17393,1,1
2021-07-23 15:21:14.711,17391,17392,17392,1,1
2021-07-23 15:21:15.253,17392,17393,17393,3,3
2021-07-23 15:21:16.696,17392,17393,17393,3,3
2021-07-23 15:21:17.089,17393,17394,17393,2,-2
2021-07-23 15:21:17.169,17392,17394,17394,1,1
2021-07-23 15:21:17.255,17392,17393,17393,1,1
2021-07-23 15:21:17.257,17392,17393,17393,1,1
2021-07-23 15:21:17.278,17392,17393,17392,3,-3
2021-07-23 15:21:18.246,17392,17393,17392,1,-1
2021-07-23 15:21:18.247,17392,17393,17392,2,-2
2021-07-23 15:21:20.144,17391,17392,17391,5,-5
2021-07-23 15:21:22.677,17391,17392,17392,2,2
2021-07-23 15:21:22.677,17391,17392,17393,1,1
2021-07-23 15:21:23.005,17391,17393,17393,3,3
2021-07-23 15:21:23.373,17391,17393,17393,3,3
2021-07-23 15:21:23.666,17391,17393,17391,1,-1
2021-07-23 15:21:23.975,17391,17393,17391,1,-1
2021-07-23 15:21:25.329,17391,17393,17393,2,2
2021-07-23 15:21:26.066,17391,17392,17391,8,-8
2021-07-23 15:21:26.066,17391,17392,17391,4,-4
2021-07-23 15:21:26.982,17390,17391,17390,2,-2
2021-07-23 15:21:32.764,17390,17392,17390,3,-3
2021-07-23 15:21:32.941,17390,17392,17390,1,-1
2021-07-23 15:21:34.878,17390,17391,17390,1,-1
2021-07-23 15:21:37.805,17389,17390,17390,1,1
2021-07-23 15:21:38.129,17389,17390,17390,1,1
2021-07-23 15:21:38.294,17390,17392,17390,5,-5
2021-07-23 15:21:40.016,17390,17392,17390,3,-3
2021-07-23 15:21:40.016,17390,17392,17389,2,-2
2021-07-23 15:21:42.705,17389,17390,17389,1,-1
2021-07-23 15:21:48.103,17389,17390,17389,8,-8
2021-07-23 15:21:48.392,17388,17389,17389,5,5
2021-07-23 15:21:49.749,17388,17390,17388,1,-1
2021-07-23 15:21:52.164,17388,17390,17389,4,4
2021-07-23 15:21:58.554,17389,17390,17390,4,4
2021-07-23 15:21:58.665,17389,17390,17389,1,-1
2021-07-23 15:21:58.842,17389,17390,17390,7,7
2021-07-23 15:21:59.661,17389,17391,17389,7,-7
2021-07-23 15:22:03.662,17390,17391,17390,1,1
2021-07-23 15:22:05.131,17390,17391,17391,1,1
2021-07-23 15:22:05.407,17390,17391,17390,2,-2
2021-07-23 15:22:07.552,17390,17391,17390,1,-1
2021-07-23 15:22:08.189,17390,17391,17391,6,6
2021-07-23 15:22:08.323,17391,17392,17392,1,1
2021-07-23 15:22:08.323,17391,17392,17392,9,9
2021-07-23 15:22:08.323,17391,17392,17392,2,2
2021-07-23 15:22:08.323,17391,17392,17392,1,1
2021-07-23 15:22:09.400,17391,17392,17391,2,-2
2021-07-23 15:22:09.789,17391,17392,17392,1,1
2021-07-23 15:22:11.235,17391,17393,17391,1,-1
2021-07-23 15:22:11.987,17391,17393,17391,1,-1
2021-07-23 15:22:14.914,17391,17392,17392,1,1
2021-07-23 15:22:15.182,17392,17393,17393,7,7
2021-07-23 15:22:16.874,17392,17393,17393,1,1
2021-07-23 15:22:16.966,17392,17393,17392,5,-5
2021-07-23 15:22:16.966,17392,17393,17392,4,-4
2021-07-23 15:22:18.406,17392,17393,17392,1,-1
2021-07-23 15:22:30.234,17392,17393,17393,1,1
2021-07-23 15:22:32.164,17392,17393,17393,1,1
2021-07-23 15:22:34.741,17392,17393,17393,3,3
2021-07-23 15:22:38.254,17393,17394,17393,1,-1
2021-07-23 15:22:38.316,17393,17394,17394,1,1
2021-07-23 15:22:43.630,17393,17394,17393,1,-1
2021-07-23 15:22:45.441,17393,17394,17394,1,1
2021-07-23 15:22:46.471,17392,17394,17394,1,1
2021-07-23 15:22:48.188,17392,17394,17394,5,5
2021-07-23 15:22:49.554,17392,17394,17394,1,1
2021-07-23 15:22:49.767,17393,17394,17394,8,8
2021-07-23 15:22:54.608,17394,17395,17395,1,1
2021-07-23 15:22:55.037,17394,17395,17395,3,3
2021-07-23 15:22:55.247,17394,17395,17394,1,-1
2021-07-23 15:22:57.596,17394,17395,17394,1,-1
2021-07-23 15:23:00.161,17394,17395,17395,1,1
2021-07-23 15:23:00.326,17394,17395,17395,1,1
2021-07-23 15:23:00.464,17394,17395,17395,1,1
2021-07-23 15:23:00.620,17394,17395,17395,1,1
2021-07-23 15:23:00.837,17394,17395,17395,1,1
2021-07-23 15:23:01.004,17394,17395,17394,1,-1
2021-07-23 15:23:02.332,17394,17395,17394,1,-1
2021-07-23 15:23:04.588,17394,17395,17394,2,-2
2021-07-23 15:23:04.588,17394,17395,17394,1,-1
2021-07-23 15:23:05.911,17393,17394,17394,2,2
2021-07-23 15:23:05.911,17393,17394,17395,1,1
2021-07-23 15:23:08.488,17393,17395,17393,1,-1
2021-07-23 15:23:09.869,17394,17395,17395,2,2
2021-07-23 15:23:10.349,17394,17395,17394,1,-1
2021-07-23 15:23:10.791,17393,17395,17395,5,5
2021-07-23 15:23:12.564,17394,17395,17394,1,-1
2021-07-23 15:23:19.340,17393,17394,17393,1,-1
2021-07-23 15:23:22.065,17393,17394,17393,1,-1
2021-07-23 15:23:22.335,17393,17394,17394,2,2
2021-07-23 15:23:23.532,17394,17395,17395,18,18
2021-07-23 15:23:27.207,17395,17396,17395,1,-1
2021-07-23 15:23:27.262,17394,17396,17394,1,-1
2021-07-23 15:23:28.074,17394,17396,17394,1,-1
2021-07-23 15:23:29.378,17394,17395,17395,1,1
2021-07-23 15:23:29.379,17394,17395,17395,1,1
2021-07-23 15:23:31.471,17395,17396,17395,1,-1
2021-07-23 15:23:31.471,17395,17396,17394,1,-1
2021-07-23 15:23:31.637,17394,17396,17394,1,-1
2021-07-23 15:23:32.353,17395,17396,17395,1,1
2021-07-23 15:23:34.900,17394,17395,17395,1,1
2021-07-23 15:23:35.818,17394,17395,17394,2,-2
2021-07-23 15:23:35.818,17394,17395,17394,3,-3
2021-07-23 15:23:35.818,17394,17395,17394,6,-6
2021-07-23 15:23:37.395,17393,17395,17393,1,-1
2021-07-23 15:23:38.971,17393,17394,17394,1,1
2021-07-23 15:23:40.176,17393,17394,17394,1,1
2021-07-23 15:23:40.786,17393,17394,17393,1,-1
2021-07-23 15:23:45.661,17393,17394,17393,2,-2
2021-07-23 15:23:45.661,17393,17394,17393,1,-1
2021-07-23 15:23:45.661,17393,17394,17393,1,-1
2021-07-23 15:23:45.661,17393,17394,17393,2,-2
2021-07-23 15:23:48.736,17392,17393,17393,1,1
2021-07-23 15:23:49.826,17392,17394,17394,1,1
2021-07-23 15:23:50.209,17392,17394,17392,1,-1
2021-07-23 15:23:53.930,17393,17394,17394,2,2
2021-07-23 15:24:00.459,17393,17395,17395,3,3
2021-07-23 15:24:01.225,17393,17395,17395,4,4
2021-07-23 15:24:01.857,17394,17395,17395,8,8
2021-07-23 15:24:01.857,17394,17395,17395,2,2
2021-07-23 15:24:05.457,17394,17395,17395,1,1
2021-07-23 15:24:08.628,17394,17396,17394,1,-1
2021-07-23 15:24:09.351,17394,17395,17395,1,1
2021-07-23 15:24:14.918,17394,17395,17395,1,1
2021-07-23 15:24:23.062,17394,17395,17395,1,1
2021-07-23 15:24:27.552,17394,17395,17394,1,-1
2021-07-23 15:24:30.143,17394,17395,17394,1,-1
2021-07-23 15:24:34.292,17393,17394,17394,1,1
2021-07-23 15:24:43.925,17393,17394,17394,1,1
2021-07-23 15:24:59.911,17394,17395,17395,12,12
2021-07-23 15:25:01.355,17394,17396,17396,8,8
2021-07-23 15:25:03.104,17395,17396,17395,3,-3
2021-07-23 15:25:03.124,17394,17396,17396,1,1
2021-07-23 15:25:03.829,17394,17396,17396,1,1
2021-07-23 15:25:03.829,17394,17396,17396,7,7
2021-07-23 15:25:04.433,17396,17397,17397,1,1
2021-07-23 15:25:04.434,17396,17397,17397,2,2
2021-07-23 15:25:04.434,17396,17397,17397,6,6
2021-07-23 15:25:04.434,17396,17397,17397,1,1
2021-07-23 15:25:04.434,17396,17397,17397,24,24
2021-07-23 15:25:04.540,17397,17398,17398,2,2
2021-07-23 15:25:04.607,17397,17398,17398,2,2
2021-07-23 15:25:06.750,17397,17398,17397,1,-1
2021-07-23 15:25:09.884,17397,17398,17398,1,1
2021-07-23 15:25:09.998,17397,17398,17398,1,1
2021-07-23 15:25:11.052,17397,17398,17398,2,2
2021-07-23 15:25:13.413,17396,17398,17396,1,-1
2021-07-23 15:25:27.494,17396,17397,17397,1,1
2021-07-23 15:25:27.494,17396,17397,17397,2,2
2021-07-23 15:25:27.494,17396,17397,17397,1,1
2021-07-23 15:25:27.494,17396,17397,17397,1,1
2021-07-23 15:25:28.328,17396,17398,17398,3,3
2021-07-23 15:25:32.712,17397,17398,17398,5,5
2021-07-23 15:25:34.430,17397,17398,17398,2,2
2021-07-23 15:25:42.750,17397,17398,17397,3,-3
2021-07-23 15:25:44.611,17397,17398,17398,2,2
2021-07-23 15:25:45.160,17397,17398,17398,1,1
2021-07-23 15:25:52.085,17397,17398,17398,1,1
2021-07-23 15:25:57.466,17397,17398,17397,1,-1
2021-07-23 15:25:57.466,17397,17398,17397,7,-7
2021-07-23 15:26:02.490,17397,17398,17397,1,-1
2021-07-23 15:26:02.872,17396,17397,17397,4,4
2021-07-23 15:26:03.037,17396,17397,17397,1,1
2021-07-23 15:26:03.889,17396,17397,17397,2,2
2021-07-23 15:26:04.610,17396,17397,17396,3,-3
2021-07-23 15:26:04.632,17396,17397,17396,1,-1
2021-07-23 15:26:04.633,17396,17397,17396,1,-1
2021-07-23 15:26:04.633,17396,17397,17396,2,-2
2021-07-23 15:26:04.781,17395,17396,17396,2,2
2021-07-23 15:26:04.871,17395,17396,17397,1,1
2021-07-23 15:26:10.218,17396,17397,17397,4,4
2021-07-23 15:26:11.061,17396,17398,17398,1,1
2021-07-23 15:26:11.679,17396,17398,17398,2,2
2021-07-23 15:26:14.854,17396,17398,17398,1,1
2021-07-23 15:26:15.246,17396,17397,17397,1,1
2021-07-23 15:26:17.842,17397,17398,17397,1,-1
2021-07-23 15:26:20.623,17397,17398,17397,1,-1
2021-07-23 15:26:24.854,17397,17398,17398,3,3
2021-07-23 15:26:25.209,17397,17398,17398,1,1
2021-07-23 15:26:25.210,17397,17398,17398,1,1
2021-07-23 15:26:25.210,17397,17398,17398,1,1
2021-07-23 15:26:25.210,17397,17398,17398,2,2
2021-07-23 15:26:25.210,17397,17398,17398,1,1
2021-07-23 15:26:25.210,17397,17398,17398,2,2
2021-07-23 15:26:25.514,17398,17399,17399,1,1
2021-07-23 15:26:25.515,17398,17399,17399,6,6
2021-07-23 15:26:25.515,17398,17399,17399,5,5
2021-07-23 15:26:27.437,17398,17400,17400,1,1
2021-07-23 15:26:29.366,17398,17400,17400,1,1
2021-07-23 15:26:38.522,17399,17400,17400,2,2
2021-07-23 15:26:39.853,17399,17400,17399,1,-1
2021-07-23 15:26:40.191,17399,17400,17399,1,-1
2021-07-23 15:26:43.381,17398,17400,17400,1,1
2021-07-23 15:26:46.540,17398,17399,17399,1,1
2021-07-23 15:26:47.092,17399,17400,17399,2,-2
2021-07-23 15:26:47.092,17399,17400,17399,1,-1
2021-07-23 15:26:48.052,17398,17400,17400,1,1
2021-07-23 15:26:50.259,17398,17400,17400,1,1
2021-07-23 15:26:50.620,17399,17400,17399,1,-1
2021-07-23 15:26:50.997,17398,17399,17399,1,1
2021-07-23 15:26:52.932,17398,17399,17398,4,-4
2021-07-23 15:26:54.042,17397,17399,17399,1,1
2021-07-23 15:26:57.055,17397,17398,17398,1,1
2021-07-23 15:26:57.881,17397,17399,17399,1,1
2021-07-23 15:26:58.817,17397,17399,17397,1,-1
2021-07-23 15:27:01.094,17397,17398,17398,1,1
2021-07-23 15:27:08.964,17397,17398,17398,2,2
2021-07-23 15:27:11.093,17397,17398,17397,1,-1
2021-07-23 15:27:12.083,17397,17398,17398,1,1
2021-07-23 15:27:15.338,17397,17398,17397,1,-1
2021-07-23 15:27:22.503,17397,17398,17398,1,1
2021-07-23 15:27:22.503,17397,17398,17398,8,8
2021-07-23 15:27:23.468,17398,17399,17398,1,-1
2021-07-23 15:27:26.480,17397,17398,17398,1,1
2021-07-23 15:27:26.722,17397,17399,17399,1,1
2021-07-23 15:27:29.146,17397,17399,17397,2,-2
2021-07-23 15:27:31.314,17398,17399,17398,1,1
2021-07-23 15:27:31.878,17397,17399,17399,1,1
2021-07-23 15:27:43.473,17398,17399,17398,1,-1
2021-07-23 15:27:53.314,17397,17398,17398,5,5
2021-07-23 15:27:53.314,17397,17398,17399,3,3
2021-07-23 15:27:53.502,17397,17398,17398,3,3
2021-07-23 15:27:53.502,17397,17398,17399,5,5
2021-07-23 15:27:53.507,17397,17398,17399,2,2
2021-07-23 15:27:53.710,17397,17399,17399,4,4
2021-07-23 15:27:54.798,17397,17399,17397,1,-1
2021-07-23 15:27:55.873,17398,17399,17399,2,2
2021-07-23 15:27:55.934,17398,17399,17398,1,-1
2021-07-23 15:28:02.197,17397,17399,17397,1,-1
2021-07-23 15:28:12.671,17398,17399,17398,1,1
2021-07-23 15:28:19.282,17397,17398,17397,11,-11
2021-07-23 15:28:19.282,17397,17398,17397,1,-1
2021-07-23 15:28:26.072,17397,17398,17397,1,-1
2021-07-23 15:28:30.381,17396,17397,17397,1,1
2021-07-23 15:28:30.712,17397,17398,17397,1,-1
2021-07-23 15:28:34.218,17397,17398,17398,1,1
2021-07-23 15:28:37.143,17397,17398,17397,2,-2
2021-07-23 15:28:38.185,17397,17398,17397,1,-1
2021-07-23 15:28:52.539,17397,17398,17397,1,-1
2021-07-23 15:28:59.014,17397,17398,17398,1,1
2021-07-23 15:29:00.248,17397,17398,17398,2,2
2021-07-23 15:29:00.249,17397,17398,17398,14,14
2021-07-23 15:29:00.249,17397,17398,17398,2,2
2021-07-23 15:29:00.249,17397,17398,17398,2,2
2021-07-23 15:29:01.347,17398,17399,17398,1,-1
2021-07-23 15:29:03.071,17397,17399,17397,1,-1
2021-07-23 15:29:05.846,17397,17399,17397,2,-2
2021-07-23 15:29:08.865,17397,17399,17397,5,-5
2021-07-23 15:29:19.541,17397,17399,17399,1,1
2021-07-23 15:29:20.972,17397,17398,17397,10,-10
2021-07-23 15:29:31.721,17397,17398,17398,3,3
2021-07-23 15:29:35.642,17398,17399,17398,1,-1
2021-07-23 15:29:45.871,17398,17399,17398,1,-1
2021-07-23 15:29:56.211,17397,17398,17397,6,-6
2021-07-23 15:30:00.111,17397,17398,17398,1,1
2021-07-23 15:30:00.112,17397,17398,17398,1,1
2021-07-23 15:30:00.112,17397,17398,17398,1,1
2021-07-23 15:30:00.137,17398,17399,17399,1,1
2021-07-23 15:30:00.138,17398,17399,17399,13,13
2021-07-23 15:30:00.268,17399,17400,17400,3,3
2021-07-23 15:30:00.288,17399,17400,17400,3,3
2021-07-23 15:30:00.289,17399,17400,17400,1,1
2021-07-23 15:30:00.289,17399,17400,17400,1,1
2021-07-23 15:30:00.289,17399,17400,17400,6,6
2021-07-23 15:30:00.289,17399,17400,17400,1,1
2021-07-23 15:30:00.290,17399,17400,17400,7,7
2021-07-23 15:30:01.621,17400,17401,17401,6,6
2021-07-23 15:30:02.777,17401,17402,17402,10,10
2021-07-23 15:30:02.778,17401,17402,17402,1,1
2021-07-23 15:30:03.645,17402,17403,17403,3,3
2021-07-23 15:30:03.645,17402,17403,17404,7,7
2021-07-23 15:30:03.800,17402,17405,17405,6,6
2021-07-23 15:30:03.968,17403,17405,17405,2,2
2021-07-23 15:30:03.997,17403,17405,17405,1,1
2021-07-23 15:30:04.064,17403,17405,17403,1,-1
2021-07-23 15:30:05.129,17403,17405,17405,2,2
2021-07-23 15:30:05.502,17404,17405,17405,1,1
2021-07-23 15:30:05.615,17404,17405,17404,1,-1
2021-07-23 15:30:05.649,17403,17404,17405,2,2
2021-07-23 15:30:05.890,17403,17405,17405,6,6
2021-07-23 15:30:08.304,17403,17405,17405,1,1
2021-07-23 15:30:09.906,17402,17404,17404,2,2
2021-07-23 15:30:10.205,17402,17404,17404,2,2
2021-07-23 15:30:11.005,17402,17404,17404,1,1
2021-07-23 15:30:12.963,17402,17405,17404,1,-1
2021-07-23 15:30:15.986,17402,17405,17404,2,-2
2021-07-23 15:30:20.621,17402,17404,17404,1,1
2021-07-23 15:30:21.329,17403,17404,17404,1,1
2021-07-23 15:30:25.159,17403,17404,17404,1,1
2021-07-23 15:30:30.300,17403,17404,17404,1,1
2021-07-23 15:30:31.515,17403,17405,17405,2,2
2021-07-23 15:30:33.003,17403,17405,17405,9,9
2021-07-23 15:30:37.738,17405,17406,17406,1,1
2021-07-23 15:30:39.613,17405,17406,17406,4,4
2021-07-23 15:30:39.755,17405,17406,17405,1,-1
2021-07-23 15:30:40.290,17405,17406,17405,1,-1
2021-07-23 15:30:41.802,17404,17406,17406,9,9
2021-07-23 15:30:41.802,17404,17406,17407,1,1
2021-07-23 15:30:44.140,17405,17407,17407,6,6
2021-07-23 15:30:45.590,17405,17407,17407,1,1
2021-07-23 15:30:49.061,17405,17407,17407,1,1
2021-07-23 15:30:51.390,17406,17407,17407,1,1
2021-07-23 15:30:52.453,17406,17407,17407,1,1
2021-07-23 15:30:53.682,17406,17407,17407,1,1
2021-07-23 15:30:54.166,17406,17407,17407,1,1
2021-07-23 15:30:55.800,17406,17407,17407,1,1
2021-07-23 15:30:56.153,17406,17407,17407,1,1
2021-07-23 15:30:56.455,17406,17407,17406,1,-1
2021-07-23 15:30:59.528,17406,17407,17407,1,1
2021-07-23 15:31:00.420,17406,17407,17406,4,-4
2021-07-23 15:31:00.420,17406,17407,17406,5,-5
2021-07-23 15:31:00.501,17405,17406,17406,1,1
2021-07-23 15:31:00.501,17405,17406,17406,1,1
2021-07-23 15:31:00.502,17405,17406,17406,1,1
2021-07-23 15:31:00.644,17405,17406,17406,1,1
2021-07-23 15:31:01.775,17405,17406,17405,8,-8
2021-07-23 15:31:01.873,17404,17405,17405,1,1
2021-07-23 15:31:01.873,17404,17405,17405,1,1
2021-07-23 15:31:01.874,17404,17405,17405,1,1
2021-07-23 15:31:03.347,17404,17405,17405,1,1
2021-07-23 15:31:06.034,17404,17405,17404,6,-6
2021-07-23 15:31:09.911,17403,17405,17403,2,-2
2021-07-23 15:31:09.998,17403,17405,17405,1,1
2021-07-23 15:31:09.998,17403,17405,17405,1,1
2021-07-23 15:31:09.998,17403,17405,17405,1,1
2021-07-23 15:31:09.998,17403,17405,17405,1,1
2021-07-23 15:31:09.998,17403,17405,17405,1,1
2021-07-23 15:31:09.999,17403,17405,17405,1,1
2021-07-23 15:31:09.999,17403,17405,17405,1,1
2021-07-23 15:31:10.000,17403,17405,17405,1,1
2021-07-23 15:31:10.001,17403,17405,17405,1,1
2021-07-23 15:31:10.001,17403,17405,17406,1,1
2021-07-23 15:31:10.001,17403,17405,17406,1,1
2021-07-23 15:31:12.420,17404,17406,17404,1,-1
2021-07-23 15:31:14.444,17403,17405,17403,1,-1
2021-07-23 15:31:18.116,17405,17406,17405,1,1
2021-07-23 15:31:21.824,17404,17406,17406,1,1
2021-07-23 15:31:21.873,17404,17406,17406,1,1
2021-07-23 15:31:21.874,17404,17406,17406,1,1
2021-07-23 15:31:21.874,17404,17406,17406,1,1
2021-07-23 15:31:22.896,17405,17406,17406,1,1
2021-07-23 15:31:23.148,17405,17406,17406,1,1
2021-07-23 15:31:26.829,17405,17406,17405,1,-1
2021-07-23 15:31:33.337,17405,17406,17405,1,-1
2021-07-23 15:31:33.373,17405,17406,17406,1,1
2021-07-23 15:31:33.373,17405,17406,17406,1,1
2021-07-23 15:31:33.373,17405,17406,17406,1,1
2021-07-23 15:31:33.374,17405,17406,17406,1,1
2021-07-23 15:31:34.510,17405,17406,17406,1,1
2021-07-23 15:31:35.230,17405,17407,17407,1,1
2021-07-23 15:31:35.325,17405,17407,17407,1,1
2021-07-23 15:31:36.274,17405,17406,17406,1,1
2021-07-23 15:31:36.274,17405,17406,17407,1,1
2021-07-23 15:31:43.707,17405,17406,17405,3,-3
2021-07-23 15:31:43.748,17404,17405,17405,1,1
2021-07-23 15:31:43.748,17404,17405,17406,1,1
2021-07-23 15:31:43.748,17404,17405,17406,1,1
2021-07-23 15:31:43.749,17404,17405,17406,1,1
2021-07-23 15:31:43.771,17404,17405,17404,2,-2
2021-07-23 15:31:52.133,17404,17405,17405,1,1
2021-07-23 15:31:55.654,17404,17405,17404,1,-1
2021-07-23 15:31:55.749,17404,17405,17405,1,1
2021-07-23 15:31:55.750,17404,17405,17405,1,1
2021-07-23 15:31:56.496,17404,17405,17404,5,-5
2021-07-23 15:31:56.497,17404,17405,17404,5,-5
2021-07-23 15:31:56.497,17404,17405,17404,2,-2
2021-07-23 15:31:59.131,17403,17404,17403,1,-1
2021-07-23 15:32:04.969,17403,17404,17403,3,-3
2021-07-23 15:32:04.970,17403,17404,17403,1,-1
2021-07-23 15:32:04.970,17403,17404,17403,1,-1
2021-07-23 15:32:04.970,17403,17404,17403,2,-2
2021-07-23 15:32:05.687,17402,17403,17403,1,1
2021-07-23 15:32:06.303,17402,17403,17403,1,1
2021-07-23 15:32:10.627,17402,17403,17403,1,1
2021-07-23 15:32:11.400,17402,17403,17403,1,1
2021-07-23 15:32:15.645,17402,17403,17403,1,1
2021-07-23 15:32:21.449,17402,17403,17402,1,-1
2021-07-23 15:32:23.247,17402,17403,17402,1,-1
2021-07-23 15:32:23.926,17402,17403,17402,1,-1
2021-07-23 15:32:29.570,17402,17403,17402,3,-3
2021-07-23 15:32:32.790,17402,17403,17402,1,-1
2021-07-23 15:32:33.841,17402,17403,17402,1,-1
2021-07-23 15:32:34.315,17402,17403,17402,1,-1
2021-07-23 15:32:38.255,17402,17403,17403,1,1
2021-07-23 15:32:40.665,17402,17403,17403,1,1
2021-07-23 15:32:40.665,17402,17403,17403,2,2
2021-07-23 15:32:40.665,17402,17403,17403,4,4
2021-07-23 15:32:44.914,17403,17404,17404,1,1
2021-07-23 15:32:54.651,17403,17404,17404,1,1
2021-07-23 15:33:13.609,17402,17404,17404,2,2
2021-07-23 15:33:31.208,17402,17404,17402,3,-3
2021-07-23 15:33:46.041,17401,17402,17402,2,2
2021-07-23 15:33:46.041,17401,17402,17402,1,1
2021-07-23 15:33:46.042,17401,17402,17402,2,2
2021-07-23 15:33:57.910,17402,17403,17402,2,-2
2021-07-23 15:34:00.514,17401,17402,17402,1,1
2021-07-23 15:34:03.525,17401,17403,17401,1,-1
2021-07-23 15:34:12.055,17401,17402,17401,1,-1
2021-07-23 15:34:12.502,17401,17402,17401,3,-3
2021-07-23 15:34:13.267,17401,17402,17401,4,-4
2021-07-23 15:34:13.267,17401,17402,17401,2,-2
2021-07-23 15:34:20.537,17400,17401,17400,1,-1
2021-07-23 15:34:30.649,17400,17401,17400,4,-4
2021-07-23 15:34:31.029,17398,17400,17400,3,3
2021-07-23 15:34:33.633,17400,17401,17400,1,-1
2021-07-23 15:34:35.591,17400,17401,17400,1,-1
2021-07-23 15:34:36.831,17400,17401,17400,3,-3
2021-07-23 15:34:46.918,17399,17400,17399,1,-1
2021-07-23 15:34:48.524,17398,17400,17398,1,-1
2021-07-23 15:34:52.860,17398,17399,17399,1,1
2021-07-23 15:34:52.945,17399,17400,17400,1,1
2021-07-23 15:34:52.945,17399,17400,17400,2,2
2021-07-23 15:34:57.809,17400,17401,17401,1,1
2021-07-23 15:34:57.809,17400,17401,17401,2,2
2021-07-23 15:34:58.571,17401,17402,17401,1,-1
2021-07-23 15:34:59.335,17401,17402,17401,1,-1
2021-07-23 15:35:00.598,17401,17402,17402,2,2
2021-07-23 15:35:00.972,17401,17402,17402,2,2
2021-07-23 15:35:00.972,17401,17402,17403,2,2
2021-07-23 15:35:07.493,17401,17403,17403,1,1
2021-07-23 15:35:14.702,17401,17403,17403,1,1
2021-07-23 15:35:15.970,17401,17403,17403,1,1
2021-07-23 15:35:18.981,17401,17403,17403,1,1
2021-07-23 15:35:51.613,17402,17403,17403,10,10
2021-07-23 15:35:51.614,17402,17403,17403,2,2
2021-07-23 15:36:01.927,17403,17404,17403,2,-2
2021-07-23 15:36:39.516,17402,17403,17402,1,-1
2021-07-23 15:36:54.586,17401,17402,17402,1,1
2021-07-23 15:36:54.587,17401,17402,17401,2,-2
2021-07-23 15:37:00.340,17400,17402,17400,1,-1
2021-07-23 15:37:02.483,17400,17402,17400,1,-1
2021-07-23 15:37:07.353,17400,17401,17400,1,-1
2021-07-23 15:37:14.561,17399,17400,17400,2,2
2021-07-23 15:37:15.017,17399,17400,17399,1,-1
2021-07-23 15:37:17.707,17399,17400,17399,6,-6
2021-07-23 15:37:17.708,17399,17400,17399,3,-3
2021-07-23 15:37:17.708,17399,17400,17399,1,-1
2021-07-23 15:37:17.708,17399,17400,17399,2,-2
2021-07-23 15:37:29.651,17398,17399,17399,1,1
2021-07-23 15:37:29.741,17398,17399,17400,1,1
2021-07-23 15:37:29.741,17398,17399,17400,5,5
2021-07-23 15:37:32.187,17400,17401,17400,1,-1
2021-07-23 15:37:33.562,17400,17401,17400,1,-1
2021-07-23 15:37:36.415,17400,17401,17400,2,-2
2021-07-23 15:37:38.903,17400,17401,17400,2,-2
2021-07-23 15:37:44.969,17400,17401,17401,1,1
2021-07-23 15:37:50.430,17401,17402,17401,1,-1
2021-07-23 15:37:51.687,17401,17402,17401,3,-3
2021-07-23 15:37:51.687,17401,17402,17401,1,-1
2021-07-23 15:37:55.747,17401,17402,17401,1,-1
2021-07-23 15:38:27.557,17401,17402,17402,10,10
2021-07-23 15:38:27.557,17401,17402,17402,4,4
2021-07-23 15:38:27.557,17401,17402,17402,1,1
2021-07-23 15:38:33.328,17402,17403,17403,2,2
2021-07-23 15:38:33.329,17402,17403,17403,1,1
2021-07-23 15:38:33.872,17403,17404,17403,1,-1
2021-07-23 15:38:38.517,17403,17404,17403,1,-1
2021-07-23 15:38:49.823,17403,17404,17403,4,-4
2021-07-23 15:39:01.323,17403,17404,17403,1,-1
2021-07-23 15:39:05.639,17403,17404,17404,1,1
2021-07-23 15:39:06.169,17403,17404,17404,6,6
2021-07-23 15:39:06.202,17403,17404,17405,4,4
2021-07-23 15:39:06.585,17403,17404,17403,1,-1
2021-07-23 15:39:24.841,17403,17404,17404,3,3
2021-07-23 15:39:26.573,17404,17405,17404,2,-2
2021-07-23 15:39:30.507,17404,17405,17404,1,-1
2021-07-23 15:39:33.446,17403,17405,17403,4,-4
2021-07-23 15:39:40.970,17403,17404,17404,1,1
2021-07-23 15:39:41.021,17403,17404,17404,1,1
2021-07-23 15:39:41.067,17403,17404,17405,1,1
2021-07-23 15:39:41.077,17403,17404,17405,1,1
2021-07-23 15:39:41.089,17403,17404,17405,1,1
2021-07-23 15:39:41.284,17403,17405,17405,1,1
2021-07-23 15:39:41.287,17403,17405,17405,1,1
2021-07-23 15:39:41.301,17403,17405,17405,2,2
2021-07-23 15:39:41.317,17403,17405,17405,1,1
2021-07-23 15:39:41.354,17403,17405,17405,1,1
2021-07-23 15:39:41.604,17403,17405,17405,1,1
2021-07-23 15:39:41.663,17403,17405,17405,1,1
2021-07-23 15:39:41.764,17403,17405,17405,1,1
2021-07-23 15:39:41.824,17403,17405,17405,1,1
2021-07-23 15:39:42.813,17403,17405,17405,1,1
2021-07-23 15:39:43.544,17403,17405,17403,1,-1
2021-07-23 15:39:43.544,17403,17405,17405,1,1
2021-07-23 15:39:45.897,17403,17405,17404,1,-1
2021-07-23 15:39:48.572,17403,17406,17403,1,-1
2021-07-23 15:40:01.463,17403,17405,17405,2,2
2021-07-23 15:40:03.313,17403,17405,17405,1,1
2021-07-23 15:40:08.999,17403,17404,17404,1,1
2021-07-23 15:40:09.761,17404,17405,17404,3,-3
2021-07-23 15:40:11.243,17403,17405,17403,1,-1
2021-07-23 15:40:12.536,17402,17403,17403,1,1
2021-07-23 15:40:13.405,17402,17404,17404,1,1
2021-07-23 15:40:13.854,17402,17404,17404,2,2
2021-07-23 15:40:17.536,17402,17403,17402,1,-1
2021-07-23 15:40:18.310,17402,17403,17403,1,1
2021-07-23 15:40:18.395,17402,17403,17403,2,2
2021-07-23 15:40:26.745,17403,17405,17403,1,-1
2021-07-23 15:40:31.777,17402,17403,17403,1,1
2021-07-23 15:40:32.371,17403,17404,17403,2,-2
2021-07-23 15:40:40.733,17402,17403,17403,1,1
2021-07-23 15:40:43.246,17403,17404,17403,2,-2
2021-07-23 15:41:04.607,17402,17403,17403,1,1
2021-07-23 15:41:05.456,17403,17404,17403,1,-1
2021-07-23 15:41:10.693,17403,17404,17403,2,-2
2021-07-23 15:41:18.299,17403,17404,17403,1,-1
2021-07-23 15:41:28.589,17402,17403,17403,1,1
2021-07-23 15:41:28.589,17402,17403,17404,1,1
2021-07-23 15:41:32.186,17402,17403,17402,2,-2
2021-07-23 15:41:32.336,17402,17403,17403,1,1
2021-07-23 15:41:35.964,17403,17404,17403,1,-1
2021-07-23 15:41:36.808,17402,17404,17403,1,-1
2021-07-23 15:41:40.279,17403,17404,17403,1,-1
2021-07-23 15:41:44.231,17403,17404,17404,1,1
2021-07-23 15:41:44.320,17403,17404,17404,5,5
2021-07-23 15:41:54.238,17404,17405,17405,5,5
2021-07-23 15:41:54.239,17404,17405,17405,1,1
2021-07-23 15:41:54.239,17404,17405,17405,1,1
2021-07-23 15:41:56.697,17405,17406,17406,1,1
2021-07-23 15:42:05.168,17405,17406,17406,1,1
2021-07-23 15:42:05.945,17405,17406,17406,4,4
2021-07-23 15:42:05.945,17405,17406,17407,4,4
2021-07-23 15:42:06.058,17405,17407,17407,2,2
2021-07-23 15:42:06.251,17405,17407,17407,2,2
2021-07-23 15:42:06.801,17405,17407,17407,4,4
2021-07-23 15:42:07.141,17405,17408,17406,2,-2
2021-07-23 15:42:07.141,17405,17408,17406,1,-1
2021-07-23 15:42:07.878,17405,17407,17407,2,2
2021-07-23 15:42:09.948,17405,17407,17407,1,1
2021-07-23 15:42:12.847,17405,17407,17407,1,1
2021-07-23 15:42:15.850,17405,17407,17407,2,2
2021-07-23 15:42:18.734,17406,17407,17407,1,1
2021-07-23 15:42:20.030,17406,17407,17406,1,-1
2021-07-23 15:42:20.657,17405,17407,17407,1,1
2021-07-23 15:42:24.688,17405,17407,17407,2,2
2021-07-23 15:42:35.231,17406,17407,17407,1,1
2021-07-23 15:42:36.141,17406,17407,17406,1,-1
2021-07-23 15:42:36.499,17406,17407,17407,1,1
2021-07-23 15:42:38.127,17406,17407,17407,1,1
2021-07-23 15:42:45.425,17406,17407,17406,9,-9
2021-07-23 15:42:47.747,17405,17406,17406,1,1
2021-07-23 15:43:07.390,17405,17406,17406,1,1
2021-07-23 15:43:08.101,17405,17406,17405,1,-1
2021-07-23 15:43:12.171,17405,17406,17405,1,-1
2021-07-23 15:43:22.883,17405,17406,17405,4,-4
2021-07-23 15:43:35.007,17404,17405,17405,1,1
2021-07-23 15:43:35.366,17405,17406,17405,1,-1
2021-07-23 15:43:40.797,17405,17406,17405,1,-1
2021-07-23 15:43:40.797,17405,17406,17404,10,-10
2021-07-23 15:43:40.797,17405,17406,17403,14,-14
2021-07-23 15:43:41.163,17403,17405,17403,1,-1
2021-07-23 15:43:43.245,17403,17405,17403,1,-1
2021-07-23 15:43:45.707,17403,17405,17405,1,1
2021-07-23 15:44:02.153,17404,17405,17405,1,1
2021-07-23 15:44:03.435,17404,17406,17405,1,-1
2021-07-23 15:44:11.337,17403,17405,17403,1,-1
2021-07-23 15:44:34.855,17403,17405,17403,1,-1
2021-07-23 15:44:44.462,17403,17404,17403,1,-1
2021-07-23 15:44:55.989,17403,17404,17403,1,-1
2021-07-23 15:45:01.925,17402,17403,17403,1,1
2021-07-23 15:45:02.329,17403,17404,17403,3,-3
2021-07-23 15:45:02.329,17403,17404,17402,1,-1
2021-07-23 15:45:03.327,17403,17404,17403,1,1
2021-07-23 15:45:08.037,17403,17404,17404,1,1
2021-07-23 15:45:12.101,17403,17404,17404,2,2
2021-07-23 15:45:15.050,17404,17405,17405,1,1
2021-07-23 15:45:35.737,17403,17405,17405,2,2
2021-07-23 15:45:39.365,17404,17405,17404,2,-2
2021-07-23 15:45:40.182,17403,17405,17405,2,2
2021-07-23 15:45:43.064,17403,17405,17405,2,2
2021-07-23 15:45:58.457,17404,17405,17405,1,1
2021-07-23 15:46:01.056,17405,17406,17405,1,-1
2021-07-23 15:46:08.835,17405,17406,17405,1,-1
2021-07-23 15:46:13.122,17405,17406,17405,2,-2
2021-07-23 15:46:25.353,17404,17406,17404,1,-1
2021-07-23 15:46:40.473,17404,17406,17404,1,-1
2021-07-23 15:47:02.161,17404,17406,17406,2,2
2021-07-23 15:47:24.262,17405,17406,17405,1,-1
2021-07-23 15:47:26.732,17405,17406,17406,4,4
2021-07-23 15:47:26.732,17405,17406,17406,2,2
2021-07-23 15:47:26.732,17405,17406,17406,2,2
2021-07-23 15:47:26.732,17405,17406,17406,1,1
2021-07-23 15:47:27.698,17405,17407,17406,1,-1
2021-07-23 15:47:31.413,17406,17407,17407,3,3
2021-07-23 15:47:31.413,17406,17407,17407,3,3
2021-07-23 15:47:33.308,17407,17408,17408,1,1
2021-07-23 15:47:33.308,17407,17408,17408,2,2
2021-07-23 15:47:33.309,17407,17408,17408,6,6
2021-07-23 15:47:33.309,17407,17408,17408,1,1
2021-07-23 15:47:33.309,17407,17408,17408,4,4
2021-07-23 15:47:33.309,17407,17408,17408,9,9
2021-07-23 15:47:34.074,17408,17409,17409,1,1
2021-07-23 15:47:35.129,17408,17409,17409,2,2
2021-07-23 15:47:35.724,17408,17409,17409,1,1
2021-07-23 15:47:37.653,17408,17409,17409,1,1
2021-07-23 15:47:37.785,17408,17409,17409,5,5
2021-07-23 15:47:40.547,17408,17409,17409,1,1
2021-07-23 15:47:42.248,17408,17409,17409,1,1
2021-07-23 15:47:42.731,17408,17409,17409,2,2
2021-07-23 15:47:43.087,17408,17409,17408,5,-5
2021-07-23 15:47:44.156,17408,17409,17408,1,-1
2021-07-23 15:47:44.650,17407,17408,17408,1,1
2021-07-23 15:47:50.676,17407,17408,17408,1,1
2021-07-23 15:47:52.050,17407,17409,17409,1,1
2021-07-23 15:47:58.569,17408,17409,17409,9,9
2021-07-23 15:47:58.569,17408,17409,17410,6,6
2021-07-23 15:47:58.701,17408,17410,17410,1,1
2021-07-23 15:47:58.715,17408,17410,17410,1,1
2021-07-23 15:47:59.746,17408,17409,17409,1,1
2021-07-23 15:48:00.719,17408,17410,17410,1,1
2021-07-23 15:48:01.845,17409,17410,17410,1,1
2021-07-23 15:48:02.522,17409,17410,17409,1,-1
2021-07-23 15:48:02.552,17409,17410,17410,2,2
2021-07-23 15:48:02.583,17409,17410,17410,2,2
2021-07-23 15:48:05.404,17409,17410,17409,1,-1
2021-07-23 15:48:07.151,17409,17410,17409,1,-1
2021-07-23 15:48:08.338,17408,17409,17409,3,3
2021-07-23 15:48:08.338,17408,17409,17409,1,1
2021-07-23 15:48:08.371,17408,17409,17409,1,1
2021-07-23 15:48:08.375,17408,17409,17409,2,2
2021-07-23 15:48:08.376,17408,17409,17409,3,3
2021-07-23 15:48:12.805,17408,17409,17409,1,1
2021-07-23 15:48:14.484,17408,17409,17409,2,2
2021-07-23 15:48:14.547,17408,17409,17409,2,2
2021-07-23 15:48:14.548,17408,17409,17409,1,1
2021-07-23 15:48:14.621,17408,17409,17409,1,1
2021-07-23 15:48:16.412,17408,17410,17409,1,-1
2021-07-23 15:48:19.366,17408,17409,17409,2,2
2021-07-23 15:48:26.526,17409,17410,17410,4,4
2021-07-23 15:48:30.202,17409,17410,17410,1,1
2021-07-23 15:48:35.649,17409,17410,17409,2,-2
2021-07-23 15:48:38.756,17409,17410,17409,2,-2
2021-07-23 15:48:38.903,17408,17410,17410,1,1
2021-07-23 15:48:41.259,17408,17410,17410,5,5
2021-07-23 15:48:46.090,17409,17410,17409,1,-1
2021-07-23 15:48:48.216,17409,17410,17409,5,-5
2021-07-23 15:48:48.990,17408,17410,17410,4,4
2021-07-23 15:48:51.359,17408,17410,17409,1,-1
2021-07-23 15:48:52.586,17409,17410,17409,1,-1
2021-07-23 15:49:01.394,17408,17409,17408,1,-1
2021-07-23 15:49:03.963,17408,17409,17409,4,4
2021-07-23 15:49:09.423,17409,17410,17409,1,-1
2021-07-23 15:49:11.141,17409,17410,17409,1,-1
2021-07-23 15:49:12.914,17409,17410,17409,1,-1
2021-07-23 15:49:12.996,17408,17409,17409,1,1
2021-07-23 15:49:14.324,17409,17410,17409,2,-2
2021-07-23 15:49:29.698,17409,17410,17409,1,-1
2021-07-23 15:49:30.246,17409,17410,17410,4,4
2021-07-23 15:49:35.748,17409,17410,17410,1,1
2021-07-23 15:49:40.257,17409,17410,17410,1,1
2021-07-23 15:49:41.905,17409,17410,17410,1,1
2021-07-23 15:49:41.905,17409,17410,17410,6,6
2021-07-23 15:49:41.905,17409,17410,17410,2,2
2021-07-23 15:49:41.905,17409,17410,17410,4,4
2021-07-23 15:49:41.905,17409,17410,17410,24,24
2021-07-23 15:49:41.905,17409,17410,17410,3,3
2021-07-23 15:49:41.905,17409,17410,17410,2,2
2021-07-23 15:49:42.361,17410,17411,17411,9,9
2021-07-23 15:49:46.681,17410,17412,17412,1,1
2021-07-23 15:49:46.781,17410,17412,17412,1,1
2021-07-23 15:49:47.127,17410,17412,17412,1,1
2021-07-23 15:49:47.893,17410,17412,17412,1,1
2021-07-23 15:49:48.561,17410,17412,17412,3,3
2021-07-23 15:49:53.556,17410,17411,17411,1,1
2021-07-23 15:49:54.424,17410,17412,17412,15,15
2021-07-23 15:49:59.136,17410,17412,17412,2,2
2021-07-23 15:50:01.419,17412,17413,17412,1,-1
2021-07-23 15:50:01.419,17412,17413,17412,1,-1
2021-07-23 15:50:01.771,17411,17412,17412,1,1
2021-07-23 15:50:01.951,17411,17413,17413,1,1
2021-07-23 15:50:01.951,17411,17413,17413,2,2
2021-07-23 15:50:01.980,17411,17413,17413,1,1
2021-07-23 15:50:05.137,17411,17412,17412,1,1
2021-07-23 15:50:05.633,17412,17413,17413,5,5
2021-07-23 15:50:09.352,17412,17414,17414,1,1
2021-07-23 15:50:09.756,17412,17414,17414,2,2
2021-07-23 15:50:11.473,17412,17414,17414,2,2
2021-07-23 15:50:13.100,17412,17413,17413,1,1
2021-07-23 15:50:14.511,17413,17414,17414,1,1
2021-07-23 15:50:17.505,17413,17414,17414,1,1
2021-07-23 15:50:21.365,17413,17414,17414,1,1
2021-07-23 15:50:23.393,17413,17414,17414,2,2
2021-07-23 15:50:25.016,17413,17414,17414,4,4
2021-07-23 15:50:26.789,17413,17415,17415,1,1
2021-07-23 15:50:26.910,17413,17415,17415,3,3
2021-07-23 15:50:26.923,17413,17415,17415,1,1
2021-07-23 15:50:26.965,17413,17415,17415,2,2
2021-07-23 15:50:26.988,17413,17415,17415,1,1
2021-07-23 15:50:27.004,17413,17415,17415,1,1
2021-07-23 15:50:27.015,17413,17415,17415,5,5
2021-07-23 15:50:27.038,17413,17415,17415,1,1
2021-07-23 15:50:27.065,17413,17415,17415,2,2
2021-07-23 15:50:27.065,17413,17415,17416,3,3
2021-07-23 15:50:27.074,17413,17415,17416,1,1
2021-07-23 15:50:27.100,17413,17415,17416,3,3
2021-07-23 15:50:27.120,17413,17415,17416,1,1
2021-07-23 15:50:27.134,17415,17416,17416,2,2
2021-07-23 15:50:27.216,17415,17416,17416,2,2
2021-07-23 15:50:27.246,17415,17416,17416,2,2
2021-07-23 15:50:27.258,17415,17416,17416,1,1
2021-07-23 15:50:27.258,17415,17416,17416,1,1
2021-07-23 15:50:27.258,17415,17416,17417,1,1
2021-07-23 15:50:27.263,17415,17416,17417,1,1
2021-07-23 15:50:27.299,17415,17416,17417,1,1
2021-07-23 15:50:27.355,17415,17416,17417,2,2
2021-07-23 15:50:27.385,17415,17417,17417,1,1
2021-07-23 15:50:27.409,17415,17417,17417,1,1
2021-07-23 15:50:27.416,17415,17417,17417,1,1
2021-07-23 15:50:27.489,17415,17417,17417,1,1
2021-07-23 15:50:27.530,17415,17417,17417,1,1
2021-07-23 15:50:27.593,17415,17417,17417,1,1
2021-07-23 15:50:27.615,17415,17417,17417,1,1
2021-07-23 15:50:27.644,17415,17417,17417,2,2
2021-07-23 15:50:27.764,17415,17417,17417,1,1
2021-07-23 15:50:27.807,17415,17417,17417,1,1
2021-07-23 15:50:27.973,17415,17417,17417,1,1
2021-07-23 15:50:29.647,17414,17415,17415,1,1
2021-07-23 15:50:29.727,17414,17415,17416,1,1
2021-07-23 15:50:29.853,17414,17416,17416,1,1
2021-07-23 15:50:29.885,17414,17416,17416,1,1
2021-07-23 15:50:30.759,17414,17416,17416,2,2
2021-07-23 15:50:31.765,17415,17416,17416,1,1
2021-07-23 15:50:31.908,17415,17416,17416,1,1
2021-07-23 15:50:32.635,17415,17416,17416,1,1
2021-07-23 15:50:32.684,17415,17416,17415,1,-1
2021-07-23 15:50:33.389,17414,17416,17416,5,5
2021-07-23 15:50:33.484,17414,17416,17416,1,1
2021-07-23 15:50:35.483,17414,17415,17415,2,2
2021-07-23 15:50:35.483,17414,17415,17416,6,6
2021-07-23 15:50:36.543,17415,17416,17415,1,-1
2021-07-23 15:50:37.121,17415,17416,17416,2,2
2021-07-23 15:50:37.951,17415,17417,17417,1,1
2021-07-23 15:50:40.392,17415,17416,17415,1,-1
2021-07-23 15:50:41.106,17415,17416,17416,1,1
2021-07-23 15:50:43.552,17415,17416,17416,1,1
2021-07-23 15:50:43.552,17415,17416,17417,3,3
2021-07-23 15:50:44.781,17415,17417,17417,2,2
2021-07-23 15:50:45.634,17416,17417,17417,1,1
2021-07-23 15:50:46.951,17416,17417,17417,1,1
2021-07-23 15:50:46.987,17416,17417,17416,1,-1
2021-07-23 15:50:56.042,17416,17417,17416,1,-1
2021-07-23 15:50:58.535,17416,17417,17416,1,-1
2021-07-23 15:50:58.535,17416,17417,17416,6,-6
2021-07-23 15:51:00.730,17415,17417,17416,1,-1
2021-07-23 15:51:00.866,17415,17416,17416,1,1
2021-07-23 15:51:07.259,17415,17416,17416,1,1
2021-07-23 15:51:08.778,17415,17416,17416,2,2
2021-07-23 15:51:09.998,17415,17417,17415,1,-1
2021-07-23 15:51:10.259,17415,17417,17416,1,1
2021-07-23 15:51:10.265,17415,17417,17415,2,-2
2021-07-23 15:51:11.919,17415,17417,17415,1,-1
2021-07-23 15:51:15.339,17415,17416,17415,1,-1
2021-07-23 15:51:16.453,17415,17416,17416,1,1
2021-07-23 15:51:17.390,17415,17416,17415,1,-1
2021-07-23 15:51:17.498,17415,17416,17416,1,1
2021-07-23 15:51:17.499,17415,17416,17416,1,1
2021-07-23 15:51:17.499,17415,17416,17417,1,1
2021-07-23 15:51:17.499,17415,17416,17417,1,1
2021-07-23 15:51:17.499,17415,17416,17417,1,1
2021-07-23 15:51:17.500,17415,17416,17417,1,1
2021-07-23 15:51:19.379,17415,17416,17416,1,1
2021-07-23 15:51:19.472,17415,17416,17417,4,4
2021-07-23 15:51:21.318,17415,17416,17416,1,1
2021-07-23 15:51:21.318,17415,17416,17417,3,3
2021-07-23 15:51:23.641,17415,17417,17415,1,-1
2021-07-23 15:51:24.887,17415,17416,17416,1,1
2021-07-23 15:51:30.931,17415,17416,17416,2,2
2021-07-23 15:51:31.294,17415,17416,17416,4,4
2021-07-23 15:51:31.373,17416,17417,17417,1,1
2021-07-23 15:51:31.374,17416,17417,17417,1,1
2021-07-23 15:51:41.210,17416,17417,17417,6,6
2021-07-23 15:51:41.210,17416,17417,17417,1,1
2021-07-23 15:51:44.888,17417,17418,17417,1,-1
2021-07-23 15:51:44.999,17416,17418,17418,1,1
2021-07-23 15:51:44.999,17416,17418,17418,1,1
2021-07-23 15:51:44.999,17416,17418,17418,1,1
2021-07-23 15:51:45.000,17416,17418,17418,1,1
2021-07-23 15:51:45.000,17416,17418,17418,1,1
2021-07-23 15:51:45.263,17416,17418,17418,1,1
2021-07-23 15:51:45.310,17416,17418,17418,1,1
2021-07-23 15:51:45.383,17416,17418,17418,1,1
2021-07-23 15:51:49.779,17417,17418,17417,1,-1
2021-07-23 15:51:51.133,17416,17418,17416,1,-1
2021-07-23 15:51:55.015,17417,17418,17418,1,1
2021-07-23 15:51:58.848,17417,17418,17417,1,-1
2021-07-23 15:52:01.953,17417,17418,17417,1,-1
2021-07-23 15:52:02.966,17417,17418,17417,1,-1
2021-07-23 15:52:07.876,17417,17418,17417,2,-2
2021-07-23 15:52:12.173,17417,17418,17417,1,-1
2021-07-23 15:52:13.406,17417,17418,17417,1,-1
2021-07-23 15:52:13.975,17417,17418,17417,5,-5
2021-07-23 15:52:26.462,17417,17418,17417,2,-2
2021-07-23 15:52:26.462,17417,17418,17417,2,-2
2021-07-23 15:52:26.462,17417,17418,17417,7,-7
2021-07-23 15:52:26.463,17417,17418,17417,1,-1
2021-07-23 15:52:32.145,17416,17417,17416,4,-4
2021-07-23 15:52:36.037,17416,17417,17416,1,-1
2021-07-23 15:52:38.568,17415,17417,17415,2,-2
2021-07-23 15:52:44.638,17415,17417,17417,1,1
2021-07-23 15:52:57.746,17415,17416,17415,11,-11
2021-07-23 15:53:10.315,17414,17415,17415,1,1
2021-07-23 15:53:12.155,17415,17416,17415,1,-1
2021-07-23 15:53:12.252,17414,17416,17416,1,1
2021-07-23 15:53:19.447,17414,17416,17416,1,1
2021-07-23 15:54:00.322,17415,17416,17416,2,2
2021-07-23 15:54:00.382,17415,17416,17416,1,1
2021-07-23 15:54:00.383,17415,17416,17416,1,1
2021-07-23 15:54:00.384,17415,17416,17416,1,1
2021-07-23 15:54:00.386,17415,17416,17416,1,1
2021-07-23 15:54:00.386,17415,17416,17416,2,2
2021-07-23 15:54:00.387,17415,17416,17416,3,3
2021-07-23 15:54:02.427,17415,17417,17415,1,-1
2021-07-23 15:54:02.498,17415,17417,17417,1,1
2021-07-23 15:54:02.498,17415,17417,17417,1,1
2021-07-23 15:54:02.499,17415,17417,17417,1,1
2021-07-23 15:54:02.499,17415,17417,17417,1,1
2021-07-23 15:54:16.938,17416,17417,17417,6,6
2021-07-23 15:54:26.424,17417,17418,17417,5,-5
2021-07-23 15:54:26.498,17417,17418,17418,1,1
2021-07-23 15:54:26.498,17417,17418,17418,1,1
2021-07-23 15:54:26.498,17417,17418,17418,1,1
2021-07-23 15:54:26.498,17417,17418,17418,1,1
2021-07-23 15:54:26.498,17417,17418,17418,1,1
2021-07-23 15:54:26.499,17417,17418,17418,1,1
2021-07-23 15:54:26.499,17417,17418,17418,1,1
2021-07-23 15:54:26.500,17417,17418,17418,1,1
2021-07-23 15:54:26.705,17417,17418,17418,3,3
2021-07-23 15:54:26.706,17417,17418,17418,2,2
2021-07-23 15:54:26.706,17417,17418,17418,1,1
2021-07-23 15:54:26.742,17417,17418,17418,1,1
2021-07-23 15:54:26.742,17417,17418,17419,1,1
2021-07-23 15:54:26.756,17417,17419,17419,1,1
2021-07-23 15:54:26.836,17417,17419,17419,2,2
2021-07-23 15:54:26.963,17418,17419,17419,1,1
2021-07-23 15:54:26.967,17418,17419,17419,1,1
2021-07-23 15:54:27.503,17418,17419,17419,1,1
2021-07-23 15:54:27.623,17418,17419,17419,1,1
2021-07-23 15:54:27.624,17418,17419,17419,1,1
2021-07-23 15:54:28.717,17418,17419,17419,1,1
2021-07-23 15:54:29.466,17418,17419,17419,1,1
2021-07-23 15:54:30.669,17418,17419,17419,1,1
2021-07-23 15:54:32.904,17418,17419,17419,1,1
2021-07-23 15:54:34.288,17418,17419,17419,1,1
2021-07-23 15:54:38.154,17418,17419,17419,1,1
2021-07-23 15:54:42.645,17418,17419,17419,1,1
2021-07-23 15:54:42.748,17418,17419,17419,1,1
2021-07-23 15:54:42.748,17418,17419,17419,1,1
2021-07-23 15:54:42.748,17418,17419,17419,1,1
2021-07-23 15:54:42.750,17418,17419,17419,1,1
2021-07-23 15:54:42.751,17418,17419,17419,1,1
2021-07-23 15:54:45.040,17418,17419,17419,4,4
2021-07-23 15:54:45.928,17418,17419,17419,5,5
2021-07-23 15:54:45.929,17418,17419,17419,1,1
2021-07-23 15:54:49.246,17418,17419,17418,2,-2
2021-07-23 15:54:49.246,17418,17419,17418,4,-4
2021-07-23 15:54:54.429,17417,17419,17417,1,-1
2021-07-23 15:54:54.429,17417,17419,17416,1,-1
2021-07-23 15:54:54.498,17416,17419,17419,1,1
2021-07-23 15:54:56.385,17416,17418,17418,1,1
2021-07-23 15:55:10.239,17416,17418,17418,1,1
2021-07-23 15:55:19.786,17416,17417,17417,1,1
2021-07-23 15:55:21.188,17416,17418,17416,1,-1
2021-07-23 15:55:24.363,17416,17418,17416,13,-13
2021-07-23 15:55:29.358,17416,17418,17416,1,-1
2021-07-23 15:55:40.183,17416,17417,17416,4,-4
2021-07-23 15:55:45.057,17416,17417,17417,1,1
2021-07-23 15:55:46.065,17416,17418,17416,4,-4
2021-07-23 15:56:01.316,17417,17418,17417,1,1
2021-07-23 15:56:26.395,17416,17417,17416,1,-1
2021-07-23 15:56:33.702,17416,17417,17416,4,-4
2021-07-23 15:56:36.746,17416,17417,17416,5,-5
2021-07-23 15:56:37.076,17415,17417,17416,1,-1
2021-07-23 15:56:39.497,17415,17417,17415,2,-2
2021-07-23 15:56:44.401,17415,17417,17416,1,1
2021-07-23 15:56:45.095,17415,17417,17416,1,-1
2021-07-23 15:56:52.917,17415,17416,17415,2,-2
2021-07-23 15:57:28.406,17414,17415,17415,1,1
2021-07-23 15:57:28.407,17414,17415,17415,1,1
2021-07-23 15:57:36.338,17414,17415,17415,1,1
2021-07-23 15:57:41.408,17414,17415,17415,1,1
2021-07-23 15:57:43.028,17414,17415,17415,1,1
2021-07-23 15:57:53.249,17414,17415,17415,1,1
2021-07-23 15:57:55.848,17414,17415,17415,1,1
2021-07-23 15:57:56.778,17414,17415,17414,1,-1
2021-07-23 15:57:59.171,17414,17415,17414,5,-5
2021-07-23 15:58:17.703,17413,17414,17414,5,5
2021-07-23 15:58:26.169,17413,17414,17414,2,2
2021-07-23 15:58:35.661,17414,17415,17414,1,-1
2021-07-23 15:58:39.816,17414,17415,17414,5,-5
2021-07-23 15:58:45.810,17413,17414,17414,1,1
2021-07-23 15:58:52.988,17414,17415,17414,1,-1
2021-07-23 15:58:56.481,17414,17415,17415,5,5
2021-07-23 15:59:00.964,17414,17415,17414,2,-2
2021-07-23 15:59:00.964,17414,17415,17414,2,-2
2021-07-23 15:59:01.985,17413,17415,17413,1,-1
2021-07-23 15:59:02.020,17413,17415,17413,2,-2
2021-07-23 15:59:18.638,17414,17415,17415,1,1
2021-07-23 15:59:23.140,17414,17415,17414,1,-1
2021-07-23 15:59:25.446,17414,17415,17415,2,2
2021-07-23 15:59:26.288,17414,17415,17415,1,1
2021-07-23 15:59:33.125,17414,17416,17415,1,-1
2021-07-23 15:59:36.275,17415,17416,17415,1,-1
2021-07-23 15:59:40.305,17415,17416,17416,1,1
2021-07-23 15:59:42.403,17415,17416,17415,1,-1
2021-07-23 15:59:42.403,17415,17416,17415,1,-1
2021-07-23 15:59:42.403,17415,17416,17415,2,-2
2021-07-23 15:59:44.234,17415,17416,17415,1,-1
2021-07-23 16:00:00.094,17415,17416,17416,2,2
2021-07-23 16:00:00.095,17415,17416,17416,2,2
2021-07-23 16:00:00.095,17415,17416,17416,1,1
2021-07-23 16:00:00.379,17415,17417,17417,1,1
2021-07-23 16:00:00.379,17415,17417,17418,1,1
2021-07-23 16:00:00.556,17416,17418,17418,6,6
2021-07-23 16:00:00.586,17416,17418,17418,2,2
2021-07-23 16:00:00.586,17416,17418,17418,2,2
2021-07-23 16:00:02.485,17416,17418,17418,1,1
2021-07-23 16:00:02.662,17416,17418,17416,1,-1
2021-07-23 16:00:02.825,17416,17418,17418,3,3
2021-07-23 16:00:03.511,17416,17418,17416,1,-1
2021-07-23 16:00:03.521,17416,17418,17416,2,-2
2021-07-23 16:00:03.549,17416,17418,17416,1,-1
2021-07-23 16:00:04.498,17416,17418,17416,3,-3
2021-07-23 16:00:04.581,17416,17418,17415,2,-2
2021-07-23 16:00:06.099,17415,17418,17418,1,1
2021-07-23 16:00:22.870,17416,17418,17418,2,2
2021-07-23 16:01:00.956,17416,17417,17417,1,1
2021-07-23 16:01:00.957,17416,17417,17417,1,1
2021-07-23 16:01:11.453,17417,17418,17418,1,1
2021-07-23 16:01:11.453,17417,17418,17418,1,1
2021-07-23 16:01:11.454,17417,17418,17418,1,1
2021-07-23 16:01:11.454,17417,17418,17418,4,4
2021-07-23 16:01:11.454,17417,17418,17418,1,1
2021-07-23 16:01:11.454,17417,17418,17418,1,1
2021-07-23 16:01:11.454,17417,17418,17418,1,1
2021-07-23 16:01:11.454,17417,17418,17418,1,1
2021-07-23 16:01:17.543,17418,17419,17418,1,-1
2021-07-23 16:01:18.531,17417,17418,17418,1,1
2021-07-23 16:01:18.624,17417,17419,17419,1,1
2021-07-23 16:01:18.624,17417,17419,17419,1,1
2021-07-23 16:01:18.781,17417,17419,17419,1,1
2021-07-23 16:01:18.822,17417,17419,17419,1,1
2021-07-23 16:01:18.864,17417,17419,17419,2,2
2021-07-23 16:01:18.865,17417,17419,17419,1,1
2021-07-23 16:01:18.940,17417,17419,17419,3,3
2021-07-23 16:01:18.940,17417,17419,17419,1,1
2021-07-23 16:01:18.951,17417,17419,17420,2,2
2021-07-23 16:01:19.030,17418,17420,17420,2,2
2021-07-23 16:01:19.124,17418,17420,17420,1,1
2021-07-23 16:01:19.124,17418,17420,17420,1,1
2021-07-23 16:01:19.134,17418,17420,17420,1,1
2021-07-23 16:01:19.135,17418,17420,17420,1,1
2021-07-23 16:01:19.136,17418,17420,17420,1,1
2021-07-23 16:01:19.136,17418,17420,17420,1,1
2021-07-23 16:01:19.138,17418,17420,17420,1,1
2021-07-23 16:01:19.141,17418,17420,17420,1,1
2021-07-23 16:01:19.144,17418,17420,17420,2,2
2021-07-23 16:01:19.144,17418,17420,17420,1,1
2021-07-23 16:01:19.298,17418,17420,17420,1,1
2021-07-23 16:01:19.460,17418,17420,17420,1,1
2021-07-23 16:01:23.742,17418,17420,17420,4,4
2021-07-23 16:01:24.720,17418,17420,17419,1,-1
2021-07-23 16:01:24.964,17418,17420,17420,1,1
2021-07-23 16:01:27.744,17418,17420,17419,1,-1
2021-07-23 16:01:33.247,17419,17420,17419,1,-1
2021-07-23 16:01:33.373,17419,17420,17420,1,1
2021-07-23 16:01:33.373,17419,17420,17420,1,1
2021-07-23 16:01:33.374,17419,17420,17420,1,1
2021-07-23 16:01:51.423,17418,17419,17419,1,1
2021-07-23 16:01:53.229,17418,17419,17418,2,-2
2021-07-23 16:01:56.272,17418,17419,17419,1,1
2021-07-23 16:01:56.546,17418,17419,17418,1,-1
2021-07-23 16:02:04.738,17418,17419,17418,7,-7
2021-07-23 16:02:08.153,17417,17418,17418,1,1
2021-07-23 16:02:13.457,17417,17418,17417,8,-8
2021-07-23 16:02:22.621,17416,17417,17417,1,1
2021-07-23 16:02:23.973,17416,17418,17417,4,-4
2021-07-23 16:02:30.349,17416,17417,17417,1,1
2021-07-23 16:02:41.205,17416,17417,17416,1,-1
2021-07-23 16:02:45.247,17416,17417,17417,2,2
2021-07-23 16:02:53.834,17416,17417,17416,1,-1
2021-07-23 16:03:00.638,17416,17417,17417,2,2
2021-07-23 16:03:01.135,17416,17418,17418,3,3
2021-07-23 16:03:01.168,17416,17418,17418,3,3
2021-07-23 16:03:01.171,17416,17418,17418,3,3
