2019-12-09,15:00:00.073000,11673,11675,11673,30
2019-12-09,15:00:00.136000,11673,11675,11675,4
2019-12-09,15:00:00.146000,11673,11675,11673,3
2019-12-09,15:00:00.147000,11673,11675,11675,2
2019-12-09,15:00:00.253000,11673,11676,11674,2
2019-12-09,15:00:00.258000,11673,11676,11673,4
2019-12-09,15:00:00.341000,11673,11676,11675,1
2019-12-09,15:00:00.591000,11674,11676,11675,1
2019-12-09,15:00:00.997000,11674,11675,11675,1
2019-12-09,15:00:00.999000,11674,11675,11675,1
2019-12-09,15:00:01.380000,11675,11676,11675,6
2019-12-09,15:00:03.300000,11675,11676,11675,1
2019-12-09,15:00:05.454000,11675,11676,11675,1
2019-12-09,15:00:08.330000,11675,11676,11675,1
2019-12-09,15:00:08.834000,11675,11676,11675,1
2019-12-09,15:00:09.463000,11675,11676,11675,1
2019-12-09,15:00:11.532000,11675,11676,11675,1
2019-12-09,15:00:11.730000,11675,11676,11675,1
2019-12-09,15:00:20.252000,11675,11676,11676,1
2019-12-09,15:00:22.754000,11675,11676,11675,1
2019-12-09,15:00:24.347000,11675,11676,11675,12
2019-12-09,15:00:24.865000,11675,11676,11676,1
2019-12-09,15:00:24.958000,11675,11676,11675,1
2019-12-09,15:00:26.251000,11675,11676,11675,2
2019-12-09,15:00:26.368000,11674,11675,11675,3
2019-12-09,15:00:26.385000,11674,11675,11674,1
2019-12-09,15:00:26.476000,11674,11675,11675,1
2019-12-09,15:00:30.283000,11674,11675,11674,1
2019-12-09,15:00:31.838000,11674,11675,11675,1
2019-12-09,15:00:35.363000,11674,11675,11675,1
2019-12-09,15:00:43.007000,11674,11675,11675,1
2019-12-09,15:00:44.581000,11674,11675,11675,2
2019-12-09,15:00:45.181000,11674,11675,11675,2
2019-12-09,15:00:47.062000,11674,11675,11675,1
2019-12-09,15:00:51.311000,11674,11675,11674,1
2019-12-09,15:00:52.192000,11674,11675,11674,5
2019-12-09,15:00:52.247000,11674,11675,11674,12
2019-12-09,15:00:52.351000,11674,11675,11674,1
2019-12-09,15:00:52.351000,11674,11675,11674,1
2019-12-09,15:00:53.068000,11673,11674,11674,5
2019-12-09,15:00:54.442000,11673,11674,11674,2
2019-12-09,15:00:59.863000,11673,11674,11673,1
2019-12-09,15:00:59.911000,11673,11674,11674,1
2019-12-09,15:00:59.984000,11673,11674,11674,1
2019-12-09,15:01:00.102000,11673,11674,11674,2
2019-12-09,15:01:00.102000,11673,11674,11674,2
2019-12-09,15:01:00.168000,11673,11674,11673,1
2019-12-09,15:01:00.196000,11673,11674,11673,1
2019-12-09,15:01:01.003000,11673,11675,11675,1
2019-12-09,15:01:02.939000,11674,11675,11674,5
2019-12-09,15:01:02.984000,11674,11675,11675,1
2019-12-09,15:01:02.984000,11674,11675,11675,1
2019-12-09,15:01:02.984000,11674,11675,11675,2
2019-12-09,15:01:02.985000,11674,11675,11675,1
2019-12-09,15:01:02.991000,11674,11675,11675,2
2019-12-09,15:01:02.991000,11674,11675,11675,1
2019-12-09,15:01:02.993000,11674,11675,11675,1
2019-12-09,15:01:02.993000,11674,11675,11675,1
2019-12-09,15:01:02.993000,11674,11675,11675,1
2019-12-09,15:01:02.994000,11674,11675,11675,1
2019-12-09,15:01:03.001000,11674,11675,11675,2
2019-12-09,15:01:03.102000,11674,11675,11675,1
2019-12-09,15:01:03.102000,11674,11675,11675,1
2019-12-09,15:01:13.566000,11674,11675,11674,1
2019-12-09,15:01:15.367000,11674,11675,11675,1
2019-12-09,15:01:16.507000,11674,11675,11675,1
2019-12-09,15:01:17.748000,11674,11675,11675,2
2019-12-09,15:01:22.639000,11675,11676,11675,1
2019-12-09,15:01:24.300000,11675,11676,11675,1
2019-12-09,15:01:24.628000,11675,11676,11675,9
2019-12-09,15:01:24.744000,11674,11675,11675,3
2019-12-09,15:01:25.640000,11675,11676,11675,1
2019-12-09,15:01:32.754000,11675,11676,11675,5
2019-12-09,15:01:33.761000,11675,11676,11675,1
2019-12-09,15:01:38.134000,11675,11676,11675,2
2019-12-09,15:01:39.793000,11675,11676,11676,1
2019-12-09,15:01:53.312000,11675,11676,11676,1
2019-12-09,15:01:56.424000,11675,11676,11676,9
2019-12-09,15:01:57.984000,11676,11677,11676,2
2019-12-09,15:01:58.680000,11676,11677,11677,1
2019-12-09,15:01:59.741000,11676,11677,11676,1
2019-12-09,15:01:59.894000,11676,11677,11676,3
2019-12-09,15:02:01.242000,11676,11677,11676,2
2019-12-09,15:02:01.507000,11676,11677,11676,1
2019-12-09,15:02:02.660000,11676,11677,11677,10
2019-12-09,15:02:02.976000,11676,11677,11677,2
2019-12-09,15:02:03.076000,11676,11677,11676,1
2019-12-09,15:02:03.226000,11676,11677,11677,1
2019-12-09,15:02:03.577000,11677,11678,11677,1
2019-12-09,15:02:05.601000,11677,11678,11677,1
2019-12-09,15:02:10.064000,11676,11677,11676,1
2019-12-09,15:02:14.859000,11676,11677,11676,1
2019-12-09,15:02:21.909000,11676,11677,11677,1
2019-12-09,15:02:26.398000,11676,11677,11677,1
2019-12-09,15:02:28.944000,11676,11677,11677,1
2019-12-09,15:02:29.417000,11676,11677,11676,4
2019-12-09,15:02:31.454000,11676,11677,11677,5
2019-12-09,15:02:34.376000,11676,11677,11677,1
2019-12-09,15:02:37.077000,11676,11677,11676,1
2019-12-09,15:02:41.518000,11676,11677,11676,1
2019-12-09,15:02:45.926000,11676,11677,11676,1
2019-12-09,15:02:45.976000,11676,11677,11676,1
2019-12-09,15:02:48.135000,11676,11677,11676,1
2019-12-09,15:02:52.482000,11676,11677,11676,1
2019-12-09,15:02:53.066000,11676,11677,11676,1
2019-12-09,15:03:00.127000,11676,11677,11677,2
2019-12-09,15:03:00.743000,11676,11677,11676,1
2019-12-09,15:03:06.344000,11676,11677,11676,1
2019-12-09,15:03:06.344000,11676,11677,11676,2
2019-12-09,15:03:06.345000,11676,11677,11676,1
2019-12-09,15:03:06.634000,11675,11677,11675,2
2019-12-09,15:03:14.120000,11675,11676,11675,2
2019-12-09,15:03:15.265000,11675,11676,11675,1
2019-12-09,15:03:15.898000,11675,11676,11675,1
2019-12-09,15:03:17.585000,11675,11676,11676,1
2019-12-09,15:03:18.526000,11675,11676,11675,1
2019-12-09,15:03:32.953000,11675,11676,11676,2
2019-12-09,15:03:34.302000,11675,11676,11675,2
2019-12-09,15:03:56.369000,11675,11676,11675,10
2019-12-09,15:04:01.477000,11674,11675,11674,2
2019-12-09,15:04:02.226000,11674,11675,11674,1
2019-12-09,15:04:02.227000,11674,11675,11674,2
2019-12-09,15:04:02.337000,11674,11675,11675,1
2019-12-09,15:04:02.374000,11674,11675,11674,1
2019-12-09,15:04:02.494000,11674,11675,11674,1
2019-12-09,15:04:04.557000,11674,11675,11674,3
2019-12-09,15:04:04.620000,11673,11674,11674,3
2019-12-09,15:04:11.528000,11673,11674,11674,1
2019-12-09,15:04:12.015000,11673,11674,11673,1
2019-12-09,15:04:14.822000,11673,11674,11673,1
2019-12-09,15:04:16.068000,11673,11674,11673,17
2019-12-09,15:04:23.127000,11673,11674,11673,3
2019-12-09,15:04:27.406000,11673,11674,11674,28
2019-12-09,15:04:31.692000,11674,11675,11675,1
2019-12-09,15:04:31.732000,11674,11675,11675,2
2019-12-09,15:04:31.823000,11674,11675,11675,1
2019-12-09,15:04:38.145000,11675,11676,11676,1
2019-12-09,15:04:39.323000,11675,11676,11675,1
2019-12-09,15:04:47.811000,11675,11676,11675,6
2019-12-09,15:04:56.362000,11675,11676,11675,1
2019-12-09,15:04:58.123000,11675,11676,11675,1
2019-12-09,15:04:58.232000,11675,11676,11675,3
2019-12-09,15:04:59.488000,11674,11675,11674,3
2019-12-09,15:05:01.250000,11673,11675,11675,1
2019-12-09,15:05:01.444000,11673,11675,11675,1
2019-12-09,15:05:01.620000,11673,11675,11674,1
2019-12-09,15:05:01.626000,11673,11675,11673,2
2019-12-09,15:05:01.631000,11673,11675,11673,1
2019-12-09,15:05:01.814000,11673,11675,11673,1
2019-12-09,15:05:01.825000,11673,11675,11673,1
2019-12-09,15:05:19.605000,11674,11675,11675,1
2019-12-09,15:05:44.886000,11674,11675,11675,1
2019-12-09,15:05:45.771000,11674,11675,11674,2
2019-12-09,15:05:55.133000,11674,11675,11674,1
2019-12-09,15:05:56.288000,11674,11675,11674,1
2019-12-09,15:06:00.041000,11674,11675,11674,1
2019-12-09,15:06:00.455000,11674,11675,11675,1
2019-12-09,15:06:00.994000,11674,11675,11675,1
2019-12-09,15:06:12.396000,11674,11675,11674,1
2019-12-09,15:06:25.803000,11674,11675,11674,6
2019-12-09,15:06:28.018000,11674,11675,11674,1
2019-12-09,15:06:28.789000,11674,11675,11674,1
2019-12-09,15:06:29.357000,11674,11675,11674,6
2019-12-09,15:06:31.250000,11674,11675,11674,1
2019-12-09,15:06:32.616000,11674,11675,11674,1
2019-12-09,15:06:33.448000,11674,11675,11674,1
2019-12-09,15:06:42.427000,11674,11675,11674,1
2019-12-09,15:06:52.085000,11674,11675,11674,2
2019-12-09,15:07:08.692000,11674,11675,11674,2
2019-12-09,15:07:18.272000,11674,11675,11674,2
2019-12-09,15:07:29.096000,11674,11675,11675,3
2019-12-09,15:07:29.099000,11674,11675,11675,2
2019-12-09,15:07:29.102000,11674,11675,11675,1
2019-12-09,15:07:43.237000,11674,11675,11675,1
2019-12-09,15:07:48.753000,11674,11675,11675,1
2019-12-09,15:08:02.194000,11674,11675,11675,5
2019-12-09,15:08:08.844000,11674,11675,11675,1
2019-12-09,15:08:27.777000,11674,11675,11675,1
2019-12-09,15:08:42.300000,11674,11675,11674,1
2019-12-09,15:08:59.949000,11674,11675,11674,1
2019-12-09,15:09:10.344000,11674,11675,11674,1
2019-12-09,15:09:14.810000,11674,11675,11674,1
2019-12-09,15:09:19.726000,11674,11675,11674,2
2019-12-09,15:09:20.358000,11674,11675,11674,2
2019-12-09,15:09:23.573000,11674,11675,11674,1
2019-12-09,15:09:53.022000,11674,11675,11674,3
2019-12-09,15:10:11.365000,11674,11675,11674,1
2019-12-09,15:10:11.872000,11674,11675,11674,5
2019-12-09,15:10:43.391000,11673,11674,11673,5
2019-12-09,15:10:48.920000,11673,11674,11673,1
2019-12-09,15:11:02.869000,11673,11674,11673,1
2019-12-09,15:11:33.512000,11673,11674,11673,5
2019-12-09,15:11:35.945000,11673,11674,11673,1
2019-12-09,15:11:43.517000,11673,11674,11673,1
2019-12-09,15:11:48.731000,11673,11674,11673,1
2019-12-09,15:11:58.958000,11673,11674,11673,1
2019-12-09,15:12:03.481000,11673,11674,11673,1
2019-12-09,15:12:34.997000,11673,11674,11673,7
2019-12-09,15:12:36.721000,11673,11674,11673,2
2019-12-09,15:12:37.421000,11673,11674,11673,1
2019-12-09,15:12:42.803000,11672,11673,11672,1
2019-12-09,15:12:42.817000,11672,11673,11672,2
2019-12-09,15:12:50.793000,11672,11673,11672,1
2019-12-09,15:12:56.201000,11672,11673,11673,1
2019-12-09,15:13:15.247000,11672,11673,11672,1
2019-12-09,15:13:18.967000,11672,11673,11672,7
2019-12-09,15:13:20.031000,11672,11673,11672,1
2019-12-09,15:13:20.222000,11672,11673,11672,1
2019-12-09,15:13:20.227000,11672,11673,11672,2
2019-12-09,15:13:23.150000,11671,11672,11671,14
2019-12-09,15:13:24.158000,11671,11672,11671,1
2019-12-09,15:13:24.309000,11671,11672,11671,1
2019-12-09,15:13:25.770000,11671,11672,11671,1
2019-12-09,15:13:28.450000,11671,11672,11671,1
2019-12-09,15:13:30.092000,11671,11672,11671,1
2019-12-09,15:13:31.108000,11671,11672,11671,1
2019-12-09,15:13:34.540000,11671,11672,11671,1
2019-12-09,15:13:35.467000,11671,11672,11671,1
2019-12-09,15:13:38.921000,11671,11672,11671,1
2019-12-09,15:13:40.771000,11671,11672,11671,1
2019-12-09,15:13:41.610000,11671,11672,11671,1
2019-12-09,15:13:42.938000,11671,11672,11671,6
2019-12-09,15:13:51.577000,11671,11672,11672,1
2019-12-09,15:13:57.394000,11671,11672,11672,6
2019-12-09,15:13:59.884000,11671,11672,11672,2
2019-12-09,15:14:13.247000,11672,11673,11672,1
2019-12-09,15:14:15.674000,11672,11673,11672,1
2019-12-09,15:14:30.114000,11672,11673,11672,1
2019-12-09,15:15:00.505000,11672,11673,11673,1
2019-12-09,15:15:18.228000,11672,11673,11673,1
2019-12-09,15:15:23.445000,11672,11673,11673,2
2019-12-09,15:15:40.040000,11672,11673,11673,8
2019-12-09,15:15:40.278000,11673,11674,11673,2
2019-12-09,15:15:49.741000,11672,11674,11672,1
2019-12-09,15:15:57.516000,11672,11674,11672,5
2019-12-09,15:16:11.110000,11672,11673,11672,2
2019-12-09,15:16:27.307000,11672,11673,11673,1
2019-12-09,15:17:01.514000,11672,11673,11672,1
2019-12-09,15:17:01.612000,11672,11673,11673,1
2019-12-09,15:17:01.620000,11672,11673,11674,1
2019-12-09,15:17:01.621000,11672,11673,11674,1
2019-12-09,15:17:03.843000,11672,11674,11672,1
2019-12-09,15:17:05.720000,11672,11674,11672,1
2019-12-09,15:17:18.476000,11673,11674,11673,1
2019-12-09,15:18:25.412000,11672,11673,11673,1
2019-12-09,15:18:26.133000,11672,11673,11672,13
2019-12-09,15:18:27.358000,11672,11673,11672,1
2019-12-09,15:18:27.478000,11671,11672,11672,1
2019-12-09,15:18:30.119000,11672,11673,11672,1
2019-12-09,15:18:52.907000,11672,11673,11672,2
2019-12-09,15:19:14.815000,11672,11673,11672,1
2019-12-09,15:19:21.896000,11672,11673,11672,1
2019-12-09,15:19:49.291000,11672,11673,11672,1
2019-12-09,15:19:52.641000,11672,11673,11672,5
2019-12-09,15:19:52.975000,11672,11673,11672,1
2019-12-09,15:19:52.994000,11672,11673,11672,1
2019-12-09,15:19:56.504000,11672,11673,11672,1
2019-12-09,15:20:06.352000,11672,11673,11672,1
2019-12-09,15:20:07.157000,11671,11672,11671,2
2019-12-09,15:20:11.533000,11671,11672,11672,1
2019-12-09,15:20:23.291000,11671,11672,11672,1
2019-12-09,15:20:27.717000,11671,11672,11672,1
2019-12-09,15:20:34.071000,11671,11672,11672,1
2019-12-09,15:20:40.524000,11671,11672,11672,1
2019-12-09,15:22:24.537000,11671,11672,11671,33
2019-12-09,15:22:24.537000,11671,11672,11670,34
2019-12-09,15:22:24.729000,11670,11671,11670,3
2019-12-09,15:22:24.851000,11669,11671,11670,1
2019-12-09,15:22:24.950000,11669,11671,11670,1
2019-12-09,15:22:24.976000,11669,11670,11670,1
2019-12-09,15:22:24.978000,11669,11670,11670,4
2019-12-09,15:22:33.640000,11669,11670,11670,1
2019-12-09,15:22:35.716000,11669,11670,11670,1
2019-12-09,15:22:36.352000,11669,11670,11670,6
2019-12-09,15:22:36.688000,11670,11671,11671,1
2019-12-09,15:22:36.692000,11670,11671,11671,1
2019-12-09,15:22:36.696000,11670,11671,11671,1
2019-12-09,15:22:37.010000,11670,11671,11671,1
2019-12-09,15:22:46.866000,11670,11671,11671,2
2019-12-09,15:22:54.054000,11670,11671,11670,2
2019-12-09,15:22:59.837000,11670,11671,11670,1
2019-12-09,15:23:00.465000,11670,11671,11670,1
2019-12-09,15:23:16.076000,11670,11671,11671,1
2019-12-09,15:23:22.597000,11670,11671,11671,1
2019-12-09,15:23:31.476000,11670,11671,11670,1
2019-12-09,15:23:36.074000,11670,11671,11670,1
2019-12-09,15:23:39.391000,11670,11671,11671,2
2019-12-09,15:23:40.891000,11670,11671,11670,1
2019-12-09,15:23:42.385000,11670,11671,11671,2
2019-12-09,15:23:45.264000,11670,11671,11671,9
2019-12-09,15:23:45.502000,11670,11672,11671,1
2019-12-09,15:23:47.353000,11670,11671,11670,1
2019-12-09,15:23:53.985000,11670,11671,11671,1
2019-12-09,15:24:09.160000,11670,11671,11671,2
2019-12-09,15:24:12.376000,11670,11671,11671,1
2019-12-09,15:24:21.474000,11670,11671,11671,2
2019-12-09,15:24:26.605000,11671,11672,11671,3
2019-12-09,15:24:26.605000,11671,11672,11670,39
2019-12-09,15:24:26.727000,11670,11671,11670,5
2019-12-09,15:24:27.254000,11670,11671,11670,1
2019-12-09,15:24:27.420000,11669,11671,11670,1
2019-12-09,15:24:42.801000,11669,11670,11670,1
2019-12-09,15:24:45.300000,11670,11671,11670,3
2019-12-09,15:24:58.840000,11670,11671,11670,8
2019-12-09,15:25:01.245000,11669,11670,11669,1
2019-12-09,15:25:01.398000,11669,11670,11669,1
2019-12-09,15:25:01.455000,11669,11670,11669,1
2019-12-09,15:25:01.758000,11669,11670,11669,2
2019-12-09,15:25:01.892000,11669,11670,11669,3
2019-12-09,15:25:08.062000,11669,11670,11670,1
2019-12-09,15:25:12.218000,11669,11670,11669,1
2019-12-09,15:25:22.204000,11669,11670,11670,1
2019-12-09,15:25:26.571000,11669,11670,11670,1
2019-12-09,15:25:35.696000,11669,11670,11670,1
2019-12-09,15:25:36.612000,11669,11670,11670,1
2019-12-09,15:25:41.469000,11669,11670,11670,1
2019-12-09,15:25:42.409000,11669,11670,11670,1
2019-12-09,15:25:43.902000,11669,11670,11669,1
2019-12-09,15:26:10.584000,11669,11670,11670,1
2019-12-09,15:26:33.308000,11669,11670,11670,1
2019-12-09,15:26:51.355000,11669,11670,11670,1
2019-12-09,15:26:56.239000,11669,11670,11670,2
2019-12-09,15:26:58.863000,11669,11670,11670,1
2019-12-09,15:26:58.935000,11669,11670,11670,2
2019-12-09,15:26:58.978000,11669,11670,11670,3
2019-12-09,15:27:03.799000,11669,11670,11670,1
2019-12-09,15:27:04.103000,11669,11670,11670,1
2019-12-09,15:27:13.535000,11670,11671,11670,1
2019-12-09,15:27:22.861000,11670,11671,11670,1
2019-12-09,15:27:30.227000,11670,11671,11671,4
2019-12-09,15:27:45.278000,11671,11672,11671,1
2019-12-09,15:27:45.789000,11671,11672,11672,2
2019-12-09,15:28:03.971000,11671,11672,11672,1
2019-12-09,15:28:31.130000,11671,11672,11672,1
2019-12-09,15:28:33.217000,11671,11672,11672,1
2019-12-09,15:28:51.170000,11671,11672,11672,1
2019-12-09,15:28:52.843000,11671,11672,11672,1
2019-12-09,15:28:53.833000,11671,11672,11672,1
2019-12-09,15:29:00.859000,11671,11672,11672,9
2019-12-09,15:29:01.717000,11671,11672,11672,2
2019-12-09,15:29:22.089000,11672,11673,11672,1
2019-12-09,15:29:34.484000,11672,11673,11672,1
2019-12-09,15:29:48.818000,11672,11673,11672,2
2019-12-09,15:29:51.889000,11672,11673,11673,2
2019-12-09,15:30:07.872000,11672,11673,11673,2
2019-12-09,15:30:07.919000,11672,11673,11673,2
2019-12-09,15:30:07.977000,11672,11673,11673,3
2019-12-09,15:30:08.348000,11672,11673,11672,2
2019-12-09,15:30:08.424000,11672,11673,11672,2
2019-12-09,15:30:08.536000,11672,11673,11672,1
2019-12-09,15:30:08.537000,11672,11673,11673,5
2019-12-09,15:30:09.853000,11672,11673,11673,3
2019-12-09,15:30:09.976000,11673,11674,11673,2
2019-12-09,15:30:11.398000,11672,11673,11673,5
2019-12-09,15:30:12.607000,11672,11673,11673,5
2019-12-09,15:30:20.064000,11672,11673,11673,1
2019-12-09,15:30:31.894000,11672,11673,11673,1
2019-12-09,15:30:36.274000,11672,11673,11673,3
2019-12-09,15:30:37.537000,11672,11673,11673,2
2019-12-09,15:30:58.818000,11672,11673,11673,1
2019-12-09,15:31:02.410000,11672,11673,11673,1
2019-12-09,15:31:17.606000,11672,11673,11673,1
2019-12-09,15:31:18.453000,11672,11673,11673,2
2019-12-09,15:31:18.484000,11673,11674,11674,1
2019-12-09,15:31:18.485000,11673,11674,11674,1
2019-12-09,15:31:18.486000,11673,11674,11674,1
2019-12-09,15:31:18.488000,11673,11674,11674,1
2019-12-09,15:31:18.489000,11673,11674,11674,1
2019-12-09,15:31:18.491000,11673,11674,11674,1
2019-12-09,15:31:29.086000,11673,11674,11673,1
2019-12-09,15:32:06.747000,11673,11674,11674,4
2019-12-09,15:32:35.090000,11673,11674,11674,16
2019-12-09,15:32:35.234000,11673,11674,11674,16
2019-12-09,15:32:35.352000,11673,11674,11674,2
2019-12-09,15:32:35.352000,11673,11674,11674,1
2019-12-09,15:32:37.648000,11674,11675,11675,5
2019-12-09,15:32:43.695000,11674,11675,11674,2
2019-12-09,15:32:44.302000,11674,11675,11675,8
2019-12-09,15:32:44.788000,11674,11675,11675,8
2019-12-09,15:32:45.938000,11674,11675,11675,4
2019-12-09,15:32:46.113000,11675,11676,11675,1
2019-12-09,15:32:46.718000,11675,11676,11675,1
2019-12-09,15:32:49.839000,11675,11676,11676,1
2019-12-09,15:32:50.186000,11675,11676,11675,1
2019-12-09,15:32:52.644000,11675,11676,11676,1
2019-12-09,15:32:53.590000,11675,11676,11675,2
2019-12-09,15:32:55.622000,11674,11675,11675,1
2019-12-09,15:32:55.757000,11674,11675,11675,1
2019-12-09,15:32:56.071000,11674,11675,11674,1
2019-12-09,15:32:57.133000,11674,11675,11675,1
2019-12-09,15:33:01.178000,11674,11675,11675,1
2019-12-09,15:33:08.970000,11674,11675,11675,1
2019-12-09,15:33:10.759000,11674,11675,11675,1
2019-12-09,15:33:11.436000,11674,11675,11675,1
2019-12-09,15:33:12.081000,11675,11676,11676,1
2019-12-09,15:33:14.828000,11675,11676,11675,1
2019-12-09,15:33:15.345000,11675,11676,11676,1
2019-12-09,15:33:15.855000,11675,11676,11676,1
2019-12-09,15:33:17.200000,11675,11676,11676,1
2019-12-09,15:33:22.480000,11675,11676,11676,1
2019-12-09,15:33:27.364000,11675,11676,11676,1
2019-12-09,15:33:31.334000,11675,11676,11676,1
2019-12-09,15:33:36.145000,11675,11676,11675,1
2019-12-09,15:33:37.427000,11675,11676,11676,6
2019-12-09,15:34:13.741000,11675,11676,11676,2
2019-12-09,15:34:26.446000,11675,11676,11676,3
2019-12-09,15:34:29.996000,11675,11676,11676,4
2019-12-09,15:34:35.668000,11675,11676,11676,2
2019-12-09,15:34:35.668000,11675,11676,11676,4
2019-12-09,15:34:35.668000,11675,11676,11676,3
2019-12-09,15:34:35.668000,11675,11676,11676,7
2019-12-09,15:34:50.135000,11676,11677,11677,2
2019-12-09,15:34:54.236000,11676,11677,11676,1
2019-12-09,15:35:01.229000,11676,11677,11677,1
2019-12-09,15:35:01.444000,11676,11677,11677,1
2019-12-09,15:35:03.727000,11676,11677,11677,1
2019-12-09,15:35:03.728000,11676,11677,11677,17
2019-12-09,15:35:15.072000,11677,11678,11678,1
2019-12-09,15:35:15.124000,11677,11678,11678,1
2019-12-09,15:35:15.193000,11677,11678,11678,3
2019-12-09,15:35:15.266000,11677,11678,11678,2
2019-12-09,15:35:15.367000,11677,11678,11678,2
2019-12-09,15:35:15.762000,11677,11678,11678,1
2019-12-09,15:35:15.887000,11677,11678,11678,1
2019-12-09,15:35:17.743000,11677,11678,11678,1
2019-12-09,15:35:17.997000,11677,11678,11678,1
2019-12-09,15:35:18.271000,11677,11678,11678,1
2019-12-09,15:35:18.493000,11677,11678,11678,4
2019-12-09,15:35:18.719000,11677,11678,11678,14
2019-12-09,15:35:18.727000,11677,11678,11678,5
2019-12-09,15:35:18.727000,11677,11678,11678,2
2019-12-09,15:35:18.727000,11677,11678,11678,2
2019-12-09,15:35:18.727000,11677,11678,11678,5
2019-12-09,15:35:21.948000,11678,11679,11679,2
2019-12-09,15:35:22.200000,11678,11679,11679,1
2019-12-09,15:35:22.537000,11678,11679,11678,1
2019-12-09,15:35:22.724000,11678,11679,11679,1
2019-12-09,15:35:22.727000,11678,11679,11679,13
2019-12-09,15:35:24.201000,11679,11680,11680,1
2019-12-09,15:35:24.304000,11679,11680,11680,3
2019-12-09,15:35:24.795000,11679,11680,11680,4
2019-12-09,15:35:25.324000,11679,11680,11680,1
2019-12-09,15:35:27.234000,11679,11680,11680,1
2019-12-09,15:35:28.566000,11679,11680,11680,8
2019-12-09,15:35:28.636000,11679,11680,11680,1
2019-12-09,15:35:29.367000,11679,11680,11680,1
2019-12-09,15:35:29.614000,11679,11680,11680,5
2019-12-09,15:35:30.638000,11679,11680,11680,11
2019-12-09,15:35:31.257000,11680,11681,11680,1
2019-12-09,15:35:31.779000,11680,11681,11681,1
2019-12-09,15:35:32.289000,11680,11681,11681,2
2019-12-09,15:35:32.887000,11680,11681,11680,1
2019-12-09,15:35:33.161000,11680,11681,11680,1
2019-12-09,15:35:38.385000,11680,11681,11681,1
2019-12-09,15:35:39.158000,11680,11681,11681,1
2019-12-09,15:35:40.433000,11680,11681,11681,1
2019-12-09,15:35:40.933000,11680,11681,11681,1
2019-12-09,15:35:42.495000,11680,11681,11681,7
2019-12-09,15:35:45.884000,11680,11681,11681,1
2019-12-09,15:35:50.299000,11680,11681,11681,2
2019-12-09,15:35:50.531000,11680,11681,11681,2
2019-12-09,15:35:52.016000,11680,11681,11681,3
2019-12-09,15:35:53.527000,11680,11681,11680,1
2019-12-09,15:35:56.793000,11680,11681,11681,2
2019-12-09,15:35:57.366000,11680,11681,11681,1
2019-12-09,15:35:59.343000,11680,11681,11681,1
2019-12-09,15:36:00.527000,11680,11681,11680,1
2019-12-09,15:36:00.527000,11680,11681,11680,16
2019-12-09,15:36:00.527000,11680,11681,11680,6
2019-12-09,15:36:00.528000,11680,11681,11680,5
2019-12-09,15:36:00.529000,11680,11681,11680,4
2019-12-09,15:36:00.602000,11680,11681,11680,3
2019-12-09,15:36:00.602000,11680,11681,11680,1
2019-12-09,15:36:00.602000,11680,11681,11680,2
2019-12-09,15:36:00.602000,11680,11681,11680,7
2019-12-09,15:36:03.615000,11679,11680,11679,1
2019-12-09,15:36:11.867000,11679,11680,11680,1
2019-12-09,15:36:12.086000,11679,11680,11680,1
2019-12-09,15:36:12.095000,11679,11680,11680,1
2019-12-09,15:36:14.800000,11679,11680,11680,5
2019-12-09,15:36:27.027000,11679,11680,11680,3
2019-12-09,15:36:40.672000,11679,11680,11679,1
2019-12-09,15:36:40.743000,11679,11680,11679,5
2019-12-09,15:36:40.744000,11679,11680,11679,3
2019-12-09,15:36:40.744000,11679,11680,11679,1
2019-12-09,15:36:40.744000,11679,11680,11679,2
2019-12-09,15:36:40.744000,11679,11680,11679,1
2019-12-09,15:36:40.745000,11679,11680,11679,1
2019-12-09,15:36:45.681000,11678,11679,11678,4
2019-12-09,15:36:48.995000,11678,11679,11678,2
2019-12-09,15:36:49.438000,11678,11679,11678,1
2019-12-09,15:36:52.118000,11678,11679,11678,1
2019-12-09,15:36:52.702000,11678,11679,11678,1
2019-12-09,15:36:53.119000,11678,11679,11678,4
2019-12-09,15:36:57.518000,11678,11679,11678,1
2019-12-09,15:37:08.040000,11678,11679,11678,1
2019-12-09,15:37:08.531000,11678,11679,11678,1
2019-12-09,15:37:09.881000,11678,11679,11678,1
2019-12-09,15:37:10.779000,11678,11679,11678,1
2019-12-09,15:37:23.330000,11678,11679,11678,2
2019-12-09,15:37:27.877000,11678,11679,11678,1
2019-12-09,15:37:29.151000,11678,11679,11678,1
2019-12-09,15:37:29.955000,11678,11679,11678,1
2019-12-09,15:37:33.805000,11678,11679,11678,1
2019-12-09,15:37:34.576000,11678,11679,11678,1
2019-12-09,15:37:35.383000,11677,11679,11677,1
2019-12-09,15:37:44.443000,11678,11679,11678,1
2019-12-09,15:37:48.906000,11678,11679,11678,1
2019-12-09,15:37:50.397000,11678,11679,11679,1
2019-12-09,15:37:50.822000,11678,11679,11679,5
2019-12-09,15:37:50.972000,11679,11680,11679,2
2019-12-09,15:37:53.715000,11679,11680,11679,1
2019-12-09,15:37:54.753000,11679,11680,11680,1
2019-12-09,15:37:56.714000,11679,11680,11679,1
2019-12-09,15:37:57.922000,11679,11680,11680,7
2019-12-09,15:38:03.702000,11679,11680,11680,1
2019-12-09,15:38:05.139000,11679,11680,11680,9
2019-12-09,15:38:07.705000,11680,11681,11680,1
2019-12-09,15:38:10.232000,11679,11680,11680,1
2019-12-09,15:38:10.232000,11679,11680,11681,4
2019-12-09,15:38:11.144000,11680,11681,11680,1
2019-12-09,15:38:19.885000,11680,11681,11681,1
2019-12-09,15:38:20.420000,11680,11681,11681,5
2019-12-09,15:38:20.477000,11680,11681,11681,3
2019-12-09,15:38:22.201000,11681,11682,11682,1
2019-12-09,15:38:22.260000,11681,11682,11682,2
2019-12-09,15:38:22.307000,11681,11682,11682,2
2019-12-09,15:38:22.388000,11681,11682,11681,2
2019-12-09,15:38:22.499000,11681,11682,11682,1
2019-12-09,15:38:22.505000,11681,11682,11682,5
2019-12-09,15:38:22.695000,11681,11682,11682,5
2019-12-09,15:38:23.111000,11681,11682,11681,1
2019-12-09,15:38:27.670000,11681,11682,11681,1
2019-12-09,15:38:28.252000,11681,11682,11681,1
2019-12-09,15:38:28.477000,11680,11682,11682,4
2019-12-09,15:38:29.305000,11680,11682,11682,1
2019-12-09,15:38:30.748000,11681,11682,11681,1
2019-12-09,15:38:31.748000,11680,11681,11681,4
2019-12-09,15:38:33.141000,11681,11682,11682,1
2019-12-09,15:38:35.424000,11681,11682,11681,4
2019-12-09,15:38:38.476000,11681,11682,11681,1
2019-12-09,15:38:39.859000,11681,11682,11681,1
2019-12-09,15:38:46.223000,11681,11682,11682,1
2019-12-09,15:38:47.297000,11681,11682,11682,1
2019-12-09,15:38:47.729000,11681,11682,11682,14
2019-12-09,15:38:53.693000,11681,11682,11681,1
2019-12-09,15:38:53.999000,11681,11682,11681,23
2019-12-09,15:38:54.755000,11680,11681,11680,2
2019-12-09,15:38:55.178000,11680,11681,11680,1
2019-12-09,15:38:58.094000,11680,11681,11681,1
2019-12-09,15:39:05.241000,11680,11681,11680,1
2019-12-09,15:39:05.328000,11680,11681,11681,2
2019-12-09,15:39:06.007000,11681,11682,11681,1
2019-12-09,15:39:06.497000,11681,11682,11682,2
2019-12-09,15:39:06.896000,11681,11682,11681,1
2019-12-09,15:39:08.789000,11681,11682,11681,1
2019-12-09,15:39:13.450000,11680,11681,11681,2
2019-12-09,15:39:16.163000,11680,11681,11681,1
2019-12-09,15:39:16.175000,11680,11681,11681,2
2019-12-09,15:39:19.245000,11680,11681,11681,1
2019-12-09,15:39:38.526000,11680,11681,11681,1
2019-12-09,15:39:38.651000,11680,11681,11681,1
2019-12-09,15:39:39.172000,11680,11681,11680,1
2019-12-09,15:39:41.180000,11680,11681,11681,10
2019-12-09,15:39:43.244000,11680,11681,11680,1
2019-12-09,15:39:47.226000,11680,11681,11681,3
2019-12-09,15:39:47.226000,11680,11681,11681,2
2019-12-09,15:39:47.226000,11680,11681,11681,4
2019-12-09,15:39:47.226000,11680,11681,11681,1
2019-12-09,15:39:49.307000,11681,11682,11681,1
2019-12-09,15:39:51.948000,11681,11682,11681,1
2019-12-09,15:39:54.638000,11681,11682,11682,5
2019-12-09,15:40:00.315000,11681,11682,11682,1
2019-12-09,15:40:00.546000,11681,11682,11682,1
2019-12-09,15:40:00.547000,11681,11682,11682,1
2019-12-09,15:40:00.698000,11681,11682,11682,2
2019-12-09,15:40:00.744000,11681,11682,11682,3
2019-12-09,15:40:01.212000,11681,11682,11682,1
2019-12-09,15:40:03.725000,11681,11682,11682,1
2019-12-09,15:40:03.934000,11681,11682,11682,1
2019-12-09,15:40:05.568000,11681,11682,11681,1
2019-12-09,15:40:07.502000,11681,11682,11681,2
2019-12-09,15:40:08.526000,11681,11682,11681,1
2019-12-09,15:40:10.960000,11681,11682,11682,1
2019-12-09,15:40:16.520000,11681,11682,11681,3
2019-12-09,15:40:17.884000,11681,11682,11681,2
2019-12-09,15:40:21.651000,11681,11682,11681,1
2019-12-09,15:40:48.396000,11681,11682,11681,1
2019-12-09,15:40:57.124000,11681,11682,11681,1
2019-12-09,15:40:59.024000,11681,11682,11681,2
2019-12-09,15:41:09.142000,11681,11682,11681,1
2019-12-09,15:41:09.588000,11681,11682,11681,1
2019-12-09,15:41:12.451000,11681,11682,11681,1
2019-12-09,15:41:13.418000,11681,11682,11681,1
2019-12-09,15:41:20,11681,11682,11681,1
2019-12-09,15:41:20.659000,11681,11682,11681,1
2019-12-09,15:41:23.761000,11681,11682,11681,1
2019-12-09,15:41:43.842000,11681,11682,11681,1
2019-12-09,15:41:57.812000,11681,11682,11681,3
2019-12-09,15:42:03.185000,11681,11682,11681,2
2019-12-09,15:42:03.832000,11681,11682,11682,2
2019-12-09,15:42:03.833000,11681,11682,11682,2
2019-12-09,15:42:05.602000,11681,11682,11681,2
2019-12-09,15:42:05.836000,11681,11682,11681,1
2019-12-09,15:42:08.223000,11680,11682,11680,1
2019-12-09,15:42:18.238000,11680,11681,11681,1
2019-12-09,15:42:31.119000,11681,11682,11681,10
2019-12-09,15:42:37.136000,11681,11682,11681,1
2019-12-09,15:42:45.506000,11680,11681,11681,3
2019-12-09,15:42:47.386000,11680,11681,11681,2
2019-12-09,15:42:49.276000,11681,11682,11681,1
2019-12-09,15:42:51.936000,11681,11682,11681,2
2019-12-09,15:43:05.643000,11681,11682,11681,1
2019-12-09,15:43:06.310000,11681,11682,11681,1
2019-12-09,15:43:08.467000,11681,11682,11681,5
2019-12-09,15:43:09.772000,11681,11682,11681,2
2019-12-09,15:43:13.498000,11681,11682,11681,1
2019-12-09,15:43:18.243000,11681,11682,11681,1
2019-12-09,15:43:21.350000,11681,11682,11681,1
2019-12-09,15:43:26.116000,11681,11682,11681,1
2019-12-09,15:43:28.299000,11681,11682,11681,2
2019-12-09,15:43:28.324000,11681,11682,11681,2
2019-12-09,15:43:28.351000,11681,11682,11681,2
2019-12-09,15:43:28.476000,11681,11682,11681,1
2019-12-09,15:43:46.699000,11681,11682,11681,1
2019-12-09,15:43:49.378000,11681,11682,11681,1
2019-12-09,15:43:57.294000,11681,11682,11681,1
2019-12-09,15:43:58.158000,11681,11682,11681,1
2019-12-09,15:44:00.518000,11681,11682,11681,1
2019-12-09,15:44:00.848000,11681,11682,11681,1
2019-12-09,15:44:01.209000,11681,11682,11681,1
2019-12-09,15:44:03.877000,11681,11682,11681,3
2019-12-09,15:44:11.506000,11681,11682,11681,2
2019-12-09,15:44:14.061000,11681,11682,11681,1
2019-12-09,15:44:19.361000,11681,11682,11681,2
2019-12-09,15:44:19.605000,11681,11682,11681,1
2019-12-09,15:44:19.716000,11681,11682,11682,1
2019-12-09,15:44:26.349000,11681,11682,11682,1
2019-12-09,15:44:27.061000,11681,11682,11682,2
2019-12-09,15:44:29.907000,11681,11682,11681,1
2019-12-09,15:44:35.094000,11681,11682,11681,1
2019-12-09,15:44:44.003000,11681,11682,11682,10
2019-12-09,15:44:44.101000,11681,11682,11682,8
2019-12-09,15:44:44.227000,11681,11682,11682,20
2019-12-09,15:44:44.227000,11681,11682,11682,4
2019-12-09,15:44:44.352000,11681,11682,11682,1
2019-12-09,15:44:44.352000,11681,11682,11682,2
2019-12-09,15:44:44.352000,11681,11682,11682,3
2019-12-09,15:44:44.352000,11681,11682,11682,1
2019-12-09,15:44:44.859000,11682,11683,11683,1
2019-12-09,15:44:45.057000,11682,11683,11683,1
2019-12-09,15:44:48.841000,11682,11683,11683,1
2019-12-09,15:44:49.620000,11682,11683,11683,3
2019-12-09,15:44:49.830000,11682,11683,11683,1
2019-12-09,15:44:54.848000,11682,11683,11683,1
2019-12-09,15:44:55.618000,11682,11683,11682,1
2019-12-09,15:44:56.899000,11682,11683,11683,1
2019-12-09,15:45:00.599000,11682,11683,11683,2
2019-12-09,15:45:00.892000,11682,11683,11683,5
2019-12-09,15:45:00.892000,11682,11683,11683,5
2019-12-09,15:45:02.618000,11682,11683,11683,1
2019-12-09,15:45:03.457000,11682,11683,11683,1
2019-12-09,15:45:05.555000,11682,11683,11683,10
2019-12-09,15:45:06.678000,11682,11683,11683,2
2019-12-09,15:45:07.210000,11682,11683,11683,1
2019-12-09,15:45:09.773000,11682,11683,11682,1
2019-12-09,15:45:15.429000,11682,11683,11683,1
2019-12-09,15:45:16.677000,11682,11683,11683,1
2019-12-09,15:45:17.739000,11682,11683,11683,1
2019-12-09,15:45:20.958000,11682,11683,11682,2
2019-12-09,15:45:21.058000,11682,11683,11683,1
2019-12-09,15:45:23.873000,11682,11683,11683,7
2019-12-09,15:45:25.432000,11682,11683,11682,1
2019-12-09,15:45:33.432000,11682,11683,11682,1
2019-12-09,15:45:45.583000,11682,11683,11682,1
2019-12-09,15:45:50.844000,11682,11683,11682,1
2019-12-09,15:45:55.994000,11682,11683,11682,1
2019-12-09,15:46:12.819000,11682,11683,11683,1
2019-12-09,15:46:13.115000,11682,11683,11682,1
2019-12-09,15:46:20.200000,11682,11683,11683,1
2019-12-09,15:46:21.094000,11682,11683,11683,1
2019-12-09,15:46:22.133000,11682,11683,11683,2
2019-12-09,15:46:25.652000,11682,11683,11683,1
2019-12-09,15:46:25.992000,11682,11683,11683,1
2019-12-09,15:46:26.634000,11682,11683,11682,1
2019-12-09,15:46:30.075000,11682,11683,11683,1
2019-12-09,15:46:30.137000,11682,11683,11683,3
2019-12-09,15:46:37.371000,11682,11683,11683,2
2019-12-09,15:46:39.528000,11682,11683,11683,1
2019-12-09,15:46:44.262000,11682,11683,11683,1
2019-12-09,15:46:44.924000,11682,11683,11683,1
2019-12-09,15:46:47.700000,11682,11683,11683,1
2019-12-09,15:46:50.495000,11682,11683,11683,1
2019-12-09,15:46:50.584000,11682,11683,11683,1
2019-12-09,15:46:50.886000,11683,11684,11683,2
2019-12-09,15:47:08.599000,11682,11683,11683,1
2019-12-09,15:47:08.918000,11682,11683,11682,20
2019-12-09,15:47:09.412000,11681,11683,11682,1
2019-12-09,15:47:15.358000,11682,11683,11682,1
2019-12-09,15:47:25.048000,11682,11683,11682,10
2019-12-09,15:47:26.153000,11682,11683,11682,1
2019-12-09,15:47:40.219000,11682,11683,11683,1
2019-12-09,15:47:58.355000,11682,11683,11682,2
2019-12-09,15:48:04.890000,11682,11683,11682,1
2019-12-09,15:48:08.408000,11682,11683,11683,1
2019-12-09,15:48:10.135000,11682,11683,11682,1
2019-12-09,15:48:17.662000,11682,11683,11683,1
2019-12-09,15:48:22.368000,11682,11683,11682,1
2019-12-09,15:48:23.198000,11682,11683,11683,1
2019-12-09,15:48:47.677000,11682,11683,11682,1
2019-12-09,15:48:47.941000,11682,11683,11682,1
2019-12-09,15:49:03.848000,11682,11683,11682,5
2019-12-09,15:49:03.851000,11682,11683,11682,5
2019-12-09,15:49:32.368000,11681,11682,11681,2
2019-12-09,15:50:11.452000,11681,11682,11682,2
2019-12-09,15:50:11.976000,11681,11682,11681,1
2019-12-09,15:50:20.210000,11681,11682,11681,5
2019-12-09,15:50:21.361000,11681,11682,11681,17
2019-12-09,15:50:32.588000,11680,11681,11680,1
2019-12-09,15:50:32.589000,11680,11681,11680,1
2019-12-09,15:50:34.666000,11680,11681,11680,1
2019-12-09,15:50:35.476000,11680,11681,11680,4
2019-12-09,15:50:35.601000,11680,11681,11680,15
2019-12-09,15:50:35.601000,11680,11681,11680,4
2019-12-09,15:50:35.602000,11680,11681,11680,4
2019-12-09,15:50:35.726000,11680,11681,11680,10
2019-12-09,15:50:37.189000,11679,11680,11679,1
2019-12-09,15:50:39.280000,11679,11680,11679,1
2019-12-09,15:50:40.274000,11679,11680,11679,1
2019-12-09,15:50:41.619000,11679,11680,11679,1
2019-12-09,15:51:33.925000,11678,11680,11678,1
2019-12-09,15:51:39.118000,11678,11680,11678,1
2019-12-09,15:51:44.298000,11678,11679,11678,1
2019-12-09,15:51:45.245000,11678,11679,11678,5
2019-12-09,15:52:22.739000,11678,11679,11678,1
2019-12-09,15:52:46.750000,11678,11679,11678,1
2019-12-09,15:52:52.254000,11678,11679,11678,1
2019-12-09,15:53:12.883000,11678,11679,11679,1
2019-12-09,15:53:33.110000,11678,11679,11679,1
2019-12-09,15:53:45.509000,11678,11679,11679,1
2019-12-09,15:54:04.107000,11678,11679,11679,1
2019-12-09,15:54:05.589000,11678,11679,11679,1
2019-12-09,15:54:17.365000,11678,11679,11679,1
2019-12-09,15:54:40.999000,11678,11679,11678,1
2019-12-09,15:54:51.387000,11678,11679,11679,1
2019-12-09,15:55:20.594000,11678,11679,11679,2
2019-12-09,15:55:44.198000,11678,11679,11678,1
2019-12-09,15:56:48.236000,11678,11679,11678,1
2019-12-09,15:56:53.124000,11678,11679,11678,2
2019-12-09,15:56:54.276000,11678,11679,11678,2
2019-12-09,15:57:05.898000,11678,11679,11678,1
2019-12-09,15:57:18.893000,11678,11679,11678,44
2019-12-09,15:57:18.894000,11678,11679,11678,2
2019-12-09,15:57:30.080000,11677,11678,11677,2
2019-12-09,15:57:30.466000,11677,11678,11677,2
2019-12-09,15:57:42.546000,11677,11678,11677,4
2019-12-09,15:57:45.710000,11677,11678,11677,1
2019-12-09,15:57:46.166000,11677,11678,11678,1
2019-12-09,15:57:52.324000,11677,11678,11677,1
2019-12-09,15:58:01.083000,11677,11678,11677,1
2019-12-09,15:58:02.424000,11677,11678,11677,1
2019-12-09,15:58:05.034000,11677,11678,11677,2
2019-12-09,15:58:06.741000,11677,11678,11677,1
2019-12-09,15:58:12.597000,11677,11678,11677,1
2019-12-09,15:58:13.224000,11677,11678,11677,5
2019-12-09,15:58:14.232000,11677,11678,11677,1
2019-12-09,15:58:16.464000,11677,11678,11677,1
2019-12-09,15:58:18.174000,11677,11678,11677,1
2019-12-09,15:58:25.884000,11677,11678,11677,1
2019-12-09,15:58:26.956000,11677,11678,11678,1
2019-12-09,15:58:27.101000,11677,11678,11678,4
2019-12-09,15:58:54.726000,11677,11678,11678,3
2019-12-09,15:58:55.483000,11678,11679,11679,1
2019-12-09,15:58:59.011000,11678,11679,11679,1
2019-12-09,15:59:03.738000,11678,11679,11679,1
2019-12-09,15:59:08.992000,11678,11679,11679,1
2019-12-09,15:59:10.789000,11678,11679,11679,1
2019-12-09,15:59:15.683000,11678,11679,11678,1
2019-12-09,15:59:30.803000,11678,11679,11678,1
2019-12-09,15:59:59.504000,11678,11679,11679,1
2019-12-09,16:00:01.819000,11678,11679,11679,10
2019-12-09,16:00:02.433000,11678,11679,11679,12
2019-12-09,16:00:02.587000,11678,11679,11678,5
2019-12-09,16:00:02.655000,11678,11679,11679,1
2019-12-09,16:00:02.658000,11678,11679,11679,2
2019-12-09,16:00:05.728000,11678,11679,11678,2
2019-12-09,16:00:06.455000,11677,11678,11678,1
2019-12-09,16:00:07.077000,11677,11678,11677,4
2019-12-09,16:00:07.077000,11677,11678,11677,1
2019-12-09,16:00:07.077000,11677,11678,11677,2
2019-12-09,16:00:07.077000,11677,11678,11677,1
2019-12-09,16:00:07.101000,11677,11678,11677,6
2019-12-09,16:00:07.101000,11677,11678,11677,4
2019-12-09,16:00:07.102000,11677,11678,11677,2
2019-12-09,16:00:07.284000,11676,11677,11676,5
2019-12-09,16:00:07.304000,11676,11677,11676,2
2019-12-09,16:00:07.605000,11676,11677,11676,1
2019-12-09,16:00:07.605000,11676,11677,11676,2
2019-12-09,16:00:08.093000,11676,11677,11676,2
2019-12-09,16:00:13.424000,11676,11677,11677,2
2019-12-09,16:00:18.943000,11677,11678,11677,1
2019-12-09,16:00:38.950000,11677,11678,11677,1
2019-12-09,16:00:55.312000,11677,11678,11677,1
2019-12-09,16:01:15.167000,11677,11678,11677,4
2019-12-09,16:01:15.405000,11677,11678,11677,4
2019-12-09,16:01:18.541000,11676,11677,11676,2
2019-12-09,16:01:20.197000,11676,11677,11676,1
2019-12-09,16:01:20.433000,11676,11677,11676,1
2019-12-09,16:01:21.422000,11676,11677,11676,1
2019-12-09,16:01:23.901000,11676,11677,11676,2
2019-12-09,16:01:29.722000,11676,11677,11676,1
2019-12-09,16:01:30.149000,11676,11677,11676,1
2019-12-09,16:01:31.887000,11676,11677,11676,1
2019-12-09,16:01:33.089000,11676,11677,11676,1
2019-12-09,16:01:43.535000,11676,11677,11676,1
2019-12-09,16:01:46.943000,11676,11677,11677,2
2019-12-09,16:01:46.943000,11676,11677,11677,4
2019-12-09,16:01:46.943000,11676,11677,11677,1
2019-12-09,16:01:53.526000,11677,11678,11678,1
2019-12-09,16:01:56.228000,11677,11678,11677,1
2019-12-09,16:01:56.381000,11677,11678,11677,1
2019-12-09,16:01:57.819000,11677,11678,11677,1
2019-12-09,16:01:58.841000,11677,11678,11677,18
2019-12-09,16:02:00.338000,11676,11677,11676,1
2019-12-09,16:02:22.682000,11676,11677,11676,1
2019-12-09,16:02:37.709000,11676,11677,11676,1
2019-12-09,16:02:42.773000,11676,11677,11676,1
2019-12-09,16:03:04.662000,11676,11677,11676,2
2019-12-09,16:03:21.191000,11676,11677,11677,2
2019-12-09,16:03:21.192000,11676,11677,11677,11
2019-12-09,16:03:21.192000,11676,11677,11677,1
2019-12-09,16:03:21.192000,11676,11677,11677,7
2019-12-09,16:03:21.572000,11677,11678,11677,1
2019-12-09,16:03:22.167000,11677,11678,11678,2
2019-12-09,16:03:22.226000,11677,11678,11678,10
2019-12-09,16:03:32.147000,11677,11679,11677,3
2019-12-09,16:03:48.228000,11678,11679,11678,2
2019-12-09,16:03:59.958000,11677,11678,11678,1
2019-12-09,16:04:02.303000,11677,11678,11678,1
2019-12-09,16:04:13.832000,11678,11679,11678,2
2019-12-09,16:04:16.080000,11678,11679,11678,1
2019-12-09,16:04:19.196000,11678,11679,11679,1
2019-12-09,16:04:32.299000,11678,11679,11679,3
2019-12-09,16:04:35.006000,11678,11679,11679,5
2019-12-09,16:05:00.569000,11678,11679,11679,1
2019-12-09,16:05:32.247000,11678,11679,11678,1
2019-12-09,16:05:32.352000,11678,11679,11678,7
2019-12-09,16:05:35.126000,11677,11678,11677,12
2019-12-09,16:05:35.469000,11676,11678,11678,1
2019-12-09,16:05:46.708000,11676,11677,11677,1
2019-12-09,16:05:58.461000,11676,11677,11676,1
2019-12-09,16:06:08.392000,11676,11677,11677,1
2019-12-09,16:06:11.952000,11676,11677,11676,26
2019-12-09,16:06:13.580000,11675,11676,11675,2
2019-12-09,16:06:13.638000,11675,11676,11675,1
2019-12-09,16:06:14.142000,11675,11676,11675,1
2019-12-09,16:06:14.369000,11675,11676,11675,2
2019-12-09,16:06:15.221000,11675,11676,11675,1
2019-12-09,16:06:18.892000,11674,11675,11674,3
2019-12-09,16:06:19.293000,11674,11675,11674,1
2019-12-09,16:06:19.896000,11674,11675,11674,1
2019-12-09,16:06:24.217000,11674,11675,11675,2
2019-12-09,16:06:25.562000,11675,11676,11675,1
2019-12-09,16:06:25.657000,11675,11676,11675,2
2019-12-09,16:06:40.010000,11674,11675,11675,1
2019-12-09,16:06:45.726000,11674,11675,11675,9
2019-12-09,16:06:45.836000,11674,11675,11675,1
2019-12-09,16:06:53.598000,11675,11676,11675,1
2019-12-09,16:06:59.034000,11675,11676,11675,1
2019-12-09,16:07:02.244000,11675,11676,11675,1
2019-12-09,16:07:03.038000,11675,11676,11675,1
2019-12-09,16:07:05.037000,11674,11675,11674,1
2019-12-09,16:07:05.678000,11674,11675,11674,1
2019-12-09,16:07:07.475000,11674,11675,11675,1
2019-12-09,16:07:21.525000,11674,11675,11675,1
2019-12-09,16:07:21.609000,11675,11676,11675,1
2019-12-09,16:07:28.227000,11675,11676,11675,1
2019-12-09,16:07:28.628000,11675,11676,11675,1
2019-12-09,16:07:30.372000,11675,11676,11675,1
2019-12-09,16:07:33.103000,11675,11676,11675,1
2019-12-09,16:07:35.700000,11675,11676,11676,6
2019-12-09,16:07:36.289000,11676,11677,11676,5
2019-12-09,16:07:52.722000,11676,11677,11676,9
2019-12-09,16:07:54.364000,11675,11676,11676,2
2019-12-09,16:08:02.272000,11675,11676,11676,14
2019-12-09,16:08:02.412000,11676,11677,11676,6
2019-12-09,16:08:08.380000,11675,11676,11676,5
2019-12-09,16:08:29.233000,11676,11677,11676,2
2019-12-09,16:08:32.285000,11676,11677,11676,10
2019-12-09,16:08:39.536000,11676,11677,11676,1
2019-12-09,16:08:48.063000,11676,11677,11676,1
2019-12-09,16:09:00.855000,11676,11677,11676,1
2019-12-09,16:09:04.520000,11676,11677,11676,1
2019-12-09,16:09:09.372000,11676,11677,11676,1
2019-12-09,16:09:09.376000,11676,11677,11676,1
2019-12-09,16:09:24.399000,11675,11676,11676,6
2019-12-09,16:09:24.920000,11676,11677,11676,1
2019-12-09,16:09:27.513000,11676,11677,11676,1
2019-12-09,16:09:55.412000,11676,11677,11676,2
2019-12-09,16:10:01.261000,11676,11677,11676,1
2019-12-09,16:10:01.479000,11676,11677,11676,1
2019-12-09,16:10:13.902000,11676,11677,11677,6
2019-12-09,16:10:13.902000,11676,11677,11677,8
2019-12-09,16:10:13.902000,11676,11677,11677,1
2019-12-09,16:10:13.976000,11676,11677,11677,1
2019-12-09,16:11:04.554000,11676,11677,11677,1
2019-12-09,16:11:12.613000,11676,11677,11676,2
2019-12-09,16:11:13.786000,11676,11677,11676,1
2019-12-09,16:11:16.880000,11676,11677,11676,2
2019-12-09,16:11:22.523000,11676,11677,11677,5
2019-12-09,16:11:26.405000,11676,11677,11676,1
2019-12-09,16:11:39.101000,11676,11677,11676,4
2019-12-09,16:11:51.762000,11676,11677,11676,1
2019-12-09,16:12:58.692000,11676,11677,11677,2
2019-12-09,16:13:02.585000,11676,11677,11676,2
2019-12-09,16:13:35.424000,11676,11677,11676,1
2019-12-09,16:13:48.601000,11676,11677,11676,1
2019-12-09,16:13:48.617000,11676,11677,11676,1
2019-12-09,16:13:48.726000,11676,11677,11676,7
2019-12-09,16:14:00.206000,11675,11676,11676,1
2019-12-09,16:14:02.297000,11675,11676,11676,19
2019-12-09,16:14:02.548000,11676,11677,11676,1
2019-12-09,16:14:07.304000,11675,11676,11675,7
2019-12-09,16:14:10.645000,11675,11676,11676,18
2019-12-09,16:14:16.075000,11676,11677,11676,2
2019-12-09,16:14:23.759000,11675,11676,11676,1
2019-12-09,16:14:30.931000,11675,11676,11676,2
2019-12-09,16:14:33.599000,11676,11677,11676,1
2019-12-09,16:14:38.331000,11676,11677,11676,7
2019-12-09,16:14:47.600000,11676,11677,11676,5
2019-12-09,16:14:50.467000,11676,11677,11676,5
2019-12-09,16:14:56.929000,11675,11676,11676,4
2019-12-09,16:14:56.930000,11675,11676,11676,4
2019-12-09,16:14:56.932000,11675,11676,11676,4
2019-12-09,16:14:56.935000,11675,11676,11676,1
2019-12-09,16:14:58.691000,11676,11677,11676,2
2019-12-09,16:15:01.240000,11676,11677,11676,1
2019-12-09,16:15:02.199000,11676,11677,11676,3
2019-12-09,16:15:02.930000,11676,11677,11676,1
2019-12-09,16:15:06.015000,11676,11677,11676,1
2019-12-09,16:15:15.093000,11676,11677,11676,2
2019-12-09,16:16:01.904000,11676,11677,11676,1
2019-12-09,16:17:26.248000,11676,11677,11677,10
2019-12-09,16:17:33.595000,11677,11678,11678,4
2019-12-09,16:17:33.608000,11677,11679,11679,1
2019-12-09,16:17:33.612000,11677,11679,11679,1
2019-12-09,16:17:49.288000,11678,11679,11679,2
2019-12-09,16:18:03.759000,11678,11679,11679,1
2019-12-09,16:18:03.851000,11678,11679,11679,1
2019-12-09,16:18:03.851000,11678,11679,11679,1
2019-12-09,16:18:03.868000,11678,11679,11679,4
2019-12-09,16:18:03.883000,11678,11679,11679,2
2019-12-09,16:18:03.884000,11678,11679,11679,5
2019-12-09,16:18:04.006000,11679,11680,11680,1
2019-12-09,16:18:12.292000,11679,11680,11680,24
2019-12-09,16:18:12.292000,11679,11680,11681,76
2019-12-09,16:18:12.294000,11679,11680,11680,1
2019-12-09,16:18:12.294000,11679,11680,11680,1
2019-12-09,16:18:12.312000,11679,11680,11681,3
2019-12-09,16:18:12.352000,11680,11681,11681,2
2019-12-09,16:18:12.352000,11680,11681,11681,3
2019-12-09,16:18:12.449000,11680,11681,11681,2
2019-12-09,16:18:12.477000,11681,11682,11681,1
2019-12-09,16:18:12.602000,11681,11682,11681,2
2019-12-09,16:18:12.602000,11681,11682,11681,2
2019-12-09,16:18:19.952000,11680,11681,11681,1
2019-12-09,16:18:34.172000,11680,11681,11681,10
2019-12-09,16:18:36.018000,11680,11681,11681,1
2019-12-09,16:18:38.687000,11680,11681,11681,10
2019-12-09,16:18:46.590000,11680,11681,11681,2
2019-12-09,16:18:49.603000,11680,11681,11681,1
2019-12-09,16:18:49.728000,11681,11682,11681,6
2019-12-09,16:19:10.216000,11680,11681,11681,1
2019-12-09,16:19:20.685000,11680,11681,11681,1
2019-12-09,16:20:01.257000,11680,11681,11681,1
2019-12-09,16:20:01.560000,11680,11681,11681,1
2019-12-09,16:20:42.220000,11680,11681,11680,1
2019-12-09,16:20:47.326000,11680,11681,11680,1
2019-12-09,16:20:47.352000,11680,11681,11680,17
2019-12-09,16:20:47.864000,11679,11680,11679,2
2019-12-09,16:20:48.660000,11679,11680,11679,1
2019-12-09,16:20:52.402000,11679,11680,11679,1
2019-12-09,16:21:00.607000,11679,11680,11679,1
2019-12-09,16:21:18.210000,11679,11680,11679,2
2019-12-09,16:21:19.574000,11679,11680,11679,1
2019-12-09,16:22:47.970000,11678,11679,11679,1
2019-12-09,16:22:48.217000,11678,11679,11679,1
2019-12-09,16:23:07.542000,11678,11679,11678,1
2019-12-09,16:23:11.948000,11678,11679,11678,3
2019-12-09,16:23:45.109000,11677,11678,11677,1
2019-12-09,16:24:04.540000,11677,11678,11677,1
2019-12-09,16:24:14.052000,11677,11678,11677,3
2019-12-09,16:24:27.275000,11677,11678,11677,1
2019-12-09,16:25:29.101000,11677,11678,11678,2
2019-12-09,16:25:29.102000,11677,11678,11678,2
2019-12-09,16:25:29.102000,11677,11678,11678,2
2019-12-09,16:25:29.102000,11677,11678,11678,1
2019-12-09,16:25:29.102000,11677,11678,11678,1
2019-12-09,16:25:29.102000,11677,11678,11678,2
2019-12-09,16:25:29.102000,11677,11678,11678,1
2019-12-09,16:25:29.102000,11677,11678,11678,2
2019-12-09,16:25:29.256000,11678,11679,11679,1
2019-12-09,16:25:47.731000,11678,11679,11679,1
2019-12-09,16:25:52.476000,11678,11679,11678,2
2019-12-09,16:26:25.647000,11677,11678,11677,4
2019-12-09,16:27:41.267000,11677,11678,11677,1
2019-12-09,16:27:48.331000,11677,11678,11677,2
2019-12-09,16:28:07.599000,11677,11678,11677,1
2019-12-09,16:28:07.861000,11677,11678,11678,8
2019-12-09,16:28:57.949000,11677,11678,11678,3
2019-12-09,16:28:59.293000,11677,11678,11678,3
2019-12-09,16:29:08.147000,11677,11678,11678,1
2019-12-09,16:29:16.380000,11677,11678,11678,1
2019-12-09,16:29:36.977000,11677,11678,11678,1
2019-12-09,16:29:40.245000,11677,11678,11678,1
2019-12-09,16:29:42.085000,11677,11678,11678,1
2019-12-09,16:29:42.086000,11677,11678,11678,1
2019-12-09,16:29:42.087000,11677,11678,11678,3
2019-12-09,16:29:42.087000,11677,11678,11678,1
2019-12-09,16:29:42.101000,11677,11678,11678,5
2019-12-09,16:30:00.267000,11678,11679,11678,2
2019-12-09,16:30:29.237000,11678,11679,11678,6
2019-12-09,16:30:49.212000,11677,11678,11678,1
2019-12-09,16:31:02.266000,11677,11678,11678,2
2019-12-09,16:31:16.413000,11677,11678,11678,1
2019-12-09,16:31:43.316000,11677,11678,11678,1
2019-12-09,16:31:59.638000,11678,11679,11679,1
2019-12-09,16:32:05.456000,11678,11679,11679,1
2019-12-09,16:32:52.577000,11678,11679,11678,5
2019-12-09,16:33:39.665000,11678,11679,11679,3
2019-12-09,16:33:48.139000,11678,11679,11678,1
2019-12-09,16:34:11.100000,11678,11679,11678,6
2019-12-09,16:34:37.358000,11677,11678,11678,1
2019-12-09,16:34:47.636000,11677,11678,11677,1
2019-12-09,16:35:05.945000,11677,11678,11677,1
2019-12-09,16:35:15.384000,11677,11678,11678,1
2019-12-09,16:35:27.992000,11677,11678,11678,1
2019-12-09,16:36:01.347000,11677,11678,11677,2
2019-12-09,16:36:15.908000,11677,11678,11677,2
2019-12-09,16:36:29.712000,11677,11678,11678,1
2019-12-09,16:36:36.237000,11677,11678,11678,1
2019-12-09,16:36:37.823000,11677,11678,11678,2
2019-12-09,16:37:04.762000,11677,11678,11678,1
2019-12-09,16:37:12.253000,11677,11678,11678,1
2019-12-09,16:37:44.225000,11677,11678,11678,2
2019-12-09,16:38:19.837000,11677,11679,11677,1
2019-12-09,16:38:27.979000,11678,11679,11678,1
2019-12-09,16:38:37.730000,11677,11679,11677,1
2019-12-09,16:38:44.764000,11677,11679,11677,1
2019-12-09,16:38:53.671000,11677,11679,11677,1
2019-12-09,16:39:00.236000,11677,11679,11677,1
2019-12-09,16:40:01.271000,11677,11678,11677,1
2019-12-09,16:40:01.581000,11677,11678,11677,1
2019-12-09,16:40:07.703000,11677,11678,11677,1
2019-12-09,16:40:20.443000,11676,11677,11676,1
2019-12-09,16:40:32.768000,11676,11677,11676,1
2019-12-09,16:40:36.625000,11676,11677,11677,1
2019-12-09,16:40:59.950000,11676,11677,11676,1
2019-12-09,16:41:13.347000,11676,11677,11676,1
2019-12-09,16:41:14.106000,11676,11677,11677,1
2019-12-09,16:41:20.452000,11676,11677,11676,1
2019-12-09,16:41:31.773000,11676,11677,11676,1
2019-12-09,16:41:40.069000,11676,11677,11676,1
2019-12-09,16:41:42.039000,11676,11677,11676,7
2019-12-09,16:42:00.161000,11676,11677,11677,5
2019-12-09,16:42:03.309000,11676,11677,11676,1
2019-12-09,16:42:11.506000,11676,11677,11676,23
2019-12-09,16:42:11.601000,11676,11677,11676,1
2019-12-09,16:42:30.125000,11675,11676,11675,5
2019-12-09,16:42:30.714000,11675,11676,11675,4
2019-12-09,16:42:30.714000,11675,11676,11674,3
2019-12-09,16:42:31.251000,11674,11675,11674,1
2019-12-09,16:42:35.102000,11674,11675,11674,4
2019-12-09,16:42:38.188000,11674,11675,11674,1
2019-12-09,16:42:38.559000,11674,11675,11674,1
2019-12-09,16:42:39.602000,11674,11675,11674,1
2019-12-09,16:42:39.942000,11674,11675,11674,1
2019-12-09,16:42:40.329000,11674,11675,11674,1
2019-12-09,16:42:42.491000,11674,11675,11674,1
2019-12-09,16:42:54.029000,11674,11675,11674,1
2019-12-09,16:42:54.728000,11674,11675,11674,1
2019-12-09,16:42:55.439000,11674,11675,11674,1
2019-12-09,16:42:59.279000,11674,11675,11674,1
2019-12-09,16:43:03.991000,11674,11675,11674,1
2019-12-09,16:43:04.792000,11674,11675,11674,5
2019-12-09,16:43:06.036000,11674,11675,11674,1
2019-12-09,16:43:07.941000,11674,11675,11674,1
2019-12-09,16:43:08.633000,11674,11675,11674,2
2019-12-09,16:43:14.159000,11674,11675,11675,4
2019-12-09,16:43:19.329000,11674,11675,11674,1
2019-12-09,16:43:33.526000,11674,11675,11674,5
2019-12-09,16:43:39.275000,11674,11675,11674,1
2019-12-09,16:43:40.655000,11674,11675,11674,1
2019-12-09,16:44:02.356000,11674,11675,11674,1
2019-12-09,16:44:02.948000,11674,11675,11674,1
2019-12-09,16:44:20.967000,11674,11675,11675,1
2019-12-09,16:44:21.490000,11674,11675,11674,1
2019-12-09,16:44:24.865000,11674,11675,11675,1
2019-12-09,16:44:25.532000,11674,11675,11675,1
2019-12-09,16:44:48.489000,11674,11675,11675,3
2019-12-09,16:44:58.092000,11674,11675,11675,1
2019-12-09,16:45:01.523000,11674,11675,11675,1
2019-12-09,16:45:07.915000,11674,11675,11675,1
2019-12-09,16:45:07.915000,11674,11675,11676,3
2019-12-09,16:45:35.875000,11674,11675,11675,1
2019-12-09,16:45:44.110000,11675,11676,11676,3
2019-12-09,16:45:47.156000,11675,11676,11676,2
2019-12-09,16:46:17.306000,11676,11677,11676,1
2019-12-09,16:47:18.469000,11676,11677,11676,1
2019-12-09,16:47:20.165000,11676,11677,11676,1
2019-12-09,16:47:20.165000,11676,11677,11675,4
2019-12-09,16:47:33.071000,11675,11676,11675,1
2019-12-09,16:47:39.935000,11675,11676,11675,2
2019-12-09,16:48:11.024000,11675,11676,11676,1
2019-12-09,16:48:19.376000,11675,11676,11675,2
2019-12-09,16:48:23.850000,11675,11676,11675,1
2019-12-09,16:48:37.518000,11675,11676,11675,2
2019-12-09,16:48:38.225000,11675,11676,11676,2
2019-12-09,16:49:46.870000,11675,11676,11676,1
2019-12-09,16:50:15.405000,11675,11676,11676,1
2019-12-09,16:50:15.405000,11675,11676,11676,1
2019-12-09,16:50:15.709000,11676,11677,11676,2
2019-12-09,16:50:15.716000,11676,11677,11676,2
2019-12-09,16:50:15.719000,11676,11677,11676,2
2019-12-09,16:50:16.331000,11676,11677,11676,2
2019-12-09,16:50:17.231000,11676,11677,11676,1
2019-12-09,16:50:17.351000,11675,11676,11676,1
2019-12-09,16:50:17.829000,11676,11677,11676,1
2019-12-09,16:50:18.336000,11676,11677,11676,1
2019-12-09,16:50:20.111000,11676,11677,11677,1
2019-12-09,16:50:27.396000,11676,11677,11677,6
2019-12-09,16:50:27.641000,11676,11677,11677,2
2019-12-09,16:50:28.642000,11676,11677,11677,2
2019-12-09,16:50:28.852000,11676,11677,11677,2
2019-12-09,16:50:28.976000,11676,11677,11677,2
2019-12-09,16:50:30.602000,11676,11677,11677,2
2019-12-09,16:50:36.802000,11677,11678,11678,9
2019-12-09,16:51:27.116000,11678,11679,11678,2
2019-12-09,16:52:13.907000,11676,11677,11676,2
2019-12-09,16:52:13.908000,11676,11677,11676,2
2019-12-09,16:52:13.908000,11676,11677,11676,2
2019-12-09,16:54:02.138000,11675,11676,11675,4
2019-12-09,16:54:02.623000,11675,11676,11675,2
2019-12-09,16:54:02.720000,11675,11676,11675,2
2019-12-09,16:55:58.543000,11674,11675,11675,1
2019-12-09,16:56:14.763000,11674,11675,11675,1
2019-12-09,16:56:54.504000,11674,11675,11675,1
2019-12-09,16:57:52.915000,11674,11675,11675,2
2019-12-09,16:57:52.934000,11674,11675,11675,1
2019-12-09,16:57:52.976000,11674,11675,11675,5
2019-12-09,16:57:55.213000,11675,11676,11675,1
2019-12-09,16:59:09.554000,11674,11675,11675,1
2019-12-09,16:59:37.178000,11674,11675,11675,1
2019-12-09,16:59:54.938000,11674,11675,11675,2
2019-12-09,17:00:03.048000,11674,11675,11674,3
2019-12-09,17:00:03.844000,11674,11675,11674,1
2019-12-09,17:00:06.908000,11674,11675,11674,2
2019-12-09,17:00:26.903000,11674,11675,11675,1
2019-12-09,17:01:41.194000,11674,11675,11675,1
2019-12-09,17:02:10.788000,11674,11675,11674,1
2019-12-09,17:02:10.793000,11674,11675,11674,6
2019-12-09,17:02:10.793000,11674,11675,11674,6
2019-12-09,17:02:10.793000,11674,11675,11674,2
2019-12-09,17:02:10.852000,11674,11675,11674,1
2019-12-09,17:02:10.852000,11674,11675,11674,3
2019-12-09,17:02:10.852000,11674,11675,11674,4
2019-12-09,17:02:30.810000,11673,11674,11673,1
2019-12-09,17:02:30.903000,11673,11674,11673,1
2019-12-09,17:02:31.022000,11673,11674,11673,1
2019-12-09,17:02:31.058000,11673,11674,11673,5
2019-12-09,17:02:31.062000,11673,11674,11673,2
2019-12-09,17:02:33.917000,11673,11674,11673,3
2019-12-09,17:02:34.297000,11673,11674,11673,2
2019-12-09,17:02:34.532000,11673,11674,11673,1
2019-12-09,17:02:34.553000,11673,11674,11673,2
2019-12-09,17:02:35.895000,11673,11674,11673,2
2019-12-09,17:02:36.410000,11673,11674,11673,7
2019-12-09,17:02:39.918000,11672,11673,11673,1
2019-12-09,17:02:48.756000,11672,11673,11673,1
2019-12-09,17:02:56.401000,11672,11673,11672,1
2019-12-09,17:02:56.505000,11672,11673,11672,2
2019-12-09,17:02:56.757000,11672,11673,11672,1
2019-12-09,17:02:56.790000,11672,11673,11672,1
2019-12-09,17:02:56.891000,11672,11673,11672,1
2019-12-09,17:02:57.321000,11672,11673,11672,3
2019-12-09,17:03:01.120000,11672,11673,11673,8
2019-12-09,17:03:01.140000,11672,11673,11673,1
2019-12-09,17:03:01.357000,11673,11674,11673,1
2019-12-09,17:03:18.812000,11673,11674,11674,1
2019-12-09,17:03:35.638000,11673,11674,11674,1
2019-12-09,17:03:42.963000,11673,11674,11674,2
2019-12-09,17:03:48.245000,11673,11674,11674,1
2019-12-09,17:03:48.351000,11673,11674,11674,2
2019-12-09,17:04:15.832000,11673,11674,11674,1
2019-12-09,17:05:07.136000,11673,11674,11674,1
2019-12-09,17:05:07.499000,11673,11674,11673,2
2019-12-09,17:05:07.523000,11673,11674,11673,2
2019-12-09,17:06:18.230000,11673,11674,11674,2
2019-12-09,17:06:33.055000,11673,11674,11674,2
2019-12-09,17:06:38.201000,11673,11674,11674,1
2019-12-09,17:06:39.991000,11673,11674,11674,2
2019-12-09,17:07:19.394000,11673,11674,11673,2
2019-12-09,17:07:30.922000,11673,11674,11673,11
2019-12-09,17:07:49.138000,11672,11673,11673,1
2019-12-09,17:08:12.855000,11672,11673,11672,15
2019-12-09,17:08:23.093000,11671,11672,11671,3
2019-12-09,17:08:23.114000,11671,11672,11672,1
2019-12-09,17:08:23.249000,11671,11672,11671,2
2019-12-09,17:08:23.312000,11671,11672,11671,1
2019-12-09,17:08:23.356000,11671,11672,11671,1
2019-12-09,17:08:23.356000,11671,11672,11671,1
2019-12-09,17:08:23.425000,11671,11672,11671,1
2019-12-09,17:08:24.046000,11671,11672,11671,1
2019-12-09,17:08:30.092000,11671,11672,11671,4
2019-12-09,17:08:35.396000,11671,11672,11671,6
2019-12-09,17:08:36.424000,11671,11672,11671,2
2019-12-09,17:08:42.034000,11671,11672,11671,1
2019-12-09,17:08:43.925000,11671,11672,11671,3
2019-12-09,17:08:44.397000,11671,11672,11671,25
2019-12-09,17:08:45.300000,11671,11672,11671,2
2019-12-09,17:08:52.041000,11670,11671,11671,1
2019-12-09,17:08:52.302000,11670,11671,11671,1
2019-12-09,17:08:58.180000,11671,11672,11671,6
2019-12-09,17:08:58.515000,11671,11672,11671,1
2019-12-09,17:09:02.523000,11671,11672,11671,1
2019-12-09,17:09:03.516000,11671,11672,11671,2
2019-12-09,17:09:04.569000,11670,11671,11671,1
2019-12-09,17:09:14.406000,11670,11671,11671,1
2019-12-09,17:09:22.364000,11670,11671,11671,1
2019-12-09,17:09:30.489000,11670,11671,11670,1
2019-12-09,17:09:31.568000,11670,11671,11670,20
2019-12-09,17:09:49.544000,11670,11671,11670,1
2019-12-09,17:09:51.071000,11670,11671,11670,2
2019-12-09,17:09:52.822000,11670,11671,11670,19
2019-12-09,17:09:53.065000,11669,11670,11670,5
2019-12-09,17:09:57.717000,11669,11670,11669,2
2019-12-09,17:09:57.747000,11669,11670,11669,5
2019-12-09,17:09:57.777000,11669,11670,11669,1
2019-12-09,17:09:57.804000,11669,11670,11669,1
2019-12-09,17:09:57.824000,11669,11670,11669,1
2019-12-09,17:09:57.882000,11669,11670,11669,1
2019-12-09,17:09:58.121000,11669,11670,11669,1
2019-12-09,17:09:58.473000,11669,11670,11669,1
2019-12-09,17:10:01.120000,11669,11670,11669,1
2019-12-09,17:10:02.381000,11669,11670,11669,2
2019-12-09,17:10:04.031000,11669,11670,11669,1
2019-12-09,17:10:06.699000,11669,11670,11669,1
2019-12-09,17:10:07.467000,11669,11670,11669,1
2019-12-09,17:10:11.602000,11669,11670,11669,3
2019-12-09,17:10:14.918000,11668,11669,11669,1
2019-12-09,17:10:18.530000,11668,11669,11668,1
2019-12-09,17:10:18.548000,11668,11669,11668,1
2019-12-09,17:10:18.665000,11668,11669,11668,1
2019-12-09,17:10:18.709000,11668,11669,11668,1
2019-12-09,17:10:18.941000,11668,11669,11668,1
2019-12-09,17:10:19.032000,11668,11669,11668,1
2019-12-09,17:10:23.148000,11668,11669,11668,2
2019-12-09,17:10:24.550000,11668,11669,11668,1
2019-12-09,17:10:26.470000,11668,11669,11668,1
2019-12-09,17:10:34.205000,11668,11669,11668,7
2019-12-09,17:10:38.284000,11668,11669,11668,1
2019-12-09,17:10:47.758000,11668,11669,11669,2
2019-12-09,17:10:47.852000,11668,11669,11669,7
2019-12-09,17:10:49.543000,11669,11670,11669,5
2019-12-09,17:10:50.289000,11669,11670,11669,1
2019-12-09,17:11:07.174000,11669,11670,11669,1
2019-12-09,17:11:07.621000,11669,11670,11669,1
2019-12-09,17:11:10.524000,11669,11670,11669,1
2019-12-09,17:11:21.413000,11669,11670,11669,1
2019-12-09,17:11:21.436000,11669,11670,11669,1
2019-12-09,17:11:21.437000,11669,11670,11669,3
2019-12-09,17:11:23.903000,11668,11669,11669,2
2019-12-09,17:11:24.409000,11668,11669,11668,1
2019-12-09,17:11:25.217000,11668,11669,11668,2
2019-12-09,17:11:29.505000,11668,11669,11669,1
2019-12-09,17:11:49.622000,11668,11669,11668,13
2019-12-09,17:11:52.146000,11667,11668,11668,2
2019-12-09,17:11:57.602000,11667,11668,11667,26
2019-12-09,17:11:57.797000,11666,11668,11666,1
2019-12-09,17:11:57.902000,11666,11667,11666,1
2019-12-09,17:11:57.920000,11666,11667,11666,1
2019-12-09,17:11:57.922000,11666,11667,11666,1
2019-12-09,17:12:03.372000,11666,11667,11666,1
2019-12-09,17:12:03.519000,11666,11667,11667,1
2019-12-09,17:12:04.074000,11666,11667,11666,1
2019-12-09,17:12:04.409000,11666,11667,11666,1
2019-12-09,17:12:05.952000,11666,11667,11666,1
2019-12-09,17:12:07.710000,11666,11667,11666,1
2019-12-09,17:12:18.182000,11666,11667,11667,5
2019-12-09,17:12:18.404000,11667,11668,11667,1
2019-12-09,17:12:18.999000,11667,11668,11667,6
2019-12-09,17:12:21.532000,11667,11668,11667,1
2019-12-09,17:12:26.314000,11667,11668,11668,3
2019-12-09,17:12:26.476000,11667,11668,11668,1
2019-12-09,17:12:32.230000,11668,11669,11668,1
2019-12-09,17:12:36.486000,11668,11669,11668,1
2019-12-09,17:12:39.187000,11668,11669,11668,2
2019-12-09,17:12:53.623000,11668,11669,11668,7
2019-12-09,17:12:58.307000,11667,11668,11667,1
2019-12-09,17:13:03.684000,11667,11668,11667,1
2019-12-09,17:13:04.140000,11667,11668,11668,2
2019-12-09,17:13:13.988000,11668,11669,11668,1
2019-12-09,17:13:21.560000,11667,11668,11668,1
2019-12-09,17:13:29.665000,11667,11668,11667,1
2019-12-09,17:13:46.104000,11667,11668,11668,2
2019-12-09,17:14:06.655000,11667,11668,11667,2
2019-12-09,17:14:12.392000,11667,11668,11668,1
2019-12-09,17:14:20.367000,11667,11668,11667,1
2019-12-09,17:14:31.012000,11667,11668,11668,4
2019-12-09,17:14:33.058000,11667,11668,11667,5
2019-12-09,17:14:35.144000,11667,11668,11667,4
2019-12-09,17:14:42.686000,11667,11668,11667,1
2019-12-09,17:14:50.559000,11667,11668,11668,1
2019-12-09,17:14:51.504000,11667,11668,11667,2
2019-12-09,17:14:55.314000,11667,11668,11668,1
2019-12-09,17:14:56.690000,11667,11668,11668,5
2019-12-09,17:15:03.017000,11667,11668,11668,4
2019-12-09,17:15:03.343000,11667,11668,11667,12
2019-12-09,17:15:03.902000,11667,11668,11667,2
2019-12-09,17:15:09.409000,11667,11668,11668,4
2019-12-09,17:15:21.550000,11667,11668,11668,1
2019-12-09,17:15:22.831000,11667,11668,11667,3
2019-12-09,17:15:23.216000,11667,11668,11668,1
2019-12-09,17:15:27.296000,11667,11668,11668,1
2019-12-09,17:15:28.102000,11667,11668,11668,56
2019-12-09,17:15:28.378000,11668,11669,11669,3
2019-12-09,17:15:34.124000,11669,11670,11670,1
2019-12-09,17:15:34.651000,11669,11670,11670,1
2019-12-09,17:15:37.121000,11669,11670,11670,1
2019-12-09,17:15:37.322000,11669,11670,11670,1
2019-12-09,17:15:38.299000,11669,11670,11670,1
2019-12-09,17:15:39.375000,11670,11671,11671,1
2019-12-09,17:15:39.628000,11670,11671,11671,1
2019-12-09,17:15:39.983000,11670,11671,11671,2
2019-12-09,17:15:44.048000,11670,11671,11671,1
2019-12-09,17:15:44.985000,11670,11671,11671,1
2019-12-09,17:15:47.525000,11670,11671,11671,1
2019-12-09,17:15:50.861000,11670,11671,11671,1
2019-12-09,17:15:52.817000,11670,11671,11670,7
2019-12-09,17:15:53.226000,11669,11670,11669,1
2019-12-09,17:15:54.729000,11668,11670,11670,1
2019-12-09,17:15:55.121000,11668,11670,11670,1
2019-12-09,17:15:55.585000,11668,11670,11670,1
2019-12-09,17:15:55.697000,11668,11670,11670,1
2019-12-09,17:16:02.228000,11669,11670,11670,1
2019-12-09,17:16:04.657000,11669,11670,11670,2
2019-12-09,17:16:06.402000,11669,11670,11670,1
2019-12-09,17:16:07.181000,11669,11670,11669,1
2019-12-09,17:16:11.630000,11669,11670,11670,1
2019-12-09,17:16:16.482000,11669,11670,11670,1
2019-12-09,17:16:22.589000,11669,11670,11670,1
2019-12-09,17:16:29.111000,11669,11670,11670,1
2019-12-09,17:16:33.265000,11669,11670,11670,1
2019-12-09,17:16:38.901000,11669,11670,11669,8
2019-12-09,17:16:39.898000,11668,11669,11669,1
2019-12-09,17:16:40.628000,11668,11669,11669,1
2019-12-09,17:16:41.604000,11668,11669,11669,2
2019-12-09,17:16:43.356000,11668,11669,11669,1
2019-12-09,17:16:45.765000,11668,11669,11669,1
2019-12-09,17:16:45.825000,11668,11669,11669,1
2019-12-09,17:16:48.120000,11668,11669,11669,1
2019-12-09,17:17:02.216000,11668,11669,11668,1
2019-12-09,17:17:09.269000,11668,11669,11668,15
2019-12-09,17:17:28.726000,11667,11668,11668,4
2019-12-09,17:17:28.851000,11667,11668,11668,12
2019-12-09,17:17:29.174000,11668,11669,11669,1
2019-12-09,17:17:50.894000,11668,11669,11668,2
2019-12-09,17:18:06.969000,11667,11668,11668,1
2019-12-09,17:18:19.510000,11667,11668,11668,1
2019-12-09,17:18:24.772000,11667,11668,11668,1
2019-12-09,17:18:27.972000,11667,11668,11667,1
2019-12-09,17:18:40.954000,11667,11668,11667,1
2019-12-09,17:18:44.343000,11667,11668,11667,3
2019-12-09,17:18:45.380000,11667,11668,11668,1
2019-12-09,17:18:55.666000,11667,11668,11668,1
2019-12-09,17:18:56.005000,11667,11668,11668,1
2019-12-09,17:19:04.260000,11667,11668,11668,1
2019-12-09,17:19:07.770000,11667,11668,11668,1
2019-12-09,17:19:08.179000,11667,11668,11668,1
2019-12-09,17:19:11.492000,11667,11668,11667,1
2019-12-09,17:19:41.521000,11667,11668,11668,1
2019-12-09,17:19:42.267000,11667,11668,11668,2
2019-12-09,17:19:44.817000,11667,11668,11668,1
2019-12-09,17:19:59.892000,11667,11668,11668,1
2019-12-09,17:20:00.101000,11667,11668,11668,2
2019-12-09,17:20:02.784000,11668,11669,11668,1
2019-12-09,17:20:34.436000,11668,11669,11669,3
2019-12-09,17:20:34.796000,11668,11669,11669,13
2019-12-09,17:20:35.149000,11669,11670,11669,1
2019-12-09,17:20:44.389000,11669,11670,11670,1
2019-12-09,17:20:44.742000,11669,11670,11669,1
2019-12-09,17:20:59.204000,11669,11670,11669,4
2019-12-09,17:21:04.221000,11668,11669,11669,2
2019-12-09,17:21:04.402000,11668,11669,11668,1
2019-12-09,17:21:07.429000,11668,11669,11669,1
2019-12-09,17:21:16.643000,11668,11669,11669,1
2019-12-09,17:21:21.646000,11668,11669,11669,1
2019-12-09,17:21:22.962000,11668,11669,11669,1
2019-12-09,17:21:23.726000,11668,11669,11669,1
2019-12-09,17:21:32.773000,11668,11669,11669,1
2019-12-09,17:21:33.945000,11668,11669,11669,4
2019-12-09,17:21:38.337000,11668,11669,11669,1
2019-12-09,17:21:38.727000,11668,11669,11669,1
2019-12-09,17:21:39.842000,11668,11669,11669,1
2019-12-09,17:21:42.148000,11668,11669,11669,1
2019-12-09,17:21:44.482000,11669,11670,11670,1
2019-12-09,17:21:50.122000,11669,11670,11670,1
2019-12-09,17:22:01.625000,11669,11670,11670,1
2019-12-09,17:22:09.536000,11669,11670,11670,1
2019-12-09,17:22:09.765000,11669,11670,11670,2
2019-12-09,17:22:14.035000,11669,11670,11670,1
2019-12-09,17:22:14.616000,11669,11670,11670,1
2019-12-09,17:22:15.689000,11669,11671,11671,1
2019-12-09,17:22:15.762000,11669,11671,11671,2
2019-12-09,17:22:18.686000,11670,11671,11671,1
2019-12-09,17:22:22.884000,11670,11671,11670,3
2019-12-09,17:22:27.549000,11669,11671,11671,1
2019-12-09,17:22:32.215000,11669,11671,11671,2
2019-12-09,17:22:42.602000,11670,11671,11670,1
2019-12-09,17:22:45.203000,11670,11671,11670,1
2019-12-09,17:22:45.203000,11670,11671,11670,1
2019-12-09,17:22:46.725000,11669,11670,11670,1
2019-12-09,17:23:00.278000,11669,11670,11670,1
2019-12-09,17:23:02.609000,11670,11671,11670,1
2019-12-09,17:23:06.162000,11669,11670,11670,1
2019-12-09,17:23:17.958000,11670,11671,11670,2
2019-12-09,17:23:21.771000,11670,11671,11670,1
2019-12-09,17:24:02.280000,11670,11671,11670,3
2019-12-09,17:24:06.948000,11670,11671,11671,1
2019-12-09,17:24:17.857000,11670,11671,11671,1
2019-12-09,17:24:26.409000,11670,11671,11671,1
2019-12-09,17:24:30.287000,11670,11671,11671,1
2019-12-09,17:25:21.078000,11670,11671,11670,1
2019-12-09,17:25:53.091000,11670,11671,11670,1
2019-12-09,17:25:55.868000,11670,11671,11670,5
2019-12-09,17:27:06.860000,11670,11671,11670,5
2019-12-09,17:27:18.623000,11670,11671,11671,1
2019-12-09,17:27:18.728000,11670,11671,11671,14
2019-12-09,17:27:18.852000,11670,11671,11671,1
2019-12-09,17:27:19.821000,11671,11672,11671,1
2019-12-09,17:27:32.255000,11671,11672,11672,1
2019-12-09,17:27:32.373000,11671,11672,11672,1
2019-12-09,17:27:32.414000,11671,11672,11671,5
2019-12-09,17:27:32.520000,11671,11672,11672,1
2019-12-09,17:27:36.180000,11671,11672,11672,1
2019-12-09,17:27:37.824000,11671,11672,11672,1
2019-12-09,17:27:37.973000,11671,11672,11672,1
2019-12-09,17:27:40.800000,11671,11672,11672,1
2019-12-09,17:27:43.954000,11671,11672,11672,1
2019-12-09,17:27:44.071000,11671,11672,11672,1
2019-12-09,17:27:47.517000,11671,11672,11672,1
2019-12-09,17:27:49.375000,11671,11672,11672,1
2019-12-09,17:27:52.081000,11671,11672,11672,2
2019-12-09,17:27:53.639000,11671,11672,11672,7
2019-12-09,17:27:55.794000,11671,11672,11672,1
2019-12-09,17:28:08.004000,11671,11672,11672,2
2019-12-09,17:28:08.154000,11671,11672,11672,1
2019-12-09,17:28:08.292000,11671,11672,11672,1
2019-12-09,17:28:08.785000,11671,11672,11672,1
2019-12-09,17:28:10.446000,11671,11672,11672,1
2019-12-09,17:28:11.539000,11671,11672,11672,1
2019-12-09,17:28:12.201000,11671,11672,11672,1
2019-12-09,17:29:15.270000,11672,11673,11673,1
2019-12-09,17:29:15.444000,11672,11673,11673,1
2019-12-09,17:29:15.511000,11672,11673,11673,1
2019-12-09,17:29:24.357000,11672,11673,11672,3
2019-12-09,17:29:26.363000,11672,11673,11673,5
2019-12-09,17:29:26.459000,11672,11673,11673,8
2019-12-09,17:29:30.027000,11672,11673,11673,18
2019-12-09,17:29:30.028000,11672,11673,11673,1
2019-12-09,17:29:42.848000,11673,11674,11673,1
2019-12-09,17:29:54.321000,11672,11673,11673,5
2019-12-09,17:30:49.179000,11672,11673,11672,6
2019-12-09,17:30:49.448000,11671,11672,11672,1
2019-12-09,17:30:49.881000,11671,11672,11671,2
2019-12-09,17:30:50.139000,11670,11672,11671,1
2019-12-09,17:30:58.812000,11670,11671,11671,1
2019-12-09,17:31:00.067000,11670,11671,11671,1
2019-12-09,17:31:00.173000,11670,11671,11671,1
2019-12-09,17:31:00.439000,11670,11671,11671,1
2019-12-09,17:31:00.966000,11670,11671,11671,1
2019-12-09,17:31:03.450000,11670,11671,11671,1
2019-12-09,17:31:05.196000,11670,11671,11671,1
2019-12-09,17:31:10.002000,11670,11671,11671,1
2019-12-09,17:31:37.166000,11670,11671,11671,1
2019-12-09,17:31:53.083000,11670,11671,11670,1
2019-12-09,17:31:53.179000,11670,11671,11670,5
2019-12-09,17:32:05.916000,11670,11671,11670,1
2019-12-09,17:32:08.543000,11670,11671,11670,4
2019-12-09,17:32:09.741000,11670,11671,11670,2
2019-12-09,17:32:11.661000,11670,11671,11670,2
2019-12-09,17:32:14.905000,11670,11671,11670,4
2019-12-09,17:32:35.974000,11670,11671,11671,1
2019-12-09,17:32:36.039000,11670,11671,11671,8
2019-12-09,17:32:36.138000,11671,11672,11672,1
2019-12-09,17:32:36.200000,11671,11672,11672,1
2019-12-09,17:32:36.210000,11671,11672,11672,3
2019-12-09,17:32:50.653000,11671,11672,11672,5
2019-12-09,17:33:04.303000,11671,11672,11672,1
2019-12-09,17:33:04.303000,11671,11672,11673,1
2019-12-09,17:33:04.477000,11672,11673,11673,3
2019-12-09,17:33:04.479000,11672,11673,11673,3
2019-12-09,17:34:09.707000,11671,11672,11672,1
2019-12-09,17:35:01.387000,11671,11672,11672,1
2019-12-09,17:35:01.654000,11671,11672,11672,1
2019-12-09,17:35:10.218000,11671,11672,11672,1
2019-12-09,17:35:21.672000,11671,11672,11671,2
2019-12-09,17:35:40.817000,11670,11671,11671,2
2019-12-09,17:36:07.237000,11671,11672,11672,1
2019-12-09,17:36:13.050000,11671,11672,11671,1
2019-12-09,17:36:16.376000,11671,11672,11672,1
2019-12-09,17:37:22.443000,11671,11672,11672,1
2019-12-09,17:37:35.936000,11671,11672,11672,2
2019-12-09,17:39:01.597000,11671,11672,11672,9
2019-12-09,17:39:50.850000,11671,11672,11672,1
2019-12-09,17:40:40.118000,11671,11672,11671,1
2019-12-09,17:41:18.180000,11671,11672,11671,1
2019-12-09,17:41:46.914000,11671,11672,11671,2
2019-12-09,17:42:10.173000,11671,11672,11671,1
2019-12-09,17:42:49.456000,11671,11672,11671,1
2019-12-09,17:43:18.979000,11671,11672,11671,1
2019-12-09,17:43:46.139000,11671,11672,11671,1
2019-12-09,17:44:21.101000,11671,11672,11672,12
2019-12-09,17:44:21.411000,11671,11672,11672,1
2019-12-09,17:44:59.694000,11671,11672,11672,2
2019-12-09,17:44:59.937000,11671,11672,11672,1
2019-12-09,17:45:04.382000,11671,11672,11672,1
2019-12-09,17:45:07.925000,11671,11672,11672,1
2019-12-09,17:45:10.450000,11671,11672,11672,1
2019-12-09,17:45:20.588000,11671,11672,11672,2
2019-12-09,17:45:36.382000,11671,11672,11672,2
2019-12-09,17:45:41.483000,11671,11672,11672,1
2019-12-09,17:45:45.604000,11671,11672,11672,1
2019-12-09,17:45:47.726000,11671,11672,11672,2
2019-12-09,17:45:48.153000,11671,11672,11672,3
2019-12-09,17:45:48.153000,11671,11672,11672,1
2019-12-09,17:46:29.094000,11672,11673,11673,1
2019-12-09,17:46:30.328000,11672,11673,11672,1
2019-12-09,17:46:39.209000,11672,11673,11672,1
2019-12-09,17:47:12.666000,11672,11673,11672,1
2019-12-09,17:47:26.563000,11671,11672,11672,1
2019-12-09,17:48:06.163000,11671,11672,11672,4
2019-12-09,17:48:11.122000,11672,11673,11673,1
2019-12-09,17:48:42.999000,11672,11673,11672,5
2019-12-09,17:48:46.358000,11672,11673,11672,5
2019-12-09,17:48:57.138000,11672,11673,11672,5
2019-12-09,17:49:09.202000,11672,11673,11672,5
2019-12-09,17:49:12.347000,11671,11673,11671,1
2019-12-09,17:49:28.412000,11672,11673,11673,1
2019-12-09,17:51:21.423000,11672,11673,11672,5
2019-12-09,17:51:21.477000,11672,11673,11672,2
2019-12-09,17:51:34.540000,11671,11672,11672,1
2019-12-09,17:51:39.973000,11671,11672,11672,1
2019-12-09,17:51:46.572000,11671,11672,11672,2
2019-12-09,17:51:49.474000,11671,11672,11672,2
2019-12-09,17:52:01.647000,11671,11672,11672,5
2019-12-09,17:52:37.489000,11671,11672,11672,1
2019-12-09,17:52:39.650000,11671,11672,11671,1
2019-12-09,17:52:59.024000,11671,11672,11671,5
2019-12-09,17:52:59.817000,11671,11672,11671,5
2019-12-09,17:53:02.872000,11671,11672,11671,5
2019-12-09,17:53:03.599000,11671,11672,11671,5
2019-12-09,17:53:03.601000,11671,11672,11671,17
2019-12-09,17:53:03.726000,11671,11672,11671,8
2019-12-09,17:53:05.495000,11670,11671,11671,1
2019-12-09,17:53:58.580000,11670,11671,11670,1
2019-12-09,17:54:02.808000,11670,11671,11670,1
2019-12-09,17:54:04.106000,11670,11671,11670,12
2019-12-09,17:54:07.887000,11670,11671,11670,2
2019-12-09,17:54:07.977000,11670,11671,11670,3
2019-12-09,17:54:15.894000,11669,11670,11670,1
2019-12-09,17:54:35.004000,11670,11671,11670,1
2019-12-09,17:54:42.222000,11670,11671,11670,1
2019-12-09,17:54:54.542000,11669,11670,11670,1
2019-12-09,17:55:12.326000,11669,11670,11669,1
2019-12-09,17:55:12.408000,11669,11670,11669,2
2019-12-09,17:55:12.415000,11669,11670,11669,4
2019-12-09,17:55:12.696000,11669,11670,11669,4
2019-12-09,17:55:39.263000,11669,11670,11669,1
2019-12-09,17:55:54.982000,11669,11670,11670,1
2019-12-09,17:56:02.179000,11669,11670,11670,4
2019-12-09,17:56:41.924000,11669,11670,11670,1
2019-12-09,17:56:58.810000,11669,11670,11670,1
2019-12-09,17:57:01.950000,11669,11670,11670,4
2019-12-09,17:57:02.531000,11670,11671,11670,1
2019-12-09,17:57:02.973000,11669,11670,11669,15
2019-12-09,17:57:10.420000,11669,11670,11669,1
2019-12-09,17:57:13.439000,11669,11670,11669,1
2019-12-09,17:57:15.061000,11669,11670,11669,3
2019-12-09,17:57:15.102000,11669,11670,11669,1
2019-12-09,17:57:15.916000,11668,11669,11668,1
2019-12-09,17:57:15.923000,11668,11669,11668,1
2019-12-09,17:57:15.929000,11668,11669,11668,1
2019-12-09,17:57:15.935000,11668,11669,11668,1
2019-12-09,17:57:15.995000,11668,11669,11668,10
2019-12-09,17:57:16.079000,11668,11669,11668,1
2019-12-09,17:57:33.610000,11668,11669,11668,1
2019-12-09,17:57:38.435000,11668,11669,11668,1
2019-12-09,17:57:55.339000,11668,11669,11669,5
2019-12-09,17:57:56.932000,11668,11670,11668,1
2019-12-09,17:57:59.194000,11668,11669,11669,1
2019-12-09,17:58:04.606000,11668,11669,11669,1
2019-12-09,17:58:09.472000,11668,11669,11669,1
2019-12-09,17:58:15.467000,11669,11670,11669,1
2019-12-09,17:58:30.040000,11670,11671,11670,1
2019-12-09,17:58:35.557000,11670,11671,11671,1
2019-12-09,17:59:11.293000,11670,11671,11670,1
2019-12-09,17:59:31.004000,11670,11671,11670,2
2019-12-09,17:59:32.681000,11670,11671,11671,1
2019-12-09,17:59:53.082000,11670,11671,11671,1
2019-12-09,17:59:58.772000,11670,11671,11671,1
2019-12-09,18:00:00.773000,11670,11671,11670,1
2019-12-09,18:00:01.285000,11670,11671,11670,1
2019-12-09,18:00:01.503000,11670,11671,11670,1
2019-12-09,18:00:02.293000,11670,11671,11671,2
2019-12-09,18:00:02.345000,11670,11671,11670,2
2019-12-09,18:00:02.544000,11670,11671,11670,2
2019-12-09,18:00:02.732000,11670,11671,11671,2
2019-12-09,18:00:02.742000,11670,11671,11670,2
2019-12-09,18:00:02.791000,11670,11671,11671,1
2019-12-09,18:00:02.896000,11670,11671,11671,1
2019-12-09,18:00:02.908000,11670,11671,11671,1
2019-12-09,18:00:02.921000,11670,11671,11671,1
2019-12-09,18:00:02.951000,11670,11671,11671,1
2019-12-09,18:00:02.977000,11670,11671,11671,1
2019-12-09,18:00:02.983000,11670,11671,11671,1
2019-12-09,18:00:03.034000,11670,11671,11671,2
2019-12-09,18:00:03.061000,11670,11671,11671,1
2019-12-09,18:00:03.251000,11670,11671,11670,2
2019-12-09,18:00:03.452000,11670,11671,11670,2
2019-12-09,18:00:03.555000,11670,11671,11671,2
2019-12-09,18:00:05.459000,11670,11671,11670,4
2019-12-09,18:00:05.660000,11669,11671,11669,2
2019-12-09,18:00:05.861000,11669,11671,11669,20
2019-12-09,18:00:06.061000,11669,11670,11669,2
2019-12-09,18:00:06.261000,11669,11670,11669,1
2019-12-09,18:00:06.261000,11669,11670,11668,1
2019-12-09,18:00:06.349000,11669,11670,11668,4
2019-12-09,18:00:06.420000,11668,11670,11669,1
2019-12-09,18:00:06.476000,11668,11669,11669,1
2019-12-09,18:00:06.484000,11668,11669,11668,2
2019-12-09,18:00:06.484000,11668,11669,11668,2
2019-12-09,18:00:06.484000,11668,11669,11668,1
2019-12-09,18:00:06.502000,11668,11669,11668,2
2019-12-09,18:00:06.518000,11668,11669,11668,2
2019-12-09,18:00:06.536000,11668,11669,11668,4
2019-12-09,18:00:06.553000,11668,11669,11668,2
2019-12-09,18:00:06.968000,11668,11669,11668,1
2019-12-09,18:00:06.985000,11668,11669,11668,3
2019-12-09,18:00:07.428000,11668,11669,11668,1
2019-12-09,18:00:09.555000,11668,11669,11668,1
2019-12-09,18:00:10.491000,11668,11669,11668,2
2019-12-09,18:00:16.732000,11668,11669,11668,1
2019-12-09,18:00:24.770000,11668,11669,11668,1
2019-12-09,18:00:33.683000,11668,11669,11669,1
2019-12-09,18:00:33.726000,11668,11669,11669,1
2019-12-09,18:00:47.726000,11669,11670,11669,1
2019-12-09,18:01:17.163000,11669,11670,11669,2
2019-12-09,18:02:02.354000,11668,11669,11669,3
2019-12-09,18:03:06.286000,11669,11670,11670,1
2019-12-09,18:03:17.415000,11669,11670,11670,2
2019-12-09,18:03:19.473000,11670,11671,11670,1
2019-12-09,18:03:19.474000,11670,11671,11670,3
2019-12-09,18:03:19.474000,11670,11671,11670,1
2019-12-09,18:03:34.281000,11669,11670,11670,1
2019-12-09,18:03:47.512000,11669,11670,11670,1
2019-12-09,18:04:31.658000,11669,11670,11670,2
2019-12-09,18:04:31.726000,11669,11670,11670,1
2019-12-09,18:04:52.019000,11669,11670,11670,2
2019-12-09,18:06:12.489000,11669,11670,11669,5
2019-12-09,18:06:12.489000,11669,11670,11669,5
2019-12-09,18:06:12.547000,11669,11670,11669,2
2019-12-09,18:06:27.243000,11668,11670,11668,1
2019-12-09,18:06:27.807000,11669,11670,11669,3
2019-12-09,18:07:20.308000,11668,11669,11669,1
2019-12-09,18:07:46.928000,11668,11670,11670,1
2019-12-09,18:08:19.750000,11669,11670,11670,1
2019-12-09,18:08:37.619000,11669,11670,11669,1
2019-12-09,18:09:29.565000,11668,11669,11669,1
2019-12-09,18:09:30.290000,11668,11669,11669,1
2019-12-09,18:09:38.294000,11668,11669,11669,1
2019-12-09,18:09:51.353000,11669,11670,11669,2
2019-12-09,18:10:06.871000,11669,11670,11669,1
2019-12-09,18:10:36.199000,11669,11670,11669,1
2019-12-09,18:10:39.272000,11669,11670,11669,1
2019-12-09,18:11:18.476000,11669,11670,11669,1
2019-12-09,18:12:06.841000,11669,11670,11669,1
2019-12-09,18:12:07.980000,11669,11670,11669,2
2019-12-09,18:12:36.348000,11669,11670,11669,1
2019-12-09,18:13:10.121000,11669,11670,11669,3
2019-12-09,18:14:11.635000,11669,11670,11670,1
2019-12-09,18:14:18.722000,11669,11670,11669,1
2019-12-09,18:14:28.547000,11669,11670,11669,1
2019-12-09,18:14:30.888000,11669,11670,11670,2
2019-12-09,18:15:17.424000,11669,11670,11670,1
2019-12-09,18:15:43.652000,11669,11670,11669,1
2019-12-09,18:15:50.254000,11669,11670,11670,1
2019-12-09,18:15:53.601000,11669,11670,11670,1
2019-12-09,18:15:53.602000,11669,11670,11670,2
2019-12-09,18:15:53.602000,11669,11670,11670,3
2019-12-09,18:15:53.726000,11669,11670,11670,3
2019-12-09,18:15:55.830000,11670,11671,11670,2
2019-12-09,18:16:02.339000,11670,11671,11670,1
2019-12-09,18:16:52.398000,11670,11671,11670,2
2019-12-09,18:17:00.152000,11670,11671,11670,1
2019-12-09,18:17:06.262000,11670,11671,11670,1
2019-12-09,18:17:17.351000,11670,11671,11671,6
2019-12-09,18:17:17.476000,11670,11671,11671,14
2019-12-09,18:17:17.476000,11670,11671,11671,3
2019-12-09,18:17:17.476000,11670,11671,11671,4
2019-12-09,18:17:17.477000,11670,11671,11671,1
2019-12-09,18:17:17.477000,11670,11671,11671,3
2019-12-09,18:17:32.770000,11671,11672,11672,1
2019-12-09,18:17:35.759000,11671,11672,11672,1
2019-12-09,18:17:39.714000,11671,11672,11672,2
2019-12-09,18:17:41.350000,11671,11672,11672,10
2019-12-09,18:17:41.350000,11671,11672,11673,15
2019-12-09,18:17:42.242000,11672,11673,11672,1
2019-12-09,18:18:03.159000,11672,11673,11672,1
2019-12-09,18:18:17.428000,11672,11673,11673,18
2019-12-09,18:18:17.476000,11672,11673,11673,1
2019-12-09,18:18:17.477000,11672,11673,11673,3
2019-12-09,18:18:17.484000,11672,11673,11673,1
2019-12-09,18:18:17.488000,11672,11673,11673,1
2019-12-09,18:18:17.601000,11672,11673,11673,4
2019-12-09,18:18:17.603000,11672,11673,11673,84
2019-12-09,18:18:17.727000,11672,11674,11673,3
2019-12-09,18:18:17.727000,11672,11674,11673,2
2019-12-09,18:18:17.852000,11673,11674,11674,2
2019-12-09,18:18:17.852000,11673,11674,11674,4
2019-12-09,18:18:17.982000,11674,11675,11675,2
2019-12-09,18:18:17.982000,11674,11675,11675,2
2019-12-09,18:18:18.078000,11674,11675,11675,2
2019-12-09,18:18:18.159000,11674,11675,11675,4
2019-12-09,18:18:18.198000,11674,11675,11675,8
2019-12-09,18:18:18.241000,11674,11675,11675,1
2019-12-09,18:18:18.251000,11674,11675,11675,2
2019-12-09,18:18:25.727000,11674,11675,11675,1
2019-12-09,18:18:26.803000,11674,11675,11675,1
2019-12-09,18:18:27.586000,11674,11675,11675,1
2019-12-09,18:18:28.112000,11674,11675,11675,1
2019-12-09,18:18:28.483000,11674,11675,11675,1
2019-12-09,18:18:28.569000,11674,11675,11675,2
2019-12-09,18:18:28.750000,11674,11675,11675,1
2019-12-09,18:18:32.705000,11674,11675,11675,1
2019-12-09,18:18:33.401000,11674,11675,11674,1
2019-12-09,18:18:42.045000,11674,11675,11675,1
2019-12-09,18:18:43.511000,11674,11675,11675,2
2019-12-09,18:19:01.354000,11674,11675,11674,1
2019-12-09,18:19:02.089000,11674,11675,11674,13
2019-12-09,18:19:16.742000,11673,11674,11674,1
2019-12-09,18:19:30.997000,11673,11674,11674,1
2019-12-09,18:19:49.486000,11674,11675,11674,1
2019-12-09,18:19:54.826000,11674,11675,11675,1
2019-12-09,18:20:01.259000,11674,11675,11675,1
2019-12-09,18:20:01.676000,11674,11675,11675,1
2019-12-09,18:20:03.297000,11674,11675,11675,1
2019-12-09,18:20:04.910000,11674,11675,11675,5
2019-12-09,18:20:19.771000,11674,11675,11675,1
2019-12-09,18:20:26.001000,11674,11675,11675,1
2019-12-09,18:20:27.497000,11674,11675,11675,1
2019-12-09,18:20:31.044000,11674,11675,11675,1
2019-12-09,18:20:36.787000,11674,11675,11675,1
2019-12-09,18:20:41.244000,11674,11675,11675,1
2019-12-09,18:20:44.941000,11674,11675,11674,3
2019-12-09,18:20:45.689000,11673,11674,11674,1
2019-12-09,18:20:56.629000,11674,11675,11674,2
2019-12-09,18:21:07.214000,11673,11674,11674,1
2019-12-09,18:21:20.645000,11674,11675,11675,2
2019-12-09,18:21:28.106000,11674,11675,11675,1
2019-12-09,18:21:29.836000,11674,11675,11674,1
2019-12-09,18:21:29.836000,11674,11675,11673,6
2019-12-09,18:21:42.023000,11673,11674,11673,1
2019-12-09,18:22:05.895000,11673,11674,11674,3
2019-12-09,18:22:17.946000,11674,11675,11674,1
2019-12-09,18:22:23.082000,11674,11675,11675,3
2019-12-09,18:22:31.164000,11674,11675,11675,15
2019-12-09,18:22:55.104000,11675,11676,11676,1
2019-12-09,18:22:55.265000,11675,11676,11676,1
2019-12-09,18:22:55.404000,11675,11676,11676,1
2019-12-09,18:22:59.582000,11675,11676,11676,1
2019-12-09,18:23:01.335000,11675,11676,11676,1
2019-12-09,18:23:01.531000,11675,11676,11676,1
2019-12-09,18:23:16.906000,11675,11676,11675,2
2019-12-09,18:23:23.127000,11675,11676,11675,3
2019-12-09,18:23:29.763000,11674,11675,11675,3
2019-12-09,18:23:30.261000,11674,11675,11675,5
2019-12-09,18:23:51.846000,11674,11675,11675,1
2019-12-09,18:23:52.032000,11674,11675,11674,2
2019-12-09,18:24:33.012000,11674,11675,11674,1
2019-12-09,18:26:26.219000,11674,11675,11674,1
2019-12-09,18:26:27.091000,11674,11675,11675,1
2019-12-09,18:26:29.012000,11674,11675,11675,1
2019-12-09,18:26:29.644000,11674,11675,11675,1
2019-12-09,18:26:29.692000,11674,11675,11675,1
2019-12-09,18:26:31.586000,11674,11675,11675,1
2019-12-09,18:26:56.413000,11674,11675,11674,1
2019-12-09,18:27:02.374000,11674,11675,11675,5
2019-12-09,18:27:06.137000,11674,11675,11675,1
2019-12-09,18:27:10.011000,11674,11675,11675,7
2019-12-09,18:27:31.408000,11675,11676,11675,1
2019-12-09,18:27:38.771000,11675,11676,11676,1
2019-12-09,18:27:44.491000,11675,11676,11676,5
2019-12-09,18:27:45.405000,11675,11676,11676,5
2019-12-09,18:27:53.760000,11675,11676,11675,1
2019-12-09,18:29:03.093000,11675,11676,11675,1
2019-12-09,18:29:28.462000,11675,11676,11675,4
2019-12-09,18:29:29.492000,11674,11675,11675,1
2019-12-09,18:29:30.222000,11674,11675,11675,1
2019-12-09,18:30:07.193000,11674,11675,11675,1
2019-12-09,18:30:09.402000,11674,11675,11675,1
2019-12-09,18:30:09.479000,11674,11675,11675,1
2019-12-09,18:30:17.013000,11674,11676,11676,1
2019-12-09,18:31:18.394000,11675,11676,11675,2
2019-12-09,18:31:25.188000,11675,11676,11675,3
2019-12-09,18:31:35.469000,11675,11676,11675,1
2019-12-09,18:31:36.015000,11675,11676,11675,3
2019-12-09,18:31:36.424000,11675,11676,11675,3
2019-12-09,18:32:03.869000,11674,11675,11675,2
2019-12-09,18:32:33.621000,11674,11675,11675,1
2019-12-09,18:34:04.876000,11674,11675,11675,1
2019-12-09,18:34:31.157000,11674,11675,11675,4
2019-12-09,18:34:59.608000,11674,11675,11674,1
2019-12-09,18:34:59.609000,11674,11675,11674,1
2019-12-09,18:34:59.726000,11674,11675,11674,2
2019-12-09,18:34:59.726000,11674,11675,11674,2
2019-12-09,18:34:59.851000,11674,11675,11674,10
2019-12-09,18:34:59.852000,11674,11675,11674,1
2019-12-09,18:34:59.852000,11674,11675,11674,2
2019-12-09,18:34:59.979000,11673,11674,11673,1
2019-12-09,18:35:00.176000,11673,11674,11673,1
2019-12-09,18:35:00.402000,11673,11674,11673,1
2019-12-09,18:35:23.892000,11673,11674,11673,12
2019-12-09,18:35:25.905000,11673,11674,11673,1
2019-12-09,18:35:33.502000,11672,11674,11673,1
2019-12-09,18:35:34.972000,11673,11674,11673,1
2019-12-09,18:35:39.310000,11672,11673,11673,1
2019-12-09,18:35:47.362000,11672,11673,11673,1
2019-12-09,18:36:06.714000,11673,11674,11673,1
2019-12-09,18:37:00.711000,11672,11673,11673,1
2019-12-09,18:37:48.743000,11672,11673,11672,1
2019-12-09,18:37:57.090000,11672,11673,11673,1
2019-12-09,18:38:01.152000,11672,11673,11673,1
2019-12-09,18:38:01.152000,11672,11673,11673,1
2019-12-09,18:38:01.153000,11672,11673,11673,1
2019-12-09,18:38:32.101000,11673,11674,11673,1
2019-12-09,18:39:47.226000,11673,11674,11673,4
2019-12-09,18:39:59.734000,11672,11673,11673,1
2019-12-09,18:41:13.436000,11672,11673,11673,1
2019-12-09,18:42:40.299000,11672,11673,11673,1
2019-12-09,18:42:50.432000,11673,11674,11673,1
2019-12-09,18:43:02.739000,11672,11673,11672,12
2019-12-09,18:43:03.152000,11671,11672,11671,3
2019-12-09,18:43:03.293000,11671,11672,11671,2
2019-12-09,18:43:12.366000,11671,11672,11671,1
2019-12-09,18:43:28.935000,11672,11673,11672,1
2019-12-09,18:43:39.641000,11672,11673,11672,1
2019-12-09,18:43:52.362000,11672,11673,11672,1
2019-12-09,18:43:56.838000,11672,11673,11673,1
2019-12-09,18:44:24.382000,11672,11673,11672,2
2019-12-09,18:44:24.811000,11672,11673,11672,4
2019-12-09,18:44:28.762000,11672,11673,11672,1
2019-12-09,18:44:29.114000,11672,11673,11672,2
2019-12-09,18:44:52.302000,11671,11672,11672,2
2019-12-09,18:44:55.093000,11671,11672,11672,1
2019-12-09,18:44:59.987000,11671,11672,11672,3
2019-12-09,18:45:04.355000,11671,11672,11672,1
2019-12-09,18:45:14.881000,11671,11672,11672,7
2019-12-09,18:45:27.487000,11672,11673,11673,1
2019-12-09,18:46:17.517000,11672,11673,11673,1
2019-12-09,18:47:01.359000,11673,11674,11674,5
2019-12-09,18:47:49.026000,11673,11674,11674,1
2019-12-09,18:47:52.904000,11673,11674,11673,1
2019-12-09,18:48:07.862000,11673,11674,11673,1
2019-12-09,18:48:31.901000,11673,11674,11674,3
2019-12-09,18:49:08.943000,11673,11674,11674,5
2019-12-09,18:49:19.657000,11673,11674,11674,1
2019-12-09,18:51:27.576000,11673,11674,11674,18
2019-12-09,18:52:01.839000,11673,11674,11674,1
2019-12-09,18:54:14.110000,11674,11675,11675,1
2019-12-09,18:54:20.474000,11674,11675,11675,2
2019-12-09,18:54:20.475000,11674,11675,11675,19
2019-12-09,18:54:20.475000,11674,11675,11675,3
2019-12-09,18:54:33.757000,11675,11676,11676,4
2019-12-09,18:55:27.585000,11675,11676,11675,2
2019-12-09,18:55:28.200000,11675,11676,11675,3
2019-12-09,18:55:28.454000,11675,11676,11675,2
2019-12-09,18:55:33.469000,11675,11676,11675,1
2019-12-09,18:55:34.395000,11675,11676,11675,5
2019-12-09,18:55:43.167000,11675,11676,11675,1
2019-12-09,18:55:45.469000,11675,11676,11675,1
2019-12-09,18:56:00.691000,11674,11675,11675,1
2019-12-09,18:56:37.537000,11674,11675,11675,1
2019-12-09,18:56:41.703000,11675,11676,11675,2
2019-12-09,18:56:53.887000,11675,11676,11676,1
2019-12-09,18:58:05.686000,11675,11676,11675,1
2019-12-09,18:58:18.802000,11675,11676,11675,1
2019-12-09,18:59:01.161000,11675,11676,11676,1
2019-12-09,18:59:15.164000,11675,11676,11676,4
2019-12-09,18:59:16.363000,11675,11676,11676,1
2019-12-09,18:59:34.328000,11675,11676,11676,19
2019-12-09,18:59:37.003000,11675,11676,11676,1
2019-12-09,18:59:39.283000,11675,11676,11676,1
2019-12-09,18:59:42.060000,11675,11676,11676,1
2019-12-09,18:59:54.473000,11675,11676,11676,5
2019-12-09,18:59:54.803000,11675,11676,11676,1
2019-12-09,18:59:56.615000,11675,11676,11676,1
2019-12-09,18:59:56.727000,11675,11676,11676,10
2019-12-09,18:59:57.678000,11676,11677,11676,1
2019-12-09,19:00:18.380000,11676,11677,11676,7
2019-12-09,19:00:37.215000,11676,11677,11676,1
2019-12-09,19:00:42.060000,11676,11677,11677,1
2019-12-09,19:00:42.520000,11676,11677,11677,1
2019-12-09,19:00:46.439000,11676,11677,11676,3
2019-12-09,19:00:46.561000,11675,11676,11676,1
2019-12-09,19:00:59.625000,11675,11676,11676,1
2019-12-09,19:01:10.497000,11675,11676,11676,1
2019-12-09,19:01:31.847000,11675,11676,11676,1
2019-12-09,19:01:47.255000,11676,11677,11676,10
2019-12-09,19:02:04.381000,11675,11676,11676,1
2019-12-09,19:04:00.812000,11675,11676,11676,1
2019-12-09,19:04:10.282000,11675,11676,11676,1
2019-12-09,19:04:56.922000,11675,11676,11675,1
2019-12-09,19:05:14.532000,11675,11676,11676,5
2019-12-09,19:05:14.974000,11675,11676,11675,1
2019-12-09,19:05:14.980000,11675,11676,11675,1
2019-12-09,19:05:15.245000,11675,11676,11676,1
2019-12-09,19:05:31.162000,11675,11676,11675,7
2019-12-09,19:06:28.737000,11674,11675,11675,1
2019-12-09,19:07:01.034000,11674,11675,11674,1
2019-12-09,19:07:01.276000,11674,11675,11675,3
2019-12-09,19:07:01.537000,11674,11675,11674,1
2019-12-09,19:07:01.650000,11674,11675,11674,1
2019-12-09,19:07:01.704000,11674,11675,11674,1
2019-12-09,19:07:01.880000,11674,11675,11674,1
2019-12-09,19:07:02.070000,11674,11675,11674,1
2019-12-09,19:07:02.257000,11674,11675,11674,1
2019-12-09,19:07:02.443000,11674,11675,11674,1
2019-12-09,19:07:02.655000,11674,11675,11674,1
2019-12-09,19:07:02.850000,11674,11675,11674,1
2019-12-09,19:07:03.066000,11674,11675,11674,1
2019-12-09,19:07:03.287000,11674,11675,11674,1
2019-12-09,19:07:21.421000,11674,11675,11674,3
2019-12-09,19:07:38.054000,11673,11674,11674,1
2019-12-09,19:07:44.226000,11673,11674,11674,1
2019-12-09,19:08:00.388000,11674,11675,11674,1
2019-12-09,19:08:37.549000,11673,11674,11674,1
2019-12-09,19:09:02.272000,11673,11674,11674,1
2019-12-09,19:09:12.744000,11673,11674,11674,3
2019-12-09,19:09:57.197000,11673,11674,11674,1
2019-12-09,19:10:19.840000,11674,11675,11675,1
2019-12-09,19:11:18.728000,11674,11675,11675,1
2019-12-09,19:12:12.158000,11674,11675,11674,1
2019-12-09,19:12:22.171000,11674,11675,11675,1
2019-12-09,19:14:20.141000,11674,11675,11674,1
2019-12-09,19:14:38.999000,11674,11675,11674,1
2019-12-09,19:14:39.002000,11674,11675,11674,1
2019-12-09,19:14:39.006000,11674,11675,11674,2
2019-12-09,19:14:39.006000,11674,11675,11674,1
2019-12-09,19:15:16.130000,11673,11674,11674,1
2019-12-09,19:15:53.226000,11673,11674,11673,1
2019-12-09,19:15:54.984000,11673,11674,11673,22
2019-12-09,19:15:54.984000,11673,11674,11672,3
2019-12-09,19:16:57.685000,11672,11673,11673,2
2019-12-09,19:17:27.885000,11672,11673,11672,1
2019-12-09,19:17:43.851000,11673,11674,11673,1
2019-12-09,19:17:55.246000,11672,11673,11672,1
2019-12-09,19:19:08.226000,11672,11673,11673,3
2019-12-09,19:19:08.409000,11672,11674,11673,1
2019-12-09,19:19:08.728000,11673,11674,11673,2
2019-12-09,19:19:08.897000,11673,11674,11673,2
2019-12-09,19:19:19.113000,11672,11673,11673,1
2019-12-09,19:20:01.313000,11673,11674,11673,1
2019-12-09,19:20:01.514000,11673,11674,11673,1
2019-12-09,19:20:12.522000,11673,11674,11673,3
2019-12-09,19:20:14.625000,11672,11673,11673,2
2019-12-09,19:20:14.625000,11672,11673,11673,1
2019-12-09,19:20:17.321000,11673,11674,11674,1
2019-12-09,19:21:11.729000,11673,11674,11673,2
2019-12-09,19:21:26.679000,11673,11674,11673,1
2019-12-09,19:21:31.054000,11673,11674,11673,1
2019-12-09,19:22:37.196000,11673,11674,11674,2
2019-12-09,19:22:37.227000,11673,11674,11674,2
2019-12-09,19:22:44.040000,11673,11674,11674,1
2019-12-09,19:22:45.607000,11673,11674,11674,1
2019-12-09,19:23:20.107000,11673,11674,11674,1
2019-12-09,19:23:20.125000,11673,11674,11674,2
2019-12-09,19:23:25.464000,11673,11674,11673,1
2019-12-09,19:23:51.559000,11673,11674,11674,1
2019-12-09,19:24:15.140000,11673,11674,11674,1
2019-12-09,19:24:15.226000,11673,11674,11674,2
2019-12-09,19:24:15.351000,11673,11674,11674,3
2019-12-09,19:24:15.493000,11673,11674,11673,1
2019-12-09,19:24:15.993000,11673,11674,11673,2
2019-12-09,19:24:16.060000,11673,11674,11673,2
2019-12-09,19:24:44.595000,11673,11674,11674,1
2019-12-09,19:24:47.278000,11673,11674,11673,1
2019-12-09,19:25:27.826000,11673,11674,11674,1
2019-12-09,19:25:42.266000,11673,11674,11674,7
2019-12-09,19:25:42.291000,11673,11674,11674,2
2019-12-09,19:25:42.316000,11673,11674,11674,2
2019-12-09,19:28:04.393000,11673,11674,11674,1
2019-12-09,19:28:07.978000,11674,11675,11675,1
2019-12-09,19:28:41.719000,11674,11675,11675,1
2019-12-09,19:29:11.505000,11674,11675,11675,1
2019-12-09,19:29:21.415000,11674,11675,11675,2
2019-12-09,19:29:53.596000,11674,11675,11674,2
2019-12-09,19:30:22.887000,11674,11675,11674,1
2019-12-09,19:30:57.069000,11674,11675,11674,6
2019-12-09,19:31:44.486000,11673,11674,11674,1
2019-12-09,19:31:44.610000,11673,11674,11673,1
2019-12-09,19:31:44.611000,11673,11674,11673,1
2019-12-09,19:31:44.613000,11673,11674,11673,1
2019-12-09,19:31:44.615000,11673,11674,11673,1
2019-12-09,19:31:44.616000,11673,11674,11673,1
2019-12-09,19:31:44.616000,11673,11674,11672,1
2019-12-09,19:31:44.618000,11673,11674,11672,1
2019-12-09,19:31:44.626000,11673,11674,11672,1
2019-12-09,19:31:44.626000,11673,11674,11672,1
2019-12-09,19:32:05.386000,11672,11673,11672,1
2019-12-09,19:32:10.875000,11672,11673,11673,1
2019-12-09,19:32:13.140000,11672,11673,11672,1
2019-12-09,19:32:13.567000,11672,11673,11673,1
2019-12-09,19:32:45.830000,11672,11673,11673,2
2019-12-09,19:33:29.970000,11672,11673,11673,3
2019-12-09,19:33:30.204000,11673,11674,11673,2
2019-12-09,19:34:33.984000,11673,11674,11673,1
2019-12-09,19:34:36.965000,11673,11674,11673,4
2019-12-09,19:35:23.810000,11672,11673,11673,3
2019-12-09,19:35:24.980000,11673,11674,11674,7
2019-12-09,19:35:34.352000,11674,11675,11674,6
2019-12-09,19:35:43.817000,11673,11674,11674,1
2019-12-09,19:35:56.771000,11673,11674,11674,2
2019-12-09,19:35:57.937000,11673,11675,11673,1
2019-12-09,19:36:01.358000,11673,11675,11675,3
2019-12-09,19:36:05.894000,11673,11675,11673,1
2019-12-09,19:36:38.689000,11673,11674,11673,4
2019-12-09,19:36:54.052000,11673,11674,11674,1
2019-12-09,19:37:00.057000,11673,11674,11674,1
2019-12-09,19:38:36.455000,11673,11674,11673,3
2019-12-09,19:38:36.476000,11673,11674,11673,1
2019-12-09,19:39:46.541000,11672,11673,11673,1
2019-12-09,19:39:55.736000,11672,11673,11673,2
2019-12-09,19:42:10.951000,11672,11673,11673,1
2019-12-09,19:42:16.523000,11672,11673,11673,1
2019-12-09,19:42:20.842000,11673,11674,11673,1
2019-12-09,19:42:44.209000,11673,11674,11673,1
2019-12-09,19:43:50.649000,11672,11673,11673,1
2019-12-09,19:44:37.661000,11673,11674,11674,4
2019-12-09,19:44:37.674000,11673,11674,11674,2
2019-12-09,19:44:37.674000,11673,11674,11674,1
2019-12-09,19:44:37.674000,11673,11674,11674,2
2019-12-09,19:44:37.675000,11673,11674,11674,3
2019-12-09,19:45:39.755000,11674,11675,11674,1
2019-12-09,19:45:39.755000,11674,11675,11674,2
2019-12-09,19:46:03.401000,11673,11674,11674,1
2019-12-09,19:46:41.551000,11673,11674,11673,12
2019-12-09,19:46:55.579000,11672,11673,11672,42
2019-12-09,19:46:55.579000,11672,11673,11671,8
2019-12-09,19:46:55.580000,11672,11673,11672,1
2019-12-09,19:46:55.934000,11671,11672,11672,1
2019-12-09,19:46:56.648000,11671,11672,11671,4
2019-12-09,19:46:56.979000,11671,11672,11671,2
2019-12-09,19:46:57.078000,11671,11672,11671,2
2019-12-09,19:46:57.983000,11671,11672,11672,1
2019-12-09,19:47:04.990000,11671,11672,11672,1
2019-12-09,19:47:22.302000,11671,11672,11672,4
2019-12-09,19:47:22.540000,11672,11673,11672,2
2019-12-09,19:48:13.164000,11672,11673,11673,2
2019-12-09,19:48:51.209000,11672,11673,11673,1
2019-12-09,19:49:29.072000,11672,11673,11672,1
2019-12-09,19:49:29.564000,11672,11673,11672,1
2019-12-09,19:49:30.042000,11672,11673,11672,1
2019-12-09,19:49:30.488000,11672,11673,11672,1
2019-12-09,19:49:31.209000,11671,11673,11671,1
2019-12-09,19:49:45.920000,11671,11672,11672,1
2019-12-09,19:50:47.306000,11672,11673,11672,1
2019-12-09,19:50:57.791000,11671,11672,11671,4
2019-12-09,19:51:18.861000,11671,11672,11672,1
2019-12-09,19:52:01.269000,11671,11672,11671,1
2019-12-09,19:52:01.483000,11671,11672,11671,1
2019-12-09,19:52:29.501000,11671,11672,11671,1
2019-12-09,19:52:30.921000,11671,11672,11671,1
2019-12-09,19:52:30.922000,11671,11672,11671,1
2019-12-09,19:52:35.803000,11671,11672,11671,3
2019-12-09,19:52:43.178000,11671,11672,11671,1
2019-12-09,19:52:43.448000,11671,11672,11671,5
2019-12-09,19:52:50.878000,11670,11671,11670,50
2019-12-09,19:52:50.977000,11670,11671,11670,2
2019-12-09,19:52:50.978000,11670,11671,11670,3
2019-12-09,19:52:51.010000,11670,11671,11669,2
2019-12-09,19:52:51.160000,11669,11670,11669,1
2019-12-09,19:52:51.225000,11669,11670,11669,2
2019-12-09,19:52:51.486000,11669,11670,11669,4
2019-12-09,19:52:52.193000,11669,11670,11669,1
2019-12-09,19:52:52.422000,11669,11670,11669,4
2019-12-09,19:52:52.614000,11669,11670,11669,2
2019-12-09,19:52:52.636000,11669,11670,11669,2
2019-12-09,19:53:42.243000,11669,11670,11669,1
2019-12-09,19:53:43.285000,11669,11670,11669,3
2019-12-09,19:53:43.351000,11669,11670,11669,13
2019-12-09,19:53:43.352000,11669,11670,11669,1
2019-12-09,19:53:43.352000,11669,11670,11669,4
2019-12-09,19:53:43.352000,11669,11670,11669,2
2019-12-09,19:53:43.352000,11669,11670,11669,1
2019-12-09,19:53:43.352000,11669,11670,11669,1
2019-12-09,19:53:43.352000,11669,11670,11669,1
2019-12-09,19:53:43.352000,11669,11670,11669,2
2019-12-09,19:53:43.377000,11669,11670,11669,2
2019-12-09,19:53:43.403000,11669,11670,11669,2
2019-12-09,19:53:43.428000,11669,11670,11669,2
2019-12-09,19:53:43.454000,11669,11670,11669,2
2019-12-09,19:53:56.441000,11668,11669,11669,1
2019-12-09,19:54:01.630000,11668,11669,11669,2
2019-12-09,19:54:08.872000,11668,11669,11669,1
2019-12-09,19:54:08.976000,11668,11669,11669,2
2019-12-09,19:54:43.863000,11668,11669,11669,1
2019-12-09,19:54:51.194000,11668,11669,11668,20
2019-12-09,19:54:51.263000,11668,11669,11668,1
2019-12-09,19:54:51.287000,11668,11669,11668,1
2019-12-09,19:54:51.502000,11668,11669,11668,1
2019-12-09,19:54:51.753000,11668,11669,11668,1
2019-12-09,19:54:51.764000,11668,11669,11668,1
2019-12-09,19:54:52.726000,11668,11669,11668,4
2019-12-09,19:54:54.662000,11668,11669,11668,4
