2022-12-05 15:00:00,14947,14947,14947,158,0
2022-12-05 15:00:00,14947,14947,14947,2,0
2022-12-05 15:00:00,14948,14948,14948,2,2
2022-12-05 15:00:00,14948,14948,14948,2,0
2022-12-05 15:00:00,14948,14948,14948,4,0
2022-12-05 15:00:00,14949,14949,14949,12,12
2022-12-05 15:00:00,14949,14949,14949,6,0
2022-12-05 15:00:00,14949,14949,14949,8,0
2022-12-05 15:00:00,14950,14950,14950,6,6
2022-12-05 15:00:00,14950,14950,14950,6,0
2022-12-05 15:00:00,14950,14950,14950,16,0
2022-12-05 15:00:00,14947,14947,14947,4,-4
2022-12-05 15:00:00,14948,14948,14948,2,2
2022-12-05 15:00:00,14947,14947,14947,2,-2
2022-12-05 15:00:00,14947,14947,14947,2,0
2022-12-05 15:00:00,14949,14949,14949,6,6
2022-12-05 15:00:00,14949,14949,14949,4,0
2022-12-05 15:00:01,14949,14949,14949,2,0
2022-12-05 15:00:01,14949,14949,14949,2,0
2022-12-05 15:00:01,14949,14949,14949,2,0
2022-12-05 15:00:01,14949,14949,14949,2,0
2022-12-05 15:00:01,14950,14950,14950,4,4
2022-12-05 15:00:01,14947,14947,14947,2,-2
2022-12-05 15:00:01,14947,14947,14947,2,0
2022-12-05 15:00:01,14947,14947,14947,2,0
2022-12-05 15:00:01,14947,14947,14947,2,0
2022-12-05 15:00:02,14948,14948,14948,4,4
2022-12-05 15:00:03,14947,14947,14947,2,-2
2022-12-05 15:00:03,14949,14949,14949,2,2
2022-12-05 15:00:04,14949,14949,14949,2,0
2022-12-05 15:00:06,14947,14947,14947,2,-2
2022-12-05 15:00:06,14947,14947,14947,2,0
2022-12-05 15:00:07,14948,14948,14948,2,2
2022-12-05 15:00:07,14947,14947,14947,2,-2
2022-12-05 15:00:07,14947,14947,14947,4,0
2022-12-05 15:00:08,14948,14948,14948,2,2
2022-12-05 15:00:09,14947,14947,14947,2,-2
2022-12-05 15:00:10,14948,14948,14948,22,22
2022-12-05 15:00:11,14948,14948,14948,6,0
2022-12-05 15:00:13,14946,14946,14946,2,-2
2022-12-05 15:00:13,14946,14946,14946,4,0
2022-12-05 15:00:13,14946,14946,14946,2,0
2022-12-05 15:00:13,14946,14946,14946,4,0
2022-12-05 15:00:13,14946,14946,14946,2,0
2022-12-05 15:00:13,14946,14946,14946,2,0
2022-12-05 15:00:13,14946,14946,14946,2,0
2022-12-05 15:00:13,14946,14946,14946,4,0
2022-12-05 15:00:13,14946,14946,14946,2,0
2022-12-05 15:00:14,14946,14946,14946,4,0
2022-12-05 15:00:15,14946,14946,14946,2,0
2022-12-05 15:00:16,14945,14945,14945,2,-2
2022-12-05 15:00:16,14945,14945,14945,2,0
2022-12-05 15:00:17,14945,14945,14945,2,0
2022-12-05 15:00:17,14946,14946,14946,4,4
2022-12-05 15:00:18,14945,14945,14945,2,-2
2022-12-05 15:00:19,14945,14945,14945,2,0
2022-12-05 15:00:19,14945,14945,14945,2,0
2022-12-05 15:00:19,14945,14945,14945,2,0
2022-12-05 15:00:19,14945,14945,14945,4,0
2022-12-05 15:00:19,14945,14945,14945,2,0
2022-12-05 15:00:19,14945,14945,14945,8,0
2022-12-05 15:00:19,14944,14944,14944,2,-2
2022-12-05 15:00:19,14945,14945,14945,2,2
2022-12-05 15:00:20,14945,14945,14945,6,0
2022-12-05 15:00:20,14945,14945,14945,6,0
2022-12-05 15:00:20,14945,14945,14945,2,0
2022-12-05 15:00:21,14945,14945,14945,2,0
2022-12-05 15:00:21,14945,14945,14945,2,0
2022-12-05 15:00:22,14945,14945,14945,2,0
2022-12-05 15:00:22,14945,14945,14945,2,0
2022-12-05 15:00:23,14946,14946,14946,8,8
2022-12-05 15:00:23,14947,14947,14947,2,2
2022-12-05 15:00:23,14948,14948,14948,2,2
2022-12-05 15:00:23,14948,14948,14948,2,0
2022-12-05 15:00:23,14948,14948,14948,4,0
2022-12-05 15:00:24,14947,14947,14947,4,-4
2022-12-05 15:00:24,14947,14947,14947,2,0
2022-12-05 15:00:24,14947,14947,14947,2,0
2022-12-05 15:00:24,14946,14946,14946,4,-4
2022-12-05 15:00:24,14946,14946,14946,4,0
2022-12-05 15:00:25,14949,14949,14949,2,2
2022-12-05 15:00:26,14947,14947,14947,4,-4
2022-12-05 15:00:27,14949,14949,14949,20,20
2022-12-05 15:00:27,14948,14948,14948,2,-2
2022-12-05 15:00:28,14950,14950,14950,26,26
2022-12-05 15:00:28,14951,14951,14951,2,2
2022-12-05 15:00:29,14951,14951,14951,2,0
2022-12-05 15:00:29,14951,14951,14951,2,0
2022-12-05 15:00:29,14950,14950,14950,2,-2
2022-12-05 15:00:29,14951,14951,14951,2,2
2022-12-05 15:00:29,14951,14951,14951,2,0
2022-12-05 15:00:29,14951,14951,14951,2,0
2022-12-05 15:00:30,14950,14950,14950,2,-2
2022-12-05 15:00:30,14951,14951,14951,8,8
2022-12-05 15:00:31,14950,14950,14950,2,-2
2022-12-05 15:00:31,14950,14950,14950,2,0
2022-12-05 15:00:31,14950,14950,14950,2,0
2022-12-05 15:00:31,14951,14951,14951,10,10
2022-12-05 15:00:32,14951,14951,14951,6,0
2022-12-05 15:00:33,14951,14951,14951,2,0
2022-12-05 15:00:34,14951,14951,14951,4,0
2022-12-05 15:00:34,14950,14950,14950,2,-2
2022-12-05 15:00:34,14950,14950,14950,2,0
2022-12-05 15:00:36,14951,14951,14951,2,2
2022-12-05 15:00:36,14950,14950,14950,2,-2
2022-12-05 15:00:37,14950,14950,14950,2,0
2022-12-05 15:00:40,14950,14950,14950,4,0
2022-12-05 15:00:41,14951,14951,14951,2,2
2022-12-05 15:00:43,14950,14950,14950,2,-2
2022-12-05 15:00:43,14951,14951,14951,2,2
2022-12-05 15:00:45,14950,14950,14950,4,-4
2022-12-05 15:00:45,14950,14950,14950,2,0
2022-12-05 15:00:45,14950,14950,14950,2,0
2022-12-05 15:00:45,14950,14950,14950,2,0
2022-12-05 15:00:47,14950,14950,14950,4,0
2022-12-05 15:00:48,14949,14949,14949,2,-2
2022-12-05 15:00:48,14949,14949,14949,4,0
2022-12-05 15:00:48,14949,14949,14949,2,0
2022-12-05 15:00:48,14949,14949,14949,2,0
2022-12-05 15:00:48,14949,14949,14949,20,0
2022-12-05 15:00:51,14948,14948,14948,2,-2
2022-12-05 15:00:52,14948,14948,14948,2,0
2022-12-05 15:00:52,14949,14949,14949,2,2
2022-12-05 15:00:55,14948,14948,14948,2,-2
2022-12-05 15:00:56,14948,14948,14948,2,0
2022-12-05 15:00:56,14949,14949,14949,4,4
2022-12-05 15:00:59,14948,14948,14948,2,-2
2022-12-05 15:01:00,14948,14948,14948,2,0
2022-12-05 15:01:00,14948,14948,14948,4,0
2022-12-05 15:01:00,14948,14948,14948,2,0
2022-12-05 15:01:00,14948,14948,14948,2,0
2022-12-05 15:01:00,14947,14947,14947,2,-2
2022-12-05 15:01:00,14947,14947,14947,4,0
2022-12-05 15:01:00,14947,14947,14947,4,0
2022-12-05 15:01:00,14947,14947,14947,2,0
2022-12-05 15:01:00,14947,14947,14947,2,0
2022-12-05 15:01:00,14947,14947,14947,2,0
2022-12-05 15:01:00,14947,14947,14947,2,0
2022-12-05 15:01:00,14947,14947,14947,2,0
2022-12-05 15:01:00,14947,14947,14947,2,0
2022-12-05 15:01:00,14946,14946,14946,4,-4
2022-12-05 15:01:00,14948,14948,14948,20,20
2022-12-05 15:01:00,14948,14948,14948,6,0
2022-12-05 15:01:00,14949,14949,14949,24,24
2022-12-05 15:01:00,14948,14948,14948,2,-2
2022-12-05 15:01:01,14948,14948,14948,4,0
2022-12-05 15:01:01,14947,14947,14947,2,-2
2022-12-05 15:01:01,14947,14947,14947,4,0
2022-12-05 15:01:06,14947,14947,14947,2,0
2022-12-05 15:01:08,14947,14947,14947,2,0
2022-12-05 15:01:08,14948,14948,14948,2,2
2022-12-05 15:01:09,14947,14947,14947,2,-2
2022-12-05 15:01:09,14947,14947,14947,4,0
2022-12-05 15:01:10,14947,14947,14947,4,0
2022-12-05 15:01:10,14947,14947,14947,2,0
2022-12-05 15:01:11,14947,14947,14947,2,0
2022-12-05 15:01:16,14947,14947,14947,4,0
2022-12-05 15:01:17,14947,14947,14947,2,0
2022-12-05 15:01:17,14946,14946,14946,2,-2
2022-12-05 15:01:17,14946,14946,14946,6,0
2022-12-05 15:01:17,14946,14946,14946,2,0
2022-12-05 15:01:17,14946,14946,14946,2,0
2022-12-05 15:01:17,14946,14946,14946,10,0
2022-12-05 15:01:17,14946,14946,14946,2,0
2022-12-05 15:01:17,14946,14946,14946,4,0
2022-12-05 15:01:17,14946,14946,14946,2,0
2022-12-05 15:01:17,14946,14946,14946,2,0
2022-12-05 15:01:17,14946,14946,14946,2,0
2022-12-05 15:01:17,14946,14946,14946,4,0
2022-12-05 15:01:18,14945,14945,14945,2,-2
2022-12-05 15:01:18,14945,14945,14945,2,0
2022-12-05 15:01:18,14945,14945,14945,2,0
2022-12-05 15:01:18,14945,14945,14945,2,0
2022-12-05 15:01:18,14945,14945,14945,2,0
2022-12-05 15:01:18,14946,14946,14946,2,2
2022-12-05 15:01:19,14946,14946,14946,2,0
2022-12-05 15:01:19,14946,14946,14946,18,0
2022-12-05 15:01:20,14947,14947,14947,8,8
2022-12-05 15:01:20,14947,14947,14947,8,0
2022-12-05 15:01:21,14947,14947,14947,2,0
2022-12-05 15:01:22,14947,14947,14947,4,0
2022-12-05 15:01:22,14947,14947,14947,2,0
2022-12-05 15:01:23,14947,14947,14947,2,0
2022-12-05 15:01:24,14947,14947,14947,2,0
2022-12-05 15:01:24,14947,14947,14947,2,0
2022-12-05 15:01:26,14946,14946,14946,4,-4
2022-12-05 15:01:26,14946,14946,14946,2,0
2022-12-05 15:01:26,14946,14946,14946,2,0
2022-12-05 15:01:27,14945,14945,14945,2,-2
2022-12-05 15:01:29,14945,14945,14945,2,0
2022-12-05 15:01:29,14945,14945,14945,2,0
2022-12-05 15:01:31,14945,14945,14945,2,0
2022-12-05 15:01:33,14945,14945,14945,2,0
2022-12-05 15:01:33,14945,14945,14945,2,0
2022-12-05 15:01:35,14945,14945,14945,2,0
2022-12-05 15:01:37,14945,14945,14945,2,0
2022-12-05 15:01:40,14945,14945,14945,4,0
2022-12-05 15:01:40,14945,14945,14945,2,0
2022-12-05 15:01:41,14945,14945,14945,2,0
2022-12-05 15:01:43,14945,14945,14945,4,0
2022-12-05 15:01:43,14945,14945,14945,2,0
2022-12-05 15:01:43,14945,14945,14945,4,0
2022-12-05 15:01:43,14944,14944,14944,2,-2
2022-12-05 15:01:44,14945,14945,14945,14,14
2022-12-05 15:01:46,14946,14946,14946,4,4
2022-12-05 15:01:47,14946,14946,14946,2,0
2022-12-05 15:01:47,14946,14946,14946,4,0
2022-12-05 15:01:47,14945,14945,14945,2,-2
2022-12-05 15:01:47,14946,14946,14946,2,2
2022-12-05 15:01:47,14946,14946,14946,2,0
2022-12-05 15:01:47,14946,14946,14946,2,0
2022-12-05 15:01:47,14946,14946,14946,2,0
2022-12-05 15:01:47,14946,14946,14946,2,0
2022-12-05 15:01:47,14946,14946,14946,2,0
2022-12-05 15:01:47,14946,14946,14946,2,0
2022-12-05 15:01:48,14946,14946,14946,2,0
2022-12-05 15:01:49,14947,14947,14947,2,2
2022-12-05 15:01:49,14947,14947,14947,2,0
2022-12-05 15:01:49,14947,14947,14947,2,0
2022-12-05 15:01:51,14948,14948,14948,2,2
2022-12-05 15:01:52,14948,14948,14948,26,0
2022-12-05 15:01:53,14947,14947,14947,2,-2
2022-12-05 15:01:56,14947,14947,14947,2,0
2022-12-05 15:01:56,14947,14947,14947,2,0
2022-12-05 15:01:56,14946,14946,14946,2,-2
2022-12-05 15:01:56,14946,14946,14946,2,0
2022-12-05 15:01:56,14946,14946,14946,2,0
2022-12-05 15:01:56,14946,14946,14946,2,0
2022-12-05 15:01:56,14946,14946,14946,4,0
2022-12-05 15:01:56,14946,14946,14946,2,0
2022-12-05 15:01:56,14945,14945,14945,4,-4
2022-12-05 15:01:56,14945,14945,14945,2,0
2022-12-05 15:01:56,14945,14945,14945,2,0
2022-12-05 15:01:57,14946,14946,14946,4,4
2022-12-05 15:02:00,14946,14946,14946,14,0
2022-12-05 15:02:00,14946,14946,14946,6,0
2022-12-05 15:02:00,14946,14946,14946,2,0
2022-12-05 15:02:00,14947,14947,14947,2,2
2022-12-05 15:02:04,14946,14946,14946,6,-6
2022-12-05 15:02:04,14946,14946,14946,2,0
2022-12-05 15:02:06,14946,14946,14946,2,0
2022-12-05 15:02:08,14947,14947,14947,2,2
2022-12-05 15:02:09,14946,14946,14946,2,-2
2022-12-05 15:02:09,14945,14945,14945,4,-4
2022-12-05 15:02:11,14947,14947,14947,2,2
2022-12-05 15:02:14,14945,14945,14945,4,-4
2022-12-05 15:02:14,14945,14945,14945,4,0
2022-12-05 15:02:14,14945,14945,14945,2,0
2022-12-05 15:02:14,14945,14945,14945,2,0
2022-12-05 15:02:15,14945,14945,14945,2,0
2022-12-05 15:02:21,14947,14947,14947,4,4
2022-12-05 15:02:26,14947,14947,14947,4,0
2022-12-05 15:02:28,14947,14947,14947,2,0
2022-12-05 15:02:35,14947,14947,14947,6,0
2022-12-05 15:02:36,14946,14946,14946,2,-2
2022-12-05 15:02:36,14946,14946,14946,8,0
2022-12-05 15:02:37,14947,14947,14947,2,2
2022-12-05 15:02:39,14946,14946,14946,2,-2
2022-12-05 15:02:40,14947,14947,14947,10,10
2022-12-05 15:02:42,14947,14947,14947,2,0
2022-12-05 15:02:45,14946,14946,14946,10,-10
2022-12-05 15:02:45,14947,14947,14947,2,2
2022-12-05 15:02:55,14946,14946,14946,2,-2
2022-12-05 15:02:55,14946,14946,14946,2,0
2022-12-05 15:02:55,14946,14946,14946,2,0
2022-12-05 15:02:55,14946,14946,14946,2,0
2022-12-05 15:02:55,14946,14946,14946,2,0
2022-12-05 15:02:56,14945,14945,14945,2,-2
2022-12-05 15:02:56,14945,14945,14945,4,0
2022-12-05 15:02:56,14945,14945,14945,2,0
2022-12-05 15:02:56,14945,14945,14945,8,0
2022-12-05 15:02:56,14944,14944,14944,8,-8
2022-12-05 15:02:56,14944,14944,14944,2,0
2022-12-05 15:02:56,14944,14944,14944,4,0
2022-12-05 15:02:56,14944,14944,14944,4,0
2022-12-05 15:02:56,14944,14944,14944,2,0
2022-12-05 15:02:56,14944,14944,14944,4,0
2022-12-05 15:02:56,14944,14944,14944,6,0
2022-12-05 15:02:56,14944,14944,14944,2,0
2022-12-05 15:02:56,14944,14944,14944,2,0
2022-12-05 15:03:00,14944,14944,14944,2,0
2022-12-05 15:03:00,14943,14943,14943,2,-2
2022-12-05 15:03:00,14943,14943,14943,2,0
2022-12-05 15:03:00,14943,14943,14943,8,0
2022-12-05 15:03:00,14943,14943,14943,2,0
2022-12-05 15:03:00,14942,14942,14942,2,-2
2022-12-05 15:03:00,14942,14942,14942,4,0
2022-12-05 15:03:00,14942,14942,14942,4,0
2022-12-05 15:03:00,14942,14942,14942,4,0
2022-12-05 15:03:00,14942,14942,14942,4,0
2022-12-05 15:03:00,14942,14942,14942,2,0
2022-12-05 15:03:00,14942,14942,14942,2,0
2022-12-05 15:03:00,14942,14942,14942,2,0
2022-12-05 15:03:00,14942,14942,14942,2,0
2022-12-05 15:03:00,14942,14942,14942,2,0
2022-12-05 15:03:00,14942,14942,14942,2,0
2022-12-05 15:03:00,14942,14942,14942,2,0
2022-12-05 15:03:01,14941,14941,14941,2,-2
2022-12-05 15:03:03,14942,14942,14942,2,2
2022-12-05 15:03:04,14942,14942,14942,2,0
2022-12-05 15:03:08,14941,14941,14941,2,-2
2022-12-05 15:03:08,14941,14941,14941,2,0
2022-12-05 15:03:08,14941,14941,14941,2,0
2022-12-05 15:03:08,14941,14941,14941,2,0
2022-12-05 15:03:09,14941,14941,14941,2,0
2022-12-05 15:03:10,14941,14941,14941,2,0
2022-12-05 15:03:11,14941,14941,14941,2,0
2022-12-05 15:03:15,14941,14941,14941,2,0
2022-12-05 15:03:16,14941,14941,14941,2,0
2022-12-05 15:03:17,14942,14942,14942,2,2
2022-12-05 15:03:18,14941,14941,14941,2,-2
2022-12-05 15:03:19,14941,14941,14941,2,0
2022-12-05 15:03:20,14941,14941,14941,8,0
2022-12-05 15:03:24,14941,14941,14941,2,0
2022-12-05 15:03:24,14941,14941,14941,2,0
2022-12-05 15:03:24,14941,14941,14941,4,0
2022-12-05 15:03:24,14941,14941,14941,2,0
2022-12-05 15:03:28,14941,14941,14941,2,0
2022-12-05 15:03:28,14941,14941,14941,2,0
2022-12-05 15:03:28,14941,14941,14941,6,0
2022-12-05 15:03:31,14941,14941,14941,2,0
2022-12-05 15:03:31,14941,14941,14941,2,0
2022-12-05 15:03:31,14941,14941,14941,2,0
2022-12-05 15:03:31,14941,14941,14941,2,0
2022-12-05 15:03:31,14941,14941,14941,2,0
2022-12-05 15:03:32,14940,14940,14940,2,-2
2022-12-05 15:03:33,14941,14941,14941,2,2
2022-12-05 15:03:38,14940,14940,14940,2,-2
2022-12-05 15:03:38,14940,14940,14940,2,0
2022-12-05 15:03:38,14940,14940,14940,2,0
2022-12-05 15:03:40,14941,14941,14941,2,2
2022-12-05 15:03:40,14941,14941,14941,2,0
2022-12-05 15:03:42,14941,14941,14941,2,0
2022-12-05 15:03:43,14942,14942,14942,12,12
2022-12-05 15:03:44,14942,14942,14942,2,0
2022-12-05 15:03:44,14942,14942,14942,4,0
2022-12-05 15:03:44,14942,14942,14942,2,0
2022-12-05 15:03:44,14942,14942,14942,2,0
2022-12-05 15:03:44,14942,14942,14942,2,0
2022-12-05 15:03:44,14942,14942,14942,2,0
2022-12-05 15:03:44,14941,14941,14941,2,-2
2022-12-05 15:03:44,14941,14941,14941,2,0
2022-12-05 15:03:44,14941,14941,14941,2,0
2022-12-05 15:03:44,14941,14941,14941,2,0
2022-12-05 15:03:44,14941,14941,14941,2,0
2022-12-05 15:03:44,14941,14941,14941,2,0
2022-12-05 15:03:45,14942,14942,14942,2,2
2022-12-05 15:03:51,14942,14942,14942,2,0
2022-12-05 15:03:51,14942,14942,14942,2,0
2022-12-05 15:03:51,14942,14942,14942,2,0
2022-12-05 15:03:51,14942,14942,14942,2,0
2022-12-05 15:03:51,14942,14942,14942,2,0
2022-12-05 15:03:59,14942,14942,14942,2,0
2022-12-05 15:03:59,14942,14942,14942,2,0
2022-12-05 15:03:59,14942,14942,14942,2,0
2022-12-05 15:03:59,14942,14942,14942,2,0
2022-12-05 15:03:59,14942,14942,14942,2,0
2022-12-05 15:04:08,14942,14942,14942,2,0
2022-12-05 15:04:09,14942,14942,14942,2,0
2022-12-05 15:04:16,14942,14942,14942,6,0
2022-12-05 15:04:18,14941,14941,14941,2,-2
2022-12-05 15:04:18,14941,14941,14941,2,0
2022-12-05 15:04:18,14941,14941,14941,2,0
2022-12-05 15:04:24,14941,14941,14941,2,0
2022-12-05 15:04:25,14940,14940,14940,2,-2
2022-12-05 15:04:25,14940,14940,14940,8,0
2022-12-05 15:04:33,14939,14939,14939,10,-10
2022-12-05 15:04:37,14939,14939,14939,2,0
2022-12-05 15:04:39,14940,14940,14940,10,10
2022-12-05 15:04:49,14940,14940,14940,2,0
2022-12-05 15:04:49,14940,14940,14940,2,0
2022-12-05 15:04:49,14940,14940,14940,2,0
2022-12-05 15:04:51,14940,14940,14940,2,0
2022-12-05 15:04:55,14940,14940,14940,10,0
2022-12-05 15:04:56,14940,14940,14940,4,0
2022-12-05 15:04:57,14939,14939,14939,2,-2
2022-12-05 15:04:57,14939,14939,14939,2,0
2022-12-05 15:04:57,14939,14939,14939,2,0
2022-12-05 15:04:57,14939,14939,14939,2,0
2022-12-05 15:04:59,14938,14938,14938,2,-2
2022-12-05 15:04:59,14938,14938,14938,2,0
2022-12-05 15:04:59,14939,14939,14939,2,2
2022-12-05 15:05:00,14938,14938,14938,2,-2
2022-12-05 15:05:00,14938,14938,14938,2,0
2022-12-05 15:05:00,14938,14938,14938,2,0
2022-12-05 15:05:00,14938,14938,14938,2,0
2022-12-05 15:05:00,14938,14938,14938,2,0
2022-12-05 15:05:00,14938,14938,14938,2,0
2022-12-05 15:05:00,14938,14938,14938,2,0
2022-12-05 15:05:00,14937,14937,14937,2,-2
2022-12-05 15:05:00,14937,14937,14937,2,0
2022-12-05 15:05:00,14938,14938,14938,4,4
2022-12-05 15:05:00,14936,14936,14936,2,-2
2022-12-05 15:05:00,14936,14936,14936,2,0
2022-12-05 15:05:00,14936,14936,14936,2,0
2022-12-05 15:05:00,14936,14936,14936,2,0
2022-12-05 15:05:00,14936,14936,14936,2,0
2022-12-05 15:05:00,14936,14936,14936,2,0
2022-12-05 15:05:00,14936,14936,14936,2,0
2022-12-05 15:05:00,14936,14936,14936,2,0
2022-12-05 15:05:01,14936,14936,14936,2,0
2022-12-05 15:05:01,14936,14936,14936,2,0
2022-12-05 15:05:02,14937,14937,14937,4,4
2022-12-05 15:05:02,14938,14938,14938,12,12
2022-12-05 15:05:02,14938,14938,14938,2,0
2022-12-05 15:05:02,14937,14937,14937,2,-2
2022-12-05 15:05:02,14938,14938,14938,2,2
2022-12-05 15:05:04,14937,14937,14937,2,-2
2022-12-05 15:05:04,14937,14937,14937,2,0
2022-12-05 15:05:05,14937,14937,14937,2,0
2022-12-05 15:05:06,14937,14937,14937,2,0
2022-12-05 15:05:06,14938,14938,14938,2,2
2022-12-05 15:05:06,14938,14938,14938,8,0
2022-12-05 15:05:07,14937,14937,14937,2,-2
2022-12-05 15:05:09,14937,14937,14937,2,0
2022-12-05 15:05:09,14937,14937,14937,2,0
2022-12-05 15:05:09,14937,14937,14937,2,0
2022-12-05 15:05:10,14937,14937,14937,2,0
2022-12-05 15:05:10,14936,14936,14936,2,-2
2022-12-05 15:05:10,14936,14936,14936,2,0
2022-12-05 15:05:11,14938,14938,14938,2,2
2022-12-05 15:05:13,14936,14936,14936,2,-2
2022-12-05 15:05:13,14936,14936,14936,2,0
2022-12-05 15:05:13,14936,14936,14936,2,0
2022-12-05 15:05:18,14936,14936,14936,2,0
2022-12-05 15:05:23,14936,14936,14936,2,0
2022-12-05 15:05:26,14936,14936,14936,2,0
2022-12-05 15:05:27,14937,14937,14937,2,2
2022-12-05 15:05:27,14937,14937,14937,6,0
2022-12-05 15:05:27,14937,14937,14937,2,0
2022-12-05 15:05:33,14938,14938,14938,2,2
2022-12-05 15:05:38,14937,14937,14937,2,-2
2022-12-05 15:05:40,14938,14938,14938,2,2
2022-12-05 15:05:41,14937,14937,14937,8,-8
2022-12-05 15:05:46,14938,14938,14938,2,2
2022-12-05 15:06:04,14937,14937,14937,2,-2
2022-12-05 15:06:04,14937,14937,14937,2,0
2022-12-05 15:06:04,14937,14937,14937,4,0
2022-12-05 15:06:04,14937,14937,14937,2,0
2022-12-05 15:06:04,14937,14937,14937,2,0
2022-12-05 15:06:06,14936,14936,14936,4,-4
2022-12-05 15:06:06,14936,14936,14936,2,0
2022-12-05 15:06:06,14936,14936,14936,2,0
2022-12-05 15:06:06,14936,14936,14936,2,0
2022-12-05 15:06:06,14936,14936,14936,2,0
2022-12-05 15:06:06,14935,14935,14935,6,-6
2022-12-05 15:06:06,14936,14936,14936,2,2
2022-12-05 15:06:07,14935,14935,14935,2,-2
2022-12-05 15:06:11,14935,14935,14935,2,0
2022-12-05 15:06:11,14935,14935,14935,2,0
2022-12-05 15:06:11,14935,14935,14935,4,0
2022-12-05 15:06:11,14935,14935,14935,4,0
2022-12-05 15:06:11,14935,14935,14935,2,0
2022-12-05 15:06:11,14935,14935,14935,2,0
2022-12-05 15:06:11,14935,14935,14935,2,0
2022-12-05 15:06:11,14935,14935,14935,2,0
2022-12-05 15:06:12,14935,14935,14935,4,0
2022-12-05 15:06:23,14934,14934,14934,2,-2
2022-12-05 15:06:23,14934,14934,14934,2,0
2022-12-05 15:06:32,14935,14935,14935,2,2
2022-12-05 15:06:33,14935,14935,14935,28,0
2022-12-05 15:06:37,14936,14936,14936,6,6
2022-12-05 15:06:37,14936,14936,14936,2,0
2022-12-05 15:06:49,14937,14937,14937,2,2
2022-12-05 15:06:56,14937,14937,14937,2,0
2022-12-05 15:06:57,14936,14936,14936,2,-2
2022-12-05 15:06:57,14936,14936,14936,2,0
2022-12-05 15:06:57,14936,14936,14936,6,0
2022-12-05 15:07:00,14936,14936,14936,2,0
2022-12-05 15:07:00,14936,14936,14936,2,0
2022-12-05 15:07:00,14936,14936,14936,2,0
2022-12-05 15:07:00,14936,14936,14936,2,0
2022-12-05 15:07:07,14935,14935,14935,2,-2
2022-12-05 15:07:12,14934,14934,14934,2,-2
2022-12-05 15:07:13,14934,14934,14934,2,0
2022-12-05 15:07:13,14934,14934,14934,2,0
2022-12-05 15:07:13,14934,14934,14934,2,0
2022-12-05 15:07:13,14934,14934,14934,2,0
2022-12-05 15:07:13,14934,14934,14934,2,0
2022-12-05 15:07:13,14934,14934,14934,2,0
2022-12-05 15:07:20,14933,14933,14933,2,-2
2022-12-05 15:07:20,14933,14933,14933,2,0
2022-12-05 15:07:20,14933,14933,14933,2,0
2022-12-05 15:07:20,14934,14934,14934,2,2
2022-12-05 15:07:26,14933,14933,14933,2,-2
2022-12-05 15:07:26,14933,14933,14933,2,0
2022-12-05 15:07:29,14934,14934,14934,4,4
2022-12-05 15:07:31,14934,14934,14934,2,0
2022-12-05 15:07:32,14935,14935,14935,2,2
2022-12-05 15:07:33,14934,14934,14934,2,-2
2022-12-05 15:07:37,14934,14934,14934,2,0
2022-12-05 15:07:40,14934,14934,14934,2,0
2022-12-05 15:07:40,14934,14934,14934,2,0
2022-12-05 15:07:50,14934,14934,14934,2,0
2022-12-05 15:07:59,14935,14935,14935,2,2
2022-12-05 15:07:59,14935,14935,14935,2,0
2022-12-05 15:08:05,14935,14935,14935,4,0
2022-12-05 15:08:09,14935,14935,14935,6,0
2022-12-05 15:08:10,14935,14935,14935,4,0
2022-12-05 15:08:11,14936,14936,14936,2,2
2022-12-05 15:08:12,14936,14936,14936,2,0
2022-12-05 15:08:13,14937,14937,14937,4,4
2022-12-05 15:08:22,14936,14936,14936,2,-2
2022-12-05 15:08:23,14935,14935,14935,16,-16
2022-12-05 15:08:23,14935,14935,14935,4,0
2022-12-05 15:08:23,14935,14935,14935,2,0
2022-12-05 15:08:23,14935,14935,14935,2,0
2022-12-05 15:08:23,14935,14935,14935,2,0
2022-12-05 15:08:23,14935,14935,14935,2,0
2022-12-05 15:08:23,14935,14935,14935,10,0
2022-12-05 15:08:23,14935,14935,14935,2,0
2022-12-05 15:08:23,14935,14935,14935,2,0
2022-12-05 15:08:23,14935,14935,14935,2,0
2022-12-05 15:08:23,14935,14935,14935,2,0
2022-12-05 15:08:23,14935,14935,14935,2,0
2022-12-05 15:08:24,14934,14934,14934,2,-2
2022-12-05 15:08:33,14933,14933,14933,2,-2
2022-12-05 15:08:33,14933,14933,14933,2,0
2022-12-05 15:08:33,14933,14933,14933,2,0
2022-12-05 15:08:33,14933,14933,14933,2,0
2022-12-05 15:08:33,14933,14933,14933,2,0
2022-12-05 15:08:33,14932,14932,14932,2,-2
2022-12-05 15:08:33,14932,14932,14932,2,0
2022-12-05 15:08:33,14932,14932,14932,2,0
2022-12-05 15:08:33,14932,14932,14932,2,0
2022-12-05 15:08:33,14932,14932,14932,2,0
2022-12-05 15:08:33,14932,14932,14932,2,0
2022-12-05 15:08:34,14933,14933,14933,2,2
2022-12-05 15:08:37,14933,14933,14933,2,0
2022-12-05 15:08:54,14933,14933,14933,10,0
2022-12-05 15:09:02,14933,14933,14933,2,0
2022-12-05 15:09:02,14933,14933,14933,4,0
2022-12-05 15:09:04,14933,14933,14933,20,0
2022-12-05 15:09:04,14933,14933,14933,2,0
2022-12-05 15:09:04,14933,14933,14933,12,0
2022-12-05 15:09:04,14933,14933,14933,2,0
2022-12-05 15:09:04,14933,14933,14933,2,0
2022-12-05 15:09:07,14932,14932,14932,2,-2
2022-12-05 15:09:14,14932,14932,14932,2,0
2022-12-05 15:09:18,14933,14933,14933,2,2
2022-12-05 15:09:22,14933,14933,14933,2,0
2022-12-05 15:09:42,14933,14933,14933,2,0
2022-12-05 15:09:43,14933,14933,14933,2,0
2022-12-05 15:09:46,14934,14934,14934,4,4
2022-12-05 15:10:02,14932,14932,14932,2,-2
2022-12-05 15:10:02,14932,14932,14932,2,0
2022-12-05 15:10:06,14932,14932,14932,2,0
2022-12-05 15:10:08,14931,14931,14931,2,-2
2022-12-05 15:10:08,14931,14931,14931,2,0
2022-12-05 15:10:08,14931,14931,14931,2,0
2022-12-05 15:10:08,14931,14931,14931,2,0
2022-12-05 15:10:08,14931,14931,14931,6,0
2022-12-05 15:10:08,14931,14931,14931,2,0
2022-12-05 15:10:08,14931,14931,14931,4,0
2022-12-05 15:10:08,14931,14931,14931,2,0
2022-12-05 15:10:08,14931,14931,14931,2,0
2022-12-05 15:10:08,14931,14931,14931,2,0
2022-12-05 15:10:08,14931,14931,14931,2,0
2022-12-05 15:10:08,14930,14930,14930,4,-4
2022-12-05 15:10:08,14930,14930,14930,2,0
2022-12-05 15:10:08,14930,14930,14930,2,0
2022-12-05 15:10:08,14930,14930,14930,2,0
2022-12-05 15:10:08,14930,14930,14930,2,0
2022-12-05 15:10:08,14930,14930,14930,2,0
2022-12-05 15:10:08,14930,14930,14930,2,0
2022-12-05 15:10:08,14930,14930,14930,2,0
2022-12-05 15:10:08,14930,14930,14930,2,0
2022-12-05 15:10:08,14930,14930,14930,2,0
2022-12-05 15:10:08,14930,14930,14930,2,0
2022-12-05 15:10:09,14929,14929,14929,2,-2
2022-12-05 15:10:09,14929,14929,14929,2,0
2022-12-05 15:10:11,14929,14929,14929,2,0
2022-12-05 15:10:13,14929,14929,14929,2,0
2022-12-05 15:10:13,14929,14929,14929,2,0
2022-12-05 15:10:14,14928,14928,14928,4,-4
2022-12-05 15:10:14,14928,14928,14928,2,0
2022-12-05 15:10:14,14928,14928,14928,2,0
2022-12-05 15:10:14,14928,14928,14928,2,0
2022-12-05 15:10:14,14928,14928,14928,2,0
2022-12-05 15:10:14,14927,14927,14927,2,-2
2022-12-05 15:10:14,14927,14927,14927,2,0
2022-12-05 15:10:14,14927,14927,14927,8,0
2022-12-05 15:10:14,14927,14927,14927,2,0
2022-12-05 15:10:14,14927,14927,14927,2,0
2022-12-05 15:10:14,14927,14927,14927,6,0
2022-12-05 15:10:14,14927,14927,14927,2,0
2022-12-05 15:10:15,14928,14928,14928,4,4
2022-12-05 15:10:19,14926,14926,14926,2,-2
2022-12-05 15:10:19,14926,14926,14926,2,0
2022-12-05 15:10:22,14926,14926,14926,2,0
2022-12-05 15:10:22,14926,14926,14926,2,0
2022-12-05 15:10:22,14926,14926,14926,2,0
2022-12-05 15:10:22,14926,14926,14926,2,0
2022-12-05 15:10:22,14926,14926,14926,2,0
2022-12-05 15:10:22,14926,14926,14926,2,0
2022-12-05 15:10:22,14926,14926,14926,2,0
2022-12-05 15:10:22,14926,14926,14926,2,0
2022-12-05 15:10:26,14925,14925,14925,2,-2
2022-12-05 15:10:26,14925,14925,14925,2,0
2022-12-05 15:10:26,14925,14925,14925,2,0
2022-12-05 15:10:27,14926,14926,14926,4,4
2022-12-05 15:10:27,14926,14926,14926,4,0
2022-12-05 15:10:27,14927,14927,14927,6,6
2022-12-05 15:10:27,14927,14927,14927,2,0
2022-12-05 15:10:27,14927,14927,14927,2,0
2022-12-05 15:10:28,14927,14927,14927,2,0
2022-12-05 15:10:28,14926,14926,14926,2,-2
2022-12-05 15:10:32,14927,14927,14927,2,2
2022-12-05 15:10:34,14928,14928,14928,6,6
2022-12-05 15:10:44,14929,14929,14929,4,4
2022-12-05 15:10:47,14928,14928,14928,2,-2
2022-12-05 15:10:48,14928,14928,14928,2,0
2022-12-05 15:10:50,14928,14928,14928,2,0
2022-12-05 15:10:50,14928,14928,14928,40,0
2022-12-05 15:10:50,14928,14928,14928,4,0
2022-12-05 15:10:50,14928,14928,14928,2,0
2022-12-05 15:10:50,14928,14928,14928,2,0
2022-12-05 15:10:53,14926,14926,14926,2,-2
2022-12-05 15:10:53,14927,14927,14927,2,2
2022-12-05 15:10:57,14925,14925,14925,2,-2
2022-12-05 15:10:57,14925,14925,14925,2,0
2022-12-05 15:10:57,14925,14925,14925,2,0
2022-12-05 15:10:57,14925,14925,14925,2,0
2022-12-05 15:10:57,14925,14925,14925,42,0
2022-12-05 15:10:57,14925,14925,14925,6,0
2022-12-05 15:10:57,14925,14925,14925,2,0
2022-12-05 15:10:58,14926,14926,14926,2,2
2022-12-05 15:11:00,14924,14924,14924,2,-2
2022-12-05 15:11:00,14924,14924,14924,4,0
2022-12-05 15:11:00,14924,14924,14924,2,0
2022-12-05 15:11:00,14924,14924,14924,2,0
2022-12-05 15:11:00,14924,14924,14924,2,0
2022-12-05 15:11:00,14924,14924,14924,2,0
2022-12-05 15:11:02,14924,14924,14924,2,0
2022-12-05 15:11:02,14924,14924,14924,2,0
2022-12-05 15:11:03,14923,14923,14923,2,-2
2022-12-05 15:11:03,14923,14923,14923,2,0
2022-12-05 15:11:04,14923,14923,14923,2,0
2022-12-05 15:11:04,14923,14923,14923,2,0
2022-12-05 15:11:04,14923,14923,14923,2,0
2022-12-05 15:11:06,14923,14923,14923,2,0
2022-12-05 15:11:06,14923,14923,14923,4,0
2022-12-05 15:11:06,14923,14923,14923,4,0
2022-12-05 15:11:07,14922,14922,14922,2,-2
2022-12-05 15:11:07,14922,14922,14922,2,0
2022-12-05 15:11:09,14923,14923,14923,2,2
2022-12-05 15:11:10,14923,14923,14923,12,0
2022-12-05 15:11:10,14924,14924,14924,6,6
2022-12-05 15:11:10,14924,14924,14924,2,0
2022-12-05 15:11:10,14924,14924,14924,28,0
2022-12-05 15:11:11,14924,14924,14924,2,0
2022-12-05 15:11:12,14924,14924,14924,2,0
2022-12-05 15:11:12,14924,14924,14924,2,0
2022-12-05 15:11:12,14923,14923,14923,26,-26
2022-12-05 15:11:14,14924,14924,14924,2,2
2022-12-05 15:11:15,14924,14924,14924,2,0
2022-12-05 15:11:15,14924,14924,14924,2,0
2022-12-05 15:11:17,14924,14924,14924,2,0
2022-12-05 15:11:20,14923,14923,14923,6,-6
2022-12-05 15:11:20,14923,14923,14923,2,0
2022-12-05 15:11:20,14923,14923,14923,4,0
2022-12-05 15:11:21,14924,14924,14924,2,2
2022-12-05 15:11:24,14922,14922,14922,2,-2
2022-12-05 15:11:27,14923,14923,14923,2,2
2022-12-05 15:11:27,14923,14923,14923,2,0
2022-12-05 15:11:27,14923,14923,14923,4,0
2022-12-05 15:11:27,14923,14923,14923,2,0
2022-12-05 15:11:27,14923,14923,14923,2,0
2022-12-05 15:11:27,14923,14923,14923,8,0
2022-12-05 15:11:27,14923,14923,14923,2,0
2022-12-05 15:11:27,14923,14923,14923,2,0
2022-12-05 15:11:28,14923,14923,14923,2,0
2022-12-05 15:11:29,14924,14924,14924,4,4
2022-12-05 15:11:29,14924,14924,14924,2,0
2022-12-05 15:11:30,14924,14924,14924,2,0
2022-12-05 15:11:33,14924,14924,14924,2,0
2022-12-05 15:11:37,14925,14925,14925,4,4
2022-12-05 15:11:37,14925,14925,14925,4,0
2022-12-05 15:11:37,14925,14925,14925,6,0
2022-12-05 15:11:39,14924,14924,14924,40,-40
2022-12-05 15:11:39,14924,14924,14924,2,0
2022-12-05 15:11:39,14924,14924,14924,2,0
2022-12-05 15:11:39,14924,14924,14924,2,0
2022-12-05 15:11:45,14924,14924,14924,2,0
2022-12-05 15:11:47,14923,14923,14923,2,-2
2022-12-05 15:11:47,14923,14923,14923,2,0
2022-12-05 15:11:47,14923,14923,14923,2,0
2022-12-05 15:11:47,14922,14922,14922,2,-2
2022-12-05 15:11:47,14922,14922,14922,2,0
2022-12-05 15:11:52,14922,14922,14922,2,0
2022-12-05 15:11:52,14923,14923,14923,4,4
2022-12-05 15:11:52,14923,14923,14923,2,0
2022-12-05 15:11:52,14923,14923,14923,2,0
2022-12-05 15:11:52,14923,14923,14923,2,0
2022-12-05 15:11:52,14923,14923,14923,2,0
2022-12-05 15:11:52,14923,14923,14923,2,0
2022-12-05 15:11:52,14923,14923,14923,2,0
2022-12-05 15:11:53,14924,14924,14924,2,2
2022-12-05 15:11:53,14924,14924,14924,2,0
2022-12-05 15:11:54,14923,14923,14923,2,-2
2022-12-05 15:11:54,14923,14923,14923,2,0
2022-12-05 15:11:54,14923,14923,14923,2,0
2022-12-05 15:11:54,14923,14923,14923,2,0
2022-12-05 15:11:54,14923,14923,14923,2,0
2022-12-05 15:11:55,14922,14922,14922,2,-2
2022-12-05 15:11:59,14923,14923,14923,2,2
2022-12-05 15:11:59,14923,14923,14923,4,0
2022-12-05 15:12:00,14923,14923,14923,2,0
2022-12-05 15:12:00,14923,14923,14923,2,0
2022-12-05 15:12:01,14924,14924,14924,2,2
2022-12-05 15:12:02,14924,14924,14924,2,0
2022-12-05 15:12:04,14923,14923,14923,6,-6
2022-12-05 15:12:04,14923,14923,14923,44,0
2022-12-05 15:12:06,14922,14922,14922,2,-2
2022-12-05 15:12:06,14922,14922,14922,2,0
2022-12-05 15:12:08,14922,14922,14922,2,0
2022-12-05 15:12:09,14922,14922,14922,4,0
2022-12-05 15:12:10,14923,14923,14923,6,6
2022-12-05 15:12:10,14924,14924,14924,30,30
2022-12-05 15:12:10,14924,14924,14924,4,0
2022-12-05 15:12:10,14924,14924,14924,2,0
2022-12-05 15:12:15,14924,14924,14924,8,0
2022-12-05 15:12:15,14924,14924,14924,4,0
2022-12-05 15:12:15,14924,14924,14924,6,0
2022-12-05 15:12:15,14924,14924,14924,2,0
2022-12-05 15:12:15,14924,14924,14924,2,0
2022-12-05 15:12:15,14924,14924,14924,2,0
2022-12-05 15:12:15,14924,14924,14924,2,0
2022-12-05 15:12:15,14924,14924,14924,2,0
2022-12-05 15:12:15,14923,14923,14923,2,-2
2022-12-05 15:12:15,14923,14923,14923,2,0
2022-12-05 15:12:15,14923,14923,14923,2,0
2022-12-05 15:12:15,14923,14923,14923,4,0
2022-12-05 15:12:15,14923,14923,14923,4,0
2022-12-05 15:12:19,14923,14923,14923,2,0
2022-12-05 15:12:20,14923,14923,14923,2,0
2022-12-05 15:12:20,14922,14922,14922,2,-2
2022-12-05 15:12:20,14922,14922,14922,2,0
2022-12-05 15:12:20,14922,14922,14922,2,0
2022-12-05 15:12:20,14922,14922,14922,2,0
2022-12-05 15:12:20,14922,14922,14922,2,0
2022-12-05 15:12:20,14922,14922,14922,2,0
2022-12-05 15:12:20,14921,14921,14921,2,-2
2022-12-05 15:12:20,14921,14921,14921,2,0
2022-12-05 15:12:20,14921,14921,14921,2,0
2022-12-05 15:12:20,14921,14921,14921,2,0
2022-12-05 15:12:20,14921,14921,14921,4,0
2022-12-05 15:12:20,14921,14921,14921,16,0
2022-12-05 15:12:20,14921,14921,14921,6,0
2022-12-05 15:12:20,14921,14921,14921,2,0
2022-12-05 15:12:20,14921,14921,14921,2,0
2022-12-05 15:12:20,14921,14921,14921,2,0
2022-12-05 15:12:20,14921,14921,14921,2,0
2022-12-05 15:12:20,14921,14921,14921,4,0
2022-12-05 15:12:21,14921,14921,14921,16,0
2022-12-05 15:12:21,14921,14921,14921,14,0
2022-12-05 15:12:21,14922,14922,14922,10,10
2022-12-05 15:12:23,14923,14923,14923,2,2
2022-12-05 15:12:24,14922,14922,14922,2,-2
2022-12-05 15:12:26,14922,14922,14922,2,0
2022-12-05 15:12:29,14921,14921,14921,2,-2
2022-12-05 15:12:29,14921,14921,14921,2,0
2022-12-05 15:12:31,14921,14921,14921,2,0
2022-12-05 15:12:31,14921,14921,14921,2,0
2022-12-05 15:12:31,14920,14920,14920,4,-4
2022-12-05 15:12:32,14920,14920,14920,2,0
2022-12-05 15:12:33,14921,14921,14921,2,2
2022-12-05 15:12:38,14921,14921,14921,2,0
2022-12-05 15:12:39,14920,14920,14920,2,-2
2022-12-05 15:12:39,14920,14920,14920,2,0
2022-12-05 15:12:40,14920,14920,14920,2,0
2022-12-05 15:12:40,14920,14920,14920,2,0
2022-12-05 15:12:41,14920,14920,14920,2,0
2022-12-05 15:12:41,14920,14920,14920,2,0
2022-12-05 15:12:41,14920,14920,14920,4,0
2022-12-05 15:12:41,14920,14920,14920,12,0
2022-12-05 15:12:41,14920,14920,14920,2,0
2022-12-05 15:12:41,14920,14920,14920,2,0
2022-12-05 15:12:41,14920,14920,14920,2,0
2022-12-05 15:12:41,14920,14920,14920,10,0
2022-12-05 15:12:41,14920,14920,14920,2,0
2022-12-05 15:12:41,14920,14920,14920,2,0
2022-12-05 15:12:41,14920,14920,14920,2,0
2022-12-05 15:12:41,14920,14920,14920,2,0
2022-12-05 15:12:42,14919,14919,14919,2,-2
2022-12-05 15:12:42,14919,14919,14919,2,0
2022-12-05 15:12:42,14919,14919,14919,2,0
2022-12-05 15:12:42,14919,14919,14919,2,0
2022-12-05 15:12:42,14919,14919,14919,4,0
2022-12-05 15:12:42,14919,14919,14919,2,0
2022-12-05 15:12:42,14918,14918,14918,2,-2
2022-12-05 15:12:42,14918,14918,14918,2,0
2022-12-05 15:12:42,14918,14918,14918,2,0
2022-12-05 15:12:42,14918,14918,14918,2,0
2022-12-05 15:12:42,14918,14918,14918,2,0
2022-12-05 15:12:42,14918,14918,14918,2,0
2022-12-05 15:12:42,14918,14918,14918,2,0
2022-12-05 15:12:42,14918,14918,14918,2,0
2022-12-05 15:12:43,14917,14917,14917,2,-2
2022-12-05 15:12:43,14917,14917,14917,2,0
2022-12-05 15:12:45,14919,14919,14919,2,2
2022-12-05 15:12:46,14918,14918,14918,2,-2
2022-12-05 15:12:47,14918,14918,14918,4,0
2022-12-05 15:12:48,14917,14917,14917,2,-2
2022-12-05 15:12:48,14917,14917,14917,2,0
2022-12-05 15:12:48,14917,14917,14917,2,0
2022-12-05 15:12:48,14917,14917,14917,2,0
2022-12-05 15:12:52,14917,14917,14917,10,0
2022-12-05 15:12:52,14917,14917,14917,2,0
2022-12-05 15:12:52,14917,14917,14917,2,0
2022-12-05 15:12:53,14918,14918,14918,2,2
2022-12-05 15:12:53,14917,14917,14917,2,-2
2022-12-05 15:12:54,14917,14917,14917,2,0
2022-12-05 15:12:54,14919,14919,14919,2,2
2022-12-05 15:12:55,14917,14917,14917,2,-2
2022-12-05 15:12:55,14917,14917,14917,2,0
2022-12-05 15:12:57,14917,14917,14917,2,0
2022-12-05 15:12:57,14917,14917,14917,2,0
2022-12-05 15:12:57,14916,14916,14916,2,-2
2022-12-05 15:12:57,14916,14916,14916,2,0
2022-12-05 15:12:57,14916,14916,14916,2,0
2022-12-05 15:12:57,14916,14916,14916,2,0
2022-12-05 15:12:57,14917,14917,14917,2,2
2022-12-05 15:12:58,14917,14917,14917,2,0
2022-12-05 15:12:58,14917,14917,14917,2,0
2022-12-05 15:12:59,14915,14915,14915,2,-2
2022-12-05 15:12:59,14915,14915,14915,2,0
2022-12-05 15:12:59,14915,14915,14915,4,0
2022-12-05 15:12:59,14915,14915,14915,2,0
2022-12-05 15:12:59,14915,14915,14915,4,0
2022-12-05 15:12:59,14915,14915,14915,2,0
2022-12-05 15:12:59,14916,14916,14916,2,2
2022-12-05 15:12:59,14915,14915,14915,2,-2
2022-12-05 15:12:59,14915,14915,14915,2,0
2022-12-05 15:12:59,14915,14915,14915,2,0
2022-12-05 15:12:59,14915,14915,14915,2,0
2022-12-05 15:12:59,14916,14916,14916,2,2
2022-12-05 15:13:00,14914,14914,14914,2,-2
2022-12-05 15:13:00,14914,14914,14914,4,0
2022-12-05 15:13:00,14914,14914,14914,2,0
2022-12-05 15:13:00,14914,14914,14914,4,0
2022-12-05 15:13:00,14914,14914,14914,2,0
2022-12-05 15:13:00,14914,14914,14914,2,0
2022-12-05 15:13:00,14914,14914,14914,2,0
2022-12-05 15:13:00,14914,14914,14914,2,0
2022-12-05 15:13:00,14914,14914,14914,4,0
2022-12-05 15:13:00,14914,14914,14914,2,0
2022-12-05 15:13:00,14914,14914,14914,2,0
2022-12-05 15:13:00,14914,14914,14914,2,0
2022-12-05 15:13:00,14914,14914,14914,2,0
2022-12-05 15:13:00,14914,14914,14914,2,0
2022-12-05 15:13:00,14914,14914,14914,2,0
2022-12-05 15:13:00,14914,14914,14914,2,0
2022-12-05 15:13:00,14913,14913,14913,2,-2
2022-12-05 15:13:00,14913,14913,14913,2,0
2022-12-05 15:13:00,14913,14913,14913,2,0
2022-12-05 15:13:00,14913,14913,14913,2,0
2022-12-05 15:13:00,14913,14913,14913,2,0
2022-12-05 15:13:00,14914,14914,14914,2,2
2022-12-05 15:13:00,14915,14915,14915,6,6
2022-12-05 15:13:00,14914,14914,14914,2,-2
2022-12-05 15:13:00,14914,14914,14914,2,0
2022-12-05 15:13:00,14915,14915,14915,4,4
2022-12-05 15:13:00,14914,14914,14914,2,-2
2022-12-05 15:13:00,14914,14914,14914,2,0
2022-12-05 15:13:00,14914,14914,14914,2,0
2022-12-05 15:13:00,14914,14914,14914,2,0
2022-12-05 15:13:00,14914,14914,14914,2,0
2022-12-05 15:13:00,14914,14914,14914,4,0
2022-12-05 15:13:00,14914,14914,14914,2,0
2022-12-05 15:13:00,14913,14913,14913,2,-2
2022-12-05 15:13:00,14913,14913,14913,2,0
2022-12-05 15:13:00,14914,14914,14914,2,2
2022-12-05 15:13:00,14914,14914,14914,2,0
2022-12-05 15:13:00,14914,14914,14914,2,0
2022-12-05 15:13:00,14914,14914,14914,2,0
2022-12-05 15:13:00,14913,14913,14913,2,-2
2022-12-05 15:13:00,14913,14913,14913,2,0
2022-12-05 15:13:00,14914,14914,14914,4,4
2022-12-05 15:13:00,14914,14914,14914,2,0
2022-12-05 15:13:00,14914,14914,14914,2,0
2022-12-05 15:13:00,14914,14914,14914,2,0
2022-12-05 15:13:01,14913,14913,14913,4,-4
2022-12-05 15:13:01,14913,14913,14913,2,0
2022-12-05 15:13:01,14913,14913,14913,2,0
2022-12-05 15:13:01,14913,14913,14913,2,0
2022-12-05 15:13:01,14912,14912,14912,2,-2
2022-12-05 15:13:01,14912,14912,14912,2,0
2022-12-05 15:13:01,14912,14912,14912,2,0
2022-12-05 15:13:01,14912,14912,14912,2,0
2022-12-05 15:13:01,14912,14912,14912,4,0
2022-12-05 15:13:01,14912,14912,14912,2,0
2022-12-05 15:13:01,14911,14911,14911,2,-2
2022-12-05 15:13:01,14911,14911,14911,2,0
2022-12-05 15:13:01,14911,14911,14911,2,0
2022-12-05 15:13:01,14911,14911,14911,2,0
2022-12-05 15:13:01,14913,14913,14913,2,2
2022-12-05 15:13:01,14913,14913,14913,2,0
2022-12-05 15:13:01,14911,14911,14911,2,-2
2022-12-05 15:13:02,14913,14913,14913,4,4
2022-12-05 15:13:02,14914,14914,14914,2,2
2022-12-05 15:13:03,14915,14915,14915,2,2
2022-12-05 15:13:03,14914,14914,14914,2,-2
2022-12-05 15:13:03,14914,14914,14914,2,0
2022-12-05 15:13:03,14914,14914,14914,2,0
2022-12-05 15:13:03,14914,14914,14914,2,0
2022-12-05 15:13:04,14915,14915,14915,2,2
2022-12-05 15:13:06,14916,14916,14916,2,2
2022-12-05 15:13:06,14917,14917,14917,2,2
2022-12-05 15:13:07,14916,14916,14916,2,-2
2022-12-05 15:13:07,14916,14916,14916,2,0
2022-12-05 15:13:07,14916,14916,14916,2,0
2022-12-05 15:13:08,14917,14917,14917,2,2
2022-12-05 15:13:10,14916,14916,14916,2,-2
2022-12-05 15:13:11,14916,14916,14916,2,0
2022-12-05 15:13:11,14917,14917,14917,2,2
2022-12-05 15:13:13,14916,14916,14916,2,-2
2022-12-05 15:13:14,14916,14916,14916,2,0
2022-12-05 15:13:20,14916,14916,14916,2,0
2022-12-05 15:13:20,14917,14917,14917,8,8
2022-12-05 15:13:22,14919,14919,14919,2,2
2022-12-05 15:13:23,14917,14917,14917,2,-2
2022-12-05 15:13:28,14917,14917,14917,2,0
2022-12-05 15:13:28,14917,14917,14917,2,0
2022-12-05 15:13:28,14917,14917,14917,2,0
2022-12-05 15:13:30,14917,14917,14917,2,0
2022-12-05 15:13:31,14917,14917,14917,4,0
2022-12-05 15:13:31,14917,14917,14917,2,0
2022-12-05 15:13:31,14917,14917,14917,2,0
2022-12-05 15:13:31,14918,14918,14918,2,2
2022-12-05 15:13:31,14918,14918,14918,2,0
2022-12-05 15:13:33,14918,14918,14918,2,0
2022-12-05 15:13:33,14918,14918,14918,6,0
2022-12-05 15:13:33,14918,14918,14918,2,0
2022-12-05 15:13:35,14918,14918,14918,2,0
2022-12-05 15:13:36,14918,14918,14918,2,0
2022-12-05 15:13:36,14917,14917,14917,2,-2
2022-12-05 15:13:41,14918,14918,14918,2,2
2022-12-05 15:13:43,14918,14918,14918,2,0
2022-12-05 15:13:43,14918,14918,14918,2,0
2022-12-05 15:13:43,14918,14918,14918,2,0
2022-12-05 15:13:45,14918,14918,14918,6,0
2022-12-05 15:13:45,14918,14918,14918,2,0
2022-12-05 15:13:52,14919,14919,14919,8,8
2022-12-05 15:13:52,14918,14918,14918,2,-2
2022-12-05 15:13:57,14918,14918,14918,2,0
2022-12-05 15:13:59,14919,14919,14919,2,2
2022-12-05 15:14:01,14920,14920,14920,2,2
2022-12-05 15:14:01,14920,14920,14920,2,0
2022-12-05 15:14:01,14918,14918,14918,2,-2
2022-12-05 15:14:09,14919,14919,14919,2,2
2022-12-05 15:14:10,14919,14919,14919,2,0
2022-12-05 15:14:23,14920,14920,14920,12,12
2022-12-05 15:14:23,14920,14920,14920,2,0
2022-12-05 15:14:23,14920,14920,14920,4,0
2022-12-05 15:14:23,14920,14920,14920,2,0
2022-12-05 15:14:24,14921,14921,14921,2,2
2022-12-05 15:14:25,14920,14920,14920,2,-2
2022-12-05 15:14:26,14920,14920,14920,2,0
2022-12-05 15:14:26,14920,14920,14920,2,0
2022-12-05 15:14:26,14920,14920,14920,2,0
2022-12-05 15:14:28,14922,14922,14922,2,2
2022-12-05 15:14:29,14922,14922,14922,2,0
2022-12-05 15:14:30,14921,14921,14921,2,-2
2022-12-05 15:14:30,14921,14921,14921,2,0
2022-12-05 15:14:32,14921,14921,14921,2,0
2022-12-05 15:14:49,14922,14922,14922,2,2
2022-12-05 15:14:55,14922,14922,14922,4,0
2022-12-05 15:14:59,14922,14922,14922,4,0
2022-12-05 15:15:01,14921,14921,14921,2,-2
2022-12-05 15:15:01,14921,14921,14921,2,0
2022-12-05 15:15:02,14921,14921,14921,16,0
2022-12-05 15:15:02,14923,14923,14923,4,4
2022-12-05 15:15:02,14923,14923,14923,4,0
2022-12-05 15:15:04,14923,14923,14923,2,0
2022-12-05 15:15:08,14923,14923,14923,6,0
2022-12-05 15:15:12,14924,14924,14924,2,2
2022-12-05 15:15:12,14924,14924,14924,2,0
2022-12-05 15:15:22,14924,14924,14924,2,0
2022-12-05 15:15:22,14924,14924,14924,2,0
2022-12-05 15:15:30,14925,14925,14925,2,2
2022-12-05 15:15:32,14925,14925,14925,2,0
2022-12-05 15:15:34,14925,14925,14925,2,0
2022-12-05 15:15:35,14925,14925,14925,2,0
2022-12-05 15:15:36,14924,14924,14924,2,-2
2022-12-05 15:15:36,14924,14924,14924,2,0
2022-12-05 15:15:36,14924,14924,14924,2,0
2022-12-05 15:15:36,14924,14924,14924,2,0
2022-12-05 15:15:37,14924,14924,14924,2,0
2022-12-05 15:15:39,14924,14924,14924,4,0
2022-12-05 15:15:48,14924,14924,14924,2,0
2022-12-05 15:15:55,14924,14924,14924,2,0
2022-12-05 15:16:03,14924,14924,14924,2,0
2022-12-05 15:16:07,14925,14925,14925,8,8
2022-12-05 15:16:07,14926,14926,14926,2,2
2022-12-05 15:16:08,14926,14926,14926,2,0
2022-12-05 15:16:13,14927,14927,14927,2,2
2022-12-05 15:16:13,14927,14927,14927,2,0
2022-12-05 15:16:13,14927,14927,14927,2,0
2022-12-05 15:16:14,14927,14927,14927,2,0
2022-12-05 15:16:18,14928,14928,14928,2,2
2022-12-05 15:16:18,14928,14928,14928,2,0
2022-12-05 15:16:19,14928,14928,14928,2,0
2022-12-05 15:16:19,14928,14928,14928,2,0
2022-12-05 15:16:20,14928,14928,14928,4,0
2022-12-05 15:16:20,14928,14928,14928,4,0
2022-12-05 15:16:20,14928,14928,14928,2,0
2022-12-05 15:16:20,14928,14928,14928,2,0
2022-12-05 15:16:20,14928,14928,14928,2,0
2022-12-05 15:16:21,14929,14929,14929,2,2
2022-12-05 15:16:23,14928,14928,14928,2,-2
2022-12-05 15:16:23,14928,14928,14928,4,0
2022-12-05 15:16:23,14928,14928,14928,2,0
2022-12-05 15:16:28,14927,14927,14927,20,-20
2022-12-05 15:16:28,14927,14927,14927,2,0
2022-12-05 15:16:28,14927,14927,14927,2,0
2022-12-05 15:16:28,14927,14927,14927,2,0
2022-12-05 15:16:28,14927,14927,14927,2,0
2022-12-05 15:16:28,14927,14927,14927,2,0
2022-12-05 15:16:28,14927,14927,14927,2,0
2022-12-05 15:16:28,14927,14927,14927,2,0
2022-12-05 15:16:29,14927,14927,14927,2,0
2022-12-05 15:16:29,14927,14927,14927,2,0
2022-12-05 15:16:32,14925,14925,14925,2,-2
2022-12-05 15:16:32,14925,14925,14925,2,0
2022-12-05 15:16:32,14925,14925,14925,2,0
2022-12-05 15:16:32,14925,14925,14925,2,0
2022-12-05 15:16:32,14925,14925,14925,2,0
2022-12-05 15:16:32,14925,14925,14925,4,0
2022-12-05 15:16:32,14925,14925,14925,2,0
2022-12-05 15:16:32,14925,14925,14925,2,0
2022-12-05 15:16:32,14925,14925,14925,6,0
2022-12-05 15:16:32,14925,14925,14925,2,0
2022-12-05 15:16:32,14925,14925,14925,2,0
2022-12-05 15:16:32,14925,14925,14925,2,0
2022-12-05 15:16:32,14925,14925,14925,2,0
2022-12-05 15:16:32,14925,14925,14925,2,0
2022-12-05 15:16:32,14925,14925,14925,2,0
2022-12-05 15:16:32,14924,14924,14924,8,-8
2022-12-05 15:16:32,14924,14924,14924,2,0
2022-12-05 15:16:32,14924,14924,14924,2,0
2022-12-05 15:16:32,14924,14924,14924,2,0
2022-12-05 15:16:32,14924,14924,14924,2,0
2022-12-05 15:16:32,14924,14924,14924,4,0
2022-12-05 15:16:32,14924,14924,14924,6,0
2022-12-05 15:16:32,14924,14924,14924,2,0
2022-12-05 15:16:32,14924,14924,14924,2,0
2022-12-05 15:16:32,14924,14924,14924,2,0
2022-12-05 15:16:32,14924,14924,14924,2,0
2022-12-05 15:16:35,14926,14926,14926,2,2
2022-12-05 15:16:36,14926,14926,14926,2,0
2022-12-05 15:16:39,14924,14924,14924,10,-10
2022-12-05 15:16:39,14924,14924,14924,2,0
2022-12-05 15:16:39,14924,14924,14924,10,0
2022-12-05 15:16:39,14924,14924,14924,2,0
2022-12-05 15:16:39,14924,14924,14924,2,0
2022-12-05 15:16:39,14923,14923,14923,2,-2
2022-12-05 15:16:39,14923,14923,14923,2,0
2022-12-05 15:16:39,14923,14923,14923,2,0
2022-12-05 15:16:39,14923,14923,14923,4,0
2022-12-05 15:16:39,14923,14923,14923,2,0
2022-12-05 15:16:39,14923,14923,14923,2,0
2022-12-05 15:16:39,14923,14923,14923,2,0
2022-12-05 15:16:39,14923,14923,14923,4,0
2022-12-05 15:16:39,14923,14923,14923,2,0
2022-12-05 15:16:39,14923,14923,14923,6,0
2022-12-05 15:16:39,14923,14923,14923,2,0
2022-12-05 15:16:39,14923,14923,14923,2,0
2022-12-05 15:16:39,14923,14923,14923,2,0
2022-12-05 15:16:39,14923,14923,14923,2,0
2022-12-05 15:16:40,14925,14925,14925,2,2
2022-12-05 15:16:40,14924,14924,14924,2,-2
2022-12-05 15:16:46,14924,14924,14924,2,0
2022-12-05 15:16:46,14924,14924,14924,2,0
2022-12-05 15:16:46,14924,14924,14924,10,0
2022-12-05 15:16:46,14924,14924,14924,2,0
2022-12-05 15:16:46,14924,14924,14924,2,0
2022-12-05 15:16:48,14924,14924,14924,2,0
2022-12-05 15:16:55,14923,14923,14923,8,-8
2022-12-05 15:16:55,14923,14923,14923,10,0
2022-12-05 15:16:55,14923,14923,14923,2,0
2022-12-05 15:17:03,14923,14923,14923,2,0
2022-12-05 15:17:11,14923,14923,14923,2,0
2022-12-05 15:17:14,14922,14922,14922,2,-2
2022-12-05 15:17:14,14922,14922,14922,2,0
2022-12-05 15:17:14,14922,14922,14922,10,0
2022-12-05 15:17:14,14922,14922,14922,4,0
2022-12-05 15:17:14,14922,14922,14922,2,0
2022-12-05 15:17:14,14922,14922,14922,2,0
2022-12-05 15:17:14,14922,14922,14922,2,0
2022-12-05 15:17:14,14922,14922,14922,2,0
2022-12-05 15:17:14,14921,14921,14921,2,-2
2022-12-05 15:17:14,14921,14921,14921,2,0
2022-12-05 15:17:14,14921,14921,14921,2,0
2022-12-05 15:17:14,14921,14921,14921,2,0
2022-12-05 15:17:14,14921,14921,14921,2,0
2022-12-05 15:17:14,14921,14921,14921,4,0
2022-12-05 15:17:14,14921,14921,14921,4,0
2022-12-05 15:17:14,14921,14921,14921,6,0
2022-12-05 15:17:14,14921,14921,14921,2,0
2022-12-05 15:17:14,14921,14921,14921,2,0
2022-12-05 15:17:14,14921,14921,14921,2,0
2022-12-05 15:17:14,14921,14921,14921,2,0
2022-12-05 15:17:14,14921,14921,14921,2,0
2022-12-05 15:17:14,14921,14921,14921,2,0
2022-12-05 15:17:14,14921,14921,14921,2,0
2022-12-05 15:17:14,14921,14921,14921,2,0
2022-12-05 15:17:14,14921,14921,14921,2,0
2022-12-05 15:17:14,14921,14921,14921,2,0
2022-12-05 15:17:14,14921,14921,14921,2,0
2022-12-05 15:17:14,14920,14920,14920,2,-2
2022-12-05 15:17:14,14920,14920,14920,2,0
2022-12-05 15:17:14,14920,14920,14920,4,0
2022-12-05 15:17:14,14920,14920,14920,2,0
2022-12-05 15:17:14,14920,14920,14920,2,0
2022-12-05 15:17:14,14920,14920,14920,6,0
2022-12-05 15:17:14,14920,14920,14920,2,0
2022-12-05 15:17:14,14920,14920,14920,2,0
2022-12-05 15:17:14,14920,14920,14920,6,0
2022-12-05 15:17:14,14920,14920,14920,2,0
2022-12-05 15:17:14,14920,14920,14920,2,0
2022-12-05 15:17:14,14920,14920,14920,2,0
2022-12-05 15:17:14,14920,14920,14920,2,0
2022-12-05 15:17:14,14920,14920,14920,2,0
2022-12-05 15:17:14,14920,14920,14920,2,0
2022-12-05 15:17:14,14920,14920,14920,2,0
2022-12-05 15:17:14,14920,14920,14920,2,0
2022-12-05 15:17:14,14920,14920,14920,2,0
2022-12-05 15:17:14,14920,14920,14920,10,0
2022-12-05 15:17:14,14920,14920,14920,10,0
2022-12-05 15:17:14,14920,14920,14920,10,0
2022-12-05 15:17:14,14920,14920,14920,4,0
2022-12-05 15:17:14,14920,14920,14920,10,0
2022-12-05 15:17:14,14920,14920,14920,10,0
2022-12-05 15:17:14,14920,14920,14920,4,0
2022-12-05 15:17:14,14920,14920,14920,24,0
2022-12-05 15:17:14,14919,14919,14919,2,-2
2022-12-05 15:17:14,14919,14919,14919,4,0
2022-12-05 15:17:14,14919,14919,14919,2,0
2022-12-05 15:17:14,14920,14920,14920,2,2
2022-12-05 15:17:14,14920,14920,14920,10,0
2022-12-05 15:17:14,14920,14920,14920,2,0
2022-12-05 15:17:14,14920,14920,14920,2,0
2022-12-05 15:17:14,14919,14919,14919,4,-4
2022-12-05 15:17:14,14919,14919,14919,2,0
2022-12-05 15:17:14,14919,14919,14919,2,0
2022-12-05 15:17:14,14919,14919,14919,4,0
2022-12-05 15:17:14,14919,14919,14919,4,0
2022-12-05 15:17:14,14919,14919,14919,4,0
2022-12-05 15:17:14,14919,14919,14919,2,0
2022-12-05 15:17:15,14919,14919,14919,2,0
2022-12-05 15:17:15,14919,14919,14919,2,0
2022-12-05 15:17:16,14919,14919,14919,2,0
2022-12-05 15:17:17,14918,14918,14918,2,-2
2022-12-05 15:17:21,14919,14919,14919,4,4
2022-12-05 15:17:21,14918,14918,14918,2,-2
2022-12-05 15:17:22,14919,14919,14919,2,2
2022-12-05 15:17:22,14919,14919,14919,2,0
2022-12-05 15:17:22,14920,14920,14920,2,2
2022-12-05 15:17:22,14920,14920,14920,2,0
2022-12-05 15:17:22,14918,14918,14918,2,-2
2022-12-05 15:17:24,14918,14918,14918,2,0
2022-12-05 15:17:24,14919,14919,14919,2,2
2022-12-05 15:17:24,14919,14919,14919,2,0
2022-12-05 15:17:25,14918,14918,14918,2,-2
2022-12-05 15:17:28,14919,14919,14919,2,2
2022-12-05 15:17:28,14919,14919,14919,2,0
2022-12-05 15:17:30,14919,14919,14919,2,0
2022-12-05 15:17:32,14918,14918,14918,4,-4
2022-12-05 15:17:33,14919,14919,14919,2,2
2022-12-05 15:17:34,14919,14919,14919,4,0
2022-12-05 15:17:34,14919,14919,14919,2,0
2022-12-05 15:17:34,14919,14919,14919,2,0
2022-12-05 15:17:34,14919,14919,14919,2,0
2022-12-05 15:17:35,14919,14919,14919,2,0
2022-12-05 15:17:37,14920,14920,14920,8,8
2022-12-05 15:17:42,14921,14921,14921,2,2
2022-12-05 15:17:44,14921,14921,14921,8,0
2022-12-05 15:17:44,14921,14921,14921,2,0
2022-12-05 15:17:44,14921,14921,14921,6,0
2022-12-05 15:17:44,14921,14921,14921,2,0
2022-12-05 15:17:50,14921,14921,14921,2,0
2022-12-05 15:17:52,14922,14922,14922,2,2
2022-12-05 15:17:53,14921,14921,14921,2,-2
2022-12-05 15:17:53,14921,14921,14921,4,0
2022-12-05 15:17:57,14921,14921,14921,2,0
2022-12-05 15:17:57,14921,14921,14921,2,0
2022-12-05 15:18:03,14922,14922,14922,2,2
2022-12-05 15:18:07,14923,14923,14923,2,2
2022-12-05 15:18:15,14924,14924,14924,4,4
2022-12-05 15:18:15,14924,14924,14924,4,0
2022-12-05 15:18:18,14925,14925,14925,20,20
2022-12-05 15:18:22,14925,14925,14925,2,0
2022-12-05 15:18:23,14925,14925,14925,4,0
2022-12-05 15:18:23,14925,14925,14925,92,0
2022-12-05 15:18:23,14925,14925,14925,2,0
2022-12-05 15:18:27,14925,14925,14925,2,0
2022-12-05 15:18:33,14926,14926,14926,2,2
2022-12-05 15:18:34,14925,14925,14925,10,-10
2022-12-05 15:18:36,14924,14924,14924,2,-2
2022-12-05 15:18:37,14924,14924,14924,2,0
2022-12-05 15:18:40,14924,14924,14924,2,0
2022-12-05 15:18:42,14924,14924,14924,2,0
2022-12-05 15:18:43,14924,14924,14924,2,0
2022-12-05 15:18:47,14925,14925,14925,2,2
2022-12-05 15:18:50,14925,14925,14925,2,0
2022-12-05 15:18:56,14926,14926,14926,10,10
2022-12-05 15:18:57,14926,14926,14926,4,0
2022-12-05 15:19:00,14926,14926,14926,2,0
2022-12-05 15:19:09,14926,14926,14926,2,0
2022-12-05 15:19:11,14927,14927,14927,2,2
2022-12-05 15:19:14,14927,14927,14927,2,0
2022-12-05 15:19:14,14928,14928,14928,2,2
2022-12-05 15:19:20,14928,14928,14928,2,0
2022-12-05 15:19:26,14928,14928,14928,8,0
2022-12-05 15:19:31,14929,14929,14929,2,2
2022-12-05 15:19:32,14929,14929,14929,10,0
2022-12-05 15:19:32,14930,14930,14930,16,16
2022-12-05 15:19:33,14929,14929,14929,12,-12
2022-12-05 15:19:33,14929,14929,14929,2,0
2022-12-05 15:19:33,14929,14929,14929,2,0
2022-12-05 15:19:33,14929,14929,14929,2,0
2022-12-05 15:19:34,14929,14929,14929,2,0
2022-12-05 15:19:35,14929,14929,14929,2,0
2022-12-05 15:19:35,14930,14930,14930,2,2
2022-12-05 15:19:40,14929,14929,14929,2,-2
2022-12-05 15:19:44,14929,14929,14929,4,0
2022-12-05 15:19:44,14929,14929,14929,4,0
2022-12-05 15:19:45,14929,14929,14929,2,0
2022-12-05 15:19:46,14929,14929,14929,2,0
2022-12-05 15:19:47,14929,14929,14929,2,0
2022-12-05 15:19:49,14929,14929,14929,4,0
2022-12-05 15:19:53,14929,14929,14929,2,0
2022-12-05 15:19:54,14929,14929,14929,2,0
2022-12-05 15:19:54,14929,14929,14929,2,0
2022-12-05 15:19:56,14929,14929,14929,2,0
2022-12-05 15:19:56,14930,14930,14930,2,2
2022-12-05 15:20:00,14930,14930,14930,2,0
2022-12-05 15:20:08,14929,14929,14929,2,-2
2022-12-05 15:20:08,14929,14929,14929,2,0
2022-12-05 15:20:09,14930,14930,14930,2,2
2022-12-05 15:20:11,14928,14928,14928,2,-2
2022-12-05 15:20:24,14928,14928,14928,4,0
2022-12-05 15:20:24,14928,14928,14928,2,0
2022-12-05 15:20:24,14927,14927,14927,4,-4
2022-12-05 15:20:29,14927,14927,14927,2,0
2022-12-05 15:20:29,14927,14927,14927,2,0
2022-12-05 15:20:38,14928,14928,14928,2,2
2022-12-05 15:20:39,14927,14927,14927,2,-2
2022-12-05 15:20:49,14929,14929,14929,2,2
2022-12-05 15:20:50,14927,14927,14927,2,-2
2022-12-05 15:20:59,14927,14927,14927,2,0
2022-12-05 15:21:01,14926,14926,14926,2,-2
2022-12-05 15:21:09,14927,14927,14927,4,4
2022-12-05 15:21:09,14927,14927,14927,4,0
2022-12-05 15:21:16,14926,14926,14926,4,-4
2022-12-05 15:21:16,14926,14926,14926,2,0
2022-12-05 15:21:16,14926,14926,14926,2,0
2022-12-05 15:21:16,14926,14926,14926,2,0
2022-12-05 15:21:21,14926,14926,14926,2,0
2022-12-05 15:21:23,14926,14926,14926,4,0
2022-12-05 15:21:30,14926,14926,14926,2,0
2022-12-05 15:21:31,14925,14925,14925,2,-2
2022-12-05 15:21:31,14925,14925,14925,2,0
2022-12-05 15:21:41,14924,14924,14924,2,-2
2022-12-05 15:22:03,14924,14924,14924,4,0
2022-12-05 15:22:08,14924,14924,14924,2,0
2022-12-05 15:22:26,14924,14924,14924,2,0
2022-12-05 15:22:48,14925,14925,14925,2,2
2022-12-05 15:22:48,14925,14925,14925,2,0
2022-12-05 15:22:51,14925,14925,14925,8,0
2022-12-05 15:22:51,14925,14925,14925,2,0
2022-12-05 15:22:58,14926,14926,14926,2,2
2022-12-05 15:23:13,14927,14927,14927,2,2
2022-12-05 15:23:15,14927,14927,14927,2,0
2022-12-05 15:23:23,14927,14927,14927,2,0
2022-12-05 15:23:23,14926,14926,14926,2,-2
2022-12-05 15:23:27,14926,14926,14926,2,0
2022-12-05 15:23:44,14927,14927,14927,2,2
2022-12-05 15:23:44,14927,14927,14927,2,0
2022-12-05 15:23:44,14927,14927,14927,2,0
2022-12-05 15:24:00,14928,14928,14928,2,2
2022-12-05 15:24:00,14928,14928,14928,2,0
2022-12-05 15:24:10,14927,14927,14927,2,-2
2022-12-05 15:24:15,14927,14927,14927,2,0
2022-12-05 15:24:15,14927,14927,14927,2,0
2022-12-05 15:24:15,14927,14927,14927,2,0
2022-12-05 15:24:16,14927,14927,14927,4,0
2022-12-05 15:24:20,14928,14928,14928,2,2
2022-12-05 15:24:27,14928,14928,14928,2,0
2022-12-05 15:24:28,14927,14927,14927,2,-2
2022-12-05 15:24:34,14928,14928,14928,2,2
2022-12-05 15:24:35,14927,14927,14927,2,-2
2022-12-05 15:24:35,14927,14927,14927,2,0
2022-12-05 15:24:35,14927,14927,14927,2,0
2022-12-05 15:24:35,14927,14927,14927,2,0
2022-12-05 15:24:41,14927,14927,14927,12,0
2022-12-05 15:24:42,14926,14926,14926,2,-2
2022-12-05 15:24:50,14926,14926,14926,2,0
2022-12-05 15:24:52,14926,14926,14926,2,0
2022-12-05 15:25:00,14926,14926,14926,6,0
2022-12-05 15:25:00,14925,14925,14925,2,-2
2022-12-05 15:25:00,14925,14925,14925,8,0
2022-12-05 15:25:00,14925,14925,14925,4,0
2022-12-05 15:25:00,14925,14925,14925,2,0
2022-12-05 15:25:00,14924,14924,14924,2,-2
2022-12-05 15:25:00,14924,14924,14924,4,0
2022-12-05 15:25:00,14924,14924,14924,2,0
2022-12-05 15:25:00,14924,14924,14924,2,0
2022-12-05 15:25:00,14924,14924,14924,2,0
2022-12-05 15:25:00,14924,14924,14924,4,0
2022-12-05 15:25:04,14924,14924,14924,2,0
2022-12-05 15:25:04,14924,14924,14924,2,0
2022-12-05 15:25:04,14924,14924,14924,2,0
2022-12-05 15:25:04,14924,14924,14924,4,0
2022-12-05 15:25:04,14924,14924,14924,2,0
2022-12-05 15:25:04,14924,14924,14924,2,0
2022-12-05 15:25:04,14924,14924,14924,2,0
2022-12-05 15:25:04,14924,14924,14924,2,0
2022-12-05 15:25:04,14924,14924,14924,2,0
2022-12-05 15:25:04,14924,14924,14924,2,0
2022-12-05 15:25:04,14924,14924,14924,2,0
2022-12-05 15:25:04,14924,14924,14924,6,0
2022-12-05 15:25:15,14923,14923,14923,12,-12
2022-12-05 15:25:15,14923,14923,14923,4,0
2022-12-05 15:25:15,14923,14923,14923,4,0
2022-12-05 15:25:15,14923,14923,14923,2,0
2022-12-05 15:25:15,14923,14923,14923,4,0
2022-12-05 15:25:15,14923,14923,14923,2,0
2022-12-05 15:25:15,14923,14923,14923,2,0
2022-12-05 15:25:15,14923,14923,14923,2,0
2022-12-05 15:25:29,14923,14923,14923,2,0
2022-12-05 15:25:29,14923,14923,14923,2,0
2022-12-05 15:25:43,14922,14922,14922,2,-2
2022-12-05 15:25:50,14922,14922,14922,2,0
2022-12-05 15:26:00,14923,14923,14923,6,6
2022-12-05 15:26:11,14924,14924,14924,6,6
2022-12-05 15:26:16,14924,14924,14924,2,0
2022-12-05 15:26:20,14924,14924,14924,2,0
2022-12-05 15:26:25,14924,14924,14924,2,0
2022-12-05 15:26:31,14924,14924,14924,2,0
2022-12-05 15:26:33,14924,14924,14924,2,0
2022-12-05 15:26:38,14923,14923,14923,2,-2
2022-12-05 15:27:20,14923,14923,14923,2,0
2022-12-05 15:27:21,14923,14923,14923,2,0
2022-12-05 15:27:21,14923,14923,14923,2,0
2022-12-05 15:27:34,14923,14923,14923,6,0
2022-12-05 15:27:34,14923,14923,14923,2,0
2022-12-05 15:27:46,14925,14925,14925,46,46
2022-12-05 15:27:46,14926,14926,14926,90,90
2022-12-05 15:27:46,14926,14926,14926,4,0
2022-12-05 15:27:46,14927,14927,14927,8,8
2022-12-05 15:27:46,14928,14928,14928,10,10
2022-12-05 15:27:46,14928,14928,14928,10,0
2022-12-05 15:27:46,14928,14928,14928,4,0
2022-12-05 15:27:46,14928,14928,14928,4,0
2022-12-05 15:27:46,14928,14928,14928,2,0
2022-12-05 15:27:46,14928,14928,14928,2,0
2022-12-05 15:27:49,14929,14929,14929,2,2
2022-12-05 15:27:49,14929,14929,14929,2,0
2022-12-05 15:27:52,14928,14928,14928,2,-2
2022-12-05 15:27:54,14928,14928,14928,2,0
2022-12-05 15:28:15,14927,14927,14927,6,-6
2022-12-05 15:28:15,14927,14927,14927,6,0
2022-12-05 15:28:16,14927,14927,14927,2,0
2022-12-05 15:28:16,14927,14927,14927,4,0
2022-12-05 15:28:17,14927,14927,14927,4,0
2022-12-05 15:28:22,14927,14927,14927,2,0
2022-12-05 15:28:27,14927,14927,14927,2,0
2022-12-05 15:28:27,14926,14926,14926,4,-4
2022-12-05 15:28:27,14928,14928,14928,46,46
2022-12-05 15:28:27,14928,14928,14928,2,0
2022-12-05 15:28:27,14928,14928,14928,8,0
2022-12-05 15:28:27,14928,14928,14928,2,0
2022-12-05 15:28:31,14929,14929,14929,2,2
2022-12-05 15:28:43,14929,14929,14929,4,0
2022-12-05 15:28:45,14929,14929,14929,4,0
2022-12-05 15:28:48,14928,14928,14928,2,-2
2022-12-05 15:28:50,14928,14928,14928,2,0
2022-12-05 15:28:50,14928,14928,14928,2,0
2022-12-05 15:28:50,14928,14928,14928,4,0
2022-12-05 15:28:50,14928,14928,14928,4,0
2022-12-05 15:28:58,14928,14928,14928,2,0
2022-12-05 15:29:04,14928,14928,14928,2,0
2022-12-05 15:29:04,14928,14928,14928,4,0
2022-12-05 15:29:05,14929,14929,14929,2,2
2022-12-05 15:29:10,14928,14928,14928,2,-2
2022-12-05 15:29:10,14928,14928,14928,2,0
2022-12-05 15:29:10,14928,14928,14928,2,0
2022-12-05 15:29:13,14928,14928,14928,4,0
2022-12-05 15:29:22,14928,14928,14928,2,0
2022-12-05 15:30:12,14928,14928,14928,2,0
2022-12-05 15:30:12,14929,14929,14929,2,2
2022-12-05 15:30:12,14929,14929,14929,10,0
2022-12-05 15:30:12,14929,14929,14929,2,0
2022-12-05 15:30:18,14929,14929,14929,2,0
2022-12-05 15:30:18,14929,14929,14929,4,0
2022-12-05 15:30:18,14929,14929,14929,2,0
2022-12-05 15:30:18,14929,14929,14929,4,0
2022-12-05 15:30:18,14929,14929,14929,10,0
2022-12-05 15:30:18,14929,14929,14929,2,0
2022-12-05 15:30:18,14929,14929,14929,2,0
2022-12-05 15:30:18,14929,14929,14929,2,0
2022-12-05 15:30:20,14930,14930,14930,2,2
2022-12-05 15:30:20,14930,14930,14930,26,0
2022-12-05 15:30:26,14929,14929,14929,2,-2
2022-12-05 15:30:34,14927,14927,14927,2,-2
2022-12-05 15:30:37,14926,14926,14926,2,-2
2022-12-05 15:30:37,14926,14926,14926,2,0
2022-12-05 15:30:47,14926,14926,14926,2,0
2022-12-05 15:30:49,14926,14926,14926,2,0
2022-12-05 15:30:49,14926,14926,14926,2,0
2022-12-05 15:30:49,14927,14927,14927,2,2
2022-12-05 15:30:49,14927,14927,14927,2,0
2022-12-05 15:30:49,14927,14927,14927,6,0
2022-12-05 15:31:11,14928,14928,14928,2,2
2022-12-05 15:31:11,14928,14928,14928,2,0
2022-12-05 15:31:11,14928,14928,14928,2,0
2022-12-05 15:31:11,14928,14928,14928,8,0
2022-12-05 15:31:20,14930,14930,14930,2,2
2022-12-05 15:31:37,14930,14930,14930,8,0
2022-12-05 15:31:38,14929,14929,14929,2,-2
2022-12-05 15:31:39,14930,14930,14930,8,8
2022-12-05 15:31:39,14929,14929,14929,2,-2
2022-12-05 15:31:45,14930,14930,14930,2,2
2022-12-05 15:31:45,14930,14930,14930,2,0
2022-12-05 15:31:45,14930,14930,14930,62,0
2022-12-05 15:31:45,14930,14930,14930,2,0
2022-12-05 15:31:45,14930,14930,14930,8,0
2022-12-05 15:31:49,14931,14931,14931,2,2
2022-12-05 15:31:49,14931,14931,14931,2,0
2022-12-05 15:31:50,14932,14932,14932,4,4
2022-12-05 15:31:52,14932,14932,14932,2,0
2022-12-05 15:32:04,14932,14932,14932,4,0
2022-12-05 15:32:06,14932,14932,14932,4,0
2022-12-05 15:32:06,14932,14932,14932,2,0
2022-12-05 15:32:06,14932,14932,14932,6,0
2022-12-05 15:32:06,14932,14932,14932,4,0
2022-12-05 15:32:06,14932,14932,14932,2,0
2022-12-05 15:32:08,14932,14932,14932,2,0
2022-12-05 15:32:14,14931,14931,14931,2,-2
2022-12-05 15:32:14,14931,14931,14931,4,0
2022-12-05 15:32:14,14931,14931,14931,2,0
2022-12-05 15:32:26,14932,14932,14932,6,6
2022-12-05 15:32:28,14932,14932,14932,2,0
2022-12-05 15:32:31,14933,14933,14933,2,2
2022-12-05 15:32:37,14933,14933,14933,8,0
2022-12-05 15:32:44,14933,14933,14933,2,0
2022-12-05 15:32:56,14934,14934,14934,2,2
2022-12-05 15:33:00,14934,14934,14934,2,0
2022-12-05 15:33:00,14934,14934,14934,2,0
2022-12-05 15:33:00,14934,14934,14934,2,0
2022-12-05 15:33:02,14934,14934,14934,2,0
2022-12-05 15:33:11,14934,14934,14934,6,0
2022-12-05 15:33:13,14934,14934,14934,2,0
2022-12-05 15:33:13,14934,14934,14934,4,0
2022-12-05 15:33:14,14934,14934,14934,2,0
2022-12-05 15:33:15,14934,14934,14934,4,0
2022-12-05 15:33:15,14933,14933,14933,2,-2
2022-12-05 15:33:15,14933,14933,14933,2,0
2022-12-05 15:33:15,14933,14933,14933,2,0
2022-12-05 15:33:15,14933,14933,14933,4,0
2022-12-05 15:33:20,14933,14933,14933,2,0
2022-12-05 15:33:21,14933,14933,14933,2,0
2022-12-05 15:33:33,14932,14932,14932,2,-2
2022-12-05 15:33:37,14933,14933,14933,2,2
2022-12-05 15:33:40,14933,14933,14933,2,0
2022-12-05 15:33:40,14933,14933,14933,2,0
2022-12-05 15:33:40,14933,14933,14933,2,0
2022-12-05 15:33:40,14933,14933,14933,2,0
2022-12-05 15:33:40,14933,14933,14933,2,0
2022-12-05 15:33:40,14932,14932,14932,2,-2
2022-12-05 15:33:43,14933,14933,14933,4,4
2022-12-05 15:33:45,14934,14934,14934,2,2
2022-12-05 15:33:58,14934,14934,14934,10,0
2022-12-05 15:33:58,14934,14934,14934,2,0
2022-12-05 15:33:58,14934,14934,14934,2,0
2022-12-05 15:34:00,14935,14935,14935,2,2
2022-12-05 15:34:02,14935,14935,14935,2,0
2022-12-05 15:34:02,14935,14935,14935,2,0
2022-12-05 15:34:07,14934,14934,14934,4,-4
2022-12-05 15:34:08,14935,14935,14935,2,2
2022-12-05 15:34:09,14934,14934,14934,2,-2
2022-12-05 15:34:09,14934,14934,14934,6,0
2022-12-05 15:34:09,14934,14934,14934,2,0
2022-12-05 15:34:09,14934,14934,14934,2,0
2022-12-05 15:34:11,14935,14935,14935,4,4
2022-12-05 15:34:17,14934,14934,14934,2,-2
2022-12-05 15:34:17,14934,14934,14934,2,0
2022-12-05 15:34:22,14934,14934,14934,2,0
2022-12-05 15:34:35,14934,14934,14934,4,0
2022-12-05 15:34:37,14934,14934,14934,4,0
2022-12-05 15:34:49,14934,14934,14934,2,0
2022-12-05 15:34:55,14933,14933,14933,2,-2
2022-12-05 15:35:00,14934,14934,14934,2,2
2022-12-05 15:35:00,14933,14933,14933,2,-2
2022-12-05 15:35:00,14933,14933,14933,4,0
2022-12-05 15:35:00,14933,14933,14933,2,0
2022-12-05 15:35:01,14934,14934,14934,2,2
2022-12-05 15:35:21,14933,14933,14933,2,-2
2022-12-05 15:35:22,14934,14934,14934,14,14
2022-12-05 15:35:27,14935,14935,14935,2,2
2022-12-05 15:35:35,14935,14935,14935,2,0
2022-12-05 15:35:35,14935,14935,14935,6,0
2022-12-05 15:35:38,14934,14934,14934,2,-2
2022-12-05 15:35:43,14935,14935,14935,2,2
2022-12-05 15:35:44,14934,14934,14934,2,-2
2022-12-05 15:35:59,14934,14934,14934,2,0
2022-12-05 15:36:07,14933,14933,14933,2,-2
2022-12-05 15:36:29,14934,14934,14934,2,2
2022-12-05 15:36:36,14934,14934,14934,2,0
2022-12-05 15:36:39,14934,14934,14934,2,0
2022-12-05 15:36:43,14934,14934,14934,2,0
2022-12-05 15:36:48,14934,14934,14934,4,0
2022-12-05 15:36:49,14934,14934,14934,2,0
2022-12-05 15:36:50,14934,14934,14934,2,0
2022-12-05 15:37:00,14934,14934,14934,2,0
2022-12-05 15:37:01,14934,14934,14934,2,0
2022-12-05 15:37:01,14934,14934,14934,4,0
2022-12-05 15:37:01,14934,14934,14934,2,0
2022-12-05 15:37:05,14934,14934,14934,2,0
2022-12-05 15:37:05,14934,14934,14934,2,0
2022-12-05 15:37:09,14934,14934,14934,2,0
2022-12-05 15:37:20,14933,14933,14933,4,-4
2022-12-05 15:37:20,14933,14933,14933,2,0
2022-12-05 15:37:20,14933,14933,14933,4,0
2022-12-05 15:37:35,14932,14932,14932,2,-2
2022-12-05 15:37:35,14932,14932,14932,2,0
2022-12-05 15:37:35,14932,14932,14932,2,0
2022-12-05 15:37:35,14932,14932,14932,2,0
2022-12-05 15:37:35,14932,14932,14932,2,0
2022-12-05 15:37:37,14931,14931,14931,2,-2
2022-12-05 15:37:37,14932,14932,14932,2,2
2022-12-05 15:38:03,14931,14931,14931,4,-4
2022-12-05 15:38:03,14931,14931,14931,4,0
2022-12-05 15:38:03,14931,14931,14931,6,0
2022-12-05 15:38:03,14931,14931,14931,4,0
2022-12-05 15:38:03,14931,14931,14931,2,0
2022-12-05 15:38:10,14931,14931,14931,2,0
2022-12-05 15:38:14,14930,14930,14930,2,-2
2022-12-05 15:38:16,14931,14931,14931,4,4
2022-12-05 15:38:16,14931,14931,14931,2,0
2022-12-05 15:38:18,14931,14931,14931,2,0
2022-12-05 15:38:18,14931,14931,14931,2,0
2022-12-05 15:38:31,14932,14932,14932,2,2
2022-12-05 15:39:02,14932,14932,14932,4,0
2022-12-05 15:39:03,14931,14931,14931,6,-6
2022-12-05 15:39:03,14931,14931,14931,2,0
2022-12-05 15:39:03,14931,14931,14931,2,0
2022-12-05 15:39:03,14931,14931,14931,2,0
2022-12-05 15:39:13,14931,14931,14931,2,0
2022-12-05 15:39:17,14931,14931,14931,2,0
2022-12-05 15:39:17,14931,14931,14931,2,0
2022-12-05 15:39:25,14931,14931,14931,2,0
2022-12-05 15:39:38,14931,14931,14931,2,0
2022-12-05 15:39:40,14932,14932,14932,2,2
2022-12-05 15:39:44,14933,14933,14933,6,6
2022-12-05 15:39:45,14933,14933,14933,2,0
2022-12-05 15:40:07,14934,14934,14934,8,8
2022-12-05 15:40:08,14934,14934,14934,2,0
2022-12-05 15:40:08,14934,14934,14934,2,0
2022-12-05 15:40:08,14934,14934,14934,2,0
2022-12-05 15:40:14,14934,14934,14934,2,0
2022-12-05 15:40:14,14934,14934,14934,2,0
2022-12-05 15:40:25,14933,14933,14933,2,-2
2022-12-05 15:40:25,14933,14933,14933,2,0
2022-12-05 15:40:56,14933,14933,14933,2,0
2022-12-05 15:40:57,14933,14933,14933,2,0
2022-12-05 15:40:57,14932,14932,14932,2,-2
2022-12-05 15:40:57,14932,14932,14932,2,0
2022-12-05 15:41:03,14932,14932,14932,2,0
2022-12-05 15:41:11,14931,14931,14931,2,-2
2022-12-05 15:41:20,14931,14931,14931,16,0
2022-12-05 15:41:20,14931,14931,14931,2,0
2022-12-05 15:41:20,14931,14931,14931,2,0
2022-12-05 15:41:27,14931,14931,14931,2,0
2022-12-05 15:41:27,14931,14931,14931,2,0
2022-12-05 15:41:50,14930,14930,14930,14,-14
2022-12-05 15:41:50,14930,14930,14930,2,0
2022-12-05 15:41:50,14930,14930,14930,2,0
2022-12-05 15:41:50,14930,14930,14930,2,0
2022-12-05 15:41:50,14930,14930,14930,2,0
2022-12-05 15:41:50,14930,14930,14930,2,0
2022-12-05 15:41:50,14930,14930,14930,2,0
2022-12-05 15:41:50,14930,14930,14930,2,0
2022-12-05 15:41:50,14930,14930,14930,4,0
2022-12-05 15:41:50,14930,14930,14930,2,0
2022-12-05 15:41:50,14930,14930,14930,2,0
2022-12-05 15:41:50,14930,14930,14930,2,0
2022-12-05 15:41:50,14930,14930,14930,2,0
2022-12-05 15:41:50,14930,14930,14930,4,0
2022-12-05 15:41:50,14930,14930,14930,2,0
2022-12-05 15:41:50,14930,14930,14930,2,0
2022-12-05 15:41:50,14930,14930,14930,2,0
2022-12-05 15:41:59,14930,14930,14930,2,0
2022-12-05 15:41:59,14930,14930,14930,10,0
2022-12-05 15:42:05,14930,14930,14930,2,0
2022-12-05 15:42:05,14931,14931,14931,2,2
2022-12-05 15:42:05,14931,14931,14931,2,0
2022-12-05 15:42:21,14930,14930,14930,2,-2
2022-12-05 15:43:05,14930,14930,14930,2,0
2022-12-05 15:43:10,14930,14930,14930,2,0
2022-12-05 15:43:10,14930,14930,14930,2,0
2022-12-05 15:43:10,14930,14930,14930,2,0
2022-12-05 15:43:10,14930,14930,14930,2,0
2022-12-05 15:43:16,14931,14931,14931,2,2
2022-12-05 15:43:16,14929,14929,14929,2,-2
2022-12-05 15:43:37,14929,14929,14929,2,0
2022-12-05 15:43:37,14929,14929,14929,2,0
2022-12-05 15:43:46,14929,14929,14929,18,0
2022-12-05 15:43:46,14929,14929,14929,2,0
2022-12-05 15:43:46,14929,14929,14929,2,0
2022-12-05 15:43:46,14928,14928,14928,2,-2
2022-12-05 15:43:54,14928,14928,14928,2,0
2022-12-05 15:44:01,14927,14927,14927,2,-2
2022-12-05 15:44:01,14927,14927,14927,2,0
2022-12-05 15:44:01,14927,14927,14927,2,0
2022-12-05 15:44:02,14927,14927,14927,10,0
2022-12-05 15:44:06,14926,14926,14926,4,-4
2022-12-05 15:44:06,14926,14926,14926,2,0
2022-12-05 15:44:10,14926,14926,14926,2,0
2022-12-05 15:44:13,14926,14926,14926,2,0
2022-12-05 15:44:13,14926,14926,14926,2,0
2022-12-05 15:44:15,14926,14926,14926,2,0
2022-12-05 15:44:17,14927,14927,14927,2,2
2022-12-05 15:44:34,14926,14926,14926,2,-2
2022-12-05 15:44:34,14926,14926,14926,2,0
2022-12-05 15:44:34,14926,14926,14926,2,0
2022-12-05 15:44:34,14926,14926,14926,2,0
2022-12-05 15:44:36,14926,14926,14926,2,0
2022-12-05 15:44:36,14926,14926,14926,2,0
2022-12-05 15:44:41,14925,14925,14925,2,-2
2022-12-05 15:44:41,14925,14925,14925,2,0
2022-12-05 15:44:41,14925,14925,14925,2,0
2022-12-05 15:44:41,14925,14925,14925,2,0
2022-12-05 15:44:48,14924,14924,14924,2,-2
2022-12-05 15:44:50,14925,14925,14925,2,2
2022-12-05 15:45:03,14925,14925,14925,2,0
2022-12-05 15:45:03,14924,14924,14924,2,-2
2022-12-05 15:45:26,14925,14925,14925,2,2
2022-12-05 15:45:26,14925,14925,14925,2,0
2022-12-05 15:45:26,14925,14925,14925,6,0
2022-12-05 15:45:34,14926,14926,14926,2,2
2022-12-05 15:45:34,14927,14927,14927,2,2
2022-12-05 15:45:34,14925,14925,14925,2,-2
2022-12-05 15:45:42,14927,14927,14927,2,2
2022-12-05 15:46:04,14927,14927,14927,2,0
2022-12-05 15:46:04,14927,14927,14927,2,0
2022-12-05 15:46:08,14927,14927,14927,4,0
2022-12-05 15:46:13,14925,14925,14925,4,-4
2022-12-05 15:46:18,14927,14927,14927,2,2
2022-12-05 15:46:40,14926,14926,14926,2,-2
2022-12-05 15:46:48,14925,14925,14925,2,-2
2022-12-05 15:46:48,14924,14924,14924,2,-2
2022-12-05 15:46:48,14924,14924,14924,2,0
2022-12-05 15:46:48,14924,14924,14924,2,0
2022-12-05 15:46:48,14924,14924,14924,2,0
2022-12-05 15:46:48,14924,14924,14924,2,0
2022-12-05 15:46:48,14924,14924,14924,2,0
2022-12-05 15:47:21,14924,14924,14924,2,0
2022-12-05 15:47:23,14926,14926,14926,2,2
2022-12-05 15:47:47,14923,14923,14923,2,-2
2022-12-05 15:47:47,14923,14923,14923,2,0
2022-12-05 15:47:47,14923,14923,14923,2,0
2022-12-05 15:47:47,14923,14923,14923,6,0
2022-12-05 15:47:47,14923,14923,14923,2,0
2022-12-05 15:47:47,14923,14923,14923,2,0
2022-12-05 15:47:47,14923,14923,14923,2,0
2022-12-05 15:47:47,14923,14923,14923,2,0
2022-12-05 15:47:47,14922,14922,14922,2,-2
2022-12-05 15:47:47,14922,14922,14922,2,0
2022-12-05 15:47:47,14922,14922,14922,4,0
2022-12-05 15:47:47,14922,14922,14922,2,0
2022-12-05 15:47:47,14922,14922,14922,2,0
2022-12-05 15:47:47,14922,14922,14922,2,0
2022-12-05 15:47:47,14922,14922,14922,2,0
2022-12-05 15:47:47,14922,14922,14922,2,0
2022-12-05 15:47:47,14921,14921,14921,2,-2
2022-12-05 15:47:47,14921,14921,14921,2,0
2022-12-05 15:47:47,14921,14921,14921,2,0
2022-12-05 15:47:47,14921,14921,14921,2,0
2022-12-05 15:47:47,14921,14921,14921,2,0
2022-12-05 15:47:47,14921,14921,14921,2,0
2022-12-05 15:47:47,14921,14921,14921,2,0
2022-12-05 15:47:47,14921,14921,14921,2,0
2022-12-05 15:47:47,14920,14920,14920,2,-2
2022-12-05 15:47:47,14920,14920,14920,2,0
2022-12-05 15:47:47,14920,14920,14920,2,0
2022-12-05 15:47:47,14920,14920,14920,2,0
2022-12-05 15:47:47,14920,14920,14920,2,0
2022-12-05 15:47:47,14920,14920,14920,8,0
2022-12-05 15:47:47,14920,14920,14920,2,0
2022-12-05 15:47:47,14920,14920,14920,2,0
2022-12-05 15:47:47,14920,14920,14920,2,0
2022-12-05 15:47:47,14920,14920,14920,2,0
2022-12-05 15:47:47,14920,14920,14920,2,0
2022-12-05 15:47:47,14920,14920,14920,2,0
2022-12-05 15:47:47,14920,14920,14920,2,0
2022-12-05 15:47:47,14920,14920,14920,6,0
2022-12-05 15:47:47,14920,14920,14920,6,0
2022-12-05 15:47:47,14920,14920,14920,20,0
2022-12-05 15:47:47,14920,14920,14920,6,0
2022-12-05 15:47:47,14920,14920,14920,4,0
2022-12-05 15:47:47,14920,14920,14920,2,0
2022-12-05 15:47:47,14920,14920,14920,8,0
2022-12-05 15:47:47,14920,14920,14920,2,0
2022-12-05 15:47:47,14920,14920,14920,2,0
2022-12-05 15:47:47,14919,14919,14919,2,-2
2022-12-05 15:47:47,14919,14919,14919,2,0
2022-12-05 15:47:47,14919,14919,14919,2,0
2022-12-05 15:47:47,14918,14918,14918,2,-2
2022-12-05 15:47:47,14918,14918,14918,2,0
2022-12-05 15:47:47,14918,14918,14918,2,0
2022-12-05 15:47:47,14918,14918,14918,2,0
2022-12-05 15:47:47,14918,14918,14918,2,0
2022-12-05 15:47:47,14918,14918,14918,2,0
2022-12-05 15:47:47,14918,14918,14918,2,0
2022-12-05 15:47:48,14918,14918,14918,6,0
2022-12-05 15:47:48,14918,14918,14918,2,0
2022-12-05 15:47:48,14918,14918,14918,2,0
2022-12-05 15:47:48,14918,14918,14918,2,0
2022-12-05 15:47:49,14919,14919,14919,2,2
2022-12-05 15:47:49,14919,14919,14919,4,0
2022-12-05 15:47:51,14919,14919,14919,2,0
2022-12-05 15:47:51,14918,14918,14918,2,-2
2022-12-05 15:47:51,14918,14918,14918,2,0
2022-12-05 15:47:51,14918,14918,14918,2,0
2022-12-05 15:47:51,14918,14918,14918,8,0
2022-12-05 15:47:51,14918,14918,14918,2,0
2022-12-05 15:47:51,14918,14918,14918,2,0
2022-12-05 15:47:51,14918,14918,14918,2,0
2022-12-05 15:47:52,14919,14919,14919,2,2
2022-12-05 15:47:52,14919,14919,14919,2,0
2022-12-05 15:47:54,14920,14920,14920,8,8
2022-12-05 15:47:54,14921,14921,14921,2,2
2022-12-05 15:47:56,14920,14920,14920,2,-2
2022-12-05 15:47:56,14920,14920,14920,2,0
2022-12-05 15:48:07,14919,14919,14919,2,-2
2022-12-05 15:48:10,14919,14919,14919,2,0
2022-12-05 15:48:10,14919,14919,14919,2,0
2022-12-05 15:48:17,14919,14919,14919,2,0
2022-12-05 15:48:19,14920,14920,14920,2,2
2022-12-05 15:48:19,14920,14920,14920,28,0
2022-12-05 15:48:20,14920,14920,14920,2,0
2022-12-05 15:48:21,14920,14920,14920,2,0
2022-12-05 15:48:22,14920,14920,14920,2,0
2022-12-05 15:48:22,14920,14920,14920,2,0
2022-12-05 15:48:25,14921,14921,14921,2,2
2022-12-05 15:48:30,14919,14919,14919,2,-2
2022-12-05 15:48:30,14919,14919,14919,2,0
2022-12-05 15:48:35,14919,14919,14919,2,0
2022-12-05 15:48:38,14921,14921,14921,4,4
2022-12-05 15:48:39,14920,14920,14920,2,-2
2022-12-05 15:48:39,14919,14919,14919,2,-2
2022-12-05 15:48:43,14919,14919,14919,2,0
2022-12-05 15:48:43,14919,14919,14919,2,0
2022-12-05 15:48:52,14919,14919,14919,2,0
2022-12-05 15:48:52,14919,14919,14919,4,0
2022-12-05 15:48:53,14919,14919,14919,2,0
2022-12-05 15:48:55,14919,14919,14919,2,0
2022-12-05 15:48:57,14919,14919,14919,2,0
2022-12-05 15:48:59,14919,14919,14919,8,0
2022-12-05 15:48:59,14920,14920,14920,2,2
2022-12-05 15:49:03,14920,14920,14920,2,0
2022-12-05 15:49:04,14920,14920,14920,2,0
2022-12-05 15:49:04,14920,14920,14920,2,0
2022-12-05 15:49:07,14919,14919,14919,2,-2
2022-12-05 15:49:14,14918,14918,14918,2,-2
2022-12-05 15:49:14,14918,14918,14918,2,0
2022-12-05 15:49:17,14918,14918,14918,10,0
2022-12-05 15:49:17,14918,14918,14918,2,0
2022-12-05 15:49:17,14918,14918,14918,2,0
2022-12-05 15:49:17,14918,14918,14918,2,0
2022-12-05 15:49:17,14918,14918,14918,2,0
2022-12-05 15:49:17,14918,14918,14918,2,0
2022-12-05 15:49:17,14918,14918,14918,2,0
2022-12-05 15:49:17,14918,14918,14918,2,0
2022-12-05 15:49:17,14917,14917,14917,2,-2
2022-12-05 15:49:17,14917,14917,14917,2,0
2022-12-05 15:49:17,14917,14917,14917,2,0
2022-12-05 15:49:17,14916,14916,14916,2,-2
2022-12-05 15:49:18,14916,14916,14916,2,0
2022-12-05 15:49:19,14917,14917,14917,2,2
2022-12-05 15:49:19,14917,14917,14917,2,0
2022-12-05 15:49:19,14917,14917,14917,2,0
2022-12-05 15:49:23,14916,14916,14916,2,-2
2022-12-05 15:49:23,14916,14916,14916,2,0
2022-12-05 15:49:23,14916,14916,14916,2,0
2022-12-05 15:49:23,14916,14916,14916,2,0
2022-12-05 15:49:23,14916,14916,14916,2,0
2022-12-05 15:49:25,14916,14916,14916,2,0
2022-12-05 15:49:26,14917,14917,14917,2,2
2022-12-05 15:49:27,14917,14917,14917,2,0
2022-12-05 15:49:27,14917,14917,14917,2,0
2022-12-05 15:49:27,14917,14917,14917,2,0
2022-12-05 15:49:27,14917,14917,14917,2,0
2022-12-05 15:49:27,14916,14916,14916,2,-2
2022-12-05 15:49:27,14916,14916,14916,2,0
2022-12-05 15:49:28,14916,14916,14916,2,0
2022-12-05 15:49:29,14916,14916,14916,2,0
2022-12-05 15:49:29,14916,14916,14916,2,0
2022-12-05 15:49:29,14916,14916,14916,2,0
2022-12-05 15:49:31,14917,14917,14917,2,2
2022-12-05 15:49:31,14918,14918,14918,2,2
2022-12-05 15:49:31,14916,14916,14916,2,-2
2022-12-05 15:49:31,14916,14916,14916,2,0
2022-12-05 15:49:31,14916,14916,14916,2,0
2022-12-05 15:49:32,14917,14917,14917,4,4
2022-12-05 15:49:32,14917,14917,14917,2,0
2022-12-05 15:49:33,14917,14917,14917,2,0
2022-12-05 15:49:33,14917,14917,14917,2,0
2022-12-05 15:49:33,14917,14917,14917,2,0
2022-12-05 15:49:35,14917,14917,14917,2,0
2022-12-05 15:49:35,14917,14917,14917,2,0
2022-12-05 15:49:35,14917,14917,14917,2,0
2022-12-05 15:49:36,14918,14918,14918,4,4
2022-12-05 15:49:36,14917,14917,14917,2,-2
2022-12-05 15:49:43,14917,14917,14917,2,0
2022-12-05 15:49:43,14917,14917,14917,2,0
2022-12-05 15:49:43,14917,14917,14917,2,0
2022-12-05 15:49:46,14917,14917,14917,2,0
2022-12-05 15:49:46,14917,14917,14917,4,0
2022-12-05 15:49:48,14918,14918,14918,2,2
2022-12-05 15:49:49,14918,14918,14918,2,0
2022-12-05 15:49:56,14917,14917,14917,2,-2
2022-12-05 15:49:56,14917,14917,14917,2,0
2022-12-05 15:50:03,14916,14916,14916,4,-4
2022-12-05 15:50:03,14916,14916,14916,4,0
2022-12-05 15:50:04,14916,14916,14916,2,0
2022-12-05 15:50:07,14917,14917,14917,2,2
2022-12-05 15:50:08,14917,14917,14917,2,0
2022-12-05 15:50:10,14916,14916,14916,4,-4
2022-12-05 15:50:11,14917,14917,14917,4,4
2022-12-05 15:50:14,14917,14917,14917,2,0
2022-12-05 15:50:14,14917,14917,14917,2,0
2022-12-05 15:50:15,14917,14917,14917,2,0
2022-12-05 15:50:15,14916,14916,14916,2,-2
2022-12-05 15:50:15,14916,14916,14916,2,0
2022-12-05 15:50:17,14917,14917,14917,2,2
2022-12-05 15:50:19,14918,14918,14918,2,2
2022-12-05 15:50:22,14917,14917,14917,2,-2
2022-12-05 15:50:28,14917,14917,14917,2,0
2022-12-05 15:50:40,14918,14918,14918,20,20
2022-12-05 15:50:41,14918,14918,14918,2,0
2022-12-05 15:50:55,14920,14920,14920,2,2
2022-12-05 15:51:07,14920,14920,14920,2,0
2022-12-05 15:51:08,14919,14919,14919,2,-2
2022-12-05 15:51:08,14919,14919,14919,2,0
2022-12-05 15:51:08,14919,14919,14919,2,0
2022-12-05 15:51:10,14920,14920,14920,4,4
2022-12-05 15:51:18,14920,14920,14920,2,0
2022-12-05 15:51:23,14920,14920,14920,2,0
2022-12-05 15:51:25,14920,14920,14920,2,0
2022-12-05 15:51:25,14920,14920,14920,2,0
2022-12-05 15:51:31,14919,14919,14919,2,-2
2022-12-05 15:51:33,14920,14920,14920,2,2
2022-12-05 15:51:46,14920,14920,14920,2,0
2022-12-05 15:51:46,14920,14920,14920,8,0
2022-12-05 15:51:46,14920,14920,14920,2,0
2022-12-05 15:51:57,14921,14921,14921,2,2
2022-12-05 15:52:00,14921,14921,14921,2,0
2022-12-05 15:52:01,14920,14920,14920,2,-2
2022-12-05 15:52:04,14921,14921,14921,2,2
2022-12-05 15:52:11,14922,14922,14922,4,4
2022-12-05 15:52:14,14922,14922,14922,2,0
2022-12-05 15:52:22,14921,14921,14921,2,-2
2022-12-05 15:52:22,14921,14921,14921,2,0
2022-12-05 15:52:22,14921,14921,14921,2,0
2022-12-05 15:52:26,14921,14921,14921,4,0
2022-12-05 15:52:26,14921,14921,14921,2,0
2022-12-05 15:52:27,14921,14921,14921,2,0
2022-12-05 15:52:54,14922,14922,14922,2,2
2022-12-05 15:53:01,14923,14923,14923,4,4
2022-12-05 15:53:01,14922,14922,14922,2,-2
2022-12-05 15:53:01,14922,14922,14922,2,0
2022-12-05 15:53:01,14921,14921,14921,2,-2
2022-12-05 15:53:03,14921,14921,14921,2,0
2022-12-05 15:53:03,14921,14921,14921,2,0
2022-12-05 15:53:03,14921,14921,14921,2,0
2022-12-05 15:53:08,14921,14921,14921,2,0
2022-12-05 15:53:09,14921,14921,14921,2,0
2022-12-05 15:53:09,14921,14921,14921,2,0
2022-12-05 15:53:09,14921,14921,14921,2,0
2022-12-05 15:53:11,14921,14921,14921,2,0
2022-12-05 15:53:11,14921,14921,14921,2,0
2022-12-05 15:53:11,14921,14921,14921,2,0
2022-12-05 15:53:11,14922,14922,14922,2,2
2022-12-05 15:53:13,14920,14920,14920,2,-2
2022-12-05 15:53:13,14920,14920,14920,4,0
2022-12-05 15:53:15,14921,14921,14921,2,2
2022-12-05 15:53:23,14921,14921,14921,2,0
2022-12-05 15:53:33,14922,14922,14922,2,2
2022-12-05 15:53:39,14921,14921,14921,4,-4
2022-12-05 15:53:39,14921,14921,14921,4,0
2022-12-05 15:53:39,14921,14921,14921,2,0
2022-12-05 15:53:39,14921,14921,14921,2,0
2022-12-05 15:53:39,14921,14921,14921,2,0
2022-12-05 15:53:39,14921,14921,14921,4,0
2022-12-05 15:53:54,14923,14923,14923,4,4
2022-12-05 15:54:00,14922,14922,14922,2,-2
2022-12-05 15:54:31,14923,14923,14923,2,2
2022-12-05 15:54:37,14923,14923,14923,2,0
2022-12-05 15:54:40,14923,14923,14923,2,0
2022-12-05 15:54:59,14923,14923,14923,4,0
2022-12-05 15:54:59,14923,14923,14923,2,0
2022-12-05 15:55:00,14924,14924,14924,4,4
2022-12-05 15:55:06,14923,14923,14923,4,-4
2022-12-05 15:55:07,14923,14923,14923,2,0
2022-12-05 15:55:09,14924,14924,14924,20,20
2022-12-05 15:55:13,14925,14925,14925,4,4
2022-12-05 15:55:14,14925,14925,14925,2,0
2022-12-05 15:55:18,14925,14925,14925,2,0
2022-12-05 15:55:26,14926,14926,14926,2,2
2022-12-05 15:55:27,14927,14927,14927,2,2
2022-12-05 15:55:27,14927,14927,14927,2,0
2022-12-05 15:55:30,14925,14925,14925,2,-2
2022-12-05 15:55:37,14925,14925,14925,2,0
2022-12-05 15:55:37,14925,14925,14925,2,0
2022-12-05 15:55:40,14925,14925,14925,14,0
2022-12-05 15:55:40,14925,14925,14925,4,0
2022-12-05 15:55:55,14925,14925,14925,2,0
2022-12-05 15:55:55,14925,14925,14925,2,0
2022-12-05 15:55:59,14926,14926,14926,2,2
2022-12-05 15:55:59,14926,14926,14926,2,0
2022-12-05 15:56:06,14927,14927,14927,4,4
2022-12-05 15:56:09,14928,14928,14928,2,2
2022-12-05 15:56:09,14929,14929,14929,2,2
2022-12-05 15:56:09,14929,14929,14929,2,0
2022-12-05 15:56:09,14930,14930,14930,2,2
2022-12-05 15:56:11,14928,14928,14928,2,-2
2022-12-05 15:56:20,14929,14929,14929,4,4
2022-12-05 15:56:20,14928,14928,14928,2,-2
2022-12-05 15:56:20,14928,14928,14928,6,0
2022-12-05 15:56:21,14928,14928,14928,2,0
2022-12-05 15:56:21,14928,14928,14928,2,0
2022-12-05 15:56:23,14928,14928,14928,4,0
2022-12-05 15:56:40,14929,14929,14929,2,2
2022-12-05 15:56:57,14930,14930,14930,2,2
2022-12-05 15:56:57,14930,14930,14930,4,0
2022-12-05 15:56:57,14930,14930,14930,2,0
2022-12-05 15:56:57,14930,14930,14930,10,0
2022-12-05 15:56:57,14930,14930,14930,14,0
2022-12-05 15:56:58,14929,14929,14929,2,-2
2022-12-05 15:56:58,14929,14929,14929,2,0
2022-12-05 15:57:05,14929,14929,14929,2,0
2022-12-05 15:57:06,14929,14929,14929,2,0
2022-12-05 15:57:06,14929,14929,14929,2,0
2022-12-05 15:57:12,14928,14928,14928,2,-2
2022-12-05 15:57:15,14928,14928,14928,2,0
2022-12-05 15:57:15,14928,14928,14928,2,0
2022-12-05 15:57:15,14928,14928,14928,2,0
2022-12-05 15:57:16,14927,14927,14927,2,-2
2022-12-05 15:57:16,14927,14927,14927,2,0
2022-12-05 15:57:16,14927,14927,14927,2,0
2022-12-05 15:57:23,14928,14928,14928,2,2
2022-12-05 15:57:34,14927,14927,14927,2,-2
2022-12-05 15:57:49,14927,14927,14927,2,0
2022-12-05 15:58:00,14926,14926,14926,2,-2
2022-12-05 15:58:05,14926,14926,14926,2,0
2022-12-05 15:58:05,14926,14926,14926,6,0
2022-12-05 15:58:08,14925,14925,14925,2,-2
2022-12-05 15:58:22,14925,14925,14925,2,0
2022-12-05 15:58:24,14926,14926,14926,2,2
2022-12-05 15:58:37,14926,14926,14926,2,0
2022-12-05 15:58:46,14926,14926,14926,2,0
2022-12-05 15:58:46,14926,14926,14926,2,0
2022-12-05 15:58:46,14926,14926,14926,2,0
2022-12-05 15:58:52,14925,14925,14925,2,-2
2022-12-05 15:58:52,14925,14925,14925,2,0
2022-12-05 15:58:52,14925,14925,14925,2,0
2022-12-05 15:58:57,14925,14925,14925,2,0
2022-12-05 15:58:57,14924,14924,14924,2,-2
2022-12-05 15:58:57,14924,14924,14924,2,0
2022-12-05 15:58:59,14925,14925,14925,6,6
2022-12-05 15:59:00,14926,14926,14926,2,2
2022-12-05 15:59:04,14925,14925,14925,2,-2
2022-12-05 15:59:06,14925,14925,14925,6,0
2022-12-05 15:59:09,14924,14924,14924,2,-2
2022-12-05 15:59:09,14924,14924,14924,2,0
2022-12-05 15:59:09,14924,14924,14924,2,0
2022-12-05 15:59:10,14923,14923,14923,4,-4
2022-12-05 15:59:10,14923,14923,14923,2,0
2022-12-05 15:59:10,14923,14923,14923,6,0
2022-12-05 15:59:10,14923,14923,14923,4,0
2022-12-05 15:59:10,14923,14923,14923,2,0
2022-12-05 15:59:10,14922,14922,14922,4,-4
2022-12-05 15:59:12,14922,14922,14922,6,0
2022-12-05 15:59:13,14922,14922,14922,2,0
2022-12-05 15:59:14,14921,14921,14921,4,-4
2022-12-05 15:59:14,14921,14921,14921,2,0
2022-12-05 15:59:18,14921,14921,14921,2,0
2022-12-05 15:59:19,14922,14922,14922,4,4
2022-12-05 15:59:21,14921,14921,14921,2,-2
2022-12-05 15:59:21,14921,14921,14921,2,0
2022-12-05 15:59:21,14921,14921,14921,2,0
2022-12-05 15:59:21,14921,14921,14921,2,0
2022-12-05 15:59:23,14920,14920,14920,2,-2
2022-12-05 15:59:23,14920,14920,14920,2,0
2022-12-05 15:59:24,14920,14920,14920,2,0
2022-12-05 15:59:24,14920,14920,14920,2,0
2022-12-05 15:59:24,14920,14920,14920,2,0
2022-12-05 15:59:25,14919,14919,14919,2,-2
2022-12-05 15:59:25,14919,14919,14919,2,0
2022-12-05 15:59:25,14919,14919,14919,2,0
2022-12-05 15:59:25,14919,14919,14919,2,0
2022-12-05 15:59:25,14919,14919,14919,2,0
2022-12-05 15:59:25,14918,14918,14918,2,-2
2022-12-05 15:59:25,14918,14918,14918,2,0
2022-12-05 15:59:25,14918,14918,14918,2,0
2022-12-05 15:59:25,14918,14918,14918,2,0
2022-12-05 15:59:25,14918,14918,14918,2,0
2022-12-05 15:59:33,14917,14917,14917,10,-10
2022-12-05 15:59:33,14917,14917,14917,4,0
2022-12-05 15:59:33,14917,14917,14917,2,0
2022-12-05 15:59:33,14917,14917,14917,2,0
2022-12-05 15:59:33,14916,14916,14916,2,-2
2022-12-05 15:59:33,14916,14916,14916,2,0
2022-12-05 15:59:33,14916,14916,14916,2,0
2022-12-05 15:59:33,14916,14916,14916,4,0
2022-12-05 15:59:33,14916,14916,14916,2,0
2022-12-05 15:59:33,14916,14916,14916,2,0
2022-12-05 15:59:33,14915,14915,14915,2,-2
2022-12-05 15:59:33,14915,14915,14915,20,0
2022-12-05 15:59:33,14915,14915,14915,2,0
2022-12-05 15:59:33,14915,14915,14915,2,0
2022-12-05 15:59:33,14915,14915,14915,2,0
2022-12-05 15:59:33,14915,14915,14915,8,0
2022-12-05 15:59:33,14915,14915,14915,12,0
2022-12-05 15:59:33,14915,14915,14915,2,0
2022-12-05 15:59:33,14915,14915,14915,2,0
2022-12-05 15:59:33,14915,14915,14915,2,0
2022-12-05 15:59:33,14915,14915,14915,2,0
2022-12-05 15:59:33,14915,14915,14915,20,0
2022-12-05 15:59:33,14915,14915,14915,2,0
2022-12-05 15:59:33,14915,14915,14915,2,0
2022-12-05 15:59:33,14915,14915,14915,2,0
2022-12-05 15:59:33,14915,14915,14915,2,0
2022-12-05 15:59:33,14915,14915,14915,2,0
2022-12-05 15:59:33,14915,14915,14915,2,0
2022-12-05 15:59:33,14915,14915,14915,2,0
2022-12-05 15:59:33,14915,14915,14915,2,0
2022-12-05 15:59:33,14915,14915,14915,2,0
2022-12-05 15:59:33,14915,14915,14915,2,0
2022-12-05 15:59:33,14915,14915,14915,2,0
2022-12-05 15:59:33,14915,14915,14915,2,0
2022-12-05 15:59:33,14914,14914,14914,2,-2
2022-12-05 15:59:33,14915,14915,14915,2,2
2022-12-05 15:59:33,14915,14915,14915,2,0
2022-12-05 15:59:33,14916,14916,14916,2,2
2022-12-05 15:59:35,14917,14917,14917,2,2
2022-12-05 15:59:37,14915,14915,14915,2,-2
2022-12-05 15:59:37,14915,14915,14915,2,0
2022-12-05 15:59:37,14915,14915,14915,2,0
2022-12-05 15:59:39,14915,14915,14915,2,0
2022-12-05 15:59:45,14916,14916,14916,2,2
2022-12-05 15:59:46,14917,14917,14917,2,2
2022-12-05 15:59:48,14917,14917,14917,2,0
2022-12-05 15:59:48,14917,14917,14917,2,0
2022-12-05 15:59:48,14917,14917,14917,2,0
2022-12-05 15:59:50,14917,14917,14917,2,0
2022-12-05 15:59:50,14917,14917,14917,2,0
2022-12-05 15:59:50,14916,14916,14916,2,-2
2022-12-05 15:59:50,14916,14916,14916,2,0
2022-12-05 15:59:50,14916,14916,14916,2,0
2022-12-05 15:59:52,14917,14917,14917,2,2
2022-12-05 15:59:52,14917,14917,14917,2,0
2022-12-05 15:59:52,14917,14917,14917,2,0
2022-12-05 15:59:55,14917,14917,14917,2,0
2022-12-05 15:59:56,14917,14917,14917,2,0
2022-12-05 15:59:57,14917,14917,14917,2,0
2022-12-05 15:59:58,14918,14918,14918,2,2
2022-12-05 15:59:59,14920,14920,14920,10,10
2022-12-05 15:59:59,14921,14921,14921,16,16
2022-12-05 15:59:59,14922,14922,14922,28,28
2022-12-05 16:00:01,14919,14919,14919,2,-2
2022-12-05 16:00:02,14918,14918,14918,2,-2
2022-12-05 16:00:02,14917,14917,14917,2,-2
2022-12-05 16:00:02,14917,14917,14917,2,0
2022-12-05 16:00:02,14917,14917,14917,2,0
2022-12-05 16:00:02,14917,14917,14917,2,0
2022-12-05 16:00:02,14917,14917,14917,2,0
2022-12-05 16:00:02,14917,14917,14917,4,0
2022-12-05 16:00:02,14918,14918,14918,4,4
2022-12-05 16:00:02,14917,14917,14917,2,-2
2022-12-05 16:00:02,14917,14917,14917,2,0
2022-12-05 16:00:02,14917,14917,14917,2,0
2022-12-05 16:00:02,14917,14917,14917,2,0
2022-12-05 16:00:02,14917,14917,14917,2,0
2022-12-05 16:00:02,14917,14917,14917,2,0
2022-12-05 16:00:02,14917,14917,14917,2,0
2022-12-05 16:00:02,14917,14917,14917,2,0
2022-12-05 16:00:02,14917,14917,14917,4,0
2022-12-05 16:00:03,14919,14919,14919,2,2
2022-12-05 16:00:03,14919,14919,14919,2,0
2022-12-05 16:00:03,14919,14919,14919,2,0
2022-12-05 16:00:05,14917,14917,14917,2,-2
2022-12-05 16:00:05,14917,14917,14917,2,0
2022-12-05 16:00:15,14918,14918,14918,2,2
2022-12-05 16:00:20,14920,14920,14920,2,2
2022-12-05 16:00:20,14919,14919,14919,2,-2
2022-12-05 16:00:20,14919,14919,14919,4,0
2022-12-05 16:00:22,14919,14919,14919,2,0
2022-12-05 16:00:22,14919,14919,14919,2,0
2022-12-05 16:00:22,14919,14919,14919,2,0
2022-12-05 16:00:22,14920,14920,14920,2,2
2022-12-05 16:00:23,14919,14919,14919,2,-2
2022-12-05 16:00:24,14920,14920,14920,2,2
2022-12-05 16:00:24,14919,14919,14919,6,-6
2022-12-05 16:00:27,14919,14919,14919,2,0
2022-12-05 16:00:27,14919,14919,14919,8,0
2022-12-05 16:00:27,14919,14919,14919,6,0
2022-12-05 16:00:27,14919,14919,14919,4,0
2022-12-05 16:00:27,14919,14919,14919,2,0
2022-12-05 16:00:30,14918,14918,14918,2,-2
2022-12-05 16:00:30,14918,14918,14918,2,0
2022-12-05 16:00:30,14918,14918,14918,2,0
2022-12-05 16:00:33,14917,14917,14917,2,-2
2022-12-05 16:00:33,14917,14917,14917,2,0
2022-12-05 16:00:33,14917,14917,14917,2,0
2022-12-05 16:00:34,14918,14918,14918,2,2
2022-12-05 16:00:34,14919,14919,14919,2,2
2022-12-05 16:00:38,14919,14919,14919,2,0
2022-12-05 16:00:39,14920,14920,14920,4,4
2022-12-05 16:00:41,14920,14920,14920,2,0
2022-12-05 16:00:41,14920,14920,14920,2,0
2022-12-05 16:00:41,14920,14920,14920,2,0
2022-12-05 16:00:41,14921,14921,14921,2,2
2022-12-05 16:00:43,14923,14923,14923,2,2
2022-12-05 16:00:43,14923,14923,14923,2,0
2022-12-05 16:00:45,14922,14922,14922,2,-2
2022-12-05 16:00:45,14922,14922,14922,2,0
2022-12-05 16:00:45,14922,14922,14922,2,0
2022-12-05 16:00:45,14923,14923,14923,2,2
2022-12-05 16:00:49,14922,14922,14922,2,-2
2022-12-05 16:00:50,14922,14922,14922,2,0
2022-12-05 16:00:52,14924,14924,14924,2,2
2022-12-05 16:00:52,14923,14923,14923,4,-4
2022-12-05 16:00:52,14923,14923,14923,2,0
2022-12-05 16:00:52,14922,14922,14922,2,-2
2022-12-05 16:00:52,14922,14922,14922,4,0
2022-12-05 16:00:53,14925,14925,14925,10,10
2022-12-05 16:00:53,14925,14925,14925,2,0
2022-12-05 16:00:54,14923,14923,14923,2,-2
2022-12-05 16:00:58,14922,14922,14922,2,-2
2022-12-05 16:00:58,14922,14922,14922,2,0
2022-12-05 16:00:58,14922,14922,14922,2,0
2022-12-05 16:01:00,14923,14923,14923,2,2
2022-12-05 16:01:00,14922,14922,14922,2,-2
2022-12-05 16:01:03,14922,14922,14922,2,0
2022-12-05 16:01:06,14922,14922,14922,2,0
2022-12-05 16:01:06,14922,14922,14922,4,0
2022-12-05 16:01:06,14922,14922,14922,2,0
2022-12-05 16:01:06,14922,14922,14922,2,0
2022-12-05 16:01:09,14921,14921,14921,2,-2
2022-12-05 16:01:09,14921,14921,14921,4,0
2022-12-05 16:01:11,14922,14922,14922,4,4
2022-12-05 16:01:14,14922,14922,14922,2,0
2022-12-05 16:01:14,14921,14921,14921,2,-2
2022-12-05 16:01:14,14921,14921,14921,2,0
2022-12-05 16:01:14,14921,14921,14921,4,0
2022-12-05 16:01:15,14920,14920,14920,2,-2
2022-12-05 16:01:15,14920,14920,14920,6,0
2022-12-05 16:01:15,14920,14920,14920,4,0
2022-12-05 16:01:15,14920,14920,14920,2,0
2022-12-05 16:01:15,14920,14920,14920,4,0
2022-12-05 16:01:15,14920,14920,14920,2,0
2022-12-05 16:01:15,14920,14920,14920,2,0
2022-12-05 16:01:15,14919,14919,14919,2,-2
2022-12-05 16:01:15,14918,14918,14918,2,-2
2022-12-05 16:01:16,14918,14918,14918,2,0
2022-12-05 16:01:21,14918,14918,14918,6,0
2022-12-05 16:01:22,14918,14918,14918,2,0
2022-12-05 16:01:22,14918,14918,14918,4,0
2022-12-05 16:01:24,14917,14917,14917,2,-2
2022-12-05 16:01:26,14917,14917,14917,4,0
2022-12-05 16:01:26,14917,14917,14917,2,0
2022-12-05 16:01:26,14917,14917,14917,2,0
2022-12-05 16:01:26,14917,14917,14917,2,0
2022-12-05 16:01:26,14917,14917,14917,2,0
2022-12-05 16:01:26,14917,14917,14917,2,0
2022-12-05 16:01:26,14917,14917,14917,2,0
2022-12-05 16:01:26,14917,14917,14917,2,0
2022-12-05 16:01:26,14917,14917,14917,2,0
2022-12-05 16:01:26,14917,14917,14917,12,0
2022-12-05 16:01:27,14916,14916,14916,2,-2
2022-12-05 16:01:27,14916,14916,14916,2,0
2022-12-05 16:01:27,14916,14916,14916,2,0
2022-12-05 16:01:29,14915,14915,14915,2,-2
2022-12-05 16:01:29,14915,14915,14915,2,0
2022-12-05 16:01:29,14915,14915,14915,2,0
2022-12-05 16:01:31,14915,14915,14915,2,0
2022-12-05 16:01:31,14915,14915,14915,2,0
2022-12-05 16:01:31,14915,14915,14915,2,0
2022-12-05 16:01:31,14915,14915,14915,2,0
2022-12-05 16:01:31,14914,14914,14914,2,-2
2022-12-05 16:01:31,14914,14914,14914,20,0
2022-12-05 16:01:31,14913,14913,14913,2,-2
2022-12-05 16:01:31,14913,14913,14913,2,0
2022-12-05 16:01:31,14913,14913,14913,2,0
2022-12-05 16:01:31,14913,14913,14913,2,0
2022-12-05 16:01:31,14913,14913,14913,2,0
2022-12-05 16:01:31,14913,14913,14913,2,0
2022-12-05 16:01:31,14913,14913,14913,2,0
2022-12-05 16:01:31,14913,14913,14913,4,0
2022-12-05 16:01:31,14913,14913,14913,2,0
2022-12-05 16:01:31,14913,14913,14913,2,0
2022-12-05 16:01:31,14913,14913,14913,2,0
2022-12-05 16:01:31,14913,14913,14913,2,0
2022-12-05 16:01:31,14913,14913,14913,2,0
2022-12-05 16:01:31,14913,14913,14913,2,0
2022-12-05 16:01:31,14913,14913,14913,2,0
2022-12-05 16:01:31,14913,14913,14913,2,0
2022-12-05 16:01:32,14914,14914,14914,2,2
2022-12-05 16:01:32,14914,14914,14914,2,0
2022-12-05 16:01:33,14915,14915,14915,2,2
2022-12-05 16:01:33,14914,14914,14914,2,-2
2022-12-05 16:01:33,14914,14914,14914,2,0
2022-12-05 16:01:33,14914,14914,14914,2,0
2022-12-05 16:01:34,14915,14915,14915,2,2
2022-12-05 16:01:35,14915,14915,14915,2,0
2022-12-05 16:01:35,14915,14915,14915,6,0
2022-12-05 16:01:37,14915,14915,14915,2,0
2022-12-05 16:01:37,14916,14916,14916,2,2
2022-12-05 16:01:37,14916,14916,14916,2,0
2022-12-05 16:01:38,14916,14916,14916,2,0
2022-12-05 16:01:41,14915,14915,14915,2,-2
2022-12-05 16:01:42,14913,14913,14913,2,-2
2022-12-05 16:01:42,14915,14915,14915,2,2
2022-12-05 16:01:43,14913,14913,14913,2,-2
2022-12-05 16:01:44,14913,14913,14913,2,0
2022-12-05 16:01:44,14913,14913,14913,2,0
2022-12-05 16:01:46,14913,14913,14913,2,0
2022-12-05 16:01:47,14913,14913,14913,2,0
2022-12-05 16:01:47,14913,14913,14913,2,0
2022-12-05 16:01:47,14913,14913,14913,4,0
2022-12-05 16:01:47,14913,14913,14913,2,0
2022-12-05 16:01:47,14913,14913,14913,2,0
2022-12-05 16:01:50,14912,14912,14912,2,-2
2022-12-05 16:01:50,14912,14912,14912,2,0
2022-12-05 16:01:50,14912,14912,14912,2,0
2022-12-05 16:01:53,14913,14913,14913,2,2
2022-12-05 16:01:56,14913,14913,14913,4,0
2022-12-05 16:01:57,14913,14913,14913,2,0
2022-12-05 16:01:59,14914,14914,14914,2,2
2022-12-05 16:01:59,14915,14915,14915,2,2
2022-12-05 16:02:01,14914,14914,14914,2,-2
2022-12-05 16:02:01,14914,14914,14914,2,0
2022-12-05 16:02:01,14914,14914,14914,2,0
2022-12-05 16:02:01,14914,14914,14914,2,0
2022-12-05 16:02:01,14914,14914,14914,4,0
2022-12-05 16:02:01,14914,14914,14914,2,0
2022-12-05 16:02:02,14913,14913,14913,2,-2
2022-12-05 16:02:02,14913,14913,14913,2,0
2022-12-05 16:02:02,14913,14913,14913,2,0
2022-12-05 16:02:07,14914,14914,14914,2,2
2022-12-05 16:02:07,14913,14913,14913,2,-2
2022-12-05 16:02:08,14913,14913,14913,4,0
2022-12-05 16:02:08,14913,14913,14913,14,0
2022-12-05 16:02:08,14913,14913,14913,2,0
2022-12-05 16:02:08,14913,14913,14913,20,0
2022-12-05 16:02:08,14913,14913,14913,10,0
2022-12-05 16:02:08,14913,14913,14913,2,0
2022-12-05 16:02:08,14913,14913,14913,2,0
2022-12-05 16:02:08,14912,14912,14912,2,-2
2022-12-05 16:02:08,14912,14912,14912,2,0
2022-12-05 16:02:08,14912,14912,14912,4,0
2022-12-05 16:02:08,14912,14912,14912,2,0
2022-12-05 16:02:08,14912,14912,14912,2,0
2022-12-05 16:02:08,14912,14912,14912,6,0
2022-12-05 16:02:08,14912,14912,14912,2,0
2022-12-05 16:02:08,14912,14912,14912,2,0
2022-12-05 16:02:08,14912,14912,14912,2,0
2022-12-05 16:02:08,14912,14912,14912,2,0
2022-12-05 16:02:08,14912,14912,14912,2,0
2022-12-05 16:02:08,14912,14912,14912,2,0
2022-12-05 16:02:08,14912,14912,14912,2,0
2022-12-05 16:02:08,14912,14912,14912,12,0
2022-12-05 16:02:08,14912,14912,14912,2,0
2022-12-05 16:02:08,14912,14912,14912,2,0
2022-12-05 16:02:08,14911,14911,14911,2,-2
2022-12-05 16:02:08,14911,14911,14911,2,0
2022-12-05 16:02:08,14911,14911,14911,2,0
2022-12-05 16:02:08,14911,14911,14911,6,0
2022-12-05 16:02:08,14911,14911,14911,2,0
2022-12-05 16:02:08,14911,14911,14911,2,0
2022-12-05 16:02:08,14911,14911,14911,6,0
2022-12-05 16:02:08,14911,14911,14911,2,0
2022-12-05 16:02:08,14911,14911,14911,2,0
2022-12-05 16:02:08,14911,14911,14911,2,0
2022-12-05 16:02:08,14911,14911,14911,2,0
2022-12-05 16:02:08,14910,14910,14910,2,-2
2022-12-05 16:02:08,14910,14910,14910,2,0
2022-12-05 16:02:08,14910,14910,14910,2,0
2022-12-05 16:02:08,14910,14910,14910,2,0
2022-12-05 16:02:08,14910,14910,14910,2,0
2022-12-05 16:02:08,14910,14910,14910,10,0
2022-12-05 16:02:08,14910,14910,14910,2,0
2022-12-05 16:02:08,14910,14910,14910,2,0
2022-12-05 16:02:08,14910,14910,14910,4,0
2022-12-05 16:02:08,14910,14910,14910,4,0
2022-12-05 16:02:08,14910,14910,14910,2,0
2022-12-05 16:02:08,14910,14910,14910,2,0
2022-12-05 16:02:08,14910,14910,14910,2,0
2022-12-05 16:02:08,14910,14910,14910,2,0
2022-12-05 16:02:08,14910,14910,14910,2,0
2022-12-05 16:02:08,14910,14910,14910,2,0
2022-12-05 16:02:08,14910,14910,14910,2,0
2022-12-05 16:02:08,14909,14909,14909,2,-2
2022-12-05 16:02:08,14909,14909,14909,4,0
2022-12-05 16:02:08,14909,14909,14909,2,0
2022-12-05 16:02:08,14909,14909,14909,2,0
2022-12-05 16:02:08,14909,14909,14909,2,0
2022-12-05 16:02:08,14909,14909,14909,2,0
2022-12-05 16:02:08,14909,14909,14909,2,0
2022-12-05 16:02:08,14908,14908,14908,2,-2
2022-12-05 16:02:08,14908,14908,14908,2,0
2022-12-05 16:02:08,14908,14908,14908,2,0
2022-12-05 16:02:08,14908,14908,14908,2,0
2022-12-05 16:02:08,14908,14908,14908,2,0
2022-12-05 16:02:08,14908,14908,14908,2,0
2022-12-05 16:02:08,14908,14908,14908,2,0
2022-12-05 16:02:08,14907,14907,14907,2,-2
2022-12-05 16:02:08,14907,14907,14907,2,0
2022-12-05 16:02:08,14907,14907,14907,2,0
2022-12-05 16:02:08,14907,14907,14907,2,0
2022-12-05 16:02:08,14907,14907,14907,2,0
2022-12-05 16:02:08,14907,14907,14907,2,0
2022-12-05 16:02:08,14907,14907,14907,2,0
2022-12-05 16:02:08,14907,14907,14907,2,0
2022-12-05 16:02:08,14907,14907,14907,2,0
2022-12-05 16:02:08,14907,14907,14907,2,0
2022-12-05 16:02:08,14907,14907,14907,2,0
2022-12-05 16:02:08,14907,14907,14907,2,0
2022-12-05 16:02:08,14907,14907,14907,2,0
2022-12-05 16:02:08,14907,14907,14907,2,0
2022-12-05 16:02:08,14907,14907,14907,2,0
2022-12-05 16:02:08,14907,14907,14907,2,0
2022-12-05 16:02:08,14907,14907,14907,2,0
2022-12-05 16:02:08,14907,14907,14907,4,0
2022-12-05 16:02:08,14907,14907,14907,2,0
2022-12-05 16:02:08,14908,14908,14908,2,2
2022-12-05 16:02:08,14908,14908,14908,2,0
2022-12-05 16:02:08,14909,14909,14909,2,2
2022-12-05 16:02:08,14907,14907,14907,2,-2
2022-12-05 16:02:08,14907,14907,14907,2,0
2022-12-05 16:02:08,14907,14907,14907,2,0
2022-12-05 16:02:08,14908,14908,14908,2,2
2022-12-05 16:02:08,14907,14907,14907,2,-2
2022-12-05 16:02:08,14908,14908,14908,2,2
2022-12-05 16:02:08,14908,14908,14908,4,0
2022-12-05 16:02:08,14909,14909,14909,2,2
2022-12-05 16:02:08,14908,14908,14908,2,-2
2022-12-05 16:02:08,14907,14907,14907,2,-2
2022-12-05 16:02:08,14907,14907,14907,2,0
2022-12-05 16:02:08,14908,14908,14908,2,2
2022-12-05 16:02:08,14907,14907,14907,2,-2
2022-12-05 16:02:08,14907,14907,14907,2,0
2022-12-05 16:02:08,14907,14907,14907,2,0
2022-12-05 16:02:08,14907,14907,14907,2,0
2022-12-05 16:02:09,14907,14907,14907,2,0
2022-12-05 16:02:09,14907,14907,14907,2,0
2022-12-05 16:02:09,14907,14907,14907,2,0
2022-12-05 16:02:09,14907,14907,14907,2,0
2022-12-05 16:02:09,14907,14907,14907,2,0
2022-12-05 16:02:09,14909,14909,14909,6,6
2022-12-05 16:02:09,14908,14908,14908,2,-2
2022-12-05 16:02:09,14908,14908,14908,2,0
2022-12-05 16:02:09,14908,14908,14908,2,0
2022-12-05 16:02:09,14908,14908,14908,2,0
