2020-05-21,15:00:00.071000,10949,10950,10943,42
2020-05-21,15:00:00.072000,10942,10943,10943,1
2020-05-21,15:00:00.072000,10942,10943,10944,1
2020-05-21,15:00:00.074000,10942,10943,10945,5
2020-05-21,15:00:00.112000,10943,10947,10947,1
2020-05-21,15:00:00.206000,10943,10948,10943,2
2020-05-21,15:00:00.329000,10945,10947,10947,1
2020-05-21,15:00:00.330000,10945,10947,10947,3
2020-05-21,15:00:00.330000,10945,10947,10948,5
2020-05-21,15:00:00.330000,10945,10947,10949,7
2020-05-21,15:00:00.347000,10945,10947,10947,1
2020-05-21,15:00:00.347000,10945,10947,10948,4
2020-05-21,15:00:00.347000,10945,10947,10949,2
2020-05-21,15:00:00.402000,10945,10947,10948,1
2020-05-21,15:00:00.466000,10945,10948,10948,1
2020-05-21,15:00:00.648000,10945,10948,10946,1
2020-05-21,15:00:00.714000,10945,10948,10948,1
2020-05-21,15:00:00.744000,10945,10948,10948,2
2020-05-21,15:00:00.807000,10945,10948,10949,1
2020-05-21,15:00:00.834000,10946,10949,10948,1
2020-05-21,15:00:01.063000,10947,10948,10947,1
2020-05-21,15:00:01.262000,10945,10947,10947,2
2020-05-21,15:00:01.306000,10945,10947,10946,2
2020-05-21,15:00:01.306000,10945,10947,10945,1
2020-05-21,15:00:01.537000,10945,10948,10948,2
2020-05-21,15:00:01.624000,10946,10948,10948,1
2020-05-21,15:00:01.654000,10946,10948,10947,1
2020-05-21,15:00:02.038000,10946,10948,10946,2
2020-05-21,15:00:02.176000,10946,10948,10946,10
2020-05-21,15:00:02.176000,10946,10948,10946,2
2020-05-21,15:00:02.260000,10946,10947,10947,1
2020-05-21,15:00:02.449000,10946,10947,10947,3
2020-05-21,15:00:02.449000,10946,10947,10948,1
2020-05-21,15:00:02.485000,10946,10947,10948,2
2020-05-21,15:00:03.003000,10946,10947,10947,1
2020-05-21,15:00:03.368000,10946,10947,10947,2
2020-05-21,15:00:03.368000,10946,10947,10948,6
2020-05-21,15:00:03.368000,10946,10947,10949,2
2020-05-21,15:00:04.460000,10946,10947,10946,1
2020-05-21,15:00:04.774000,10945,10946,10946,3
2020-05-21,15:00:06.188000,10946,10947,10946,7
2020-05-21,15:00:06.337000,10945,10946,10945,3
2020-05-21,15:00:06.620000,10944,10946,10945,1
2020-05-21,15:00:07.195000,10945,10946,10946,1
2020-05-21,15:00:08.361000,10945,10946,10946,1
2020-05-21,15:00:08.362000,10945,10946,10946,2
2020-05-21,15:00:08.632000,10945,10946,10946,2
2020-05-21,15:00:08.888000,10946,10947,10946,8
2020-05-21,15:00:09.254000,10945,10946,10946,2
2020-05-21,15:00:09.441000,10945,10947,10947,2
2020-05-21,15:00:09.441000,10945,10947,10948,2
2020-05-21,15:00:09.541000,10945,10947,10948,2
2020-05-21,15:00:09.645000,10946,10948,10947,2
2020-05-21,15:00:10.214000,10946,10947,10947,1
2020-05-21,15:00:10.747000,10946,10948,10948,1
2020-05-21,15:00:11.131000,10946,10948,10946,1
2020-05-21,15:00:11.379000,10946,10948,10947,1
2020-05-21,15:00:11.417000,10946,10948,10948,1
2020-05-21,15:00:11.850000,10947,10948,10948,1
2020-05-21,15:00:11.851000,10947,10948,10948,2
2020-05-21,15:00:11.851000,10947,10948,10948,2
2020-05-21,15:00:12.103000,10947,10948,10948,1
2020-05-21,15:00:12.495000,10947,10949,10948,1
2020-05-21,15:00:13.448000,10948,10949,10948,1
2020-05-21,15:00:13.636000,10948,10949,10949,1
2020-05-21,15:00:13.740000,10948,10949,10948,1
2020-05-21,15:00:13.798000,10948,10949,10948,1
2020-05-21,15:00:13.881000,10947,10948,10948,1
2020-05-21,15:00:14.690000,10947,10949,10947,1
2020-05-21,15:00:15.478000,10947,10948,10947,1
2020-05-21,15:00:15.731000,10947,10949,10949,1
2020-05-21,15:00:16.914000,10947,10949,10948,2
2020-05-21,15:00:16.938000,10947,10949,10948,1
2020-05-21,15:00:18.662000,10948,10949,10948,1
2020-05-21,15:00:19.268000,10947,10948,10947,1
2020-05-21,15:00:20.924000,10947,10948,10948,1
2020-05-21,15:00:21.731000,10947,10948,10947,5
2020-05-21,15:00:22.116000,10947,10948,10947,5
2020-05-21,15:00:23.555000,10947,10948,10948,5
2020-05-21,15:00:23.556000,10947,10948,10947,1
2020-05-21,15:00:24.359000,10947,10948,10947,1
2020-05-21,15:00:25.672000,10947,10948,10948,1
2020-05-21,15:00:26.244000,10947,10949,10947,1
2020-05-21,15:00:27.397000,10947,10949,10949,1
2020-05-21,15:00:28.797000,10947,10949,10947,1
2020-05-21,15:00:29.155000,10947,10948,10948,1
2020-05-21,15:00:31.846000,10947,10948,10947,5
2020-05-21,15:00:35.331000,10947,10948,10948,3
2020-05-21,15:00:36.834000,10947,10948,10947,1
2020-05-21,15:00:37.742000,10947,10948,10947,2
2020-05-21,15:00:37.743000,10947,10948,10947,10
2020-05-21,15:00:37.744000,10947,10948,10947,1
2020-05-21,15:00:38.945000,10947,10948,10947,1
2020-05-21,15:00:42.308000,10946,10947,10946,8
2020-05-21,15:00:42.798000,10945,10946,10946,1
2020-05-21,15:00:45.621000,10945,10946,10946,1
2020-05-21,15:00:47.036000,10945,10946,10945,1
2020-05-21,15:00:47.681000,10945,10946,10945,2
2020-05-21,15:00:47.683000,10945,10946,10945,1
2020-05-21,15:00:47.999000,10944,10945,10945,1
2020-05-21,15:00:48.801000,10944,10945,10944,4
2020-05-21,15:00:48.818000,10943,10945,10943,14
2020-05-21,15:00:49.231000,10942,10943,10942,1
2020-05-21,15:00:49.768000,10942,10944,10942,1
2020-05-21,15:00:52.646000,10942,10943,10942,1
2020-05-21,15:00:53.100000,10942,10943,10942,1
2020-05-21,15:00:53.362000,10942,10943,10942,1
2020-05-21,15:00:53.852000,10942,10943,10942,3
2020-05-21,15:00:54.136000,10942,10943,10942,15
2020-05-21,15:00:54.420000,10942,10943,10942,1
2020-05-21,15:00:55.733000,10941,10942,10941,5
2020-05-21,15:00:56.316000,10941,10942,10942,1
2020-05-21,15:00:56.701000,10941,10942,10941,2
2020-05-21,15:00:57.214000,10941,10942,10941,1
2020-05-21,15:00:57.316000,10941,10942,10942,5
2020-05-21,15:00:57.865000,10941,10942,10942,1
2020-05-21,15:00:57.865000,10941,10942,10942,3
2020-05-21,15:00:57.865000,10941,10942,10942,3
2020-05-21,15:00:58.599000,10942,10943,10942,1
2020-05-21,15:00:58.804000,10942,10943,10942,1
2020-05-21,15:00:59.048000,10941,10943,10941,10
2020-05-21,15:00:59.539000,10941,10942,10941,1
2020-05-21,15:00:59.629000,10941,10942,10942,1
2020-05-21,15:00:59.636000,10941,10942,10943,1
2020-05-21,15:01:00.001000,10941,10943,10943,1
2020-05-21,15:01:00.034000,10941,10943,10941,12
2020-05-21,15:01:00.078000,10941,10942,10942,6
2020-05-21,15:01:00.078000,10941,10942,10943,10
2020-05-21,15:01:00.078000,10941,10942,10944,17
2020-05-21,15:01:00.078000,10941,10942,10945,7
2020-05-21,15:01:00.083000,10941,10942,10943,4
2020-05-21,15:01:00.094000,10941,10942,10943,1
2020-05-21,15:01:00.116000,10941,10942,10944,2
2020-05-21,15:01:00.116000,10941,10942,10944,1
2020-05-21,15:01:00.186000,10944,10945,10945,1
2020-05-21,15:01:00.188000,10944,10945,10946,2
2020-05-21,15:01:00.188000,10944,10945,10946,3
2020-05-21,15:01:00.188000,10944,10945,10946,2
2020-05-21,15:01:00.194000,10944,10945,10946,1
2020-05-21,15:01:00.196000,10944,10945,10946,5
2020-05-21,15:01:00.208000,10944,10945,10946,1
2020-05-21,15:01:00.229000,10944,10945,10947,5
2020-05-21,15:01:00.249000,10944,10945,10948,3
2020-05-21,15:01:00.249000,10944,10945,10948,6
2020-05-21,15:01:00.267000,10944,10945,10948,3
2020-05-21,15:01:00.267000,10944,10945,10949,6
2020-05-21,15:01:00.268000,10944,10945,10949,12
2020-05-21,15:01:00.320000,10949,10950,10949,2
2020-05-21,15:01:00.463000,10948,10950,10948,6
2020-05-21,15:01:00.463000,10948,10950,10947,4
2020-05-21,15:01:00.636000,10946,10948,10946,1
2020-05-21,15:01:00.870000,10946,10948,10946,4
2020-05-21,15:01:00.871000,10946,10948,10945,3
2020-05-21,15:01:01.210000,10944,10946,10944,5
2020-05-21,15:01:01.995000,10944,10945,10944,1
2020-05-21,15:01:02.836000,10944,10945,10945,1
2020-05-21,15:01:03.632000,10944,10945,10944,3
2020-05-21,15:01:07.036000,10943,10945,10944,1
2020-05-21,15:01:07.036000,10943,10945,10943,1
2020-05-21,15:01:07.058000,10943,10944,10943,4
2020-05-21,15:01:07.235000,10942,10943,10942,1
2020-05-21,15:01:07.600000,10942,10943,10942,1
2020-05-21,15:01:07.748000,10942,10943,10943,1
2020-05-21,15:01:07.964000,10942,10943,10942,7
2020-05-21,15:01:08.427000,10941,10943,10942,1
2020-05-21,15:01:09.470000,10941,10942,10942,1
2020-05-21,15:01:10.535000,10941,10942,10941,2
2020-05-21,15:01:10.823000,10941,10942,10941,5
2020-05-21,15:01:10.933000,10941,10942,10941,1
2020-05-21,15:01:11.820000,10940,10942,10942,1
2020-05-21,15:01:12.729000,10941,10942,10942,1
2020-05-21,15:01:14.036000,10941,10942,10941,1
2020-05-21,15:01:14.047000,10941,10942,10940,1
2020-05-21,15:01:14.122000,10940,10942,10940,1
2020-05-21,15:01:14.179000,10940,10942,10941,1
2020-05-21,15:01:14.538000,10941,10942,10941,1
2020-05-21,15:01:14.912000,10941,10942,10941,2
2020-05-21,15:01:15.373000,10940,10941,10941,3
2020-05-21,15:01:15.384000,10940,10941,10940,2
2020-05-21,15:01:15.639000,10940,10941,10941,1
2020-05-21,15:01:15.875000,10940,10942,10941,1
2020-05-21,15:01:19.339000,10941,10942,10941,2
2020-05-21,15:01:20.131000,10941,10942,10941,1
2020-05-21,15:01:20.765000,10941,10942,10941,1
2020-05-21,15:01:21.248000,10941,10942,10941,1
2020-05-21,15:01:21.260000,10941,10942,10942,1
2020-05-21,15:01:21.495000,10941,10942,10941,6
2020-05-21,15:01:21.495000,10941,10942,10941,5
2020-05-21,15:01:21.495000,10941,10942,10941,2
2020-05-21,15:01:21.495000,10941,10942,10941,2
2020-05-21,15:01:21.495000,10941,10942,10941,1
2020-05-21,15:01:21.743000,10940,10941,10941,3
2020-05-21,15:01:22.546000,10940,10941,10941,1
2020-05-21,15:01:24.265000,10941,10942,10942,2
2020-05-21,15:01:24.265000,10941,10942,10942,3
2020-05-21,15:01:24.265000,10941,10942,10942,4
2020-05-21,15:01:24.265000,10941,10942,10942,6
2020-05-21,15:01:26.448000,10942,10943,10942,2
2020-05-21,15:01:27.206000,10942,10943,10942,5
2020-05-21,15:01:27.665000,10942,10943,10942,4
2020-05-21,15:01:27.665000,10942,10943,10941,1
2020-05-21,15:01:28.394000,10941,10942,10942,1
2020-05-21,15:01:28.765000,10941,10943,10941,5
2020-05-21,15:01:29.080000,10941,10943,10941,5
2020-05-21,15:01:31.069000,10941,10943,10941,5
2020-05-21,15:01:31.992000,10941,10943,10942,1
2020-05-21,15:01:32.311000,10941,10942,10941,5
2020-05-21,15:01:34.492000,10941,10942,10941,5
2020-05-21,15:01:35.183000,10941,10942,10941,5
2020-05-21,15:01:35.184000,10941,10942,10941,1
2020-05-21,15:01:36.657000,10940,10941,10940,10
2020-05-21,15:01:36.657000,10940,10941,10940,14
2020-05-21,15:01:37.912000,10940,10941,10940,1
2020-05-21,15:01:40.883000,10939,10940,10939,1
2020-05-21,15:01:41.051000,10939,10940,10939,1
2020-05-21,15:01:41.538000,10939,10940,10939,5
2020-05-21,15:01:41.538000,10939,10940,10939,1
2020-05-21,15:01:41.538000,10939,10940,10939,2
2020-05-21,15:01:41.558000,10939,10940,10939,5
2020-05-21,15:01:42.071000,10938,10940,10938,1
2020-05-21,15:01:42.305000,10939,10940,10940,1
2020-05-21,15:01:42.348000,10939,10940,10939,1
2020-05-21,15:01:42.392000,10939,10940,10938,1
2020-05-21,15:01:42.401000,10939,10940,10938,3
2020-05-21,15:01:43.002000,10938,10940,10938,1
2020-05-21,15:01:44.962000,10938,10939,10938,1
2020-05-21,15:01:46.281000,10938,10939,10939,3
2020-05-21,15:01:48.287000,10938,10939,10939,5
2020-05-21,15:01:49.052000,10938,10939,10938,2
2020-05-21,15:01:49.267000,10938,10939,10938,1
2020-05-21,15:01:49.558000,10938,10939,10938,5
2020-05-21,15:01:49.558000,10938,10939,10938,1
2020-05-21,15:01:49.558000,10938,10939,10938,2
2020-05-21,15:01:49.558000,10938,10939,10938,5
2020-05-21,15:01:49.558000,10938,10939,10938,1
2020-05-21,15:01:49.559000,10938,10939,10938,1
2020-05-21,15:01:49.559000,10938,10939,10938,1
2020-05-21,15:01:51.066000,10937,10938,10938,2
2020-05-21,15:01:51.639000,10937,10938,10937,1
2020-05-21,15:01:55.637000,10936,10937,10937,1
2020-05-21,15:01:55.739000,10936,10937,10936,1
2020-05-21,15:01:56.123000,10936,10937,10936,10
2020-05-21,15:01:56.124000,10936,10937,10936,3
2020-05-21,15:01:56.159000,10936,10937,10935,6
2020-05-21,15:01:56.198000,10935,10937,10935,1
2020-05-21,15:01:56.544000,10935,10937,10935,1
2020-05-21,15:01:58.256000,10936,10937,10936,1
2020-05-21,15:01:58.407000,10935,10937,10935,1
2020-05-21,15:01:59.516000,10935,10936,10936,1
2020-05-21,15:02:00.171000,10935,10936,10935,1
2020-05-21,15:02:00.227000,10935,10936,10935,7
2020-05-21,15:02:00.403000,10934,10936,10936,1
2020-05-21,15:02:01.488000,10935,10936,10935,1
2020-05-21,15:02:01.664000,10934,10936,10935,1
2020-05-21,15:02:02.168000,10935,10936,10935,1
2020-05-21,15:02:02.388000,10934,10936,10934,1
2020-05-21,15:02:02.618000,10934,10935,10935,3
2020-05-21,15:02:02.618000,10934,10935,10936,1
2020-05-21,15:02:03.006000,10934,10935,10935,1
2020-05-21,15:02:03.857000,10935,10936,10935,1
2020-05-21,15:02:04.814000,10935,10936,10936,1
2020-05-21,15:02:04.856000,10935,10936,10936,1
2020-05-21,15:02:05.563000,10935,10936,10936,5
2020-05-21,15:02:05.790000,10935,10936,10936,2
2020-05-21,15:02:06.843000,10936,10937,10936,1
2020-05-21,15:02:08.138000,10936,10937,10936,3
2020-05-21,15:02:09.153000,10935,10936,10936,2
2020-05-21,15:02:09.218000,10935,10936,10935,1
2020-05-21,15:02:10.212000,10935,10936,10936,1
2020-05-21,15:02:11.149000,10935,10936,10936,2
2020-05-21,15:02:11.149000,10935,10936,10936,3
2020-05-21,15:02:11.149000,10935,10936,10936,5
2020-05-21,15:02:11.149000,10935,10936,10936,1
2020-05-21,15:02:11.149000,10935,10936,10936,1
2020-05-21,15:02:11.149000,10935,10936,10936,1
2020-05-21,15:02:11.149000,10935,10936,10936,2
2020-05-21,15:02:11.149000,10935,10936,10936,1
2020-05-21,15:02:11.149000,10935,10936,10936,3
2020-05-21,15:02:11.149000,10935,10936,10936,6
2020-05-21,15:02:11.149000,10935,10936,10936,3
2020-05-21,15:02:11.149000,10935,10936,10936,5
2020-05-21,15:02:11.149000,10935,10936,10936,7
2020-05-21,15:02:11.183000,10936,10937,10937,9
2020-05-21,15:02:11.842000,10937,10938,10937,1
2020-05-21,15:02:12.352000,10936,10938,10938,1
2020-05-21,15:02:12.879000,10936,10938,10938,1
2020-05-21,15:02:13.061000,10937,10938,10937,1
2020-05-21,15:02:14.398000,10937,10938,10937,2
2020-05-21,15:02:14.975000,10937,10938,10938,1
2020-05-21,15:02:16.276000,10937,10938,10938,1
2020-05-21,15:02:19.277000,10937,10938,10938,1
2020-05-21,15:02:22.077000,10937,10938,10937,2
2020-05-21,15:02:24.193000,10937,10938,10937,1
2020-05-21,15:02:24.972000,10937,10938,10938,1
2020-05-21,15:02:27.677000,10937,10938,10937,1
2020-05-21,15:02:28.040000,10937,10938,10938,2
2020-05-21,15:02:28.047000,10937,10938,10937,1
2020-05-21,15:02:28.251000,10937,10938,10938,1
2020-05-21,15:02:30.847000,10937,10938,10937,1
2020-05-21,15:02:33.358000,10937,10938,10938,24
2020-05-21,15:02:33.914000,10938,10939,10939,2
2020-05-21,15:02:35.576000,10938,10940,10940,1
2020-05-21,15:02:36.407000,10938,10940,10939,2
2020-05-21,15:02:36.433000,10938,10940,10940,1
2020-05-21,15:02:37.897000,10938,10940,10940,1
2020-05-21,15:02:40.126000,10939,10940,10940,1
2020-05-21,15:02:40.130000,10939,10940,10941,5
2020-05-21,15:02:41.990000,10939,10940,10940,1
2020-05-21,15:02:43.371000,10939,10941,10939,2
2020-05-21,15:02:43.794000,10939,10940,10941,1
2020-05-21,15:02:46.833000,10939,10941,10939,1
2020-05-21,15:02:46.840000,10939,10941,10941,1
2020-05-21,15:02:47.422000,10940,10941,10941,1
2020-05-21,15:02:47.942000,10940,10941,10940,1
2020-05-21,15:02:50.442000,10940,10941,10941,2
2020-05-21,15:02:53.218000,10940,10941,10940,1
2020-05-21,15:02:53.218000,10940,10941,10940,1
2020-05-21,15:02:53.218000,10940,10941,10940,1
2020-05-21,15:02:54.327000,10939,10940,10940,1
2020-05-21,15:02:55.490000,10939,10940,10940,1
2020-05-21,15:02:56.825000,10939,10940,10940,1
2020-05-21,15:02:56.884000,10939,10940,10939,3
2020-05-21,15:02:57.054000,10939,10940,10940,1
2020-05-21,15:02:58.776000,10939,10940,10940,1
2020-05-21,15:02:59.236000,10939,10940,10939,1
2020-05-21,15:03:00.087000,10939,10940,10940,1
2020-05-21,15:03:02.588000,10939,10940,10940,1
2020-05-21,15:03:02.662000,10939,10940,10939,1
2020-05-21,15:03:02.896000,10939,10940,10939,2
2020-05-21,15:03:02.951000,10939,10940,10939,2
2020-05-21,15:03:03.158000,10939,10940,10939,1
2020-05-21,15:03:03.179000,10939,10940,10939,1
2020-05-21,15:03:04.944000,10939,10940,10940,1
2020-05-21,15:03:06.429000,10939,10940,10939,1
2020-05-21,15:03:07.359000,10939,10940,10939,1
2020-05-21,15:03:08.932000,10939,10940,10939,1
2020-05-21,15:03:09.747000,10939,10940,10940,1
2020-05-21,15:03:12.418000,10939,10940,10940,1
2020-05-21,15:03:13.787000,10939,10940,10939,6
2020-05-21,15:03:13.787000,10939,10940,10939,1
2020-05-21,15:03:15.162000,10938,10939,10939,1
2020-05-21,15:03:17.726000,10938,10939,10939,1
2020-05-21,15:03:18.624000,10938,10939,10938,1
2020-05-21,15:03:18.632000,10938,10939,10939,1
2020-05-21,15:03:19.653000,10939,10940,10940,1
2020-05-21,15:03:21.509000,10939,10940,10939,1
2020-05-21,15:03:23.640000,10939,10940,10939,1
2020-05-21,15:03:32.668000,10939,10940,10939,1
2020-05-21,15:03:34.058000,10939,10940,10940,3
2020-05-21,15:03:34.835000,10939,10940,10939,1
2020-05-21,15:03:35.056000,10939,10940,10940,1
2020-05-21,15:03:35.325000,10939,10940,10939,3
2020-05-21,15:03:36.557000,10939,10940,10939,1
2020-05-21,15:03:36.557000,10939,10940,10939,1
2020-05-21,15:03:36.557000,10939,10940,10939,4
2020-05-21,15:03:38.203000,10939,10940,10939,1
2020-05-21,15:03:39.636000,10939,10940,10939,1
2020-05-21,15:03:40.271000,10939,10940,10939,3
2020-05-21,15:03:42.780000,10939,10940,10939,1
2020-05-21,15:03:42.946000,10939,10940,10939,1
2020-05-21,15:03:44.133000,10939,10940,10940,1
2020-05-21,15:03:45.583000,10939,10940,10940,2
2020-05-21,15:03:45.583000,10939,10940,10940,6
2020-05-21,15:03:45.583000,10939,10940,10940,1
2020-05-21,15:03:45.583000,10939,10940,10940,2
2020-05-21,15:03:45.583000,10939,10940,10940,1
2020-05-21,15:03:45.583000,10939,10940,10940,7
2020-05-21,15:03:46.695000,10940,10941,10940,2
2020-05-21,15:03:46.696000,10940,10941,10940,1
2020-05-21,15:03:46.696000,10940,10941,10940,2
2020-05-21,15:03:47.423000,10940,10941,10940,1
2020-05-21,15:03:51.046000,10940,10941,10940,1
2020-05-21,15:03:52.370000,10940,10941,10941,1
2020-05-21,15:03:52.423000,10940,10941,10940,1
2020-05-21,15:03:52.479000,10940,10941,10940,1
2020-05-21,15:03:55.615000,10940,10941,10940,1
2020-05-21,15:03:59.887000,10940,10941,10940,1
2020-05-21,15:04:00.214000,10940,10941,10941,2
2020-05-21,15:04:00.214000,10940,10941,10941,2
2020-05-21,15:04:00.214000,10940,10941,10941,5
2020-05-21,15:04:00.215000,10940,10941,10941,5
2020-05-21,15:04:00.659000,10941,10942,10941,1
2020-05-21,15:04:01.223000,10941,10942,10941,10
2020-05-21,15:04:01.679000,10941,10942,10942,1
2020-05-21,15:04:03.289000,10941,10942,10941,1
2020-05-21,15:04:05.236000,10940,10941,10941,1
2020-05-21,15:04:06.198000,10940,10941,10941,2
2020-05-21,15:04:10.411000,10940,10941,10941,1
2020-05-21,15:04:11.140000,10940,10941,10941,1
2020-05-21,15:04:12.797000,10940,10941,10941,2
2020-05-21,15:04:13.143000,10940,10941,10941,1
2020-05-21,15:04:13.954000,10940,10941,10941,1
2020-05-21,15:04:14.265000,10940,10941,10941,1
2020-05-21,15:04:14.917000,10940,10941,10941,7
2020-05-21,15:04:14.917000,10940,10941,10941,2
2020-05-21,15:04:15.163000,10941,10942,10941,1
2020-05-21,15:04:16.570000,10941,10942,10942,3
2020-05-21,15:04:19.542000,10941,10942,10942,1
2020-05-21,15:04:19.542000,10941,10942,10942,1
2020-05-21,15:04:19.542000,10941,10942,10942,1
2020-05-21,15:04:19.542000,10941,10942,10942,7
2020-05-21,15:04:22.708000,10942,10943,10943,1
2020-05-21,15:04:24.321000,10942,10943,10943,1
2020-05-21,15:04:25.825000,10942,10943,10943,1
2020-05-21,15:04:26.642000,10942,10943,10942,4
2020-05-21,15:04:26.642000,10942,10943,10942,2
2020-05-21,15:04:29.682000,10941,10942,10942,3
2020-05-21,15:04:33.135000,10941,10942,10942,1
2020-05-21,15:04:37.781000,10941,10942,10941,10
2020-05-21,15:04:39.270000,10940,10942,10940,9
2020-05-21,15:04:39.564000,10940,10942,10942,2
2020-05-21,15:04:42.917000,10940,10942,10941,1
2020-05-21,15:04:45.535000,10941,10942,10942,1
2020-05-21,15:04:47.091000,10941,10942,10942,1
2020-05-21,15:04:47.559000,10941,10942,10941,2
2020-05-21,15:04:47.559000,10941,10942,10940,3
2020-05-21,15:04:50.458000,10940,10941,10940,2
2020-05-21,15:04:51.263000,10940,10941,10940,1
2020-05-21,15:04:53.046000,10940,10941,10940,1
2020-05-21,15:04:53.404000,10940,10941,10941,2
2020-05-21,15:04:54.858000,10940,10941,10940,1
2020-05-21,15:05:00.160000,10940,10941,10941,5
2020-05-21,15:05:04.346000,10940,10942,10940,1
2020-05-21,15:05:05.137000,10940,10941,10941,4
2020-05-21,15:05:05.206000,10940,10941,10940,1
2020-05-21,15:05:06.351000,10940,10941,10940,2
2020-05-21,15:05:06.507000,10939,10940,10939,2
2020-05-21,15:05:06.628000,10938,10940,10940,1
2020-05-21,15:05:07.318000,10939,10940,10940,1
2020-05-21,15:05:07.900000,10939,10940,10939,1
2020-05-21,15:05:08.305000,10938,10940,10940,1
2020-05-21,15:05:08.990000,10938,10940,10940,1
2020-05-21,15:05:09.217000,10938,10940,10940,1
2020-05-21,15:05:09.292000,10938,10940,10940,2
2020-05-21,15:05:09.431000,10938,10940,10940,5
2020-05-21,15:05:11.863000,10938,10939,10939,1
2020-05-21,15:05:12.343000,10938,10939,10938,1
2020-05-21,15:05:12.709000,10938,10939,10938,6
2020-05-21,15:05:12.709000,10938,10939,10938,1
2020-05-21,15:05:12.755000,10938,10939,10939,1
2020-05-21,15:05:14.117000,10937,10939,10939,9
2020-05-21,15:05:14.117000,10937,10939,10940,1
2020-05-21,15:05:17.113000,10938,10939,10939,1
2020-05-21,15:05:17.337000,10938,10940,10938,1
2020-05-21,15:05:17.561000,10938,10940,10938,1
2020-05-21,15:05:21.885000,10938,10939,10939,1
2020-05-21,15:05:22.584000,10937,10939,10937,1
2020-05-21,15:05:23.664000,10938,10939,10938,1
2020-05-21,15:05:23.723000,10937,10938,10938,1
2020-05-21,15:05:28.413000,10938,10939,10938,1
2020-05-21,15:05:31.042000,10938,10939,10938,1
2020-05-21,15:05:34.042000,10938,10939,10938,1
2020-05-21,15:05:34.042000,10938,10939,10938,1
2020-05-21,15:05:34.042000,10938,10939,10938,2
2020-05-21,15:05:34.042000,10938,10939,10938,1
2020-05-21,15:05:34.920000,10938,10939,10938,1
2020-05-21,15:05:36.180000,10937,10939,10939,2
2020-05-21,15:05:39.411000,10938,10939,10938,1
2020-05-21,15:05:46.395000,10937,10938,10938,1
2020-05-21,15:05:46.434000,10937,10938,10937,1
2020-05-21,15:05:46.780000,10937,10938,10938,1
2020-05-21,15:05:52.633000,10937,10938,10937,3
2020-05-21,15:05:53.700000,10937,10938,10937,1
2020-05-21,15:05:55.965000,10937,10938,10938,1
2020-05-21,15:05:56.351000,10937,10938,10937,1
2020-05-21,15:05:57.426000,10937,10938,10937,1
2020-05-21,15:05:59.553000,10937,10938,10938,1
2020-05-21,15:05:59.553000,10937,10938,10938,5
2020-05-21,15:06:01.286000,10938,10939,10938,1
2020-05-21,15:06:05.662000,10938,10939,10938,1
2020-05-21,15:06:11.267000,10938,10939,10938,3
2020-05-21,15:06:11.920000,10937,10938,10938,1
2020-05-21,15:06:11.921000,10937,10938,10938,3
2020-05-21,15:06:13.192000,10937,10938,10937,1
2020-05-21,15:06:13.192000,10937,10938,10937,1
2020-05-21,15:06:16.266000,10937,10938,10937,1
2020-05-21,15:06:16.595000,10937,10938,10937,1
2020-05-21,15:06:16.596000,10937,10938,10937,1
2020-05-21,15:06:16.884000,10937,10938,10938,1
2020-05-21,15:06:18.778000,10937,10938,10937,1
2020-05-21,15:06:20.252000,10937,10938,10937,1
2020-05-21,15:06:22.699000,10937,10938,10937,1
2020-05-21,15:06:24.282000,10937,10938,10937,1
2020-05-21,15:06:25.608000,10937,10938,10938,6
2020-05-21,15:06:25.608000,10937,10938,10938,3
2020-05-21,15:06:25.609000,10937,10938,10938,2
2020-05-21,15:06:25.805000,10938,10939,10939,2
2020-05-21,15:06:34.769000,10938,10939,10939,2
2020-05-21,15:06:35.035000,10938,10939,10938,2
2020-05-21,15:06:36.036000,10938,10939,10938,1
2020-05-21,15:06:38.115000,10938,10939,10938,1
2020-05-21,15:06:38.822000,10938,10939,10938,1
2020-05-21,15:06:43.706000,10938,10939,10938,4
2020-05-21,15:06:43.724000,10938,10939,10938,1
2020-05-21,15:06:46.635000,10938,10939,10939,1
2020-05-21,15:06:46.704000,10938,10939,10939,1
2020-05-21,15:06:47.356000,10938,10939,10939,1
2020-05-21,15:06:49.532000,10938,10939,10939,8
2020-05-21,15:06:49.533000,10938,10939,10939,4
2020-05-21,15:06:49.533000,10938,10939,10939,1
2020-05-21,15:06:49.533000,10938,10939,10939,5
2020-05-21,15:06:49.533000,10938,10939,10939,1
2020-05-21,15:06:49.533000,10938,10939,10939,1
2020-05-21,15:06:49.533000,10938,10939,10939,2
2020-05-21,15:06:49.533000,10938,10939,10939,1
2020-05-21,15:06:49.533000,10938,10939,10939,1
2020-05-21,15:06:49.533000,10938,10939,10939,2
2020-05-21,15:06:49.533000,10938,10939,10939,2
2020-05-21,15:06:49.534000,10938,10939,10939,1
2020-05-21,15:06:49.534000,10938,10939,10939,5
2020-05-21,15:06:49.534000,10938,10939,10939,1
2020-05-21,15:06:49.534000,10938,10939,10939,3
2020-05-21,15:06:49.534000,10938,10939,10939,3
2020-05-21,15:06:49.534000,10938,10939,10939,10
2020-05-21,15:06:49.535000,10938,10939,10939,2
2020-05-21,15:06:51.990000,10938,10940,10940,1
2020-05-21,15:06:54.871000,10939,10940,10939,1
2020-05-21,15:06:58.821000,10938,10939,10939,1
2020-05-21,15:06:59.255000,10938,10939,10939,4
2020-05-21,15:07:01.327000,10939,10940,10940,1
2020-05-21,15:07:02.985000,10939,10940,10939,1
2020-05-21,15:07:11.369000,10938,10939,10939,1
2020-05-21,15:07:12.531000,10938,10939,10939,1
2020-05-21,15:07:12.622000,10938,10939,10938,1
2020-05-21,15:07:13.379000,10938,10939,10939,2
2020-05-21,15:07:17.224000,10938,10939,10939,2
2020-05-21,15:07:18.629000,10938,10940,10940,1
2020-05-21,15:07:18.790000,10939,10940,10939,1
2020-05-21,15:07:18.790000,10939,10940,10938,9
2020-05-21,15:07:21.761000,10938,10939,10938,1
2020-05-21,15:07:22.831000,10938,10939,10938,7
2020-05-21,15:07:25.266000,10938,10939,10938,1
2020-05-21,15:07:25.720000,10938,10939,10938,1
2020-05-21,15:07:27.794000,10937,10938,10937,1
2020-05-21,15:07:29.652000,10937,10938,10938,1
2020-05-21,15:07:33.284000,10937,10938,10938,2
2020-05-21,15:07:35.413000,10938,10939,10938,1
2020-05-21,15:07:35.550000,10938,10939,10938,2
2020-05-21,15:07:42.021000,10937,10938,10937,15
2020-05-21,15:07:42.903000,10937,10938,10938,1
2020-05-21,15:07:44.078000,10937,10938,10938,1
2020-05-21,15:07:45.816000,10937,10938,10938,2
2020-05-21,15:07:46.366000,10938,10939,10938,1
2020-05-21,15:07:50.965000,10938,10939,10938,1
2020-05-21,15:07:53.136000,10938,10939,10939,1
2020-05-21,15:07:55.897000,10938,10939,10939,1
2020-05-21,15:08:13.703000,10938,10939,10938,1
2020-05-21,15:08:14.039000,10938,10939,10938,2
2020-05-21,15:08:14.506000,10938,10939,10938,1
2020-05-21,15:08:14.539000,10938,10939,10938,2
2020-05-21,15:08:15.288000,10938,10939,10938,1
2020-05-21,15:08:15.725000,10937,10938,10938,1
2020-05-21,15:08:15.784000,10937,10938,10939,1
2020-05-21,15:08:17.118000,10937,10938,10937,2
2020-05-21,15:08:17.119000,10937,10938,10937,9
2020-05-21,15:08:17.119000,10937,10938,10937,1
2020-05-21,15:08:17.119000,10937,10938,10937,2
2020-05-21,15:08:17.119000,10937,10938,10937,1
2020-05-21,15:08:22.677000,10936,10937,10937,1
2020-05-21,15:08:22.678000,10936,10937,10937,1
2020-05-21,15:08:28.714000,10937,10938,10937,1
2020-05-21,15:08:28.874000,10937,10938,10937,1
2020-05-21,15:08:33.183000,10936,10938,10938,2
2020-05-21,15:08:33.743000,10936,10937,10937,1
2020-05-21,15:08:34.131000,10936,10938,10937,1
2020-05-21,15:08:34.778000,10936,10937,10937,1
2020-05-21,15:08:36.549000,10936,10937,10936,1
2020-05-21,15:08:40.089000,10936,10937,10936,1
2020-05-21,15:08:42.324000,10936,10937,10937,1
2020-05-21,15:08:42.470000,10936,10937,10936,2
2020-05-21,15:08:43.076000,10936,10937,10936,1
2020-05-21,15:08:45.331000,10936,10937,10937,1
2020-05-21,15:08:45.688000,10936,10937,10937,1
2020-05-21,15:08:55.083000,10937,10938,10937,1
2020-05-21,15:08:59.817000,10937,10938,10937,1
2020-05-21,15:09:07.911000,10937,10938,10938,1
2020-05-21,15:09:17.718000,10937,10938,10938,1
2020-05-21,15:09:17.718000,10937,10938,10938,7
2020-05-21,15:09:17.718000,10937,10938,10938,6
2020-05-21,15:09:17.718000,10937,10938,10938,2
2020-05-21,15:09:17.719000,10937,10938,10938,3
2020-05-21,15:09:18.658000,10938,10939,10938,1
2020-05-21,15:09:28.765000,10937,10938,10937,1
2020-05-21,15:09:32.918000,10937,10938,10938,1
2020-05-21,15:09:36.718000,10937,10939,10939,1
2020-05-21,15:09:38.800000,10938,10939,10938,1
2020-05-21,15:09:53.405000,10938,10939,10939,1
2020-05-21,15:09:59.762000,10938,10939,10939,1
2020-05-21,15:10:00.308000,10938,10939,10939,9
2020-05-21,15:10:00.597000,10938,10940,10940,1
2020-05-21,15:10:00.733000,10938,10940,10938,2
2020-05-21,15:10:05.704000,10938,10939,10939,1
2020-05-21,15:10:08.477000,10938,10939,10939,1
2020-05-21,15:10:13.183000,10938,10939,10939,6
2020-05-21,15:10:13.943000,10938,10940,10938,1
2020-05-21,15:10:17.291000,10939,10940,10940,1
2020-05-21,15:10:20.913000,10939,10940,10940,1
2020-05-21,15:10:22.696000,10939,10940,10940,1
2020-05-21,15:10:24.286000,10939,10940,10940,1
2020-05-21,15:10:24.759000,10939,10940,10940,1
2020-05-21,15:10:25.155000,10939,10940,10940,1
2020-05-21,15:10:25.569000,10939,10940,10940,8
2020-05-21,15:10:25.570000,10939,10940,10940,1
2020-05-21,15:10:25.570000,10939,10940,10940,1
2020-05-21,15:10:25.570000,10939,10940,10940,21
2020-05-21,15:10:25.570000,10939,10940,10940,2
2020-05-21,15:10:25.570000,10939,10940,10940,1
2020-05-21,15:10:25.570000,10939,10940,10940,4
2020-05-21,15:10:25.570000,10939,10940,10940,5
2020-05-21,15:10:25.570000,10939,10940,10940,1
2020-05-21,15:10:25.570000,10939,10940,10940,1
2020-05-21,15:10:25.570000,10939,10940,10940,2
2020-05-21,15:10:25.570000,10939,10940,10940,1
2020-05-21,15:10:25.570000,10939,10940,10940,3
2020-05-21,15:10:26.913000,10940,10941,10940,1
2020-05-21,15:10:28.616000,10940,10941,10941,3
2020-05-21,15:10:29.562000,10940,10941,10941,25
2020-05-21,15:10:30.159000,10940,10941,10941,1
2020-05-21,15:10:31.772000,10940,10941,10941,1
2020-05-21,15:10:32.824000,10940,10941,10941,2
2020-05-21,15:10:38.664000,10941,10942,10941,1
2020-05-21,15:10:42.783000,10941,10942,10942,1
2020-05-21,15:10:42.952000,10941,10942,10941,3
2020-05-21,15:10:44.618000,10941,10942,10942,1
2020-05-21,15:10:49.039000,10941,10942,10942,1
2020-05-21,15:10:50.381000,10941,10942,10942,1
2020-05-21,15:10:51.031000,10941,10942,10942,1
2020-05-21,15:10:55.771000,10941,10942,10942,10
2020-05-21,15:10:55.794000,10941,10942,10942,2
2020-05-21,15:10:55.914000,10941,10943,10942,1
2020-05-21,15:10:57.222000,10941,10942,10941,1
2020-05-21,15:10:58.607000,10941,10942,10942,1
2020-05-21,15:10:58.756000,10941,10942,10941,1
2020-05-21,15:10:59.301000,10941,10942,10941,4
2020-05-21,15:10:59.301000,10941,10942,10941,2
2020-05-21,15:10:59.302000,10941,10942,10941,1
2020-05-21,15:10:59.302000,10941,10942,10941,2
2020-05-21,15:10:59.844000,10940,10941,10941,1
2020-05-21,15:11:00.532000,10940,10941,10941,1
2020-05-21,15:11:01.387000,10940,10941,10940,1
2020-05-21,15:11:01.400000,10940,10941,10940,3
2020-05-21,15:11:02.283000,10939,10941,10939,1
2020-05-21,15:11:03.244000,10939,10940,10940,1
2020-05-21,15:11:04.400000,10939,10940,10940,1
2020-05-21,15:11:04.465000,10939,10940,10940,3
2020-05-21,15:11:05.195000,10939,10941,10939,5
2020-05-21,15:11:05.428000,10939,10940,10939,5
2020-05-21,15:11:05.653000,10939,10940,10939,3
2020-05-21,15:11:05.653000,10939,10940,10938,2
2020-05-21,15:11:06.609000,10938,10940,10938,5
2020-05-21,15:11:06.694000,10938,10939,10939,1
2020-05-21,15:11:06.836000,10938,10940,10939,1
2020-05-21,15:11:06.836000,10938,10940,10938,4
2020-05-21,15:11:07.046000,10938,10940,10938,5
2020-05-21,15:11:07.277000,10938,10940,10938,5
2020-05-21,15:11:08.560000,10938,10939,10939,1
2020-05-21,15:11:08.944000,10938,10939,10939,1
2020-05-21,15:11:10.125000,10939,10940,10940,1
2020-05-21,15:11:11.251000,10939,10940,10940,1
2020-05-21,15:11:17.045000,10939,10940,10939,2
2020-05-21,15:11:20.107000,10939,10940,10939,6
2020-05-21,15:11:20.107000,10939,10940,10938,3
2020-05-21,15:11:22.560000,10939,10940,10939,1
2020-05-21,15:11:22.691000,10938,10939,10939,1
2020-05-21,15:11:25.482000,10939,10940,10939,2
2020-05-21,15:11:25.564000,10938,10939,10939,1
2020-05-21,15:11:25.566000,10938,10939,10938,1
2020-05-21,15:11:29.004000,10938,10939,10938,5
2020-05-21,15:11:29.065000,10938,10939,10938,1
2020-05-21,15:11:29.237000,10938,10939,10938,5
2020-05-21,15:11:29.725000,10938,10939,10938,1
2020-05-21,15:11:32.961000,10938,10939,10939,1
2020-05-21,15:11:36.924000,10938,10939,10939,1
2020-05-21,15:11:37.199000,10938,10939,10938,1
2020-05-21,15:11:37.962000,10938,10939,10939,1
2020-05-21,15:11:43.511000,10939,10940,10940,2
2020-05-21,15:11:46.643000,10940,10941,10941,1
2020-05-21,15:11:53.515000,10940,10941,10941,2
2020-05-21,15:11:54.329000,10940,10941,10941,1
2020-05-21,15:11:59.091000,10940,10941,10940,1
2020-05-21,15:12:01.402000,10940,10941,10940,1
2020-05-21,15:12:01.479000,10940,10941,10941,1
2020-05-21,15:12:01.479000,10940,10941,10941,1
2020-05-21,15:12:01.601000,10941,10942,10942,1
2020-05-21,15:12:01.601000,10941,10942,10942,9
2020-05-21,15:12:01.601000,10941,10942,10943,6
2020-05-21,15:12:01.615000,10941,10942,10943,7
2020-05-21,15:12:01.771000,10942,10943,10943,1
2020-05-21,15:12:01.888000,10942,10943,10943,2
2020-05-21,15:12:07.100000,10941,10942,10942,1
2020-05-21,15:12:07.913000,10941,10942,10941,1
2020-05-21,15:12:10.176000,10940,10941,10941,1
2020-05-21,15:12:13.665000,10941,10942,10941,2
2020-05-21,15:12:17.290000,10941,10942,10941,2
2020-05-21,15:12:18.037000,10941,10942,10941,1
2020-05-21,15:12:18.309000,10941,10942,10941,1
2020-05-21,15:12:21.221000,10941,10942,10941,1
2020-05-21,15:12:25.272000,10941,10942,10942,1
2020-05-21,15:12:29.718000,10941,10942,10942,1
2020-05-21,15:12:29.799000,10941,10942,10942,1
2020-05-21,15:12:31.691000,10941,10942,10942,1
2020-05-21,15:12:36.472000,10941,10942,10942,2
2020-05-21,15:12:39.781000,10941,10942,10942,1
2020-05-21,15:12:51.759000,10942,10943,10943,1
2020-05-21,15:12:52.949000,10942,10943,10942,5
2020-05-21,15:12:52.949000,10942,10943,10942,1
2020-05-21,15:12:53.718000,10941,10942,10942,1
2020-05-21,15:12:53.982000,10941,10942,10942,1
2020-05-21,15:12:54.291000,10941,10942,10942,1
2020-05-21,15:12:55.987000,10941,10942,10942,1
2020-05-21,15:12:56.938000,10941,10942,10941,14
2020-05-21,15:12:56.939000,10941,10942,10941,1
2020-05-21,15:13:19.627000,10941,10942,10941,4
2020-05-21,15:13:23.181000,10941,10942,10942,1
2020-05-21,15:13:23.181000,10941,10942,10942,1
2020-05-21,15:13:23.181000,10941,10942,10942,4
2020-05-21,15:13:24.071000,10942,10943,10942,1
2020-05-21,15:13:24.273000,10941,10943,10941,4
2020-05-21,15:13:30.512000,10942,10943,10942,1
2020-05-21,15:13:31.995000,10942,10943,10942,1
2020-05-21,15:13:35.065000,10941,10942,10942,1
2020-05-21,15:13:39.825000,10941,10942,10942,1
2020-05-21,15:13:41.580000,10941,10942,10941,1
2020-05-21,15:13:45.325000,10941,10942,10942,1
2020-05-21,15:13:45.479000,10941,10942,10942,1
2020-05-21,15:13:45.479000,10941,10942,10942,2
2020-05-21,15:13:45.558000,10941,10942,10942,1
2020-05-21,15:13:48.122000,10942,10943,10942,1
2020-05-21,15:13:50.508000,10942,10943,10942,1
2020-05-21,15:13:51.032000,10942,10943,10943,1
2020-05-21,15:13:54.180000,10942,10943,10942,1
2020-05-21,15:14:03.862000,10942,10943,10943,2
2020-05-21,15:14:03.862000,10942,10943,10943,2
2020-05-21,15:14:03.863000,10942,10943,10943,1
2020-05-21,15:14:03.933000,10942,10943,10943,1
2020-05-21,15:14:04.019000,10942,10943,10943,1
2020-05-21,15:14:04.020000,10942,10943,10943,3
2020-05-21,15:14:04.020000,10942,10943,10943,1
2020-05-21,15:14:04.118000,10943,10944,10944,1
2020-05-21,15:14:04.304000,10943,10944,10943,1
2020-05-21,15:14:09.330000,10942,10943,10942,4
2020-05-21,15:14:10.607000,10941,10943,10943,5
2020-05-21,15:14:10.607000,10941,10943,10944,4
2020-05-21,15:14:11.501000,10941,10943,10943,2
2020-05-21,15:14:12.036000,10942,10943,10942,1
2020-05-21,15:14:13.915000,10942,10943,10942,1
2020-05-21,15:14:16.114000,10941,10942,10942,1
2020-05-21,15:14:19.320000,10942,10943,10942,1
2020-05-21,15:14:19.664000,10942,10943,10942,1
2020-05-21,15:14:22.020000,10942,10943,10942,1
2020-05-21,15:14:22.240000,10942,10943,10942,1
2020-05-21,15:14:22.461000,10941,10943,10941,1
2020-05-21,15:14:22.676000,10941,10943,10941,1
2020-05-21,15:14:31.231000,10941,10942,10942,1
2020-05-21,15:14:32.424000,10941,10942,10942,2
2020-05-21,15:14:33.648000,10942,10943,10942,1
2020-05-21,15:14:36.202000,10942,10943,10942,1
2020-05-21,15:14:41.775000,10942,10943,10943,5
2020-05-21,15:14:42.140000,10942,10943,10943,1
2020-05-21,15:14:42.911000,10942,10944,10942,1
2020-05-21,15:14:42.982000,10942,10943,10943,1
2020-05-21,15:14:42.982000,10942,10943,10944,5
2020-05-21,15:14:48.827000,10943,10944,10944,1
2020-05-21,15:14:52.083000,10943,10944,10943,1
2020-05-21,15:14:52.083000,10943,10944,10943,2
2020-05-21,15:14:52.263000,10942,10943,10943,1
2020-05-21,15:14:54.454000,10942,10943,10943,1
2020-05-21,15:14:54.660000,10942,10943,10943,1
2020-05-21,15:14:55.510000,10942,10943,10943,1
2020-05-21,15:14:57.540000,10942,10944,10944,1
2020-05-21,15:14:57.929000,10942,10944,10944,1
2020-05-21,15:15:00.032000,10943,10944,10943,1
2020-05-21,15:15:00.567000,10942,10943,10943,1
2020-05-21,15:15:01.343000,10942,10943,10943,1
2020-05-21,15:15:01.655000,10942,10943,10943,1
2020-05-21,15:15:01.691000,10942,10943,10942,1
2020-05-21,15:15:01.692000,10942,10943,10942,1
2020-05-21,15:15:01.696000,10942,10943,10942,1
2020-05-21,15:15:01.696000,10942,10943,10942,1
2020-05-21,15:15:01.697000,10942,10943,10942,6
2020-05-21,15:15:01.698000,10942,10943,10941,1
2020-05-21,15:15:01.702000,10942,10943,10941,1
2020-05-21,15:15:01.702000,10942,10943,10941,3
2020-05-21,15:15:01.705000,10942,10943,10941,1
2020-05-21,15:15:01.718000,10942,10943,10941,1
2020-05-21,15:15:01.988000,10941,10942,10941,2
2020-05-21,15:15:02.491000,10941,10942,10941,2
2020-05-21,15:15:02.742000,10941,10942,10941,2
2020-05-21,15:15:02.746000,10941,10942,10941,2
2020-05-21,15:15:04.116000,10941,10943,10941,2
2020-05-21,15:15:04.137000,10941,10943,10941,2
2020-05-21,15:15:04.362000,10941,10943,10941,2
2020-05-21,15:15:04.573000,10941,10943,10941,2
2020-05-21,15:15:05.777000,10941,10943,10941,1
2020-05-21,15:15:12.750000,10942,10943,10943,1
2020-05-21,15:15:12.814000,10942,10943,10942,1
2020-05-21,15:15:12.816000,10942,10943,10941,1
2020-05-21,15:15:17.662000,10942,10943,10942,1
2020-05-21,15:15:17.712000,10941,10943,10941,1
2020-05-21,15:15:19.991000,10941,10942,10942,2
2020-05-21,15:15:26.015000,10941,10942,10941,3
2020-05-21,15:15:32.228000,10941,10943,10943,5
2020-05-21,15:15:33.490000,10942,10944,10942,1
2020-05-21,15:15:37.207000,10941,10942,10942,1
2020-05-21,15:15:46.456000,10942,10943,10943,1
2020-05-21,15:15:46.782000,10943,10944,10943,3
2020-05-21,15:15:53.051000,10943,10944,10943,1
2020-05-21,15:16:02.713000,10943,10944,10944,5
2020-05-21,15:16:07.789000,10943,10944,10944,3
2020-05-21,15:16:25.163000,10943,10944,10944,1
2020-05-21,15:16:25.508000,10943,10944,10944,3
2020-05-21,15:16:25.508000,10943,10944,10944,8
2020-05-21,15:16:25.508000,10943,10944,10944,1
2020-05-21,15:16:25.509000,10943,10944,10944,1
2020-05-21,15:16:25.787000,10944,10945,10944,1
2020-05-21,15:16:25.788000,10944,10945,10944,1
2020-05-21,15:16:31.328000,10943,10945,10945,1
2020-05-21,15:16:40.366000,10943,10944,10944,1
2020-05-21,15:16:43.283000,10943,10944,10944,1
2020-05-21,15:16:50.027000,10943,10944,10944,2
2020-05-21,15:16:50.631000,10943,10944,10944,1
2020-05-21,15:16:52.450000,10944,10945,10944,1
2020-05-21,15:16:53.660000,10943,10944,10944,1
2020-05-21,15:16:56.186000,10943,10944,10943,10
2020-05-21,15:16:56.771000,10942,10943,10943,1
2020-05-21,15:17:00.603000,10942,10943,10943,2
2020-05-21,15:17:08.331000,10943,10944,10944,3
2020-05-21,15:17:08.331000,10943,10944,10944,6
2020-05-21,15:17:12.259000,10943,10944,10943,1
2020-05-21,15:17:13.195000,10943,10944,10943,1
2020-05-21,15:17:27.119000,10943,10944,10943,1
2020-05-21,15:17:28.219000,10943,10944,10943,1
2020-05-21,15:17:33.234000,10943,10944,10943,3
2020-05-21,15:17:36.865000,10943,10944,10943,1
2020-05-21,15:17:39.168000,10943,10944,10943,9
2020-05-21,15:17:42.042000,10942,10943,10942,14
2020-05-21,15:17:42.288000,10942,10943,10942,2
2020-05-21,15:17:43.416000,10942,10943,10943,1
2020-05-21,15:18:01.897000,10942,10943,10943,1
2020-05-21,15:18:05.133000,10942,10943,10942,1
2020-05-21,15:18:10.483000,10942,10943,10942,1
2020-05-21,15:18:10.786000,10942,10943,10942,1
2020-05-21,15:18:13.431000,10941,10943,10943,2
2020-05-21,15:18:27.371000,10941,10942,10942,4
2020-05-21,15:18:30.315000,10942,10943,10942,1
2020-05-21,15:18:30.387000,10942,10943,10943,2
2020-05-21,15:18:30.387000,10942,10943,10943,4
2020-05-21,15:18:30.387000,10942,10943,10943,1
2020-05-21,15:18:30.387000,10942,10943,10943,5
2020-05-21,15:18:30.387000,10942,10943,10943,1
2020-05-21,15:18:31.332000,10942,10944,10943,1
2020-05-21,15:18:48.668000,10942,10943,10943,1
2020-05-21,15:18:48.847000,10942,10943,10943,6
2020-05-21,15:18:49.399000,10943,10944,10944,6
2020-05-21,15:18:56.484000,10943,10944,10944,1
2020-05-21,15:18:58.428000,10944,10945,10944,5
2020-05-21,15:18:58.430000,10944,10945,10944,1
2020-05-21,15:19:16.194000,10944,10945,10945,1
2020-05-21,15:19:16.538000,10944,10945,10944,2
2020-05-21,15:19:21.660000,10944,10945,10944,1
2020-05-21,15:19:24.008000,10944,10945,10944,2
2020-05-21,15:19:24.008000,10944,10945,10944,2
2020-05-21,15:19:25.669000,10943,10945,10944,1
2020-05-21,15:19:26.666000,10944,10945,10944,1
2020-05-21,15:19:29.808000,10943,10944,10944,2
2020-05-21,15:19:37.127000,10943,10944,10943,1
2020-05-21,15:19:37.127000,10943,10944,10943,1
2020-05-21,15:19:37.127000,10943,10944,10943,5
2020-05-21,15:19:41.476000,10942,10944,10944,1
2020-05-21,15:19:42.318000,10943,10944,10943,1
2020-05-21,15:19:53.223000,10943,10944,10943,1
2020-05-21,15:19:55.579000,10942,10943,10943,2
2020-05-21,15:19:59.836000,10942,10943,10943,1
2020-05-21,15:20:07.745000,10943,10944,10943,1
2020-05-21,15:20:12.348000,10943,10944,10944,14
2020-05-21,15:20:17.296000,10943,10944,10944,1
2020-05-21,15:20:26.180000,10943,10945,10945,1
2020-05-21,15:20:29.821000,10943,10944,10943,1
2020-05-21,15:20:39.578000,10943,10944,10943,1
2020-05-21,15:20:42.404000,10943,10944,10943,1
2020-05-21,15:20:44.898000,10943,10944,10943,1
2020-05-21,15:20:50.932000,10943,10944,10944,1
2020-05-21,15:21:00.569000,10943,10944,10943,1
2020-05-21,15:21:00.570000,10943,10944,10944,2
2020-05-21,15:21:02.156000,10943,10944,10943,8
2020-05-21,15:21:02.156000,10943,10944,10943,3
2020-05-21,15:21:03.686000,10942,10943,10943,4
2020-05-21,15:21:10.182000,10943,10944,10943,1
2020-05-21,15:21:14.550000,10943,10944,10943,1
2020-05-21,15:21:22.424000,10943,10944,10943,1
2020-05-21,15:21:23.053000,10943,10944,10944,1
2020-05-21,15:21:29.392000,10942,10943,10943,1
2020-05-21,15:21:29.392000,10942,10943,10943,3
2020-05-21,15:21:29.663000,10943,10944,10943,2
2020-05-21,15:21:42.379000,10942,10943,10943,1
2020-05-21,15:21:42.379000,10942,10943,10943,2
2020-05-21,15:21:42.379000,10942,10943,10943,3
2020-05-21,15:21:46.239000,10943,10944,10943,1
2020-05-21,15:22:00.335000,10943,10944,10944,1
2020-05-21,15:22:02.311000,10943,10944,10944,2
2020-05-21,15:22:03.703000,10943,10944,10944,2
2020-05-21,15:22:14.691000,10943,10944,10944,9
2020-05-21,15:22:15.491000,10943,10944,10944,2
2020-05-21,15:22:18.573000,10943,10944,10944,1
2020-05-21,15:22:25.376000,10943,10944,10943,5
2020-05-21,15:22:25.376000,10943,10944,10943,1
2020-05-21,15:22:25.376000,10943,10944,10943,5
2020-05-21,15:22:25.376000,10943,10944,10943,3
2020-05-21,15:22:29.707000,10942,10943,10942,1
2020-05-21,15:22:39.557000,10942,10943,10942,3
2020-05-21,15:22:39.557000,10942,10943,10942,17
2020-05-21,15:22:39.558000,10942,10943,10942,1
2020-05-21,15:22:39.558000,10942,10943,10942,2
2020-05-21,15:22:39.558000,10942,10943,10942,1
2020-05-21,15:22:39.558000,10942,10943,10942,2
2020-05-21,15:22:39.882000,10941,10943,10941,4
2020-05-21,15:22:45.163000,10941,10942,10941,1
2020-05-21,15:22:45.163000,10941,10942,10941,1
2020-05-21,15:22:45.163000,10941,10942,10941,1
2020-05-21,15:22:45.163000,10941,10942,10941,3
2020-05-21,15:22:45.763000,10940,10941,10940,1
2020-05-21,15:22:49.504000,10940,10941,10940,1
2020-05-21,15:22:50.869000,10940,10941,10941,3
2020-05-21,15:22:58.856000,10940,10941,10941,1
2020-05-21,15:22:58.856000,10940,10941,10941,5
2020-05-21,15:23:00.798000,10940,10941,10941,1
2020-05-21,15:23:02.698000,10941,10942,10941,1
2020-05-21,15:23:03.603000,10941,10942,10941,1
2020-05-21,15:23:04.266000,10941,10942,10942,1
2020-05-21,15:23:04.267000,10941,10942,10942,2
2020-05-21,15:23:04.267000,10941,10942,10942,1
2020-05-21,15:23:05.016000,10941,10943,10941,1
2020-05-21,15:23:07.777000,10942,10943,10942,3
2020-05-21,15:23:10.909000,10941,10942,10942,1
2020-05-21,15:23:41.314000,10941,10942,10942,1
2020-05-21,15:23:41.692000,10941,10942,10941,4
2020-05-21,15:23:42.623000,10941,10942,10942,1
2020-05-21,15:23:45.143000,10941,10942,10941,1
2020-05-21,15:23:55.113000,10941,10942,10941,1
2020-05-21,15:23:56.427000,10941,10942,10941,9
2020-05-21,15:24:12.492000,10940,10941,10940,1
2020-05-21,15:24:18.185000,10940,10941,10940,1
2020-05-21,15:24:21.279000,10940,10941,10941,1
2020-05-21,15:24:26.734000,10940,10941,10941,1
2020-05-21,15:24:46.370000,10940,10941,10941,10
2020-05-21,15:24:51.210000,10940,10941,10941,1
2020-05-21,15:24:58.980000,10940,10941,10941,1
2020-05-21,15:25:09.307000,10940,10941,10941,1
2020-05-21,15:25:09.307000,10940,10941,10941,3
2020-05-21,15:25:11.424000,10941,10942,10942,2
2020-05-21,15:25:14.948000,10941,10942,10941,3
2020-05-21,15:25:19.091000,10940,10941,10941,1
2020-05-21,15:25:19.365000,10940,10941,10941,1
2020-05-21,15:25:19.684000,10940,10941,10941,1
2020-05-21,15:25:22.495000,10941,10942,10941,1
2020-05-21,15:25:22.495000,10941,10942,10940,42
2020-05-21,15:25:22.495000,10941,10942,10939,44
2020-05-21,15:25:22.497000,10941,10942,10939,8
2020-05-21,15:25:22.560000,10939,10941,10939,1
2020-05-21,15:25:22.933000,10939,10940,10939,5
2020-05-21,15:25:26.165000,10939,10940,10940,4
2020-05-21,15:25:28.508000,10940,10941,10941,1
2020-05-21,15:25:29.819000,10940,10941,10940,2
2020-05-21,15:25:34.308000,10940,10941,10940,2
2020-05-21,15:25:39.823000,10939,10940,10939,2
2020-05-21,15:25:42.930000,10939,10940,10939,1
2020-05-21,15:25:43.014000,10938,10940,10938,1
2020-05-21,15:25:43.073000,10938,10940,10938,1
2020-05-21,15:25:43.086000,10938,10940,10938,1
2020-05-21,15:25:43.506000,10938,10940,10938,1
2020-05-21,15:25:44.330000,10938,10940,10938,1
2020-05-21,15:25:44.438000,10938,10940,10938,5
2020-05-21,15:25:44.683000,10939,10940,10939,1
2020-05-21,15:25:44.808000,10939,10940,10939,1
2020-05-21,15:25:55.141000,10939,10940,10940,4
2020-05-21,15:25:57.461000,10939,10940,10940,1
2020-05-21,15:26:01.076000,10939,10940,10939,2
2020-05-21,15:26:01.725000,10938,10940,10938,1
2020-05-21,15:26:10.948000,10939,10940,10940,2
2020-05-21,15:26:11.134000,10939,10940,10939,1
2020-05-21,15:26:15.007000,10939,10940,10940,1
2020-05-21,15:26:16.414000,10939,10940,10939,1
2020-05-21,15:26:24.302000,10939,10940,10939,10
2020-05-21,15:26:24.302000,10939,10940,10938,41
2020-05-21,15:26:24.303000,10939,10940,10938,2
2020-05-21,15:26:24.303000,10939,10940,10938,2
2020-05-21,15:26:24.304000,10939,10940,10938,6
2020-05-21,15:26:24.304000,10939,10940,10938,1
2020-05-21,15:26:24.304000,10939,10940,10938,1
2020-05-21,15:26:24.304000,10939,10940,10938,2
2020-05-21,15:26:26.937000,10938,10939,10938,1
2020-05-21,15:26:30.074000,10938,10939,10938,1
2020-05-21,15:26:30.247000,10938,10939,10938,2
2020-05-21,15:26:33.361000,10938,10939,10938,1
2020-05-21,15:26:38.342000,10938,10939,10938,1
2020-05-21,15:26:40.372000,10937,10938,10937,2
2020-05-21,15:26:40.684000,10937,10938,10938,1
2020-05-21,15:26:44.900000,10937,10938,10938,1
2020-05-21,15:26:46.946000,10937,10938,10938,1
2020-05-21,15:26:53.750000,10937,10938,10938,1
2020-05-21,15:26:56.781000,10937,10938,10938,2
2020-05-21,15:26:58.293000,10937,10938,10937,1
2020-05-21,15:26:58.878000,10937,10938,10937,7
2020-05-21,15:26:58.879000,10937,10938,10937,3
2020-05-21,15:26:59.170000,10936,10937,10937,1
2020-05-21,15:27:08.250000,10936,10938,10936,1
2020-05-21,15:27:09.114000,10936,10937,10936,2
2020-05-21,15:27:10.320000,10937,10938,10937,1
2020-05-21,15:27:15.001000,10937,10938,10937,1
2020-05-21,15:27:24.913000,10937,10938,10937,1
2020-05-21,15:27:26.016000,10937,10938,10937,1
2020-05-21,15:27:27.171000,10937,10938,10938,5
2020-05-21,15:27:33.166000,10937,10938,10937,1
2020-05-21,15:27:35.563000,10937,10938,10938,7
2020-05-21,15:27:35.857000,10938,10939,10939,4
2020-05-21,15:27:36.159000,10938,10939,10939,4
2020-05-21,15:27:37.577000,10938,10940,10938,1
2020-05-21,15:27:40.324000,10938,10939,10938,1
2020-05-21,15:27:44.414000,10938,10940,10938,1
2020-05-21,15:27:58.193000,10938,10939,10938,1
2020-05-21,15:27:59.326000,10938,10939,10939,1
2020-05-21,15:28:15.874000,10939,10940,10940,14
2020-05-21,15:28:17.297000,10939,10941,10941,2
2020-05-21,15:28:21.058000,10940,10941,10941,1
2020-05-21,15:28:23.086000,10940,10941,10941,1
2020-05-21,15:28:24.629000,10940,10941,10941,1
2020-05-21,15:28:27.234000,10940,10941,10941,1
2020-05-21,15:28:27.235000,10940,10941,10941,1
2020-05-21,15:28:27.262000,10940,10941,10941,3
2020-05-21,15:28:28.256000,10941,10942,10941,2
2020-05-21,15:28:28.257000,10941,10942,10941,4
2020-05-21,15:28:28.257000,10941,10942,10941,1
2020-05-21,15:28:31.143000,10940,10942,10942,2
2020-05-21,15:28:32.925000,10940,10941,10941,1
2020-05-21,15:28:37.185000,10940,10941,10941,2
2020-05-21,15:28:37.978000,10940,10941,10941,1
2020-05-21,15:28:39.480000,10940,10941,10941,1
2020-05-21,15:28:58.683000,10940,10941,10941,1
2020-05-21,15:29:02.558000,10940,10941,10941,1
2020-05-21,15:29:02.683000,10940,10941,10941,1
2020-05-21,15:29:03.133000,10940,10942,10940,1
2020-05-21,15:29:04.481000,10940,10941,10941,1
2020-05-21,15:29:04.994000,10941,10942,10941,4
2020-05-21,15:29:04.994000,10941,10942,10940,20
2020-05-21,15:29:04.994000,10941,10942,10939,32
2020-05-21,15:29:04.995000,10941,10942,10940,1
2020-05-21,15:29:05.045000,10941,10942,10940,3
2020-05-21,15:29:10.328000,10939,10940,10939,1
2020-05-21,15:29:16.036000,10939,10940,10940,1
2020-05-21,15:29:16.416000,10939,10940,10939,1
2020-05-21,15:29:19.038000,10939,10940,10939,1
2020-05-21,15:29:20.386000,10938,10939,10939,1
2020-05-21,15:29:21.538000,10939,10940,10939,1
2020-05-21,15:29:30.075000,10939,10940,10940,1
2020-05-21,15:29:36.615000,10939,10940,10939,3
2020-05-21,15:29:36.615000,10939,10940,10938,15
2020-05-21,15:29:40.358000,10939,10940,10939,5
2020-05-21,15:29:40.358000,10939,10940,10938,6
2020-05-21,15:29:42.289000,10939,10940,10940,7
2020-05-21,15:29:46.008000,10939,10941,10941,1
2020-05-21,15:29:46.245000,10939,10941,10940,1
2020-05-21,15:30:00.467000,10940,10941,10940,1
2020-05-21,15:30:01.289000,10940,10941,10940,1
2020-05-21,15:30:02.089000,10940,10941,10941,10
2020-05-21,15:30:02.153000,10940,10941,10941,3
2020-05-21,15:30:02.153000,10940,10941,10941,7
2020-05-21,15:30:02.705000,10940,10941,10940,1
2020-05-21,15:30:03.858000,10940,10941,10940,5
2020-05-21,15:30:03.858000,10940,10941,10940,1
2020-05-21,15:30:03.858000,10940,10941,10940,1
2020-05-21,15:30:03.858000,10940,10941,10940,1
2020-05-21,15:30:03.858000,10940,10941,10940,5
2020-05-21,15:30:04.282000,10939,10940,10939,1
2020-05-21,15:30:04.445000,10939,10940,10940,1
2020-05-21,15:30:08.900000,10939,10940,10940,1
2020-05-21,15:30:09.318000,10939,10940,10940,2
2020-05-21,15:30:10.917000,10939,10940,10939,1
2020-05-21,15:30:10.918000,10939,10940,10939,1
2020-05-21,15:30:10.918000,10939,10940,10939,9
2020-05-21,15:30:10.918000,10939,10940,10939,3
2020-05-21,15:30:17.689000,10938,10940,10940,1
2020-05-21,15:30:20.202000,10939,10940,10940,2
2020-05-21,15:30:22.459000,10939,10940,10939,1
2020-05-21,15:30:22.610000,10938,10939,10939,1
2020-05-21,15:30:33.129000,10938,10940,10940,1
2020-05-21,15:30:33.206000,10938,10940,10938,2
2020-05-21,15:30:37.114000,10938,10939,10939,7
2020-05-21,15:30:37.114000,10938,10939,10940,3
2020-05-21,15:30:37.176000,10938,10939,10940,10
2020-05-21,15:30:48.651000,10939,10940,10940,2
2020-05-21,15:30:55.793000,10940,10941,10940,1
2020-05-21,15:30:57.161000,10940,10941,10940,1
2020-05-21,15:31:00.786000,10940,10941,10941,4
2020-05-21,15:31:02.053000,10939,10941,10940,1
2020-05-21,15:31:11.683000,10939,10940,10940,1
2020-05-21,15:31:18.836000,10940,10941,10941,1
2020-05-21,15:31:20.329000,10940,10941,10940,1
2020-05-21,15:31:20.877000,10940,10941,10940,4
2020-05-21,15:31:21.106000,10939,10940,10939,1
2020-05-21,15:31:21.507000,10939,10940,10940,1
2020-05-21,15:31:22.388000,10939,10940,10939,1
2020-05-21,15:31:22.741000,10939,10940,10940,1
2020-05-21,15:31:23.351000,10940,10941,10940,1
2020-05-21,15:31:25.694000,10939,10940,10940,1
2020-05-21,15:31:26.505000,10940,10941,10940,1
2020-05-21,15:31:29.057000,10940,10941,10940,1
2020-05-21,15:31:29.753000,10940,10941,10941,1
2020-05-21,15:31:29.753000,10940,10941,10941,4
2020-05-21,15:31:29.754000,10940,10941,10941,7
2020-05-21,15:31:33.163000,10940,10941,10941,1
2020-05-21,15:31:47.212000,10940,10941,10940,1
2020-05-21,15:31:47.770000,10940,10941,10941,1
2020-05-21,15:31:51.293000,10940,10941,10940,1
2020-05-21,15:31:53.418000,10940,10941,10941,1
2020-05-21,15:31:54.870000,10940,10941,10941,1
2020-05-21,15:31:56.416000,10941,10942,10941,1
2020-05-21,15:32:02.378000,10941,10942,10941,1
2020-05-21,15:32:03.278000,10940,10942,10940,1
2020-05-21,15:32:15.966000,10941,10942,10942,1
2020-05-21,15:32:15.966000,10941,10942,10942,9
2020-05-21,15:32:15.966000,10941,10942,10942,1
2020-05-21,15:32:15.966000,10941,10942,10942,3
2020-05-21,15:32:15.966000,10941,10942,10942,1
2020-05-21,15:32:15.966000,10941,10942,10942,1
2020-05-21,15:32:15.966000,10941,10942,10942,3
2020-05-21,15:32:15.966000,10941,10942,10942,5
2020-05-21,15:32:20.929000,10942,10943,10942,1
2020-05-21,15:32:20.929000,10942,10943,10942,3
2020-05-21,15:32:23.518000,10941,10942,10942,1
2020-05-21,15:32:26.394000,10941,10942,10942,2
2020-05-21,15:32:28.265000,10941,10942,10942,1
2020-05-21,15:32:33.117000,10941,10942,10942,1
2020-05-21,15:32:34.742000,10942,10943,10942,3
2020-05-21,15:32:34.996000,10941,10942,10942,2
2020-05-21,15:32:37.613000,10942,10943,10943,1
2020-05-21,15:32:41.637000,10942,10943,10943,11
2020-05-21,15:32:41.637000,10942,10943,10943,2
2020-05-21,15:32:41.638000,10942,10943,10943,2
2020-05-21,15:32:41.638000,10942,10943,10943,1
2020-05-21,15:32:41.638000,10942,10943,10943,1
2020-05-21,15:32:41.638000,10942,10943,10943,1
2020-05-21,15:32:41.638000,10942,10943,10943,3
2020-05-21,15:32:41.638000,10942,10943,10943,2
2020-05-21,15:32:41.638000,10942,10943,10943,8
2020-05-21,15:32:41.638000,10942,10943,10943,5
2020-05-21,15:32:41.638000,10942,10943,10943,1
2020-05-21,15:32:41.638000,10942,10943,10943,16
2020-05-21,15:32:44.148000,10943,10944,10943,1
2020-05-21,15:32:45.867000,10943,10944,10943,1
2020-05-21,15:32:47.383000,10943,10944,10943,1
2020-05-21,15:32:50.783000,10942,10943,10943,1
2020-05-21,15:32:50.835000,10942,10944,10944,5
2020-05-21,15:32:50.961000,10942,10944,10944,1
2020-05-21,15:32:56.488000,10942,10944,10944,5
2020-05-21,15:32:57.930000,10943,10944,10943,1
2020-05-21,15:33:01.728000,10943,10944,10944,3
2020-05-21,15:33:02.461000,10944,10945,10945,3
2020-05-21,15:33:02.654000,10944,10945,10944,1
2020-05-21,15:33:04.524000,10944,10945,10945,5
2020-05-21,15:33:05.333000,10944,10945,10945,5
2020-05-21,15:33:06.982000,10944,10945,10944,1
2020-05-21,15:33:07.764000,10944,10945,10945,1
2020-05-21,15:33:10.487000,10944,10945,10945,3
2020-05-21,15:33:10.639000,10944,10945,10944,2
2020-05-21,15:33:10.833000,10944,10945,10944,2
2020-05-21,15:33:10.833000,10944,10945,10944,4
2020-05-21,15:33:10.833000,10944,10945,10944,3
2020-05-21,15:33:10.833000,10944,10945,10944,7
2020-05-21,15:33:10.855000,10944,10945,10944,1
2020-05-21,15:33:10.867000,10944,10945,10944,1
2020-05-21,15:33:10.867000,10944,10945,10945,2
2020-05-21,15:33:11.230000,10943,10945,10945,5
2020-05-21,15:33:11.274000,10943,10945,10945,1
2020-05-21,15:33:11.794000,10943,10945,10945,1
2020-05-21,15:33:12.012000,10943,10945,10945,5
2020-05-21,15:33:16.968000,10944,10945,10945,1
2020-05-21,15:33:18.240000,10944,10945,10944,1
2020-05-21,15:33:18.240000,10944,10945,10944,1
2020-05-21,15:33:20.091000,10944,10945,10944,1
2020-05-21,15:33:24.594000,10943,10944,10944,1
2020-05-21,15:33:25.127000,10944,10945,10944,1
2020-05-21,15:33:31.091000,10943,10945,10945,2
2020-05-21,15:33:37.822000,10944,10945,10945,1
2020-05-21,15:33:38.133000,10944,10945,10944,1
2020-05-21,15:33:39.544000,10944,10945,10945,7
2020-05-21,15:33:41.231000,10944,10945,10945,1
2020-05-21,15:33:42.002000,10944,10945,10945,7
2020-05-21,15:33:49.027000,10944,10945,10945,1
2020-05-21,15:33:52.211000,10945,10946,10946,5
2020-05-21,15:33:52.211000,10945,10946,10946,5
2020-05-21,15:33:52.212000,10945,10946,10946,1
2020-05-21,15:33:52.212000,10945,10946,10946,1
2020-05-21,15:33:52.212000,10945,10946,10946,1
2020-05-21,15:33:52.212000,10945,10946,10946,2
2020-05-21,15:33:54.596000,10946,10947,10947,1
2020-05-21,15:33:54.703000,10946,10947,10947,15
2020-05-21,15:33:54.886000,10946,10947,10947,5
2020-05-21,15:33:55.117000,10946,10948,10948,5
2020-05-21,15:33:55.337000,10947,10948,10948,5
2020-05-21,15:33:55.580000,10947,10948,10948,5
2020-05-21,15:33:55.811000,10947,10948,10948,5
2020-05-21,15:33:56.085000,10947,10948,10948,5
2020-05-21,15:33:56.304000,10947,10948,10947,1
2020-05-21,15:33:58.121000,10946,10948,10948,1
2020-05-21,15:33:58.141000,10946,10948,10948,1
2020-05-21,15:33:59.107000,10947,10948,10947,1
2020-05-21,15:34:00.443000,10947,10948,10948,5
2020-05-21,15:34:01.872000,10947,10948,10948,1
2020-05-21,15:34:02.449000,10947,10948,10948,1
2020-05-21,15:34:02.600000,10947,10948,10947,2
2020-05-21,15:34:02.600000,10947,10948,10947,1
2020-05-21,15:34:04.688000,10947,10948,10948,1
2020-05-21,15:34:04.787000,10947,10948,10948,1
2020-05-21,15:34:05.433000,10947,10948,10947,1
2020-05-21,15:34:05.669000,10946,10948,10946,1
2020-05-21,15:34:06.264000,10946,10948,10948,1
2020-05-21,15:34:10.760000,10947,10948,10947,1
2020-05-21,15:34:11.013000,10947,10948,10948,1
2020-05-21,15:34:15.358000,10947,10948,10948,1
2020-05-21,15:34:19.052000,10947,10948,10948,3
2020-05-21,15:34:20.366000,10947,10948,10947,6
2020-05-21,15:34:20.367000,10947,10948,10947,1
2020-05-21,15:34:22.030000,10947,10948,10947,1
2020-05-21,15:34:23.175000,10947,10948,10947,1
2020-05-21,15:34:25.526000,10947,10948,10948,1
2020-05-21,15:34:25.587000,10947,10948,10948,3
2020-05-21,15:34:25.588000,10947,10948,10948,14
2020-05-21,15:34:28.930000,10948,10949,10949,6
2020-05-21,15:34:28.930000,10948,10949,10949,1
2020-05-21,15:34:28.930000,10948,10949,10949,1
2020-05-21,15:34:28.930000,10948,10949,10949,1
2020-05-21,15:34:28.930000,10948,10949,10949,1
2020-05-21,15:34:28.931000,10948,10949,10949,1
2020-05-21,15:34:28.931000,10948,10949,10949,2
2020-05-21,15:34:28.931000,10948,10949,10949,1
2020-05-21,15:34:28.931000,10948,10949,10949,1
2020-05-21,15:34:28.931000,10948,10949,10949,3
2020-05-21,15:34:28.961000,10949,10950,10950,1
2020-05-21,15:34:28.962000,10949,10950,10950,1
2020-05-21,15:34:29.087000,10949,10950,10950,1
2020-05-21,15:34:29.094000,10949,10950,10950,1
2020-05-21,15:34:29.126000,10949,10950,10950,4
2020-05-21,15:34:29.336000,10949,10950,10950,1
2020-05-21,15:34:32.223000,10948,10950,10950,1
2020-05-21,15:34:33.351000,10948,10949,10949,3
2020-05-21,15:34:33.535000,10948,10949,10948,2
2020-05-21,15:34:34.394000,10947,10948,10948,1
2020-05-21,15:34:34.475000,10947,10948,10948,1
2020-05-21,15:34:37.466000,10948,10950,10950,1
2020-05-21,15:34:38.056000,10948,10950,10949,1
2020-05-21,15:34:38.056000,10948,10950,10950,1
2020-05-21,15:34:38.545000,10948,10950,10950,1
2020-05-21,15:34:45.223000,10948,10950,10949,1
2020-05-21,15:34:45.338000,10948,10950,10950,1
2020-05-21,15:34:47.757000,10948,10949,10949,1
2020-05-21,15:34:48.931000,10948,10949,10949,1
2020-05-21,15:34:48.932000,10948,10949,10949,1
2020-05-21,15:34:50.898000,10948,10950,10949,1
2020-05-21,15:34:53.171000,10949,10950,10950,3
2020-05-21,15:34:56.052000,10950,10951,10950,2
2020-05-21,15:34:56.052000,10950,10951,10950,2
2020-05-21,15:34:56.493000,10949,10950,10950,1
2020-05-21,15:35:01.645000,10949,10950,10950,2
2020-05-21,15:35:02.186000,10949,10950,10950,1
2020-05-21,15:35:02.236000,10949,10950,10949,1
2020-05-21,15:35:02.294000,10949,10950,10950,2
2020-05-21,15:35:03.435000,10950,10951,10950,1
2020-05-21,15:35:03.729000,10950,10951,10950,1
2020-05-21,15:35:03.845000,10950,10951,10951,1
2020-05-21,15:35:04.165000,10950,10951,10951,1
2020-05-21,15:35:05.805000,10950,10951,10951,1
2020-05-21,15:35:06.840000,10950,10951,10951,5
2020-05-21,15:35:08.173000,10950,10951,10950,1
2020-05-21,15:35:08.492000,10950,10951,10950,8
2020-05-21,15:35:08.892000,10949,10950,10950,1
2020-05-21,15:35:09.116000,10949,10950,10950,1
2020-05-21,15:35:09.942000,10950,10951,10951,1
2020-05-21,15:35:15.790000,10950,10951,10951,3
2020-05-21,15:35:16.228000,10951,10952,10951,1
2020-05-21,15:35:17.180000,10951,10952,10951,2
2020-05-21,15:35:17.604000,10950,10951,10950,1
2020-05-21,15:35:20.294000,10950,10951,10950,4
2020-05-21,15:35:20.294000,10950,10951,10950,1
2020-05-21,15:35:29.384000,10950,10951,10951,1
2020-05-21,15:35:29.581000,10950,10951,10951,1
2020-05-21,15:35:32.056000,10950,10951,10951,1
2020-05-21,15:35:36.028000,10950,10951,10951,1
2020-05-21,15:35:47.804000,10950,10951,10951,1
2020-05-21,15:35:49.876000,10950,10951,10951,2
2020-05-21,15:35:55.990000,10950,10951,10951,1
2020-05-21,15:35:56.448000,10950,10951,10950,1
2020-05-21,15:35:56.615000,10950,10951,10951,1
2020-05-21,15:35:57.932000,10950,10951,10951,1
2020-05-21,15:36:02.343000,10950,10951,10951,1
2020-05-21,15:36:09.562000,10950,10951,10950,1
2020-05-21,15:36:09.563000,10950,10951,10950,10
2020-05-21,15:36:09.563000,10950,10951,10950,2
2020-05-21,15:36:09.563000,10950,10951,10950,5
2020-05-21,15:36:09.563000,10950,10951,10950,4
2020-05-21,15:36:12.165000,10949,10950,10949,1
2020-05-21,15:36:12.661000,10949,10950,10950,1
2020-05-21,15:36:14.770000,10949,10950,10950,4
2020-05-21,15:36:14.770000,10949,10950,10950,1
2020-05-21,15:36:15.065000,10950,10951,10950,1
2020-05-21,15:36:15.824000,10950,10951,10950,1
2020-05-21,15:36:16.037000,10950,10951,10950,1
2020-05-21,15:36:16.527000,10949,10950,10950,1
2020-05-21,15:36:16.785000,10950,10951,10950,2
2020-05-21,15:36:20.122000,10950,10951,10950,2
2020-05-21,15:36:22.092000,10950,10951,10950,1
2020-05-21,15:36:31.619000,10949,10950,10950,4
2020-05-21,15:36:33.305000,10950,10951,10950,2
2020-05-21,15:36:38.388000,10949,10950,10950,5
2020-05-21,15:36:38.613000,10949,10951,10951,5
2020-05-21,15:36:38.867000,10949,10951,10951,5
2020-05-21,15:36:39.292000,10949,10951,10951,5
2020-05-21,15:36:39.612000,10949,10951,10951,5
2020-05-21,15:36:40.115000,10949,10951,10951,5
2020-05-21,15:36:43.067000,10949,10950,10950,1
2020-05-21,15:36:43.697000,10950,10951,10950,1
2020-05-21,15:36:45.042000,10949,10950,10950,1
2020-05-21,15:36:48.852000,10949,10950,10950,1
2020-05-21,15:36:51.403000,10949,10951,10951,1
2020-05-21,15:36:58.961000,10949,10951,10951,1
2020-05-21,15:37:01.436000,10950,10951,10950,1
2020-05-21,15:37:01.812000,10950,10951,10951,2
2020-05-21,15:37:02.243000,10950,10951,10951,1
2020-05-21,15:37:02.428000,10950,10951,10951,2
2020-05-21,15:37:03.334000,10950,10952,10952,1
2020-05-21,15:37:03.478000,10950,10952,10952,1
2020-05-21,15:37:06.882000,10950,10951,10951,3
2020-05-21,15:37:07.271000,10950,10951,10951,1
2020-05-21,15:37:07.586000,10950,10951,10951,1
2020-05-21,15:37:14.003000,10951,10952,10952,25
2020-05-21,15:37:14.003000,10951,10952,10952,14
2020-05-21,15:37:14.003000,10951,10952,10952,2
2020-05-21,15:37:14.742000,10952,10953,10953,1
2020-05-21,15:37:14.742000,10952,10953,10953,1
2020-05-21,15:37:14.742000,10952,10953,10953,2
2020-05-21,15:37:14.743000,10952,10953,10953,4
2020-05-21,15:37:14.743000,10952,10953,10953,1
2020-05-21,15:37:14.743000,10952,10953,10953,1
2020-05-21,15:37:14.743000,10952,10953,10953,9
2020-05-21,15:37:14.743000,10952,10953,10953,2
2020-05-21,15:37:14.808000,10952,10953,10953,1
2020-05-21,15:37:15.558000,10952,10953,10953,3
2020-05-21,15:37:18.026000,10952,10953,10952,1
2020-05-21,15:37:18.288000,10952,10953,10953,1
2020-05-21,15:37:18.817000,10952,10953,10952,1
2020-05-21,15:37:20.450000,10952,10953,10952,1
2020-05-21,15:37:22.082000,10952,10953,10952,1
2020-05-21,15:37:22.169000,10952,10953,10952,2
2020-05-21,15:37:22.473000,10952,10953,10953,1
2020-05-21,15:37:22.473000,10952,10953,10953,5
2020-05-21,15:37:22.474000,10952,10953,10953,1
2020-05-21,15:37:25.010000,10952,10953,10953,1
2020-05-21,15:37:25.748000,10952,10953,10953,1
2020-05-21,15:37:30.027000,10952,10953,10952,3
2020-05-21,15:37:30.027000,10952,10953,10952,11
2020-05-21,15:37:32.145000,10951,10953,10952,1
2020-05-21,15:37:32.145000,10951,10953,10953,1
2020-05-21,15:37:35.525000,10952,10953,10953,1
2020-05-21,15:37:37.231000,10952,10953,10952,1
2020-05-21,15:37:41.444000,10951,10952,10952,1
2020-05-21,15:37:42.102000,10951,10952,10952,1
2020-05-21,15:37:42.961000,10952,10953,10952,1
2020-05-21,15:37:45.614000,10952,10953,10953,1
2020-05-21,15:37:50.639000,10952,10953,10953,1
2020-05-21,15:37:52.855000,10952,10953,10953,1
2020-05-21,15:37:53.300000,10952,10953,10952,13
2020-05-21,15:38:02.151000,10951,10952,10952,2
2020-05-21,15:38:03.101000,10951,10952,10952,1
2020-05-21,15:38:03.654000,10951,10952,10952,1
2020-05-21,15:38:03.673000,10951,10952,10952,1
2020-05-21,15:38:06.164000,10951,10952,10952,2
2020-05-21,15:38:06.829000,10951,10952,10951,5
2020-05-21,15:38:06.829000,10951,10952,10951,7
2020-05-21,15:38:06.829000,10951,10952,10951,8
2020-05-21,15:38:06.829000,10951,10952,10951,4
2020-05-21,15:38:06.829000,10951,10952,10951,1
2020-05-21,15:38:06.829000,10951,10952,10951,1
2020-05-21,15:38:07.501000,10950,10951,10950,1
2020-05-21,15:38:07.666000,10950,10951,10951,1
2020-05-21,15:38:08.080000,10950,10951,10951,1
2020-05-21,15:38:11.209000,10950,10951,10951,3
2020-05-21,15:38:14.097000,10950,10951,10950,1
2020-05-21,15:38:14.633000,10950,10951,10951,4
2020-05-21,15:38:18.295000,10951,10952,10951,1
2020-05-21,15:38:24.055000,10951,10952,10951,1
2020-05-21,15:38:26.493000,10951,10952,10951,2
2020-05-21,15:38:26.746000,10950,10951,10951,2
2020-05-21,15:38:33.076000,10950,10951,10951,1
2020-05-21,15:38:35.634000,10950,10951,10951,3
2020-05-21,15:38:37.076000,10950,10951,10950,19
2020-05-21,15:38:39.047000,10949,10950,10950,2
2020-05-21,15:38:59.126000,10949,10950,10949,4
2020-05-21,15:38:59.127000,10949,10950,10949,1
2020-05-21,15:38:59.127000,10949,10950,10949,4
2020-05-21,15:39:04.414000,10949,10950,10949,1
2020-05-21,15:39:06.490000,10949,10950,10949,2
2020-05-21,15:39:07.410000,10948,10949,10949,1
2020-05-21,15:39:09.321000,10948,10949,10949,1
2020-05-21,15:39:09.321000,10948,10949,10949,1
2020-05-21,15:39:09.447000,10949,10950,10949,2
2020-05-21,15:39:10.082000,10949,10950,10949,1
2020-05-21,15:39:11.637000,10949,10950,10949,1
2020-05-21,15:39:12.917000,10949,10950,10949,1
2020-05-21,15:39:13.010000,10948,10949,10949,1
2020-05-21,15:39:13.411000,10949,10950,10949,2
2020-05-21,15:39:13.681000,10949,10950,10949,1
2020-05-21,15:39:13.993000,10948,10949,10949,1
2020-05-21,15:39:13.993000,10948,10949,10949,1
2020-05-21,15:39:14.503000,10948,10950,10948,1
2020-05-21,15:39:14.592000,10948,10950,10948,1
2020-05-21,15:39:15.548000,10949,10950,10949,1
2020-05-21,15:39:16.807000,10948,10949,10948,1
2020-05-21,15:39:17.630000,10948,10949,10949,1
2020-05-21,15:39:17.635000,10948,10949,10948,1
2020-05-21,15:39:20.446000,10948,10949,10948,5
2020-05-21,15:39:22.483000,10948,10949,10949,1
2020-05-21,15:39:22.786000,10948,10949,10949,1
2020-05-21,15:39:27.051000,10948,10949,10949,1
2020-05-21,15:39:38.636000,10948,10949,10949,1
2020-05-21,15:39:42.170000,10948,10949,10948,2
2020-05-21,15:39:44.219000,10948,10949,10949,1
2020-05-21,15:39:46.004000,10948,10949,10948,1
2020-05-21,15:39:46.671000,10948,10949,10949,2
2020-05-21,15:39:46.671000,10948,10949,10949,2
2020-05-21,15:39:46.671000,10948,10949,10949,2
2020-05-21,15:39:52.806000,10949,10950,10949,1
2020-05-21,15:40:02.208000,10948,10949,10949,1
2020-05-21,15:40:06.155000,10948,10949,10949,1
2020-05-21,15:40:09.423000,10948,10949,10949,1
2020-05-21,15:40:10.899000,10948,10949,10948,1
2020-05-21,15:40:16.069000,10948,10949,10948,1
2020-05-21,15:40:21.718000,10948,10949,10948,1
2020-05-21,15:40:26.161000,10948,10949,10948,2
2020-05-21,15:40:26.205000,10948,10949,10948,1
2020-05-21,15:40:26.206000,10948,10949,10948,2
2020-05-21,15:40:26.206000,10948,10949,10948,2
2020-05-21,15:40:26.206000,10948,10949,10948,1
2020-05-21,15:40:27.990000,10947,10949,10949,1
2020-05-21,15:40:28.082000,10947,10949,10947,2
2020-05-21,15:40:31.912000,10948,10949,10948,1
2020-05-21,15:40:38.586000,10947,10948,10948,1
2020-05-21,15:40:39.606000,10947,10948,10948,1
2020-05-21,15:40:41.635000,10947,10948,10947,7
2020-05-21,15:40:41.635000,10947,10948,10947,3
2020-05-21,15:40:46.641000,10946,10947,10947,1
2020-05-21,15:40:48.483000,10946,10948,10946,3
2020-05-21,15:40:50.414000,10947,10948,10947,1
2020-05-21,15:40:53.170000,10947,10948,10947,2
2020-05-21,15:40:56.225000,10946,10947,10946,1
2020-05-21,15:40:56.479000,10946,10947,10946,1
2020-05-21,15:40:57.782000,10946,10947,10946,1
2020-05-21,15:41:00.984000,10946,10947,10947,1
2020-05-21,15:41:00.984000,10946,10947,10947,5
2020-05-21,15:41:01.305000,10947,10948,10947,1
2020-05-21,15:41:03.640000,10947,10948,10947,1
2020-05-21,15:41:04.016000,10947,10948,10947,1
2020-05-21,15:41:05.128000,10946,10947,10947,1
2020-05-21,15:41:07.273000,10947,10948,10947,1
2020-05-21,15:41:08.514000,10946,10947,10947,1
2020-05-21,15:41:11.579000,10947,10948,10947,1
2020-05-21,15:41:24.973000,10947,10948,10948,1
2020-05-21,15:41:35.734000,10947,10948,10947,3
2020-05-21,15:41:36.496000,10946,10947,10947,2
2020-05-21,15:41:37.027000,10946,10947,10947,1
2020-05-21,15:41:41.936000,10946,10947,10946,1
2020-05-21,15:41:49.657000,10946,10947,10946,6
2020-05-21,15:41:50.119000,10945,10946,10946,1
2020-05-21,15:41:52.519000,10945,10946,10946,1
2020-05-21,15:41:52.519000,10945,10946,10946,1
2020-05-21,15:41:52.519000,10945,10946,10946,1
2020-05-21,15:41:54.326000,10946,10947,10946,11
2020-05-21,15:42:06.430000,10945,10946,10945,5
2020-05-21,15:42:06.538000,10945,10946,10945,1
2020-05-21,15:42:06.545000,10945,10946,10945,1
2020-05-21,15:42:07.165000,10945,10946,10945,1
2020-05-21,15:42:14.523000,10945,10946,10946,3
2020-05-21,15:42:19.875000,10945,10946,10945,2
2020-05-21,15:42:23.763000,10945,10946,10945,1
2020-05-21,15:42:35.475000,10945,10946,10946,1
2020-05-21,15:42:43.742000,10945,10946,10946,1
2020-05-21,15:42:57.889000,10945,10946,10945,2
2020-05-21,15:42:57.890000,10945,10946,10945,1
2020-05-21,15:42:57.890000,10945,10946,10945,5
2020-05-21,15:42:57.890000,10945,10946,10945,1
2020-05-21,15:42:57.890000,10945,10946,10945,1
2020-05-21,15:42:58.681000,10944,10945,10944,1
2020-05-21,15:43:04.194000,10944,10945,10944,1
2020-05-21,15:43:11.215000,10944,10945,10944,16
2020-05-21,15:43:13.211000,10943,10945,10943,1
2020-05-21,15:43:21.870000,10943,10944,10943,3
2020-05-21,15:43:22.864000,10943,10944,10944,1
2020-05-21,15:43:25.800000,10943,10944,10943,1
2020-05-21,15:43:28.456000,10943,10944,10944,1
2020-05-21,15:43:29.140000,10943,10944,10943,1
2020-05-21,15:43:36.927000,10943,10944,10943,1
2020-05-21,15:43:37.053000,10943,10944,10944,1
2020-05-21,15:43:37.058000,10943,10944,10944,2
2020-05-21,15:43:38.484000,10944,10945,10944,1
2020-05-21,15:43:39.141000,10943,10945,10944,1
2020-05-21,15:43:45.204000,10943,10944,10944,1
2020-05-21,15:43:47.527000,10943,10944,10944,1
2020-05-21,15:43:50.869000,10943,10944,10944,2
2020-05-21,15:43:50.870000,10943,10944,10944,1
2020-05-21,15:43:51.652000,10944,10945,10944,1
2020-05-21,15:43:51.653000,10944,10945,10944,1
2020-05-21,15:43:55.111000,10943,10945,10945,1
2020-05-21,15:44:12.245000,10944,10945,10944,1
2020-05-21,15:44:16.554000,10944,10945,10944,2
2020-05-21,15:44:30.189000,10944,10945,10944,5
2020-05-21,15:44:35.298000,10944,10945,10944,5
2020-05-21,15:44:35.559000,10944,10945,10945,1
2020-05-21,15:44:35.787000,10944,10945,10944,1
2020-05-21,15:44:37.050000,10944,10945,10944,1
2020-05-21,15:44:42.122000,10944,10945,10945,1
2020-05-21,15:44:53.034000,10944,10945,10945,1
2020-05-21,15:44:53.091000,10944,10945,10945,2
2020-05-21,15:44:57.844000,10944,10945,10945,1
2020-05-21,15:44:57.844000,10944,10945,10945,4
2020-05-21,15:44:57.844000,10944,10945,10945,5
2020-05-21,15:44:57.845000,10944,10945,10945,2
2020-05-21,15:44:58.176000,10945,10946,10944,1
2020-05-21,15:45:00.966000,10945,10946,10945,1
2020-05-21,15:45:07.569000,10944,10945,10944,2
2020-05-21,15:45:14.658000,10943,10944,10944,2
2020-05-21,15:45:14.659000,10943,10944,10944,1
2020-05-21,15:45:14.659000,10943,10944,10944,3
2020-05-21,15:45:26.149000,10944,10945,10944,1
2020-05-21,15:45:30.348000,10944,10945,10944,1
2020-05-21,15:45:45.252000,10943,10944,10944,1
2020-05-21,15:45:53.135000,10943,10944,10944,3
2020-05-21,15:46:02.625000,10943,10944,10944,1
2020-05-21,15:46:02.710000,10943,10944,10943,1
2020-05-21,15:46:02.762000,10943,10944,10943,1
2020-05-21,15:46:02.762000,10943,10944,10943,1
2020-05-21,15:46:02.762000,10943,10944,10943,2
2020-05-21,15:46:02.762000,10943,10944,10943,1
2020-05-21,15:46:02.762000,10943,10944,10943,6
2020-05-21,15:46:02.762000,10943,10944,10943,2
2020-05-21,15:46:02.762000,10943,10944,10943,1
2020-05-21,15:46:02.762000,10943,10944,10943,2
2020-05-21,15:46:02.762000,10943,10944,10943,2
2020-05-21,15:46:04.878000,10943,10944,10943,1
2020-05-21,15:46:05.165000,10943,10944,10943,2
2020-05-21,15:46:06.959000,10943,10944,10943,2
2020-05-21,15:46:08.960000,10942,10943,10943,2
2020-05-21,15:46:08.961000,10942,10943,10943,3
2020-05-21,15:46:10.748000,10943,10944,10944,1
2020-05-21,15:46:11.069000,10943,10944,10943,7
2020-05-21,15:46:11.762000,10943,10944,10943,7
2020-05-21,15:46:12.793000,10943,10944,10943,7
2020-05-21,15:46:14.721000,10943,10944,10943,7
2020-05-21,15:46:19.164000,10943,10944,10943,2
2020-05-21,15:46:20.271000,10942,10943,10943,1
2020-05-21,15:46:20.915000,10942,10943,10943,1
2020-05-21,15:46:21.466000,10942,10943,10943,7
2020-05-21,15:46:30.110000,10943,10944,10943,1
2020-05-21,15:46:30.942000,10943,10944,10944,1
2020-05-21,15:46:35.919000,10943,10944,10943,2
2020-05-21,15:46:35.919000,10943,10944,10943,1
2020-05-21,15:46:38.951000,10943,10944,10943,1
2020-05-21,15:46:44.626000,10943,10944,10943,6
2020-05-21,15:46:44.808000,10942,10943,10943,1
2020-05-21,15:46:46.721000,10943,10944,10943,2
2020-05-21,15:46:46.749000,10943,10944,10943,1
2020-05-21,15:46:47.826000,10942,10943,10943,1
2020-05-21,15:46:51.255000,10943,10944,10943,1
2020-05-21,15:47:01.960000,10943,10944,10943,4
2020-05-21,15:47:20.745000,10942,10943,10943,1
2020-05-21,15:47:24.873000,10942,10943,10942,1
2020-05-21,15:47:24.873000,10942,10943,10942,3
2020-05-21,15:47:24.873000,10942,10943,10942,2
2020-05-21,15:47:24.873000,10942,10943,10942,1
2020-05-21,15:47:24.873000,10942,10943,10942,1
2020-05-21,15:47:24.873000,10942,10943,10942,2
2020-05-21,15:47:24.873000,10942,10943,10942,1
2020-05-21,15:47:24.873000,10942,10943,10942,3
2020-05-21,15:47:33.706000,10941,10942,10941,1
2020-05-21,15:47:35.324000,10941,10942,10941,2
2020-05-21,15:47:36.374000,10941,10942,10941,2
2020-05-21,15:47:37.323000,10941,10942,10941,1
2020-05-21,15:47:41.277000,10941,10942,10941,2
2020-05-21,15:47:42.749000,10941,10942,10941,1
2020-05-21,15:47:44.866000,10941,10942,10941,4
2020-05-21,15:47:45.359000,10941,10942,10941,5
2020-05-21,15:47:45.359000,10941,10942,10941,3
2020-05-21,15:47:48.073000,10940,10941,10940,4
2020-05-21,15:47:50.588000,10940,10941,10940,1
2020-05-21,15:47:50.897000,10940,10941,10940,1
2020-05-21,15:47:51.115000,10940,10941,10940,1
2020-05-21,15:47:52.399000,10940,10941,10940,1
2020-05-21,15:47:52.399000,10940,10941,10940,3
2020-05-21,15:47:52.399000,10940,10941,10940,1
2020-05-21,15:47:52.399000,10940,10941,10940,1
2020-05-21,15:47:52.399000,10940,10941,10940,3
2020-05-21,15:47:52.399000,10940,10941,10940,4
2020-05-21,15:47:52.399000,10940,10941,10940,2
2020-05-21,15:47:55.806000,10939,10940,10939,5
2020-05-21,15:47:55.870000,10939,10940,10940,1
2020-05-21,15:47:56.043000,10939,10940,10939,5
2020-05-21,15:47:56.298000,10939,10940,10939,4
2020-05-21,15:47:56.298000,10939,10940,10938,1
2020-05-21,15:47:56.314000,10938,10940,10938,1
2020-05-21,15:47:56.333000,10938,10940,10938,1
2020-05-21,15:47:56.481000,10938,10940,10938,1
2020-05-21,15:47:56.519000,10938,10940,10938,1
2020-05-21,15:47:56.527000,10938,10940,10938,5
2020-05-21,15:47:56.764000,10938,10940,10938,5
2020-05-21,15:47:56.969000,10938,10940,10938,5
2020-05-21,15:47:57.578000,10938,10940,10940,2
2020-05-21,15:48:05.212000,10938,10940,10938,5
2020-05-21,15:48:05.437000,10938,10939,10938,5
2020-05-21,15:48:05.653000,10938,10939,10938,5
2020-05-21,15:48:05.874000,10937,10939,10937,5
2020-05-21,15:48:06.112000,10937,10939,10937,5
2020-05-21,15:48:06.378000,10937,10939,10937,5
2020-05-21,15:48:07.380000,10937,10939,10939,4
2020-05-21,15:48:11.054000,10937,10939,10937,10
2020-05-21,15:48:12.676000,10938,10939,10939,1
2020-05-21,15:48:12.790000,10938,10939,10938,2
2020-05-21,15:48:14.788000,10937,10939,10937,5
2020-05-21,15:48:20.260000,10938,10939,10938,2
2020-05-21,15:48:22.525000,10937,10938,10938,1
2020-05-21,15:48:23.247000,10937,10938,10938,9
2020-05-21,15:48:23.283000,10937,10938,10938,1
2020-05-21,15:48:24.358000,10938,10939,10938,1
2020-05-21,15:48:25.933000,10938,10939,10939,4
2020-05-21,15:48:27.505000,10939,10940,10939,1
2020-05-21,15:48:29.547000,10939,10940,10939,1
2020-05-21,15:48:29.641000,10939,10940,10939,1
2020-05-21,15:48:32.399000,10939,10940,10939,1
2020-05-21,15:48:34.001000,10939,10940,10939,1
2020-05-21,15:48:36.502000,10939,10940,10940,1
2020-05-21,15:48:36.502000,10939,10940,10940,4
2020-05-21,15:48:36.502000,10939,10940,10940,3
2020-05-21,15:48:37.040000,10940,10941,10940,1
2020-05-21,15:48:37.172000,10939,10941,10941,5
2020-05-21,15:48:37.963000,10939,10941,10939,1
2020-05-21,15:48:38.605000,10939,10941,10939,1
2020-05-21,15:48:39.325000,10940,10941,10940,1
2020-05-21,15:48:40.124000,10939,10941,10941,1
2020-05-21,15:48:45.750000,10940,10941,10941,1
2020-05-21,15:48:46.646000,10940,10941,10941,1
2020-05-21,15:48:48.643000,10941,10942,10942,1
2020-05-21,15:48:51.027000,10941,10942,10942,1
2020-05-21,15:48:52.954000,10940,10942,10942,1
2020-05-21,15:48:53.303000,10940,10942,10942,2
2020-05-21,15:48:54.032000,10941,10942,10942,1
2020-05-21,15:48:54.975000,10941,10942,10942,1
2020-05-21,15:48:57.289000,10941,10942,10942,3
2020-05-21,15:48:57.595000,10942,10943,10943,3
2020-05-21,15:48:58.057000,10942,10943,10942,1
2020-05-21,15:48:59.391000,10942,10943,10942,1
2020-05-21,15:49:00.415000,10942,10943,10942,1
2020-05-21,15:49:01.367000,10942,10943,10942,1
2020-05-21,15:49:04.127000,10942,10943,10943,2
2020-05-21,15:49:04.127000,10942,10943,10943,1
2020-05-21,15:49:04.127000,10942,10943,10943,6
2020-05-21,15:49:04.621000,10943,10944,10943,1
2020-05-21,15:49:12.566000,10943,10944,10944,5
2020-05-21,15:49:21.769000,10943,10944,10944,2
2020-05-21,15:49:22.349000,10943,10944,10944,4
2020-05-21,15:49:22.349000,10943,10944,10945,1
2020-05-21,15:49:26.410000,10944,10945,10944,2
2020-05-21,15:49:27.444000,10944,10945,10945,1
2020-05-21,15:49:32.792000,10944,10945,10945,1
2020-05-21,15:49:33.323000,10944,10945,10944,1
2020-05-21,15:49:38.504000,10944,10945,10944,1
2020-05-21,15:49:56.535000,10944,10945,10944,3
2020-05-21,15:50:01.218000,10944,10945,10944,1
2020-05-21,15:50:05.817000,10944,10945,10945,3
2020-05-21,15:50:05.817000,10944,10945,10945,2
2020-05-21,15:50:05.818000,10944,10945,10945,4
2020-05-21,15:50:08.855000,10944,10945,10945,1
2020-05-21,15:50:14.361000,10945,10946,10945,1
2020-05-21,15:50:17.141000,10945,10946,10945,1
2020-05-21,15:50:17.292000,10945,10946,10945,6
2020-05-21,15:50:17.292000,10945,10946,10944,1
2020-05-21,15:50:19.601000,10945,10946,10946,7
2020-05-21,15:50:24.570000,10945,10946,10946,1
2020-05-21,15:50:29.834000,10945,10946,10946,6
2020-05-21,15:50:54.370000,10946,10947,10947,1
2020-05-21,15:50:54.676000,10946,10947,10946,5
2020-05-21,15:50:54.676000,10946,10947,10946,2
2020-05-21,15:50:54.676000,10946,10947,10946,1
2020-05-21,15:50:56.261000,10945,10946,10945,1
2020-05-21,15:50:56.261000,10945,10946,10945,2
2020-05-21,15:50:56.261000,10945,10946,10945,4
2020-05-21,15:50:56.441000,10944,10945,10945,3
2020-05-21,15:51:09.766000,10944,10945,10944,2
2020-05-21,15:51:28.716000,10943,10944,10944,1
2020-05-21,15:51:31.350000,10943,10944,10944,1
2020-05-21,15:51:42.507000,10943,10944,10943,1
2020-05-21,15:51:47.968000,10943,10944,10943,1
2020-05-21,15:51:59.964000,10943,10944,10944,1
2020-05-21,15:52:08.615000,10943,10944,10943,1
2020-05-21,15:52:09.623000,10943,10944,10943,1
2020-05-21,15:52:10.655000,10943,10944,10943,1
2020-05-21,15:52:21.120000,10943,10944,10943,1
2020-05-21,15:52:23.789000,10943,10944,10943,1
2020-05-21,15:52:30.334000,10943,10944,10944,4
2020-05-21,15:52:30.334000,10943,10944,10944,3
2020-05-21,15:52:32.507000,10944,10945,10944,1
2020-05-21,15:52:47.798000,10944,10945,10944,1
2020-05-21,15:52:48.349000,10944,10945,10944,4
2020-05-21,15:52:48.349000,10944,10945,10944,1
2020-05-21,15:52:48.350000,10944,10945,10944,1
2020-05-21,15:52:56.490000,10944,10945,10945,7
2020-05-21,15:52:56.491000,10944,10945,10945,3
2020-05-21,15:52:56.491000,10944,10945,10945,1
2020-05-21,15:52:56.491000,10944,10945,10945,1
2020-05-21,15:52:56.491000,10944,10945,10945,1
2020-05-21,15:52:56.491000,10944,10945,10945,2
2020-05-21,15:53:08.109000,10945,10946,10945,1
2020-05-21,15:53:29.052000,10944,10945,10945,5
2020-05-21,15:53:32.433000,10945,10946,10945,1
2020-05-21,15:53:46.777000,10945,10946,10945,3
2020-05-21,15:54:03.873000,10944,10945,10945,1
2020-05-21,15:54:33.694000,10944,10945,10944,3
2020-05-21,15:54:33.694000,10944,10945,10944,2
2020-05-21,15:54:34.015000,10943,10944,10943,4
2020-05-21,15:54:46.400000,10943,10944,10943,3
2020-05-21,15:55:06.360000,10944,10945,10944,4
2020-05-21,15:55:13.658000,10943,10944,10943,5
2020-05-21,15:55:29.566000,10941,10943,10942,1
2020-05-21,15:55:59.306000,10942,10943,10942,6
2020-05-21,15:56:05.594000,10942,10943,10942,1
2020-05-21,15:56:05.732000,10942,10943,10942,1
2020-05-21,15:56:08.968000,10942,10943,10942,1
2020-05-21,15:56:16.783000,10942,10943,10942,1
2020-05-21,15:56:17.075000,10942,10943,10942,1
2020-05-21,15:56:18.661000,10941,10942,10941,1
2020-05-21,15:56:18.815000,10941,10942,10942,1
2020-05-21,15:56:19.036000,10941,10942,10941,4
2020-05-21,15:56:19.189000,10941,10942,10941,1
2020-05-21,15:56:25.495000,10941,10942,10942,1
2020-05-21,15:56:25.496000,10941,10942,10942,3
2020-05-21,15:56:40.005000,10942,10943,10942,1
2020-05-21,15:56:52.106000,10941,10942,10942,1
2020-05-21,15:56:55.891000,10942,10943,10943,1
2020-05-21,15:56:55.891000,10942,10943,10943,1
2020-05-21,15:57:00.341000,10941,10942,10942,1
2020-05-21,15:57:26.942000,10942,10943,10942,1
2020-05-21,15:57:29.626000,10941,10942,10942,1
2020-05-21,15:57:33.632000,10941,10942,10942,1
2020-05-21,15:57:38.817000,10941,10942,10942,1
2020-05-21,15:57:48.052000,10941,10942,10941,3
2020-05-21,15:57:48.052000,10941,10942,10941,6
2020-05-21,15:57:48.052000,10941,10942,10941,3
2020-05-21,15:57:48.052000,10941,10942,10941,5
2020-05-21,15:57:48.052000,10941,10942,10941,1
2020-05-21,15:57:48.052000,10941,10942,10941,2
2020-05-21,15:57:49.497000,10940,10941,10940,11
2020-05-21,15:57:56.708000,10939,10940,10940,2
2020-05-21,15:57:57.914000,10940,10941,10940,1
2020-05-21,15:57:57.914000,10940,10941,10939,4
2020-05-21,15:58:02.149000,10939,10940,10940,1
2020-05-21,15:58:03.920000,10939,10940,10940,1
2020-05-21,15:58:09.024000,10940,10942,10940,1
2020-05-21,15:58:12.987000,10940,10942,10940,1
2020-05-21,15:58:24.741000,10940,10942,10940,2
2020-05-21,15:58:35.404000,10940,10941,10940,2
2020-05-21,15:58:40.575000,10940,10941,10941,1
2020-05-21,15:58:53.129000,10940,10941,10941,1
2020-05-21,15:58:56.459000,10941,10942,10941,1
2020-05-21,15:59:06.689000,10940,10941,10940,10
2020-05-21,15:59:10.761000,10940,10941,10940,2
2020-05-21,15:59:19.634000,10940,10941,10940,1
2020-05-21,15:59:22.480000,10940,10941,10941,2
2020-05-21,15:59:26.091000,10940,10941,10941,1
2020-05-21,15:59:30.411000,10940,10941,10941,4
2020-05-21,15:59:48.416000,10941,10942,10941,1
2020-05-21,16:00:00.093000,10941,10942,10941,1
2020-05-21,16:00:00.223000,10941,10942,10942,2
2020-05-21,16:00:00.341000,10941,10942,10941,1
2020-05-21,16:00:00.437000,10941,10942,10941,1
2020-05-21,16:00:00.481000,10941,10942,10941,1
2020-05-21,16:00:00.481000,10941,10942,10940,3
2020-05-21,16:00:00.554000,10941,10942,10940,4
2020-05-21,16:00:01.877000,10940,10942,10940,1
2020-05-21,16:00:02.017000,10940,10941,10940,1
2020-05-21,16:00:02.307000,10940,10941,10940,1
2020-05-21,16:00:04.690000,10941,10942,10942,2
2020-05-21,16:00:04.690000,10941,10942,10942,1
2020-05-21,16:00:04.690000,10941,10942,10942,3
2020-05-21,16:00:22.489000,10941,10943,10942,1
2020-05-21,16:00:33.997000,10942,10943,10943,4
2020-05-21,16:00:36.362000,10943,10944,10944,1
2020-05-21,16:00:36.363000,10943,10944,10944,5
2020-05-21,16:00:36.706000,10943,10945,10945,4
2020-05-21,16:00:44.447000,10944,10945,10945,1
2020-05-21,16:00:49.388000,10944,10945,10945,2
2020-05-21,16:00:54.504000,10944,10945,10944,1
2020-05-21,16:00:54.504000,10944,10945,10944,2
2020-05-21,16:00:55.279000,10943,10944,10944,7
2020-05-21,16:00:58.322000,10944,10945,10944,2
2020-05-21,16:01:01.187000,10944,10945,10944,1
2020-05-21,16:01:01.630000,10943,10944,10943,3
2020-05-21,16:01:01.836000,10943,10944,10943,3
2020-05-21,16:01:13.327000,10942,10943,10943,1
2020-05-21,16:01:16.796000,10942,10943,10943,3
2020-05-21,16:01:23.467000,10942,10943,10943,1
2020-05-21,16:01:25.565000,10942,10943,10943,3
2020-05-21,16:01:37.143000,10944,10945,10945,3
2020-05-21,16:01:37.144000,10944,10945,10945,1
2020-05-21,16:01:40.511000,10945,10946,10945,1
2020-05-21,16:01:42.801000,10945,10946,10946,3
2020-05-21,16:01:42.801000,10945,10946,10946,1
2020-05-21,16:01:42.801000,10945,10946,10946,5
2020-05-21,16:01:42.962000,10946,10947,10947,1
2020-05-21,16:01:43.561000,10946,10947,10947,17
2020-05-21,16:01:48.068000,10945,10947,10947,2
2020-05-21,16:01:55.810000,10946,10947,10947,1
2020-05-21,16:01:58.053000,10947,10948,10947,1
2020-05-21,16:01:58.217000,10947,10948,10947,1
2020-05-21,16:02:03.610000,10947,10948,10947,1
2020-05-21,16:02:03.610000,10947,10948,10947,8
2020-05-21,16:02:04.393000,10946,10947,10946,3
2020-05-21,16:02:04.445000,10945,10947,10947,1
2020-05-21,16:02:04.445000,10945,10947,10947,1
2020-05-21,16:02:04.445000,10945,10947,10947,1
2020-05-21,16:02:04.698000,10945,10947,10945,3
2020-05-21,16:02:05.132000,10945,10947,10947,2
2020-05-21,16:02:07.902000,10946,10948,10948,1
2020-05-21,16:02:12.429000,10947,10948,10948,5
2020-05-21,16:02:13.191000,10947,10948,10948,1
2020-05-21,16:02:17.104000,10947,10948,10947,1
2020-05-21,16:02:25.823000,10946,10947,10947,1
2020-05-21,16:02:33.407000,10946,10947,10946,1
2020-05-21,16:02:34.104000,10946,10947,10947,1
2020-05-21,16:02:34.742000,10946,10947,10947,1
2020-05-21,16:02:35.418000,10946,10947,10947,1
2020-05-21,16:02:38.928000,10946,10947,10947,6
2020-05-21,16:02:38.928000,10946,10947,10947,1
2020-05-21,16:02:38.928000,10946,10947,10947,7
2020-05-21,16:02:43.039000,10947,10948,10948,1
2020-05-21,16:02:53.324000,10947,10948,10947,1
2020-05-21,16:02:57.058000,10947,10948,10947,1
2020-05-21,16:02:57.668000,10947,10948,10947,1
2020-05-21,16:02:59.839000,10947,10948,10947,1
2020-05-21,16:03:00.767000,10947,10948,10948,1
2020-05-21,16:03:00.830000,10947,10948,10947,1
2020-05-21,16:03:00.830000,10947,10948,10946,1
2020-05-21,16:03:09.315000,10946,10948,10948,10
2020-05-21,16:03:09.998000,10946,10948,10946,4
2020-05-21,16:03:20.295000,10946,10947,10946,6
2020-05-21,16:03:20.295000,10946,10947,10946,1
2020-05-21,16:03:20.295000,10946,10947,10946,1
2020-05-21,16:03:20.295000,10946,10947,10946,3
2020-05-21,16:03:20.767000,10945,10946,10945,1
2020-05-21,16:03:20.891000,10945,10946,10945,3
2020-05-21,16:03:27.776000,10945,10946,10946,3
2020-05-21,16:03:29.921000,10945,10946,10946,1
2020-05-21,16:03:29.947000,10946,10947,10946,1
2020-05-21,16:03:40.910000,10946,10947,10946,1
2020-05-21,16:03:47.483000,10946,10947,10947,7
2020-05-21,16:03:51.977000,10945,10947,10945,1
2020-05-21,16:03:53.361000,10945,10947,10945,1
2020-05-21,16:03:53.762000,10945,10946,10945,2
2020-05-21,16:03:56.140000,10945,10946,10945,1
2020-05-21,16:03:59.969000,10944,10946,10946,1
2020-05-21,16:04:07.844000,10945,10946,10945,2
2020-05-21,16:04:07.845000,10945,10946,10945,2
2020-05-21,16:04:07.845000,10945,10946,10945,1
2020-05-21,16:04:07.956000,10944,10946,10946,2
2020-05-21,16:04:08.298000,10944,10946,10944,2
2020-05-21,16:04:19.797000,10946,10947,10947,3
2020-05-21,16:04:20.453000,10946,10947,10946,1
2020-05-21,16:04:21.042000,10946,10947,10946,1
2020-05-21,16:04:22.098000,10946,10947,10947,6
2020-05-21,16:04:30.791000,10945,10946,10946,2
2020-05-21,16:04:45.630000,10945,10946,10946,1
2020-05-21,16:04:46.405000,10945,10947,10947,1
2020-05-21,16:05:02.611000,10945,10946,10946,1
2020-05-21,16:05:02.797000,10945,10946,10946,1
2020-05-21,16:05:03.352000,10946,10947,10946,2
2020-05-21,16:05:03.352000,10946,10947,10945,2
2020-05-21,16:05:03.547000,10945,10947,10945,4
2020-05-21,16:05:13.806000,10944,10945,10944,1
2020-05-21,16:05:31.534000,10943,10944,10944,1
2020-05-21,16:05:48.781000,10943,10944,10943,1
2020-05-21,16:05:49.849000,10943,10944,10944,2
2020-05-21,16:05:49.852000,10943,10944,10944,1
2020-05-21,16:05:52.258000,10943,10944,10943,2
2020-05-21,16:05:53.014000,10943,10944,10944,1
2020-05-21,16:05:53.014000,10943,10944,10944,1
2020-05-21,16:06:07.395000,10943,10944,10944,1
2020-05-21,16:06:13.899000,10943,10944,10943,3
2020-05-21,16:06:19.292000,10942,10943,10942,4
2020-05-21,16:06:20.821000,10941,10943,10943,1
2020-05-21,16:06:22.824000,10941,10943,10943,1
2020-05-21,16:06:27.069000,10941,10943,10941,1
2020-05-21,16:06:32.269000,10942,10943,10942,1
2020-05-21,16:06:34.167000,10941,10943,10941,2
2020-05-21,16:07:02.233000,10941,10942,10941,1
2020-05-21,16:07:03.304000,10941,10942,10941,1
2020-05-21,16:07:03.304000,10941,10942,10941,3
2020-05-21,16:07:03.305000,10941,10942,10941,3
2020-05-21,16:07:03.305000,10941,10942,10941,7
2020-05-21,16:07:03.305000,10941,10942,10941,2
2020-05-21,16:07:04.530000,10940,10941,10941,1
2020-05-21,16:07:07.290000,10940,10941,10940,1
2020-05-21,16:07:11.575000,10940,10941,10941,1
2020-05-21,16:07:15.753000,10941,10942,10941,1
2020-05-21,16:07:22.194000,10940,10941,10941,1
2020-05-21,16:07:31.889000,10940,10941,10941,2
2020-05-21,16:07:31.889000,10940,10941,10941,1
2020-05-21,16:07:31.889000,10940,10941,10941,2
2020-05-21,16:07:31.890000,10940,10941,10941,1
2020-05-21,16:07:56.722000,10941,10942,10941,2
2020-05-21,16:08:05.098000,10940,10941,10941,6
2020-05-21,16:08:07.301000,10940,10941,10940,1
2020-05-21,16:08:07.313000,10940,10941,10940,1
2020-05-21,16:08:07.314000,10940,10941,10940,1
2020-05-21,16:08:07.314000,10940,10941,10940,2
2020-05-21,16:08:07.314000,10940,10941,10940,6
2020-05-21,16:08:07.314000,10940,10941,10940,5
2020-05-21,16:08:07.314000,10940,10941,10940,3
2020-05-21,16:08:07.314000,10940,10941,10940,5
2020-05-21,16:08:07.314000,10940,10941,10940,3
2020-05-21,16:08:07.314000,10940,10941,10940,3
2020-05-21,16:08:07.314000,10940,10941,10940,1
2020-05-21,16:08:07.429000,10940,10941,10939,7
2020-05-21,16:08:07.431000,10940,10941,10939,3
2020-05-21,16:08:07.439000,10939,10940,10939,1
2020-05-21,16:08:07.472000,10939,10940,10940,2
2020-05-21,16:08:07.646000,10939,10940,10939,3
2020-05-21,16:08:07.702000,10939,10940,10939,3
2020-05-21,16:08:07.826000,10938,10940,10938,2
2020-05-21,16:08:08.435000,10938,10940,10938,1
2020-05-21,16:08:15.081000,10938,10939,10938,10
2020-05-21,16:08:16.120000,10938,10939,10938,5
2020-05-21,16:08:17.520000,10938,10939,10938,1
2020-05-21,16:08:21.516000,10938,10939,10938,1
2020-05-21,16:08:23.335000,10938,10939,10938,3
2020-05-21,16:08:24.120000,10938,10939,10938,3
2020-05-21,16:08:24.278000,10937,10939,10937,1
2020-05-21,16:08:24.353000,10937,10939,10937,4
2020-05-21,16:08:25.429000,10937,10938,10937,1
2020-05-21,16:08:25.433000,10937,10938,10937,12
2020-05-21,16:08:25.792000,10936,10937,10937,1
2020-05-21,16:08:26.547000,10936,10937,10936,1
2020-05-21,16:08:26.769000,10936,10937,10937,1
2020-05-21,16:08:26.869000,10936,10937,10936,1
2020-05-21,16:08:27.059000,10936,10937,10936,1
2020-05-21,16:08:27.066000,10936,10937,10936,1
2020-05-21,16:08:27.073000,10936,10937,10936,1
2020-05-21,16:08:27.080000,10936,10937,10936,1
2020-05-21,16:08:27.089000,10936,10937,10936,1
2020-05-21,16:08:27.221000,10936,10937,10936,1
2020-05-21,16:08:27.388000,10936,10937,10937,1
2020-05-21,16:08:27.618000,10936,10937,10937,1
2020-05-21,16:08:28.650000,10936,10937,10936,5
2020-05-21,16:08:28.691000,10936,10937,10936,1
2020-05-21,16:08:28.696000,10936,10937,10936,1
2020-05-21,16:08:28.697000,10936,10937,10936,1
2020-05-21,16:08:29.399000,10936,10937,10936,1
2020-05-21,16:08:30.391000,10936,10937,10937,1
2020-05-21,16:08:32.264000,10936,10937,10937,1
2020-05-21,16:08:32.980000,10936,10937,10936,1
2020-05-21,16:08:33.639000,10936,10937,10936,1
2020-05-21,16:08:34.171000,10936,10937,10936,1
2020-05-21,16:08:34.720000,10936,10937,10936,1
2020-05-21,16:08:35.437000,10936,10937,10937,1
2020-05-21,16:08:35.437000,10936,10937,10937,1
2020-05-21,16:08:35.438000,10936,10937,10937,1
2020-05-21,16:08:35.438000,10936,10937,10937,1
2020-05-21,16:08:35.438000,10936,10937,10937,3
2020-05-21,16:08:35.438000,10936,10937,10937,3
2020-05-21,16:08:35.438000,10936,10937,10937,1
2020-05-21,16:08:36.378000,10937,10938,10937,1
2020-05-21,16:08:38.674000,10937,10938,10937,1
2020-05-21,16:08:40.021000,10937,10938,10937,1
2020-05-21,16:08:41.956000,10936,10938,10936,1
2020-05-21,16:08:42.819000,10937,10938,10937,1
2020-05-21,16:08:43.569000,10937,10938,10937,1
2020-05-21,16:08:45.375000,10936,10938,10937,1
2020-05-21,16:08:50.134000,10937,10938,10937,3
2020-05-21,16:08:50.135000,10937,10938,10937,2
2020-05-21,16:08:54.115000,10936,10937,10937,1
2020-05-21,16:08:54.791000,10936,10938,10936,1
2020-05-21,16:09:01.298000,10937,10938,10937,1
2020-05-21,16:09:04.006000,10936,10937,10936,1
2020-05-21,16:09:04.372000,10936,10937,10936,1
2020-05-21,16:09:04.372000,10936,10937,10936,2
2020-05-21,16:09:04.372000,10936,10937,10936,3
2020-05-21,16:09:04.372000,10936,10937,10936,2
2020-05-21,16:09:04.372000,10936,10937,10936,5
2020-05-21,16:09:04.373000,10936,10937,10936,6
2020-05-21,16:09:04.373000,10936,10937,10936,3
2020-05-21,16:09:04.373000,10936,10937,10936,3
2020-05-21,16:09:05.568000,10935,10936,10936,1
2020-05-21,16:09:08.674000,10935,10936,10936,1
2020-05-21,16:09:09.569000,10935,10936,10935,1
2020-05-21,16:09:09.700000,10935,10936,10935,1
2020-05-21,16:09:09.705000,10935,10936,10935,1
2020-05-21,16:09:09.828000,10935,10936,10935,1
2020-05-21,16:09:09.898000,10935,10936,10935,4
2020-05-21,16:09:10.706000,10935,10936,10935,1
2020-05-21,16:09:12.517000,10935,10936,10936,1
2020-05-21,16:09:16.012000,10935,10936,10936,1
2020-05-21,16:09:17.973000,10935,10936,10936,1
2020-05-21,16:09:21.211000,10935,10936,10935,1
2020-05-21,16:09:22.095000,10935,10936,10935,1
2020-05-21,16:09:23.554000,10935,10936,10936,5
2020-05-21,16:09:23.555000,10935,10936,10936,5
2020-05-21,16:09:23.903000,10936,10937,10936,2
2020-05-21,16:09:25.230000,10936,10937,10936,2
2020-05-21,16:09:25.430000,10935,10936,10935,1
2020-05-21,16:09:25.641000,10935,10936,10936,1
2020-05-21,16:09:25.764000,10935,10936,10935,1
2020-05-21,16:09:25.806000,10935,10936,10936,1
2020-05-21,16:09:27.366000,10936,10937,10936,1
2020-05-21,16:09:30.743000,10936,10937,10937,1
2020-05-21,16:09:31.243000,10936,10937,10936,1
2020-05-21,16:09:31.290000,10936,10937,10936,2
2020-05-21,16:09:34.546000,10935,10936,10935,1
2020-05-21,16:09:42.633000,10935,10936,10935,1
2020-05-21,16:09:43.239000,10935,10936,10935,3
2020-05-21,16:09:44.190000,10935,10936,10936,1
2020-05-21,16:09:48.476000,10935,10936,10935,1
2020-05-21,16:09:48.476000,10935,10936,10935,5
2020-05-21,16:09:48.476000,10935,10936,10935,6
2020-05-21,16:09:48.476000,10935,10936,10935,1
2020-05-21,16:09:48.476000,10935,10936,10935,2
2020-05-21,16:09:48.476000,10935,10936,10935,6
2020-05-21,16:09:48.477000,10935,10936,10935,4
2020-05-21,16:09:48.477000,10935,10936,10935,2
2020-05-21,16:09:48.477000,10935,10936,10935,1
2020-05-21,16:09:48.477000,10935,10936,10935,3
2020-05-21,16:09:48.477000,10935,10936,10935,1
2020-05-21,16:09:48.477000,10935,10936,10935,1
2020-05-21,16:09:48.477000,10935,10936,10935,7
2020-05-21,16:09:50.235000,10934,10935,10935,1
2020-05-21,16:09:56.680000,10934,10935,10934,1
2020-05-21,16:09:56.705000,10934,10935,10934,1
2020-05-21,16:09:56.710000,10934,10935,10934,5
2020-05-21,16:09:56.710000,10934,10935,10934,5
2020-05-21,16:09:56.776000,10934,10935,10934,1
2020-05-21,16:09:56.788000,10934,10935,10934,1
2020-05-21,16:09:56.795000,10934,10935,10934,1
2020-05-21,16:09:56.796000,10934,10935,10934,1
2020-05-21,16:09:57.288000,10934,10935,10934,1
2020-05-21,16:09:57.477000,10934,10935,10934,1
2020-05-21,16:09:57.498000,10934,10935,10934,3
2020-05-21,16:09:57.558000,10934,10935,10934,4
2020-05-21,16:09:59.525000,10933,10935,10933,4
2020-05-21,16:09:59.587000,10933,10934,10933,1
2020-05-21,16:09:59.626000,10933,10934,10934,1
2020-05-21,16:09:59.648000,10933,10934,10933,1
2020-05-21,16:09:59.729000,10933,10934,10933,1
2020-05-21,16:09:59.895000,10933,10934,10933,1
2020-05-21,16:09:59.909000,10933,10934,10933,1
2020-05-21,16:09:59.927000,10933,10934,10933,1
2020-05-21,16:09:59.961000,10933,10934,10933,1
2020-05-21,16:10:00.003000,10933,10934,10933,1
2020-05-21,16:10:00.058000,10933,10934,10933,9
2020-05-21,16:10:00.226000,10932,10934,10934,1
2020-05-21,16:10:05.575000,10932,10933,10933,1
2020-05-21,16:10:06.588000,10932,10933,10932,1
2020-05-21,16:10:06.763000,10932,10933,10933,1
2020-05-21,16:10:06.784000,10932,10933,10932,5
2020-05-21,16:10:06.792000,10932,10933,10932,2
2020-05-21,16:10:06.793000,10932,10933,10932,5
2020-05-21,16:10:06.811000,10932,10933,10932,1
2020-05-21,16:10:06.859000,10932,10933,10932,1
2020-05-21,16:10:06.887000,10932,10933,10932,5
2020-05-21,16:10:06.898000,10932,10933,10932,1
2020-05-21,16:10:06.912000,10932,10933,10932,5
2020-05-21,16:10:06.936000,10931,10933,10931,4
2020-05-21,16:10:06.947000,10931,10933,10931,2
2020-05-21,16:10:07.014000,10931,10933,10931,2
2020-05-21,16:10:07.049000,10931,10933,10931,2
2020-05-21,16:10:07.087000,10931,10932,10931,1
2020-05-21,16:10:07.170000,10931,10932,10931,1
2020-05-21,16:10:07.170000,10931,10932,10931,2
2020-05-21,16:10:07.204000,10930,10932,10930,3
2020-05-21,16:10:07.215000,10930,10932,10930,1
2020-05-21,16:10:07.224000,10930,10932,10930,1
2020-05-21,16:10:07.225000,10930,10932,10930,1
2020-05-21,16:10:07.274000,10930,10932,10930,3
2020-05-21,16:10:07.291000,10930,10932,10930,1
2020-05-21,16:10:07.475000,10930,10931,10930,2
2020-05-21,16:10:07.517000,10930,10931,10930,4
2020-05-21,16:10:07.520000,10930,10931,10930,1
2020-05-21,16:10:07.707000,10930,10931,10930,1
2020-05-21,16:10:07.815000,10930,10931,10930,1
2020-05-21,16:10:08.227000,10930,10931,10930,1
2020-05-21,16:10:08.230000,10930,10931,10930,1
2020-05-21,16:10:08.241000,10930,10931,10930,1
2020-05-21,16:10:08.245000,10930,10931,10930,1
2020-05-21,16:10:08.326000,10930,10931,10930,3
2020-05-21,16:10:08.433000,10930,10931,10930,1
2020-05-21,16:10:08.922000,10930,10931,10930,1
2020-05-21,16:10:09.095000,10930,10931,10930,1
2020-05-21,16:10:09.184000,10930,10931,10930,1
2020-05-21,16:10:09.335000,10929,10931,10930,1
2020-05-21,16:10:09.755000,10929,10930,10929,2
2020-05-21,16:10:09.939000,10929,10930,10929,1
2020-05-21,16:10:09.969000,10929,10930,10930,1
2020-05-21,16:10:10.024000,10929,10930,10929,1
2020-05-21,16:10:10.062000,10929,10931,10929,2
2020-05-21,16:10:10.145000,10929,10931,10929,1
2020-05-21,16:10:10.891000,10929,10931,10930,1
2020-05-21,16:10:12.068000,10930,10931,10930,1
2020-05-21,16:10:12.701000,10930,10931,10930,1
2020-05-21,16:10:12.744000,10930,10931,10930,1
2020-05-21,16:10:14.068000,10930,10931,10930,2
2020-05-21,16:10:14.452000,10930,10931,10931,2
2020-05-21,16:10:14.757000,10931,10932,10932,1
2020-05-21,16:10:14.757000,10931,10932,10932,2
2020-05-21,16:10:14.954000,10931,10933,10931,1
2020-05-21,16:10:14.967000,10931,10933,10931,4
2020-05-21,16:10:14.982000,10931,10933,10931,1
2020-05-21,16:10:15.327000,10931,10933,10933,1
2020-05-21,16:10:15.481000,10931,10933,10931,1
2020-05-21,16:10:15.548000,10931,10933,10931,1
2020-05-21,16:10:16.299000,10931,10933,10931,1
2020-05-21,16:10:17.769000,10931,10933,10931,1
2020-05-21,16:10:18.778000,10931,10933,10932,1
2020-05-21,16:10:18.789000,10931,10933,10932,1
2020-05-21,16:10:19.984000,10932,10933,10933,1
2020-05-21,16:10:19.984000,10932,10933,10933,9
