2019-08-07,15:00:00.002000,10351,10352,10352,74
2019-08-07,15:00:00.054000,10352,10353,10353,4
2019-08-07,15:00:00.181000,10352,10354,10354,3
2019-08-07,15:00:00.181000,10352,10354,10354,3
2019-08-07,15:00:00.224000,10352,10354,10354,1
2019-08-07,15:00:00.686000,10352,10354,10354,2
2019-08-07,15:00:00.743000,10352,10354,10354,1
2019-08-07,15:00:00.755000,10352,10354,10354,2
2019-08-07,15:00:00.767000,10352,10354,10354,1
2019-08-07,15:00:00.774000,10352,10354,10354,1
2019-08-07,15:00:00.806000,10353,10354,10353,1
2019-08-07,15:00:00.866000,10353,10354,10354,1
2019-08-07,15:00:00.929000,10352,10354,10354,1
2019-08-07,15:00:01.114000,10352,10354,10353,1
2019-08-07,15:00:01.209000,10353,10354,10354,1
2019-08-07,15:00:01.211000,10353,10354,10354,1
2019-08-07,15:00:01.242000,10353,10354,10354,3
2019-08-07,15:00:01.242000,10353,10354,10355,10
2019-08-07,15:00:01.246000,10353,10354,10353,1
2019-08-07,15:00:01.352000,10353,10355,10355,7
2019-08-07,15:00:01.352000,10353,10355,10356,3
2019-08-07,15:00:01.376000,10353,10355,10356,2
2019-08-07,15:00:01.498000,10353,10355,10355,2
2019-08-07,15:00:01.541000,10353,10354,10354,1
2019-08-07,15:00:01.663000,10353,10354,10354,1
2019-08-07,15:00:01.828000,10353,10355,10355,2
2019-08-07,15:00:01.830000,10353,10355,10355,1
2019-08-07,15:00:01.916000,10355,10356,10355,1
2019-08-07,15:00:02.149000,10354,10355,10356,6
2019-08-07,15:00:02.162000,10354,10355,10357,1
2019-08-07,15:00:02.211000,10354,10357,10356,2
2019-08-07,15:00:02.291000,10355,10356,10355,2
2019-08-07,15:00:02.294000,10355,10356,10356,1
2019-08-07,15:00:02.666000,10355,10356,10355,1
2019-08-07,15:00:03.270000,10354,10355,10354,2
2019-08-07,15:00:03.291000,10354,10355,10354,1
2019-08-07,15:00:03.505000,10353,10354,10353,3
2019-08-07,15:00:03.541000,10353,10354,10353,2
2019-08-07,15:00:03.541000,10353,10354,10353,2
2019-08-07,15:00:04.373000,10353,10354,10353,2
2019-08-07,15:00:04.373000,10353,10354,10353,4
2019-08-07,15:00:04.611000,10352,10354,10354,1
2019-08-07,15:00:04.717000,10352,10354,10353,1
2019-08-07,15:00:05.328000,10352,10354,10353,1
2019-08-07,15:00:06.086000,10352,10353,10353,1
2019-08-07,15:00:06.673000,10352,10353,10353,3
2019-08-07,15:00:06.788000,10352,10353,10354,1
2019-08-07,15:00:07.493000,10353,10354,10354,2
2019-08-07,15:00:07.716000,10353,10354,10354,1
2019-08-07,15:00:07.716000,10353,10354,10355,1
2019-08-07,15:00:07.954000,10353,10355,10355,2
2019-08-07,15:00:08.074000,10353,10355,10355,2
2019-08-07,15:00:08.354000,10354,10355,10355,3
2019-08-07,15:00:08.596000,10354,10355,10354,2
2019-08-07,15:00:08.606000,10354,10355,10354,1
2019-08-07,15:00:08.616000,10354,10355,10354,3
2019-08-07,15:00:08.618000,10354,10355,10354,1
2019-08-07,15:00:09.808000,10354,10355,10354,1
2019-08-07,15:00:10.053000,10353,10355,10355,2
2019-08-07,15:00:10.134000,10353,10355,10355,2
2019-08-07,15:00:11.618000,10353,10355,10353,1
2019-08-07,15:00:12.556000,10353,10354,10354,1
2019-08-07,15:00:13.331000,10353,10354,10354,1
2019-08-07,15:00:15.001000,10353,10355,10355,1
2019-08-07,15:00:15.406000,10353,10355,10354,1
2019-08-07,15:00:15.704000,10353,10354,10354,1
2019-08-07,15:00:15.964000,10354,10355,10354,1
2019-08-07,15:00:16.075000,10353,10354,10353,2
2019-08-07,15:00:16.075000,10353,10354,10353,1
2019-08-07,15:00:16.075000,10353,10354,10353,1
2019-08-07,15:00:17.909000,10353,10354,10353,1
2019-08-07,15:00:18.456000,10353,10354,10354,1
2019-08-07,15:00:19.080000,10353,10354,10353,1
2019-08-07,15:00:19.162000,10353,10354,10353,1
2019-08-07,15:00:19.926000,10353,10354,10353,1
2019-08-07,15:00:20.321000,10353,10354,10354,1
2019-08-07,15:00:20.435000,10353,10354,10354,2
2019-08-07,15:00:20.701000,10353,10354,10353,1
2019-08-07,15:00:21.271000,10353,10354,10353,8
2019-08-07,15:00:21.324000,10353,10354,10353,2
2019-08-07,15:00:21.605000,10352,10354,10352,1
2019-08-07,15:00:21.622000,10352,10354,10353,1
2019-08-07,15:00:26.386000,10352,10353,10353,1
2019-08-07,15:00:28.595000,10352,10353,10352,5
2019-08-07,15:00:29.328000,10352,10353,10353,5
2019-08-07,15:00:29.451000,10353,10354,10353,5
2019-08-07,15:00:30.386000,10352,10353,10352,1
2019-08-07,15:00:30.443000,10352,10353,10352,5
2019-08-07,15:00:30.969000,10352,10353,10352,1
2019-08-07,15:00:32.400000,10352,10353,10353,2
2019-08-07,15:00:32.654000,10353,10354,10353,1
2019-08-07,15:00:32.769000,10352,10354,10354,1
2019-08-07,15:00:33.533000,10352,10353,10352,1
2019-08-07,15:00:35.817000,10352,10353,10353,1
2019-08-07,15:00:35.940000,10352,10353,10353,1
2019-08-07,15:00:35.940000,10352,10353,10353,1
2019-08-07,15:00:36.294000,10352,10353,10353,5
2019-08-07,15:00:36.915000,10352,10353,10353,1
2019-08-07,15:00:38.002000,10353,10354,10353,1
2019-08-07,15:00:38.195000,10353,10354,10353,5
2019-08-07,15:00:39.512000,10352,10353,10353,1
2019-08-07,15:00:40.363000,10353,10354,10353,1
2019-08-07,15:00:41.531000,10353,10354,10353,2
2019-08-07,15:00:43.027000,10353,10354,10353,1
2019-08-07,15:00:43.542000,10353,10354,10353,1
2019-08-07,15:00:45.560000,10353,10354,10353,1
2019-08-07,15:00:45.769000,10353,10354,10353,1
2019-08-07,15:00:46.948000,10353,10354,10353,2
2019-08-07,15:00:47.914000,10353,10354,10353,1
2019-08-07,15:00:48.129000,10353,10354,10353,1
2019-08-07,15:00:50.446000,10353,10354,10353,2
2019-08-07,15:00:52.172000,10353,10354,10353,1
2019-08-07,15:00:52.209000,10353,10354,10354,12
2019-08-07,15:00:52.442000,10353,10355,10355,1
2019-08-07,15:00:52.548000,10354,10355,10354,1
2019-08-07,15:00:52.916000,10353,10354,10354,1
2019-08-07,15:00:53.618000,10354,10355,10354,1
2019-08-07,15:00:54.286000,10354,10355,10354,1
2019-08-07,15:00:54.286000,10354,10355,10353,2
2019-08-07,15:00:57.818000,10353,10354,10354,3
2019-08-07,15:00:58.791000,10353,10354,10354,4
2019-08-07,15:00:59.983000,10353,10355,10355,1
2019-08-07,15:01:00.126000,10353,10355,10353,1
2019-08-07,15:01:00.184000,10353,10355,10355,1
2019-08-07,15:01:00.633000,10353,10355,10354,1
2019-08-07,15:01:01.219000,10353,10354,10354,2
2019-08-07,15:01:01.315000,10353,10354,10355,1
2019-08-07,15:01:01.525000,10353,10355,10355,2
2019-08-07,15:01:03.909000,10354,10355,10354,2
2019-08-07,15:01:06.078000,10354,10355,10354,1
2019-08-07,15:01:09.036000,10353,10354,10353,1
2019-08-07,15:01:09.717000,10353,10354,10353,2
2019-08-07,15:01:10.446000,10353,10354,10353,13
2019-08-07,15:01:10.666000,10353,10354,10353,1
2019-08-07,15:01:10.975000,10352,10353,10353,1
2019-08-07,15:01:11.543000,10352,10353,10352,2
2019-08-07,15:01:13.040000,10352,10353,10353,2
2019-08-07,15:01:14.088000,10352,10353,10352,5
2019-08-07,15:01:14.510000,10352,10353,10352,1
2019-08-07,15:01:14.527000,10352,10353,10352,3
2019-08-07,15:01:16.530000,10351,10352,10352,1
2019-08-07,15:01:16.969000,10352,10353,10352,2
2019-08-07,15:01:22.734000,10352,10353,10352,1
2019-08-07,15:01:26.420000,10352,10353,10353,1
2019-08-07,15:01:30.966000,10352,10353,10352,8
2019-08-07,15:01:33.109000,10351,10352,10352,1
2019-08-07,15:01:38.168000,10351,10352,10352,1
2019-08-07,15:01:38.729000,10351,10352,10352,5
2019-08-07,15:01:39.643000,10351,10352,10352,1
2019-08-07,15:01:40.544000,10351,10352,10352,1
2019-08-07,15:01:43.910000,10351,10352,10352,1
2019-08-07,15:01:44.815000,10351,10352,10352,1
2019-08-07,15:01:49.508000,10351,10352,10352,1
2019-08-07,15:01:52.139000,10351,10352,10352,1
2019-08-07,15:01:54.921000,10351,10352,10352,5
2019-08-07,15:01:59.828000,10352,10353,10353,1
2019-08-07,15:02:04.388000,10352,10353,10353,1
2019-08-07,15:02:04.716000,10352,10353,10352,1
2019-08-07,15:02:04.846000,10352,10353,10352,1
2019-08-07,15:02:05.113000,10351,10352,10352,1
2019-08-07,15:02:06.307000,10351,10352,10352,2
2019-08-07,15:02:06.307000,10351,10352,10353,1
2019-08-07,15:02:06.629000,10351,10353,10353,2
2019-08-07,15:02:07.949000,10352,10353,10352,1
2019-08-07,15:02:12.950000,10351,10352,10351,23
2019-08-07,15:02:16.999000,10350,10351,10351,1
2019-08-07,15:02:19.363000,10350,10351,10350,1
2019-08-07,15:02:22.619000,10350,10351,10350,14
2019-08-07,15:02:24.044000,10349,10350,10350,2
2019-08-07,15:02:28.090000,10349,10350,10349,8
2019-08-07,15:02:31.337000,10348,10349,10348,5
2019-08-07,15:02:31.416000,10348,10349,10348,1
2019-08-07,15:02:31.885000,10347,10349,10347,5
2019-08-07,15:02:31.952000,10347,10349,10347,1
2019-08-07,15:02:32.287000,10347,10349,10347,1
2019-08-07,15:02:32.528000,10347,10349,10347,1
2019-08-07,15:02:35.164000,10347,10349,10347,1
2019-08-07,15:02:36.314000,10347,10349,10347,1
2019-08-07,15:02:36.893000,10347,10349,10347,1
2019-08-07,15:02:37.783000,10347,10349,10347,1
2019-08-07,15:02:42.828000,10348,10349,10349,2
2019-08-07,15:02:43.661000,10349,10350,10349,1
2019-08-07,15:02:46.932000,10349,10350,10349,1
2019-08-07,15:02:52.161000,10349,10350,10350,3
2019-08-07,15:02:53.232000,10349,10350,10350,1
2019-08-07,15:02:53.458000,10349,10350,10350,5
2019-08-07,15:02:53.758000,10349,10350,10350,1
2019-08-07,15:02:56.158000,10349,10350,10349,2
2019-08-07,15:02:58.589000,10349,10350,10349,1
2019-08-07,15:03:02.590000,10349,10350,10349,2
2019-08-07,15:03:06.216000,10349,10350,10349,6
2019-08-07,15:03:08.272000,10348,10349,10348,1
2019-08-07,15:03:08.320000,10347,10349,10347,1
2019-08-07,15:03:08.402000,10347,10349,10347,1
2019-08-07,15:03:08.462000,10347,10349,10347,1
2019-08-07,15:03:08.470000,10347,10349,10347,1
2019-08-07,15:03:08.505000,10347,10349,10348,2
2019-08-07,15:03:08.505000,10347,10349,10349,2
2019-08-07,15:03:10.778000,10347,10349,10347,1
2019-08-07,15:03:11.216000,10347,10349,10349,1
2019-08-07,15:03:13.959000,10348,10349,10349,1
2019-08-07,15:03:15.903000,10348,10349,10348,1
2019-08-07,15:03:17.725000,10348,10349,10349,5
2019-08-07,15:03:18.522000,10348,10350,10349,1
2019-08-07,15:03:19.024000,10348,10349,10349,1
2019-08-07,15:03:22.821000,10348,10349,10348,4
2019-08-07,15:03:24.137000,10347,10348,10348,1
2019-08-07,15:03:24.137000,10347,10348,10349,4
2019-08-07,15:03:30.584000,10348,10349,10349,1
2019-08-07,15:03:35.695000,10348,10349,10348,1
2019-08-07,15:03:36.726000,10348,10349,10349,1
2019-08-07,15:03:41.071000,10348,10349,10348,8
2019-08-07,15:03:49.743000,10347,10348,10348,1
2019-08-07,15:03:56.754000,10347,10349,10347,1
2019-08-07,15:04:03.890000,10347,10348,10347,1
2019-08-07,15:04:09.172000,10347,10348,10347,1
2019-08-07,15:04:11.845000,10347,10348,10347,1
2019-08-07,15:04:14.763000,10347,10348,10348,1
2019-08-07,15:04:15.060000,10347,10348,10347,1
2019-08-07,15:04:17.387000,10347,10348,10347,10
2019-08-07,15:04:36.157000,10347,10348,10347,4
2019-08-07,15:04:41.250000,10347,10348,10348,3
2019-08-07,15:04:43.254000,10347,10348,10348,1
2019-08-07,15:04:44.246000,10347,10348,10347,1
2019-08-07,15:04:46.580000,10347,10348,10348,1
2019-08-07,15:04:49.152000,10347,10348,10348,1
2019-08-07,15:04:51.263000,10347,10348,10348,2
2019-08-07,15:04:51.263000,10347,10348,10349,3
2019-08-07,15:04:52.409000,10348,10349,10348,4
2019-08-07,15:04:54.122000,10348,10349,10348,1
2019-08-07,15:04:54.166000,10348,10349,10348,1
2019-08-07,15:04:56.916000,10348,10349,10349,3
2019-08-07,15:04:56.965000,10348,10349,10349,4
2019-08-07,15:04:57.041000,10348,10349,10349,8
2019-08-07,15:04:57.679000,10348,10349,10348,1
2019-08-07,15:04:58.786000,10348,10349,10349,1
2019-08-07,15:05:01.541000,10349,10350,10349,1
2019-08-07,15:05:01.975000,10349,10350,10349,1
2019-08-07,15:05:02.080000,10349,10350,10349,1
2019-08-07,15:05:02.617000,10349,10350,10349,1
2019-08-07,15:05:04.239000,10349,10350,10350,3
2019-08-07,15:05:04.329000,10349,10350,10350,1
2019-08-07,15:05:10.825000,10349,10350,10350,5
2019-08-07,15:05:11.087000,10349,10350,10350,1
2019-08-07,15:05:11.090000,10349,10350,10350,2
2019-08-07,15:05:11.093000,10349,10350,10350,2
2019-08-07,15:05:11.096000,10349,10350,10350,2
2019-08-07,15:05:11.104000,10349,10350,10350,1
2019-08-07,15:05:11.104000,10349,10350,10350,1
2019-08-07,15:05:11.104000,10349,10350,10350,1
2019-08-07,15:05:11.166000,10349,10350,10350,7
2019-08-07,15:05:11.166000,10349,10350,10350,4
2019-08-07,15:05:12.412000,10350,10351,10350,1
2019-08-07,15:05:14.210000,10350,10351,10351,1
2019-08-07,15:05:16.367000,10350,10351,10351,1
2019-08-07,15:05:18.433000,10350,10351,10350,1
2019-08-07,15:05:29.602000,10350,10351,10350,10
2019-08-07,15:05:29.723000,10350,10351,10351,2
2019-08-07,15:05:31.196000,10350,10351,10351,1
2019-08-07,15:05:31.196000,10350,10351,10352,4
2019-08-07,15:05:35.550000,10350,10352,10352,2
2019-08-07,15:05:36.508000,10351,10352,10352,2
2019-08-07,15:05:41.192000,10351,10352,10352,14
2019-08-07,15:05:44.347000,10351,10352,10352,1
2019-08-07,15:05:45.166000,10351,10352,10352,5
2019-08-07,15:05:45.465000,10351,10352,10352,10
2019-08-07,15:05:45.465000,10351,10352,10352,1
2019-08-07,15:05:46.622000,10351,10353,10351,1
2019-08-07,15:05:56.931000,10352,10353,10353,5
2019-08-07,15:05:58.928000,10352,10353,10352,5
2019-08-07,15:06:01.100000,10352,10353,10353,1
2019-08-07,15:06:01.972000,10352,10353,10353,3
2019-08-07,15:06:03.154000,10352,10353,10353,5
2019-08-07,15:06:04.679000,10352,10353,10352,1
2019-08-07,15:06:07.166000,10351,10352,10352,1
2019-08-07,15:06:07.166000,10351,10352,10353,1
2019-08-07,15:06:12.615000,10352,10353,10353,5
2019-08-07,15:06:13.586000,10352,10353,10353,1
2019-08-07,15:06:16.788000,10352,10353,10353,2
2019-08-07,15:06:17.166000,10352,10353,10353,1
2019-08-07,15:06:17.939000,10352,10353,10353,1
2019-08-07,15:06:20.196000,10353,10354,10353,1
2019-08-07,15:06:21.411000,10353,10354,10353,1
2019-08-07,15:06:23.535000,10353,10354,10353,2
2019-08-07,15:06:25.655000,10353,10354,10353,1
2019-08-07,15:06:26.074000,10353,10354,10353,1
2019-08-07,15:06:28.660000,10353,10354,10353,1
2019-08-07,15:06:29.094000,10353,10354,10354,4
2019-08-07,15:06:29.187000,10353,10354,10353,1
2019-08-07,15:06:29.380000,10352,10353,10352,1
2019-08-07,15:06:30.136000,10352,10353,10353,1
2019-08-07,15:06:32.673000,10353,10354,10354,5
2019-08-07,15:06:32.913000,10353,10354,10353,1
2019-08-07,15:06:33.737000,10353,10354,10354,1
2019-08-07,15:06:35.576000,10353,10354,10354,1
2019-08-07,15:06:35.936000,10353,10354,10353,1
2019-08-07,15:06:36.713000,10353,10354,10354,5
2019-08-07,15:06:37.326000,10353,10354,10353,1
2019-08-07,15:06:37.469000,10353,10354,10354,5
2019-08-07,15:06:38.822000,10353,10354,10353,1
2019-08-07,15:06:45.477000,10353,10354,10354,1
2019-08-07,15:06:46.455000,10353,10354,10354,1
2019-08-07,15:06:47.949000,10353,10354,10353,8
2019-08-07,15:06:49.654000,10352,10353,10353,1
2019-08-07,15:06:49.914000,10352,10353,10353,5
2019-08-07,15:06:51.334000,10352,10353,10353,10
2019-08-07,15:06:55.437000,10352,10353,10353,1
2019-08-07,15:06:59.719000,10352,10353,10353,1
2019-08-07,15:07:04.306000,10352,10353,10353,5
2019-08-07,15:07:05.827000,10352,10353,10353,1
2019-08-07,15:07:08.388000,10352,10353,10353,2
2019-08-07,15:07:13.591000,10352,10353,10353,1
2019-08-07,15:07:13.983000,10352,10353,10353,1
2019-08-07,15:07:13.984000,10352,10353,10353,1
2019-08-07,15:07:13.984000,10352,10353,10353,1
2019-08-07,15:07:16.817000,10353,10354,10353,1
2019-08-07,15:07:21.864000,10353,10354,10353,3
2019-08-07,15:07:25.493000,10352,10353,10353,1
2019-08-07,15:07:25.699000,10352,10353,10353,1
2019-08-07,15:07:28.126000,10352,10353,10353,3
2019-08-07,15:07:28.126000,10352,10353,10354,11
2019-08-07,15:07:29.994000,10353,10354,10353,1
2019-08-07,15:07:30.654000,10353,10354,10354,5
2019-08-07,15:07:32.530000,10353,10354,10353,1
2019-08-07,15:07:34.771000,10353,10354,10354,1
2019-08-07,15:07:34.771000,10353,10354,10354,3
2019-08-07,15:07:40.831000,10353,10354,10354,1
2019-08-07,15:07:45.403000,10354,10355,10354,1
2019-08-07,15:07:49.291000,10354,10355,10354,1
2019-08-07,15:07:50.056000,10354,10355,10355,5
2019-08-07,15:07:52.309000,10354,10355,10355,2
2019-08-07,15:07:55.379000,10354,10355,10355,1
2019-08-07,15:07:55.739000,10354,10355,10354,2
2019-08-07,15:07:56.788000,10353,10354,10354,1
2019-08-07,15:07:58.196000,10353,10355,10355,2
2019-08-07,15:08:01.556000,10354,10355,10355,1
2019-08-07,15:08:02.450000,10354,10355,10355,6
2019-08-07,15:08:02.988000,10354,10355,10355,5
2019-08-07,15:08:04.417000,10354,10355,10354,2
2019-08-07,15:08:04.432000,10354,10355,10355,1
2019-08-07,15:08:08.238000,10353,10354,10354,4
2019-08-07,15:08:10.133000,10353,10355,10355,1
2019-08-07,15:08:10.417000,10354,10355,10354,1
2019-08-07,15:08:11.947000,10353,10354,10354,1
2019-08-07,15:08:13.576000,10353,10354,10353,6
2019-08-07,15:08:14.214000,10352,10353,10352,2
2019-08-07,15:08:14.242000,10352,10353,10353,1
2019-08-07,15:08:14.948000,10352,10353,10352,5
2019-08-07,15:08:15.758000,10352,10353,10353,5
2019-08-07,15:08:20.736000,10352,10353,10352,1
2019-08-07,15:08:25.811000,10353,10354,10353,3
2019-08-07,15:08:25.812000,10353,10354,10353,2
2019-08-07,15:08:32.068000,10353,10354,10354,7
2019-08-07,15:08:33.084000,10353,10354,10354,1
2019-08-07,15:08:33.084000,10353,10354,10355,4
2019-08-07,15:08:36.990000,10353,10354,10353,7
2019-08-07,15:08:42.926000,10352,10353,10353,1
2019-08-07,15:08:46.052000,10352,10353,10353,1
2019-08-07,15:08:50.911000,10352,10353,10353,5
2019-08-07,15:08:52.417000,10353,10354,10353,1
2019-08-07,15:08:55.736000,10352,10353,10353,2
2019-08-07,15:08:55.736000,10352,10353,10354,3
2019-08-07,15:09:02.537000,10352,10354,10353,1
2019-08-07,15:09:02.541000,10353,10354,10353,1
2019-08-07,15:09:02.542000,10353,10354,10353,1
2019-08-07,15:09:09.358000,10353,10354,10353,1
2019-08-07,15:09:11.466000,10353,10354,10353,1
2019-08-07,15:09:19.463000,10353,10354,10354,1
2019-08-07,15:09:21.113000,10353,10354,10353,4
2019-08-07,15:09:24.531000,10353,10354,10354,5
2019-08-07,15:09:24.697000,10353,10354,10354,1
2019-08-07,15:09:37.674000,10353,10354,10353,7
2019-08-07,15:09:39.073000,10352,10353,10352,1
2019-08-07,15:09:39.150000,10352,10353,10353,1
2019-08-07,15:09:50.601000,10353,10354,10353,1
2019-08-07,15:09:52.170000,10352,10353,10353,1
2019-08-07,15:09:54.827000,10352,10353,10353,5
2019-08-07,15:09:58.826000,10352,10353,10353,1
2019-08-07,15:10:02.217000,10352,10353,10353,1
2019-08-07,15:10:02.868000,10352,10353,10353,1
2019-08-07,15:10:03.882000,10352,10353,10353,2
2019-08-07,15:10:04.052000,10352,10353,10353,1
2019-08-07,15:10:04.052000,10352,10353,10354,1
2019-08-07,15:10:04.213000,10352,10354,10354,2
2019-08-07,15:10:04.417000,10352,10354,10354,2
2019-08-07,15:10:05.790000,10352,10354,10354,1
2019-08-07,15:10:11.940000,10353,10354,10353,1
2019-08-07,15:10:11.951000,10353,10354,10353,1
2019-08-07,15:10:12.060000,10352,10353,10352,2
2019-08-07,15:10:12.060000,10352,10353,10352,1
2019-08-07,15:10:19.065000,10352,10353,10353,1
2019-08-07,15:10:19.167000,10353,10354,10353,1
2019-08-07,15:10:19.949000,10353,10354,10354,5
2019-08-07,15:10:30.987000,10353,10354,10353,3
2019-08-07,15:10:39.774000,10353,10354,10354,1
2019-08-07,15:10:39.779000,10353,10354,10353,1
2019-08-07,15:10:39.992000,10353,10354,10354,1
2019-08-07,15:10:40.813000,10353,10354,10354,2
2019-08-07,15:10:46.922000,10353,10354,10353,3
2019-08-07,15:10:47.444000,10353,10354,10354,2
2019-08-07,15:10:48.183000,10353,10354,10354,1
2019-08-07,15:10:55.061000,10353,10354,10353,1
2019-08-07,15:10:56.376000,10353,10354,10353,2
2019-08-07,15:10:59.307000,10353,10354,10353,1
2019-08-07,15:10:59.405000,10353,10354,10352,1
2019-08-07,15:10:59.412000,10353,10354,10352,1
2019-08-07,15:10:59.435000,10352,10353,10352,2
2019-08-07,15:10:59.442000,10352,10353,10352,1
2019-08-07,15:11:10.673000,10352,10353,10352,3
2019-08-07,15:11:17.511000,10352,10353,10352,6
2019-08-07,15:11:19.791000,10352,10353,10352,1
2019-08-07,15:11:32.947000,10352,10353,10352,2
2019-08-07,15:11:33.885000,10352,10353,10352,8
2019-08-07,15:11:44.172000,10352,10353,10352,5
2019-08-07,15:11:55.560000,10351,10352,10352,2
2019-08-07,15:11:56.107000,10351,10352,10351,8
2019-08-07,15:12:01.766000,10350,10351,10351,1
2019-08-07,15:12:02.050000,10350,10351,10351,2
2019-08-07,15:12:11.592000,10350,10351,10350,5
2019-08-07,15:12:12.551000,10350,10351,10350,5
2019-08-07,15:12:13.245000,10350,10351,10350,2
2019-08-07,15:12:19.313000,10349,10350,10350,4
2019-08-07,15:12:20.047000,10350,10351,10350,1
2019-08-07,15:12:20.858000,10350,10351,10350,1
2019-08-07,15:12:25.661000,10349,10350,10349,1
2019-08-07,15:12:28.107000,10349,10350,10349,1
2019-08-07,15:12:35.694000,10349,10350,10349,1
2019-08-07,15:12:36.493000,10349,10350,10349,10
2019-08-07,15:12:39.236000,10349,10350,10349,10
2019-08-07,15:12:41.006000,10349,10350,10349,1
2019-08-07,15:12:41.060000,10349,10350,10349,2
2019-08-07,15:12:42.123000,10348,10349,10349,2
2019-08-07,15:12:43.814000,10349,10350,10349,5
2019-08-07,15:12:47.512000,10348,10349,10349,1
2019-08-07,15:12:53.250000,10348,10349,10349,1
2019-08-07,15:12:56.902000,10348,10349,10349,1
2019-08-07,15:13:08.355000,10348,10349,10349,1
2019-08-07,15:13:12.827000,10348,10349,10349,18
2019-08-07,15:13:14.587000,10349,10350,10350,2
2019-08-07,15:13:14.842000,10349,10350,10350,1
2019-08-07,15:13:17.578000,10350,10351,10350,1
2019-08-07,15:13:20.892000,10350,10351,10351,2
2019-08-07,15:13:20.916000,10350,10351,10351,8
2019-08-07,15:13:21.319000,10351,10352,10351,5
2019-08-07,15:13:30.386000,10351,10352,10351,5
2019-08-07,15:13:46.189000,10351,10352,10351,3
2019-08-07,15:13:49.786000,10351,10352,10351,1
2019-08-07,15:13:51.283000,10351,10352,10351,1
2019-08-07,15:13:56.563000,10351,10352,10351,3
2019-08-07,15:14:04.012000,10351,10352,10351,2
2019-08-07,15:14:10.929000,10351,10352,10351,2
2019-08-07,15:14:14.457000,10351,10352,10352,5
2019-08-07,15:14:15.687000,10351,10352,10351,2
2019-08-07,15:14:19.135000,10351,10352,10352,5
2019-08-07,15:14:21.166000,10351,10352,10352,1
2019-08-07,15:14:31.705000,10351,10352,10352,1
2019-08-07,15:14:33.289000,10351,10352,10351,3
2019-08-07,15:14:35.770000,10351,10352,10351,9
2019-08-07,15:14:42.100000,10350,10351,10351,5
2019-08-07,15:14:52.859000,10350,10351,10351,1
2019-08-07,15:14:57.173000,10350,10351,10350,1
2019-08-07,15:15:06.778000,10350,10351,10350,4
2019-08-07,15:15:08.384000,10350,10351,10351,1
2019-08-07,15:15:11.307000,10350,10351,10351,1
2019-08-07,15:15:13.091000,10350,10351,10351,1
2019-08-07,15:15:30.203000,10350,10351,10351,1
2019-08-07,15:15:42.986000,10350,10351,10351,1
2019-08-07,15:15:43.041000,10350,10351,10351,8
2019-08-07,15:15:44.462000,10350,10351,10351,1
2019-08-07,15:15:44.462000,10350,10351,10351,8
2019-08-07,15:16:09.766000,10351,10352,10351,17
2019-08-07,15:16:15.202000,10350,10351,10351,1
2019-08-07,15:16:21.593000,10350,10351,10351,1
2019-08-07,15:16:25.497000,10351,10352,10351,1
2019-08-07,15:16:25.587000,10351,10352,10352,1
2019-08-07,15:16:25.595000,10351,10352,10352,1
2019-08-07,15:16:25.990000,10351,10352,10351,1
2019-08-07,15:16:33.500000,10350,10352,10351,1
2019-08-07,15:16:35.690000,10350,10351,10350,1
2019-08-07,15:16:35.692000,10350,10351,10350,1
2019-08-07,15:16:35.692000,10350,10351,10350,1
2019-08-07,15:16:35.692000,10350,10351,10350,13
2019-08-07,15:16:35.692000,10350,10351,10350,1
2019-08-07,15:16:35.692000,10350,10351,10350,1
2019-08-07,15:16:35.692000,10350,10351,10350,2
2019-08-07,15:16:35.692000,10350,10351,10350,3
2019-08-07,15:16:35.693000,10350,10351,10350,2
2019-08-07,15:16:35.693000,10350,10351,10350,3
2019-08-07,15:16:42.048000,10349,10351,10349,1
2019-08-07,15:16:42.640000,10350,10351,10351,1
2019-08-07,15:16:57.807000,10350,10351,10351,1
2019-08-07,15:17:02.413000,10350,10351,10351,1
2019-08-07,15:17:05.399000,10350,10351,10351,1
2019-08-07,15:17:05.416000,10351,10352,10351,1
2019-08-07,15:17:10.905000,10351,10352,10351,1
2019-08-07,15:17:11.852000,10351,10352,10351,1
2019-08-07,15:17:20.569000,10351,10352,10351,1
2019-08-07,15:17:21.203000,10351,10352,10351,1
2019-08-07,15:17:32.306000,10350,10351,10351,1
2019-08-07,15:17:40.698000,10350,10351,10351,1
2019-08-07,15:17:43.462000,10350,10351,10351,16
2019-08-07,15:17:43.541000,10351,10352,10351,2
2019-08-07,15:17:43.543000,10351,10352,10351,2
2019-08-07,15:17:46.615000,10350,10351,10351,1
2019-08-07,15:17:58.644000,10350,10351,10350,7
2019-08-07,15:17:59.166000,10350,10351,10350,3
2019-08-07,15:18:24.457000,10349,10350,10350,1
2019-08-07,15:18:31.440000,10349,10350,10350,2
2019-08-07,15:18:37.323000,10349,10350,10349,2
2019-08-07,15:18:38.561000,10349,10350,10349,5
2019-08-07,15:18:38.667000,10349,10350,10349,1
2019-08-07,15:18:44.969000,10348,10349,10349,1
2019-08-07,15:18:44.970000,10348,10349,10349,3
2019-08-07,15:18:49.459000,10349,10350,10349,1
2019-08-07,15:18:49.589000,10349,10350,10349,1
2019-08-07,15:18:52.766000,10349,10350,10349,1
2019-08-07,15:18:56.614000,10348,10349,10349,2
2019-08-07,15:18:58.881000,10348,10349,10349,1
2019-08-07,15:19:00.908000,10348,10349,10348,1
2019-08-07,15:19:00.943000,10348,10349,10348,2
2019-08-07,15:19:01.796000,10348,10349,10349,1
2019-08-07,15:19:05.080000,10348,10349,10349,1
2019-08-07,15:19:05.270000,10349,10350,10350,1
2019-08-07,15:19:11.797000,10349,10350,10350,2
2019-08-07,15:19:15.990000,10349,10350,10349,1
2019-08-07,15:19:27.478000,10349,10350,10349,5
2019-08-07,15:19:52.900000,10349,10350,10349,2
2019-08-07,15:20:01.942000,10349,10350,10349,7
2019-08-07,15:20:02.073000,10348,10349,10349,1
2019-08-07,15:20:04.904000,10348,10349,10349,1
2019-08-07,15:20:05.516000,10348,10350,10348,1
2019-08-07,15:20:09.566000,10348,10350,10348,2
2019-08-07,15:20:18.130000,10348,10349,10348,1
2019-08-07,15:20:23.188000,10348,10349,10348,1
2019-08-07,15:20:41.418000,10348,10349,10348,1
2019-08-07,15:20:46.705000,10348,10349,10348,1
2019-08-07,15:20:52.465000,10348,10349,10348,2
2019-08-07,15:21:01.496000,10348,10349,10348,1
2019-08-07,15:21:21.508000,10348,10349,10348,1
2019-08-07,15:21:29.614000,10348,10349,10348,1
2019-08-07,15:21:34.271000,10348,10349,10348,5
2019-08-07,15:21:35.595000,10348,10349,10348,1
2019-08-07,15:21:41.590000,10348,10349,10349,4
2019-08-07,15:21:41.666000,10348,10349,10349,5
2019-08-07,15:21:48.011000,10349,10350,10349,2
2019-08-07,15:21:48.893000,10348,10349,10349,1
2019-08-07,15:21:57.451000,10348,10349,10348,4
2019-08-07,15:22:26.015000,10348,10349,10348,1
2019-08-07,15:22:26.381000,10348,10349,10348,2
2019-08-07,15:22:26.382000,10348,10349,10348,1
2019-08-07,15:22:26.383000,10348,10349,10348,1
2019-08-07,15:22:26.383000,10348,10349,10348,4
2019-08-07,15:22:26.383000,10348,10349,10348,1
2019-08-07,15:22:26.395000,10348,10349,10348,2
2019-08-07,15:22:33.406000,10347,10348,10348,2
2019-08-07,15:22:34.414000,10347,10348,10348,1
2019-08-07,15:22:34.414000,10347,10348,10348,5
2019-08-07,15:22:46.451000,10348,10349,10348,1
2019-08-07,15:22:49.225000,10347,10348,10348,1
2019-08-07,15:23:01.233000,10347,10348,10348,1
2019-08-07,15:23:01.868000,10347,10348,10347,1
2019-08-07,15:23:01.997000,10347,10348,10347,1
2019-08-07,15:23:15.200000,10347,10348,10348,2
2019-08-07,15:23:28.025000,10347,10348,10347,1
2019-08-07,15:23:39.124000,10347,10348,10347,1
2019-08-07,15:23:40.422000,10347,10348,10348,2
2019-08-07,15:23:41.018000,10347,10348,10347,1
2019-08-07,15:23:51.515000,10347,10348,10347,1
2019-08-07,15:23:54.004000,10347,10348,10347,13
2019-08-07,15:23:54.041000,10347,10348,10347,22
2019-08-07,15:23:54.097000,10347,10348,10347,1
2019-08-07,15:23:54.338000,10346,10347,10346,1
2019-08-07,15:23:54.340000,10346,10347,10346,1
2019-08-07,15:23:56.290000,10346,10347,10347,1
2019-08-07,15:24:00.233000,10346,10347,10346,1
2019-08-07,15:24:02.181000,10346,10348,10346,1
2019-08-07,15:24:03.456000,10346,10348,10346,1
2019-08-07,15:24:06.210000,10346,10347,10346,1
2019-08-07,15:24:07.071000,10346,10347,10346,3
2019-08-07,15:24:07.271000,10346,10347,10346,3
2019-08-07,15:24:08.054000,10346,10347,10346,1
2019-08-07,15:24:08.823000,10346,10347,10346,1
2019-08-07,15:24:09.294000,10346,10347,10346,2
2019-08-07,15:24:10.791000,10346,10347,10346,14
2019-08-07,15:24:15.593000,10345,10346,10346,1
2019-08-07,15:24:15.793000,10345,10346,10345,46
2019-08-07,15:24:15.916000,10345,10346,10345,1
2019-08-07,15:24:15.916000,10345,10346,10345,1
2019-08-07,15:24:15.916000,10345,10346,10345,1
2019-08-07,15:24:15.916000,10345,10346,10345,5
2019-08-07,15:24:15.916000,10345,10346,10345,2
2019-08-07,15:24:15.916000,10345,10346,10345,2
2019-08-07,15:24:15.938000,10345,10346,10344,2
2019-08-07,15:24:16.003000,10345,10346,10344,1
2019-08-07,15:24:16.354000,10344,10345,10344,1
2019-08-07,15:24:20.637000,10345,10346,10345,1
2019-08-07,15:24:20.637000,10345,10346,10344,1
2019-08-07,15:24:21.801000,10344,10346,10344,2
2019-08-07,15:24:27.675000,10345,10346,10345,1
2019-08-07,15:24:28.297000,10345,10346,10346,5
2019-08-07,15:24:30.066000,10345,10346,10345,2
2019-08-07,15:24:32.519000,10344,10345,10345,5
2019-08-07,15:24:32.563000,10344,10345,10345,1
2019-08-07,15:24:32.631000,10344,10345,10344,1
2019-08-07,15:24:33.455000,10344,10345,10344,1
2019-08-07,15:24:34.965000,10344,10345,10344,2
2019-08-07,15:24:37.032000,10344,10345,10344,5
2019-08-07,15:24:37.980000,10344,10345,10345,1
2019-08-07,15:24:39.868000,10344,10345,10345,1
2019-08-07,15:24:49.347000,10344,10345,10345,1
2019-08-07,15:24:49.775000,10344,10345,10344,1
2019-08-07,15:24:51.435000,10344,10345,10344,4
2019-08-07,15:24:55.592000,10344,10345,10344,15
2019-08-07,15:25:00.081000,10343,10344,10344,6
2019-08-07,15:25:00.286000,10344,10345,10345,4
2019-08-07,15:25:00.287000,10344,10345,10345,4
2019-08-07,15:25:00.291000,10344,10345,10345,11
2019-08-07,15:25:06.368000,10345,10346,10346,5
2019-08-07,15:25:14.825000,10346,10347,10346,1
2019-08-07,15:25:16.616000,10346,10347,10346,1
2019-08-07,15:25:16.841000,10346,10347,10346,2
2019-08-07,15:25:17.594000,10346,10347,10346,5
2019-08-07,15:25:18.382000,10346,10347,10346,1
2019-08-07,15:25:28.073000,10346,10347,10346,1
2019-08-07,15:25:40.278000,10345,10346,10345,5
2019-08-07,15:25:40.377000,10345,10346,10346,1
2019-08-07,15:25:44.913000,10345,10346,10346,1
2019-08-07,15:25:45.712000,10345,10346,10346,1
2019-08-07,15:25:48.085000,10345,10346,10346,1
2019-08-07,15:26:08.920000,10345,10346,10346,1
2019-08-07,15:26:12.691000,10345,10346,10346,1
2019-08-07,15:26:15.748000,10345,10346,10345,7
2019-08-07,15:26:19.491000,10344,10345,10345,2
2019-08-07,15:26:25.723000,10345,10346,10345,1
2019-08-07,15:26:25.781000,10345,10346,10344,5
2019-08-07,15:26:25.794000,10344,10345,10345,1
2019-08-07,15:26:30.173000,10344,10345,10345,1
2019-08-07,15:26:41.814000,10344,10345,10344,1
2019-08-07,15:26:47.864000,10344,10345,10344,1
2019-08-07,15:26:51.164000,10344,10345,10345,3
2019-08-07,15:26:51.164000,10344,10345,10345,2
2019-08-07,15:26:51.164000,10344,10345,10345,4
2019-08-07,15:26:51.165000,10344,10345,10345,10
2019-08-07,15:26:53.411000,10345,10346,10345,1
2019-08-07,15:26:57.570000,10345,10346,10345,2
2019-08-07,15:27:06.336000,10345,10346,10345,2
2019-08-07,15:27:06.509000,10345,10346,10345,1
2019-08-07,15:27:08.543000,10345,10346,10346,4
2019-08-07,15:27:15.272000,10345,10347,10345,1
2019-08-07,15:27:15.527000,10345,10347,10345,2
2019-08-07,15:27:19.453000,10345,10346,10346,1
2019-08-07,15:27:21.092000,10345,10346,10345,1
2019-08-07,15:28:08.273000,10345,10346,10345,1
2019-08-07,15:28:10.666000,10345,10346,10346,3
2019-08-07,15:28:11.003000,10345,10347,10347,3
2019-08-07,15:28:11.208000,10346,10347,10347,3
2019-08-07,15:28:13.645000,10346,10347,10347,1
2019-08-07,15:28:37.731000,10346,10347,10346,1
2019-08-07,15:28:40.702000,10346,10347,10346,2
2019-08-07,15:28:50.106000,10345,10346,10346,1
2019-08-07,15:28:52.843000,10346,10347,10346,1
2019-08-07,15:28:55.939000,10346,10347,10346,1
2019-08-07,15:28:56.269000,10346,10347,10346,1
2019-08-07,15:29:12.783000,10345,10346,10346,3
2019-08-07,15:29:13.633000,10346,10347,10346,1
2019-08-07,15:29:13.748000,10346,10347,10346,1
2019-08-07,15:29:19.335000,10345,10346,10346,2
2019-08-07,15:29:19.416000,10345,10346,10346,3
2019-08-07,15:29:36.017000,10346,10347,10347,2
2019-08-07,15:29:49.023000,10346,10347,10346,2
2019-08-07,15:29:56.196000,10346,10347,10346,1
2019-08-07,15:29:58.222000,10346,10347,10346,1
2019-08-07,15:29:59.777000,10346,10347,10347,3
2019-08-07,15:29:59.791000,10346,10347,10347,15
2019-08-07,15:29:59.916000,10346,10347,10347,2
2019-08-07,15:29:59.916000,10346,10347,10347,2
2019-08-07,15:29:59.916000,10346,10347,10347,3
2019-08-07,15:30:00.083000,10346,10347,10347,3
2019-08-07,15:30:00.084000,10346,10347,10347,4
2019-08-07,15:30:00.134000,10346,10347,10347,3
2019-08-07,15:30:00.166000,10346,10347,10347,1
2019-08-07,15:30:00.971000,10346,10348,10348,1
2019-08-07,15:30:03.812000,10346,10348,10348,1
2019-08-07,15:30:04.195000,10346,10348,10348,1
2019-08-07,15:30:04.206000,10346,10348,10348,1
2019-08-07,15:30:04.944000,10346,10348,10348,3
2019-08-07,15:30:04.959000,10346,10348,10348,3
2019-08-07,15:30:05.006000,10346,10348,10348,1
2019-08-07,15:30:05.162000,10346,10348,10348,2
2019-08-07,15:30:09.978000,10346,10347,10347,1
2019-08-07,15:30:13.167000,10346,10347,10347,1
2019-08-07,15:30:17.664000,10347,10348,10348,1
2019-08-07,15:30:23.681000,10347,10348,10348,1
2019-08-07,15:30:25.724000,10347,10348,10348,4
2019-08-07,15:30:30.046000,10348,10349,10349,5
2019-08-07,15:30:30.046000,10348,10349,10349,1
2019-08-07,15:30:30.234000,10349,10350,10349,1
2019-08-07,15:30:30.395000,10348,10350,10348,1
2019-08-07,15:30:33.505000,10348,10349,10349,1
2019-08-07,15:30:39.850000,10348,10349,10349,1
2019-08-07,15:30:40.258000,10348,10349,10349,1
2019-08-07,15:30:46.821000,10348,10349,10349,1
2019-08-07,15:30:47.969000,10348,10349,10349,2
2019-08-07,15:30:50.976000,10348,10349,10349,1
2019-08-07,15:30:59.220000,10349,10350,10349,1
2019-08-07,15:31:10.114000,10349,10350,10349,1
2019-08-07,15:31:28.544000,10349,10350,10349,2
2019-08-07,15:31:33.916000,10349,10350,10349,12
2019-08-07,15:31:35.387000,10348,10349,10349,1
2019-08-07,15:31:36.767000,10348,10349,10349,1
2019-08-07,15:31:57.183000,10348,10349,10349,1
2019-08-07,15:32:06.476000,10348,10349,10348,2
2019-08-07,15:32:07.976000,10348,10349,10349,1
2019-08-07,15:32:10.246000,10348,10349,10349,1
2019-08-07,15:32:10.291000,10348,10349,10349,5
2019-08-07,15:32:10.320000,10348,10349,10350,1
2019-08-07,15:32:10.593000,10349,10350,10350,1
2019-08-07,15:32:10.801000,10349,10350,10349,1
2019-08-07,15:32:15.567000,10348,10350,10350,2
2019-08-07,15:32:26.926000,10349,10350,10349,2
2019-08-07,15:32:28.666000,10348,10349,10349,1
2019-08-07,15:32:28.666000,10348,10349,10350,3
2019-08-07,15:32:30.632000,10348,10350,10349,1
2019-08-07,15:32:31.226000,10348,10349,10349,2
2019-08-07,15:32:37.610000,10348,10349,10349,1
2019-08-07,15:32:51.980000,10348,10349,10349,1
2019-08-07,15:33:04.266000,10348,10350,10350,1
2019-08-07,15:33:11.263000,10348,10349,10349,1
2019-08-07,15:33:18.938000,10348,10349,10348,3
2019-08-07,15:33:24.089000,10348,10349,10348,1
2019-08-07,15:33:46.685000,10348,10349,10349,4
2019-08-07,15:33:50.868000,10349,10350,10349,1
2019-08-07,15:34:41.963000,10349,10350,10349,1
2019-08-07,15:35:40.606000,10349,10350,10350,8
2019-08-07,15:35:40.666000,10349,10350,10350,2
2019-08-07,15:35:41.140000,10349,10350,10350,2
2019-08-07,15:35:41.140000,10349,10350,10350,4
2019-08-07,15:35:41.140000,10349,10350,10350,4
2019-08-07,15:35:41.140000,10349,10350,10350,2
2019-08-07,15:35:41.141000,10349,10350,10350,3
2019-08-07,15:35:41.141000,10349,10350,10350,1
2019-08-07,15:35:41.141000,10349,10350,10350,1
2019-08-07,15:35:47.069000,10350,10351,10351,1
2019-08-07,15:35:47.330000,10350,10351,10351,2
2019-08-07,15:36:00.672000,10350,10351,10351,1
2019-08-07,15:36:06.287000,10350,10351,10351,5
2019-08-07,15:36:08.441000,10350,10351,10351,2
2019-08-07,15:36:09.683000,10350,10351,10351,2
2019-08-07,15:36:14.645000,10351,10352,10351,2
2019-08-07,15:36:22.677000,10351,10352,10352,1
2019-08-07,15:36:31.743000,10351,10352,10351,1
2019-08-07,15:36:35.702000,10351,10352,10352,30
2019-08-07,15:36:44.137000,10351,10352,10352,1
2019-08-07,15:36:44.467000,10351,10352,10352,1
2019-08-07,15:36:45.560000,10351,10352,10352,1
2019-08-07,15:36:50.528000,10351,10352,10351,8
2019-08-07,15:36:50.783000,10350,10351,10351,2
2019-08-07,15:36:52.792000,10350,10351,10350,5
2019-08-07,15:36:52.792000,10350,10351,10350,5
2019-08-07,15:36:55.022000,10350,10351,10350,1
2019-08-07,15:37:00.321000,10349,10351,10349,3
2019-08-07,15:37:04.904000,10349,10350,10350,1
2019-08-07,15:37:04.904000,10349,10350,10351,2
2019-08-07,15:37:10.068000,10349,10351,10351,1
2019-08-07,15:37:21.207000,10350,10351,10350,1
2019-08-07,15:37:42.294000,10350,10351,10350,1
2019-08-07,15:37:55.397000,10350,10351,10350,2
2019-08-07,15:38:22.380000,10350,10351,10350,1
2019-08-07,15:38:37.233000,10350,10351,10350,1
2019-08-07,15:38:39.925000,10350,10351,10351,1
2019-08-07,15:38:40.067000,10350,10351,10350,1
2019-08-07,15:38:45.441000,10350,10351,10350,1
2019-08-07,15:38:50.696000,10350,10351,10351,2
2019-08-07,15:38:51.834000,10350,10351,10351,1
2019-08-07,15:38:57.663000,10350,10351,10351,1
2019-08-07,15:38:58.524000,10350,10351,10351,1
2019-08-07,15:39:01.810000,10350,10351,10351,1
2019-08-07,15:39:06.448000,10350,10351,10351,1
2019-08-07,15:39:08.504000,10350,10351,10351,3
2019-08-07,15:39:20.301000,10350,10351,10350,9
2019-08-07,15:39:23.666000,10349,10350,10349,9
2019-08-07,15:39:28.757000,10348,10350,10348,1
2019-08-07,15:39:36.419000,10348,10349,10348,2
2019-08-07,15:39:50.433000,10347,10349,10349,2
2019-08-07,15:39:58.291000,10347,10348,10348,1
2019-08-07,15:40:02.843000,10348,10349,10349,2
2019-08-07,15:40:02.843000,10348,10349,10350,2
2019-08-07,15:40:20.750000,10349,10350,10350,2
2019-08-07,15:40:50.933000,10350,10351,10351,5
2019-08-07,15:40:58.237000,10350,10351,10351,1
2019-08-07,15:41:11.997000,10350,10351,10351,1
2019-08-07,15:41:16.771000,10350,10351,10351,1
2019-08-07,15:41:21.726000,10350,10351,10351,1
2019-08-07,15:41:37.372000,10350,10351,10351,1
2019-08-07,15:41:37.372000,10350,10351,10351,1
2019-08-07,15:41:37.373000,10350,10351,10351,1
2019-08-07,15:41:37.373000,10350,10351,10351,1
2019-08-07,15:41:37.373000,10350,10351,10351,1
2019-08-07,15:41:37.373000,10350,10351,10351,3
2019-08-07,15:41:37.373000,10350,10351,10351,1
2019-08-07,15:41:37.373000,10350,10351,10351,1
2019-08-07,15:41:37.416000,10350,10351,10351,1
2019-08-07,15:41:52.415000,10351,10352,10352,2
2019-08-07,15:41:52.415000,10351,10352,10352,8
2019-08-07,15:41:59.613000,10351,10352,10352,1
2019-08-07,15:42:08.065000,10351,10352,10352,4
2019-08-07,15:42:17.740000,10351,10352,10352,1
2019-08-07,15:42:32.475000,10351,10352,10352,1
2019-08-07,15:42:33.131000,10352,10353,10352,1
2019-08-07,15:42:41.599000,10352,10353,10352,1
2019-08-07,15:42:47.764000,10352,10353,10352,2
2019-08-07,15:42:48.514000,10352,10353,10352,1
2019-08-07,15:42:49.419000,10352,10353,10352,1
2019-08-07,15:42:59.143000,10352,10353,10352,1
2019-08-07,15:43:02.204000,10352,10353,10352,1
2019-08-07,15:43:11.246000,10352,10353,10352,1
2019-08-07,15:43:29.714000,10352,10353,10353,3
2019-08-07,15:43:41.586000,10352,10353,10352,5
2019-08-07,15:43:47.037000,10352,10353,10352,1
2019-08-07,15:43:48.333000,10352,10353,10353,1
2019-08-07,15:43:53.620000,10352,10353,10353,1
2019-08-07,15:44:19.347000,10352,10353,10352,3
2019-08-07,15:44:22.376000,10352,10353,10352,1
2019-08-07,15:44:26.615000,10352,10353,10353,1
2019-08-07,15:44:27.085000,10352,10353,10352,1
2019-08-07,15:44:35.810000,10352,10353,10352,1
2019-08-07,15:44:39.308000,10352,10353,10352,10
2019-08-07,15:44:43.214000,10351,10352,10352,2
2019-08-07,15:44:47.186000,10351,10352,10352,2
2019-08-07,15:44:52.394000,10351,10352,10352,1
2019-08-07,15:44:56.800000,10351,10352,10352,1
2019-08-07,15:44:59.038000,10351,10352,10351,1
2019-08-07,15:45:26.401000,10351,10352,10351,1
2019-08-07,15:45:28.600000,10351,10352,10351,5
2019-08-07,15:45:28.779000,10350,10352,10352,1
2019-08-07,15:45:32.025000,10350,10351,10351,1
2019-08-07,15:45:34.021000,10350,10351,10351,2
2019-08-07,15:45:35.815000,10350,10352,10350,1
2019-08-07,15:46:14.811000,10350,10351,10350,1
2019-08-07,15:46:19.808000,10350,10351,10350,2
2019-08-07,15:46:23.012000,10350,10351,10350,1
2019-08-07,15:46:23.317000,10350,10351,10351,1
2019-08-07,15:46:32.053000,10350,10351,10350,2
2019-08-07,15:46:41.115000,10350,10351,10350,1
2019-08-07,15:46:41.694000,10350,10351,10350,3
2019-08-07,15:46:59.640000,10350,10351,10351,1
2019-08-07,15:46:59.640000,10350,10351,10351,2
2019-08-07,15:46:59.640000,10350,10351,10351,4
2019-08-07,15:46:59.640000,10350,10351,10351,7
2019-08-07,15:47:02.716000,10351,10352,10351,1
2019-08-07,15:47:04.354000,10351,10352,10351,1
2019-08-07,15:47:18.731000,10351,10352,10352,10
2019-08-07,15:47:23.523000,10352,10353,10353,6
2019-08-07,15:47:23.541000,10352,10353,10353,10
2019-08-07,15:47:23.666000,10352,10353,10353,1
2019-08-07,15:47:23.708000,10352,10353,10353,6
2019-08-07,15:47:30.985000,10352,10353,10353,2
2019-08-07,15:47:32.075000,10352,10353,10353,2
2019-08-07,15:47:35.296000,10352,10353,10353,5
2019-08-07,15:47:35.297000,10352,10353,10353,4
2019-08-07,15:47:35.772000,10352,10353,10353,1
2019-08-07,15:47:40.401000,10352,10353,10353,2
2019-08-07,15:48:34.198000,10352,10353,10353,2
2019-08-07,15:48:34.198000,10352,10353,10353,2
2019-08-07,15:48:34.199000,10352,10353,10353,2
2019-08-07,15:48:35.331000,10353,10354,10353,2
2019-08-07,15:48:46.718000,10353,10354,10353,3
2019-08-07,15:48:48.097000,10352,10353,10353,1
2019-08-07,15:48:48.592000,10352,10353,10353,1
2019-08-07,15:49:08.396000,10353,10354,10353,1
2019-08-07,15:49:11.856000,10353,10354,10354,3
2019-08-07,15:49:11.953000,10353,10354,10354,1
2019-08-07,15:49:12.133000,10353,10354,10354,2
2019-08-07,15:49:30.178000,10353,10354,10354,1
2019-08-07,15:49:32.253000,10353,10354,10353,2
2019-08-07,15:49:45.806000,10352,10353,10353,1
2019-08-07,15:49:51.155000,10352,10353,10353,2
2019-08-07,15:49:56.233000,10352,10353,10353,1
2019-08-07,15:50:09.765000,10353,10354,10354,1
2019-08-07,15:50:24.740000,10353,10354,10354,2
2019-08-07,15:50:25.073000,10353,10354,10354,10
2019-08-07,15:50:28.636000,10353,10354,10353,1
2019-08-07,15:50:39.169000,10353,10354,10353,1
2019-08-07,15:51:08.010000,10353,10354,10354,1
2019-08-07,15:51:42.906000,10353,10354,10354,1
2019-08-07,15:51:44.951000,10353,10354,10354,1
2019-08-07,15:52:19.322000,10353,10354,10354,4
2019-08-07,15:52:20.320000,10353,10354,10354,1
2019-08-07,15:52:23.853000,10353,10354,10354,2
2019-08-07,15:52:24.047000,10353,10354,10354,1
2019-08-07,15:52:24.047000,10353,10354,10354,2
2019-08-07,15:52:24.049000,10353,10354,10354,1
2019-08-07,15:52:24.050000,10353,10354,10354,1
2019-08-07,15:52:27.569000,10353,10354,10354,1
2019-08-07,15:52:37.946000,10354,10355,10354,1
2019-08-07,15:52:41.393000,10354,10355,10354,4
2019-08-07,15:52:43.644000,10354,10355,10354,5
2019-08-07,15:52:44.113000,10354,10355,10354,1
2019-08-07,15:52:46.469000,10354,10355,10354,1
2019-08-07,15:52:50.258000,10354,10355,10354,1
2019-08-07,15:52:53.667000,10354,10355,10354,5
2019-08-07,15:52:57.914000,10353,10354,10354,1
2019-08-07,15:53:00.967000,10353,10354,10354,2
2019-08-07,15:53:03.787000,10354,10355,10354,1
2019-08-07,15:53:19.039000,10354,10355,10354,1
2019-08-07,15:53:34.924000,10354,10355,10355,21
2019-08-07,15:53:36.054000,10354,10355,10355,5
2019-08-07,15:53:36.302000,10354,10355,10355,5
2019-08-07,15:53:36.572000,10354,10355,10355,5
2019-08-07,15:53:36.855000,10354,10355,10355,5
2019-08-07,15:53:37.512000,10354,10355,10355,5
2019-08-07,15:53:38.029000,10354,10355,10355,4
2019-08-07,15:53:38.059000,10354,10355,10355,2
2019-08-07,15:53:38.064000,10354,10355,10355,1
2019-08-07,15:53:38.064000,10354,10355,10355,1
2019-08-07,15:53:42.533000,10355,10356,10355,1
2019-08-07,15:53:45.286000,10355,10356,10355,1
2019-08-07,15:53:49.557000,10355,10356,10355,1
2019-08-07,15:53:51.049000,10355,10356,10356,1
2019-08-07,15:53:54.180000,10355,10356,10355,2
2019-08-07,15:53:56.485000,10355,10356,10356,2
2019-08-07,15:53:59.239000,10355,10356,10356,1
2019-08-07,15:54:01.980000,10355,10356,10355,1
2019-08-07,15:54:02.442000,10355,10356,10356,3
2019-08-07,15:54:02.884000,10355,10356,10356,1
2019-08-07,15:54:08.111000,10355,10356,10356,1
2019-08-07,15:54:11.595000,10355,10356,10356,2
2019-08-07,15:54:11.595000,10355,10356,10356,4
2019-08-07,15:54:11.595000,10355,10356,10356,1
2019-08-07,15:54:13.500000,10355,10356,10356,2
2019-08-07,15:54:18.276000,10355,10356,10356,5
2019-08-07,15:54:20.528000,10355,10356,10356,2
2019-08-07,15:54:24.562000,10355,10356,10356,1
2019-08-07,15:54:28.984000,10355,10356,10356,1
2019-08-07,15:54:35.081000,10355,10356,10356,1
2019-08-07,15:54:35.541000,10355,10356,10356,1
2019-08-07,15:54:35.647000,10355,10356,10356,14
2019-08-07,15:54:35.647000,10355,10356,10356,2
2019-08-07,15:54:35.647000,10355,10356,10356,2
2019-08-07,15:54:35.667000,10355,10356,10356,14
2019-08-07,15:54:36.864000,10356,10357,10357,5
2019-08-07,15:54:36.947000,10356,10357,10357,12
2019-08-07,15:54:36.955000,10356,10357,10357,3
2019-08-07,15:54:37.230000,10356,10357,10357,6
2019-08-07,15:54:37.233000,10356,10357,10357,8
2019-08-07,15:54:37.236000,10356,10357,10357,3
2019-08-07,15:54:37.305000,10356,10357,10357,3
2019-08-07,15:54:37.313000,10356,10357,10357,1
2019-08-07,15:54:37.313000,10356,10357,10357,3
2019-08-07,15:54:37.313000,10356,10357,10357,1
2019-08-07,15:54:37.313000,10356,10357,10358,6
2019-08-07,15:54:37.313000,10356,10357,10358,4
2019-08-07,15:54:37.314000,10356,10357,10358,9
2019-08-07,15:54:37.314000,10356,10357,10358,3
2019-08-07,15:54:37.342000,10356,10357,10358,2
2019-08-07,15:54:37.350000,10356,10357,10358,3
2019-08-07,15:54:37.352000,10356,10357,10358,3
2019-08-07,15:54:37.372000,10356,10357,10358,3
2019-08-07,15:54:37.373000,10356,10357,10358,2
2019-08-07,15:54:37.379000,10356,10357,10358,1
2019-08-07,15:54:37.449000,10357,10358,10358,3
2019-08-07,15:54:37.449000,10357,10358,10359,3
2019-08-07,15:54:37.472000,10357,10358,10359,1
2019-08-07,15:54:37.492000,10357,10358,10359,2
2019-08-07,15:54:37.511000,10357,10358,10359,3
2019-08-07,15:54:37.580000,10357,10359,10359,4
2019-08-07,15:54:37.715000,10358,10359,10359,1
2019-08-07,15:54:37.964000,10358,10359,10359,2
2019-08-07,15:54:39.717000,10358,10359,10358,1
2019-08-07,15:54:39.747000,10358,10359,10359,4
2019-08-07,15:54:40.083000,10358,10359,10359,5
2019-08-07,15:54:40.419000,10358,10359,10358,1
2019-08-07,15:54:40.799000,10358,10359,10359,1
2019-08-07,15:54:41.192000,10358,10359,10359,1
2019-08-07,15:54:41.772000,10358,10359,10359,2
2019-08-07,15:54:42.589000,10358,10359,10359,1
2019-08-07,15:54:43.939000,10358,10359,10358,1
2019-08-07,15:54:44.048000,10358,10359,10359,1
2019-08-07,15:54:47.204000,10358,10359,10359,2
2019-08-07,15:54:47.291000,10358,10359,10359,1
2019-08-07,15:54:47.416000,10358,10360,10360,1
2019-08-07,15:54:47.659000,10358,10360,10360,1
2019-08-07,15:54:47.666000,10359,10360,10360,3
2019-08-07,15:54:47.914000,10359,10360,10360,1
2019-08-07,15:54:48.391000,10359,10360,10360,1
2019-08-07,15:54:50.511000,10359,10360,10360,1
2019-08-07,15:54:51.337000,10359,10360,10360,2
2019-08-07,15:54:51.652000,10359,10360,10360,1
2019-08-07,15:54:52.469000,10359,10360,10359,2
2019-08-07,15:54:53.789000,10359,10360,10359,1
2019-08-07,15:54:53.790000,10359,10360,10359,2
2019-08-07,15:54:53.792000,10359,10360,10359,1
2019-08-07,15:54:56.389000,10358,10359,10359,1
2019-08-07,15:54:56.955000,10358,10359,10359,1
2019-08-07,15:54:57.334000,10358,10359,10359,1
2019-08-07,15:54:59.602000,10358,10359,10359,1
2019-08-07,15:55:02.597000,10358,10359,10358,2
2019-08-07,15:55:03.172000,10358,10359,10359,1
2019-08-07,15:55:04.404000,10358,10359,10359,1
2019-08-07,15:55:05.078000,10358,10359,10359,1
2019-08-07,15:55:05.639000,10358,10359,10359,1
2019-08-07,15:55:09.005000,10358,10359,10359,4
2019-08-07,15:55:10.445000,10358,10359,10358,1
2019-08-07,15:55:11.451000,10358,10359,10358,1
2019-08-07,15:55:15.731000,10358,10359,10358,12
2019-08-07,15:55:17.948000,10357,10358,10358,1
2019-08-07,15:55:18.057000,10357,10358,10358,1
2019-08-07,15:55:22.320000,10357,10358,10358,1
2019-08-07,15:55:22.653000,10357,10358,10358,1
2019-08-07,15:55:22.909000,10357,10358,10357,4
2019-08-07,15:55:23.438000,10357,10358,10357,2
2019-08-07,15:55:31.675000,10356,10357,10356,1
2019-08-07,15:55:38.502000,10356,10357,10357,2
2019-08-07,15:55:41.972000,10356,10357,10357,1
2019-08-07,15:55:47.182000,10356,10357,10357,2
2019-08-07,15:55:47.268000,10356,10357,10356,1
2019-08-07,15:55:47.505000,10356,10357,10357,1
2019-08-07,15:55:55.399000,10356,10357,10357,1
2019-08-07,15:55:56.547000,10356,10357,10357,2
2019-08-07,15:55:57.881000,10356,10357,10357,1
2019-08-07,15:56:02.527000,10357,10358,10358,1
2019-08-07,15:56:02.883000,10357,10358,10357,1
2019-08-07,15:56:04.118000,10357,10358,10357,1
2019-08-07,15:56:10.125000,10357,10358,10357,10
2019-08-07,15:56:10.834000,10357,10358,10357,9
2019-08-07,15:56:10.835000,10357,10358,10357,1
2019-08-07,15:56:12.155000,10357,10358,10358,1
2019-08-07,15:56:14.759000,10357,10358,10357,1
2019-08-07,15:56:27.621000,10357,10358,10358,1
2019-08-07,15:56:38.773000,10357,10358,10358,1
2019-08-07,15:56:47.372000,10357,10358,10358,5
2019-08-07,15:56:47.561000,10357,10358,10358,5
2019-08-07,15:56:50.270000,10357,10358,10358,1
2019-08-07,15:56:50.291000,10357,10358,10358,3
2019-08-07,15:56:51.167000,10358,10359,10358,1
2019-08-07,15:56:54.994000,10358,10359,10358,8
2019-08-07,15:56:57.931000,10357,10358,10358,1
2019-08-07,15:56:59.282000,10357,10358,10358,1
2019-08-07,15:56:59.314000,10357,10358,10358,1
2019-08-07,15:56:59.547000,10357,10358,10358,1
2019-08-07,15:57:01.251000,10357,10358,10358,1
2019-08-07,15:57:06.042000,10358,10359,10358,1
2019-08-07,15:57:11.271000,10358,10359,10359,2
2019-08-07,15:57:14.578000,10358,10359,10359,5
2019-08-07,15:57:14.589000,10358,10359,10359,1
2019-08-07,15:57:14.614000,10358,10359,10359,2
2019-08-07,15:57:14.631000,10358,10359,10359,2
2019-08-07,15:57:14.632000,10358,10359,10359,2
2019-08-07,15:57:14.666000,10359,10360,10360,1
2019-08-07,15:57:14.666000,10359,10360,10360,1
2019-08-07,15:57:14.724000,10359,10360,10360,1
2019-08-07,15:57:14.726000,10359,10360,10360,1
2019-08-07,15:57:14.787000,10359,10360,10360,1
2019-08-07,15:57:14.791000,10359,10360,10360,5
2019-08-07,15:57:14.795000,10359,10360,10360,10
2019-08-07,15:57:14.795000,10359,10360,10360,1
2019-08-07,15:57:14.797000,10359,10360,10360,1
2019-08-07,15:57:14.798000,10359,10360,10360,2
2019-08-07,15:57:14.807000,10359,10360,10360,2
2019-08-07,15:57:14.808000,10359,10360,10360,1
2019-08-07,15:57:14.847000,10359,10360,10359,1
2019-08-07,15:57:15.313000,10359,10360,10360,1
2019-08-07,15:57:15.573000,10359,10360,10360,1
2019-08-07,15:57:15.573000,10359,10360,10360,1
2019-08-07,15:57:15.585000,10359,10360,10360,1
2019-08-07,15:57:16.553000,10359,10360,10360,2
2019-08-07,15:57:16.669000,10359,10360,10360,4
2019-08-07,15:57:16.780000,10359,10360,10360,2
2019-08-07,15:57:16.791000,10359,10360,10360,1
2019-08-07,15:57:17.136000,10360,10361,10361,1
2019-08-07,15:57:17.201000,10360,10361,10361,1
2019-08-07,15:57:17.201000,10360,10361,10360,1
2019-08-07,15:57:17.268000,10360,10361,10361,2
2019-08-07,15:57:17.287000,10360,10361,10361,1
2019-08-07,15:57:17.649000,10360,10361,10361,3
2019-08-07,15:57:20.795000,10360,10361,10361,2
2019-08-07,15:57:21.479000,10360,10361,10361,3
2019-08-07,15:57:21.504000,10360,10361,10361,1
2019-08-07,15:57:22.148000,10360,10361,10360,1
2019-08-07,15:57:27.467000,10360,10361,10360,2
2019-08-07,15:57:27.541000,10360,10361,10360,1
2019-08-07,15:57:27.973000,10360,10361,10360,8
2019-08-07,15:57:28.041000,10360,10361,10360,5
2019-08-07,15:57:28.041000,10360,10361,10360,5
2019-08-07,15:57:28.041000,10360,10361,10360,2
2019-08-07,15:57:28.041000,10360,10361,10360,2
2019-08-07,15:57:28.041000,10360,10361,10360,2
2019-08-07,15:57:28.041000,10360,10361,10360,1
2019-08-07,15:57:28.107000,10360,10361,10360,3
2019-08-07,15:57:32.488000,10360,10361,10360,1
2019-08-07,15:57:33.071000,10360,10361,10361,1
2019-08-07,15:57:33.244000,10360,10361,10360,1
2019-08-07,15:57:33.863000,10360,10361,10360,3
2019-08-07,15:57:43,10360,10361,10361,2
2019-08-07,15:57:43.071000,10360,10361,10361,1
2019-08-07,15:57:43.403000,10361,10362,10362,1
2019-08-07,15:57:43.764000,10361,10362,10362,1
2019-08-07,15:57:44.029000,10361,10362,10362,1
2019-08-07,15:57:44.352000,10361,10362,10362,2
2019-08-07,15:57:44.395000,10361,10362,10362,5
2019-08-07,15:57:44.396000,10361,10362,10362,5
2019-08-07,15:57:44.397000,10361,10362,10362,4
2019-08-07,15:57:44.437000,10361,10362,10362,2
2019-08-07,15:57:44.511000,10361,10362,10362,3
2019-08-07,15:57:45.310000,10361,10362,10362,1
2019-08-07,15:57:45.597000,10361,10362,10362,2
2019-08-07,15:57:46.400000,10361,10362,10361,2
2019-08-07,15:57:48.906000,10361,10362,10362,1
2019-08-07,15:57:49.530000,10361,10362,10362,4
2019-08-07,15:57:50.379000,10361,10362,10362,5
2019-08-07,15:57:54.854000,10362,10363,10363,10
2019-08-07,15:57:55.653000,10362,10363,10363,10
2019-08-07,15:57:56.019000,10362,10363,10362,1
2019-08-07,15:57:57.181000,10362,10363,10363,10
2019-08-07,15:57:57.475000,10362,10363,10363,10
2019-08-07,15:57:57.737000,10362,10363,10363,2
2019-08-07,15:57:58.109000,10362,10363,10363,1
2019-08-07,15:57:58.346000,10362,10363,10363,7
2019-08-07,15:57:58.346000,10362,10363,10364,3
2019-08-07,15:57:58.537000,10362,10364,10364,1
2019-08-07,15:57:58.917000,10363,10364,10363,1
2019-08-07,15:57:59.291000,10363,10364,10363,2
2019-08-07,15:57:59.987000,10362,10363,10362,1
2019-08-07,15:58:03.095000,10363,10364,10363,2
2019-08-07,15:58:03.132000,10363,10364,10363,1
2019-08-07,15:58:04.279000,10363,10364,10364,1
2019-08-07,15:58:04.692000,10363,10364,10364,3
2019-08-07,15:58:04.981000,10364,10365,10365,1
2019-08-07,15:58:06.073000,10363,10364,10364,1
2019-08-07,15:58:06.073000,10363,10364,10365,1
2019-08-07,15:58:07.173000,10364,10365,10365,1
2019-08-07,15:58:08.519000,10364,10365,10365,10
2019-08-07,15:58:14.541000,10364,10365,10365,1
2019-08-07,15:58:19.061000,10364,10365,10364,1
2019-08-07,15:58:20.833000,10364,10365,10365,8
2019-08-07,15:58:20.834000,10364,10365,10364,1
2019-08-07,15:58:21.496000,10364,10365,10365,2
2019-08-07,15:58:21.627000,10364,10365,10365,1
2019-08-07,15:58:21.657000,10364,10365,10365,1
2019-08-07,15:58:21.819000,10364,10365,10364,1
2019-08-07,15:58:22.127000,10364,10365,10365,1
2019-08-07,15:58:22.696000,10364,10365,10365,3
2019-08-07,15:58:24.350000,10364,10365,10365,1
2019-08-07,15:58:25.104000,10364,10365,10365,1
2019-08-07,15:58:26.751000,10364,10365,10365,1
2019-08-07,15:58:27.810000,10364,10365,10365,18
2019-08-07,15:58:28.058000,10364,10365,10365,2
2019-08-07,15:58:28.058000,10364,10365,10365,5
2019-08-07,15:58:30.540000,10365,10366,10366,2
2019-08-07,15:58:30.934000,10365,10366,10366,2
2019-08-07,15:58:31.155000,10365,10366,10365,1
2019-08-07,15:58:31.689000,10365,10366,10366,2
2019-08-07,15:58:31.757000,10365,10366,10366,1
2019-08-07,15:58:31.869000,10365,10366,10365,2
2019-08-07,15:58:32.068000,10365,10366,10366,1
2019-08-07,15:58:32.703000,10365,10366,10366,1
2019-08-07,15:58:32.840000,10365,10366,10366,2
2019-08-07,15:58:33.078000,10365,10366,10365,1
2019-08-07,15:58:33.192000,10365,10366,10366,1
2019-08-07,15:58:33.273000,10365,10366,10366,4
2019-08-07,15:58:33.544000,10365,10366,10366,8
2019-08-07,15:58:33.873000,10365,10366,10366,2
2019-08-07,15:58:34.348000,10365,10366,10366,1
2019-08-07,15:58:34.686000,10365,10366,10365,5
2019-08-07,15:58:35.020000,10365,10366,10366,1
2019-08-07,15:58:35.458000,10365,10366,10365,1
2019-08-07,15:58:37.413000,10365,10366,10366,1
2019-08-07,15:58:38.206000,10365,10366,10366,1
2019-08-07,15:58:38.303000,10365,10366,10366,1
2019-08-07,15:58:38.303000,10365,10366,10367,9
2019-08-07,15:58:38.585000,10365,10366,10366,1
2019-08-07,15:58:38.697000,10365,10367,10367,1
2019-08-07,15:58:38.711000,10365,10367,10367,1
2019-08-07,15:58:38.790000,10365,10367,10367,2
2019-08-07,15:58:39.043000,10366,10367,10366,1
2019-08-07,15:58:39.076000,10366,10367,10367,10
2019-08-07,15:58:39.101000,10366,10367,10367,1
2019-08-07,15:58:40.340000,10366,10367,10367,10
2019-08-07,15:58:41.523000,10366,10367,10366,1
2019-08-07,15:58:42.299000,10366,10367,10366,1
2019-08-07,15:58:43.764000,10366,10367,10367,1
2019-08-07,15:58:45.160000,10366,10367,10367,1
2019-08-07,15:58:46.005000,10366,10367,10367,2
2019-08-07,15:58:46.306000,10366,10367,10367,2
2019-08-07,15:58:46.317000,10366,10367,10367,2
2019-08-07,15:58:47.175000,10366,10367,10367,4
2019-08-07,15:58:47.731000,10366,10367,10367,2
2019-08-07,15:58:54.239000,10367,10368,10368,7
2019-08-07,15:58:54.632000,10367,10368,10368,1
2019-08-07,15:58:54.678000,10367,10368,10368,1
2019-08-07,15:58:54.838000,10367,10368,10368,1
2019-08-07,15:58:55.414000,10367,10368,10368,3
2019-08-07,15:58:55.415000,10367,10368,10368,1
2019-08-07,15:58:55.415000,10367,10368,10368,1
2019-08-07,15:58:55.415000,10367,10368,10368,6
2019-08-07,15:58:55.415000,10367,10368,10368,1
2019-08-07,15:58:55.415000,10367,10368,10368,3
2019-08-07,15:58:55.415000,10367,10368,10368,2
2019-08-07,15:58:55.415000,10367,10368,10368,2
2019-08-07,15:58:55.416000,10367,10368,10368,3
2019-08-07,15:58:55.416000,10367,10368,10368,5
2019-08-07,15:58:55.416000,10367,10368,10368,1
2019-08-07,15:58:55.423000,10367,10368,10368,1
2019-08-07,15:58:56.535000,10367,10368,10368,1
2019-08-07,15:58:57.376000,10367,10368,10368,1
2019-08-07,15:58:58.270000,10367,10368,10368,4
2019-08-07,15:58:58.371000,10367,10369,10368,1
2019-08-07,15:58:58.573000,10367,10369,10369,2
2019-08-07,15:58:58.708000,10367,10369,10367,1
2019-08-07,15:58:59.041000,10368,10369,10368,2
2019-08-07,15:58:59.312000,10367,10369,10368,1
2019-08-07,15:59:00.922000,10367,10368,10367,1
2019-08-07,15:59:00.922000,10367,10368,10367,1
2019-08-07,15:59:01.042000,10367,10368,10368,1
2019-08-07,15:59:02.029000,10367,10368,10367,3
2019-08-07,15:59:02.063000,10367,10368,10368,5
2019-08-07,15:59:03.954000,10367,10368,10368,1
2019-08-07,15:59:04.558000,10367,10368,10368,1
2019-08-07,15:59:05.291000,10368,10369,10368,1
2019-08-07,15:59:06.646000,10367,10369,10369,1
2019-08-07,15:59:09.459000,10368,10369,10368,1
2019-08-07,15:59:10.110000,10368,10369,10368,1
2019-08-07,15:59:10.268000,10368,10369,10368,1
2019-08-07,15:59:11.373000,10367,10368,10368,1
2019-08-07,15:59:12.085000,10367,10368,10368,8
2019-08-07,15:59:12.085000,10367,10368,10369,27
2019-08-07,15:59:12.483000,10368,10369,10368,1
2019-08-07,15:59:13.596000,10368,10369,10369,1
2019-08-07,15:59:13.985000,10368,10370,10370,1
2019-08-07,15:59:14.098000,10368,10370,10370,1
2019-08-07,15:59:14.113000,10368,10370,10370,1
2019-08-07,15:59:14.227000,10368,10370,10369,1
2019-08-07,15:59:14.331000,10369,10370,10370,11
2019-08-07,15:59:14.824000,10369,10370,10369,2
2019-08-07,15:59:14.950000,10369,10370,10369,1
2019-08-07,15:59:14.950000,10369,10370,10369,1
2019-08-07,15:59:14.951000,10369,10370,10369,1
2019-08-07,15:59:15.073000,10368,10369,10370,1
2019-08-07,15:59:17.350000,10369,10370,10369,1
2019-08-07,15:59:17.485000,10369,10370,10369,3
2019-08-07,15:59:17.503000,10369,10370,10369,2
2019-08-07,15:59:17.761000,10368,10369,10369,2
2019-08-07,15:59:19.914000,10368,10369,10369,1
2019-08-07,15:59:21.847000,10368,10369,10368,1
2019-08-07,15:59:22.236000,10368,10369,10368,18
2019-08-07,15:59:24.033000,10368,10369,10369,1
2019-08-07,15:59:24.564000,10368,10369,10368,1
2019-08-07,15:59:24.981000,10368,10369,10369,1
2019-08-07,15:59:26.444000,10368,10369,10368,2
2019-08-07,15:59:29.004000,10368,10369,10368,1
2019-08-07,15:59:29.167000,10368,10369,10368,1
2019-08-07,15:59:29.974000,10368,10369,10368,2
2019-08-07,15:59:29.974000,10368,10369,10368,8
2019-08-07,15:59:29.974000,10368,10369,10368,1
2019-08-07,15:59:35.208000,10367,10368,10368,13
2019-08-07,15:59:35.291000,10367,10368,10368,1
2019-08-07,15:59:35.584000,10367,10368,10367,2
2019-08-07,15:59:37.606000,10367,10368,10368,1
2019-08-07,15:59:39.602000,10367,10368,10367,1
2019-08-07,15:59:40.723000,10367,10368,10368,1
2019-08-07,15:59:43.379000,10367,10368,10367,1
2019-08-07,15:59:43.496000,10367,10368,10368,2
2019-08-07,15:59:43.513000,10367,10368,10368,2
2019-08-07,15:59:43.536000,10367,10368,10368,2
2019-08-07,15:59:43.660000,10367,10368,10368,5
2019-08-07,15:59:45.580000,10367,10368,10368,1
2019-08-07,15:59:45.655000,10367,10368,10368,2
2019-08-07,15:59:46.332000,10367,10368,10368,1
2019-08-07,15:59:46.588000,10367,10368,10368,2
2019-08-07,15:59:47.176000,10367,10368,10368,1
2019-08-07,15:59:47.648000,10367,10368,10368,2
2019-08-07,15:59:47.737000,10367,10368,10367,1
2019-08-07,15:59:47.738000,10367,10368,10367,4
2019-08-07,15:59:47.824000,10367,10368,10367,1
2019-08-07,15:59:48.489000,10367,10368,10367,1
2019-08-07,15:59:48.577000,10367,10368,10367,1
2019-08-07,15:59:48.854000,10367,10368,10367,1
2019-08-07,15:59:48.854000,10367,10368,10367,1
2019-08-07,15:59:48.854000,10367,10368,10367,16
2019-08-07,15:59:48.855000,10367,10368,10367,4
2019-08-07,15:59:48.855000,10367,10368,10367,3
2019-08-07,15:59:48.855000,10367,10368,10367,1
2019-08-07,15:59:48.856000,10367,10368,10367,4
2019-08-07,15:59:48.856000,10367,10368,10367,2
2019-08-07,15:59:48.857000,10367,10368,10367,2
2019-08-07,15:59:49.002000,10366,10367,10367,1
2019-08-07,15:59:51.195000,10366,10367,10367,2
2019-08-07,15:59:51.624000,10366,10367,10367,2
2019-08-07,15:59:52.179000,10366,10367,10367,1
2019-08-07,15:59:53.415000,10366,10367,10366,1
2019-08-07,15:59:53.691000,10366,10367,10367,4
2019-08-07,15:59:53.917000,10366,10367,10367,3
2019-08-07,15:59:54.676000,10366,10367,10366,1
2019-08-07,15:59:56.808000,10366,10367,10367,1
2019-08-07,15:59:57.958000,10366,10367,10366,1
2019-08-07,15:59:58.820000,10366,10367,10367,2
2019-08-07,16:00:00.251000,10366,10367,10367,1
2019-08-07,16:00:01.120000,10366,10367,10367,1
2019-08-07,16:00:01.470000,10366,10367,10367,2
2019-08-07,16:00:01.523000,10366,10367,10367,1
2019-08-07,16:00:01.523000,10366,10367,10368,3
2019-08-07,16:00:01.551000,10367,10368,10368,5
2019-08-07,16:00:01.560000,10367,10368,10368,5
2019-08-07,16:00:01.568000,10367,10368,10368,5
2019-08-07,16:00:01.655000,10367,10368,10368,2
2019-08-07,16:00:01.869000,10367,10368,10368,2
2019-08-07,16:00:01.955000,10367,10368,10368,1
2019-08-07,16:00:02.028000,10367,10368,10368,2
2019-08-07,16:00:02.080000,10367,10368,10368,1
2019-08-07,16:00:02.080000,10367,10368,10369,1
2019-08-07,16:00:02.489000,10368,10369,10368,2
2019-08-07,16:00:03.940000,10367,10368,10367,1
2019-08-07,16:00:04.368000,10367,10368,10367,1
2019-08-07,16:00:04.368000,10367,10368,10367,1
2019-08-07,16:00:04.368000,10367,10368,10367,1
2019-08-07,16:00:04.368000,10367,10368,10367,1
2019-08-07,16:00:04.578000,10366,10368,10367,1
2019-08-07,16:00:04.833000,10366,10367,10367,2
2019-08-07,16:00:06.932000,10367,10368,10368,1
2019-08-07,16:00:07.078000,10367,10368,10368,1
2019-08-07,16:00:07.834000,10367,10368,10368,1
2019-08-07,16:00:07.916000,10368,10369,10368,4
2019-08-07,16:00:08.140000,10368,10369,10368,1
2019-08-07,16:00:09.470000,10368,10369,10368,2
2019-08-07,16:00:09.639000,10368,10369,10368,1
2019-08-07,16:00:09.639000,10368,10369,10368,1
2019-08-07,16:00:09.639000,10368,10369,10368,1
2019-08-07,16:00:14.032000,10367,10368,10367,2
2019-08-07,16:00:14.077000,10367,10368,10367,1
2019-08-07,16:00:14.208000,10367,10368,10367,2
2019-08-07,16:00:14.247000,10367,10368,10367,1
2019-08-07,16:00:16.232000,10366,10367,10367,1
2019-08-07,16:00:16.446000,10366,10367,10367,1
2019-08-07,16:00:18.037000,10366,10367,10367,1
2019-08-07,16:00:25.455000,10366,10367,10367,5
2019-08-07,16:00:27.706000,10366,10367,10367,1
2019-08-07,16:00:27.791000,10367,10368,10367,1
2019-08-07,16:00:30.479000,10366,10367,10367,1
2019-08-07,16:00:31.140000,10366,10367,10367,8
2019-08-07,16:00:35.368000,10366,10367,10367,1
2019-08-07,16:00:38.364000,10366,10367,10367,2
2019-08-07,16:00:40.071000,10366,10367,10366,1
2019-08-07,16:00:40.391000,10366,10367,10367,4
2019-08-07,16:00:40.582000,10366,10367,10366,1
2019-08-07,16:00:44.203000,10366,10367,10367,1
2019-08-07,16:00:45.300000,10366,10367,10367,1
2019-08-07,16:00:45.300000,10366,10367,10367,3
2019-08-07,16:00:45.300000,10366,10367,10367,4
2019-08-07,16:00:45.514000,10367,10368,10367,1
2019-08-07,16:00:48.160000,10367,10368,10367,1
2019-08-07,16:00:52.296000,10367,10368,10367,2
2019-08-07,16:00:53.653000,10367,10368,10367,1
2019-08-07,16:00:54.174000,10367,10368,10367,1
2019-08-07,16:00:58.288000,10367,10368,10367,2
2019-08-07,16:00:58.725000,10367,10368,10367,4
2019-08-07,16:01:02.046000,10367,10368,10367,1
2019-08-07,16:01:04.403000,10367,10368,10367,2
2019-08-07,16:01:12.018000,10367,10368,10367,2
2019-08-07,16:01:12.953000,10367,10368,10367,1
2019-08-07,16:01:15.898000,10367,10368,10367,1
2019-08-07,16:01:16.957000,10367,10368,10368,2
2019-08-07,16:01:17.041000,10367,10368,10368,3
2019-08-07,16:01:17.041000,10367,10368,10368,1
2019-08-07,16:01:17.041000,10367,10368,10368,1
2019-08-07,16:01:17.521000,10367,10368,10368,4
2019-08-07,16:01:18.103000,10367,10368,10368,2
2019-08-07,16:01:19.107000,10367,10368,10368,5
2019-08-07,16:01:19.233000,10367,10368,10368,3
2019-08-07,16:01:21.193000,10367,10368,10368,4
2019-08-07,16:01:23.857000,10368,10369,10368,1
2019-08-07,16:01:34.763000,10368,10369,10369,20
2019-08-07,16:01:39.531000,10369,10370,10369,1
2019-08-07,16:01:39.543000,10369,10370,10369,4
2019-08-07,16:01:42.434000,10369,10370,10369,1
2019-08-07,16:01:42.808000,10369,10370,10369,1
2019-08-07,16:01:43.719000,10369,10370,10369,1
2019-08-07,16:01:47.054000,10369,10370,10369,1
2019-08-07,16:01:48.489000,10369,10370,10369,1
2019-08-07,16:01:50.330000,10369,10370,10369,1
2019-08-07,16:01:51.560000,10369,10370,10369,1
2019-08-07,16:01:52.083000,10369,10370,10369,1
2019-08-07,16:01:53.281000,10369,10370,10369,1
2019-08-07,16:01:54.428000,10369,10370,10369,1
2019-08-07,16:01:54.791000,10369,10370,10369,4
2019-08-07,16:01:55.287000,10368,10369,10369,1
2019-08-07,16:01:55.396000,10368,10369,10369,5
2019-08-07,16:01:58.041000,10368,10369,10368,2
2019-08-07,16:01:58.166000,10368,10369,10368,9
2019-08-07,16:01:58.376000,10367,10368,10368,1
2019-08-07,16:01:58.376000,10367,10368,10369,2
2019-08-07,16:01:58.996000,10367,10368,10367,1
2019-08-07,16:02:01.992000,10367,10368,10368,1
2019-08-07,16:02:02.041000,10368,10369,10368,4
2019-08-07,16:02:02.042000,10368,10369,10368,1
2019-08-07,16:02:02.727000,10368,10369,10368,2
2019-08-07,16:02:02.727000,10368,10369,10368,1
2019-08-07,16:02:02.727000,10368,10369,10368,1
2019-08-07,16:02:06.668000,10367,10368,10368,6
2019-08-07,16:02:06.696000,10367,10368,10368,1
2019-08-07,16:02:07.139000,10368,10369,10368,1
2019-08-07,16:02:11.845000,10368,10369,10369,4
2019-08-07,16:02:15.087000,10368,10369,10368,2
2019-08-07,16:02:18.632000,10368,10369,10369,1
2019-08-07,16:02:19.263000,10368,10369,10369,6
2019-08-07,16:02:19.823000,10368,10369,10369,9
2019-08-07,16:02:20.108000,10369,10370,10369,1
2019-08-07,16:02:20.630000,10369,10370,10369,5
2019-08-07,16:02:20.931000,10369,10370,10369,1
2019-08-07,16:02:24.093000,10369,10370,10369,1
2019-08-07,16:02:24.112000,10369,10370,10370,1
2019-08-07,16:02:24.408000,10369,10370,10370,6
2019-08-07,16:02:24.748000,10369,10370,10370,4
2019-08-07,16:02:24.788000,10369,10370,10370,10
2019-08-07,16:02:24.830000,10369,10370,10370,1
2019-08-07,16:02:24.864000,10369,10370,10370,1
2019-08-07,16:02:25.509000,10369,10370,10370,1
2019-08-07,16:02:27.162000,10369,10370,10370,1
2019-08-07,16:02:27.412000,10369,10370,10370,10
2019-08-07,16:02:30.930000,10369,10370,10370,1
2019-08-07,16:02:35.826000,10369,10370,10370,20
2019-08-07,16:02:35.916000,10369,10370,10370,2
2019-08-07,16:02:36.665000,10369,10370,10370,4
2019-08-07,16:02:37.037000,10370,10371,10370,1
2019-08-07,16:02:39.496000,10370,10371,10370,1
2019-08-07,16:02:41.129000,10370,10371,10370,1
2019-08-07,16:02:51.579000,10370,10371,10371,1
2019-08-07,16:02:51.748000,10370,10371,10371,1
2019-08-07,16:02:51.851000,10370,10371,10371,1
2019-08-07,16:02:53.748000,10370,10371,10371,1
2019-08-07,16:02:54.095000,10370,10371,10370,3
2019-08-07,16:02:55.394000,10370,10371,10370,2
2019-08-07,16:02:55.858000,10370,10371,10370,1
2019-08-07,16:02:58.307000,10370,10371,10371,1
2019-08-07,16:02:59.004000,10370,10371,10370,2
2019-08-07,16:02:59.363000,10370,10371,10371,1
2019-08-07,16:02:59.574000,10370,10371,10371,2
2019-08-07,16:02:59.574000,10370,10371,10371,6
2019-08-07,16:03:01.971000,10371,10372,10371,1
2019-08-07,16:03:02.092000,10371,10372,10372,3
2019-08-07,16:03:02.128000,10371,10372,10372,5
2019-08-07,16:03:02.166000,10371,10372,10372,7
2019-08-07,16:03:02.166000,10371,10372,10372,2
2019-08-07,16:03:02.385000,10371,10373,10373,1
2019-08-07,16:03:02.464000,10372,10373,10373,1
2019-08-07,16:03:03.002000,10371,10373,10373,1
2019-08-07,16:03:03.468000,10371,10373,10373,1
2019-08-07,16:03:03.785000,10371,10373,10373,1
2019-08-07,16:03:04.040000,10371,10373,10371,2
2019-08-07,16:03:04.957000,10371,10372,10372,1
2019-08-07,16:03:08.966000,10371,10372,10372,3
2019-08-07,16:03:09.169000,10371,10372,10372,1
2019-08-07,16:03:11.580000,10371,10372,10372,1
2019-08-07,16:03:12.534000,10371,10372,10371,1
2019-08-07,16:03:13.451000,10371,10372,10372,1
2019-08-07,16:03:16.429000,10371,10372,10372,4
2019-08-07,16:03:17.937000,10372,10373,10372,1
2019-08-07,16:03:18.138000,10372,10373,10372,1
2019-08-07,16:03:19.408000,10372,10373,10372,1
2019-08-07,16:03:19.537000,10372,10373,10373,26
2019-08-07,16:03:19.537000,10372,10373,10374,31
2019-08-07,16:03:19.574000,10372,10374,10374,1
2019-08-07,16:03:19.632000,10372,10374,10374,3
2019-08-07,16:03:19.818000,10373,10374,10374,3
2019-08-07,16:03:19.824000,10373,10374,10375,1
2019-08-07,16:03:19.843000,10373,10374,10375,4
2019-08-07,16:03:19.960000,10373,10375,10373,1
2019-08-07,16:03:19.970000,10373,10375,10374,2
2019-08-07,16:03:20.007000,10373,10375,10375,1
2019-08-07,16:03:20.009000,10373,10375,10375,2
2019-08-07,16:03:20.016000,10373,10375,10375,2
2019-08-07,16:03:20.041000,10374,10375,10374,1
2019-08-07,16:03:20.041000,10374,10375,10374,1
2019-08-07,16:03:20.049000,10374,10375,10375,2
2019-08-07,16:03:20.131000,10374,10375,10375,1
2019-08-07,16:03:20.137000,10374,10375,10375,1
2019-08-07,16:03:20.139000,10374,10375,10375,1
2019-08-07,16:03:20.146000,10374,10375,10375,1
2019-08-07,16:03:20.169000,10373,10375,10375,11
2019-08-07,16:03:20.194000,10373,10375,10375,1
2019-08-07,16:03:20.304000,10373,10375,10375,2
2019-08-07,16:03:20.370000,10373,10375,10375,1
2019-08-07,16:03:20.375000,10373,10375,10375,6
2019-08-07,16:03:20.378000,10373,10375,10375,1
2019-08-07,16:03:20.449000,10373,10375,10375,3
2019-08-07,16:03:20.471000,10373,10375,10375,1
2019-08-07,16:03:20.517000,10373,10375,10375,1
2019-08-07,16:03:20.518000,10373,10375,10375,4
2019-08-07,16:03:20.522000,10373,10375,10375,3
2019-08-07,16:03:20.525000,10373,10375,10375,4
2019-08-07,16:03:20.551000,10374,10375,10375,1
2019-08-07,16:03:20.551000,10374,10375,10376,1
2019-08-07,16:03:20.576000,10374,10375,10375,1
2019-08-07,16:03:20.600000,10374,10375,10375,2
2019-08-07,16:03:20.600000,10374,10375,10376,2
2019-08-07,16:03:20.601000,10374,10375,10376,3
2019-08-07,16:03:20.602000,10374,10375,10376,5
2019-08-07,16:03:20.613000,10374,10375,10376,2
2019-08-07,16:03:20.622000,10374,10375,10376,1
2019-08-07,16:03:20.635000,10374,10375,10376,1
2019-08-07,16:03:20.644000,10374,10375,10375,1
2019-08-07,16:03:20.644000,10374,10375,10376,3
2019-08-07,16:03:20.664000,10374,10375,10376,2
2019-08-07,16:03:20.669000,10375,10376,10376,2
2019-08-07,16:03:20.688000,10375,10376,10376,4
2019-08-07,16:03:20.696000,10375,10376,10376,1
2019-08-07,16:03:20.709000,10375,10376,10376,3
2019-08-07,16:03:20.719000,10375,10376,10376,1
2019-08-07,16:03:20.735000,10375,10376,10377,10
2019-08-07,16:03:20.735000,10375,10376,10377,1
2019-08-07,16:03:20.747000,10375,10376,10377,20
2019-08-07,16:03:20.791000,10376,10377,10376,2
2019-08-07,16:03:20.814000,10376,10377,10377,1
2019-08-07,16:03:20.855000,10376,10377,10377,2
2019-08-07,16:03:20.958000,10376,10377,10376,1
2019-08-07,16:03:20.967000,10376,10377,10377,1
2019-08-07,16:03:20.975000,10376,10377,10377,1
2019-08-07,16:03:21.016000,10376,10377,10377,1
2019-08-07,16:03:21.041000,10376,10378,10378,3
2019-08-07,16:03:21.057000,10376,10378,10378,3
2019-08-07,16:03:21.058000,10376,10378,10378,3
2019-08-07,16:03:21.163000,10376,10378,10376,1
2019-08-07,16:03:21.169000,10376,10378,10378,4
2019-08-07,16:03:21.169000,10376,10378,10378,1
2019-08-07,16:03:21.169000,10376,10378,10378,1
2019-08-07,16:03:21.170000,10376,10378,10378,1
2019-08-07,16:03:21.186000,10376,10378,10378,1
2019-08-07,16:03:21.235000,10376,10378,10378,1
2019-08-07,16:03:21.236000,10376,10378,10376,1
2019-08-07,16:03:21.250000,10376,10378,10378,1
2019-08-07,16:03:21.305000,10376,10378,10378,1
2019-08-07,16:03:21.470000,10376,10378,10378,1
2019-08-07,16:03:21.559000,10376,10378,10378,1
2019-08-07,16:03:21.559000,10376,10378,10378,3
2019-08-07,16:03:21.619000,10376,10378,10378,2
2019-08-07,16:03:21.759000,10376,10378,10378,2
2019-08-07,16:03:21.759000,10376,10378,10378,1
2019-08-07,16:03:21.883000,10376,10378,10378,1
2019-08-07,16:03:21.885000,10376,10378,10378,1
2019-08-07,16:03:22.211000,10376,10378,10378,1
2019-08-07,16:03:22.506000,10377,10378,10378,1
2019-08-07,16:03:22.605000,10377,10378,10378,1
2019-08-07,16:03:23.178000,10377,10378,10377,5
2019-08-07,16:03:23.517000,10376,10377,10376,1
2019-08-07,16:03:25.855000,10376,10377,10377,1
2019-08-07,16:03:26.411000,10376,10377,10376,1
2019-08-07,16:03:29.762000,10376,10377,10376,2
2019-08-07,16:03:30.105000,10376,10377,10377,1
2019-08-07,16:03:32.557000,10376,10377,10376,5
2019-08-07,16:03:32.622000,10376,10377,10376,1
2019-08-07,16:03:32.700000,10376,10377,10376,1
2019-08-07,16:03:33.112000,10376,10377,10376,21
2019-08-07,16:03:33.419000,10375,10376,10375,6
2019-08-07,16:03:33.628000,10374,10376,10375,1
2019-08-07,16:03:34.284000,10374,10375,10375,4
2019-08-07,16:03:34.431000,10374,10375,10374,3
2019-08-07,16:03:34.452000,10374,10375,10375,4
2019-08-07,16:03:34.513000,10374,10375,10376,1
2019-08-07,16:03:34.942000,10374,10376,10376,1
2019-08-07,16:03:36.218000,10374,10376,10376,1
2019-08-07,16:03:37.153000,10374,10376,10374,1
2019-08-07,16:03:37.758000,10374,10375,10375,1
2019-08-07,16:03:38.317000,10374,10375,10375,1
2019-08-07,16:03:40.179000,10374,10375,10375,1
2019-08-07,16:03:40.251000,10374,10375,10375,2
2019-08-07,16:03:40.845000,10374,10375,10375,3
2019-08-07,16:03:41.499000,10374,10375,10374,1
2019-08-07,16:03:41.605000,10374,10375,10375,1
2019-08-07,16:03:41.665000,10374,10375,10375,1
2019-08-07,16:03:42.381000,10374,10375,10375,1
2019-08-07,16:03:43.905000,10374,10375,10375,1
2019-08-07,16:03:46.808000,10374,10375,10374,1
2019-08-07,16:03:46.916000,10374,10375,10374,1
2019-08-07,16:03:46.921000,10374,10375,10374,1
2019-08-07,16:03:48.048000,10374,10375,10375,1
2019-08-07,16:03:49.473000,10374,10375,10374,1
2019-08-07,16:03:49.714000,10374,10375,10375,4
2019-08-07,16:03:50.515000,10374,10375,10375,5
2019-08-07,16:03:51.556000,10374,10375,10375,1
2019-08-07,16:03:51.914000,10374,10375,10374,1
2019-08-07,16:03:52.153000,10374,10375,10374,2
2019-08-07,16:03:52.498000,10374,10375,10374,3
2019-08-07,16:03:53.606000,10374,10375,10375,1
2019-08-07,16:03:54.545000,10374,10375,10374,2
2019-08-07,16:03:54.675000,10374,10375,10374,1
2019-08-07,16:03:54.856000,10374,10375,10375,1
2019-08-07,16:03:55.424000,10374,10375,10375,2
2019-08-07,16:03:56.281000,10374,10375,10375,1
2019-08-07,16:03:56.975000,10374,10375,10375,1
2019-08-07,16:03:57.129000,10374,10375,10375,15
2019-08-07,16:03:57.472000,10374,10375,10375,1
2019-08-07,16:03:57.541000,10375,10376,10375,1
2019-08-07,16:03:57.591000,10375,10376,10375,1
2019-08-07,16:03:57.591000,10375,10376,10375,1
2019-08-07,16:03:57.646000,10375,10376,10376,1
2019-08-07,16:03:57.665000,10375,10376,10375,1
2019-08-07,16:03:57.815000,10375,10376,10375,3
2019-08-07,16:03:59.025000,10375,10376,10376,1
2019-08-07,16:03:59.350000,10375,10376,10376,2
2019-08-07,16:03:59.732000,10375,10376,10376,2
2019-08-07,16:04:01.431000,10375,10376,10376,2
2019-08-07,16:04:02.066000,10375,10376,10376,3
2019-08-07,16:04:02.166000,10376,10377,10376,3
2019-08-07,16:04:02.353000,10376,10377,10377,1
2019-08-07,16:04:02.467000,10376,10377,10377,1
2019-08-07,16:04:04.174000,10376,10377,10376,1
2019-08-07,16:04:04.251000,10376,10377,10377,1
2019-08-07,16:04:04.440000,10376,10377,10377,1
2019-08-07,16:04:04.826000,10376,10377,10376,1
2019-08-07,16:04:05.320000,10375,10376,10376,1
2019-08-07,16:04:05.824000,10375,10376,10376,1
2019-08-07,16:04:06.003000,10375,10376,10376,1
2019-08-07,16:04:07.445000,10375,10376,10376,2
2019-08-07,16:04:07.494000,10375,10376,10375,1
2019-08-07,16:04:07.495000,10375,10376,10376,1
2019-08-07,16:04:07.505000,10375,10376,10376,1
2019-08-07,16:04:10.429000,10375,10376,10376,1
2019-08-07,16:04:10.577000,10375,10376,10376,1
2019-08-07,16:04:12.455000,10375,10376,10376,2
2019-08-07,16:04:12.786000,10375,10376,10376,2
2019-08-07,16:04:13.915000,10375,10376,10376,1
2019-08-07,16:04:17.597000,10375,10376,10376,2
2019-08-07,16:04:17.617000,10375,10376,10376,1
2019-08-07,16:04:18.762000,10375,10376,10375,1
2019-08-07,16:04:19.939000,10375,10376,10375,1
2019-08-07,16:04:19.939000,10375,10376,10375,1
2019-08-07,16:04:19.940000,10375,10376,10375,13
2019-08-07,16:04:19.995000,10375,10376,10376,1
2019-08-07,16:04:20.680000,10374,10375,10374,1
2019-08-07,16:04:20.791000,10374,10375,10374,3
2019-08-07,16:04:20.798000,10374,10375,10374,2
2019-08-07,16:04:20.806000,10374,10375,10374,2
2019-08-07,16:04:22.357000,10374,10375,10374,1
2019-08-07,16:04:23.682000,10374,10375,10375,1
2019-08-07,16:04:24.529000,10374,10375,10374,1
2019-08-07,16:04:24.705000,10374,10375,10374,1
2019-08-07,16:04:25.568000,10374,10375,10374,1
2019-08-07,16:04:27.607000,10374,10375,10374,1
2019-08-07,16:04:27.915000,10374,10375,10374,2
2019-08-07,16:04:28.262000,10374,10375,10374,5
2019-08-07,16:04:28.922000,10373,10374,10373,1
2019-08-07,16:04:29.224000,10372,10374,10372,2
2019-08-07,16:04:29.290000,10372,10374,10374,2
2019-08-07,16:04:30.800000,10373,10374,10374,8
2019-08-07,16:04:30.916000,10374,10375,10374,2
2019-08-07,16:04:35.502000,10374,10375,10374,1
2019-08-07,16:04:37.865000,10374,10375,10374,1
2019-08-07,16:04:38.221000,10374,10375,10375,2
2019-08-07,16:04:45.383000,10374,10375,10375,10
2019-08-07,16:04:45.601000,10374,10375,10374,1
2019-08-07,16:04:45.848000,10374,10375,10375,1
2019-08-07,16:04:46.385000,10374,10375,10375,1
2019-08-07,16:04:49.089000,10374,10375,10375,1
2019-08-07,16:04:51.538000,10374,10375,10375,5
2019-08-07,16:04:53.013000,10374,10375,10375,1
2019-08-07,16:04:53.225000,10374,10375,10374,2
2019-08-07,16:04:54.536000,10374,10375,10374,1
2019-08-07,16:04:56.203000,10374,10375,10375,1
2019-08-07,16:04:59.828000,10374,10375,10374,1
2019-08-07,16:05:01.491000,10374,10375,10375,5
2019-08-07,16:05:01.782000,10374,10375,10375,1
2019-08-07,16:05:02.055000,10374,10375,10375,1
2019-08-07,16:05:02.110000,10374,10375,10375,1
2019-08-07,16:05:02.110000,10374,10375,10376,1
2019-08-07,16:05:03.060000,10375,10376,10375,1
2019-08-07,16:05:03.318000,10375,10376,10375,1
2019-08-07,16:05:05.135000,10374,10376,10374,1
2019-08-07,16:05:06.416000,10375,10376,10375,3
2019-08-07,16:05:06.457000,10375,10376,10375,1
2019-08-07,16:05:07.142000,10375,10376,10375,1
2019-08-07,16:05:08.035000,10375,10376,10376,5
2019-08-07,16:05:08.259000,10375,10376,10375,7
2019-08-07,16:05:10.454000,10374,10375,10375,3
2019-08-07,16:05:11.910000,10375,10376,10375,2
2019-08-07,16:05:15.097000,10375,10376,10376,1
2019-08-07,16:05:21.691000,10375,10376,10375,5
2019-08-07,16:05:22.060000,10375,10376,10376,1
2019-08-07,16:05:23.822000,10375,10376,10375,1
2019-08-07,16:05:27.348000,10375,10376,10375,1
2019-08-07,16:05:29.758000,10375,10376,10376,2
2019-08-07,16:05:29.758000,10375,10376,10376,1
2019-08-07,16:05:30.117000,10375,10376,10375,3
2019-08-07,16:05:30.806000,10375,10376,10375,1
2019-08-07,16:05:31.966000,10375,10376,10375,2
2019-08-07,16:05:32.655000,10375,10376,10375,2
2019-08-07,16:05:35.521000,10375,10376,10375,1
2019-08-07,16:05:39.488000,10375,10376,10375,3
2019-08-07,16:05:40.286000,10375,10376,10375,1
2019-08-07,16:05:40.291000,10375,10376,10375,9
2019-08-07,16:05:40.452000,10374,10376,10374,1
2019-08-07,16:05:42.612000,10374,10375,10375,3
2019-08-07,16:05:42.718000,10375,10376,10376,1
2019-08-07,16:05:46.387000,10375,10376,10375,1
2019-08-07,16:05:51.166000,10375,10376,10375,7
2019-08-07,16:05:51.940000,10374,10375,10374,1
2019-08-07,16:05:53.503000,10374,10375,10375,3
2019-08-07,16:05:53.503000,10374,10375,10376,2
2019-08-07,16:05:54.575000,10374,10375,10375,1
2019-08-07,16:05:56.346000,10375,10376,10375,1
2019-08-07,16:06:00.082000,10375,10376,10376,1
2019-08-07,16:06:00.505000,10375,10376,10376,2
2019-08-07,16:06:00.883000,10375,10376,10376,30
2019-08-07,16:06:04.664000,10375,10376,10375,1
2019-08-07,16:06:04.965000,10375,10376,10376,1
2019-08-07,16:06:05.794000,10375,10376,10376,5
2019-08-07,16:06:05.948000,10375,10376,10376,4
2019-08-07,16:06:06.085000,10375,10376,10376,1
2019-08-07,16:06:06.085000,10375,10376,10376,1
2019-08-07,16:06:06.442000,10376,10377,10376,1
2019-08-07,16:06:06.443000,10376,10377,10376,1
2019-08-07,16:06:06.453000,10376,10377,10376,1
2019-08-07,16:06:06.453000,10376,10377,10376,1
2019-08-07,16:06:06.453000,10376,10377,10376,1
2019-08-07,16:06:08.853000,10375,10376,10376,1
2019-08-07,16:06:09.447000,10375,10376,10376,1
2019-08-07,16:06:10.906000,10376,10377,10376,1
2019-08-07,16:06:11.709000,10376,10377,10376,1
2019-08-07,16:06:12.926000,10376,10377,10376,1
2019-08-07,16:06:14.064000,10376,10377,10377,2
2019-08-07,16:06:14.166000,10376,10377,10377,8
2019-08-07,16:06:14.291000,10376,10377,10377,2
2019-08-07,16:06:14.409000,10376,10377,10377,2
2019-08-07,16:06:14.416000,10376,10377,10377,3
2019-08-07,16:06:15.235000,10376,10378,10376,2
2019-08-07,16:06:15.583000,10376,10378,10377,1
2019-08-07,16:06:19.117000,10377,10378,10377,1
2019-08-07,16:06:21.187000,10376,10377,10377,1
2019-08-07,16:06:21.775000,10377,10378,10377,1
2019-08-07,16:06:21.901000,10377,10378,10378,1
2019-08-07,16:06:22.127000,10377,10378,10377,1
2019-08-07,16:06:22.234000,10377,10378,10378,1
2019-08-07,16:06:22.299000,10377,10378,10378,1
2019-08-07,16:06:24.178000,10377,10378,10378,9
2019-08-07,16:06:24.178000,10377,10378,10378,10
2019-08-07,16:06:24.291000,10377,10378,10378,6
2019-08-07,16:06:24.441000,10377,10379,10378,1
2019-08-07,16:06:24.801000,10378,10379,10378,5
2019-08-07,16:06:25.264000,10377,10378,10378,2
2019-08-07,16:06:26.137000,10377,10378,10378,2
2019-08-07,16:06:28.326000,10377,10378,10378,1
2019-08-07,16:06:29.836000,10377,10378,10378,4
2019-08-07,16:06:29.836000,10377,10378,10378,1
2019-08-07,16:06:30.454000,10378,10379,10378,1
2019-08-07,16:06:31.855000,10378,10379,10378,2
2019-08-07,16:06:31.977000,10378,10379,10378,1
2019-08-07,16:06:33.619000,10378,10379,10378,10
2019-08-07,16:06:33.666000,10378,10379,10378,2
2019-08-07,16:06:34.327000,10377,10378,10378,3
2019-08-07,16:06:34.745000,10377,10378,10378,1
2019-08-07,16:06:36.470000,10377,10378,10378,1
2019-08-07,16:06:37.537000,10377,10378,10378,1
2019-08-07,16:06:37.947000,10377,10378,10377,2
2019-08-07,16:06:37.958000,10377,10378,10377,1
2019-08-07,16:06:37.958000,10377,10378,10377,3
2019-08-07,16:06:37.958000,10377,10378,10377,1
2019-08-07,16:06:38.041000,10377,10378,10377,10
2019-08-07,16:06:41.170000,10376,10377,10377,1
2019-08-07,16:06:42.618000,10376,10377,10377,1
2019-08-07,16:06:42.759000,10376,10377,10377,1
2019-08-07,16:06:43.576000,10376,10377,10377,1
2019-08-07,16:06:45.376000,10376,10377,10376,2
2019-08-07,16:06:46.476000,10376,10377,10377,1
2019-08-07,16:06:47.768000,10376,10377,10376,1
2019-08-07,16:06:48.670000,10376,10377,10376,2
2019-08-07,16:06:49.638000,10376,10377,10376,2
2019-08-07,16:06:51.416000,10376,10377,10376,10
2019-08-07,16:06:51.481000,10376,10377,10376,2
2019-08-07,16:06:51.481000,10376,10377,10376,1
2019-08-07,16:06:51.942000,10375,10377,10375,1
2019-08-07,16:06:52.039000,10375,10377,10375,2
2019-08-07,16:06:57.368000,10375,10376,10376,2
2019-08-07,16:06:59.747000,10375,10376,10375,2
2019-08-07,16:07:00.240000,10375,10376,10376,1
2019-08-07,16:07:00.262000,10375,10376,10375,1
2019-08-07,16:07:05.624000,10375,10376,10376,1
2019-08-07,16:07:07.106000,10375,10376,10375,1
2019-08-07,16:07:07.552000,10375,10376,10376,1
2019-08-07,16:07:09.137000,10375,10376,10375,1
2019-08-07,16:07:13.626000,10375,10376,10376,1
2019-08-07,16:07:15.595000,10375,10376,10376,1
2019-08-07,16:07:15.828000,10375,10376,10376,2
2019-08-07,16:07:16.077000,10375,10376,10376,1
2019-08-07,16:07:16.317000,10375,10376,10376,1
2019-08-07,16:07:16.320000,10375,10376,10376,5
2019-08-07,16:07:16.320000,10375,10376,10377,3
2019-08-07,16:07:17.286000,10376,10377,10376,1
2019-08-07,16:07:18.011000,10375,10377,10375,2
2019-08-07,16:07:19.919000,10376,10377,10376,1
2019-08-07,16:07:22.383000,10376,10377,10376,1
2019-08-07,16:07:22.383000,10376,10377,10375,4
2019-08-07,16:07:22.384000,10376,10377,10375,1
2019-08-07,16:07:22.384000,10376,10377,10375,2
2019-08-07,16:07:24.100000,10375,10376,10376,1
2019-08-07,16:07:24.664000,10376,10377,10376,1
2019-08-07,16:07:25.258000,10376,10377,10376,1
2019-08-07,16:07:27.842000,10376,10377,10376,2
2019-08-07,16:07:28.758000,10376,10377,10376,3
2019-08-07,16:07:28.791000,10376,10377,10376,1
2019-08-07,16:07:29.043000,10375,10377,10375,1
2019-08-07,16:07:29.222000,10375,10377,10375,4
2019-08-07,16:07:41.126000,10375,10376,10376,2
2019-08-07,16:07:41.778000,10375,10376,10376,3
2019-08-07,16:07:41.778000,10375,10376,10376,2
2019-08-07,16:07:41.778000,10375,10376,10376,2
2019-08-07,16:07:41.779000,10375,10376,10376,2
2019-08-07,16:07:45.119000,10375,10376,10375,1
2019-08-07,16:07:48.875000,10375,10376,10375,1
2019-08-07,16:07:54.535000,10375,10376,10375,5
2019-08-07,16:08:01.104000,10375,10376,10376,10
2019-08-07,16:08:02.935000,10375,10376,10376,1
2019-08-07,16:08:02.935000,10375,10376,10377,3
2019-08-07,16:08:03.123000,10376,10377,10376,2
2019-08-07,16:08:03.310000,10376,10377,10376,1
2019-08-07,16:08:11.914000,10376,10377,10376,1
2019-08-07,16:08:13.663000,10376,10377,10376,1
2019-08-07,16:08:18.259000,10375,10377,10375,1
2019-08-07,16:08:19.677000,10376,10377,10376,1
2019-08-07,16:08:23.924000,10376,10377,10376,1
2019-08-07,16:08:24.787000,10376,10377,10376,1
2019-08-07,16:08:26.228000,10376,10377,10376,1
2019-08-07,16:08:32.191000,10376,10377,10376,5
2019-08-07,16:08:33.962000,10376,10377,10376,2
2019-08-07,16:08:35.277000,10376,10377,10376,1
2019-08-07,16:08:35.572000,10376,10377,10376,1
2019-08-07,16:08:36.318000,10376,10377,10376,1
2019-08-07,16:08:40.766000,10376,10377,10376,1
2019-08-07,16:08:42.367000,10376,10377,10376,1
2019-08-07,16:08:45.375000,10376,10377,10376,1
2019-08-07,16:08:46,10376,10377,10376,1
2019-08-07,16:08:51.418000,10376,10377,10376,5
2019-08-07,16:08:51.541000,10376,10377,10376,5
2019-08-07,16:08:56.511000,10376,10377,10376,1
2019-08-07,16:08:58.895000,10376,10377,10376,1
2019-08-07,16:08:58.916000,10376,10377,10376,2
2019-08-07,16:08:59.385000,10375,10377,10375,5
2019-08-07,16:09:04.340000,10376,10377,10376,1
2019-08-07,16:09:05.834000,10375,10376,10376,1
2019-08-07,16:09:06.390000,10375,10376,10376,5
2019-08-07,16:09:08.445000,10376,10377,10376,1
2019-08-07,16:09:09.479000,10376,10377,10376,1
2019-08-07,16:09:09.780000,10376,10377,10376,1
2019-08-07,16:09:09.828000,10376,10377,10376,1
2019-08-07,16:09:10.422000,10376,10377,10376,1
2019-08-07,16:09:10.878000,10376,10377,10376,1
2019-08-07,16:09:12.629000,10376,10377,10376,1
2019-08-07,16:09:20.061000,10376,10377,10376,1
2019-08-07,16:09:22.503000,10375,10376,10376,1
2019-08-07,16:09:22.539000,10375,10376,10376,1
2019-08-07,16:09:22.541000,10375,10376,10376,1
2019-08-07,16:09:23.358000,10376,10377,10376,1
2019-08-07,16:09:24.541000,10375,10376,10376,1
2019-08-07,16:09:26.163000,10375,10377,10376,1
2019-08-07,16:09:26.466000,10376,10377,10376,2
2019-08-07,16:09:29.394000,10376,10377,10377,7
2019-08-07,16:09:29.394000,10376,10377,10377,12
2019-08-07,16:09:29.394000,10376,10377,10377,14
2019-08-07,16:09:29.395000,10376,10377,10377,1
2019-08-07,16:09:29.595000,10376,10378,10377,1
2019-08-07,16:09:31.408000,10377,10378,10378,1
2019-08-07,16:09:31.455000,10377,10378,10378,2
2019-08-07,16:09:31.456000,10377,10378,10378,1
2019-08-07,16:09:31.550000,10377,10378,10377,1
2019-08-07,16:09:35.134000,10377,10378,10378,10
2019-08-07,16:09:35.276000,10377,10378,10378,10
2019-08-07,16:09:35.406000,10377,10378,10378,10
2019-08-07,16:09:35.536000,10377,10378,10378,7
2019-08-07,16:09:35.541000,10378,10379,10378,3
2019-08-07,16:09:37.142000,10378,10379,10379,2
2019-08-07,16:09:37.166000,10378,10379,10378,1
2019-08-07,16:09:37.343000,10378,10379,10379,3
2019-08-07,16:09:37.352000,10378,10379,10379,1
2019-08-07,16:09:41.848000,10378,10379,10379,1
2019-08-07,16:09:46.536000,10378,10379,10379,4
2019-08-07,16:09:47.496000,10378,10379,10379,1
2019-08-07,16:09:48.773000,10378,10379,10379,3
2019-08-07,16:09:49.285000,10378,10379,10378,1
2019-08-07,16:09:49.607000,10378,10379,10379,8
2019-08-07,16:09:50.800000,10378,10379,10379,73
2019-08-07,16:09:54.839000,10378,10380,10379,1
2019-08-07,16:09:54.911000,10378,10380,10379,1
2019-08-07,16:09:55.604000,10379,10380,10379,2
2019-08-07,16:09:55.605000,10379,10380,10379,4
2019-08-07,16:09:55.605000,10379,10380,10379,2
2019-08-07,16:09:56.787000,10378,10379,10379,1
2019-08-07,16:09:59.278000,10378,10379,10379,1
2019-08-07,16:09:59.597000,10378,10379,10378,3
2019-08-07,16:09:59.666000,10378,10379,10378,6
2019-08-07,16:09:59.667000,10378,10379,10378,1
2019-08-07,16:09:59.667000,10378,10379,10378,1
2019-08-07,16:09:59.735000,10378,10379,10378,1
2019-08-07,16:09:59.736000,10378,10379,10378,1
2019-08-07,16:09:59.736000,10378,10379,10378,1
2019-08-07,16:09:59.736000,10378,10379,10378,1
2019-08-07,16:09:59.757000,10378,10379,10377,1
2019-08-07,16:09:59.827000,10377,10378,10377,2
2019-08-07,16:09:59.968000,10377,10378,10378,1
2019-08-07,16:10:00.074000,10377,10378,10378,1
2019-08-07,16:10:00.082000,10377,10378,10378,3
2019-08-07,16:10:00.506000,10378,10379,10379,2
2019-08-07,16:10:04.534000,10378,10379,10378,5
2019-08-07,16:10:06.612000,10378,10379,10379,3
2019-08-07,16:10:06.947000,10378,10379,10379,3
2019-08-07,16:10:11.289000,10378,10379,10379,1
2019-08-07,16:10:13.817000,10378,10379,10379,20
2019-08-07,16:10:14.172000,10378,10379,10379,2
2019-08-07,16:10:14.172000,10378,10379,10380,32
2019-08-07,16:10:14.339000,10378,10380,10380,1
2019-08-07,16:10:14.343000,10378,10380,10380,1
2019-08-07,16:10:14.348000,10378,10380,10380,1
2019-08-07,16:10:15.385000,10379,10380,10380,4
2019-08-07,16:10:15.421000,10379,10380,10379,2
2019-08-07,16:10:20.468000,10379,10380,10380,4
2019-08-07,16:10:21.451000,10379,10380,10380,1
2019-08-07,16:10:21.559000,10379,10380,10379,1
2019-08-07,16:10:22.131000,10379,10380,10380,1
2019-08-07,16:10:27.780000,10379,10380,10380,1
2019-08-07,16:10:31.496000,10379,10380,10379,9
2019-08-07,16:10:31.541000,10379,10380,10379,5
2019-08-07,16:10:31.542000,10379,10380,10379,2
2019-08-07,16:10:33.663000,10378,10380,10378,2
2019-08-07,16:10:33.793000,10378,10379,10378,2
2019-08-07,16:10:35.845000,10378,10379,10379,1
2019-08-07,16:10:36.041000,10378,10379,10379,2
2019-08-07,16:10:38.488000,10379,10380,10379,1
2019-08-07,16:10:45.492000,10378,10379,10379,5
2019-08-07,16:10:45.492000,10378,10379,10380,5
2019-08-07,16:10:48.656000,10379,10380,10379,2
2019-08-07,16:10:50.460000,10378,10379,10379,9
2019-08-07,16:10:52.959000,10379,10380,10380,3
2019-08-07,16:10:54.672000,10379,10380,10379,1
2019-08-07,16:10:55.271000,10379,10380,10379,1
2019-08-07,16:10:57.087000,10379,10380,10379,1
2019-08-07,16:11:00.298000,10379,10380,10379,5
2019-08-07,16:11:00.299000,10379,10380,10379,2
2019-08-07,16:11:00.299000,10379,10380,10379,1
2019-08-07,16:11:00.300000,10379,10380,10379,1
2019-08-07,16:11:00.300000,10379,10380,10379,1
2019-08-07,16:11:00.300000,10379,10380,10379,1
2019-08-07,16:11:00.300000,10379,10380,10379,1
2019-08-07,16:11:00.337000,10379,10380,10379,2
2019-08-07,16:11:00.337000,10379,10380,10379,3
2019-08-07,16:11:00.337000,10379,10380,10379,1
2019-08-07,16:11:00.373000,10379,10380,10379,2
2019-08-07,16:11:01.361000,10378,10379,10379,2
2019-08-07,16:11:03.648000,10378,10379,10379,21
2019-08-07,16:11:03.648000,10378,10379,10379,2
2019-08-07,16:11:03.928000,10379,10380,10379,10
2019-08-07,16:11:07.965000,10378,10379,10378,1
2019-08-07,16:11:08.152000,10378,10379,10379,1
2019-08-07,16:11:09.663000,10378,10379,10378,1
2019-08-07,16:11:09.916000,10378,10379,10379,1
2019-08-07,16:11:10.529000,10378,10379,10379,2
2019-08-07,16:11:10.729000,10379,10380,10379,1
2019-08-07,16:11:11.675000,10379,10380,10380,1
2019-08-07,16:11:20.624000,10379,10380,10379,2
2019-08-07,16:11:23.684000,10379,10380,10379,1
2019-08-07,16:11:23.849000,10379,10380,10379,5
2019-08-07,16:11:24.519000,10379,10380,10379,5
2019-08-07,16:11:25.113000,10379,10380,10379,12
2019-08-07,16:11:25.166000,10378,10379,10379,2
2019-08-07,16:11:25.367000,10378,10379,10379,2
2019-08-07,16:11:27.517000,10378,10379,10379,17
2019-08-07,16:11:28.377000,10379,10380,10379,1
2019-08-07,16:11:33.443000,10378,10379,10379,1
2019-08-07,16:11:37.071000,10378,10379,10379,5
2019-08-07,16:11:37.074000,10378,10379,10379,3
2019-08-07,16:11:37.478000,10379,10380,10379,2
2019-08-07,16:11:39.939000,10379,10380,10379,1
2019-08-07,16:11:41.367000,10379,10380,10379,1
2019-08-07,16:11:43.510000,10378,10379,10379,4
2019-08-07,16:11:47.217000,10379,10380,10379,1
2019-08-07,16:11:49.693000,10378,10379,10379,1
2019-08-07,16:11:52.617000,10379,10380,10379,1
2019-08-07,16:11:52.617000,10379,10380,10378,1
2019-08-07,16:11:54.243000,10378,10379,10379,1
2019-08-07,16:11:54.757000,10379,10380,10379,1
2019-08-07,16:11:57.877000,10378,10380,10380,1
2019-08-07,16:12:03.047000,10379,10380,10379,1
2019-08-07,16:12:03.328000,10379,10380,10380,1
2019-08-07,16:12:03.340000,10379,10380,10380,1
2019-08-07,16:12:04.039000,10379,10380,10380,4
2019-08-07,16:12:04.065000,10379,10380,10380,1
2019-08-07,16:12:04.074000,10379,10380,10380,3
2019-08-07,16:12:04.076000,10379,10380,10380,2
2019-08-07,16:12:04.076000,10379,10380,10380,2
2019-08-07,16:12:04.229000,10379,10380,10380,1
2019-08-07,16:12:04.259000,10379,10380,10380,2
2019-08-07,16:12:04.267000,10379,10380,10380,1
2019-08-07,16:12:04.267000,10379,10380,10380,1
2019-08-07,16:12:04.268000,10379,10380,10380,1
2019-08-07,16:12:04.295000,10379,10380,10380,4
2019-08-07,16:12:04.303000,10379,10380,10380,1
2019-08-07,16:12:04.308000,10379,10380,10380,3
2019-08-07,16:12:04.325000,10379,10380,10380,1
2019-08-07,16:12:04.363000,10379,10380,10380,3
2019-08-07,16:12:04.399000,10379,10380,10380,2
2019-08-07,16:12:04.401000,10379,10380,10380,1
2019-08-07,16:12:04.591000,10379,10380,10380,1
2019-08-07,16:12:18.511000,10379,10380,10380,1
2019-08-07,16:12:19.518000,10379,10380,10380,1
2019-08-07,16:12:20.927000,10379,10380,10379,1
2019-08-07,16:12:21.386000,10379,10380,10380,5
2019-08-07,16:12:22.203000,10379,10380,10379,2
2019-08-07,16:12:23.704000,10379,10380,10379,3
2019-08-07,16:12:23.704000,10379,10380,10379,4
2019-08-07,16:12:23.705000,10379,10380,10379,2
2019-08-07,16:12:23.705000,10379,10380,10379,1
2019-08-07,16:12:23.705000,10379,10380,10379,2
2019-08-07,16:12:25.549000,10378,10379,10379,3
2019-08-07,16:12:27.930000,10378,10379,10378,4
2019-08-07,16:12:27.936000,10378,10379,10378,1
2019-08-07,16:12:28.041000,10378,10379,10378,12
2019-08-07,16:12:28.043000,10378,10379,10378,10
2019-08-07,16:12:28.166000,10378,10379,10378,3
2019-08-07,16:12:28.166000,10378,10379,10378,7
2019-08-07,16:12:28.166000,10378,10379,10378,3
2019-08-07,16:12:28.291000,10378,10379,10378,4
2019-08-07,16:12:29.676000,10377,10378,10377,1
2019-08-07,16:12:30.403000,10377,10378,10378,1
2019-08-07,16:12:35.402000,10377,10378,10378,1
2019-08-07,16:12:42.334000,10377,10378,10378,1
2019-08-07,16:12:42.335000,10377,10378,10378,3
2019-08-07,16:12:47.364000,10377,10378,10378,5
2019-08-07,16:12:48.158000,10377,10378,10378,10
2019-08-07,16:12:49.452000,10377,10378,10378,1
2019-08-07,16:12:49.927000,10378,10379,10378,1
2019-08-07,16:12:51.475000,10378,10379,10378,1
2019-08-07,16:12:53.031000,10378,10379,10379,1
2019-08-07,16:12:54.531000,10378,10379,10378,1
2019-08-07,16:12:55.700000,10378,10379,10378,4
2019-08-07,16:13:00.577000,10378,10379,10378,2
2019-08-07,16:13:02.220000,10378,10379,10378,1
2019-08-07,16:13:02.584000,10378,10379,10379,1
2019-08-07,16:13:02.729000,10378,10379,10379,1
2019-08-07,16:13:03.472000,10378,10379,10378,1
2019-08-07,16:13:04.212000,10377,10379,10377,1
2019-08-07,16:13:04.482000,10377,10379,10379,1
2019-08-07,16:13:05.350000,10377,10378,10378,1
2019-08-07,16:13:06.282000,10378,10379,10378,1
2019-08-07,16:13:09.064000,10377,10379,10377,12
2019-08-07,16:13:13.865000,10377,10378,10378,1
2019-08-07,16:13:15.650000,10377,10378,10377,2
2019-08-07,16:13:16.127000,10377,10378,10378,1
2019-08-07,16:13:17.399000,10377,10378,10377,1
2019-08-07,16:13:17.937000,10377,10378,10377,2
2019-08-07,16:13:18.851000,10377,10378,10378,35
2019-08-07,16:13:19.051000,10378,10379,10378,1
2019-08-07,16:13:19.177000,10378,10379,10378,10
2019-08-07,16:13:19.378000,10378,10379,10378,1
2019-08-07,16:13:21.015000,10378,10379,10378,1
2019-08-07,16:13:23.984000,10378,10379,10378,1
2019-08-07,16:13:25.341000,10378,10379,10378,2
2019-08-07,16:13:26.194000,10378,10379,10378,2
2019-08-07,16:13:26.194000,10378,10379,10377,13
2019-08-07,16:13:26.319000,10377,10379,10377,1
2019-08-07,16:13:27.335000,10377,10378,10378,1
2019-08-07,16:13:28.535000,10377,10378,10377,1
2019-08-07,16:13:28.911000,10377,10378,10378,1
2019-08-07,16:13:31.660000,10376,10378,10376,1
2019-08-07,16:13:31.872000,10376,10377,10377,2
2019-08-07,16:13:32.879000,10377,10378,10377,1
2019-08-07,16:13:34.268000,10376,10377,10376,1
2019-08-07,16:13:35.869000,10376,10377,10377,4
2019-08-07,16:13:38.190000,10377,10378,10377,1
2019-08-07,16:13:38.341000,10377,10378,10377,1
2019-08-07,16:13:39.658000,10377,10378,10377,4
2019-08-07,16:13:39.658000,10377,10378,10377,1
2019-08-07,16:13:39.658000,10377,10378,10377,1
2019-08-07,16:13:40.401000,10377,10378,10377,2
2019-08-07,16:13:43.387000,10377,10378,10377,1
2019-08-07,16:13:45.052000,10377,10378,10377,4
2019-08-07,16:13:46.380000,10377,10378,10377,1
2019-08-07,16:13:46.497000,10377,10378,10377,1
2019-08-07,16:13:46.516000,10377,10378,10377,4
2019-08-07,16:13:48.143000,10377,10378,10377,2
2019-08-07,16:13:49.655000,10377,10378,10377,1
2019-08-07,16:13:50.321000,10377,10378,10377,1
2019-08-07,16:13:53.942000,10377,10378,10377,2
2019-08-07,16:13:53.943000,10377,10378,10377,2
2019-08-07,16:13:55.593000,10377,10378,10378,1
2019-08-07,16:13:55.846000,10377,10378,10377,1
2019-08-07,16:13:57.334000,10377,10378,10377,1
2019-08-07,16:13:57.856000,10377,10378,10377,1
2019-08-07,16:13:59.646000,10377,10378,10377,1
2019-08-07,16:14:02.778000,10377,10378,10377,1
2019-08-07,16:14:03.584000,10377,10378,10377,1
2019-08-07,16:14:04.793000,10377,10378,10377,5
2019-08-07,16:14:05.326000,10377,10378,10377,1
2019-08-07,16:14:09.248000,10377,10378,10377,2
2019-08-07,16:14:18.415000,10377,10378,10377,1
2019-08-07,16:14:19.913000,10377,10378,10377,1
2019-08-07,16:14:20.570000,10377,10378,10377,1
2019-08-07,16:14:23.348000,10377,10378,10377,1
2019-08-07,16:14:24.225000,10377,10378,10378,1
2019-08-07,16:14:24.749000,10377,10378,10377,1
2019-08-07,16:14:28.518000,10377,10378,10378,1
2019-08-07,16:14:28.618000,10377,10378,10377,4
2019-08-07,16:14:28.867000,10377,10378,10377,5
2019-08-07,16:14:29.267000,10377,10378,10377,1
2019-08-07,16:14:30.073000,10377,10378,10377,2
2019-08-07,16:14:30.389000,10377,10378,10377,2
2019-08-07,16:14:30.444000,10377,10378,10377,2
2019-08-07,16:14:31.328000,10377,10378,10377,2
2019-08-07,16:14:32.289000,10377,10378,10377,1
2019-08-07,16:14:32.289000,10377,10378,10377,1
2019-08-07,16:14:32.774000,10377,10378,10377,2
2019-08-07,16:14:32.775000,10377,10378,10378,1
2019-08-07,16:14:33.269000,10377,10378,10377,2
2019-08-07,16:14:33.946000,10377,10378,10377,2
2019-08-07,16:14:34.006000,10377,10378,10377,1
2019-08-07,16:14:35.103000,10377,10378,10377,2
2019-08-07,16:14:35.226000,10377,10378,10377,2
2019-08-07,16:14:35.610000,10377,10378,10377,10
2019-08-07,16:14:37.447000,10377,10378,10377,1
2019-08-07,16:14:37.552000,10377,10378,10377,1
2019-08-07,16:14:38.036000,10377,10378,10378,4
2019-08-07,16:14:38.152000,10377,10378,10377,2
2019-08-07,16:14:38.322000,10377,10378,10377,2
2019-08-07,16:14:38.650000,10377,10378,10377,1
2019-08-07,16:14:38.650000,10377,10378,10377,1
2019-08-07,16:14:38.651000,10377,10378,10377,1
2019-08-07,16:14:38.989000,10377,10378,10377,1
2019-08-07,16:14:39.867000,10377,10378,10377,1
2019-08-07,16:14:40.477000,10377,10378,10377,2
2019-08-07,16:14:40.758000,10377,10378,10377,1
2019-08-07,16:14:40.759000,10377,10378,10377,1
2019-08-07,16:14:40.767000,10377,10378,10377,1
