2019-06-17 15:00:00.085,10540,10543,10541,77,-77
2019-06-17 15:00:00.086,10541,10543,10543,11,11
2019-06-17 15:00:01.189,10541,10543,10542,1,-1
2019-06-17 15:00:01.437,10542,10543,10542,1,-1
2019-06-17 15:00:01.437,10542,10543,10541,1,-1
2019-06-17 15:00:01.590,10541,10543,10541,1,-1
2019-06-17 15:00:01.781,10542,10543,10543,1,1
2019-06-17 15:00:01.849,10542,10543,10542,1,-1
2019-06-17 15:00:01.997,10542,10543,10543,1,1
2019-06-17 15:00:02.186,10542,10544,10543,2,-2
2019-06-17 15:00:02.186,10542,10544,10542,3,-3
2019-06-17 15:00:02.373,10542,10543,10542,1,-1
2019-06-17 15:00:02.492,10541,10543,10543,5,5
2019-06-17 15:00:02.492,10541,10543,10542,1,-1
2019-06-17 15:00:02.492,10541,10543,10541,1,-1
2019-06-17 15:00:02.493,10541,10543,10541,2,-2
2019-06-17 15:00:02.500,10541,10543,10541,3,-3
2019-06-17 15:00:02.775,10542,10543,10542,1,1
2019-06-17 15:00:03.569,10542,10543,10543,3,3
2019-06-17 15:00:04.275,10542,10543,10542,5,-5
2019-06-17 15:00:08.366,10541,10542,10541,1,-1
2019-06-17 15:00:08.889,10541,10542,10542,1,1
2019-06-17 15:00:13.678,10541,10542,10541,1,-1
2019-06-17 15:00:14.629,10541,10542,10542,1,1
2019-06-17 15:00:16.146,10541,10542,10542,1,1
2019-06-17 15:00:19.451,10541,10542,10542,2,2
2019-06-17 15:00:19.456,10541,10542,10542,2,2
2019-06-17 15:00:21.513,10542,10543,10542,10,-10
2019-06-17 15:00:21.995,10541,10543,10543,3,3
2019-06-17 15:00:22.040,10541,10543,10541,1,-1
2019-06-17 15:00:26.647,10541,10542,10541,1,-1
2019-06-17 15:00:33.854,10541,10542,10541,5,-5
2019-06-17 15:00:37.330,10541,10542,10541,1,-1
2019-06-17 15:00:38.234,10541,10542,10541,1,-1
2019-06-17 15:00:38.234,10541,10542,10541,1,-1
2019-06-17 15:00:38.234,10541,10542,10541,1,-1
2019-06-17 15:00:38.235,10541,10542,10541,1,-1
2019-06-17 15:00:38.235,10541,10542,10541,1,-1
2019-06-17 15:00:38.235,10541,10542,10541,1,-1
2019-06-17 15:00:39.471,10541,10542,10541,4,-4
2019-06-17 15:00:41.216,10541,10542,10541,2,-2
2019-06-17 15:00:41.322,10541,10542,10541,5,-5
2019-06-17 15:00:43.157,10541,10542,10541,5,-5
2019-06-17 15:00:43.190,10541,10542,10542,1,1
2019-06-17 15:00:44.419,10541,10542,10541,1,-1
2019-06-17 15:00:45.841,10541,10542,10541,10,-10
2019-06-17 15:00:46.212,10541,10542,10541,3,-3
2019-06-17 15:00:49.332,10541,10542,10541,1,-1
2019-06-17 15:00:51.007,10541,10542,10542,1,1
2019-06-17 15:00:55.572,10541,10542,10541,1,-1
2019-06-17 15:00:56.574,10541,10542,10541,1,-1
2019-06-17 15:00:57.289,10541,10542,10541,3,-3
2019-06-17 15:00:59.381,10541,10542,10541,1,-1
2019-06-17 15:00:59.467,10541,10542,10541,1,-1
2019-06-17 15:00:59.565,10541,10542,10541,1,-1
2019-06-17 15:00:59.651,10541,10542,10541,1,-1
2019-06-17 15:00:59.652,10541,10542,10541,1,-1
2019-06-17 15:00:59.672,10541,10542,10541,6,-6
2019-06-17 15:00:59.689,10541,10542,10541,2,-2
2019-06-17 15:01:00.105,10541,10542,10541,1,-1
2019-06-17 15:01:00.185,10541,10542,10540,2,-2
2019-06-17 15:01:00.305,10540,10542,10541,1,1
2019-06-17 15:01:00.314,10540,10541,10541,1,1
2019-06-17 15:01:00.393,10540,10541,10540,2,-2
2019-06-17 15:01:00.516,10540,10541,10541,1,1
2019-06-17 15:01:01.068,10540,10541,10540,4,-4
2019-06-17 15:01:02.812,10540,10541,10540,1,-1
2019-06-17 15:01:05.731,10540,10541,10541,1,1
2019-06-17 15:01:06.221,10540,10541,10540,1,-1
2019-06-17 15:01:07.435,10540,10541,10541,1,1
2019-06-17 15:01:09.773,10540,10541,10540,1,-1
2019-06-17 15:01:14.474,10540,10541,10540,1,-1
2019-06-17 15:01:15.559,10540,10541,10540,6,-6
2019-06-17 15:01:19.640,10540,10541,10540,1,-1
2019-06-17 15:01:19.693,10540,10541,10540,1,-1
2019-06-17 15:01:20.563,10540,10541,10540,6,-6
2019-06-17 15:01:21.163,10540,10541,10540,1,-1
2019-06-17 15:01:21.807,10540,10541,10540,2,-2
2019-06-17 15:01:23.888,10540,10541,10541,1,1
2019-06-17 15:01:23.904,10540,10541,10540,2,-2
2019-06-17 15:01:28.866,10540,10541,10541,1,1
2019-06-17 15:01:29.025,10540,10541,10541,1,1
2019-06-17 15:01:29.148,10540,10541,10540,1,-1
2019-06-17 15:01:29.390,10540,10541,10541,1,1
2019-06-17 15:01:29.539,10540,10541,10541,1,1
2019-06-17 15:01:29.819,10540,10541,10541,1,1
2019-06-17 15:01:30.867,10540,10541,10541,7,7
2019-06-17 15:01:30.884,10540,10541,10542,7,7
2019-06-17 15:01:31.118,10541,10542,10541,2,-2
2019-06-17 15:01:31.616,10541,10542,10541,1,-1
2019-06-17 15:01:33.987,10541,10542,10541,2,-2
2019-06-17 15:01:37.386,10541,10542,10541,4,-4
2019-06-17 15:01:46.451,10541,10542,10541,1,-1
2019-06-17 15:01:55.645,10541,10542,10542,1,1
2019-06-17 15:01:58.930,10541,10542,10541,9,-9
2019-06-17 15:02:00.061,10541,10542,10541,4,-4
2019-06-17 15:02:00.069,10541,10542,10541,3,-3
2019-06-17 15:02:00.112,10541,10542,10541,3,-3
2019-06-17 15:02:00.117,10541,10542,10541,1,-1
2019-06-17 15:02:00.135,10541,10542,10541,2,-2
2019-06-17 15:02:00.138,10541,10542,10540,3,-3
2019-06-17 15:02:00.140,10541,10542,10540,1,-1
2019-06-17 15:02:00.140,10541,10542,10540,2,-2
2019-06-17 15:02:00.156,10541,10542,10540,2,-2
2019-06-17 15:02:00.168,10541,10542,10540,3,-3
2019-06-17 15:02:00.293,10540,10542,10541,1,1
2019-06-17 15:02:00.294,10540,10542,10541,1,-1
2019-06-17 15:02:08.115,10540,10541,10541,1,1
2019-06-17 15:02:09.547,10540,10541,10541,4,4
2019-06-17 15:02:09.605,10541,10542,10541,1,-1
2019-06-17 15:02:11.507,10541,10542,10541,3,-3
2019-06-17 15:02:18.096,10540,10541,10541,4,4
2019-06-17 15:02:19.613,10540,10541,10541,1,1
2019-06-17 15:02:26.090,10540,10541,10541,1,1
2019-06-17 15:02:29.189,10540,10541,10541,7,7
2019-06-17 15:02:31.124,10541,10542,10541,1,-1
2019-06-17 15:02:44.189,10541,10542,10542,13,13
2019-06-17 15:02:44.314,10541,10542,10542,2,2
2019-06-17 15:02:44.498,10542,10543,10542,1,-1
2019-06-17 15:02:51.658,10542,10543,10543,1,1
2019-06-17 15:02:53.401,10542,10543,10543,1,1
2019-06-17 15:03:01.559,10542,10543,10543,1,1
2019-06-17 15:03:01.564,10542,10543,10543,1,1
2019-06-17 15:03:01.676,10542,10543,10543,1,1
2019-06-17 15:03:01.689,10542,10543,10543,1,1
2019-06-17 15:03:02.950,10543,10544,10543,1,-1
2019-06-17 15:03:06.165,10543,10544,10543,1,-1
2019-06-17 15:03:24.904,10543,10544,10543,1,-1
2019-06-17 15:03:29.020,10543,10544,10544,5,5
2019-06-17 15:03:30.168,10543,10544,10544,1,1
2019-06-17 15:03:30.271,10543,10544,10544,1,1
2019-06-17 15:03:33.440,10543,10544,10544,2,2
2019-06-17 15:03:33.552,10543,10544,10544,1,1
2019-06-17 15:03:34.530,10543,10545,10545,1,1
2019-06-17 15:03:34.759,10543,10545,10545,2,2
2019-06-17 15:03:41.086,10544,10545,10545,1,1
2019-06-17 15:03:41.513,10544,10545,10544,1,-1
2019-06-17 15:03:44.436,10544,10545,10545,1,1
2019-06-17 15:03:44.617,10544,10545,10544,1,-1
2019-06-17 15:03:44.923,10544,10545,10544,1,-1
2019-06-17 15:03:45.969,10544,10545,10545,4,4
2019-06-17 15:03:47.787,10544,10545,10544,2,-2
2019-06-17 15:03:57.329,10544,10545,10545,5,5
2019-06-17 15:03:57.791,10544,10545,10545,2,2
2019-06-17 15:04:10.239,10544,10545,10545,1,1
2019-06-17 15:04:12.105,10544,10545,10545,1,1
2019-06-17 15:04:13.785,10544,10545,10545,1,1
2019-06-17 15:04:13.786,10544,10545,10545,2,2
2019-06-17 15:04:13.786,10544,10545,10545,2,2
2019-06-17 15:04:13.786,10544,10545,10545,1,1
2019-06-17 15:04:14.328,10545,10546,10545,4,-4
2019-06-17 15:04:14.503,10545,10546,10545,1,-1
2019-06-17 15:04:18.473,10545,10546,10545,1,-1
2019-06-17 15:04:20.441,10544,10546,10545,2,-2
2019-06-17 15:04:21.517,10545,10546,10545,3,-3
2019-06-17 15:04:23.046,10544,10545,10545,1,1
2019-06-17 15:04:30.300,10544,10545,10545,1,1
2019-06-17 15:04:41.291,10544,10545,10544,32,-32
2019-06-17 15:04:42.478,10543,10544,10544,1,1
2019-06-17 15:04:45.612,10543,10544,10544,1,1
2019-06-17 15:04:45.973,10543,10544,10543,2,-2
2019-06-17 15:04:47.777,10543,10544,10544,3,3
2019-06-17 15:04:52.943,10543,10544,10543,1,-1
2019-06-17 15:04:52.943,10543,10544,10543,2,-2
2019-06-17 15:04:52.944,10543,10544,10543,1,-1
2019-06-17 15:04:52.944,10543,10544,10543,2,-2
2019-06-17 15:04:52.944,10543,10544,10543,2,-2
2019-06-17 15:04:52.944,10543,10544,10543,2,-2
2019-06-17 15:04:52.944,10543,10544,10543,2,-2
2019-06-17 15:04:52.945,10543,10544,10543,2,-2
2019-06-17 15:04:52.945,10543,10544,10543,2,-2
2019-06-17 15:04:52.945,10543,10544,10543,1,-1
2019-06-17 15:04:54.272,10542,10543,10542,7,-7
2019-06-17 15:04:54.314,10541,10542,10542,1,1
2019-06-17 15:04:55.007,10541,10542,10541,4,-4
2019-06-17 15:04:55.080,10541,10542,10541,1,-1
2019-06-17 15:04:56.699,10541,10542,10542,1,1
2019-06-17 15:04:59.302,10541,10542,10542,1,1
2019-06-17 15:04:59.968,10541,10542,10542,2,2
2019-06-17 15:05:03.743,10541,10542,10541,10,-10
2019-06-17 15:05:04.100,10541,10542,10541,1,-1
2019-06-17 15:05:11.203,10541,10542,10542,1,1
2019-06-17 15:05:19.588,10541,10542,10542,6,6
2019-06-17 15:05:20.721,10542,10543,10542,2,-2
2019-06-17 15:05:23.331,10542,10543,10543,1,1
2019-06-17 15:05:24.961,10542,10543,10543,1,1
2019-06-17 15:05:30.806,10542,10543,10542,1,-1
2019-06-17 15:05:36.345,10542,10543,10543,1,1
2019-06-17 15:05:36.933,10542,10543,10542,2,-2
2019-06-17 15:05:42.084,10542,10543,10542,6,-6
2019-06-17 15:05:42.939,10541,10542,10542,10,10
2019-06-17 15:05:43.894,10541,10542,10541,1,-1
2019-06-17 15:05:51.401,10541,10542,10542,1,1
2019-06-17 15:05:53.206,10541,10542,10541,5,-5
2019-06-17 15:05:55.320,10541,10542,10541,1,-1
2019-06-17 15:05:58.651,10541,10542,10541,2,-2
2019-06-17 15:05:58.660,10541,10542,10541,22,-22
2019-06-17 15:06:06.349,10540,10541,10540,1,-1
2019-06-17 15:06:06.707,10540,10541,10540,1,-1
2019-06-17 15:06:07.143,10540,10541,10540,3,-3
2019-06-17 15:06:11.134,10540,10541,10540,2,-2
2019-06-17 15:06:11.849,10540,10541,10541,5,5
2019-06-17 15:06:23.171,10540,10541,10541,4,4
2019-06-17 15:06:23.739,10540,10542,10542,1,1
2019-06-17 15:06:25.509,10540,10541,10541,1,1
2019-06-17 15:06:27.353,10540,10541,10541,1,1
2019-06-17 15:06:28.910,10540,10541,10541,1,1
2019-06-17 15:06:35.365,10540,10541,10540,1,-1
2019-06-17 15:06:35.365,10540,10541,10540,6,-6
2019-06-17 15:06:35.399,10540,10541,10540,3,-3
2019-06-17 15:06:35.410,10540,10541,10540,1,-1
2019-06-17 15:06:35.410,10540,10541,10540,2,-2
2019-06-17 15:06:35.415,10540,10541,10540,1,-1
2019-06-17 15:06:35.418,10540,10541,10540,1,-1
2019-06-17 15:06:35.431,10540,10541,10540,1,-1
2019-06-17 15:06:35.439,10540,10541,10540,1,-1
2019-06-17 15:06:35.439,10540,10541,10540,3,-3
2019-06-17 15:06:35.440,10540,10541,10540,2,-2
2019-06-17 15:06:35.440,10540,10541,10540,12,-12
2019-06-17 15:06:35.440,10540,10541,10540,5,-5
2019-06-17 15:06:35.440,10540,10541,10540,2,-2
2019-06-17 15:06:35.440,10540,10541,10540,1,-1
2019-06-17 15:06:35.440,10540,10541,10540,4,-4
2019-06-17 15:06:35.440,10540,10541,10540,11,-11
2019-06-17 15:06:35.573,10539,10540,10539,2,-2
2019-06-17 15:06:35.578,10539,10540,10539,2,-2
2019-06-17 15:06:36.103,10539,10540,10540,1,1
2019-06-17 15:06:37.822,10539,10540,10539,1,-1
2019-06-17 15:06:37.830,10539,10540,10540,1,1
2019-06-17 15:06:41.593,10539,10540,10540,1,1
2019-06-17 15:06:43.034,10539,10540,10539,1,-1
2019-06-17 15:06:45.989,10539,10540,10539,2,-2
2019-06-17 15:06:46.056,10539,10540,10539,2,-2
2019-06-17 15:06:46.207,10539,10540,10539,13,-13
2019-06-17 15:06:51.576,10538,10539,10538,1,-1
2019-06-17 15:06:52.830,10538,10539,10539,2,2
2019-06-17 15:06:53.259,10538,10539,10539,1,1
2019-06-17 15:06:58.077,10538,10539,10538,1,-1
2019-06-17 15:07:00.384,10538,10539,10539,1,1
2019-06-17 15:07:01.279,10538,10539,10538,4,-4
2019-06-17 15:07:02.396,10538,10539,10539,1,1
2019-06-17 15:07:03.378,10538,10539,10538,1,-1
2019-06-17 15:07:06.474,10538,10539,10538,1,-1
2019-06-17 15:07:12.629,10538,10539,10538,1,-1
2019-06-17 15:07:15.767,10538,10539,10539,2,2
2019-06-17 15:07:18.864,10538,10539,10539,1,1
2019-06-17 15:07:21.249,10538,10539,10539,6,6
2019-06-17 15:07:22.503,10539,10540,10539,2,-2
2019-06-17 15:07:22.880,10539,10540,10539,1,-1
2019-06-17 15:07:22.941,10538,10539,10538,1,-1
2019-06-17 15:07:23.141,10538,10540,10538,1,-1
2019-06-17 15:07:26.738,10538,10540,10540,2,2
2019-06-17 15:07:27.330,10538,10540,10538,2,-2
2019-06-17 15:07:29.391,10539,10540,10539,1,1
2019-06-17 15:07:29.391,10539,10540,10538,1,-1
2019-06-17 15:07:33.083,10539,10540,10539,1,1
2019-06-17 15:07:44.454,10539,10540,10540,1,1
2019-06-17 15:07:48.683,10539,10540,10539,1,-1
2019-06-17 15:07:51.191,10539,10540,10539,8,-8
2019-06-17 15:07:55.244,10538,10539,10539,10,10
2019-06-17 15:08:04.223,10538,10539,10538,1,-1
2019-06-17 15:08:05.622,10538,10539,10538,1,-1
2019-06-17 15:08:06.170,10538,10539,10538,1,-1
2019-06-17 15:08:12.081,10538,10539,10539,4,4
2019-06-17 15:08:12.638,10538,10539,10538,1,-1
2019-06-17 15:08:13.979,10538,10539,10539,15,15
2019-06-17 15:08:22.394,10538,10539,10539,5,5
2019-06-17 15:08:28.770,10538,10539,10539,2,2
2019-06-17 15:08:28.770,10538,10539,10539,3,3
2019-06-17 15:08:31.004,10539,10540,10539,1,-1
2019-06-17 15:08:32.048,10539,10540,10539,4,-4
2019-06-17 15:08:35.153,10538,10539,10539,1,1
2019-06-17 15:08:36.783,10538,10539,10539,1,1
2019-06-17 15:08:47.206,10538,10539,10539,1,1
2019-06-17 15:08:50.352,10538,10539,10539,1,1
2019-06-17 15:08:54.316,10538,10539,10539,1,1
2019-06-17 15:08:57.096,10538,10539,10539,1,1
2019-06-17 15:08:57.830,10539,10540,10539,1,-1
2019-06-17 15:09:03.726,10538,10539,10539,1,1
2019-06-17 15:09:09.073,10538,10539,10538,2,-2
2019-06-17 15:09:09.745,10538,10539,10539,1,1
2019-06-17 15:09:13.189,10538,10539,10538,2,-2
2019-06-17 15:09:15.003,10538,10539,10539,2,2
2019-06-17 15:09:15.300,10538,10539,10539,2,2
2019-06-17 15:09:17.152,10538,10539,10538,50,-50
2019-06-17 15:09:17.189,10538,10539,10538,7,-7
2019-06-17 15:09:20.892,10537,10538,10537,11,-11
2019-06-17 15:09:21.235,10537,10538,10537,2,-2
2019-06-17 15:09:21.317,10537,10538,10537,2,-2
2019-06-17 15:09:21.317,10537,10538,10537,2,-2
2019-06-17 15:09:21.341,10537,10538,10537,2,-2
2019-06-17 15:09:21.394,10537,10538,10537,1,-1
2019-06-17 15:09:21.424,10537,10538,10537,1,-1
2019-06-17 15:09:21.530,10537,10538,10537,1,-1
2019-06-17 15:09:21.963,10537,10538,10537,1,-1
2019-06-17 15:09:22.151,10537,10538,10537,4,-4
2019-06-17 15:09:22.161,10537,10538,10537,3,-3
2019-06-17 15:09:22.161,10537,10538,10537,4,-4
2019-06-17 15:09:22.162,10537,10538,10537,1,-1
2019-06-17 15:09:22.165,10537,10538,10537,1,-1
2019-06-17 15:09:22.171,10537,10538,10537,4,-4
2019-06-17 15:09:22.172,10537,10538,10536,1,-1
2019-06-17 15:09:22.177,10537,10538,10536,1,-1
2019-06-17 15:09:22.181,10537,10538,10536,2,-2
2019-06-17 15:09:22.182,10537,10538,10536,2,-2
2019-06-17 15:09:22.208,10536,10538,10536,2,-2
2019-06-17 15:09:22.208,10536,10538,10536,1,-1
2019-06-17 15:09:22.208,10536,10538,10536,2,-2
2019-06-17 15:09:22.218,10536,10538,10536,2,-2
2019-06-17 15:09:22.219,10536,10538,10536,6,-6
2019-06-17 15:09:22.222,10536,10538,10536,1,-1
2019-06-17 15:09:22.504,10536,10537,10536,2,-2
2019-06-17 15:09:22.674,10536,10537,10536,1,-1
2019-06-17 15:09:22.724,10536,10537,10536,1,-1
2019-06-17 15:09:22.816,10536,10537,10536,2,-2
2019-06-17 15:09:22.816,10536,10537,10536,1,-1
2019-06-17 15:09:26.943,10536,10537,10536,1,-1
2019-06-17 15:09:27.944,10536,10537,10536,5,-5
2019-06-17 15:09:28.249,10536,10537,10536,5,-5
2019-06-17 15:09:28.820,10536,10537,10537,1,1
2019-06-17 15:09:41.148,10536,10537,10536,3,-3
2019-06-17 15:09:41.236,10536,10537,10536,1,-1
2019-06-17 15:09:41.578,10536,10537,10536,2,-2
2019-06-17 15:09:42.368,10536,10537,10537,1,1
2019-06-17 15:09:43.198,10536,10537,10536,2,-2
2019-06-17 15:09:46.819,10536,10537,10536,1,-1
2019-06-17 15:09:49.569,10536,10537,10536,1,-1
2019-06-17 15:09:51.996,10536,10537,10537,2,2
2019-06-17 15:09:52.064,10536,10537,10537,2,2
2019-06-17 15:09:52.092,10536,10537,10536,2,-2
2019-06-17 15:09:52.872,10537,10538,10537,1,1
2019-06-17 15:10:01.064,10536,10537,10537,2,2
2019-06-17 15:10:02.026,10537,10538,10538,1,1
2019-06-17 15:10:02.128,10537,10538,10537,2,-2
2019-06-17 15:10:05.950,10536,10538,10538,1,1
2019-06-17 15:10:14.383,10536,10537,10537,1,1
2019-06-17 15:10:16.888,10536,10537,10537,1,1
2019-06-17 15:10:17.152,10536,10537,10537,2,2
2019-06-17 15:10:23.391,10537,10538,10537,1,-1
2019-06-17 15:10:26.189,10537,10538,10538,4,4
2019-06-17 15:10:32.431,10538,10539,10538,2,-2
2019-06-17 15:10:34.631,10538,10539,10538,1,-1
2019-06-17 15:10:42.406,10538,10539,10538,1,-1
2019-06-17 15:10:44.624,10538,10539,10538,1,-1
2019-06-17 15:10:48.151,10538,10539,10539,1,1
2019-06-17 15:10:48.375,10538,10539,10538,1,-1
2019-06-17 15:10:50.161,10538,10539,10539,1,1
2019-06-17 15:10:50.515,10538,10539,10538,1,-1
2019-06-17 15:11:04.763,10538,10539,10538,1,-1
2019-06-17 15:11:07.051,10538,10539,10538,1,-1
2019-06-17 15:11:10.905,10538,10539,10538,1,-1
2019-06-17 15:11:19.753,10538,10539,10539,1,1
2019-06-17 15:11:22.901,10538,10539,10538,6,-6
2019-06-17 15:11:40.174,10538,10539,10538,1,-1
2019-06-17 15:11:40.189,10538,10539,10538,1,-1
2019-06-17 15:11:40.970,10538,10539,10539,1,1
2019-06-17 15:11:41.656,10538,10539,10538,2,-2
2019-06-17 15:11:42.350,10537,10538,10537,1,-1
2019-06-17 15:11:44.278,10537,10538,10538,2,2
2019-06-17 15:11:46.402,10537,10538,10538,1,1
2019-06-17 15:11:46.692,10537,10538,10537,1,-1
2019-06-17 15:11:53.628,10537,10538,10538,1,1
2019-06-17 15:11:56.503,10537,10538,10538,1,1
2019-06-17 15:11:58.011,10537,10538,10538,1,1
2019-06-17 15:12:00.854,10537,10538,10538,1,1
2019-06-17 15:12:01.180,10537,10538,10538,1,1
2019-06-17 15:12:06.128,10538,10539,10539,1,1
2019-06-17 15:12:07.011,10538,10539,10538,1,-1
2019-06-17 15:12:08.639,10538,10539,10538,1,-1
2019-06-17 15:12:25.016,10538,10539,10538,10,-10
2019-06-17 15:12:25.085,10538,10539,10539,1,1
2019-06-17 15:12:28.149,10538,10539,10538,2,-2
2019-06-17 15:12:30.958,10538,10539,10539,1,1
2019-06-17 15:12:32.479,10538,10539,10538,3,-3
2019-06-17 15:13:20.061,10538,10539,10539,1,1
2019-06-17 15:13:25.724,10538,10539,10539,20,20
2019-06-17 15:13:31.260,10539,10540,10540,13,13
2019-06-17 15:13:31.314,10539,10540,10540,20,20
2019-06-17 15:13:31.344,10539,10540,10541,1,1
2019-06-17 15:13:31.629,10540,10541,10540,2,-2
2019-06-17 15:13:35.209,10540,10541,10541,1,1
2019-06-17 15:13:36.438,10540,10541,10541,1,1
2019-06-17 15:13:37.573,10540,10541,10541,1,1
2019-06-17 15:13:38.406,10540,10541,10541,2,2
2019-06-17 15:13:38.824,10540,10541,10541,2,2
2019-06-17 15:13:39.963,10541,10542,10541,1,-1
2019-06-17 15:13:40.260,10541,10542,10541,1,-1
2019-06-17 15:13:42.106,10540,10541,10541,2,2
2019-06-17 15:13:45.213,10540,10542,10540,3,-3
2019-06-17 15:13:47.230,10540,10541,10540,2,-2
2019-06-17 15:14:02.006,10540,10541,10541,1,1
2019-06-17 15:14:02.899,10540,10541,10541,1,1
2019-06-17 15:14:03.868,10540,10541,10541,1,1
2019-06-17 15:14:08.129,10540,10541,10541,1,1
2019-06-17 15:14:08.452,10540,10541,10541,1,1
2019-06-17 15:14:08.775,10540,10541,10541,1,1
2019-06-17 15:14:12.728,10541,10542,10541,3,-3
2019-06-17 15:14:13.448,10541,10542,10541,1,-1
2019-06-17 15:14:26.482,10541,10542,10541,2,-2
2019-06-17 15:14:30.396,10541,10542,10541,4,-4
2019-06-17 15:14:31.041,10541,10542,10541,1,-1
2019-06-17 15:14:42.630,10541,10542,10542,1,1
2019-06-17 15:14:52.230,10541,10542,10541,2,-2
2019-06-17 15:14:58.884,10541,10542,10542,2,2
2019-06-17 15:14:58.915,10541,10542,10542,2,2
2019-06-17 15:14:58.939,10541,10542,10542,2,2
2019-06-17 15:15:05.306,10541,10542,10542,1,1
2019-06-17 15:15:23.864,10541,10542,10541,2,-2
2019-06-17 15:15:47.759,10541,10542,10541,11,-11
2019-06-17 15:16:08.547,10540,10541,10541,1,1
2019-06-17 15:16:10.814,10540,10541,10541,1,1
2019-06-17 15:16:12.618,10540,10541,10541,2,2
2019-06-17 15:16:16.730,10540,10541,10541,1,1
2019-06-17 15:16:22.352,10540,10541,10541,1,1
2019-06-17 15:16:29.943,10541,10542,10541,2,-2
2019-06-17 15:16:30.395,10541,10542,10542,4,4
2019-06-17 15:16:33.576,10541,10542,10541,2,-2
2019-06-17 15:16:39.793,10541,10542,10542,1,1
2019-06-17 15:16:54.484,10541,10542,10541,1,-1
2019-06-17 15:16:54.590,10541,10542,10542,1,1
2019-06-17 15:17:03.044,10541,10542,10541,3,-3
2019-06-17 15:17:03.264,10540,10542,10540,1,-1
2019-06-17 15:17:05.914,10540,10542,10541,1,1
2019-06-17 15:17:18.884,10541,10542,10541,2,-2
2019-06-17 15:17:18.965,10540,10541,10541,3,3
2019-06-17 15:17:21.825,10541,10542,10541,5,-5
2019-06-17 15:17:22.763,10540,10541,10541,1,1
2019-06-17 15:17:37.536,10540,10541,10541,1,1
2019-06-17 15:17:39.619,10540,10541,10541,1,1
2019-06-17 15:17:39.619,10540,10541,10541,2,2
2019-06-17 15:17:55.839,10541,10542,10542,3,3
2019-06-17 15:18:06.401,10541,10542,10542,18,18
2019-06-17 15:18:14.912,10542,10543,10542,1,-1
2019-06-17 15:18:40.810,10542,10543,10542,1,-1
2019-06-17 15:18:40.811,10542,10543,10542,3,-3
2019-06-17 15:18:57.236,10541,10542,10542,1,1
2019-06-17 15:19:10.205,10541,10542,10542,1,1
2019-06-17 15:19:10.921,10541,10542,10542,1,1
2019-06-17 15:19:10.921,10541,10542,10543,1,1
2019-06-17 15:19:34.574,10542,10543,10542,1,-1
2019-06-17 15:19:47.759,10541,10542,10541,1,-1
2019-06-17 15:19:49.894,10541,10542,10542,1,1
2019-06-17 15:20:12.663,10541,10542,10542,1,1
2019-06-17 15:20:12.896,10541,10542,10542,1,1
2019-06-17 15:20:12.997,10541,10542,10542,1,1
2019-06-17 15:20:13.370,10541,10542,10541,1,-1
2019-06-17 15:20:15.865,10541,10543,10541,5,-5
2019-06-17 15:20:45.327,10541,10542,10542,3,3
2019-06-17 15:21:21.185,10541,10542,10542,1,1
2019-06-17 15:21:25.589,10541,10542,10542,18,18
2019-06-17 15:21:25.589,10541,10542,10542,2,2
2019-06-17 15:21:25.684,10541,10542,10542,2,2
2019-06-17 15:21:25.689,10542,10543,10542,5,-5
2019-06-17 15:21:25.689,10542,10543,10542,3,-3
2019-06-17 15:21:56.376,10541,10542,10542,1,1
2019-06-17 15:22:02.605,10541,10542,10541,1,-1
2019-06-17 15:22:09.894,10541,10542,10541,1,-1
2019-06-17 15:22:09.947,10541,10542,10541,1,-1
2019-06-17 15:22:10.696,10541,10542,10541,1,-1
2019-06-17 15:22:33.004,10541,10542,10541,2,-2
2019-06-17 15:22:34.714,10541,10542,10541,1,-1
2019-06-17 15:22:40.434,10541,10542,10541,1,-1
2019-06-17 15:22:54.052,10541,10542,10541,1,-1
2019-06-17 15:23:02.626,10541,10542,10541,4,-4
2019-06-17 15:23:55.775,10541,10542,10541,1,-1
2019-06-17 15:24:11.912,10541,10542,10542,3,3
2019-06-17 15:24:20.120,10541,10542,10541,1,-1
2019-06-17 15:25:00.226,10541,10542,10542,1,1
2019-06-17 15:25:22.885,10541,10542,10541,1,-1
2019-06-17 15:25:28.148,10541,10542,10542,6,6
2019-06-17 15:25:46.395,10541,10542,10542,2,2
2019-06-17 15:25:47.250,10541,10542,10542,2,2
2019-06-17 15:25:51.657,10541,10542,10542,1,1
2019-06-17 15:25:51.658,10541,10542,10542,1,1
2019-06-17 15:26:09.002,10542,10543,10543,1,1
2019-06-17 15:26:15.631,10542,10543,10543,1,1
2019-06-17 15:26:22.785,10542,10543,10543,1,1
2019-06-17 15:26:25.319,10542,10543,10543,3,3
2019-06-17 15:26:28.242,10542,10543,10543,1,1
2019-06-17 15:26:34.782,10542,10543,10542,5,-5
2019-06-17 15:26:48.977,10542,10543,10543,1,1
2019-06-17 15:26:48.977,10542,10543,10543,1,1
2019-06-17 15:26:48.977,10542,10543,10543,3,3
2019-06-17 15:26:48.977,10542,10543,10543,2,2
2019-06-17 15:26:48.977,10542,10543,10543,3,3
2019-06-17 15:26:48.977,10542,10543,10543,2,2
2019-06-17 15:26:48.978,10542,10543,10543,3,3
2019-06-17 15:26:48.978,10542,10543,10543,1,1
2019-06-17 15:26:48.978,10542,10543,10543,3,3
2019-06-17 15:26:48.978,10542,10543,10543,1,1
2019-06-17 15:26:48.978,10542,10543,10543,1,1
2019-06-17 15:26:49.064,10542,10543,10543,5,5
2019-06-17 15:26:49.064,10542,10543,10543,8,8
2019-06-17 15:26:49.065,10542,10543,10543,4,4
2019-06-17 15:26:50.406,10543,10544,10543,1,-1
2019-06-17 15:27:02.066,10543,10544,10544,17,17
2019-06-17 15:27:05.534,10544,10545,10545,2,2
2019-06-17 15:27:05.534,10544,10545,10545,1,1
2019-06-17 15:27:05.541,10544,10545,10545,1,1
2019-06-17 15:27:05.564,10544,10545,10545,1,1
2019-06-17 15:27:05.564,10544,10545,10545,1,1
2019-06-17 15:27:05.588,10544,10545,10545,1,1
2019-06-17 15:27:05.594,10544,10545,10545,1,1
2019-06-17 15:27:05.624,10544,10545,10545,1,1
2019-06-17 15:27:06.787,10544,10545,10545,2,2
2019-06-17 15:27:06.787,10544,10545,10545,1,1
2019-06-17 15:27:06.788,10544,10545,10545,1,1
2019-06-17 15:27:06.788,10544,10545,10545,1,1
2019-06-17 15:27:06.788,10544,10545,10545,1,1
2019-06-17 15:27:06.789,10544,10545,10545,1,1
2019-06-17 15:27:10.730,10545,10546,10545,1,-1
2019-06-17 15:27:13.485,10545,10546,10545,1,-1
2019-06-17 15:27:20.207,10545,10546,10545,1,-1
2019-06-17 15:27:24.259,10545,10546,10546,1,1
2019-06-17 15:27:26.091,10545,10546,10546,1,1
2019-06-17 15:27:27.491,10545,10546,10546,1,1
2019-06-17 15:27:28.601,10545,10546,10546,4,4
2019-06-17 15:27:30.094,10545,10546,10546,1,1
2019-06-17 15:27:31.208,10545,10546,10546,4,4
2019-06-17 15:27:34.013,10545,10546,10546,1,1
2019-06-17 15:27:36.278,10545,10546,10546,3,3
2019-06-17 15:27:52.922,10546,10547,10546,2,-2
2019-06-17 15:27:57.308,10546,10547,10546,2,-2
2019-06-17 15:27:58.464,10546,10547,10546,4,-4
2019-06-17 15:27:59.960,10546,10547,10547,5,5
2019-06-17 15:28:00.476,10546,10547,10547,1,1
2019-06-17 15:28:01.609,10546,10547,10546,1,-1
2019-06-17 15:28:07.314,10546,10547,10546,4,-4
2019-06-17 15:28:14.794,10545,10546,10545,1,-1
2019-06-17 15:28:14.839,10545,10546,10546,1,1
2019-06-17 15:28:17.613,10545,10546,10546,1,1
2019-06-17 15:28:17.863,10545,10546,10546,2,2
2019-06-17 15:28:21.428,10545,10546,10545,1,-1
2019-06-17 15:28:23.713,10545,10546,10545,26,-26
2019-06-17 15:28:23.814,10545,10546,10545,2,-2
2019-06-17 15:28:23.814,10545,10546,10545,3,-3
2019-06-17 15:28:23.814,10545,10546,10545,2,-2
2019-06-17 15:28:23.814,10545,10546,10545,1,-1
2019-06-17 15:28:24.495,10544,10545,10545,4,4
2019-06-17 15:28:25.891,10544,10545,10544,4,-4
2019-06-17 15:28:29.419,10544,10545,10544,4,-4
2019-06-17 15:28:45.743,10544,10545,10545,2,2
2019-06-17 15:28:56.312,10544,10545,10544,1,-1
2019-06-17 15:29:00.279,10544,10545,10545,2,2
2019-06-17 15:29:09.017,10545,10546,10545,1,-1
2019-06-17 15:29:09.546,10544,10545,10544,1,-1
2019-06-17 15:29:11.730,10544,10545,10545,1,1
2019-06-17 15:29:19.397,10545,10546,10545,2,-2
2019-06-17 15:29:19.656,10544,10545,10545,1,1
2019-06-17 15:29:22.117,10544,10545,10545,2,2
2019-06-17 15:29:22.117,10544,10545,10545,1,1
2019-06-17 15:29:58.600,10544,10545,10545,1,1
2019-06-17 15:29:59.612,10544,10545,10545,1,1
2019-06-17 15:29:59.665,10544,10545,10545,5,5
2019-06-17 15:30:11.807,10545,10546,10546,1,1
2019-06-17 15:30:13.345,10545,10546,10546,1,1
2019-06-17 15:30:14.566,10545,10546,10546,1,1
2019-06-17 15:30:18.968,10545,10546,10546,2,2
2019-06-17 15:30:19.064,10545,10546,10546,6,6
2019-06-17 15:30:19.189,10545,10546,10546,2,2
2019-06-17 15:30:24.131,10546,10547,10546,1,-1
2019-06-17 15:30:38.613,10545,10546,10546,1,1
2019-06-17 15:30:40.390,10545,10547,10546,1,-1
2019-06-17 15:30:43.356,10546,10547,10546,1,-1
2019-06-17 15:30:43.357,10546,10547,10546,1,-1
2019-06-17 15:30:49.714,10545,10546,10546,2,2
2019-06-17 15:30:51.295,10546,10547,10546,1,-1
2019-06-17 15:31:00.171,10546,10547,10546,3,-3
2019-06-17 15:31:01.386,10546,10547,10546,2,-2
2019-06-17 15:31:02.447,10546,10547,10547,1,1
2019-06-17 15:31:03.143,10546,10547,10547,1,1
2019-06-17 15:31:03.177,10546,10547,10547,1,1
2019-06-17 15:31:15.538,10546,10547,10547,2,2
2019-06-17 15:31:19.110,10546,10547,10547,1,1
2019-06-17 15:31:29.504,10546,10547,10546,1,-1
2019-06-17 15:31:29.505,10546,10547,10546,1,-1
2019-06-17 15:31:29.506,10546,10547,10546,3,-3
2019-06-17 15:31:29.506,10546,10547,10546,2,-2
2019-06-17 15:31:29.506,10546,10547,10546,3,-3
2019-06-17 15:31:30.821,10545,10546,10546,1,1
2019-06-17 15:31:38.524,10545,10546,10546,1,1
2019-06-17 15:31:41.713,10545,10546,10546,1,1
2019-06-17 15:31:45.286,10545,10546,10546,2,2
2019-06-17 15:31:56.139,10545,10546,10546,2,2
2019-06-17 15:31:57.416,10545,10546,10546,1,1
2019-06-17 15:31:59.330,10546,10547,10546,1,-1
2019-06-17 15:32:21.056,10546,10547,10546,1,-1
2019-06-17 15:32:23.725,10546,10547,10546,1,-1
2019-06-17 15:32:35.236,10546,10547,10546,4,-4
2019-06-17 15:32:45.179,10546,10547,10546,2,-2
2019-06-17 15:32:53.192,10546,10547,10546,4,-4
2019-06-17 15:32:53.314,10546,10547,10546,8,-8
2019-06-17 15:33:08.056,10545,10546,10545,1,-1
2019-06-17 15:33:17.714,10545,10546,10546,3,3
2019-06-17 15:33:19.143,10545,10546,10545,1,-1
2019-06-17 15:33:31.311,10545,10546,10545,1,-1
2019-06-17 15:33:36.323,10545,10546,10545,1,-1
2019-06-17 15:33:47.124,10545,10546,10546,1,1
2019-06-17 15:34:19.654,10545,10546,10546,5,5
2019-06-17 15:34:19.994,10545,10546,10546,1,1
2019-06-17 15:34:20.022,10545,10546,10546,1,1
2019-06-17 15:34:20.370,10545,10546,10546,4,4
2019-06-17 15:34:22.512,10546,10547,10546,1,-1
2019-06-17 15:34:27.351,10546,10547,10546,1,-1
2019-06-17 15:34:27.641,10546,10547,10546,1,-1
2019-06-17 15:34:27.879,10546,10547,10546,1,-1
2019-06-17 15:34:28.201,10546,10547,10546,1,-1
2019-06-17 15:34:28.529,10546,10547,10546,1,-1
2019-06-17 15:34:30.716,10546,10547,10546,1,-1
2019-06-17 15:34:31.150,10546,10547,10546,1,-1
2019-06-17 15:34:31.252,10546,10547,10546,1,-1
2019-06-17 15:34:36.541,10545,10546,10546,1,1
2019-06-17 15:34:41.228,10545,10546,10545,1,-1
2019-06-17 15:35:13.715,10545,10546,10545,1,-1
2019-06-17 15:35:20.094,10545,10546,10545,1,-1
2019-06-17 15:35:20.551,10545,10546,10545,1,-1
2019-06-17 15:35:27.388,10545,10546,10545,1,-1
2019-06-17 15:35:27.527,10545,10546,10545,1,-1
2019-06-17 15:35:33.184,10545,10546,10545,3,-3
2019-06-17 15:35:37.135,10545,10546,10545,3,-3
2019-06-17 15:35:53.395,10545,10546,10546,1,1
2019-06-17 15:36:17.419,10545,10546,10546,1,1
2019-06-17 15:36:33.749,10545,10546,10545,1,-1
2019-06-17 15:37:33.019,10545,10546,10545,2,-2
2019-06-17 15:37:51.330,10545,10546,10546,1,1
2019-06-17 15:37:58.432,10545,10546,10546,2,2
2019-06-17 15:37:58.733,10545,10546,10546,1,1
2019-06-17 15:37:58.754,10545,10546,10546,1,1
2019-06-17 15:38:18.688,10545,10546,10546,1,1
2019-06-17 15:38:23.154,10545,10546,10545,1,-1
2019-06-17 15:39:00.001,10545,10546,10546,2,2
2019-06-17 15:39:13.556,10545,10546,10546,1,1
2019-06-17 15:39:14.724,10545,10546,10546,1,1
2019-06-17 15:39:15.977,10545,10546,10546,1,1
2019-06-17 15:39:18.020,10545,10546,10546,1,1
2019-06-17 15:39:46.482,10545,10546,10546,1,1
2019-06-17 15:39:46.564,10545,10546,10546,1,1
2019-06-17 15:39:46.564,10545,10546,10546,1,1
2019-06-17 15:39:46.689,10545,10546,10546,1,1
2019-06-17 15:39:46.856,10545,10546,10545,2,-2
2019-06-17 15:39:47.969,10545,10546,10546,1,1
2019-06-17 15:39:55.642,10545,10546,10546,1,1
2019-06-17 15:39:55.771,10545,10546,10545,1,-1
2019-06-17 15:39:59.131,10545,10546,10545,1,-1
2019-06-17 15:40:06.772,10545,10546,10546,1,1
2019-06-17 15:40:06.814,10545,10546,10546,7,7
2019-06-17 15:40:10.623,10546,10547,10547,1,1
2019-06-17 15:40:27.970,10546,10547,10547,4,4
2019-06-17 15:40:34.994,10546,10547,10547,1,1
2019-06-17 15:40:35.441,10546,10547,10546,2,-2
2019-06-17 15:40:35.706,10546,10547,10547,1,1
2019-06-17 15:40:59.609,10546,10547,10547,1,1
2019-06-17 15:40:59.609,10546,10547,10547,3,3
2019-06-17 15:40:59.610,10546,10547,10547,3,3
2019-06-17 15:40:59.610,10546,10547,10547,3,3
2019-06-17 15:40:59.610,10546,10547,10547,1,1
2019-06-17 15:40:59.610,10546,10547,10547,2,2
2019-06-17 15:41:04.626,10547,10548,10547,1,-1
2019-06-17 15:41:09.229,10547,10548,10547,2,-2
2019-06-17 15:41:12.283,10547,10548,10547,2,-2
2019-06-17 15:41:26.000,10547,10548,10547,3,-3
2019-06-17 15:41:58.040,10546,10547,10547,1,1
2019-06-17 15:42:04.294,10546,10547,10547,1,1
2019-06-17 15:43:02.197,10546,10547,10547,1,1
2019-06-17 15:43:03.469,10546,10547,10546,1,-1
2019-06-17 15:43:15.564,10546,10547,10546,1,-1
2019-06-17 15:43:15.689,10546,10547,10546,1,-1
2019-06-17 15:43:21.089,10546,10547,10546,1,-1
2019-06-17 15:43:21.222,10546,10547,10546,1,-1
2019-06-17 15:43:21.225,10546,10547,10546,1,-1
2019-06-17 15:43:21.314,10546,10547,10546,1,-1
2019-06-17 15:43:22.934,10546,10547,10546,2,-2
2019-06-17 15:43:35.334,10546,10547,10546,1,-1
2019-06-17 15:43:35.439,10546,10547,10546,5,-5
2019-06-17 15:43:35.564,10546,10547,10546,1,-1
2019-06-17 15:43:59.074,10545,10546,10545,1,-1
2019-06-17 15:43:59.218,10545,10546,10546,5,5
2019-06-17 15:43:59.223,10545,10546,10547,5,5
2019-06-17 15:43:59.230,10545,10546,10547,5,5
2019-06-17 15:43:59.230,10545,10546,10547,5,5
2019-06-17 15:44:20.797,10546,10547,10547,1,1
2019-06-17 15:44:30.377,10546,10547,10546,1,-1
2019-06-17 15:44:30.377,10546,10547,10546,1,-1
2019-06-17 15:44:30.377,10546,10547,10546,1,-1
2019-06-17 15:44:30.377,10546,10547,10546,1,-1
2019-06-17 15:44:30.380,10546,10547,10546,2,-2
2019-06-17 15:45:48.012,10545,10546,10546,1,1
2019-06-17 15:46:01.480,10545,10546,10546,1,1
2019-06-17 15:46:03.439,10545,10546,10546,3,3
2019-06-17 15:46:04.769,10546,10547,10546,1,-1
2019-06-17 15:46:11.556,10546,10547,10546,1,-1
2019-06-17 15:46:16.552,10546,10547,10547,1,1
2019-06-17 15:46:58.349,10546,10547,10547,1,1
2019-06-17 15:47:28.726,10546,10547,10547,1,1
2019-06-17 15:47:28.726,10546,10547,10547,3,3
2019-06-17 15:47:28.726,10546,10547,10547,1,1
2019-06-17 15:47:42.675,10546,10547,10547,1,1
2019-06-17 15:47:48.884,10546,10547,10547,1,1
2019-06-17 15:47:56.405,10546,10547,10547,3,3
2019-06-17 15:47:58.011,10546,10547,10547,1,1
2019-06-17 15:48:18.780,10546,10547,10547,2,2
2019-06-17 15:48:27.037,10546,10547,10546,1,-1
2019-06-17 15:48:34.378,10546,10547,10546,1,-1
2019-06-17 15:48:42.402,10546,10547,10546,4,-4
2019-06-17 15:48:49.172,10546,10547,10546,2,-2
2019-06-17 15:49:05.700,10546,10547,10546,1,-1
2019-06-17 15:49:11.992,10546,10547,10546,1,-1
2019-06-17 15:49:21.749,10546,10547,10546,4,-4
2019-06-17 15:49:56.654,10546,10547,10546,1,-1
2019-06-17 15:50:12.520,10546,10547,10546,1,-1
2019-06-17 15:50:21.212,10545,10546,10546,1,1
2019-06-17 15:51:06.044,10545,10546,10545,1,-1
2019-06-17 15:52:09.924,10545,10546,10545,1,-1
2019-06-17 15:52:09.924,10545,10546,10545,1,-1
2019-06-17 15:52:09.931,10545,10546,10545,1,-1
2019-06-17 15:52:09.931,10545,10546,10545,1,-1
2019-06-17 15:52:09.939,10545,10546,10545,1,-1
2019-06-17 15:52:09.939,10545,10546,10545,1,-1
2019-06-17 15:52:09.939,10545,10546,10545,1,-1
2019-06-17 15:52:09.969,10545,10546,10545,1,-1
2019-06-17 15:52:10.064,10545,10546,10545,3,-3
2019-06-17 15:52:10.064,10545,10546,10545,7,-7
2019-06-17 15:52:19.957,10544,10545,10545,3,3
2019-06-17 15:52:32.911,10544,10545,10544,1,-1
2019-06-17 15:52:52.259,10544,10545,10545,1,1
2019-06-17 15:52:52.521,10545,10546,10545,1,-1
2019-06-17 15:53:08.453,10544,10545,10545,1,1
2019-06-17 15:53:30.484,10545,10546,10546,1,1
2019-06-17 15:53:39.454,10545,10546,10545,1,-1
2019-06-17 15:54:59.198,10545,10546,10545,1,-1
2019-06-17 15:55:14.974,10545,10546,10545,1,-1
2019-06-17 15:55:32.314,10544,10545,10545,1,1
2019-06-17 15:55:32.439,10544,10545,10545,1,1
2019-06-17 15:56:06.761,10544,10545,10545,2,2
2019-06-17 15:56:43.898,10544,10545,10545,2,2
2019-06-17 15:56:52.816,10544,10545,10545,6,6
2019-06-17 15:56:53.260,10545,10546,10545,4,-4
2019-06-17 15:56:54.042,10544,10545,10545,1,1
2019-06-17 15:57:02.393,10544,10545,10544,5,-5
2019-06-17 15:57:02.720,10544,10545,10544,1,-1
2019-06-17 15:57:02.726,10544,10545,10544,1,-1
2019-06-17 15:57:02.726,10544,10545,10544,1,-1
2019-06-17 15:57:02.773,10544,10545,10544,1,-1
2019-06-17 15:57:18.175,10544,10545,10544,1,-1
2019-06-17 15:57:20.691,10544,10545,10544,1,-1
2019-06-17 15:57:20.691,10544,10545,10544,2,-2
2019-06-17 15:57:20.691,10544,10545,10544,1,-1
2019-06-17 15:57:20.692,10544,10545,10544,9,-9
2019-06-17 15:57:20.692,10544,10545,10544,24,-24
2019-06-17 15:57:20.692,10544,10545,10544,2,-2
2019-06-17 15:57:28.445,10543,10544,10544,3,3
2019-06-17 15:57:33.689,10543,10544,10543,6,-6
2019-06-17 15:57:33.710,10543,10544,10543,10,-10
2019-06-17 15:57:33.814,10543,10544,10543,2,-2
2019-06-17 15:57:33.814,10543,10544,10543,2,-2
2019-06-17 15:57:33.814,10543,10544,10543,4,-4
2019-06-17 15:57:33.814,10543,10544,10543,1,-1
2019-06-17 15:57:33.814,10543,10544,10543,4,-4
2019-06-17 15:57:33.814,10543,10544,10543,4,-4
2019-06-17 15:57:33.939,10543,10544,10543,2,-2
2019-06-17 15:57:34.957,10542,10543,10543,2,2
2019-06-17 15:57:35.064,10543,10544,10543,1,-1
2019-06-17 15:57:42.008,10542,10543,10543,1,1
2019-06-17 15:57:42.503,10543,10544,10543,1,-1
2019-06-17 15:57:51.599,10543,10544,10543,2,-2
2019-06-17 15:57:57.086,10542,10543,10543,2,2
2019-06-17 15:58:01.237,10542,10543,10542,3,-3
2019-06-17 15:58:05.471,10542,10543,10543,2,2
2019-06-17 15:58:31.413,10542,10543,10543,3,3
2019-06-17 15:58:47.893,10542,10543,10542,1,-1
2019-06-17 15:59:04.162,10542,10543,10543,5,5
2019-06-17 15:59:19.856,10542,10543,10543,2,2
2019-06-17 15:59:27.580,10542,10543,10543,2,2
2019-06-17 15:59:28.760,10542,10543,10543,2,2
2019-06-17 15:59:48.536,10542,10543,10543,1,1
2019-06-17 16:00:01.186,10542,10543,10543,1,1
2019-06-17 16:00:01.186,10542,10543,10543,1,1
2019-06-17 16:00:01.186,10542,10543,10543,2,2
2019-06-17 16:00:01.186,10542,10543,10543,2,2
2019-06-17 16:00:01.186,10542,10543,10543,1,1
2019-06-17 16:00:01.186,10542,10543,10543,3,3
2019-06-17 16:00:01.550,10543,10544,10543,1,-1
2019-06-17 16:00:01.643,10543,10544,10543,2,-2
2019-06-17 16:00:01.793,10543,10544,10543,1,-1
2019-06-17 16:00:02.004,10543,10544,10543,1,-1
2019-06-17 16:00:09.911,10543,10544,10543,1,-1
2019-06-17 16:00:10.463,10543,10544,10543,1,-1
2019-06-17 16:00:14.868,10543,10544,10543,3,-3
2019-06-17 16:00:16.211,10542,10543,10543,1,1
2019-06-17 16:01:24.498,10543,10544,10543,1,-1
2019-06-17 16:01:48.447,10543,10544,10543,1,-1
2019-06-17 16:01:54.127,10543,10544,10543,1,-1
2019-06-17 16:01:54.341,10543,10544,10543,2,-2
2019-06-17 16:02:45.268,10543,10544,10543,4,-4
2019-06-17 16:03:00.905,10542,10543,10543,1,1
2019-06-17 16:03:02.596,10542,10543,10542,10,-10
2019-06-17 16:03:22.465,10542,10543,10542,1,-1
2019-06-17 16:04:18.076,10542,10543,10543,1,1
2019-06-17 16:04:35.065,10542,10543,10543,1,1
2019-06-17 16:04:41.052,10542,10543,10542,14,-14
2019-06-17 16:04:53.102,10542,10543,10542,3,-3
2019-06-17 16:05:03.447,10542,10543,10543,1,1
2019-06-17 16:05:03.564,10542,10543,10543,2,2
2019-06-17 16:05:38.843,10542,10543,10543,2,2
2019-06-17 16:05:48.459,10542,10543,10543,1,1
2019-06-17 16:05:59.896,10542,10543,10543,1,1
2019-06-17 16:05:59.939,10542,10543,10543,1,1
2019-06-17 16:06:07.487,10542,10543,10543,1,1
2019-06-17 16:06:29.351,10542,10543,10543,2,2
2019-06-17 16:06:46.270,10542,10543,10542,10,-10
2019-06-17 16:06:56.855,10542,10543,10543,4,4
2019-06-17 16:06:57.504,10543,10544,10543,1,-1
2019-06-17 16:07:05.948,10543,10544,10543,1,-1
2019-06-17 16:07:08.005,10543,10544,10543,1,-1
2019-06-17 16:07:30.203,10543,10544,10543,11,-11
2019-06-17 16:07:30.314,10542,10543,10543,2,2
2019-06-17 16:07:45.949,10543,10544,10544,2,2
2019-06-17 16:07:49.504,10544,10545,10544,1,-1
2019-06-17 16:07:56.454,10544,10545,10544,1,-1
2019-06-17 16:07:58.608,10543,10544,10544,1,1
2019-06-17 16:08:21.161,10543,10544,10544,1,1
2019-06-17 16:08:37.711,10543,10544,10544,8,8
2019-06-17 16:08:44.911,10543,10544,10544,1,1
2019-06-17 16:08:46.247,10543,10545,10543,1,-1
2019-06-17 16:08:50.504,10544,10545,10544,1,1
2019-06-17 16:10:07.842,10544,10545,10545,1,1
2019-06-17 16:10:22.374,10544,10545,10544,1,-1
2019-06-17 16:10:44.091,10544,10545,10544,1,-1
2019-06-17 16:10:44.189,10544,10545,10544,1,-1
2019-06-17 16:11:17.578,10543,10544,10544,1,1
2019-06-17 16:11:57.689,10543,10544,10544,1,1
2019-06-17 16:12:01.755,10543,10544,10543,1,-1
2019-06-17 16:12:30.323,10543,10544,10544,1,1
2019-06-17 16:12:55.108,10543,10544,10544,1,1
2019-06-17 16:13:13.918,10543,10544,10544,1,1
2019-06-17 16:13:21.055,10543,10544,10544,1,1
2019-06-17 16:13:39.799,10543,10544,10544,1,1
2019-06-17 16:14:21.244,10543,10544,10544,1,1
2019-06-17 16:14:21.760,10544,10545,10544,1,-1
2019-06-17 16:14:52.392,10544,10545,10545,2,2
2019-06-17 16:15:03.652,10544,10545,10545,1,1
2019-06-17 16:15:09.564,10544,10545,10545,1,1
2019-06-17 16:15:10.573,10544,10545,10545,1,1
2019-06-17 16:15:13.939,10544,10545,10545,1,1
2019-06-17 16:15:28.869,10545,10546,10545,1,-1
2019-06-17 16:15:29.310,10545,10546,10545,4,-4
2019-06-17 16:15:43.597,10544,10545,10545,1,1
2019-06-17 16:16:17.011,10544,10545,10545,1,1
2019-06-17 16:16:38.029,10544,10545,10544,10,-10
2019-06-17 16:17:06.540,10544,10545,10544,8,-8
2019-06-17 16:17:44.504,10544,10545,10544,1,-1
2019-06-17 16:18:05.640,10544,10545,10544,1,-1
2019-06-17 16:18:05.640,10544,10545,10543,1,-1
2019-06-17 16:18:35.591,10543,10544,10544,2,2
2019-06-17 16:19:42.111,10544,10545,10544,2,-2
2019-06-17 16:20:06.189,10543,10544,10544,1,1
2019-06-17 16:20:06.883,10544,10545,10544,1,-1
2019-06-17 16:21:12.802,10543,10544,10544,1,1
2019-06-17 16:21:47.504,10544,10545,10544,1,-1
2019-06-17 16:21:57.640,10544,10545,10545,1,1
2019-06-17 16:22:42.289,10543,10544,10544,1,1
2019-06-17 16:22:42.543,10543,10544,10544,1,1
2019-06-17 16:23:15.208,10543,10544,10543,10,-10
2019-06-17 16:23:27.814,10543,10544,10543,1,-1
2019-06-17 16:23:32.185,10543,10544,10543,1,-1
2019-06-17 16:23:43.135,10543,10544,10543,1,-1
2019-06-17 16:24:42.292,10542,10543,10543,1,1
2019-06-17 16:24:43.016,10542,10543,10542,1,-1
2019-06-17 16:24:44.423,10542,10543,10542,1,-1
2019-06-17 16:24:44.425,10542,10543,10542,1,-1
2019-06-17 16:25:54.314,10542,10543,10543,1,1
2019-06-17 16:25:54.439,10542,10543,10543,1,1
2019-06-17 16:25:54.814,10543,10544,10543,1,-1
2019-06-17 16:26:36.917,10543,10544,10543,1,-1
2019-06-17 16:26:50.005,10543,10544,10543,1,-1
2019-06-17 16:27:05.662,10543,10544,10543,1,-1
2019-06-17 16:28:03.491,10543,10544,10543,1,-1
2019-06-17 16:28:48.262,10543,10544,10543,1,-1
2019-06-17 16:29:02.535,10543,10544,10543,1,-1
2019-06-17 16:29:02.564,10542,10543,10543,1,1
2019-06-17 16:29:08.445,10542,10543,10543,1,1
2019-06-17 16:29:36.594,10542,10543,10543,1,1
2019-06-17 16:29:38.192,10542,10543,10543,1,1
2019-06-17 16:30:00.035,10543,10544,10544,12,12
2019-06-17 16:30:34.298,10543,10544,10544,1,1
2019-06-17 16:30:34.314,10543,10544,10544,1,1
2019-06-17 16:30:34.314,10543,10544,10544,1,1
2019-06-17 16:30:47.298,10543,10544,10544,3,3
2019-06-17 16:30:59.393,10544,10545,10544,3,-3
2019-06-17 16:31:04.635,10543,10544,10544,2,2
2019-06-17 16:31:10.570,10543,10544,10544,1,1
2019-06-17 16:31:19.749,10543,10544,10544,1,1
2019-06-17 16:32:10.629,10543,10544,10544,3,3
2019-06-17 16:32:10.689,10543,10544,10544,1,1
2019-06-17 16:32:30.941,10544,10545,10544,1,-1
2019-06-17 16:33:23.037,10544,10545,10544,1,-1
2019-06-17 16:33:24.773,10543,10544,10544,1,1
2019-06-17 16:33:53.895,10543,10544,10544,2,2
2019-06-17 16:33:59.499,10543,10544,10544,1,1
2019-06-17 16:34:04.957,10544,10545,10544,1,-1
2019-06-17 16:35:24.627,10544,10545,10545,1,1
2019-06-17 16:35:52.939,10544,10545,10544,1,-1
2019-06-17 16:36:23.821,10543,10544,10544,1,1
2019-06-17 16:37:35.538,10543,10544,10543,6,-6
2019-06-17 16:37:48.607,10542,10543,10543,1,1
2019-06-17 16:38:21.464,10542,10543,10543,1,1
2019-06-17 16:39:04.929,10542,10544,10542,1,-1
2019-06-17 16:39:18.855,10543,10544,10543,1,1
2019-06-17 16:39:31.087,10543,10544,10544,2,2
2019-06-17 16:39:31.189,10543,10544,10544,2,2
2019-06-17 16:39:31.504,10544,10545,10544,1,-1
2019-06-17 16:40:41.625,10544,10545,10544,1,-1
2019-06-17 16:40:52.813,10544,10545,10544,1,-1
2019-06-17 16:40:53.170,10544,10545,10544,1,-1
2019-06-17 16:41:03.781,10544,10545,10544,1,-1
2019-06-17 16:41:11.005,10544,10545,10544,1,-1
2019-06-17 16:41:15.003,10544,10545,10544,1,-1
2019-06-17 16:41:36.211,10544,10545,10544,1,-1
2019-06-17 16:42:28.846,10543,10544,10544,1,1
2019-06-17 16:42:35.962,10543,10544,10543,1,-1
2019-06-17 16:42:53.097,10543,10544,10543,1,-1
2019-06-17 16:42:55.250,10543,10544,10543,1,-1
2019-06-17 16:45:33.758,10543,10544,10543,4,-4
2019-06-17 16:46:13.243,10543,10544,10544,2,2
2019-06-17 16:46:13.482,10543,10544,10544,2,2
2019-06-17 16:46:37.782,10543,10544,10544,1,1
2019-06-17 16:46:44.623,10543,10544,10544,1,1
2019-06-17 16:46:48.090,10543,10544,10544,1,1
2019-06-17 16:47:38.566,10543,10544,10543,3,-3
2019-06-17 16:47:43.040,10543,10544,10543,4,-4
2019-06-17 16:48:29.064,10543,10544,10543,1,-1
2019-06-17 16:48:48.802,10543,10544,10543,1,-1
2019-06-17 16:49:18.978,10543,10544,10543,1,-1
2019-06-17 16:50:17.293,10543,10544,10543,1,-1
2019-06-17 16:50:26.189,10543,10544,10543,1,-1
2019-06-17 16:50:28.004,10543,10544,10543,1,-1
2019-06-17 16:51:30.072,10543,10544,10544,1,1
2019-06-17 16:51:30.094,10543,10544,10544,1,1
2019-06-17 16:51:30.189,10543,10544,10544,2,2
2019-06-17 16:51:30.314,10544,10545,10544,1,-1
2019-06-17 16:51:30.504,10544,10545,10544,1,-1
2019-06-17 16:51:56.064,10544,10545,10544,1,-1
2019-06-17 16:52:38.100,10544,10545,10544,1,-1
2019-06-17 16:53:10.003,10544,10545,10545,2,2
2019-06-17 16:53:31.630,10544,10545,10545,5,5
2019-06-17 16:53:31.689,10544,10545,10545,18,18
2019-06-17 16:53:36.233,10545,10546,10546,6,6
2019-06-17 16:53:36.649,10545,10546,10546,1,1
2019-06-17 16:53:36.708,10545,10546,10546,1,1
2019-06-17 16:55:13.116,10545,10546,10546,2,2
2019-06-17 16:56:01.543,10545,10546,10546,1,1
2019-06-17 16:56:21.744,10545,10546,10545,1,-1
2019-06-17 16:56:42.928,10545,10546,10545,1,-1
2019-06-17 16:57:06.689,10545,10546,10545,1,-1
2019-06-17 16:57:06.689,10545,10546,10545,1,-1
2019-06-17 16:57:06.814,10545,10546,10545,1,-1
2019-06-17 16:57:06.939,10544,10545,10545,1,1
2019-06-17 16:57:22.091,10544,10545,10544,5,-5
2019-06-17 16:58:33.651,10543,10544,10544,1,1
2019-06-17 16:58:42.602,10543,10544,10544,3,3
2019-06-17 16:58:42.689,10543,10544,10544,1,1
2019-06-17 16:58:42.689,10543,10544,10544,2,2
2019-06-17 16:58:43.532,10544,10545,10544,1,-1
2019-06-17 16:59:08.957,10544,10545,10544,1,-1
2019-06-17 17:00:46.322,10544,10545,10544,1,-1
2019-06-17 17:00:49.080,10544,10545,10544,1,-1
2019-06-17 17:01:40.442,10544,10545,10544,1,-1
2019-06-17 17:01:43.009,10543,10544,10544,2,2
2019-06-17 17:02:13.925,10544,10545,10544,1,-1
2019-06-17 17:02:15.426,10544,10545,10545,10,10
2019-06-17 17:03:03.794,10544,10545,10545,1,1
2019-06-17 17:03:10.683,10544,10545,10545,6,6
2019-06-17 17:03:11.665,10545,10546,10546,1,1
2019-06-17 17:03:18.314,10545,10546,10546,4,4
2019-06-17 17:03:18.314,10545,10546,10546,14,14
2019-06-17 17:03:18.314,10545,10546,10546,5,5
2019-06-17 17:03:18.314,10545,10546,10546,2,2
2019-06-17 17:03:18.439,10545,10546,10546,6,6
2019-06-17 17:03:41.065,10546,10547,10546,1,-1
2019-06-17 17:03:55.942,10546,10547,10546,1,-1
2019-06-17 17:04:16.566,10546,10547,10546,1,-1
2019-06-17 17:04:16.566,10546,10547,10546,1,-1
2019-06-17 17:04:43.567,10546,10547,10547,1,1
2019-06-17 17:04:43.716,10546,10547,10547,1,1
2019-06-17 17:04:43.724,10546,10547,10547,2,2
2019-06-17 17:05:10.190,10546,10547,10547,1,1
2019-06-17 17:05:10.739,10546,10547,10547,1,1
2019-06-17 17:05:20.912,10546,10547,10547,1,1
2019-06-17 17:05:32.935,10546,10547,10547,1,1
2019-06-17 17:05:35.868,10546,10547,10547,1,1
2019-06-17 17:05:53.567,10546,10547,10546,1,-1
2019-06-17 17:05:59.005,10546,10547,10546,2,-2
2019-06-17 17:06:09.870,10546,10547,10546,2,-2
2019-06-17 17:06:14.057,10546,10547,10546,1,-1
2019-06-17 17:06:16.857,10546,10547,10546,2,-2
2019-06-17 17:06:18.273,10546,10547,10546,2,-2
2019-06-17 17:06:23.156,10546,10547,10546,6,-6
2019-06-17 17:06:27.941,10546,10547,10546,1,-1
2019-06-17 17:06:27.942,10546,10547,10546,1,-1
2019-06-17 17:06:32.826,10546,10547,10546,4,-4
2019-06-17 17:06:39.920,10546,10547,10546,1,-1
2019-06-17 17:06:40.701,10546,10547,10546,2,-2
2019-06-17 17:06:48.155,10546,10547,10546,4,-4
2019-06-17 17:06:48.189,10546,10547,10546,9,-9
2019-06-17 17:07:02.247,10545,10546,10545,1,-1
2019-06-17 17:08:01.816,10545,10546,10545,1,-1
2019-06-17 17:08:05.586,10545,10546,10546,1,1
2019-06-17 17:08:38.817,10545,10546,10545,1,-1
2019-06-17 17:08:38.817,10545,10546,10545,1,-1
2019-06-17 17:08:48.808,10545,10546,10545,1,-1
2019-06-17 17:08:48.809,10545,10546,10545,1,-1
2019-06-17 17:08:48.810,10545,10546,10545,2,-2
2019-06-17 17:08:48.810,10545,10546,10545,2,-2
2019-06-17 17:09:39.442,10545,10546,10545,1,-1
2019-06-17 17:10:03.518,10545,10546,10546,3,3
2019-06-17 17:10:32.392,10545,10546,10546,1,1
2019-06-17 17:10:46.757,10545,10546,10546,1,1
2019-06-17 17:10:56.692,10545,10546,10545,1,-1
2019-06-17 17:10:56.693,10545,10546,10545,1,-1
2019-06-17 17:11:45.837,10544,10546,10545,1,-1
2019-06-17 17:12:18.987,10545,10546,10545,2,-2
2019-06-17 17:13:02.817,10545,10546,10545,1,-1
2019-06-17 17:13:19.816,10545,10546,10545,1,-1
2019-06-17 17:13:38.191,10545,10546,10545,1,-1
2019-06-17 17:13:51.308,10545,10546,10545,1,-1
2019-06-17 17:13:51.518,10545,10546,10545,7,-7
2019-06-17 17:14:22.046,10544,10545,10545,4,4
2019-06-17 17:14:36.730,10545,10546,10545,1,-1
2019-06-17 17:14:56.254,10544,10545,10545,1,1
2019-06-17 17:15:00.216,10545,10546,10545,1,-1
2019-06-17 17:15:01.050,10545,10546,10546,2,2
2019-06-17 17:15:22.442,10545,10546,10545,1,-1
2019-06-17 17:15:39.441,10545,10546,10545,1,-1
2019-06-17 17:15:58.509,10545,10546,10545,1,-1
2019-06-17 17:17:04.442,10545,10546,10545,1,-1
2019-06-17 17:17:09.516,10545,10546,10545,1,-1
2019-06-17 17:17:36.567,10545,10546,10545,1,-1
2019-06-17 17:17:36.567,10545,10546,10544,1,-1
2019-06-17 17:17:37.096,10544,10546,10544,1,-1
2019-06-17 17:18:52.702,10544,10545,10545,1,1
2019-06-17 17:19:06.446,10544,10545,10545,1,1
2019-06-17 17:19:08.109,10544,10545,10545,1,1
2019-06-17 17:19:09.603,10544,10545,10545,1,1
2019-06-17 17:19:13.253,10544,10545,10545,1,1
2019-06-17 17:19:13.253,10544,10545,10545,1,1
2019-06-17 17:19:13.253,10544,10545,10545,1,1
2019-06-17 17:19:13.253,10544,10545,10545,1,1
2019-06-17 17:19:16.752,10545,10546,10545,5,-5
2019-06-17 17:19:25.819,10545,10546,10545,1,-1
2019-06-17 17:19:25.822,10545,10546,10545,1,-1
2019-06-17 17:19:42.285,10545,10546,10545,1,-1
2019-06-17 17:19:50.191,10545,10546,10545,1,-1
2019-06-17 17:19:54.057,10545,10546,10545,1,-1
2019-06-17 17:19:54.064,10544,10545,10545,10,10
2019-06-17 17:20:24.752,10545,10546,10545,1,-1
2019-06-17 17:20:24.757,10545,10546,10545,3,-3
2019-06-17 17:20:25.086,10545,10546,10545,2,-2
2019-06-17 17:20:27.903,10545,10546,10545,4,-4
2019-06-17 17:20:29.707,10544,10546,10544,6,-6
2019-06-17 17:21:27.692,10544,10545,10544,1,-1
2019-06-17 17:21:27.692,10544,10545,10544,1,-1
2019-06-17 17:21:32.406,10544,10545,10544,1,-1
2019-06-17 17:22:11.816,10544,10545,10544,1,-1
2019-06-17 17:22:30.525,10544,10545,10544,1,-1
2019-06-17 17:23:22.692,10544,10545,10544,1,-1
2019-06-17 17:23:42.691,10544,10545,10544,1,-1
2019-06-17 17:23:46.121,10544,10545,10545,2,2
2019-06-17 17:23:49.445,10544,10545,10544,1,-1
2019-06-17 17:24:14.692,10544,10545,10544,1,-1
2019-06-17 17:25:17.817,10544,10545,10544,1,-1
2019-06-17 17:25:36.906,10544,10545,10545,1,1
2019-06-17 17:25:53.828,10544,10545,10544,1,-1
2019-06-17 17:25:53.942,10544,10545,10544,1,-1
2019-06-17 17:26:39.191,10544,10545,10544,1,-1
2019-06-17 17:26:39.451,10544,10545,10544,9,-9
2019-06-17 17:26:39.564,10544,10545,10544,7,-7
2019-06-17 17:26:52.004,10544,10545,10544,2,-2
2019-06-17 17:27:11.833,10543,10544,10544,1,1
2019-06-17 17:27:13.711,10543,10544,10544,1,1
2019-06-17 17:27:20.397,10543,10544,10544,1,1
2019-06-17 17:27:57.685,10544,10545,10544,1,-1
2019-06-17 17:28:04.941,10544,10545,10544,1,-1
2019-06-17 17:28:16.930,10544,10545,10544,10,-10
2019-06-17 17:28:53.818,10544,10545,10544,1,-1
2019-06-17 17:29:11.316,10544,10545,10544,1,-1
2019-06-17 17:29:27.405,10544,10545,10545,2,2
2019-06-17 17:29:41.403,10544,10545,10545,1,1
2019-06-17 17:30:03.691,10544,10545,10544,1,-1
2019-06-17 17:31:07.148,10544,10545,10544,1,-1
2019-06-17 17:31:07.191,10544,10545,10544,1,-1
2019-06-17 17:31:07.191,10544,10545,10544,1,-1
2019-06-17 17:31:25.286,10544,10545,10545,1,1
2019-06-17 17:31:25.297,10544,10545,10545,1,1
2019-06-17 17:31:25.314,10544,10545,10545,1,1
2019-06-17 17:31:25.314,10544,10545,10545,1,1
2019-06-17 17:31:25.314,10544,10545,10545,1,1
2019-06-17 17:32:09.316,10544,10545,10544,1,-1
2019-06-17 17:32:55.744,10544,10545,10544,1,-1
2019-06-17 17:33:02.064,10544,10545,10544,1,-1
2019-06-17 17:33:02.439,10544,10545,10544,1,-1
2019-06-17 17:33:07.442,10544,10545,10544,1,-1
2019-06-17 17:33:23.441,10544,10545,10544,1,-1
2019-06-17 17:33:49.261,10544,10545,10544,1,-1
2019-06-17 17:34:29.941,10544,10545,10544,1,-1
2019-06-17 17:35:07.191,10544,10545,10544,1,-1
2019-06-17 17:35:07.731,10544,10545,10545,1,1
2019-06-17 17:35:08.515,10544,10545,10545,14,14
2019-06-17 17:35:18.123,10545,10546,10545,3,-3
2019-06-17 17:35:18.189,10544,10545,10545,1,1
2019-06-17 17:35:18.190,10544,10545,10545,1,1
2019-06-17 17:35:21.755,10544,10545,10545,1,1
2019-06-17 17:35:27.708,10544,10545,10545,1,1
2019-06-17 17:35:58.681,10544,10545,10545,2,2
2019-06-17 17:36:05.845,10544,10545,10545,1,1
2019-06-17 17:36:45.615,10545,10546,10545,1,-1
2019-06-17 17:37:10.570,10544,10546,10545,1,-1
2019-06-17 17:37:40.942,10545,10546,10545,1,-1
2019-06-17 17:37:51.546,10544,10546,10545,1,-1
2019-06-17 17:38:09.189,10544,10546,10545,1,-1
2019-06-17 17:38:27.624,10545,10546,10545,4,-4
2019-06-17 17:38:27.689,10545,10546,10545,1,-1
2019-06-17 17:38:47.672,10544,10545,10545,1,1
2019-06-17 17:38:47.693,10544,10545,10544,1,-1
2019-06-17 17:39:03.893,10544,10545,10545,3,3
2019-06-17 17:39:04.065,10544,10545,10544,1,-1
2019-06-17 17:39:51.025,10544,10545,10545,1,1
2019-06-17 17:39:59.066,10544,10545,10544,1,-1
2019-06-17 17:40:57.670,10544,10545,10545,7,7
2019-06-17 17:40:57.689,10544,10546,10545,4,-4
2019-06-17 17:40:57.689,10544,10546,10545,1,-1
2019-06-17 17:40:57.689,10544,10546,10545,5,-5
2019-06-17 17:42:58.691,10545,10546,10545,1,-1
2019-06-17 17:42:58.692,10545,10546,10545,1,-1
2019-06-17 17:42:59.770,10545,10546,10545,1,-1
2019-06-17 17:43:39.089,10545,10546,10545,3,-3
2019-06-17 17:44:08.328,10544,10545,10545,1,1
2019-06-17 17:44:20.566,10544,10545,10544,1,-1
2019-06-17 17:44:52.191,10544,10545,10544,1,-1
2019-06-17 17:45:08.817,10544,10545,10544,1,-1
2019-06-17 17:45:12.567,10544,10545,10544,29,-29
2019-06-17 17:45:17.458,10543,10544,10543,2,-2
2019-06-17 17:45:17.459,10543,10544,10543,1,-1
2019-06-17 17:45:34.418,10543,10544,10543,3,-3
2019-06-17 17:45:35.878,10543,10544,10543,1,-1
2019-06-17 17:45:49.678,10543,10544,10544,3,3
2019-06-17 17:46:35.817,10543,10544,10543,1,-1
2019-06-17 17:46:53.941,10543,10544,10543,1,-1
2019-06-17 17:47:31.441,10543,10544,10543,1,-1
2019-06-17 17:47:35.206,10543,10544,10544,1,1
2019-06-17 17:47:35.270,10543,10544,10544,1,1
2019-06-17 17:47:35.344,10543,10544,10544,1,1
2019-06-17 17:47:41.415,10543,10544,10544,5,5
2019-06-17 17:48:50.650,10543,10544,10544,1,1
2019-06-17 17:49:12.343,10543,10544,10544,1,1
2019-06-17 17:50:00.486,10544,10545,10544,1,-1
2019-06-17 17:50:32.691,10544,10545,10545,5,5
2019-06-17 17:50:41.066,10544,10545,10544,1,-1
2019-06-17 17:50:54.156,10544,10545,10545,1,1
2019-06-17 17:50:54.165,10544,10545,10545,1,1
2019-06-17 17:51:13.942,10545,10546,10545,1,-1
2019-06-17 17:51:30.787,10545,10546,10545,1,-1
2019-06-17 17:51:45.566,10544,10545,10544,1,-1
2019-06-17 17:51:56.818,10544,10545,10544,1,-1
2019-06-17 17:53:21.817,10544,10545,10544,1,-1
2019-06-17 17:53:26.744,10544,10545,10544,1,-1
2019-06-17 17:53:26.814,10544,10545,10544,1,-1
2019-06-17 17:53:26.866,10544,10545,10544,1,-1
2019-06-17 17:53:38.969,10544,10545,10544,1,-1
2019-06-17 17:53:39.064,10544,10545,10544,1,-1
2019-06-17 17:53:56.566,10544,10545,10544,1,-1
2019-06-17 17:54:17.718,10544,10545,10544,2,-2
2019-06-17 17:54:38.942,10544,10545,10544,1,-1
2019-06-17 17:55:01.530,10544,10545,10544,1,-1
2019-06-17 17:55:30.441,10544,10545,10544,1,-1
2019-06-17 17:55:31.314,10544,10545,10544,1,-1
2019-06-17 17:55:45.137,10544,10545,10545,1,1
2019-06-17 17:56:31.567,10544,10545,10544,1,-1
2019-06-17 17:56:37.833,10544,10545,10545,1,1
2019-06-17 17:56:49.762,10544,10545,10544,1,-1
2019-06-17 17:57:02.550,10544,10545,10544,1,-1
2019-06-17 17:57:45.691,10543,10544,10543,1,-1
2019-06-17 17:57:56.283,10543,10544,10544,2,2
2019-06-17 17:58:25.443,10543,10544,10543,1,-1
2019-06-17 17:58:25.443,10543,10544,10543,1,-1
2019-06-17 17:58:25.618,10543,10544,10544,1,1
2019-06-17 17:58:25.644,10543,10544,10544,1,1
2019-06-17 17:59:56.268,10543,10544,10544,1,1
2019-06-17 18:00:28.117,10543,10544,10544,2,2
2019-06-17 18:00:28.189,10543,10544,10544,2,2
2019-06-17 18:00:28.191,10543,10544,10543,1,-1
2019-06-17 18:00:28.200,10543,10544,10543,1,-1
2019-06-17 18:00:28.219,10543,10544,10544,2,2
2019-06-17 18:00:28.219,10543,10544,10544,1,1
2019-06-17 18:00:28.220,10543,10544,10544,1,1
2019-06-17 18:00:28.314,10543,10544,10544,1,1
2019-06-17 18:00:28.543,10544,10545,10545,1,1
2019-06-17 18:00:28.548,10544,10545,10545,1,1
2019-06-17 18:00:28.567,10544,10545,10544,2,-2
2019-06-17 18:00:29.512,10544,10545,10545,1,1
2019-06-17 18:00:29.594,10544,10545,10544,1,-1
2019-06-17 18:00:30.813,10544,10545,10544,1,-1
2019-06-17 18:00:30.840,10544,10545,10544,1,-1
2019-06-17 18:01:12.449,10544,10545,10544,1,-1
2019-06-17 18:02:19.248,10544,10545,10544,1,-1
2019-06-17 18:02:19.314,10544,10545,10544,2,-2
2019-06-17 18:02:19.314,10544,10545,10544,1,-1
2019-06-17 18:02:20.316,10543,10545,10543,1,-1
2019-06-17 18:03:21.941,10543,10544,10543,6,-6
2019-06-17 18:03:31.388,10543,10544,10543,1,-1
2019-06-17 18:03:39.759,10543,10544,10543,1,-1
2019-06-17 18:03:56.941,10543,10544,10543,1,-1
2019-06-17 18:04:16.816,10543,10544,10543,1,-1
2019-06-17 18:04:16.993,10543,10544,10543,1,-1
2019-06-17 18:04:17.047,10543,10544,10543,1,-1
2019-06-17 18:04:17.064,10543,10544,10543,1,-1
2019-06-17 18:04:17.064,10543,10544,10543,1,-1
2019-06-17 18:04:32.191,10543,10544,10543,1,-1
2019-06-17 18:04:41.348,10543,10544,10544,2,2
2019-06-17 18:04:51.118,10543,10544,10543,1,-1
2019-06-17 18:04:55.873,10543,10544,10544,1,1
2019-06-17 18:05:03.077,10543,10544,10543,2,-2
2019-06-17 18:05:03.586,10543,10544,10543,1,-1
2019-06-17 18:05:03.590,10543,10544,10543,1,-1
2019-06-17 18:05:40.044,10543,10544,10543,7,-7
2019-06-17 18:05:41.384,10543,10544,10543,1,-1
2019-06-17 18:05:45.456,10543,10544,10543,1,-1
2019-06-17 18:05:53.691,10543,10544,10543,1,-1
2019-06-17 18:06:06.384,10542,10543,10543,1,1
2019-06-17 18:06:39.922,10542,10543,10543,2,2
2019-06-17 18:06:39.939,10542,10543,10543,1,1
2019-06-17 18:06:40.064,10542,10543,10543,1,1
2019-06-17 18:06:40.169,10542,10543,10543,1,1
2019-06-17 18:06:40.170,10542,10543,10543,1,1
2019-06-17 18:07:00.566,10543,10544,10543,1,-1
2019-06-17 18:07:21.273,10543,10544,10543,1,-1
2019-06-17 18:07:25.849,10543,10544,10543,2,-2
2019-06-17 18:07:32.031,10543,10544,10543,2,-2
2019-06-17 18:07:36.302,10542,10543,10543,2,2
2019-06-17 18:07:45.656,10542,10543,10543,1,1
2019-06-17 18:07:51.052,10543,10544,10543,1,-1
2019-06-17 18:08:04.319,10543,10544,10543,1,-1
2019-06-17 18:08:07.224,10543,10544,10543,1,-1
2019-06-17 18:08:22.816,10543,10544,10543,1,-1
2019-06-17 18:09:00.192,10542,10543,10542,1,-1
2019-06-17 18:09:00.192,10542,10543,10542,1,-1
2019-06-17 18:09:00.624,10542,10543,10542,1,-1
2019-06-17 18:09:00.675,10542,10543,10542,1,-1
2019-06-17 18:09:00.695,10542,10543,10542,4,-4
2019-06-17 18:09:01.502,10542,10543,10543,1,1
2019-06-17 18:09:14.209,10542,10543,10542,1,-1
2019-06-17 18:09:28.123,10542,10543,10542,1,-1
2019-06-17 18:09:28.244,10542,10543,10542,1,-1
2019-06-17 18:10:16.566,10542,10543,10542,1,-1
2019-06-17 18:10:16.585,10542,10543,10542,1,-1
2019-06-17 18:10:16.587,10542,10543,10542,1,-1
2019-06-17 18:10:16.689,10542,10543,10542,2,-2
2019-06-17 18:11:11.566,10542,10543,10542,1,-1
2019-06-17 18:11:11.567,10542,10543,10542,1,-1
2019-06-17 18:11:23.803,10542,10543,10542,1,-1
2019-06-17 18:11:52.620,10542,10543,10542,4,-4
2019-06-17 18:12:04.316,10542,10543,10542,1,-1
2019-06-17 18:12:25.791,10542,10543,10542,1,-1
2019-06-17 18:12:25.814,10542,10543,10542,1,-1
2019-06-17 18:13:14.061,10542,10543,10542,1,-1
2019-06-17 18:13:14.139,10542,10543,10542,1,-1
2019-06-17 18:13:14.383,10542,10543,10542,1,-1
2019-06-17 18:13:14.711,10542,10543,10542,1,-1
2019-06-17 18:13:16.808,10542,10543,10542,1,-1
2019-06-17 18:13:24.067,10542,10543,10542,1,-1
2019-06-17 18:13:24.067,10542,10543,10542,1,-1
2019-06-17 18:14:01.691,10542,10543,10542,1,-1
2019-06-17 18:14:03.564,10542,10543,10542,1,-1
2019-06-17 18:14:49.628,10541,10542,10542,2,2
2019-06-17 18:15:38.567,10541,10542,10541,1,-1
2019-06-17 18:15:38.568,10541,10542,10541,1,-1
2019-06-17 18:15:38.781,10541,10542,10541,1,-1
2019-06-17 18:15:38.858,10541,10542,10541,1,-1
2019-06-17 18:15:38.858,10541,10542,10541,1,-1
2019-06-17 18:15:51.067,10541,10542,10542,1,1
2019-06-17 18:16:00.441,10541,10542,10541,1,-1
2019-06-17 18:16:04.409,10541,10542,10542,1,1
2019-06-17 18:16:47.126,10541,10542,10542,1,1
2019-06-17 18:17:49.775,10541,10542,10541,1,-1
2019-06-17 18:18:15.566,10541,10542,10541,1,-1
2019-06-17 18:18:30.466,10541,10542,10541,1,-1
2019-06-17 18:18:31.690,10541,10542,10542,1,1
2019-06-17 18:19:44.566,10541,10542,10541,1,-1
2019-06-17 18:19:59.633,10541,10542,10541,3,-3
2019-06-17 18:19:59.692,10541,10542,10541,1,-1
2019-06-17 18:19:59.692,10541,10542,10541,1,-1
2019-06-17 18:20:11.529,10541,10542,10541,3,-3
2019-06-17 18:20:26.852,10541,10542,10541,1,-1
2019-06-17 18:20:36.962,10541,10542,10541,1,-1
2019-06-17 18:20:47.682,10541,10542,10541,1,-1
2019-06-17 18:21:09.429,10541,10542,10541,1,-1
2019-06-17 18:21:17.937,10541,10542,10541,1,-1
2019-06-17 18:21:44.691,10541,10542,10541,1,-1
2019-06-17 18:21:47.626,10541,10542,10541,13,-13
2019-06-17 18:21:47.720,10540,10541,10540,1,-1
2019-06-17 18:21:48.184,10540,10541,10540,1,-1
2019-06-17 18:21:49.426,10540,10541,10541,3,3
2019-06-17 18:22:12.759,10540,10541,10540,1,-1
2019-06-17 18:22:18.452,10540,10541,10540,5,-5
2019-06-17 18:22:18.567,10540,10541,10540,1,-1
2019-06-17 18:22:26.411,10540,10541,10540,1,-1
2019-06-17 18:22:41.560,10540,10541,10540,1,-1
2019-06-17 18:22:52.338,10540,10541,10541,1,1
2019-06-17 18:22:56.718,10540,10541,10540,1,-1
2019-06-17 18:23:15.730,10540,10541,10540,1,-1
2019-06-17 18:23:20.021,10540,10541,10541,1,1
2019-06-17 18:23:26.917,10540,10541,10541,1,1
2019-06-17 18:23:33.302,10540,10541,10541,1,1
2019-06-17 18:23:34.064,10540,10541,10541,7,7
2019-06-17 18:23:43.499,10541,10542,10541,28,-28
2019-06-17 18:23:43.499,10541,10542,10540,36,-36
2019-06-17 18:23:43.500,10541,10542,10541,1,1
2019-06-17 18:23:43.569,10540,10541,10540,1,-1
2019-06-17 18:23:55.238,10540,10541,10541,1,1
2019-06-17 18:23:55.678,10540,10541,10540,1,-1
2019-06-17 18:24:08.477,10540,10541,10540,1,-1
2019-06-17 18:24:14.920,10540,10541,10540,1,-1
2019-06-17 18:24:21.549,10540,10541,10540,1,-1
2019-06-17 18:24:22.738,10540,10541,10540,1,-1
2019-06-17 18:24:54.638,10540,10541,10540,4,-4
2019-06-17 18:24:58.330,10540,10541,10540,1,-1
2019-06-17 18:25:07.549,10540,10541,10541,1,1
2019-06-17 18:25:08.157,10540,10541,10540,1,-1
2019-06-17 18:25:17.176,10540,10541,10541,1,1
2019-06-17 18:25:25.762,10540,10541,10541,1,1
2019-06-17 18:25:38.941,10540,10541,10540,1,-1
2019-06-17 18:25:41.838,10540,10541,10540,2,-2
2019-06-17 18:25:58.282,10540,10541,10541,1,1
2019-06-17 18:25:58.300,10540,10541,10541,1,1
2019-06-17 18:25:58.776,10540,10541,10541,2,2
2019-06-17 18:26:05.595,10541,10542,10541,1,-1
2019-06-17 18:26:27.316,10541,10542,10541,1,-1
2019-06-17 18:26:29.959,10541,10542,10541,4,-4
2019-06-17 18:26:36.980,10540,10541,10541,1,1
2019-06-17 18:27:00.945,10541,10542,10541,1,-1
2019-06-17 18:27:08.731,10541,10542,10541,1,-1
2019-06-17 18:27:58.783,10540,10541,10541,2,2
2019-06-17 18:28:34.164,10540,10541,10541,2,2
2019-06-17 18:28:34.164,10540,10541,10541,1,1
2019-06-17 18:29:01.211,10541,10542,10541,1,-1
2019-06-17 18:29:01.215,10541,10542,10541,1,-1
2019-06-17 18:29:06.334,10541,10542,10541,1,-1
2019-06-17 18:29:06.672,10541,10542,10541,1,-1
2019-06-17 18:29:08.614,10541,10542,10541,1,-1
2019-06-17 18:29:08.884,10541,10542,10541,1,-1
2019-06-17 18:29:09.130,10541,10542,10541,1,-1
2019-06-17 18:29:09.367,10541,10542,10541,1,-1
2019-06-17 18:29:10.126,10541,10542,10541,1,-1
2019-06-17 18:29:12.816,10541,10542,10541,1,-1
2019-06-17 18:29:44.375,10541,10542,10541,2,-2
2019-06-17 18:29:50.316,10541,10542,10541,1,-1
2019-06-17 18:30:37.691,10541,10542,10541,1,-1
2019-06-17 18:30:38.428,10541,10542,10541,1,-1
2019-06-17 18:30:41.682,10541,10542,10541,1,-1
2019-06-17 18:30:58.196,10541,10542,10542,1,1
2019-06-17 18:30:58.314,10541,10542,10542,1,1
2019-06-17 18:31:20.917,10541,10542,10542,1,1
2019-06-17 18:31:24.564,10541,10542,10542,5,5
2019-06-17 18:31:24.689,10541,10542,10542,9,9
2019-06-17 18:32:22.491,10542,10543,10543,1,1
2019-06-17 18:32:36.407,10542,10543,10543,1,1
2019-06-17 18:33:08.343,10542,10543,10543,1,1
2019-06-17 18:33:30.812,10542,10543,10542,1,-1
2019-06-17 18:33:30.814,10542,10543,10542,1,-1
2019-06-17 18:33:31.495,10542,10543,10542,1,-1
2019-06-17 18:33:31.564,10542,10543,10542,1,-1
2019-06-17 18:33:42.816,10542,10543,10542,1,-1
2019-06-17 18:33:42.816,10542,10543,10542,1,-1
2019-06-17 18:34:49.316,10542,10543,10542,1,-1
2019-06-17 18:35:27.316,10542,10543,10542,1,-1
2019-06-17 18:35:48.816,10542,10543,10542,1,-1
2019-06-17 18:36:07.030,10542,10543,10543,1,1
2019-06-17 18:36:11.932,10542,10543,10542,1,-1
2019-06-17 18:37:01.442,10542,10543,10542,1,-1
2019-06-17 18:37:01.442,10542,10543,10542,1,-1
2019-06-17 18:37:32.441,10542,10543,10542,1,-1
2019-06-17 18:37:32.488,10542,10543,10542,5,-5
2019-06-17 18:37:40.490,10542,10543,10542,1,-1
2019-06-17 18:38:04.816,10542,10543,10542,1,-1
2019-06-17 18:38:57.698,10542,10543,10542,1,-1
2019-06-17 18:39:11.690,10542,10543,10542,1,-1
2019-06-17 18:39:38.316,10542,10543,10542,1,-1
2019-06-17 18:39:58.617,10542,10543,10542,1,-1
2019-06-17 18:40:11.191,10541,10542,10541,1,-1
2019-06-17 18:41:07.263,10541,10542,10541,3,-3
2019-06-17 18:41:18.676,10541,10542,10541,1,-1
2019-06-17 18:41:19.441,10541,10542,10541,1,-1
2019-06-17 18:41:24.461,10541,10542,10541,1,-1
2019-06-17 18:41:24.462,10541,10542,10541,1,-1
2019-06-17 18:41:45.067,10540,10541,10540,1,-1
2019-06-17 18:41:45.083,10540,10541,10541,1,1
2019-06-17 18:41:45.521,10541,10542,10541,1,-1
2019-06-17 18:41:58.466,10541,10542,10541,1,-1
2019-06-17 18:41:58.916,10541,10542,10541,2,-2
2019-06-17 18:42:09.771,10541,10542,10541,1,-1
2019-06-17 18:42:36.441,10541,10542,10541,1,-1
2019-06-17 18:43:26.691,10541,10542,10541,1,-1
2019-06-17 18:44:30.429,10541,10542,10541,1,-1
2019-06-17 18:44:40.317,10541,10542,10541,1,-1
2019-06-17 18:45:12.191,10541,10542,10541,1,-1
2019-06-17 18:45:12.618,10541,10542,10541,7,-7
2019-06-17 18:45:12.618,10541,10542,10540,1,-1
2019-06-17 18:45:54.005,10540,10541,10541,1,1
2019-06-17 18:46:17.771,10541,10542,10541,1,-1
2019-06-17 18:46:18.619,10541,10542,10541,1,-1
2019-06-17 18:46:43.793,10541,10542,10541,1,-1
2019-06-17 18:46:47.114,10541,10542,10541,5,-5
2019-06-17 18:47:12.692,10540,10541,10540,1,-1
2019-06-17 18:47:12.694,10540,10541,10540,1,-1
2019-06-17 18:47:52.816,10540,10541,10540,1,-1
2019-06-17 18:48:13.764,10540,10541,10540,2,-2
2019-06-17 18:49:04.441,10540,10541,10540,1,-1
2019-06-17 18:49:29.566,10540,10541,10540,1,-1
2019-06-17 18:49:41.007,10540,10541,10541,3,3
2019-06-17 18:49:55.616,10540,10541,10541,1,1
2019-06-17 18:50:05.339,10540,10541,10541,1,1
2019-06-17 18:50:13.406,10541,10542,10541,1,-1
2019-06-17 18:50:13.439,10541,10542,10541,1,-1
2019-06-17 18:50:51.390,10540,10541,10540,4,-4
2019-06-17 18:51:01.844,10540,10541,10540,1,-1
2019-06-17 18:51:06.536,10540,10541,10540,10,-10
2019-06-17 18:51:16.302,10540,10541,10540,1,-1
2019-06-17 18:52:10.833,10540,10541,10541,1,1
2019-06-17 18:52:19.316,10540,10541,10540,1,-1
2019-06-17 18:52:19.425,10540,10541,10541,2,2
2019-06-17 18:52:19.664,10540,10541,10541,2,2
2019-06-17 18:52:19.902,10540,10541,10541,1,1
2019-06-17 18:52:19.939,10541,10542,10541,1,-1
2019-06-17 18:52:20.176,10540,10542,10541,1,-1
2019-06-17 18:52:20.189,10541,10542,10541,1,-1
2019-06-17 18:52:41.712,10540,10541,10541,2,2
2019-06-17 18:53:09.191,10540,10541,10540,1,-1
2019-06-17 18:53:20.605,10540,10541,10540,5,-5
2019-06-17 18:53:30.485,10540,10541,10540,1,-1
2019-06-17 18:53:40.566,10540,10541,10540,1,-1
2019-06-17 18:53:40.689,10540,10541,10540,19,-19
2019-06-17 18:53:40.691,10540,10541,10540,1,-1
2019-06-17 18:53:40.691,10540,10541,10540,1,-1
2019-06-17 18:54:08.214,10539,10540,10539,1,-1
2019-06-17 18:54:08.249,10539,10540,10539,1,-1
2019-06-17 18:54:08.392,10539,10540,10539,1,-1
2019-06-17 18:54:08.535,10539,10540,10539,1,-1
2019-06-17 18:54:12.525,10539,10540,10539,1,-1
2019-06-17 18:54:13.285,10539,10540,10539,1,-1
2019-06-17 18:54:17.563,10539,10540,10539,2,-2
2019-06-17 18:54:19.293,10539,10540,10539,1,-1
2019-06-17 18:54:26.447,10539,10540,10539,1,-1
2019-06-17 18:54:31.042,10539,10540,10539,1,-1
2019-06-17 18:54:31.045,10539,10540,10539,1,-1
2019-06-17 18:54:31.048,10539,10540,10539,1,-1
2019-06-17 18:54:31.050,10539,10540,10539,19,-19
2019-06-17 18:54:32.423,10538,10539,10538,1,-1
2019-06-17 18:54:33.014,10538,10539,10538,1,-1
2019-06-17 18:54:33.161,10538,10539,10538,2,-2
2019-06-17 18:54:37.742,10538,10539,10538,1,-1
2019-06-17 18:54:37.757,10538,10539,10538,1,-1
2019-06-17 18:54:37.767,10538,10539,10538,3,-3
2019-06-17 18:54:37.768,10538,10539,10538,3,-3
2019-06-17 18:54:37.892,10538,10539,10538,2,-2
2019-06-17 18:54:47.441,10538,10539,10538,1,-1
2019-06-17 18:54:54.962,10538,10539,10538,1,-1
2019-06-17 18:54:58.554,10538,10539,10538,1,-1
2019-06-17 18:55:09.433,10538,10539,10538,1,-1
2019-06-17 18:55:09.439,10538,10539,10538,16,-16
2019-06-17 18:55:25.578,10537,10538,10538,1,1
2019-06-17 18:55:30.562,10537,10538,10538,1,1
2019-06-17 18:55:34.881,10537,10538,10538,1,1
2019-06-17 18:55:36.574,10537,10538,10538,1,1
2019-06-17 18:55:40.216,10538,10539,10538,1,-1
2019-06-17 18:55:48.128,10537,10538,10538,2,2
2019-06-17 18:55:50.434,10537,10538,10538,1,1
2019-06-17 18:55:59.605,10537,10538,10538,1,1
2019-06-17 18:56:06.341,10538,10539,10539,1,1
2019-06-17 18:56:23.873,10538,10539,10539,2,2
2019-06-17 18:56:23.899,10538,10539,10539,1,1
2019-06-17 18:56:33.049,10538,10539,10539,1,1
2019-06-17 18:56:34.941,10538,10539,10538,1,-1
2019-06-17 18:56:51.442,10538,10539,10538,1,-1
2019-06-17 18:56:53.580,10538,10539,10538,1,-1
2019-06-17 18:56:59.974,10538,10539,10538,1,-1
2019-06-17 18:57:01.918,10538,10539,10538,9,-9
2019-06-17 18:57:04.404,10538,10539,10538,1,-1
2019-06-17 18:57:36.728,10538,10539,10539,1,1
2019-06-17 18:58:17.316,10538,10539,10538,1,-1
2019-06-17 18:58:25.357,10538,10539,10538,8,-8
2019-06-17 18:58:31.831,10538,10539,10539,3,3
2019-06-17 18:58:48.442,10538,10539,10538,1,-1
2019-06-17 18:58:48.442,10538,10539,10538,1,-1
2019-06-17 18:58:49.965,10538,10539,10538,2,-2
2019-06-17 18:58:52.421,10538,10539,10538,2,-2
2019-06-17 18:58:53.931,10538,10539,10538,2,-2
2019-06-17 18:58:57.079,10538,10539,10538,2,-2
2019-06-17 18:59:04.891,10537,10538,10538,1,1
2019-06-17 18:59:15.807,10537,10538,10538,3,3
2019-06-17 18:59:20.007,10537,10538,10538,1,1
2019-06-17 18:59:20.010,10537,10538,10538,2,2
2019-06-17 18:59:20.011,10537,10538,10538,2,2
2019-06-17 18:59:51.675,10538,10539,10538,1,-1
2019-06-17 19:00:00.189,10538,10539,10539,16,16
2019-06-17 19:00:00.709,10539,10540,10539,2,-2
2019-06-17 19:00:00.773,10539,10540,10539,2,-2
2019-06-17 19:00:20.691,10539,10540,10539,1,-1
2019-06-17 19:00:54.655,10539,10540,10539,1,-1
2019-06-17 19:00:54.682,10539,10540,10539,1,-1
2019-06-17 19:01:00.041,10539,10540,10539,1,-1
2019-06-17 19:01:11.567,10539,10540,10539,1,-1
2019-06-17 19:01:11.576,10539,10540,10539,1,-1
2019-06-17 19:01:53.104,10539,10540,10539,4,-4
2019-06-17 19:02:03.506,10539,10540,10539,1,-1
2019-06-17 19:02:34.441,10539,10540,10539,1,-1
2019-06-17 19:02:35.541,10539,10540,10539,1,-1
2019-06-17 19:02:49.816,10539,10540,10539,1,-1
2019-06-17 19:02:54.138,10539,10540,10539,2,-2
2019-06-17 19:03:04.033,10539,10540,10539,1,-1
2019-06-17 19:03:04.064,10539,10540,10539,1,-1
2019-06-17 19:03:04.826,10538,10539,10538,1,-1
2019-06-17 19:03:05.065,10538,10539,10538,1,-1
2019-06-17 19:03:08.818,10538,10539,10538,1,-1
2019-06-17 19:03:55.747,10538,10539,10539,1,1
2019-06-17 19:04:03.856,10538,10539,10539,4,4
2019-06-17 19:04:04.102,10538,10539,10539,4,4
2019-06-17 19:04:04.778,10538,10539,10539,1,1
2019-06-17 19:04:17.773,10538,10539,10539,1,1
2019-06-17 19:04:35.545,10538,10539,10538,1,-1
2019-06-17 19:04:47.441,10538,10539,10538,1,-1
2019-06-17 19:04:47.450,10538,10539,10538,1,-1
2019-06-17 19:04:47.450,10538,10539,10538,16,-16
2019-06-17 19:04:47.450,10538,10539,10538,8,-8
2019-06-17 19:04:47.455,10538,10539,10538,2,-2
2019-06-17 19:04:47.487,10538,10539,10538,2,-2
2019-06-17 19:04:47.505,10538,10539,10538,2,-2
2019-06-17 19:05:12.208,10538,10539,10539,1,1
2019-06-17 19:05:13.415,10538,10539,10539,1,1
2019-06-17 19:05:13.439,10538,10539,10539,2,2
2019-06-17 19:05:13.564,10538,10539,10539,1,1
2019-06-17 19:05:19.714,10538,10539,10538,2,-2
2019-06-17 19:05:43.590,10538,10539,10538,1,-1
2019-06-17 19:06:31.836,10538,10539,10538,2,-2
2019-06-17 19:06:41.066,10538,10539,10538,1,-1
2019-06-17 19:06:58.566,10538,10539,10538,1,-1
2019-06-17 19:07:06.976,10538,10539,10538,1,-1
2019-06-17 19:07:08.034,10538,10539,10538,1,-1
2019-06-17 19:07:08.129,10538,10539,10538,4,-4
2019-06-17 19:07:23.191,10538,10539,10538,1,-1
2019-06-17 19:07:34.024,10538,10539,10538,1,-1
2019-06-17 19:07:47.477,10538,10539,10538,19,-19
2019-06-17 19:08:06.278,10537,10538,10538,3,3
2019-06-17 19:08:16.644,10537,10538,10537,1,-1
2019-06-17 19:08:16.935,10537,10538,10537,1,-1
2019-06-17 19:08:17.362,10537,10538,10537,1,-1
2019-06-17 19:08:17.608,10537,10538,10537,1,-1
2019-06-17 19:08:17.617,10537,10538,10537,1,-1
2019-06-17 19:08:17.821,10537,10538,10537,1,-1
2019-06-17 19:08:17.856,10537,10538,10537,1,-1
2019-06-17 19:08:17.868,10537,10538,10537,1,-1
2019-06-17 19:08:17.906,10537,10538,10537,1,-1
2019-06-17 19:08:17.998,10537,10538,10537,1,-1
2019-06-17 19:08:18.034,10537,10538,10537,1,-1
2019-06-17 19:08:18.037,10537,10538,10537,1,-1
2019-06-17 19:08:18.327,10537,10538,10537,2,-2
2019-06-17 19:08:18.328,10537,10538,10537,1,-1
2019-06-17 19:08:18.360,10537,10538,10537,1,-1
2019-06-17 19:08:18.362,10537,10538,10537,2,-2
2019-06-17 19:08:18.384,10537,10538,10537,2,-2
2019-06-17 19:08:18.384,10537,10538,10537,1,-1
2019-06-17 19:08:18.388,10537,10538,10537,1,-1
2019-06-17 19:08:18.390,10537,10538,10537,1,-1
2019-06-17 19:08:18.416,10537,10538,10537,1,-1
2019-06-17 19:08:18.456,10537,10538,10537,2,-2
2019-06-17 19:08:18.692,10537,10538,10537,1,-1
2019-06-17 19:08:21.632,10537,10538,10538,2,2
2019-06-17 19:08:52.316,10537,10538,10537,1,-1
2019-06-17 19:09:02.599,10537,10538,10537,5,-5
2019-06-17 19:09:27.270,10537,10538,10538,1,1
2019-06-17 19:09:27.441,10537,10538,10537,1,-1
2019-06-17 19:09:28.748,10537,10538,10537,1,-1
2019-06-17 19:10:04.492,10537,10538,10537,1,-1
2019-06-17 19:10:10.117,10537,10538,10538,1,1
2019-06-17 19:10:11.941,10537,10538,10537,1,-1
2019-06-17 19:10:12.454,10537,10538,10537,1,-1
2019-06-17 19:10:36.602,10537,10538,10537,5,-5
2019-06-17 19:10:40.356,10537,10538,10538,1,1
2019-06-17 19:10:50.567,10537,10538,10537,1,-1
2019-06-17 19:11:01.095,10537,10538,10537,3,-3
2019-06-17 19:11:12.917,10537,10538,10537,2,-2
2019-06-17 19:11:32.362,10537,10538,10538,1,1
2019-06-17 19:11:32.439,10537,10538,10538,1,1
2019-06-17 19:11:32.564,10537,10538,10538,1,1
2019-06-17 19:11:32.694,10537,10538,10538,1,1
2019-06-17 19:11:32.941,10537,10538,10537,1,-1
2019-06-17 19:11:37.608,10537,10538,10537,20,-20
2019-06-17 19:11:42.821,10537,10538,10537,1,-1
2019-06-17 19:11:46.275,10537,10538,10538,8,8
2019-06-17 19:11:46.276,10537,10538,10538,5,5
2019-06-17 19:11:46.276,10537,10538,10538,8,8
2019-06-17 19:11:46.276,10537,10538,10538,1,1
2019-06-17 19:11:46.278,10537,10538,10538,2,2
2019-06-17 19:12:06.220,10538,10539,10539,1,1
2019-06-17 19:12:08.477,10538,10539,10539,1,1
2019-06-17 19:12:34.908,10538,10539,10539,1,1
2019-06-17 19:12:43.447,10538,10539,10539,1,1
2019-06-17 19:13:27.420,10539,10540,10539,2,-2
2019-06-17 19:14:09.191,10539,10540,10539,1,-1
2019-06-17 19:14:30.844,10539,10540,10539,1,-1
2019-06-17 19:14:39.903,10539,10540,10539,1,-1
2019-06-17 19:14:40.066,10539,10540,10539,1,-1
2019-06-17 19:15:05.452,10539,10540,10540,1,1
2019-06-17 19:15:05.994,10539,10540,10539,1,-1
2019-06-17 19:15:06.000,10539,10540,10539,1,-1
2019-06-17 19:15:11.675,10539,10540,10540,1,1
2019-06-17 19:15:19.086,10539,10540,10539,1,-1
2019-06-17 19:16:09.816,10539,10540,10539,1,-1
2019-06-17 19:16:09.818,10539,10540,10539,1,-1
2019-06-17 19:16:13.162,10539,10540,10540,1,1
2019-06-17 19:16:19.551,10539,10540,10540,1,1
2019-06-17 19:16:37.441,10539,10540,10539,1,-1
2019-06-17 19:17:03.656,10539,10540,10540,8,8
2019-06-17 19:17:03.664,10539,10540,10540,4,4
2019-06-17 19:17:03.689,10539,10540,10540,4,4
2019-06-17 19:17:30.852,10540,10541,10540,1,-1
2019-06-17 19:17:31.141,10540,10541,10540,1,-1
2019-06-17 19:17:37.306,10540,10541,10541,4,4
2019-06-17 19:17:54.115,10540,10541,10541,2,2
2019-06-17 19:18:02.397,10540,10541,10541,1,1
2019-06-17 19:18:36.611,10540,10541,10541,2,2
2019-06-17 19:18:37.210,10540,10541,10541,1,1
2019-06-17 19:18:53.099,10540,10541,10541,2,2
2019-06-17 19:19:00.362,10540,10541,10541,1,1
2019-06-17 19:19:16.064,10540,10541,10541,6,6
2019-06-17 19:19:16.189,10540,10541,10541,5,5
2019-06-17 19:19:48.907,10541,10542,10542,8,8
2019-06-17 19:19:48.907,10541,10542,10542,11,11
2019-06-17 19:19:48.907,10541,10542,10542,3,3
2019-06-17 19:19:48.909,10541,10542,10542,3,3
2019-06-17 19:19:48.939,10541,10542,10542,8,8
2019-06-17 19:19:48.941,10541,10542,10542,6,6
2019-06-17 19:19:49.064,10541,10542,10542,7,7
2019-06-17 19:19:49.064,10541,10542,10542,4,4
2019-06-17 19:19:49.064,10541,10542,10542,1,1
2019-06-17 19:19:49.094,10541,10542,10542,2,2
2019-06-17 19:19:53.623,10541,10542,10542,1,1
2019-06-17 19:19:59.470,10541,10542,10542,2,2
2019-06-17 19:20:01.349,10541,10542,10542,1,1
2019-06-17 19:20:06.512,10541,10542,10542,7,7
2019-06-17 19:20:06.513,10541,10542,10542,1,1
2019-06-17 19:20:11.341,10541,10542,10542,1,1
2019-06-17 19:20:15.254,10541,10542,10542,15,15
2019-06-17 19:20:15.254,10541,10542,10542,4,4
2019-06-17 19:20:15.314,10541,10542,10542,3,3
2019-06-17 19:20:15.314,10541,10542,10542,1,1
2019-06-17 19:20:15.316,10541,10542,10542,20,20
2019-06-17 19:20:15.439,10541,10542,10542,2,2
2019-06-17 19:20:15.439,10541,10542,10542,1,1
2019-06-17 19:20:16.421,10541,10542,10542,2,2
2019-06-17 19:20:21.753,10541,10542,10542,1,1
2019-06-17 19:20:21.753,10541,10542,10542,4,4
2019-06-17 19:20:21.754,10541,10542,10542,1,1
2019-06-17 19:20:21.754,10541,10542,10542,1,1
2019-06-17 19:20:21.754,10541,10542,10542,1,1
2019-06-17 19:20:21.755,10541,10542,10542,1,1
2019-06-17 19:20:23.940,10542,10543,10543,2,2
2019-06-17 19:20:27.143,10542,10543,10543,1,1
2019-06-17 19:20:27.167,10542,10543,10543,2,2
2019-06-17 19:20:48.491,10542,10543,10543,1,1
2019-06-17 19:21:05.047,10542,10543,10542,1,-1
2019-06-17 19:21:19.172,10542,10543,10543,1,1
2019-06-17 19:21:29.459,10542,10543,10543,1,1
2019-06-17 19:22:28.066,10542,10543,10542,1,-1
2019-06-17 19:22:28.067,10542,10543,10542,1,-1
2019-06-17 19:22:37.936,10542,10543,10542,1,-1
2019-06-17 19:22:42.818,10542,10543,10542,1,-1
2019-06-17 19:22:58.316,10542,10543,10542,1,-1
2019-06-17 19:23:07.342,10542,10543,10542,1,-1
2019-06-17 19:23:07.439,10542,10543,10542,1,-1
2019-06-17 19:23:07.669,10542,10543,10543,1,1
2019-06-17 19:23:25.929,10542,10543,10543,1,1
2019-06-17 19:24:04.686,10542,10543,10542,2,-2
2019-06-17 19:24:22.744,10542,10543,10542,1,-1
2019-06-17 19:24:22.942,10542,10543,10542,1,-1
2019-06-17 19:24:37.536,10542,10543,10542,1,-1
2019-06-17 19:24:45.391,10542,10543,10542,1,-1
2019-06-17 19:24:46.309,10542,10543,10542,1,-1
2019-06-17 19:24:50.265,10542,10543,10542,1,-1
2019-06-17 19:24:58.442,10542,10543,10542,1,-1
2019-06-17 19:24:58.442,10542,10543,10542,1,-1
2019-06-17 19:25:03.592,10542,10543,10542,1,-1
2019-06-17 19:25:40.534,10542,10543,10542,1,-1
2019-06-17 19:25:48.626,10542,10543,10542,1,-1
2019-06-17 19:25:49.817,10542,10543,10542,1,-1
2019-06-17 19:26:28.817,10542,10543,10542,1,-1
2019-06-17 19:26:34.970,10542,10543,10542,16,-16
2019-06-17 19:26:46.422,10541,10542,10541,1,-1
2019-06-17 19:26:58.778,10541,10542,10542,1,1
2019-06-17 19:26:59.037,10541,10542,10542,1,1
2019-06-17 19:26:59.816,10541,10542,10541,1,-1
2019-06-17 19:27:01.220,10541,10542,10542,1,1
2019-06-17 19:27:07.057,10541,10542,10541,6,-6
2019-06-17 19:27:08.598,10541,10542,10541,1,-1
2019-06-17 19:27:21.012,10541,10542,10541,2,-2
2019-06-17 19:27:21.013,10541,10542,10541,5,-5
2019-06-17 19:27:21.013,10541,10542,10541,5,-5
2019-06-17 19:27:21.067,10540,10541,10540,1,-1
2019-06-17 19:27:41.326,10540,10541,10541,1,1
2019-06-17 19:28:13.691,10540,10541,10540,1,-1
2019-06-17 19:28:41.515,10540,10541,10540,1,-1
2019-06-17 19:29:00.442,10540,10541,10540,1,-1
2019-06-17 19:29:14.123,10540,10541,10540,1,-1
2019-06-17 19:29:16.944,10540,10541,10540,1,-1
2019-06-17 19:29:17.064,10540,10541,10540,1,-1
2019-06-17 19:29:17.189,10540,10541,10540,1,-1
2019-06-17 19:29:55.064,10540,10541,10541,1,1
2019-06-17 19:29:55.189,10540,10541,10541,1,1
2019-06-17 19:29:55.289,10540,10541,10541,1,1
2019-06-17 19:29:55.290,10540,10541,10541,1,1
2019-06-17 19:30:01.090,10541,10542,10541,2,-2
2019-06-17 19:30:01.091,10541,10542,10541,1,-1
2019-06-17 19:30:01.819,10540,10541,10541,1,1
2019-06-17 19:30:03.754,10540,10541,10540,2,-2
2019-06-17 19:30:56.763,10540,10541,10540,2,-2
2019-06-17 19:31:25.316,10540,10541,10541,2,2
2019-06-17 19:31:41.191,10540,10542,10540,1,-1
2019-06-17 19:32:12.941,10540,10541,10540,1,-1
2019-06-17 19:32:39.039,10540,10541,10541,1,1
2019-06-17 19:33:19.441,10540,10541,10540,1,-1
2019-06-17 19:33:20.433,10540,10541,10541,1,1
2019-06-17 19:33:57.441,10541,10542,10541,1,-1
2019-06-17 19:34:02.670,10541,10542,10541,1,-1
2019-06-17 19:34:52.281,10541,10542,10542,10,10
2019-06-17 19:34:52.314,10541,10542,10542,2,2
2019-06-17 19:34:52.314,10541,10542,10542,1,1
2019-06-17 19:34:52.316,10541,10542,10542,4,4
2019-06-17 19:34:59.037,10542,10543,10542,1,-1
2019-06-17 19:35:24.607,10541,10542,10542,1,1
2019-06-17 19:35:34.335,10541,10542,10542,2,2
2019-06-17 19:35:47.450,10541,10542,10542,2,2
2019-06-17 19:36:10.192,10541,10542,10541,1,-1
2019-06-17 19:36:10.941,10541,10542,10542,1,1
2019-06-17 19:36:28.395,10541,10542,10542,2,2
2019-06-17 19:36:45.862,10541,10542,10542,2,2
2019-06-17 19:36:48.828,10541,10542,10542,1,1
2019-06-17 19:36:51.199,10541,10542,10542,1,1
2019-06-17 19:36:58.426,10541,10542,10542,5,5
2019-06-17 19:37:07.539,10541,10542,10542,1,1
2019-06-17 19:37:12.275,10541,10542,10542,1,1
2019-06-17 19:37:14.044,10541,10542,10542,2,2
2019-06-17 19:37:26.285,10542,10543,10542,1,-1
2019-06-17 19:37:26.317,10542,10543,10542,1,-1
2019-06-17 19:37:26.322,10542,10543,10542,1,-1
2019-06-17 19:37:44.566,10541,10542,10541,1,-1
2019-06-17 19:38:17.861,10541,10542,10542,10,10
2019-06-17 19:38:17.939,10541,10543,10542,1,-1
2019-06-17 19:38:26.081,10541,10542,10542,2,2
2019-06-17 19:38:56.570,10541,10542,10542,2,2
2019-06-17 19:40:00.817,10541,10542,10541,1,-1
2019-06-17 19:40:16.566,10541,10542,10541,1,-1
2019-06-17 19:40:25.212,10541,10542,10541,1,-1
2019-06-17 19:40:28.223,10541,10542,10541,1,-1
2019-06-17 19:40:48.644,10541,10542,10541,2,-2
2019-06-17 19:41:21.083,10541,10542,10541,2,-2
2019-06-17 19:41:35.972,10541,10542,10542,1,1
2019-06-17 19:41:35.972,10541,10542,10542,1,1
2019-06-17 19:42:05.066,10541,10542,10541,1,-1
2019-06-17 19:42:37.066,10541,10542,10541,1,-1
2019-06-17 19:43:05.994,10541,10542,10542,1,1
2019-06-17 19:43:05.994,10541,10542,10542,1,1
2019-06-17 19:43:06.191,10541,10542,10542,1,1
2019-06-17 19:43:06.314,10541,10543,10542,1,-1
2019-06-17 19:43:06.439,10542,10543,10542,1,-1
2019-06-17 19:43:30.470,10541,10542,10542,1,1
2019-06-17 19:44:07.047,10542,10543,10542,1,-1
2019-06-17 19:44:07.648,10541,10543,10542,1,-1
2019-06-17 19:44:18.489,10542,10543,10542,1,-1
2019-06-17 19:44:19.920,10542,10543,10542,1,-1
2019-06-17 19:45:01.761,10541,10542,10542,1,1
2019-06-17 19:45:42.317,10542,10543,10542,1,-1
2019-06-17 19:46:16.316,10542,10543,10542,1,-1
2019-06-17 19:46:16.523,10542,10543,10542,1,-1
2019-06-17 19:47:02.806,10542,10543,10542,3,-3
2019-06-17 19:47:02.806,10542,10543,10542,2,-2
2019-06-17 19:47:18.066,10541,10542,10541,1,-1
2019-06-17 19:47:35.567,10541,10542,10541,1,-1
2019-06-17 19:48:09.814,10541,10542,10542,1,1
2019-06-17 19:48:11.809,10541,10542,10542,1,1
2019-06-17 19:48:34.316,10541,10542,10541,1,-1
2019-06-17 19:48:57.150,10541,10542,10541,1,-1
2019-06-17 19:49:23.729,10541,10542,10541,1,-1
2019-06-17 19:49:25.428,10541,10542,10541,1,-1
2019-06-17 19:49:29.060,10541,10542,10541,1,-1
2019-06-17 19:49:40.402,10541,10542,10541,1,-1
2019-06-17 19:49:40.584,10541,10542,10541,1,-1
2019-06-17 19:49:42.443,10541,10542,10541,1,-1
2019-06-17 19:49:46.049,10541,10542,10541,1,-1
2019-06-17 19:50:12.082,10541,10542,10541,1,-1
2019-06-17 19:50:12.084,10541,10542,10541,3,-3
2019-06-17 19:50:12.089,10541,10542,10541,1,-1
2019-06-17 19:50:15.405,10540,10541,10541,2,2
2019-06-17 19:50:17.854,10540,10541,10541,1,1
2019-06-17 19:50:20.701,10540,10541,10541,1,1
2019-06-17 19:50:31.348,10540,10541,10541,2,2
2019-06-17 19:50:38.703,10540,10541,10541,1,1
2019-06-17 19:50:48.150,10540,10541,10540,1,-1
2019-06-17 19:50:51.459,10540,10541,10540,1,-1
2019-06-17 19:50:53.964,10540,10541,10540,1,-1
2019-06-17 19:50:58.681,10540,10541,10541,1,1
2019-06-17 19:51:00.455,10540,10541,10541,1,1
2019-06-17 19:51:05.208,10540,10541,10541,1,1
2019-06-17 19:51:11.094,10541,10542,10541,1,-1
2019-06-17 19:51:11.582,10541,10542,10541,1,-1
2019-06-17 19:51:12.924,10540,10542,10540,1,-1
2019-06-17 19:51:15.276,10540,10542,10540,1,-1
2019-06-17 19:51:15.693,10540,10541,10540,1,-1
2019-06-17 19:51:19.887,10540,10541,10540,1,-1
2019-06-17 19:51:20.465,10540,10541,10540,1,-1
2019-06-17 19:51:27.412,10540,10541,10540,1,-1
2019-06-17 19:51:33.387,10540,10541,10540,1,-1
2019-06-17 19:51:38.317,10540,10541,10540,1,-1
2019-06-17 19:51:52.158,10540,10541,10540,1,-1
2019-06-17 19:51:56.078,10540,10541,10540,1,-1
2019-06-17 19:51:56.191,10539,10540,10539,1,-1
2019-06-17 19:51:58.670,10539,10540,10540,2,2
2019-06-17 19:52:16.326,10539,10540,10539,1,-1
2019-06-17 19:52:19.862,10539,10540,10539,1,-1
2019-06-17 19:52:30.493,10539,10540,10539,1,-1
2019-06-17 19:52:33.354,10539,10540,10539,1,-1
2019-06-17 19:52:36.981,10539,10540,10540,1,1
2019-06-17 19:52:52.191,10540,10541,10540,1,-1
2019-06-17 19:52:57.285,10540,10541,10540,1,-1
2019-06-17 19:53:01.631,10540,10541,10540,1,-1
2019-06-17 19:53:17.336,10540,10541,10540,1,-1
2019-06-17 19:53:20.356,10540,10541,10540,1,-1
2019-06-17 19:53:35.648,10540,10541,10541,1,1
2019-06-17 19:53:35.689,10540,10541,10541,1,1
2019-06-17 19:53:36.918,10540,10541,10540,1,-1
2019-06-17 19:53:42.262,10540,10541,10540,1,-1
2019-06-17 19:53:45.066,10540,10541,10540,1,-1
2019-06-17 19:53:59.631,10540,10541,10540,1,-1
2019-06-17 19:54:02.158,10540,10541,10540,1,-1
2019-06-17 19:54:20.853,10540,10541,10540,1,-1
2019-06-17 19:54:22.630,10540,10541,10540,1,-1
2019-06-17 19:54:26.116,10540,10541,10541,5,5
2019-06-17 19:54:41.821,10541,10542,10541,1,-1
2019-06-17 19:54:42.252,10541,10542,10542,1,1
2019-06-17 19:54:43.700,10541,10542,10541,1,-1
2019-06-17 19:54:48.376,10541,10542,10541,1,-1
2019-06-17 19:55:00.949,10541,10542,10541,1,-1
2019-06-17 19:55:02.709,10541,10542,10541,1,-1
2019-06-17 19:55:18.059,10541,10542,10542,1,1
2019-06-17 19:55:21.829,10541,10542,10541,1,-1
2019-06-17 19:55:23.607,10541,10542,10541,1,-1
2019-06-17 19:55:30.316,10541,10542,10542,2,2
2019-06-17 19:55:43.204,10542,10543,10542,1,-1
2019-06-17 19:55:44.094,10542,10543,10542,1,-1
2019-06-17 19:55:45.213,10542,10543,10542,1,-1
2019-06-17 19:56:05.191,10542,10543,10543,18,18
2019-06-17 19:56:05.540,10543,10544,10543,1,-1
2019-06-17 19:56:07.757,10543,10544,10543,1,-1
2019-06-17 19:56:39.868,10543,10544,10543,1,-1
2019-06-17 19:56:46.235,10543,10544,10543,1,-1
2019-06-17 19:56:54.163,10543,10544,10543,1,-1
2019-06-17 19:56:54.163,10543,10544,10543,1,-1
2019-06-17 19:56:54.163,10543,10544,10543,1,-1
2019-06-17 19:56:54.163,10543,10544,10543,1,-1
2019-06-17 19:56:57.274,10543,10544,10543,1,-1
2019-06-17 19:56:57.844,10543,10544,10543,1,-1
2019-06-17 19:57:00.625,10543,10544,10544,4,4
2019-06-17 19:57:00.774,10543,10544,10544,2,2
2019-06-17 19:57:01.275,10543,10544,10544,1,1
2019-06-17 19:57:01.287,10543,10544,10544,2,2
2019-06-17 19:57:01.956,10543,10544,10544,1,1
2019-06-17 19:57:01.959,10543,10544,10544,1,1
2019-06-17 19:57:01.968,10543,10544,10544,1,1
2019-06-17 19:57:01.989,10543,10544,10544,1,1
2019-06-17 19:57:08.133,10543,10544,10543,1,-1
2019-06-17 19:57:14.436,10543,10544,10544,4,4
2019-06-17 19:57:14.971,10543,10544,10544,2,2
2019-06-17 19:57:18.009,10543,10544,10543,1,-1
2019-06-17 19:57:18.112,10543,10544,10543,1,-1
2019-06-17 19:57:34.566,10543,10544,10543,1,-1
2019-06-17 19:57:34.983,10543,10544,10543,1,-1
2019-06-17 19:57:38.294,10543,10544,10543,1,-1
2019-06-17 19:58:04.437,10543,10544,10544,2,2
2019-06-17 19:58:24.067,10543,10544,10543,1,-1
2019-06-17 19:58:39.458,10543,10544,10543,3,-3
2019-06-17 19:58:39.458,10543,10544,10542,58,-58
2019-06-17 19:58:39.565,10542,10543,10542,1,-1
2019-06-17 19:58:39.565,10542,10543,10542,1,-1
2019-06-17 19:58:39.567,10542,10543,10542,1,-1
2019-06-17 19:58:39.571,10542,10543,10542,1,-1
2019-06-17 19:58:39.573,10542,10543,10542,1,-1
2019-06-17 19:58:39.576,10542,10543,10542,1,-1
2019-06-17 19:58:39.579,10542,10543,10542,1,-1
2019-06-17 19:58:39.689,10542,10543,10542,1,-1
2019-06-17 19:58:39.887,10541,10542,10541,5,-5
2019-06-17 19:58:40.527,10541,10542,10541,8,-8
2019-06-17 19:58:41.566,10541,10542,10542,1,1
2019-06-17 19:58:41.567,10541,10542,10542,2,2
2019-06-17 19:59:17.316,10542,10543,10542,1,-1
2019-06-17 19:59:17.317,10542,10543,10542,1,-1
2019-06-17 19:59:45.325,10542,10543,10542,1,-1
2019-06-17 19:59:54.510,10542,10543,10542,5,-5
2019-06-17 19:59:56.413,10542,10543,10542,2,-2
2019-06-17 19:59:56.413,10542,10543,10542,2,-2
2019-06-17 19:59:57.997,10541,10542,10541,1,-1
2019-06-17 20:00:00.966,10541,10542,10542,1,1
2019-06-17 20:00:01.174,10541,10542,10541,1,-1
2019-06-17 20:00:01.366,10541,10542,10541,1,-1
2019-06-17 20:00:01.476,10541,10542,10542,1,1
2019-06-17 20:00:01.739,10541,10542,10542,5,5
2019-06-17 20:00:01.892,10541,10542,10541,1,-1
2019-06-17 20:00:01.956,10541,10543,10541,1,-1
2019-06-17 20:00:01.960,10541,10543,10541,1,-1
2019-06-17 20:00:02.067,10541,10542,10542,3,3
2019-06-17 20:00:02.067,10541,10542,10543,1,1
2019-06-17 20:00:11.579,10541,10542,10542,1,1
2019-06-17 20:00:20.988,10541,10542,10542,2,2
2019-06-17 20:00:23.148,10541,10542,10542,4,4
2019-06-17 20:00:37.441,10541,10542,10541,1,-1
2019-06-17 20:00:44.707,10541,10542,10541,1,-1
2019-06-17 20:00:47.023,10541,10542,10541,1,-1
2019-06-17 20:01:28.316,10541,10542,10541,1,-1
2019-06-17 20:01:28.317,10541,10542,10541,1,-1
2019-06-17 20:01:39.518,10541,10542,10541,2,-2
2019-06-17 20:02:45.134,10541,10542,10542,4,4
2019-06-17 20:02:55.355,10542,10543,10542,3,-3
2019-06-17 20:03:35.396,10542,10543,10542,2,-2
2019-06-17 20:03:53.242,10541,10542,10542,1,1
2019-06-17 20:04:13.087,10541,10542,10542,1,1
2019-06-17 20:04:27.896,10541,10543,10541,1,-1
2019-06-17 20:04:44.691,10542,10543,10542,1,1
2019-06-17 20:05:05.567,10541,10542,10541,1,-1
2019-06-17 20:05:21.692,10541,10542,10541,1,-1
2019-06-17 20:05:54.191,10541,10542,10541,1,-1
2019-06-17 20:06:59.804,10541,10542,10542,1,1
2019-06-17 20:06:59.814,10541,10542,10542,1,1
2019-06-17 20:06:59.814,10541,10542,10542,1,1
2019-06-17 20:07:07.790,10541,10542,10542,1,1
2019-06-17 20:07:13.104,10541,10542,10541,1,-1
2019-06-17 20:08:00.215,10541,10542,10541,2,-2
2019-06-17 20:08:09.441,10541,10542,10541,1,-1
2019-06-17 20:08:14.564,10541,10542,10542,1,1
2019-06-17 20:08:14.691,10541,10542,10542,7,7
2019-06-17 20:08:38.662,10542,10543,10543,3,3
2019-06-17 20:09:05.823,10542,10543,10543,2,2
2019-06-17 20:09:15.316,10542,10543,10542,1,-1
2019-06-17 20:09:31.442,10542,10543,10542,1,-1
2019-06-17 20:11:10.816,10542,10543,10542,1,-1
2019-06-17 20:11:44.941,10542,10543,10542,1,-1
2019-06-17 20:12:04.652,10542,10543,10542,22,-22
2019-06-17 20:12:04.895,10541,10542,10542,1,1
2019-06-17 20:12:23.316,10541,10542,10541,1,-1
2019-06-17 20:12:39.429,10541,10542,10542,2,2
2019-06-17 20:12:39.429,10541,10542,10542,1,1
2019-06-17 20:12:56.442,10542,10543,10542,1,-1
2019-06-17 20:13:05.369,10542,10543,10543,2,2
2019-06-17 20:13:11.728,10542,10543,10543,3,3
2019-06-17 20:13:11.814,10542,10543,10543,2,2
2019-06-17 20:13:11.814,10542,10543,10543,4,4
2019-06-17 20:13:18.824,10543,10544,10543,1,-1
2019-06-17 20:13:46.639,10543,10544,10543,2,-2
2019-06-17 20:13:46.689,10543,10544,10543,1,-1
2019-06-17 20:13:58.818,10542,10543,10543,1,1
2019-06-17 20:14:02.816,10542,10543,10542,1,-1
2019-06-17 20:14:18.546,10542,10543,10543,1,1
2019-06-17 20:14:57.977,10542,10543,10542,17,-17
2019-06-17 20:14:58.026,10542,10543,10541,1,-1
2019-06-17 20:14:58.065,10541,10542,10541,1,-1
2019-06-17 20:14:58.065,10541,10542,10541,1,-1
2019-06-17 20:14:58.068,10541,10542,10541,2,-2
2019-06-17 20:15:01.479,10542,10543,10543,1,1
2019-06-17 20:15:01.504,10542,10543,10543,1,1
2019-06-17 20:15:13.735,10541,10542,10541,1,-1
2019-06-17 20:15:27.530,10542,10543,10542,2,2
2019-06-17 20:16:14.776,10541,10542,10541,1,-1
2019-06-17 20:16:32.940,10541,10542,10542,1,1
2019-06-17 20:16:35.678,10541,10542,10542,1,1
2019-06-17 20:16:54.192,10541,10542,10541,1,-1
2019-06-17 20:18:35.316,10541,10542,10541,1,-1
2019-06-17 20:19:00.942,10541,10542,10541,1,-1
2019-06-17 20:19:00.942,10541,10542,10541,1,-1
2019-06-17 20:19:20.390,10541,10542,10542,3,3
2019-06-17 20:19:20.391,10541,10542,10542,1,1
2019-06-17 20:20:41.668,10542,10543,10543,7,7
2019-06-17 20:21:00.167,10542,10543,10543,4,4
2019-06-17 20:22:22.590,10542,10543,10543,1,1
2019-06-17 20:22:46.850,10542,10543,10543,1,1
2019-06-17 20:22:52.692,10542,10543,10542,1,-1
2019-06-17 20:23:26.567,10542,10543,10542,1,-1
2019-06-17 20:23:26.567,10542,10543,10542,1,-1
2019-06-17 20:23:33.228,10542,10543,10543,5,5
2019-06-17 20:23:33.279,10542,10543,10543,2,2
2019-06-17 20:23:38.344,10543,10544,10544,2,2
2019-06-17 20:24:18.627,10543,10544,10543,1,-1
2019-06-17 20:25:28.760,10543,10544,10544,1,1
2019-06-17 20:25:34.221,10543,10544,10543,1,-1
2019-06-17 20:25:59.453,10543,10544,10544,1,1
2019-06-17 20:26:01.224,10543,10544,10544,1,1
2019-06-17 20:26:01.940,10543,10544,10544,5,5
2019-06-17 20:26:22.113,10543,10544,10544,2,2
2019-06-17 20:26:50.441,10543,10544,10543,1,-1
2019-06-17 20:27:05.566,10543,10544,10543,1,-1
2019-06-17 20:27:20.816,10543,10544,10543,1,-1
2019-06-17 20:28:20.630,10543,10544,10544,1,1
2019-06-17 20:28:53.511,10543,10544,10544,1,1
2019-06-17 20:29:47.567,10543,10544,10543,1,-1
2019-06-17 20:29:47.568,10543,10544,10543,1,-1
2019-06-17 20:30:00.077,10543,10544,10543,2,-2
2019-06-17 20:30:00.098,10543,10544,10543,1,-1
2019-06-17 20:30:00.552,10542,10543,10542,1,-1
2019-06-17 20:30:11.099,10542,10543,10543,1,1
2019-06-17 20:30:11.099,10542,10543,10543,2,2
2019-06-17 20:30:30.993,10542,10543,10543,1,1
2019-06-17 20:30:35.341,10542,10543,10543,1,1
2019-06-17 20:30:39.515,10543,10544,10543,1,-1
2019-06-17 20:30:51.228,10542,10544,10542,1,-1
2019-06-17 20:31:06.976,10542,10543,10543,1,1
2019-06-17 20:31:16.098,10543,10544,10544,5,5
2019-06-17 20:31:16.529,10544,10545,10545,2,2
2019-06-17 20:31:16.541,10544,10545,10545,2,2
2019-06-17 20:31:16.543,10544,10545,10545,6,6
2019-06-17 20:31:16.553,10544,10545,10545,8,8
2019-06-17 20:31:16.555,10544,10545,10545,4,4
2019-06-17 20:31:16.556,10544,10545,10545,8,8
2019-06-17 20:31:16.559,10544,10545,10545,9,9
2019-06-17 20:31:16.560,10544,10545,10545,2,2
2019-06-17 20:31:16.560,10544,10545,10546,1,1
2019-06-17 20:31:16.569,10544,10546,10545,2,-2
2019-06-17 20:31:16.569,10544,10546,10546,10,10
2019-06-17 20:31:16.588,10544,10546,10545,1,-1
2019-06-17 20:31:16.588,10544,10546,10546,1,1
2019-06-17 20:31:16.666,10544,10546,10545,1,-1
2019-06-17 20:31:16.685,10544,10546,10546,4,4
2019-06-17 20:31:16.686,10544,10546,10545,1,-1
2019-06-17 20:31:16.692,10545,10546,10546,3,3
2019-06-17 20:31:16.699,10545,10546,10546,3,3
2019-06-17 20:31:16.700,10545,10546,10546,4,4
2019-06-17 20:31:16.724,10545,10546,10546,1,1
2019-06-17 20:31:16.802,10545,10546,10546,3,3
2019-06-17 20:31:16.804,10545,10546,10546,2,2
2019-06-17 20:31:16.810,10545,10546,10546,3,3
2019-06-17 20:31:16.815,10545,10546,10546,5,5
2019-06-17 20:31:16.831,10545,10546,10546,2,2
2019-06-17 20:31:16.832,10545,10546,10546,1,1
2019-06-17 20:31:16.939,10545,10546,10546,2,2
2019-06-17 20:31:16.953,10545,10546,10545,1,-1
2019-06-17 20:31:38.817,10544,10546,10544,1,-1
2019-06-17 20:31:39.870,10544,10545,10545,1,1
2019-06-17 20:31:40.470,10544,10545,10545,1,1
2019-06-17 20:31:59.017,10545,10546,10545,2,-2
2019-06-17 20:32:20.265,10544,10545,10544,10,-10
2019-06-17 20:32:21.347,10544,10545,10544,1,-1
2019-06-17 20:32:40.191,10543,10544,10543,1,-1
2019-06-17 20:32:42.144,10543,10544,10543,1,-1
2019-06-17 20:33:06.548,10543,10544,10544,1,1
2019-06-17 20:33:06.548,10543,10544,10544,2,2
2019-06-17 20:33:06.548,10543,10544,10544,1,1
2019-06-17 20:33:18.717,10544,10545,10544,1,-1
2019-06-17 20:34:16.982,10544,10545,10544,1,-1
2019-06-17 20:34:17.064,10544,10545,10544,2,-2
2019-06-17 20:34:17.692,10543,10544,10543,1,-1
2019-06-17 20:34:21.482,10543,10544,10544,1,1
2019-06-17 20:35:35.198,10544,10545,10544,1,-1
2019-06-17 20:35:46.191,10544,10545,10544,1,-1
2019-06-17 20:36:15.784,10544,10545,10544,1,-1
2019-06-17 20:36:16.566,10544,10545,10544,1,-1
2019-06-17 20:36:17.829,10544,10545,10544,2,-2
2019-06-17 20:36:39.770,10543,10544,10544,2,2
2019-06-17 20:36:42.843,10543,10544,10543,1,-1
2019-06-17 20:37:36.770,10543,10544,10544,1,1
2019-06-17 20:37:47.814,10543,10544,10544,1,1
2019-06-17 20:37:53.603,10543,10544,10543,3,-3
2019-06-17 20:37:58.423,10543,10544,10544,1,1
2019-06-17 20:38:19.746,10543,10544,10544,1,1
2019-06-17 20:38:43.067,10543,10544,10543,1,-1
2019-06-17 20:38:43.077,10543,10544,10543,1,-1
2019-06-17 20:38:43.077,10543,10544,10543,1,-1
2019-06-17 20:39:09.439,10543,10544,10543,14,-14
2019-06-17 20:40:20.067,10542,10543,10542,1,-1
2019-06-17 20:40:20.067,10542,10543,10542,1,-1
2019-06-17 20:40:27.502,10542,10543,10542,5,-5
2019-06-17 20:40:36.067,10542,10543,10542,1,-1
2019-06-17 20:41:05.695,10542,10543,10542,1,-1
2019-06-17 20:41:08.399,10542,10543,10542,6,-6
2019-06-17 20:41:09.257,10542,10543,10542,2,-2
2019-06-17 20:41:09.267,10542,10543,10542,1,-1
2019-06-17 20:41:12.382,10542,10543,10542,1,-1
2019-06-17 20:41:12.859,10542,10543,10542,1,-1
2019-06-17 20:41:44.323,10542,10543,10543,1,1
2019-06-17 20:42:09.582,10542,10543,10543,1,1
2019-06-17 20:43:01.881,10542,10543,10543,4,4
2019-06-17 20:43:01.942,10543,10544,10543,1,-1
2019-06-17 20:43:58.684,10542,10543,10543,4,4
2019-06-17 20:43:58.684,10542,10543,10543,1,1
2019-06-17 20:43:58.925,10543,10544,10543,1,-1
2019-06-17 20:43:59.806,10543,10544,10543,1,-1
2019-06-17 20:44:07.850,10543,10544,10543,3,-3
2019-06-17 20:44:16.855,10543,10544,10544,2,2
2019-06-17 20:44:44.941,10543,10544,10543,1,-1
2019-06-17 20:45:01.471,10543,10544,10543,1,-1
2019-06-17 20:45:01.540,10543,10544,10543,1,-1
2019-06-17 20:45:01.628,10543,10544,10543,2,-2
2019-06-17 20:45:39.030,10543,10544,10544,1,1
2019-06-17 20:45:39.147,10543,10544,10544,1,1
2019-06-17 20:45:42.172,10543,10544,10544,1,1
2019-06-17 20:45:46.066,10543,10544,10544,2,2
2019-06-17 20:46:02.477,10543,10544,10544,3,3
2019-06-17 20:46:02.477,10543,10544,10544,1,1
2019-06-17 20:46:02.477,10543,10544,10544,1,1
2019-06-17 20:46:20.974,10543,10544,10544,1,1
2019-06-17 20:46:28.250,10544,10545,10544,1,-1
2019-06-17 20:47:41.566,10544,10545,10544,1,-1
2019-06-17 20:47:42.100,10544,10545,10544,1,-1
2019-06-17 20:47:46.940,10544,10545,10544,2,-2
2019-06-17 20:47:57.941,10544,10545,10544,1,-1
2019-06-17 20:48:04.047,10544,10545,10544,1,-1
2019-06-17 20:48:04.596,10544,10545,10544,1,-1
2019-06-17 20:48:26.808,10544,10545,10544,1,-1
2019-06-17 20:48:26.814,10544,10545,10544,1,-1
2019-06-17 20:49:03.067,10543,10544,10543,1,-1
2019-06-17 20:49:03.932,10543,10544,10543,1,-1
2019-06-17 20:49:04.148,10542,10543,10543,1,1
2019-06-17 20:49:46.115,10543,10544,10544,1,1
2019-06-17 20:49:55.941,10543,10544,10543,1,-1
2019-06-17 20:50:26.939,10543,10544,10543,1,-1
2019-06-17 20:50:27.066,10542,10543,10542,1,-1
2019-06-17 20:51:04.005,10542,10543,10542,1,-1
2019-06-17 20:51:04.515,10542,10543,10542,1,-1
2019-06-17 20:51:13.236,10542,10543,10543,1,1
2019-06-17 20:51:20.691,10542,10543,10542,1,-1
2019-06-17 20:51:40.577,10542,10543,10543,2,2
2019-06-17 20:51:40.891,10542,10543,10543,1,1
2019-06-17 20:51:57.067,10542,10544,10542,1,-1
2019-06-17 20:51:59.314,10542,10543,10543,1,1
2019-06-17 20:52:46.544,10542,10543,10542,2,-2
2019-06-17 20:53:06.920,10542,10543,10543,2,2
2019-06-17 20:53:14.795,10542,10543,10542,1,-1
2019-06-17 20:53:55.441,10542,10543,10542,1,-1
2019-06-17 20:54:48.380,10542,10543,10542,1,-1
2019-06-17 20:54:57.868,10542,10543,10542,2,-2
2019-06-17 20:55:04.912,10541,10542,10541,1,-1
