2024-05-06 15:00:00.031,20623,20624,20624,96,96
2024-05-06 15:00:00.033,20623,20624,20623,2,-2
2024-05-06 15:00:00.038,20623,20624,20622,1,-1
2024-05-06 15:00:00.043,20623,20624,20624,1,1
2024-05-06 15:00:00.044,20623,20624,20624,5,5
2024-05-06 15:00:00.116,20619,20624,20624,15,15
2024-05-06 15:00:00.131,20619,20624,20620,1,-1
2024-05-06 15:00:00.131,20619,20624,20619,1,-1
2024-05-06 15:00:00.141,20619,20624,20624,1,1
2024-05-06 15:00:00.143,20619,20624,20619,3,-3
2024-05-06 15:00:00.143,20619,20624,20618,4,-4
2024-05-06 15:00:00.143,20619,20624,20617,3,-3
2024-05-06 15:00:00.149,20619,20624,20622,4,4
2024-05-06 15:00:00.154,20619,20624,20623,1,1
2024-05-06 15:00:00.166,20619,20624,20623,1,1
2024-05-06 15:00:00.278,20621,20624,20620,2,-2
2024-05-06 15:00:00.416,20618,20620,20620,1,1
2024-05-06 15:00:00.532,20619,20621,20619,1,-1
2024-05-06 15:00:00.578,20619,20621,20618,1,-1
2024-05-06 15:00:00.632,20618,20621,20621,3,3
2024-05-06 15:00:00.667,20618,20621,20618,1,-1
2024-05-06 15:00:00.718,20618,20621,20618,1,-1
2024-05-06 15:00:00.752,20618,20620,20620,1,1
2024-05-06 15:00:00.801,20618,20620,20618,2,-2
2024-05-06 15:00:00.821,20618,20620,20617,1,-1
2024-05-06 15:00:00.952,20617,20620,20620,3,3
2024-05-06 15:00:01.024,20618,20621,20620,1,1
2024-05-06 15:00:01.025,20618,20621,20620,1,1
2024-05-06 15:00:01.100,20619,20621,20621,1,1
2024-05-06 15:00:01.143,20619,20621,20619,1,-1
2024-05-06 15:00:01.144,20619,20621,20619,1,-1
2024-05-06 15:00:01.828,20618,20620,20618,1,-1
2024-05-06 15:00:02.060,20618,20620,20618,1,-1
2024-05-06 15:00:02.130,20618,20620,20618,1,-1
2024-05-06 15:00:02.130,20618,20620,20618,1,-1
2024-05-06 15:00:02.205,20618,20620,20620,5,5
2024-05-06 15:00:02.205,20618,20620,20621,7,7
2024-05-06 15:00:02.205,20618,20620,20622,3,3
2024-05-06 15:00:02.205,20618,20620,20622,7,7
2024-05-06 15:00:03.322,20619,20621,20619,4,-4
2024-05-06 15:00:03.322,20619,20621,20618,2,-2
2024-05-06 15:00:03.336,20619,20621,20618,1,-1
2024-05-06 15:00:03.413,20618,20620,20618,1,-1
2024-05-06 15:00:03.665,20618,20620,20618,2,-2
2024-05-06 15:00:05.531,20618,20620,20620,5,5
2024-05-06 15:00:06.094,20619,20621,20621,1,1
2024-05-06 15:00:08.401,20619,20621,20621,1,1
2024-05-06 15:00:08.476,20619,20622,20622,1,1
2024-05-06 15:00:09.646,20620,20621,20621,3,3
2024-05-06 15:00:10.987,20620,20622,20620,1,-1
2024-05-06 15:00:11.129,20620,20622,20621,2,-2
2024-05-06 15:00:11.299,20620,20622,20621,1,-1
2024-05-06 15:00:11.299,20620,20622,20622,1,1
2024-05-06 15:00:11.554,20620,20621,20620,2,-2
2024-05-06 15:00:11.901,20620,20621,20620,1,-1
2024-05-06 15:00:11.901,20620,20621,20620,1,-1
2024-05-06 15:00:12.622,20618,20620,20620,1,1
2024-05-06 15:00:13.541,20618,20620,20618,1,-1
2024-05-06 15:00:13.622,20618,20620,20620,2,2
2024-05-06 15:00:14.565,20618,20619,20618,1,-1
2024-05-06 15:00:14.566,20618,20619,20618,4,-4
2024-05-06 15:00:19.104,20616,20618,20618,1,1
2024-05-06 15:00:20.122,20617,20618,20617,1,-1
2024-05-06 15:00:20.128,20617,20618,20618,2,2
2024-05-06 15:00:20.485,20617,20618,20618,1,1
2024-05-06 15:00:21.046,20617,20618,20617,1,-1
2024-05-06 15:00:21.477,20617,20619,20619,3,3
2024-05-06 15:00:21.516,20617,20619,20618,2,2
2024-05-06 15:00:25.777,20618,20620,20618,1,-1
2024-05-06 15:00:26.134,20618,20620,20620,1,1
2024-05-06 15:00:26.323,20618,20620,20618,1,-1
2024-05-06 15:00:28.084,20618,20619,20619,1,1
2024-05-06 15:00:28.084,20618,20619,20619,1,1
2024-05-06 15:00:28.282,20619,20620,20620,1,1
2024-05-06 15:00:28.372,20619,20620,20620,1,1
2024-05-06 15:00:29.793,20619,20621,20621,7,7
2024-05-06 15:00:29.793,20619,20621,20622,5,5
2024-05-06 15:00:30.037,20621,20623,20621,1,-1
2024-05-06 15:00:30.248,20621,20622,20621,3,-3
2024-05-06 15:00:30.249,20621,20622,20621,1,-1
2024-05-06 15:00:30.381,20621,20622,20621,8,-8
2024-05-06 15:00:30.384,20621,20622,20621,1,-1
2024-05-06 15:00:31.464,20619,20620,20623,5,5
2024-05-06 15:00:31.464,20619,20620,20620,1,1
2024-05-06 15:00:31.464,20619,20620,20621,4,4
2024-05-06 15:00:31.464,20619,20620,20622,10,10
2024-05-06 15:00:31.640,20620,20622,20623,3,3
2024-05-06 15:00:31.640,20620,20622,20624,5,5
2024-05-06 15:00:31.640,20620,20622,20622,5,5
2024-05-06 15:00:31.823,20622,20624,20624,6,6
2024-05-06 15:00:31.823,20622,20624,20625,5,5
2024-05-06 15:00:31.823,20622,20624,20626,2,2
2024-05-06 15:00:32.024,20621,20624,20624,5,5
2024-05-06 15:00:32.024,20621,20624,20625,1,1
2024-05-06 15:00:32.024,20621,20624,20626,7,7
2024-05-06 15:00:34.595,20622,20623,20623,1,1
2024-05-06 15:00:34.800,20622,20623,20622,1,-1
2024-05-06 15:00:35.276,20622,20623,20623,1,1
2024-05-06 15:00:35.518,20622,20623,20623,4,4
2024-05-06 15:00:35.769,20623,20624,20623,3,-3
2024-05-06 15:00:35.826,20623,20624,20624,1,1
2024-05-06 15:00:35.955,20622,20624,20624,1,1
2024-05-06 15:00:36.205,20622,20624,20623,1,1
2024-05-06 15:00:36.208,20622,20624,20624,1,1
2024-05-06 15:00:36.982,20622,20623,20622,2,-2
2024-05-06 15:00:37.461,20622,20623,20622,2,-2
2024-05-06 15:00:37.465,20622,20623,20623,4,4
2024-05-06 15:00:40.192,20622,20624,20623,3,3
2024-05-06 15:00:40.869,20623,20624,20624,1,1
2024-05-06 15:00:41.405,20623,20624,20624,5,5
2024-05-06 15:00:41.406,20623,20624,20624,1,1
2024-05-06 15:00:41.890,20624,20625,20625,4,4
2024-05-06 15:00:41.890,20624,20625,20626,6,6
2024-05-06 15:00:43.004,20624,20625,20624,6,-6
2024-05-06 15:00:43.221,20623,20625,20625,2,2
2024-05-06 15:00:44.127,20623,20625,20625,1,1
2024-05-06 15:00:44.722,20623,20624,20624,1,1
2024-05-06 15:00:44.722,20623,20624,20625,1,1
2024-05-06 15:00:44.974,20623,20626,20623,1,-1
2024-05-06 15:00:45.119,20623,20626,20623,1,-1
2024-05-06 15:00:45.414,20623,20626,20625,2,2
2024-05-06 15:00:46.625,20623,20625,20625,1,1
2024-05-06 15:00:46.988,20624,20625,20625,1,1
2024-05-06 15:00:49.503,20624,20625,20624,1,-1
2024-05-06 15:00:50.710,20623,20625,20625,1,1
2024-05-06 15:00:52.320,20623,20625,20624,1,1
2024-05-06 15:00:55.853,20623,20625,20623,3,-3
2024-05-06 15:00:56.039,20622,20624,20622,1,-1
2024-05-06 15:00:57.032,20622,20624,20622,2,-2
2024-05-06 15:00:57.032,20622,20624,20622,1,-1
2024-05-06 15:00:58.949,20621,20623,20621,1,-1
2024-05-06 15:00:58.949,20621,20623,20621,1,-1
2024-05-06 15:00:58.953,20621,20623,20620,1,-1
2024-05-06 15:01:00.195,20620,20623,20622,4,4
2024-05-06 15:01:00.245,20620,20622,20620,1,-1
2024-05-06 15:01:00.245,20620,20622,20620,1,-1
2024-05-06 15:01:00.245,20620,20622,20620,1,-1
2024-05-06 15:01:00.245,20620,20622,20620,1,-1
2024-05-06 15:01:00.245,20620,20622,20620,1,-1
2024-05-06 15:01:00.245,20620,20622,20620,1,-1
2024-05-06 15:01:00.245,20620,20622,20620,1,-1
2024-05-06 15:01:00.438,20620,20622,20622,1,1
2024-05-06 15:01:00.439,20620,20622,20622,4,4
2024-05-06 15:01:00.692,20620,20623,20620,1,-1
2024-05-06 15:01:01.378,20622,20623,20622,3,-3
2024-05-06 15:01:02.537,20621,20622,20622,1,1
2024-05-06 15:01:05.820,20621,20623,20623,2,2
2024-05-06 15:01:05.820,20621,20623,20623,2,2
2024-05-06 15:01:06.874,20622,20624,20622,2,-2
2024-05-06 15:01:07.130,20622,20624,20622,1,-1
2024-05-06 15:01:07.226,20621,20624,20621,1,-1
2024-05-06 15:01:07.226,20621,20624,20621,1,-1
2024-05-06 15:01:07.226,20621,20624,20621,1,-1
2024-05-06 15:01:12.703,20622,20623,20623,1,1
2024-05-06 15:01:13.656,20622,20623,20623,2,2
2024-05-06 15:01:13.657,20622,20623,20623,1,1
2024-05-06 15:01:14.096,20622,20624,20622,2,-2
2024-05-06 15:01:15.539,20622,20624,20624,4,4
2024-05-06 15:01:16.848,20622,20623,20622,3,-3
2024-05-06 15:01:19.038,20621,20623,20621,2,-2
2024-05-06 15:01:20.719,20622,20623,20623,1,1
2024-05-06 15:01:20.725,20622,20623,20622,1,-1
2024-05-06 15:01:20.726,20622,20623,20622,1,-1
2024-05-06 15:01:23.207,20622,20623,20622,3,-3
2024-05-06 15:01:23.207,20622,20623,20622,1,-1
2024-05-06 15:01:25.047,20621,20622,20621,1,-1
2024-05-06 15:01:25.047,20621,20622,20621,1,-1
2024-05-06 15:01:25.070,20621,20622,20620,1,-1
2024-05-06 15:01:25.071,20621,20622,20620,1,-1
2024-05-06 15:01:25.116,20619,20621,20621,5,5
2024-05-06 15:01:29.741,20619,20621,20619,2,-2
2024-05-06 15:01:29.743,20619,20621,20618,3,-3
2024-05-06 15:01:30.198,20618,20619,20618,1,-1
2024-05-06 15:01:30.198,20618,20619,20618,3,-3
2024-05-06 15:01:30.198,20618,20619,20618,3,-3
2024-05-06 15:01:30.198,20618,20619,20618,1,-1
2024-05-06 15:01:30.199,20618,20619,20618,1,-1
2024-05-06 15:01:30.446,20617,20619,20619,1,1
2024-05-06 15:01:31.631,20617,20619,20617,2,-2
2024-05-06 15:01:32.040,20617,20618,20618,1,1
2024-05-06 15:01:37.667,20617,20618,20617,1,-1
2024-05-06 15:01:39.630,20617,20618,20617,1,-1
2024-05-06 15:01:39.725,20617,20618,20617,1,-1
2024-05-06 15:01:41.299,20617,20618,20617,2,-2
2024-05-06 15:01:41.300,20617,20618,20617,2,-2
2024-05-06 15:01:41.384,20616,20617,20617,4,4
2024-05-06 15:01:44.419,20616,20617,20616,1,-1
2024-05-06 15:01:44.669,20616,20617,20617,1,1
2024-05-06 15:01:45.572,20616,20618,20618,1,1
2024-05-06 15:01:45.572,20616,20618,20619,4,4
2024-05-06 15:01:45.828,20617,20619,20617,1,-1
2024-05-06 15:01:45.835,20617,20619,20617,1,-1
2024-05-06 15:01:47.106,20617,20619,20617,1,-1
2024-05-06 15:01:54.297,20617,20618,20617,1,-1
2024-05-06 15:01:57.880,20617,20618,20617,1,-1
2024-05-06 15:01:59.837,20617,20618,20618,2,2
2024-05-06 15:02:00.808,20617,20618,20617,2,-2
2024-05-06 15:02:00.930,20617,20618,20618,1,1
2024-05-06 15:02:01.357,20617,20618,20617,1,-1
2024-05-06 15:02:01.483,20616,20618,20618,11,11
2024-05-06 15:02:06.470,20616,20618,20616,4,-4
2024-05-06 15:02:06.727,20615,20617,20617,2,2
2024-05-06 15:02:06.728,20615,20617,20617,3,3
2024-05-06 15:02:08.460,20615,20617,20615,4,-4
2024-05-06 15:02:08.460,20615,20617,20615,1,-1
2024-05-06 15:02:08.460,20615,20617,20615,2,-2
2024-05-06 15:02:08.460,20615,20617,20615,1,-1
2024-05-06 15:02:08.688,20615,20616,20615,2,-2
2024-05-06 15:02:10.577,20616,20617,20616,2,-2
2024-05-06 15:02:13.779,20616,20617,20617,2,2
2024-05-06 15:02:14.657,20615,20617,20617,2,2
2024-05-06 15:02:20.184,20617,20618,20617,1,-1
2024-05-06 15:02:20.656,20616,20618,20616,1,-1
2024-05-06 15:02:22.676,20616,20617,20616,1,-1
2024-05-06 15:02:28.830,20616,20617,20617,1,1
2024-05-06 15:02:28.834,20616,20617,20618,7,7
2024-05-06 15:02:28.835,20616,20617,20618,2,2
2024-05-06 15:02:28.835,20616,20617,20618,2,2
2024-05-06 15:02:28.835,20616,20617,20618,12,12
2024-05-06 15:02:28.835,20616,20617,20619,6,6
2024-05-06 15:02:29.041,20618,20620,20618,1,-1
2024-05-06 15:02:29.633,20619,20620,20619,4,-4
2024-05-06 15:02:29.633,20619,20620,20618,11,-11
2024-05-06 15:02:29.634,20619,20620,20618,5,-5
2024-05-06 15:02:30.004,20617,20619,20617,1,-1
2024-05-06 15:02:30.590,20617,20619,20617,4,-4
2024-05-06 15:02:30.590,20617,20619,20617,2,-2
2024-05-06 15:02:32.487,20616,20617,20616,5,-5
2024-05-06 15:02:32.488,20616,20617,20616,1,-1
2024-05-06 15:02:32.776,20616,20617,20616,2,-2
2024-05-06 15:02:34.398,20616,20617,20616,4,-4
2024-05-06 15:02:35.358,20615,20616,20615,8,-8
2024-05-06 15:02:39.539,20615,20616,20615,2,-2
2024-05-06 15:02:41.039,20614,20615,20614,1,-1
2024-05-06 15:02:41.429,20614,20615,20615,6,6
2024-05-06 15:02:42.210,20615,20616,20616,3,3
2024-05-06 15:02:45.499,20615,20617,20615,1,-1
2024-05-06 15:02:45.901,20615,20617,20617,3,3
2024-05-06 15:02:45.901,20615,20617,20617,4,4
2024-05-06 15:02:46.377,20617,20619,20617,1,-1
2024-05-06 15:02:47.442,20617,20619,20619,3,3
2024-05-06 15:02:47.443,20617,20619,20619,4,4
2024-05-06 15:02:49.250,20618,20619,20618,1,-1
2024-05-06 15:02:55.473,20616,20617,20616,4,-4
2024-05-06 15:02:55.473,20616,20617,20615,8,-8
2024-05-06 15:02:55.474,20616,20617,20615,5,-5
2024-05-06 15:03:02.270,20615,20617,20615,9,-9
2024-05-06 15:03:02.271,20615,20617,20615,1,-1
2024-05-06 15:03:02.804,20614,20616,20614,1,-1
2024-05-06 15:03:03.703,20614,20616,20614,1,-1
2024-05-06 15:03:05.396,20614,20616,20614,9,-9
2024-05-06 15:03:05.397,20614,20616,20614,1,-1
2024-05-06 15:03:07.217,20614,20615,20613,1,-1
2024-05-06 15:03:07.217,20614,20615,20614,4,-4
2024-05-06 15:03:07.243,20613,20615,20613,1,-1
2024-05-06 15:03:08.408,20614,20615,20614,5,-5
2024-05-06 15:03:08.408,20614,20615,20613,5,-5
2024-05-06 15:03:11.606,20613,20615,20613,1,-1
2024-05-06 15:03:11.642,20613,20615,20613,1,-1
2024-05-06 15:03:14.281,20613,20615,20613,5,-5
2024-05-06 15:03:16.957,20613,20615,20613,5,-5
2024-05-06 15:03:18.344,20613,20615,20613,4,-4
2024-05-06 15:03:18.345,20613,20615,20613,1,-1
2024-05-06 15:03:20.165,20613,20615,20613,2,-2
2024-05-06 15:03:20.166,20613,20615,20613,3,-3
2024-05-06 15:03:24.419,20612,20613,20613,8,8
2024-05-06 15:03:24.420,20612,20613,20613,5,5
2024-05-06 15:03:25.521,20612,20614,20612,10,-10
2024-05-06 15:03:28.173,20612,20613,20612,2,-2
2024-05-06 15:03:29.057,20611,20612,20611,4,-4
2024-05-06 15:03:29.057,20611,20612,20611,1,-1
2024-05-06 15:03:29.204,20610,20612,20610,1,-1
2024-05-06 15:03:31.347,20610,20612,20610,1,-1
2024-05-06 15:03:34.252,20610,20612,20610,1,-1
2024-05-06 15:03:34.990,20611,20612,20611,1,-1
2024-05-06 15:03:35.684,20611,20612,20611,1,-1
2024-05-06 15:03:35.684,20611,20612,20610,1,-1
2024-05-06 15:03:38.437,20610,20611,20611,2,2
2024-05-06 15:03:38.459,20610,20611,20612,11,11
2024-05-06 15:03:39.393,20612,20614,20614,2,2
2024-05-06 15:03:41.950,20613,20615,20613,3,-3
2024-05-06 15:03:43.014,20613,20615,20613,3,-3
2024-05-06 15:03:44.796,20613,20615,20613,3,-3
2024-05-06 15:03:45.790,20613,20615,20613,6,-6
2024-05-06 15:03:45.790,20613,20615,20612,12,-12
2024-05-06 15:03:45.790,20613,20615,20611,2,-2
2024-05-06 15:03:49.112,20612,20613,20613,6,6
2024-05-06 15:03:49.796,20612,20614,20613,1,1
2024-05-06 15:03:49.924,20612,20614,20612,1,-1
2024-05-06 15:03:51.877,20612,20614,20612,4,-4
2024-05-06 15:03:51.878,20612,20614,20612,1,-1
2024-05-06 15:03:53.231,20612,20614,20612,1,-1
2024-05-06 15:03:53.231,20612,20614,20612,4,-4
2024-05-06 15:03:55.002,20611,20613,20612,1,-1
2024-05-06 15:03:57.402,20611,20612,20612,1,1
2024-05-06 15:03:58.315,20611,20613,20614,5,5
2024-05-06 15:03:58.315,20611,20613,20613,3,3
2024-05-06 15:03:58.541,20612,20614,20612,6,-6
2024-05-06 15:03:59.699,20612,20614,20612,4,-4
2024-05-06 15:03:59.700,20612,20614,20612,2,-2
2024-05-06 15:04:01.700,20612,20614,20612,2,-2
2024-05-06 15:04:01.700,20612,20614,20612,4,-4
2024-05-06 15:04:01.727,20611,20614,20614,1,1
2024-05-06 15:04:01.727,20611,20614,20614,1,1
2024-05-06 15:04:01.727,20611,20614,20614,1,1
2024-05-06 15:04:01.728,20611,20614,20614,1,1
2024-05-06 15:04:01.728,20611,20614,20614,1,1
2024-05-06 15:04:05.880,20612,20613,20613,6,6
2024-05-06 15:04:05.880,20612,20613,20614,1,1
2024-05-06 15:04:05.880,20612,20613,20615,3,3
2024-05-06 15:04:05.974,20613,20615,20615,1,1
2024-05-06 15:04:05.975,20613,20615,20615,1,1
2024-05-06 15:04:07.167,20612,20615,20615,3,3
2024-05-06 15:04:09.225,20614,20615,20614,2,-2
2024-05-06 15:04:09.226,20614,20615,20614,4,-4
2024-05-06 15:04:09.351,20614,20615,20615,1,1
2024-05-06 15:04:11.982,20614,20615,20615,1,1
2024-05-06 15:04:12.094,20614,20615,20614,1,-1
2024-05-06 15:04:12.538,20613,20615,20615,1,1
2024-05-06 15:04:12.778,20613,20615,20613,5,-5
2024-05-06 15:04:15.292,20612,20613,20612,1,-1
2024-05-06 15:04:18.045,20612,20613,20612,1,-1
2024-05-06 15:04:24.100,20612,20613,20612,1,-1
2024-05-06 15:04:24.100,20612,20613,20611,4,-4
2024-05-06 15:04:24.225,20611,20613,20613,1,1
2024-05-06 15:04:29.007,20611,20613,20614,9,9
2024-05-06 15:04:29.007,20611,20613,20613,6,6
2024-05-06 15:04:35.053,20612,20614,20612,1,-1
2024-05-06 15:04:35.322,20612,20614,20614,3,3
2024-05-06 15:04:35.322,20612,20614,20615,9,9
2024-05-06 15:04:35.537,20613,20615,20613,1,-1
2024-05-06 15:04:37.460,20613,20615,20613,1,-1
2024-05-06 15:04:37.475,20613,20615,20615,1,1
2024-05-06 15:04:37.476,20613,20615,20615,1,1
2024-05-06 15:04:38.849,20613,20614,20614,1,1
2024-05-06 15:04:43.274,20612,20614,20614,1,1
2024-05-06 15:04:45.841,20612,20614,20614,1,1
2024-05-06 15:04:57.508,20612,20613,20613,2,2
2024-05-06 15:04:58.301,20612,20613,20614,5,5
2024-05-06 15:04:58.301,20612,20613,20613,5,5
2024-05-06 15:05:01.658,20612,20614,20614,10,10
2024-05-06 15:05:09.466,20614,20616,20614,1,-1
2024-05-06 15:05:09.475,20614,20616,20616,1,1
2024-05-06 15:05:10.536,20614,20616,20615,3,3
2024-05-06 15:05:13.651,20614,20615,20614,1,-1
2024-05-06 15:05:14.141,20613,20615,20615,1,1
2024-05-06 15:05:19.976,20614,20615,20614,1,-1
2024-05-06 15:05:30.862,20613,20614,20614,1,1
2024-05-06 15:05:30.862,20613,20614,20614,1,1
2024-05-06 15:05:32.936,20613,20614,20614,1,1
2024-05-06 15:05:33.455,20613,20615,20615,2,2
2024-05-06 15:05:43.442,20613,20615,20615,9,9
2024-05-06 15:05:43.445,20613,20615,20616,2,2
2024-05-06 15:05:46.483,20616,20617,20617,1,1
2024-05-06 15:05:48.445,20617,20618,20617,3,-3
2024-05-06 15:06:01.169,20617,20618,20617,1,-1
2024-05-06 15:06:01.169,20617,20618,20617,1,-1
2024-05-06 15:06:01.829,20616,20618,20617,1,-1
2024-05-06 15:06:03.792,20617,20618,20617,1,-1
2024-05-06 15:06:07.528,20616,20618,20618,1,1
2024-05-06 15:06:21.311,20617,20618,20618,1,1
2024-05-06 15:06:22.124,20617,20619,20619,1,1
2024-05-06 15:06:22.124,20617,20619,20619,1,1
2024-05-06 15:06:22.124,20617,20619,20619,2,2
2024-05-06 15:06:25.027,20618,20620,20620,2,2
2024-05-06 15:06:25.234,20618,20620,20620,1,1
2024-05-06 15:06:25.428,20618,20620,20618,2,-2
2024-05-06 15:06:25.430,20618,20620,20618,2,-2
2024-05-06 15:06:28.382,20618,20619,20618,2,-2
2024-05-06 15:06:30.543,20618,20619,20618,2,-2
2024-05-06 15:06:31.482,20617,20618,20617,1,-1
2024-05-06 15:06:54.307,20617,20618,20618,1,1
2024-05-06 15:06:57.057,20617,20618,20618,4,4
2024-05-06 15:06:57.703,20618,20619,20618,1,-1
2024-05-06 15:06:57.774,20618,20619,20619,1,1
2024-05-06 15:06:58.119,20618,20619,20619,1,1
2024-05-06 15:06:58.119,20618,20619,20619,1,1
2024-05-06 15:07:02.804,20619,20620,20620,1,1
2024-05-06 15:07:02.804,20619,20620,20620,1,1
2024-05-06 15:07:10.494,20619,20620,20620,2,2
2024-05-06 15:07:16.772,20620,20621,20620,1,-1
2024-05-06 15:07:24.016,20620,20621,20620,3,-3
2024-05-06 15:07:24.370,20619,20621,20621,1,1
2024-05-06 15:07:24.516,20619,20621,20619,1,-1
2024-05-06 15:07:27.146,20620,20621,20620,1,-1
2024-05-06 15:07:29.898,20619,20620,20619,1,-1
2024-05-06 15:07:31.932,20619,20620,20619,1,-1
2024-05-06 15:07:35.504,20619,20620,20619,1,-1
2024-05-06 15:07:38.416,20619,20620,20619,1,-1
2024-05-06 15:07:40.205,20619,20620,20620,1,1
2024-05-06 15:07:41.513,20619,20620,20620,2,2
2024-05-06 15:07:42.388,20620,20621,20621,3,3
2024-05-06 15:07:43.253,20620,20621,20620,4,-4
2024-05-06 15:07:43.253,20620,20621,20619,9,-9
2024-05-06 15:07:43.255,20620,20621,20620,1,-1
2024-05-06 15:07:43.665,20619,20621,20620,1,-1
2024-05-06 15:07:44.520,20619,20621,20619,4,-4
2024-05-06 15:07:44.656,20618,20619,20618,1,-1
2024-05-06 15:07:46.147,20618,20619,20617,9,-9
2024-05-06 15:07:46.147,20618,20619,20618,4,-4
2024-05-06 15:07:48.554,20617,20619,20617,7,-7
2024-05-06 15:07:48.554,20617,20619,20616,6,-6
2024-05-06 15:07:49.665,20616,20618,20618,1,1
2024-05-06 15:07:52.879,20616,20618,20616,44,-44
2024-05-06 15:07:52.880,20616,20618,20616,1,-1
2024-05-06 15:07:52.880,20616,20618,20616,6,-6
2024-05-06 15:07:52.880,20616,20618,20616,1,-1
2024-05-06 15:07:52.880,20616,20618,20616,2,-2
2024-05-06 15:07:52.880,20616,20618,20616,3,-3
2024-05-06 15:07:52.880,20616,20618,20616,3,-3
2024-05-06 15:07:52.880,20616,20618,20616,1,-1
2024-05-06 15:07:52.881,20616,20618,20616,4,-4
2024-05-06 15:07:52.881,20616,20618,20616,1,-1
2024-05-06 15:07:54.572,20615,20617,20617,2,2
2024-05-06 15:07:57.276,20615,20616,20615,6,-6
2024-05-06 15:08:00.191,20614,20615,20615,1,1
2024-05-06 15:08:07.221,20614,20615,20615,1,1
2024-05-06 15:08:08.830,20614,20615,20615,1,1
2024-05-06 15:08:08.848,20614,20615,20614,1,-1
2024-05-06 15:08:21.261,20613,20614,20613,1,-1
2024-05-06 15:08:22.377,20613,20614,20614,4,4
2024-05-06 15:08:25.615,20615,20616,20615,1,-1
2024-05-06 15:08:26.729,20614,20616,20614,1,-1
2024-05-06 15:08:32.208,20614,20615,20614,1,-1
2024-05-06 15:08:39.571,20613,20614,20614,1,1
2024-05-06 15:08:40.393,20613,20615,20613,6,-6
2024-05-06 15:08:41.065,20614,20615,20614,1,-1
2024-05-06 15:08:49.918,20613,20614,20614,1,1
2024-05-06 15:08:51.871,20613,20614,20615,1,1
2024-05-06 15:08:51.871,20613,20614,20614,2,2
2024-05-06 15:08:52.169,20613,20615,20613,1,-1
2024-05-06 15:08:53.828,20613,20614,20614,1,1
2024-05-06 15:08:53.828,20613,20614,20615,2,2
2024-05-06 15:08:55.056,20613,20614,20613,2,-2
2024-05-06 15:08:55.181,20613,20614,20614,1,1
2024-05-06 15:08:55.181,20613,20614,20615,1,1
2024-05-06 15:08:55.181,20613,20614,20616,1,1
2024-05-06 15:08:58.673,20614,20616,20614,2,-2
2024-05-06 15:08:59.355,20613,20614,20614,1,1
2024-05-06 15:09:02.234,20614,20615,20614,1,-1
2024-05-06 15:09:02.295,20614,20615,20614,1,-1
2024-05-06 15:09:04.650,20614,20615,20614,1,-1
2024-05-06 15:09:26.632,20614,20615,20615,2,2
2024-05-06 15:09:31.510,20614,20615,20615,1,1
2024-05-06 15:09:35.193,20614,20615,20615,4,4
2024-05-06 15:09:50.083,20615,20616,20615,1,-1
2024-05-06 15:09:52.488,20615,20616,20616,2,2
2024-05-06 15:09:56.852,20616,20617,20617,1,1
2024-05-06 15:09:56.852,20616,20617,20617,1,1
2024-05-06 15:09:58.754,20616,20618,20618,1,1
2024-05-06 15:10:03.155,20616,20617,20616,3,-3
2024-05-06 15:10:03.756,20615,20617,20615,2,-2
2024-05-06 15:10:11.041,20615,20616,20615,2,-2
2024-05-06 15:10:13.966,20615,20616,20616,1,1
2024-05-06 15:10:17.764,20616,20617,20617,3,3
2024-05-06 15:10:35.544,20616,20617,20617,2,2
2024-05-06 15:10:41.743,20616,20618,20616,1,-1
2024-05-06 15:10:41.747,20616,20618,20616,1,-1
2024-05-06 15:10:59.234,20616,20617,20616,7,-7
2024-05-06 15:10:59.588,20615,20616,20615,4,-4
2024-05-06 15:10:59.589,20615,20616,20615,1,-1
2024-05-06 15:10:59.589,20615,20616,20615,1,-1
2024-05-06 15:11:03.264,20615,20616,20615,1,-1
2024-05-06 15:11:03.503,20615,20616,20615,1,-1
2024-05-06 15:11:03.649,20614,20616,20614,1,-1
2024-05-06 15:11:05.365,20614,20616,20615,1,-1
2024-05-06 15:11:17.714,20614,20616,20616,3,3
2024-05-06 15:11:34.728,20614,20615,20615,1,1
2024-05-06 15:11:37.126,20614,20615,20614,5,-5
2024-05-06 15:11:48.576,20612,20613,20612,1,-1
2024-05-06 15:11:48.576,20612,20613,20612,4,-4
2024-05-06 15:11:48.576,20612,20613,20612,1,-1
2024-05-06 15:11:48.577,20612,20613,20612,1,-1
2024-05-06 15:11:48.577,20612,20613,20612,3,-3
2024-05-06 15:11:48.577,20612,20613,20612,2,-2
2024-05-06 15:11:48.577,20612,20613,20612,1,-1
2024-05-06 15:11:48.577,20612,20613,20612,1,-1
2024-05-06 15:11:48.577,20612,20613,20612,4,-4
2024-05-06 15:11:48.577,20612,20613,20612,3,-3
2024-05-06 15:11:48.577,20612,20613,20612,1,-1
2024-05-06 15:11:48.578,20612,20613,20612,1,-1
2024-05-06 15:11:48.578,20612,20613,20612,4,-4
2024-05-06 15:11:48.578,20612,20613,20612,1,-1
2024-05-06 15:11:48.578,20612,20613,20612,2,-2
2024-05-06 15:11:48.578,20612,20613,20612,1,-1
2024-05-06 15:11:54.572,20611,20612,20612,4,4
2024-05-06 15:11:54.706,20612,20613,20612,1,-1
2024-05-06 15:12:04.341,20611,20612,20612,1,1
2024-05-06 15:12:09.230,20611,20612,20612,1,1
2024-05-06 15:12:09.231,20611,20612,20613,2,2
2024-05-06 15:12:17.472,20612,20613,20613,2,2
2024-05-06 15:12:25.546,20612,20613,20612,1,-1
2024-05-06 15:12:27.996,20612,20613,20612,2,-2
2024-05-06 15:12:28.255,20612,20613,20612,2,-2
2024-05-06 15:12:36.184,20611,20612,20612,1,1
2024-05-06 15:12:49.807,20611,20612,20612,1,1
2024-05-06 15:12:49.807,20611,20612,20612,2,2
2024-05-06 15:13:03.418,20612,20613,20613,3,3
2024-05-06 15:13:04.003,20612,20613,20612,1,-1
2024-05-06 15:13:05.277,20612,20613,20613,1,1
2024-05-06 15:13:05.277,20612,20613,20614,2,2
2024-05-06 15:13:05.562,20612,20614,20612,1,-1
2024-05-06 15:13:06.782,20612,20614,20614,3,3
2024-05-06 15:13:15.711,20612,20614,20614,1,1
2024-05-06 15:13:16.053,20612,20614,20614,5,5
2024-05-06 15:13:16.143,20612,20614,20614,1,1
2024-05-06 15:13:18.137,20612,20614,20612,1,-1
2024-05-06 15:13:18.653,20612,20614,20614,10,10
2024-05-06 15:13:27.399,20612,20614,20614,4,4
2024-05-06 15:13:27.399,20612,20614,20615,1,1
2024-05-06 15:13:37.188,20613,20615,20615,3,3
2024-05-06 15:13:40.185,20614,20615,20615,1,1
2024-05-06 15:13:47.844,20615,20616,20615,1,-1
2024-05-06 15:14:00.234,20614,20615,20615,1,1
2024-05-06 15:14:00.966,20614,20616,20616,3,3
2024-05-06 15:14:01.380,20615,20616,20615,1,-1
2024-05-06 15:14:05.343,20615,20616,20616,3,3
2024-05-06 15:14:05.343,20615,20616,20617,7,7
2024-05-06 15:14:10.575,20616,20617,20617,1,1
2024-05-06 15:14:11.476,20616,20618,20618,1,1
2024-05-06 15:14:15.012,20616,20617,20617,1,1
2024-05-06 15:14:15.534,20616,20617,20617,1,1
2024-05-06 15:14:17.231,20616,20618,20618,1,1
2024-05-06 15:14:17.664,20616,20618,20618,1,1
2024-05-06 15:14:21.455,20616,20618,20617,1,1
2024-05-06 15:14:21.602,20616,20618,20618,6,6
2024-05-06 15:14:26.927,20616,20618,20618,4,4
2024-05-06 15:14:26.928,20616,20618,20618,2,2
2024-05-06 15:14:26.928,20616,20618,20618,4,4
2024-05-06 15:14:30.064,20616,20619,20619,1,1
2024-05-06 15:14:36.345,20616,20618,20618,4,4
2024-05-06 15:14:41.365,20616,20617,20617,1,1
2024-05-06 15:14:53.701,20616,20617,20617,1,1
2024-05-06 15:15:01.718,20617,20618,20618,1,1
2024-05-06 15:15:01.718,20617,20618,20618,5,5
2024-05-06 15:15:02.039,20618,20619,20618,1,-1
2024-05-06 15:15:02.122,20618,20619,20618,1,-1
2024-05-06 15:15:02.272,20618,20619,20618,1,-1
2024-05-06 15:15:02.491,20618,20619,20619,2,2
2024-05-06 15:15:07.956,20618,20620,20619,1,1
2024-05-06 15:15:09.438,20618,20619,20619,1,1
2024-05-06 15:15:17.839,20619,20620,20620,2,2
2024-05-06 15:15:23.121,20619,20620,20619,1,-1
2024-05-06 15:15:23.140,20619,20620,20619,1,-1
2024-05-06 15:15:24.447,20618,20619,20619,1,1
2024-05-06 15:15:31.983,20618,20619,20619,1,1
2024-05-06 15:15:36.299,20618,20619,20619,1,1
2024-05-06 15:15:36.299,20618,20619,20619,2,2
2024-05-06 15:15:55.772,20618,20619,20618,2,-2
2024-05-06 15:15:55.773,20618,20619,20618,1,-1
2024-05-06 15:15:55.773,20618,20619,20618,1,-1
2024-05-06 15:15:55.773,20618,20619,20618,1,-1
2024-05-06 15:15:55.773,20618,20619,20618,3,-3
2024-05-06 15:15:55.774,20618,20619,20618,1,-1
2024-05-06 15:15:59.361,20617,20619,20618,1,-1
2024-05-06 15:16:04.924,20618,20619,20619,1,1
2024-05-06 15:16:04.985,20618,20620,20620,1,1
2024-05-06 15:16:04.986,20618,20620,20620,1,1
2024-05-06 15:16:04.986,20618,20620,20620,1,1
2024-05-06 15:16:04.986,20618,20620,20620,1,1
2024-05-06 15:16:04.986,20618,20620,20620,1,1
2024-05-06 15:16:04.986,20618,20620,20620,1,1
2024-05-06 15:16:04.986,20618,20620,20620,1,1
2024-05-06 15:16:05.550,20619,20620,20619,1,-1
2024-05-06 15:16:05.600,20619,20620,20620,1,1
2024-05-06 15:16:05.600,20619,20620,20620,1,1
2024-05-06 15:16:05.601,20619,20620,20620,1,1
2024-05-06 15:16:05.601,20619,20620,20620,3,3
2024-05-06 15:16:10.309,20620,20621,20620,1,-1
2024-05-06 15:16:12.216,20620,20621,20621,1,1
2024-05-06 15:16:12.225,20620,20621,20621,1,1
2024-05-06 15:16:12.226,20620,20621,20621,1,1
2024-05-06 15:16:12.226,20620,20621,20621,1,1
2024-05-06 15:16:12.231,20620,20621,20622,1,1
2024-05-06 15:16:16.203,20621,20622,20622,5,5
2024-05-06 15:16:17.957,20622,20623,20622,1,-1
2024-05-06 15:16:18.426,20622,20623,20623,1,1
2024-05-06 15:16:18.475,20622,20623,20623,1,1
2024-05-06 15:16:18.475,20622,20623,20623,1,1
2024-05-06 15:16:18.601,20622,20623,20623,17,17
2024-05-06 15:16:18.601,20622,20623,20623,1,1
2024-05-06 15:16:19.852,20623,20624,20623,2,-2
2024-05-06 15:16:20.216,20622,20624,20623,1,-1
2024-05-06 15:16:20.435,20623,20624,20624,1,1
2024-05-06 15:16:20.504,20623,20624,20624,2,2
2024-05-06 15:16:21.305,20623,20624,20624,4,4
2024-05-06 15:16:21.305,20623,20624,20625,1,1
2024-05-06 15:16:21.366,20623,20624,20624,1,1
2024-05-06 15:16:21.403,20623,20624,20624,1,1
2024-05-06 15:16:21.403,20623,20624,20625,3,3
2024-05-06 15:16:21.960,20623,20624,20624,2,2
2024-05-06 15:16:21.960,20623,20624,20625,3,3
2024-05-06 15:16:23.704,20622,20624,20624,1,1
2024-05-06 15:16:24.170,20623,20624,20623,1,-1
2024-05-06 15:16:24.497,20622,20624,20624,3,3
2024-05-06 15:16:25.806,20623,20624,20624,1,1
2024-05-06 15:16:26.239,20623,20624,20624,1,1
2024-05-06 15:16:27.980,20622,20624,20624,1,1
2024-05-06 15:16:28.100,20622,20624,20624,1,1
2024-05-06 15:16:30.225,20622,20624,20622,1,-1
2024-05-06 15:16:30.805,20621,20624,20624,1,1
2024-05-06 15:16:37.883,20622,20624,20622,1,-1
2024-05-06 15:16:39.386,20622,20624,20623,1,-1
2024-05-06 15:16:39.475,20622,20624,20624,1,1
2024-05-06 15:16:39.475,20622,20624,20624,1,1
2024-05-06 15:16:39.475,20622,20624,20624,1,1
2024-05-06 15:16:39.476,20622,20624,20624,1,1
2024-05-06 15:16:39.674,20622,20624,20622,1,-1
2024-05-06 15:16:40.541,20622,20624,20622,1,-1
2024-05-06 15:16:42.971,20621,20623,20621,1,-1
2024-05-06 15:16:50.311,20620,20622,20621,1,-1
2024-05-06 15:16:55.462,20621,20622,20622,1,1
2024-05-06 15:16:59.275,20621,20622,20621,1,-1
2024-05-06 15:17:01.716,20621,20622,20622,2,2
2024-05-06 15:17:05.370,20621,20623,20622,1,1
2024-05-06 15:17:06.452,20621,20622,20622,1,1
2024-05-06 15:17:09.147,20621,20622,20621,1,-1
2024-05-06 15:17:09.152,20621,20622,20621,5,-5
2024-05-06 15:17:12.628,20620,20621,20621,2,2
2024-05-06 15:17:25.118,20621,20622,20621,2,-2
2024-05-06 15:17:34.516,20621,20622,20621,1,-1
2024-05-06 15:17:35.328,20621,20622,20621,1,-1
2024-05-06 15:17:36.673,20621,20622,20621,19,-19
2024-05-06 15:17:37.710,20620,20621,20620,1,-1
2024-05-06 15:17:40.113,20620,20621,20620,1,-1
2024-05-06 15:17:40.113,20620,20621,20620,1,-1
2024-05-06 15:17:40.600,20617,20619,20617,1,-1
2024-05-06 15:17:40.832,20617,20619,20619,1,1
2024-05-06 15:17:41.796,20617,20619,20617,1,-1
2024-05-06 15:17:50.318,20618,20619,20618,1,-1
2024-05-06 15:18:05.857,20617,20618,20617,4,-4
2024-05-06 15:18:05.857,20617,20618,20617,1,-1
2024-05-06 15:18:05.857,20617,20618,20617,1,-1
2024-05-06 15:18:05.857,20617,20618,20617,2,-2
2024-05-06 15:18:07.787,20616,20617,20617,1,1
2024-05-06 15:18:07.851,20616,20617,20617,1,1
2024-05-06 15:18:08.044,20616,20617,20616,1,-1
2024-05-06 15:18:08.518,20616,20617,20616,2,-2
2024-05-06 15:18:08.887,20616,20617,20616,1,-1
2024-05-06 15:18:17.500,20615,20616,20615,1,-1
2024-05-06 15:18:18.138,20614,20616,20614,4,-4
2024-05-06 15:18:18.291,20614,20616,20614,4,-4
2024-05-06 15:18:20.931,20614,20616,20614,1,-1
2024-05-06 15:18:24.255,20614,20615,20614,1,-1
2024-05-06 15:18:26.944,20614,20615,20615,1,1
2024-05-06 15:18:27.765,20615,20616,20615,1,-1
2024-05-06 15:18:27.850,20615,20616,20616,1,1
2024-05-06 15:18:27.850,20615,20616,20617,1,1
2024-05-06 15:18:27.851,20615,20616,20617,1,1
2024-05-06 15:18:45.868,20616,20617,20617,1,1
2024-05-06 15:18:45.868,20616,20617,20617,4,4
2024-05-06 15:18:56.241,20617,20618,20618,9,9
2024-05-06 15:18:56.350,20618,20620,20620,1,1
2024-05-06 15:18:56.350,20618,20620,20620,1,1
2024-05-06 15:18:56.351,20618,20620,20620,1,1
2024-05-06 15:18:56.355,20618,20620,20620,1,1
2024-05-06 15:19:01.213,20619,20620,20620,1,1
2024-05-06 15:19:09.693,20619,20620,20620,2,2
2024-05-06 15:19:09.693,20619,20620,20620,1,1
2024-05-06 15:19:13.095,20620,20621,20621,1,1
2024-05-06 15:19:13.311,20620,20622,20620,1,-1
2024-05-06 15:19:22.004,20620,20621,20620,1,-1
2024-05-06 15:19:22.710,20620,20621,20620,1,-1
2024-05-06 15:19:33.237,20620,20621,20620,2,-2
2024-05-06 15:19:38.482,20619,20620,20619,2,-2
2024-05-06 15:20:01.362,20619,20620,20620,1,1
2024-05-06 15:20:02.061,20620,20621,20620,1,-1
2024-05-06 15:20:04.005,20619,20621,20621,1,1
2024-05-06 15:20:04.208,20619,20621,20621,1,1
2024-05-06 15:20:04.208,20619,20621,20621,1,1
2024-05-06 15:20:29.210,20619,20620,20620,1,1
2024-05-06 15:20:32.293,20619,20620,20620,1,1
2024-05-06 15:20:34.028,20619,20621,20620,1,1
2024-05-06 15:20:54.332,20619,20620,20619,1,-1
2024-05-06 15:20:54.467,20619,20620,20619,1,-1
2024-05-06 15:21:00.216,20618,20619,20619,1,1
2024-05-06 15:21:00.233,20618,20620,20620,1,1
2024-05-06 15:21:00.234,20618,20620,20620,1,1
2024-05-06 15:21:06.037,20619,20621,20619,3,-3
2024-05-06 15:21:06.100,20619,20621,20621,1,1
2024-05-06 15:21:06.100,20619,20621,20621,1,1
2024-05-06 15:21:06.101,20619,20621,20621,1,1
2024-05-06 15:21:06.101,20619,20621,20621,1,1
2024-05-06 15:21:06.101,20619,20621,20621,1,1
2024-05-06 15:21:06.638,20620,20621,20620,1,-1
2024-05-06 15:21:07.021,20619,20621,20619,1,-1
2024-05-06 15:21:07.639,20619,20621,20619,1,-1
2024-05-06 15:21:08.047,20619,20621,20619,1,-1
2024-05-06 15:21:08.253,20619,20621,20619,1,-1
2024-05-06 15:21:08.657,20619,20621,20619,1,-1
2024-05-06 15:21:09.058,20619,20621,20619,1,-1
2024-05-06 15:21:09.462,20619,20621,20619,1,-1
2024-05-06 15:21:09.872,20619,20621,20619,1,-1
2024-05-06 15:21:10.082,20619,20621,20619,1,-1
2024-05-06 15:21:10.686,20619,20621,20619,1,-1
2024-05-06 15:21:10.893,20619,20621,20619,1,-1
2024-05-06 15:21:11.499,20619,20621,20619,1,-1
2024-05-06 15:21:11.704,20619,20621,20619,1,-1
2024-05-06 15:21:12.109,20619,20621,20619,1,-1
2024-05-06 15:21:12.513,20619,20621,20619,1,-1
2024-05-06 15:21:12.921,20619,20621,20619,1,-1
2024-05-06 15:21:13.130,20619,20621,20619,1,-1
2024-05-06 15:21:13.731,20619,20621,20619,1,-1
2024-05-06 15:21:13.940,20619,20620,20619,1,-1
2024-05-06 15:21:14.355,20618,20620,20618,1,-1
2024-05-06 15:21:14.767,20618,20620,20618,1,-1
2024-05-06 15:21:15.191,20618,20620,20618,1,-1
2024-05-06 15:21:15.621,20618,20619,20618,1,-1
2024-05-06 15:21:15.981,20618,20619,20618,1,-1
2024-05-06 15:21:16.634,20618,20619,20618,1,-1
2024-05-06 15:21:17.634,20618,20619,20618,1,-1
2024-05-06 15:21:18.856,20618,20619,20618,1,-1
2024-05-06 15:21:19.660,20617,20619,20617,1,-1
2024-05-06 15:21:20.683,20617,20619,20617,1,-1
2024-05-06 15:21:21.897,20617,20619,20617,1,-1
2024-05-06 15:21:22.922,20617,20619,20617,1,-1
2024-05-06 15:21:23.937,20617,20619,20617,1,-1
2024-05-06 15:21:24.766,20617,20619,20617,1,-1
2024-05-06 15:21:38.764,20617,20619,20618,1,-1
2024-05-06 15:21:38.857,20618,20619,20619,1,1
2024-05-06 15:21:52.333,20619,20620,20620,1,1
2024-05-06 15:21:52.351,20619,20621,20621,1,1
2024-05-06 15:21:59.566,20619,20621,20621,5,5
2024-05-06 15:22:12.718,20620,20621,20621,1,1
2024-05-06 15:22:21.236,20620,20622,20622,11,11
2024-05-06 15:22:28.827,20621,20622,20622,1,1
2024-05-06 15:22:36.069,20622,20623,20622,1,-1
2024-05-06 15:22:38.479,20622,20623,20622,1,-1
2024-05-06 15:22:41.976,20621,20622,20622,2,2
2024-05-06 15:22:47.399,20621,20622,20622,1,1
2024-05-06 15:22:47.656,20621,20622,20622,1,1
2024-05-06 15:22:51.420,20622,20623,20622,2,-2
2024-05-06 15:22:55.466,20622,20623,20622,1,-1
2024-05-06 15:23:06.838,20621,20622,20622,1,1
2024-05-06 15:23:14.057,20621,20622,20622,3,3
2024-05-06 15:23:20.111,20622,20623,20623,3,3
2024-05-06 15:23:23.273,20622,20623,20623,1,1
2024-05-06 15:23:23.274,20622,20623,20623,4,4
2024-05-06 15:23:23.296,20622,20623,20623,5,5
2024-05-06 15:23:27.963,20622,20623,20622,11,-11
2024-05-06 15:23:31.914,20621,20622,20621,1,-1
2024-05-06 15:23:31.914,20621,20622,20621,4,-4
2024-05-06 15:23:31.914,20621,20622,20621,2,-2
2024-05-06 15:23:31.914,20621,20622,20621,2,-2
2024-05-06 15:23:31.915,20621,20622,20621,2,-2
2024-05-06 15:23:31.915,20621,20622,20621,1,-1
2024-05-06 15:23:31.915,20621,20622,20621,2,-2
2024-05-06 15:23:31.915,20621,20622,20621,1,-1
2024-05-06 15:23:31.915,20621,20622,20621,4,-4
2024-05-06 15:23:31.915,20621,20622,20621,2,-2
2024-05-06 15:23:31.915,20621,20622,20621,1,-1
2024-05-06 15:23:31.916,20621,20622,20621,3,-3
2024-05-06 15:23:37.400,20620,20621,20620,1,-1
2024-05-06 15:23:42.854,20619,20620,20619,1,-1
2024-05-06 15:23:53.032,20619,20620,20619,1,-1
2024-05-06 15:23:57.651,20619,20620,20619,1,-1
2024-05-06 15:24:05.086,20618,20620,20620,2,2
2024-05-06 15:24:22.047,20619,20621,20619,1,-1
2024-05-06 15:24:22.269,20619,20620,20620,2,2
2024-05-06 15:24:25.994,20619,20620,20619,1,-1
2024-05-06 15:24:34.859,20619,20620,20619,3,-3
2024-05-06 15:24:36.365,20618,20619,20618,1,-1
2024-05-06 15:24:45.878,20618,20619,20618,1,-1
2024-05-06 15:24:49.406,20618,20619,20619,1,1
2024-05-06 15:25:01.423,20618,20619,20618,2,-2
2024-05-06 15:25:01.424,20618,20619,20618,1,-1
2024-05-06 15:25:01.424,20618,20619,20618,1,-1
2024-05-06 15:25:25.868,20617,20618,20618,3,3
2024-05-06 15:25:36.118,20617,20618,20618,3,3
2024-05-06 15:25:39.726,20618,20619,20618,1,-1
2024-05-06 15:25:47.770,20617,20618,20618,1,1
2024-05-06 15:25:47.771,20617,20618,20618,1,1
2024-05-06 15:26:01.063,20617,20618,20618,2,2
2024-05-06 15:26:01.460,20617,20619,20619,1,1
2024-05-06 15:26:01.600,20617,20619,20619,1,1
2024-05-06 15:26:01.818,20617,20619,20619,1,1
2024-05-06 15:26:01.989,20617,20619,20619,1,1
2024-05-06 15:26:02.127,20617,20619,20619,1,1
2024-05-06 15:26:02.273,20617,20619,20619,1,1
2024-05-06 15:26:02.442,20617,20619,20619,1,1
2024-05-06 15:26:02.610,20618,20619,20619,1,1
2024-05-06 15:26:02.750,20618,20619,20619,1,1
2024-05-06 15:26:02.906,20618,20620,20620,1,1
2024-05-06 15:26:03.043,20618,20620,20620,1,1
2024-05-06 15:26:03.199,20618,20620,20620,1,1
2024-05-06 15:26:03.355,20618,20620,20620,1,1
2024-05-06 15:26:03.503,20618,20620,20620,1,1
2024-05-06 15:26:03.663,20618,20620,20620,1,1
2024-05-06 15:26:12.276,20617,20619,20619,1,1
2024-05-06 15:26:19.653,20617,20619,20617,1,-1
2024-05-06 15:26:19.689,20617,20619,20617,1,-1
2024-05-06 15:26:19.690,20617,20619,20617,3,-3
2024-05-06 15:26:19.690,20617,20619,20617,1,-1
2024-05-06 15:26:19.690,20617,20619,20617,2,-2
2024-05-06 15:26:19.690,20617,20619,20617,1,-1
2024-05-06 15:26:19.690,20617,20619,20617,1,-1
2024-05-06 15:26:19.690,20617,20619,20617,4,-4
2024-05-06 15:26:19.690,20617,20619,20617,1,-1
2024-05-06 15:26:19.690,20617,20619,20617,15,-15
2024-05-06 15:26:19.690,20617,20619,20617,1,-1
2024-05-06 15:26:19.691,20617,20619,20617,1,-1
2024-05-06 15:26:19.691,20617,20619,20617,1,-1
2024-05-06 15:26:20.403,20616,20617,20617,1,1
2024-05-06 15:26:27.477,20616,20617,20616,1,-1
2024-05-06 15:26:32.558,20616,20617,20617,1,1
2024-05-06 15:27:00.542,20616,20617,20618,8,8
2024-05-06 15:27:00.542,20616,20617,20617,1,1
2024-05-06 15:27:00.664,20617,20619,20617,1,-1
2024-05-06 15:27:00.931,20617,20619,20617,1,-1
2024-05-06 15:27:05.119,20617,20619,20617,2,-2
2024-05-06 15:27:10.503,20617,20618,20617,1,-1
2024-05-06 15:27:10.503,20617,20618,20616,1,-1
2024-05-06 15:27:11.235,20616,20618,20617,2,-2
2024-05-06 15:27:23.070,20616,20617,20617,1,1
2024-05-06 15:27:27.195,20617,20618,20618,1,1
2024-05-06 15:27:27.196,20617,20618,20618,1,1
2024-05-06 15:27:31.754,20617,20619,20617,4,-4
2024-05-06 15:27:42.220,20617,20619,20619,2,2
2024-05-06 15:27:56.736,20617,20619,20619,1,1
2024-05-06 15:28:06.686,20618,20619,20619,2,2
2024-05-06 15:28:07.331,20618,20620,20619,1,1
2024-05-06 15:28:07.331,20618,20620,20618,9,-9
2024-05-06 15:28:07.466,20617,20620,20617,2,-2
2024-05-06 15:28:07.474,20617,20620,20617,2,-2
2024-05-06 15:28:07.476,20617,20620,20617,5,-5
2024-05-06 15:28:07.476,20617,20620,20616,1,-1
2024-05-06 15:28:07.478,20617,20620,20616,2,-2
2024-05-06 15:28:07.529,20617,20620,20616,1,-1
2024-05-06 15:28:07.529,20617,20620,20615,3,-3
2024-05-06 15:28:07.617,20615,20617,20615,2,-2
2024-05-06 15:28:07.902,20615,20617,20615,4,-4
2024-05-06 15:28:08.070,20615,20617,20615,2,-2
2024-05-06 15:28:16.372,20615,20617,20617,4,4
2024-05-06 15:28:26.738,20616,20618,20618,1,1
2024-05-06 15:28:39.741,20617,20618,20618,1,1
2024-05-06 15:28:44.355,20617,20619,20617,1,-1
2024-05-06 15:28:44.701,20616,20619,20619,9,9
2024-05-06 15:28:44.701,20616,20619,20620,18,18
2024-05-06 15:28:44.702,20616,20619,20620,1,1
2024-05-06 15:28:44.702,20616,20619,20620,1,1
2024-05-06 15:28:44.703,20616,20619,20621,1,1
2024-05-06 15:28:44.703,20616,20619,20620,6,6
2024-05-06 15:28:44.704,20616,20619,20620,2,2
2024-05-06 15:28:56.758,20617,20619,20619,1,1
2024-05-06 15:29:10.087,20619,20620,20619,1,-1
2024-05-06 15:29:20.133,20618,20620,20619,1,-1
2024-05-06 15:29:39.742,20617,20619,20619,1,1
2024-05-06 15:29:50.780,20618,20619,20619,3,3
2024-05-06 15:29:53.734,20619,20620,20620,1,1
2024-05-06 15:29:53.734,20619,20620,20620,1,1
2024-05-06 15:29:53.734,20619,20620,20620,1,1
2024-05-06 15:29:59.210,20619,20621,20621,1,1
2024-05-06 15:30:00.155,20619,20621,20621,1,1
2024-05-06 15:30:00.303,20619,20621,20619,2,-2
2024-05-06 15:30:00.725,20618,20621,20617,2,-2
2024-05-06 15:30:00.725,20618,20621,20618,10,-10
2024-05-06 15:30:02.094,20617,20619,20617,2,-2
2024-05-06 15:30:05.015,20617,20619,20619,3,3
2024-05-06 15:30:16.280,20619,20620,20619,1,-1
2024-05-06 15:30:30.283,20618,20619,20619,2,2
2024-05-06 15:30:30.283,20618,20619,20619,1,1
2024-05-06 15:30:43.588,20619,20620,20619,1,-1
2024-05-06 15:30:43.600,20618,20620,20620,1,1
2024-05-06 15:30:43.600,20618,20620,20620,1,1
2024-05-06 15:30:43.806,20619,20620,20619,1,-1
2024-05-06 15:30:52.061,20619,20620,20620,1,1
2024-05-06 15:30:52.061,20619,20620,20620,2,2
2024-05-06 15:30:55.866,20620,20621,20621,1,1
2024-05-06 15:30:55.866,20620,20621,20621,3,3
2024-05-06 15:30:58.024,20620,20622,20620,7,-7
2024-05-06 15:30:58.026,20620,20622,20620,13,-13
2024-05-06 15:30:58.026,20620,20622,20620,1,-1
2024-05-06 15:31:10.405,20620,20621,20620,1,-1
2024-05-06 15:31:10.485,20619,20621,20621,1,1
2024-05-06 15:31:10.486,20619,20621,20621,1,1
2024-05-06 15:31:20.963,20619,20621,20619,4,-4
2024-05-06 15:31:20.976,20618,20619,20619,1,1
2024-05-06 15:31:23.463,20618,20619,20619,1,1
2024-05-06 15:31:23.463,20618,20619,20619,1,1
2024-05-06 15:31:23.463,20618,20619,20619,8,8
2024-05-06 15:31:23.463,20618,20619,20619,2,2
2024-05-06 15:31:23.463,20618,20619,20619,3,3
2024-05-06 15:31:23.463,20618,20619,20619,1,1
2024-05-06 15:31:23.476,20619,20620,20620,1,1
2024-05-06 15:31:39.739,20619,20620,20620,1,1
2024-05-06 15:31:44.644,20619,20620,20620,1,1
2024-05-06 15:32:09.746,20619,20620,20620,1,1
2024-05-06 15:32:09.851,20619,20621,20621,1,1
2024-05-06 15:32:09.851,20619,20621,20621,1,1
2024-05-06 15:32:09.851,20619,20621,20621,1,1
2024-05-06 15:32:09.852,20619,20621,20621,1,1
2024-05-06 15:32:11.158,20619,20621,20621,1,1
2024-05-06 15:32:11.226,20619,20621,20621,1,1
2024-05-06 15:32:18.250,20621,20622,20621,1,-1
2024-05-06 15:32:35.387,20621,20622,20622,4,4
2024-05-06 15:32:35.476,20622,20623,20623,1,1
2024-05-06 15:32:35.477,20622,20623,20624,1,1
2024-05-06 15:32:35.619,20622,20624,20624,3,3
2024-05-06 15:32:39.718,20622,20624,20622,1,-1
2024-05-06 15:32:41.968,20623,20624,20624,2,2
2024-05-06 15:32:45.800,20623,20624,20624,2,2
2024-05-06 15:32:48.093,20623,20624,20623,1,-1
2024-05-06 15:32:50.136,20623,20624,20624,2,2
2024-05-06 15:32:51.126,20623,20624,20623,1,-1
2024-05-06 15:33:12.137,20623,20624,20623,3,-3
2024-05-06 15:33:12.137,20623,20624,20623,1,-1
2024-05-06 15:33:12.137,20623,20624,20623,2,-2
2024-05-06 15:33:12.228,20622,20623,20623,1,1
2024-05-06 15:33:12.229,20622,20623,20624,1,1
2024-05-06 15:33:12.848,20622,20624,20624,1,1
2024-05-06 15:33:16.401,20623,20624,20624,1,1
2024-05-06 15:33:16.475,20623,20624,20624,1,1
2024-05-06 15:33:18.903,20623,20624,20624,6,6
2024-05-06 15:33:18.903,20623,20624,20625,29,29
2024-05-06 15:33:19.017,20625,20626,20626,1,1
2024-05-06 15:33:19.017,20625,20626,20626,1,1
2024-05-06 15:33:19.017,20625,20626,20626,2,2
2024-05-06 15:33:19.017,20625,20626,20626,4,4
2024-05-06 15:33:19.018,20625,20626,20626,2,2
2024-05-06 15:33:19.018,20625,20626,20626,1,1
2024-05-06 15:33:19.018,20625,20626,20626,20,20
2024-05-06 15:33:19.096,20625,20626,20626,1,1
2024-05-06 15:33:19.101,20626,20627,20627,1,1
2024-05-06 15:33:19.123,20626,20627,20627,1,1
2024-05-06 15:33:19.124,20626,20627,20627,3,3
2024-05-06 15:33:19.127,20626,20627,20628,1,1
2024-05-06 15:33:19.162,20626,20627,20628,3,3
2024-05-06 15:33:19.247,20626,20628,20628,1,1
2024-05-06 15:33:19.264,20626,20628,20628,1,1
2024-05-06 15:33:19.283,20626,20628,20628,1,1
2024-05-06 15:33:19.307,20626,20628,20628,2,2
2024-05-06 15:33:19.345,20626,20628,20628,1,1
2024-05-06 15:33:19.619,20626,20628,20628,1,1
2024-05-06 15:33:19.629,20626,20628,20628,11,11
2024-05-06 15:33:20.753,20627,20628,20628,52,52
2024-05-06 15:33:20.754,20627,20628,20628,2,2
2024-05-06 15:33:20.754,20627,20628,20628,1,1
2024-05-06 15:33:20.754,20627,20628,20628,2,2
2024-05-06 15:33:20.754,20627,20628,20628,15,15
2024-05-06 15:33:20.754,20627,20628,20628,32,32
2024-05-06 15:33:20.754,20627,20628,20629,1,1
2024-05-06 15:33:20.755,20627,20628,20629,4,4
2024-05-06 15:33:20.755,20627,20628,20629,1,1
2024-05-06 15:33:20.755,20627,20628,20629,4,4
2024-05-06 15:33:20.755,20627,20628,20629,1,1
2024-05-06 15:33:20.756,20627,20628,20629,3,3
2024-05-06 15:33:20.756,20627,20628,20629,2,2
2024-05-06 15:33:20.756,20627,20628,20629,1,1
2024-05-06 15:33:20.756,20627,20628,20628,1,1
2024-05-06 15:33:20.756,20627,20628,20629,2,2
2024-05-06 15:33:20.759,20627,20628,20630,2,2
2024-05-06 15:33:20.759,20627,20628,20630,2,2
2024-05-06 15:33:20.760,20627,20628,20630,1,1
2024-05-06 15:33:20.760,20627,20628,20630,1,1
2024-05-06 15:33:20.760,20627,20628,20630,1,1
2024-05-06 15:33:20.760,20627,20628,20630,1,1
2024-05-06 15:33:20.761,20627,20628,20630,4,4
2024-05-06 15:33:20.764,20627,20628,20630,21,21
2024-05-06 15:33:20.765,20627,20628,20631,1,1
2024-05-06 15:33:20.765,20627,20628,20630,2,2
2024-05-06 15:33:20.765,20627,20628,20630,2,2
2024-05-06 15:33:20.765,20627,20628,20630,1,1
2024-05-06 15:33:20.765,20627,20628,20630,3,3
2024-05-06 15:33:20.778,20627,20628,20630,5,5
2024-05-06 15:33:20.926,20629,20631,20631,1,1
2024-05-06 15:33:20.953,20629,20631,20631,1,1
2024-05-06 15:33:20.986,20629,20631,20631,1,1
2024-05-06 15:33:21.223,20630,20631,20631,1,1
2024-05-06 15:33:21.361,20630,20631,20631,2,2
2024-05-06 15:33:21.549,20630,20631,20631,1,1
2024-05-06 15:33:21.709,20629,20631,20631,1,1
2024-05-06 15:33:22.541,20630,20631,20631,1,1
2024-05-06 15:33:23.873,20629,20631,20631,1,1
2024-05-06 15:33:24.551,20629,20631,20631,1,1
2024-05-06 15:33:25.633,20629,20631,20631,1,1
2024-05-06 15:33:26.545,20630,20632,20631,1,1
2024-05-06 15:33:27.398,20630,20632,20630,1,-1
2024-05-06 15:33:27.476,20629,20631,20631,1,1
2024-05-06 15:33:27.488,20629,20631,20631,1,1
2024-05-06 15:33:28.201,20629,20630,20629,4,-4
2024-05-06 15:33:29.277,20629,20630,20629,1,-1
2024-05-06 15:33:29.387,20629,20630,20630,4,4
2024-05-06 15:33:29.775,20629,20631,20629,1,-1
2024-05-06 15:33:30.534,20629,20630,20629,1,-1
2024-05-06 15:33:30.832,20629,20630,20630,1,1
2024-05-06 15:33:31.471,20630,20631,20630,1,-1
2024-05-06 15:33:32.811,20629,20631,20630,1,-1
2024-05-06 15:33:34.453,20630,20631,20630,1,-1
2024-05-06 15:33:42.892,20630,20631,20631,2,2
2024-05-06 15:33:45.122,20631,20632,20631,1,-1
2024-05-06 15:33:47.832,20630,20631,20631,1,1
2024-05-06 15:33:47.850,20630,20632,20632,1,1
2024-05-06 15:33:48.006,20630,20632,20632,1,1
2024-05-06 15:33:50.128,20631,20632,20631,1,-1
2024-05-06 15:33:50.378,20630,20632,20632,2,2
2024-05-06 15:33:50.786,20631,20632,20632,2,2
2024-05-06 15:33:51.590,20631,20632,20632,9,9
2024-05-06 15:33:51.590,20631,20632,20633,26,26
2024-05-06 15:33:51.595,20631,20632,20632,5,5
2024-05-06 15:33:51.799,20632,20633,20632,1,-1
2024-05-06 15:33:53.738,20632,20633,20632,2,-2
2024-05-06 15:33:53.738,20632,20633,20631,8,-8
2024-05-06 15:33:54.816,20631,20633,20633,1,1
2024-05-06 15:33:54.888,20631,20633,20631,1,-1
2024-05-06 15:33:55.872,20631,20633,20631,5,-5
2024-05-06 15:33:57.806,20631,20633,20632,1,-1
2024-05-06 15:33:59.735,20631,20632,20632,1,1
2024-05-06 15:34:00.532,20632,20633,20633,4,4
2024-05-06 15:34:01.253,20632,20633,20632,1,-1
2024-05-06 15:34:01.409,20632,20633,20632,1,-1
2024-05-06 15:34:02.100,20632,20633,20633,1,1
2024-05-06 15:34:02.407,20632,20633,20632,3,-3
2024-05-06 15:34:03.066,20632,20633,20633,1,1
2024-05-06 15:34:04.023,20632,20633,20633,6,6
2024-05-06 15:34:04.434,20633,20634,20633,1,-1
2024-05-06 15:34:04.595,20633,20634,20633,8,-8
2024-05-06 15:34:04.596,20633,20634,20633,15,-15
2024-05-06 15:34:04.596,20633,20634,20632,8,-8
2024-05-06 15:34:05.800,20631,20633,20633,1,1
2024-05-06 15:34:10.018,20631,20632,20631,1,-1
2024-05-06 15:34:13.720,20630,20631,20631,3,3
2024-05-06 15:34:14.191,20630,20631,20630,7,-7
2024-05-06 15:34:16.180,20629,20630,20629,1,-1
2024-05-06 15:34:17.388,20628,20629,20628,3,-3
2024-05-06 15:34:17.388,20628,20629,20627,2,-2
2024-05-06 15:34:23.522,20628,20629,20629,1,1
2024-05-06 15:34:23.522,20628,20629,20629,1,1
2024-05-06 15:34:23.601,20628,20630,20630,1,1
2024-05-06 15:34:24.753,20628,20629,20629,1,1
2024-05-06 15:34:32.371,20628,20629,20629,2,2
2024-05-06 15:34:32.371,20628,20629,20630,3,3
2024-05-06 15:34:40.658,20628,20629,20628,1,-1
2024-05-06 15:34:41.021,20628,20629,20629,2,2
2024-05-06 15:34:41.100,20629,20630,20630,1,1
2024-05-06 15:34:41.469,20628,20630,20628,2,-2
2024-05-06 15:34:44.958,20628,20629,20628,1,-1
2024-05-06 15:34:46.129,20628,20629,20629,1,1
2024-05-06 15:34:49.074,20629,20630,20629,1,-1
2024-05-06 15:34:52.624,20629,20630,20630,2,2
2024-05-06 15:34:55.565,20630,20632,20632,5,5
2024-05-06 15:34:59.942,20629,20630,20630,6,6
2024-05-06 15:34:59.942,20629,20630,20631,8,8
2024-05-06 15:34:59.944,20629,20630,20631,21,21
2024-05-06 15:34:59.944,20629,20630,20631,1,1
2024-05-06 15:35:06.163,20630,20631,20631,1,1
2024-05-06 15:35:06.585,20630,20631,20631,1,1
2024-05-06 15:35:08.374,20630,20632,20630,1,-1
2024-05-06 15:35:22.609,20631,20632,20631,1,-1
2024-05-06 15:35:22.609,20631,20632,20630,3,-3
2024-05-06 15:35:26.194,20630,20631,20632,3,3
2024-05-06 15:35:26.194,20630,20631,20631,2,2
2024-05-06 15:35:29.827,20630,20632,20630,3,-3
2024-05-06 15:35:39.648,20630,20631,20630,1,-1
2024-05-06 15:35:39.768,20629,20631,20630,2,-2
2024-05-06 15:35:50.545,20629,20630,20630,1,1
2024-05-06 15:35:50.545,20629,20630,20631,4,4
2024-05-06 15:35:50.601,20629,20631,20631,1,1
2024-05-06 15:35:50.627,20629,20631,20629,1,-1
2024-05-06 15:35:52.308,20629,20630,20630,1,1
2024-05-06 15:35:54.034,20630,20631,20631,3,3
2024-05-06 15:35:55.158,20631,20632,20632,3,3
2024-05-06 15:35:57.060,20631,20632,20631,1,-1
2024-05-06 15:35:57.862,20631,20632,20632,3,3
2024-05-06 15:36:02.522,20631,20632,20632,3,3
2024-05-06 15:36:05.258,20631,20632,20632,3,3
2024-05-06 15:36:05.320,20631,20632,20631,1,-1
2024-05-06 15:36:07.006,20631,20632,20632,1,1
2024-05-06 15:36:07.006,20631,20632,20633,4,4
2024-05-06 15:36:07.310,20631,20633,20631,1,-1
2024-05-06 15:36:07.380,20631,20633,20631,4,-4
2024-05-06 15:36:07.382,20631,20633,20630,17,-17
2024-05-06 15:36:07.382,20631,20633,20629,1,-1
2024-05-06 15:36:12.212,20629,20631,20629,4,-4
2024-05-06 15:36:12.212,20629,20631,20628,16,-16
2024-05-06 15:36:19.368,20628,20629,20629,1,1
2024-05-06 15:36:19.837,20628,20629,20628,1,-1
2024-05-06 15:36:20.853,20627,20628,20628,2,2
2024-05-06 15:36:20.853,20627,20628,20629,6,6
2024-05-06 15:36:20.854,20627,20628,20629,12,12
2024-05-06 15:36:20.975,20628,20629,20629,1,1
2024-05-06 15:36:21.515,20628,20629,20629,1,1
2024-05-06 15:36:27.301,20628,20630,20628,1,-1
2024-05-06 15:36:29.268,20628,20630,20628,1,-1
2024-05-06 15:36:30.822,20628,20630,20630,1,1
2024-05-06 15:36:35.467,20629,20631,20631,1,1
2024-05-06 15:36:41.857,20629,20630,20630,3,3
2024-05-06 15:36:45.535,20629,20630,20630,4,4
2024-05-06 15:36:45.535,20629,20630,20631,1,1
2024-05-06 15:36:50.232,20629,20630,20630,1,1
2024-05-06 15:36:56.463,20629,20630,20630,2,2
2024-05-06 15:36:56.464,20629,20630,20630,1,1
2024-05-06 15:36:58.037,20629,20630,20630,1,1
2024-05-06 15:36:59.079,20630,20631,20631,1,1
2024-05-06 15:37:10.752,20630,20631,20631,1,1
2024-05-06 15:37:22.906,20630,20631,20631,3,3
2024-05-06 15:37:25.159,20630,20631,20631,1,1
2024-05-06 15:37:30.269,20630,20631,20631,2,2
2024-05-06 15:37:35.405,20630,20631,20630,3,-3
2024-05-06 15:37:35.405,20630,20631,20629,2,-2
2024-05-06 15:37:36.685,20629,20630,20630,1,1
2024-05-06 15:37:40.565,20629,20630,20630,3,3
2024-05-06 15:37:40.565,20629,20630,20631,2,2
2024-05-06 15:37:44.288,20630,20631,20630,1,-1
2024-05-06 15:37:46.134,20629,20630,20629,7,-7
2024-05-06 15:37:46.135,20629,20630,20629,5,-5
2024-05-06 15:37:46.135,20629,20630,20629,1,-1
2024-05-06 15:37:51.771,20628,20630,20630,2,2
2024-05-06 15:37:59.374,20629,20630,20629,1,-1
2024-05-06 15:38:02.911,20628,20630,20630,1,1
2024-05-06 15:38:02.931,20628,20630,20628,5,-5
2024-05-06 15:38:03.212,20628,20630,20630,2,2
2024-05-06 15:38:26.718,20630,20631,20631,2,2
2024-05-06 15:38:35.542,20630,20631,20631,1,1
2024-05-06 15:38:35.542,20630,20631,20632,4,4
2024-05-06 15:38:35.601,20630,20632,20632,1,1
2024-05-06 15:38:37.531,20630,20632,20632,1,1
2024-05-06 15:38:39.315,20630,20632,20632,2,2
2024-05-06 15:38:40.807,20630,20632,20632,3,3
2024-05-06 15:38:41.614,20632,20633,20632,2,-2
2024-05-06 15:38:42.063,20632,20633,20633,7,7
2024-05-06 15:38:42.063,20632,20633,20633,6,6
2024-05-06 15:38:42.067,20632,20633,20634,1,1
2024-05-06 15:38:42.182,20633,20634,20634,1,1
2024-05-06 15:38:42.182,20633,20634,20634,3,3
2024-05-06 15:38:46.782,20633,20634,20633,1,-1
2024-05-06 15:38:50.337,20633,20634,20633,1,-1
2024-05-06 15:38:51.785,20632,20634,20634,6,6
2024-05-06 15:39:02.487,20633,20634,20634,1,1
2024-05-06 15:39:02.536,20633,20634,20633,2,-2
2024-05-06 15:39:26.052,20632,20633,20633,1,1
2024-05-06 15:39:30.533,20632,20633,20633,5,5
2024-05-06 15:39:38.338,20633,20634,20633,1,-1
2024-05-06 15:39:43.544,20633,20634,20633,2,-2
2024-05-06 15:39:48.213,20632,20633,20633,1,1
2024-05-06 15:39:55.913,20632,20633,20632,1,-1
2024-05-06 15:39:56.480,20632,20633,20633,4,4
2024-05-06 15:39:56.480,20632,20633,20634,9,9
2024-05-06 15:39:56.756,20632,20634,20634,5,5
2024-05-06 15:39:56.756,20632,20634,20635,8,8
2024-05-06 15:39:56.865,20633,20635,20635,3,3
2024-05-06 15:39:57.523,20634,20635,20635,1,1
2024-05-06 15:39:57.638,20634,20635,20635,1,1
2024-05-06 15:39:57.771,20634,20635,20634,1,-1
2024-05-06 15:39:57.858,20635,20636,20636,1,1
2024-05-06 15:39:58.100,20635,20636,20636,1,1
2024-05-06 15:39:58.494,20635,20636,20636,1,1
2024-05-06 15:40:02.597,20635,20636,20635,1,-1
2024-05-06 15:40:02.741,20635,20636,20636,1,1
2024-05-06 15:40:02.742,20635,20636,20636,1,1
2024-05-06 15:40:03.141,20635,20636,20636,1,1
2024-05-06 15:40:03.195,20635,20636,20636,3,3
2024-05-06 15:40:03.267,20635,20636,20635,2,-2
2024-05-06 15:40:03.303,20635,20636,20634,9,-9
2024-05-06 15:40:04.324,20634,20636,20634,2,-2
2024-05-06 15:40:04.324,20634,20636,20633,1,-1
2024-05-06 15:40:04.371,20633,20635,20633,1,-1
2024-05-06 15:40:06.283,20633,20635,20635,5,5
2024-05-06 15:40:06.284,20633,20635,20635,1,1
2024-05-06 15:40:06.284,20633,20635,20635,4,4
2024-05-06 15:40:08.599,20635,20636,20636,1,1
2024-05-06 15:40:08.725,20635,20636,20636,1,1
2024-05-06 15:40:08.726,20635,20636,20636,1,1
2024-05-06 15:40:09.247,20635,20636,20636,1,1
2024-05-06 15:40:11.079,20635,20636,20635,2,-2
2024-05-06 15:40:11.530,20635,20636,20636,1,1
2024-05-06 15:40:14.310,20635,20636,20636,4,4
2024-05-06 15:40:16.561,20635,20636,20636,5,5
2024-05-06 15:40:17.131,20635,20636,20636,11,11
2024-05-06 15:40:18.177,20636,20637,20636,1,-1
2024-05-06 15:40:19.139,20635,20637,20637,1,1
2024-05-06 15:40:19.350,20635,20637,20635,1,-1
2024-05-06 15:40:20.720,20636,20637,20637,1,1
2024-05-06 15:40:22.935,20636,20637,20637,1,1
2024-05-06 15:40:23.538,20636,20638,20636,10,-10
2024-05-06 15:40:24.899,20636,20637,20637,1,1
2024-05-06 15:40:25.541,20636,20637,20637,5,5
2024-05-06 15:40:28.764,20636,20637,20637,2,2
2024-05-06 15:40:29.831,20636,20637,20637,1,1
2024-05-06 15:40:29.850,20636,20638,20638,1,1
2024-05-06 15:40:29.851,20636,20638,20638,1,1
2024-05-06 15:40:29.984,20636,20638,20638,1,1
2024-05-06 15:40:30.171,20637,20638,20637,1,-1
2024-05-06 15:40:30.687,20636,20637,20637,1,1
2024-05-06 15:40:33.781,20636,20637,20636,4,-4
2024-05-06 15:40:34.290,20636,20637,20636,1,-1
2024-05-06 15:40:34.290,20636,20637,20636,1,-1
2024-05-06 15:40:34.290,20636,20637,20636,2,-2
2024-05-06 15:40:34.290,20636,20637,20636,1,-1
2024-05-06 15:40:35.737,20635,20637,20637,1,1
2024-05-06 15:40:41.677,20635,20636,20635,1,-1
2024-05-06 15:40:41.677,20635,20636,20635,1,-1
2024-05-06 15:40:41.677,20635,20636,20635,2,-2
2024-05-06 15:40:41.677,20635,20636,20635,1,-1
2024-05-06 15:40:41.677,20635,20636,20635,2,-2
2024-05-06 15:40:41.791,20634,20636,20634,2,-2
2024-05-06 15:40:41.849,20634,20636,20634,2,-2
2024-05-06 15:40:41.933,20634,20636,20633,1,-1
2024-05-06 15:40:41.948,20634,20636,20633,1,-1
2024-05-06 15:40:42.750,20633,20634,20634,1,1
2024-05-06 15:40:43.295,20633,20634,20634,1,1
2024-05-06 15:40:46.048,20633,20634,20634,1,1
2024-05-06 15:41:00.818,20633,20635,20633,1,-1
2024-05-06 15:41:03.014,20633,20635,20634,1,-1
2024-05-06 15:41:14.941,20634,20635,20634,2,-2
2024-05-06 15:41:19.597,20634,20635,20634,3,-3
2024-05-06 15:41:19.597,20634,20635,20634,2,-2
2024-05-06 15:41:19.600,20634,20635,20635,1,1
2024-05-06 15:41:20.543,20633,20635,20635,5,5
2024-05-06 15:41:25.176,20633,20634,20634,1,1
2024-05-06 15:41:28.194,20633,20635,20633,1,-1
2024-05-06 15:41:28.822,20633,20635,20633,1,-1
2024-05-06 15:41:31.060,20633,20635,20633,1,-1
2024-05-06 15:41:39.600,20633,20635,20635,1,1
2024-05-06 15:41:43.526,20633,20635,20635,1,1
2024-05-06 15:41:44.192,20633,20635,20635,1,1
2024-05-06 15:41:57.742,20633,20634,20633,15,-15
2024-05-06 15:41:57.879,20631,20633,20631,2,-2
2024-05-06 15:41:58.759,20631,20632,20632,1,1
2024-05-06 15:41:58.759,20631,20632,20633,1,1
2024-05-06 15:42:15.189,20631,20633,20633,1,1
2024-05-06 15:42:15.542,20631,20633,20633,4,4
2024-05-06 15:42:15.542,20631,20633,20634,1,1
2024-05-06 15:42:17.512,20631,20633,20633,2,2
2024-05-06 15:42:19.512,20632,20634,20634,5,5
2024-05-06 15:42:49.056,20634,20635,20634,1,-1
2024-05-06 15:42:50.148,20634,20635,20634,1,-1
2024-05-06 15:42:50.537,20634,20635,20634,1,-1
2024-05-06 15:42:50.538,20634,20635,20634,1,-1
2024-05-06 15:42:54.441,20633,20634,20633,1,-1
2024-05-06 15:42:54.485,20633,20634,20633,1,-1
2024-05-06 15:42:55.265,20633,20634,20634,2,2
2024-05-06 15:42:57.241,20633,20634,20633,1,-1
2024-05-06 15:43:01.396,20633,20634,20634,1,1
2024-05-06 15:43:06.209,20633,20634,20633,1,-1
2024-05-06 15:43:07.837,20633,20634,20634,1,1
2024-05-06 15:43:08.100,20633,20634,20634,1,1
2024-05-06 15:43:10.564,20633,20634,20634,2,2
2024-05-06 15:43:10.564,20633,20634,20635,3,3
2024-05-06 15:43:13.769,20633,20634,20633,1,-1
2024-05-06 15:43:17.841,20633,20634,20633,1,-1
2024-05-06 15:43:17.896,20632,20633,20632,1,-1
2024-05-06 15:43:18.077,20632,20633,20632,1,-1
2024-05-06 15:43:18.589,20632,20633,20632,4,-4
2024-05-06 15:43:21.878,20631,20633,20632,6,-6
2024-05-06 15:43:24.158,20631,20633,20632,1,-1
2024-05-06 15:43:27.411,20631,20633,20632,1,-1
2024-05-06 15:43:32.880,20632,20633,20632,1,-1
2024-05-06 15:43:32.880,20632,20633,20632,1,-1
2024-05-06 15:43:32.881,20632,20633,20632,1,-1
2024-05-06 15:43:32.881,20632,20633,20632,1,-1
2024-05-06 15:43:33.879,20632,20633,20632,1,-1
2024-05-06 15:43:34.237,20632,20633,20632,1,-1
2024-05-06 15:43:34.238,20632,20633,20632,1,-1
2024-05-06 15:43:34.238,20632,20633,20632,1,-1
2024-05-06 15:43:34.238,20632,20633,20632,1,-1
2024-05-06 15:43:36.625,20631,20632,20632,1,1
2024-05-06 15:43:41.813,20631,20632,20632,2,2
2024-05-06 15:43:41.813,20631,20632,20632,1,1
2024-05-06 15:43:41.986,20631,20633,20631,1,-1
2024-05-06 15:43:41.988,20631,20633,20631,1,-1
2024-05-06 15:43:45.696,20631,20633,20632,1,-1
2024-05-06 15:43:54.254,20632,20633,20632,2,-2
2024-05-06 15:43:57.955,20631,20632,20631,2,-2
2024-05-06 15:44:01.766,20631,20632,20632,1,1
2024-05-06 15:44:05.540,20631,20632,20632,5,5
2024-05-06 15:44:14.783,20631,20632,20632,1,1
2024-05-06 15:44:14.784,20631,20632,20632,1,1
2024-05-06 15:44:20.718,20631,20632,20632,2,2
2024-05-06 15:44:20.726,20631,20632,20632,1,1
2024-05-06 15:44:23.682,20631,20632,20632,2,2
2024-05-06 15:44:25.678,20632,20633,20633,2,2
2024-05-06 15:44:40.421,20633,20634,20633,3,-3
2024-05-06 15:44:46.595,20633,20634,20633,1,-1
2024-05-06 15:44:51.163,20633,20634,20633,2,-2
2024-05-06 15:44:55.450,20632,20633,20632,1,-1
2024-05-06 15:45:00.539,20631,20633,20633,5,5
2024-05-06 15:45:00.871,20632,20634,20634,1,1
2024-05-06 15:45:06.744,20632,20634,20632,5,-5
2024-05-06 15:45:11.225,20633,20634,20633,1,-1
2024-05-06 15:45:20.894,20632,20633,20632,1,-1
2024-05-06 15:45:25.098,20632,20633,20632,2,-2
2024-05-06 15:45:25.098,20632,20633,20632,2,-2
2024-05-06 15:45:27.100,20631,20632,20631,2,-2
2024-05-06 15:45:34.352,20631,20632,20631,3,-3
2024-05-06 15:45:41.831,20631,20632,20631,1,-1
2024-05-06 15:45:47.961,20631,20632,20632,1,1
2024-05-06 15:45:55.537,20631,20632,20632,4,4
2024-05-06 15:45:55.537,20631,20632,20633,1,1
2024-05-06 15:46:11.442,20631,20632,20631,1,-1
2024-05-06 15:46:11.485,20631,20632,20632,1,1
2024-05-06 15:46:13.072,20631,20632,20631,4,-4
2024-05-06 15:46:18.663,20631,20632,20631,1,-1
2024-05-06 15:46:25.079,20630,20631,20630,6,-6
2024-05-06 15:46:25.270,20630,20631,20630,1,-1
2024-05-06 15:46:29.539,20630,20631,20630,4,-4
2024-05-06 15:46:44.106,20630,20631,20630,1,-1
2024-05-06 15:46:44.106,20630,20631,20630,1,-1
2024-05-06 15:46:44.106,20630,20631,20630,1,-1
2024-05-06 15:46:44.106,20630,20631,20630,4,-4
2024-05-06 15:46:44.109,20630,20631,20629,1,-1
2024-05-06 15:46:44.225,20628,20630,20630,1,1
2024-05-06 15:46:50.533,20628,20629,20629,1,1
2024-05-06 15:46:50.533,20628,20629,20630,4,4
2024-05-06 15:47:16.922,20629,20630,20629,1,-1
2024-05-06 15:47:28.114,20628,20629,20628,1,-1
2024-05-06 15:47:40.102,20628,20629,20628,1,-1
2024-05-06 15:47:45.542,20628,20629,20629,5,5
2024-05-06 15:47:59.454,20628,20629,20628,5,-5
2024-05-06 15:47:59.455,20628,20629,20628,5,-5
2024-05-06 15:47:59.700,20627,20629,20627,1,-1
2024-05-06 15:47:59.758,20627,20628,20627,1,-1
2024-05-06 15:48:00.243,20627,20628,20628,2,2
2024-05-06 15:48:00.293,20627,20628,20628,2,2
2024-05-06 15:48:03.550,20628,20629,20628,1,-1
2024-05-06 15:48:25.021,20628,20629,20628,1,-1
2024-05-06 15:48:40.536,20628,20629,20629,5,5
2024-05-06 15:48:48.540,20628,20629,20629,2,2
2024-05-06 15:49:01.060,20628,20629,20629,1,1
2024-05-06 15:49:03.284,20628,20629,20629,9,9
2024-05-06 15:49:12.474,20629,20630,20630,3,3
2024-05-06 15:49:12.474,20629,20630,20630,2,2
2024-05-06 15:49:12.783,20630,20631,20630,2,-2
2024-05-06 15:49:12.829,20630,20631,20629,1,-1
2024-05-06 15:49:19.808,20628,20630,20630,6,6
2024-05-06 15:49:19.808,20628,20630,20631,11,11
2024-05-06 15:49:19.810,20628,20630,20631,3,3
2024-05-06 15:49:30.984,20630,20631,20630,1,-1
2024-05-06 15:49:35.543,20629,20630,20630,2,2
2024-05-06 15:49:35.543,20629,20630,20631,2,2
2024-05-06 15:49:35.543,20629,20630,20632,1,1
2024-05-06 15:49:43.515,20630,20632,20632,1,1
2024-05-06 15:49:43.766,20630,20632,20632,1,1
2024-05-06 15:49:43.791,20630,20632,20632,1,1
2024-05-06 15:49:43.816,20630,20632,20632,1,1
2024-05-06 15:49:59.265,20631,20632,20632,1,1
2024-05-06 15:50:00.075,20631,20632,20631,1,-1
2024-05-06 15:50:00.075,20631,20632,20631,1,-1
2024-05-06 15:50:00.075,20631,20632,20631,1,-1
2024-05-06 15:50:00.111,20630,20631,20631,1,1
2024-05-06 15:50:00.111,20630,20631,20631,1,1
2024-05-06 15:50:00.111,20630,20631,20631,1,1
2024-05-06 15:50:00.112,20630,20631,20631,1,1
2024-05-06 15:50:00.112,20630,20631,20631,1,1
2024-05-06 15:50:00.113,20630,20631,20632,1,1
2024-05-06 15:50:08.110,20630,20631,20630,1,-1
2024-05-06 15:50:08.112,20630,20631,20630,1,-1
2024-05-06 15:50:08.112,20630,20631,20630,1,-1
2024-05-06 15:50:08.226,20629,20631,20631,1,1
2024-05-06 15:50:08.226,20629,20631,20631,1,1
2024-05-06 15:50:08.226,20629,20631,20631,1,1
2024-05-06 15:50:08.227,20629,20631,20631,1,1
2024-05-06 15:50:08.227,20629,20631,20631,1,1
2024-05-06 15:50:08.228,20629,20631,20631,1,1
2024-05-06 15:50:08.231,20629,20631,20631,1,1
2024-05-06 15:50:25.619,20631,20632,20632,1,1
2024-05-06 15:50:25.619,20631,20632,20632,1,1
2024-05-06 15:50:25.727,20631,20633,20633,1,1
2024-05-06 15:50:30.556,20631,20632,20632,1,1
2024-05-06 15:50:30.556,20631,20632,20633,2,2
2024-05-06 15:50:30.556,20631,20632,20634,2,2
2024-05-06 15:50:30.601,20632,20634,20634,1,1
2024-05-06 15:50:30.601,20632,20634,20634,1,1
2024-05-06 15:50:30.601,20632,20634,20634,1,1
2024-05-06 15:50:30.789,20632,20634,20632,1,-1
2024-05-06 15:50:31.212,20632,20634,20632,1,-1
2024-05-06 15:50:31.225,20632,20634,20634,1,1
2024-05-06 15:50:31.226,20632,20634,20634,1,1
2024-05-06 15:50:31.226,20632,20634,20634,1,1
2024-05-06 15:50:31.228,20632,20634,20632,4,-4
2024-05-06 15:50:31.228,20632,20634,20632,1,-1
2024-05-06 15:50:44.382,20631,20632,20632,1,1
2024-05-06 15:50:48.034,20631,20632,20631,2,-2
2024-05-06 15:50:48.100,20631,20632,20632,1,1
2024-05-06 15:50:48.101,20631,20632,20632,1,1
2024-05-06 15:50:48.805,20631,20632,20631,2,-2
2024-05-06 15:50:51.480,20630,20631,20630,3,-3
2024-05-06 15:50:56.526,20629,20630,20629,2,-2
2024-05-06 15:50:58.617,20628,20629,20628,2,-2
2024-05-06 15:50:58.617,20628,20629,20628,1,-1
2024-05-06 15:50:58.737,20627,20628,20627,10,-10
2024-05-06 15:50:58.905,20626,20627,20627,2,2
2024-05-06 15:50:59.552,20626,20627,20626,1,-1
2024-05-06 15:50:59.552,20626,20627,20626,2,-2
2024-05-06 15:50:59.642,20625,20626,20625,3,-3
2024-05-06 15:50:59.775,20625,20626,20625,1,-1
2024-05-06 15:51:00.553,20624,20626,20624,2,-2
2024-05-06 15:51:03.373,20624,20625,20625,1,1
2024-05-06 15:51:03.879,20624,20625,20624,4,-4
2024-05-06 15:51:04.104,20622,20624,20624,1,1
2024-05-06 15:51:04.119,20622,20624,20622,1,-1
2024-05-06 15:51:04.139,20622,20624,20622,1,-1
2024-05-06 15:51:04.139,20622,20624,20622,1,-1
2024-05-06 15:51:04.410,20622,20623,20622,3,-3
2024-05-06 15:51:04.410,20622,20623,20622,3,-3
2024-05-06 15:51:14.245,20621,20622,20621,2,-2
2024-05-06 15:51:22.750,20621,20622,20622,7,7
2024-05-06 15:51:25.529,20621,20622,20622,5,5
2024-05-06 15:51:28.399,20622,20623,20622,3,-3
2024-05-06 15:51:28.526,20621,20623,20622,5,-5
2024-05-06 15:51:31.125,20622,20623,20622,3,-3
2024-05-06 15:51:37.104,20621,20623,20622,1,-1
2024-05-06 15:51:47.571,20622,20623,20622,1,-1
2024-05-06 15:51:49.271,20622,20623,20623,1,1
2024-05-06 15:51:49.272,20622,20623,20623,5,5
2024-05-06 15:51:59.879,20622,20623,20622,1,-1
2024-05-06 15:52:07.480,20622,20623,20623,2,2
2024-05-06 15:52:07.481,20622,20623,20623,2,2
2024-05-06 15:52:14.358,20622,20623,20622,3,-3
2024-05-06 15:52:18.746,20621,20622,20621,1,-1
2024-05-06 15:52:20.528,20621,20622,20622,5,5
2024-05-06 15:52:23.097,20621,20622,20622,1,1
2024-05-06 15:52:24.594,20621,20622,20622,1,1
2024-05-06 15:52:24.760,20621,20622,20621,3,-3
2024-05-06 15:52:24.760,20621,20622,20620,1,-1
2024-05-06 15:52:26.327,20621,20622,20622,1,1
2024-05-06 15:52:26.525,20621,20622,20621,1,-1
2024-05-06 15:52:27.692,20620,20622,20622,1,1
2024-05-06 15:52:27.761,20621,20622,20622,1,1
2024-05-06 15:52:37.496,20622,20623,20622,1,-1
2024-05-06 15:52:37.625,20621,20623,20623,1,1
2024-05-06 15:52:41.040,20621,20622,20621,1,-1
2024-05-06 15:52:41.321,20621,20622,20622,3,3
2024-05-06 15:52:52.057,20621,20622,20622,1,1
2024-05-06 15:52:52.788,20621,20622,20622,1,1
2024-05-06 15:53:07.641,20622,20623,20623,1,1
2024-05-06 15:53:09.226,20622,20623,20623,1,1
2024-05-06 15:53:15.534,20623,20624,20624,5,5
2024-05-06 15:53:27.004,20624,20625,20624,1,-1
2024-05-06 15:53:27.097,20624,20625,20623,1,-1
2024-05-06 15:53:27.097,20623,20624,20623,1,-1
2024-05-06 15:53:27.098,20623,20624,20622,3,-3
2024-05-06 15:53:40.171,20621,20622,20621,3,-3
2024-05-06 15:53:40.534,20621,20622,20621,2,-2
2024-05-06 15:53:40.534,20621,20622,20621,1,-1
2024-05-06 15:53:42.014,20620,20622,20620,1,-1
2024-05-06 15:53:47.511,20620,20621,20620,6,-6
2024-05-06 15:53:47.600,20619,20620,20619,1,-1
2024-05-06 15:53:48.015,20619,20620,20619,1,-1
2024-05-06 15:53:48.675,20619,20620,20620,3,3
2024-05-06 15:53:50.933,20620,20621,20620,1,-1
2024-05-06 15:53:51.046,20619,20621,20619,2,-2
2024-05-06 15:53:53.074,20620,20621,20620,1,-1
2024-05-06 15:54:10.537,20620,20621,20621,5,5
2024-05-06 15:54:17.077,20620,20621,20620,1,-1
2024-05-06 15:54:31.112,20618,20619,20618,1,-1
2024-05-06 15:54:31.239,20618,20620,20618,1,-1
2024-05-06 15:54:31.312,20618,20620,20618,1,-1
2024-05-06 15:54:31.312,20618,20620,20617,3,-3
2024-05-06 15:54:31.362,20617,20619,20617,4,-4
2024-05-06 15:54:37.622,20618,20619,20619,1,1
2024-05-06 15:54:38.693,20619,20620,20619,1,-1
2024-05-06 15:54:39.654,20618,20620,20620,2,2
2024-05-06 15:54:47.774,20619,20620,20620,10,10
2024-05-06 15:54:47.967,20620,20621,20620,1,-1
2024-05-06 15:54:47.981,20620,20621,20621,2,2
2024-05-06 15:54:49.846,20620,20621,20620,1,-1
2024-05-06 15:54:49.958,20619,20621,20619,1,-1
2024-05-06 15:55:02.856,20619,20620,20619,6,-6
2024-05-06 15:55:05.532,20618,20619,20619,1,1
2024-05-06 15:55:05.532,20618,20619,20620,4,4
2024-05-06 15:55:05.693,20618,20620,20618,1,-1
2024-05-06 15:55:07.942,20618,20620,20619,1,-1
2024-05-06 15:55:07.943,20618,20620,20619,2,-2
2024-05-06 15:55:33.375,20618,20619,20619,2,2
2024-05-06 15:55:35.465,20618,20619,20619,1,1
2024-05-06 15:55:38.345,20618,20619,20619,1,1
2024-05-06 15:55:39.133,20618,20619,20619,2,2
2024-05-06 15:55:54.266,20619,20620,20620,1,1
2024-05-06 15:55:54.266,20619,20620,20620,1,1
2024-05-06 15:55:54.266,20619,20620,20620,1,1
2024-05-06 15:55:54.266,20619,20620,20620,1,1
2024-05-06 15:55:54.266,20619,20620,20620,2,2
2024-05-06 15:55:54.266,20619,20620,20620,4,4
2024-05-06 15:56:00.543,20619,20621,20621,5,5
2024-05-06 15:56:06.058,20620,20621,20621,1,1
2024-05-06 15:56:10.180,20620,20621,20621,2,2
2024-05-06 15:56:10.180,20620,20621,20621,1,1
2024-05-06 15:56:14.564,20620,20622,20620,2,-2
2024-05-06 15:56:24.814,20621,20622,20621,1,-1
2024-05-06 15:56:33.857,20621,20622,20621,1,-1
2024-05-06 15:56:42.733,20620,20622,20620,1,-1
2024-05-06 15:56:53.597,20621,20622,20622,2,2
2024-05-06 15:56:53.597,20621,20622,20622,1,1
2024-05-06 15:56:53.600,20621,20622,20623,1,1
2024-05-06 15:56:55.558,20622,20623,20623,5,5
2024-05-06 15:56:59.385,20623,20624,20623,1,-1
2024-05-06 15:57:00.021,20623,20624,20624,1,1
2024-05-06 15:57:00.102,20624,20625,20625,1,1
2024-05-06 15:57:00.103,20624,20625,20625,1,1
2024-05-06 15:57:00.103,20624,20625,20625,1,1
2024-05-06 15:57:00.103,20624,20625,20625,1,1
2024-05-06 15:57:00.104,20624,20625,20625,1,1
2024-05-06 15:57:00.104,20624,20625,20626,1,1
2024-05-06 15:57:00.277,20624,20626,20624,1,-1
2024-05-06 15:57:00.279,20624,20626,20624,1,-1
2024-05-06 15:57:00.283,20624,20626,20624,4,-4
2024-05-06 15:57:01.331,20623,20625,20625,1,1
2024-05-06 15:57:01.351,20623,20625,20625,1,1
2024-05-06 15:57:01.351,20623,20625,20625,1,1
2024-05-06 15:57:01.351,20623,20625,20625,1,1
2024-05-06 15:57:01.353,20623,20625,20626,1,1
2024-05-06 15:57:01.576,20624,20626,20625,3,3
2024-05-06 15:57:01.953,20624,20626,20624,4,-4
2024-05-06 15:57:04.518,20624,20625,20625,2,2
2024-05-06 15:57:07.843,20625,20626,20625,1,-1
2024-05-06 15:57:07.843,20625,20626,20625,1,-1
2024-05-06 15:57:17.974,20623,20624,20623,4,-4
2024-05-06 15:57:18.100,20621,20623,20623,1,1
2024-05-06 15:57:18.100,20621,20623,20623,1,1
2024-05-06 15:57:18.100,20621,20623,20623,1,1
2024-05-06 15:57:18.101,20621,20623,20624,1,1
2024-05-06 15:57:18.105,20621,20623,20624,1,1
2024-05-06 15:57:18.225,20622,20624,20624,1,1
2024-05-06 15:57:18.226,20622,20624,20624,1,1
2024-05-06 15:57:19.847,20624,20625,20624,1,-1
2024-05-06 15:57:22.199,20623,20624,20623,1,-1
2024-05-06 15:57:25.277,20623,20624,20623,1,-1
2024-05-06 15:57:41.317,20621,20622,20622,1,1
2024-05-06 15:57:47.504,20621,20622,20621,1,-1
2024-05-06 15:57:47.600,20620,20622,20622,1,1
2024-05-06 15:57:47.600,20620,20622,20622,1,1
2024-05-06 15:57:47.600,20620,20622,20622,1,1
2024-05-06 15:57:47.601,20620,20622,20622,1,1
2024-05-06 15:57:47.601,20620,20622,20622,1,1
2024-05-06 15:57:47.601,20620,20622,20622,6,6
2024-05-06 15:57:47.601,20620,20622,20622,1,1
2024-05-06 15:57:47.602,20620,20622,20623,1,1
2024-05-06 15:57:50.537,20622,20623,20623,2,2
2024-05-06 15:57:50.537,20622,20623,20624,3,3
2024-05-06 15:57:50.598,20622,20624,20624,3,3
2024-05-06 15:57:50.600,20622,20624,20624,1,1
2024-05-06 15:57:50.601,20622,20624,20624,1,1
2024-05-06 15:57:52.105,20623,20624,20623,1,-1
2024-05-06 15:57:52.105,20623,20624,20622,3,-3
2024-05-06 15:57:54.145,20623,20624,20623,1,-1
2024-05-06 15:57:57.294,20623,20624,20623,2,-2
2024-05-06 15:57:58.086,20622,20624,20624,1,1
2024-05-06 15:58:28.630,20622,20623,20622,10,-10
2024-05-06 15:58:29.354,20621,20623,20621,2,-2
2024-05-06 15:58:33.132,20620,20621,20621,1,1
2024-05-06 15:58:41.097,20620,20622,20622,3,3
2024-05-06 15:58:45.538,20621,20622,20622,2,2
2024-05-06 15:58:45.538,20621,20622,20623,3,3
2024-05-06 15:59:22.684,20621,20622,20621,1,-1
2024-05-06 15:59:25.700,20621,20622,20621,1,-1
2024-05-06 15:59:29.943,20621,20622,20621,1,-1
2024-05-06 15:59:32.480,20621,20622,20621,1,-1
2024-05-06 15:59:40.538,20621,20622,20622,5,5
2024-05-06 15:59:44.136,20621,20622,20621,5,-5
2024-05-06 15:59:44.137,20621,20622,20621,4,-4
2024-05-06 15:59:50.249,20620,20621,20620,1,-1
2024-05-06 15:59:51.651,20620,20621,20620,1,-1
2024-05-06 15:59:51.651,20620,20621,20620,2,-2
2024-05-06 15:59:51.651,20620,20621,20620,1,-1
2024-05-06 15:59:51.651,20620,20621,20620,3,-3
2024-05-06 15:59:51.854,20619,20621,20619,1,-1
2024-05-06 15:59:57.557,20619,20620,20619,1,-1
2024-05-06 15:59:59.251,20619,20620,20619,1,-1
2024-05-06 16:00:00.115,20618,20619,20619,1,1
2024-05-06 16:00:00.115,20618,20619,20619,2,2
2024-05-06 16:00:00.662,20618,20620,20620,1,1
2024-05-06 16:00:00.836,20618,20620,20618,6,-6
2024-05-06 16:00:00.910,20618,20620,20618,1,-1
2024-05-06 16:00:01.108,20618,20620,20618,1,-1
2024-05-06 16:00:01.418,20618,20619,20618,1,-1
2024-05-06 16:00:03.115,20618,20619,20619,3,3
2024-05-06 16:00:04.618,20618,20620,20618,1,-1
2024-05-06 16:00:12.772,20618,20619,20619,2,2
2024-05-06 16:00:33.745,20618,20619,20619,1,1
2024-05-06 16:00:34.074,20618,20619,20618,1,-1
2024-05-06 16:00:35.813,20618,20619,20618,1,-1
2024-05-06 16:00:39.347,20618,20619,20618,1,-1
2024-05-06 16:00:41.960,20618,20619,20618,7,-7
2024-05-06 16:00:41.960,20618,20619,20618,1,-1
2024-05-06 16:00:44.622,20617,20618,20618,3,3
2024-05-06 16:00:50.010,20617,20618,20618,1,1
2024-05-06 16:00:50.010,20617,20618,20618,1,1
2024-05-06 16:01:00.231,20617,20618,20617,9,-9
2024-05-06 16:01:00.231,20617,20618,20617,4,-4
2024-05-06 16:01:00.231,20617,20618,20617,1,-1
2024-05-06 16:01:00.231,20617,20618,20617,1,-1
2024-05-06 16:01:00.231,20617,20618,20617,1,-1
2024-05-06 16:01:00.244,20617,20618,20616,2,-2
2024-05-06 16:01:00.289,20617,20618,20616,2,-2
2024-05-06 16:01:00.512,20615,20617,20617,2,2
2024-05-06 16:01:00.585,20615,20617,20615,1,-1
2024-05-06 16:01:00.616,20615,20617,20615,1,-1
2024-05-06 16:01:00.779,20615,20617,20615,1,-1
2024-05-06 16:01:06.113,20616,20618,20618,1,1
2024-05-06 16:01:10.373,20616,20618,20618,3,3
2024-05-06 16:01:10.892,20616,20618,20618,2,2
2024-05-06 16:01:14.311,20616,20618,20618,1,1
2024-05-06 16:01:17.599,20617,20618,20618,1,1
2024-05-06 16:01:17.792,20618,20620,20618,1,-1
2024-05-06 16:01:18.761,20618,20620,20620,5,5
2024-05-06 16:01:19.052,20618,20620,20618,2,-2
2024-05-06 16:01:21.870,20618,20620,20618,3,-3
2024-05-06 16:01:33.170,20618,20619,20618,4,-4
2024-05-06 16:01:34.531,20618,20619,20618,1,-1
2024-05-06 16:01:36.080,20618,20619,20618,1,-1
2024-05-06 16:01:36.667,20618,20619,20618,1,-1
2024-05-06 16:01:36.679,20618,20619,20618,1,-1
2024-05-06 16:01:39.973,20618,20619,20618,1,-1
2024-05-06 16:01:45.683,20618,20619,20618,2,-2
2024-05-06 16:01:47.557,20618,20619,20618,1,-1
2024-05-06 16:01:48.993,20617,20618,20617,1,-1
2024-05-06 16:01:59.014,20617,20618,20617,1,-1
2024-05-06 16:02:00.040,20616,20618,20618,1,1
2024-05-06 16:02:04.364,20618,20619,20618,1,-1
2024-05-06 16:02:05.691,20618,20619,20619,8,8
2024-05-06 16:02:20.494,20619,20620,20619,1,-1
2024-05-06 16:02:21.440,20619,20620,20620,1,1
2024-05-06 16:02:21.511,20619,20620,20619,3,-3
2024-05-06 16:02:27.232,20619,20620,20620,4,4
2024-05-06 16:02:27.236,20619,20620,20621,1,1
2024-05-06 16:02:29.397,20621,20622,20622,2,2
2024-05-06 16:02:31.779,20621,20622,20622,2,2
2024-05-06 16:02:41.566,20622,20623,20623,1,1
2024-05-06 16:02:43.026,20622,20623,20623,2,2
2024-05-06 16:02:50.965,20622,20624,20622,5,-5
2024-05-06 16:03:03.047,20622,20623,20624,1,1
2024-05-06 16:03:03.047,20622,20623,20623,2,2
2024-05-06 16:03:08.529,20622,20623,20623,3,3
2024-05-06 16:03:16.263,20622,20623,20623,2,2
2024-05-06 16:03:16.263,20622,20623,20624,1,1
2024-05-06 16:03:18.560,20622,20624,20624,3,3
2024-05-06 16:03:19.895,20623,20624,20624,3,3
2024-05-06 16:03:20.186,20623,20624,20624,2,2
2024-05-06 16:03:20.186,20623,20624,20624,2,2
2024-05-06 16:03:20.244,20623,20625,20623,1,-1
2024-05-06 16:03:28.159,20624,20625,20624,1,-1
2024-05-06 16:03:29.381,20623,20624,20623,2,-2
2024-05-06 16:03:39.959,20622,20624,20624,3,3
2024-05-06 16:04:02.953,20622,20624,20623,1,1
2024-05-06 16:04:08.777,20622,20624,20622,1,-1
2024-05-06 16:04:34.765,20622,20624,20622,1,-1
2024-05-06 16:04:37.545,20622,20624,20622,1,-1
2024-05-06 16:04:45.933,20623,20624,20623,2,-2
2024-05-06 16:05:15.501,20623,20624,20623,1,-1
2024-05-06 16:05:18.893,20623,20624,20624,3,3
2024-05-06 16:05:18.893,20623,20624,20624,4,4
2024-05-06 16:05:18.893,20623,20624,20624,9,9
2024-05-06 16:05:18.915,20623,20624,20625,3,3
2024-05-06 16:05:19.005,20625,20626,20626,1,1
2024-05-06 16:05:24.791,20624,20626,20624,1,-1
2024-05-06 16:05:26.531,20624,20625,20625,1,1
2024-05-06 16:05:32.019,20625,20626,20626,1,1
2024-05-06 16:05:36.299,20625,20626,20626,1,1
2024-05-06 16:05:38.995,20625,20626,20625,1,-1
2024-05-06 16:05:40.688,20623,20625,20625,2,2
2024-05-06 16:05:43.097,20624,20625,20625,1,1
2024-05-06 16:06:17.604,20624,20625,20625,3,3
2024-05-06 16:06:18.714,20624,20625,20625,3,3
2024-05-06 16:06:21.100,20624,20625,20624,4,-4
2024-05-06 16:06:21.476,20622,20624,20624,6,6
2024-05-06 16:06:21.476,20622,20624,20625,4,4
2024-05-06 16:06:24.953,20623,20625,20625,1,1
2024-05-06 16:06:27.012,20623,20625,20625,1,1
2024-05-06 16:06:43.286,20624,20625,20625,1,1
2024-05-06 16:06:48.140,20625,20626,20626,1,1
2024-05-06 16:07:01.321,20625,20626,20626,1,1
2024-05-06 16:07:04.416,20624,20626,20626,1,1
2024-05-06 16:07:09.206,20625,20626,20626,1,1
2024-05-06 16:07:09.207,20625,20626,20626,1,1
2024-05-06 16:07:09.207,20625,20626,20626,1,1
2024-05-06 16:07:09.875,20626,20627,20627,1,1
2024-05-06 16:07:09.875,20626,20627,20627,1,1
2024-05-06 16:07:09.875,20626,20627,20627,2,2
2024-05-06 16:07:12.145,20627,20628,20628,2,2
2024-05-06 16:07:12.145,20627,20628,20628,1,1
2024-05-06 16:07:20.805,20627,20629,20629,1,1
2024-05-06 16:07:20.863,20627,20629,20629,3,3
2024-05-06 16:07:21.114,20628,20629,20629,1,1
2024-05-06 16:07:24.110,20628,20630,20630,2,2
2024-05-06 16:07:24.513,20628,20630,20630,1,1
2024-05-06 16:07:27.345,20628,20630,20628,1,-1
2024-05-06 16:07:28.092,20628,20630,20630,1,1
2024-05-06 16:07:28.248,20628,20630,20629,1,1
2024-05-06 16:07:28.453,20628,20629,20629,2,2
2024-05-06 16:07:28.465,20628,20629,20629,1,1
2024-05-06 16:07:30.121,20628,20630,20630,1,1
2024-05-06 16:07:35.346,20629,20630,20630,1,1
2024-05-06 16:07:35.346,20629,20630,20630,1,1
2024-05-06 16:07:35.557,20629,20631,20631,2,2
2024-05-06 16:07:35.607,20629,20631,20631,1,1
2024-05-06 16:07:37.971,20630,20631,20631,1,1
2024-05-06 16:07:42.387,20630,20631,20631,3,3
2024-05-06 16:07:42.466,20630,20631,20632,1,1
2024-05-06 16:07:44.003,20630,20631,20631,3,3
2024-05-06 16:07:44.593,20630,20631,20630,2,-2
2024-05-06 16:07:44.594,20630,20631,20630,2,-2
2024-05-06 16:07:45.723,20629,20631,20631,3,3
2024-05-06 16:07:49.651,20630,20631,20630,2,-2
2024-05-06 16:07:50.104,20629,20630,20630,1,1
2024-05-06 16:07:51.599,20630,20631,20630,10,-10
2024-05-06 16:07:51.621,20630,20631,20629,2,-2
2024-05-06 16:07:52.916,20629,20630,20630,5,5
2024-05-06 16:07:52.917,20629,20630,20630,1,1
2024-05-06 16:08:04.316,20629,20630,20630,1,1
2024-05-06 16:08:13.422,20629,20630,20630,1,1
2024-05-06 16:08:15.866,20629,20630,20630,1,1
2024-05-06 16:08:19.795,20629,20630,20630,1,1
2024-05-06 16:08:20.586,20629,20630,20629,1,-1
2024-05-06 16:08:27.705,20629,20630,20630,1,1
2024-05-06 16:08:33.203,20629,20630,20630,1,1
2024-05-06 16:08:34.083,20629,20630,20630,1,1
2024-05-06 16:08:40.748,20629,20630,20630,1,1
2024-05-06 16:08:40.913,20629,20630,20629,2,-2
2024-05-06 16:08:45.053,20629,20630,20629,4,-4
2024-05-06 16:08:45.203,20629,20630,20629,3,-3
2024-05-06 16:08:45.423,20628,20629,20629,1,1
2024-05-06 16:08:45.496,20628,20629,20629,1,1
2024-05-06 16:08:47.804,20628,20629,20628,1,-1
2024-05-06 16:08:51.454,20628,20629,20628,1,-1
2024-05-06 16:08:51.454,20628,20629,20628,2,-2
2024-05-06 16:08:59.250,20627,20629,20629,1,1
2024-05-06 16:08:59.622,20628,20629,20629,1,1
2024-05-06 16:09:07.555,20629,20630,20630,1,1
2024-05-06 16:09:07.555,20629,20630,20630,1,1
2024-05-06 16:09:07.555,20629,20630,20630,1,1
2024-05-06 16:09:10.461,20629,20631,20631,1,1
2024-05-06 16:09:13.598,20630,20631,20631,1,1
2024-05-06 16:09:25.413,20629,20631,20630,1,1
2024-05-06 16:09:30.568,20630,20631,20631,1,1
2024-05-06 16:09:42.624,20630,20631,20631,1,1
2024-05-06 16:09:48.345,20630,20631,20630,2,-2
2024-05-06 16:09:54.156,20630,20631,20630,1,-1
2024-05-06 16:10:00.389,20630,20631,20631,3,3
2024-05-06 16:10:00.486,20631,20632,20632,1,1
2024-05-06 16:10:00.487,20631,20632,20632,11,11
2024-05-06 16:10:00.487,20631,20632,20632,2,2
2024-05-06 16:10:00.510,20631,20632,20632,5,5
2024-05-06 16:10:00.868,20631,20633,20633,1,1
2024-05-06 16:10:00.938,20631,20633,20633,1,1
2024-05-06 16:10:00.989,20631,20633,20633,1,1
2024-05-06 16:10:01.161,20631,20633,20633,1,1
2024-05-06 16:10:01.385,20631,20633,20633,1,1
2024-05-06 16:10:01.385,20631,20633,20633,1,1
2024-05-06 16:10:14.204,20630,20632,20632,1,1
2024-05-06 16:10:21.710,20630,20631,20630,1,-1
2024-05-06 16:10:21.726,20630,20631,20631,1,1
2024-05-06 16:10:31.097,20630,20631,20631,1,1
2024-05-06 16:10:43.446,20631,20632,20631,2,-2
2024-05-06 16:10:43.477,20631,20632,20632,1,1
2024-05-06 16:10:53.025,20631,20632,20632,3,3
2024-05-06 16:10:53.101,20631,20632,20632,1,1
2024-05-06 16:10:53.101,20631,20632,20633,1,1
2024-05-06 16:10:53.107,20631,20632,20633,1,1
2024-05-06 16:10:58.791,20632,20633,20632,1,-1
2024-05-06 16:11:20.725,20632,20633,20632,1,-1
2024-05-06 16:11:25.395,20632,20633,20633,1,1
2024-05-06 16:11:29.540,20632,20633,20633,1,1
2024-05-06 16:11:29.541,20632,20633,20633,2,2
2024-05-06 16:11:37.435,20633,20634,20634,2,2
2024-05-06 16:11:37.436,20633,20634,20634,3,3
2024-05-06 16:11:37.436,20633,20634,20634,1,1
2024-05-06 16:11:37.436,20633,20634,20634,1,1
2024-05-06 16:11:38.424,20633,20635,20635,1,1
2024-05-06 16:11:38.489,20633,20635,20635,1,1
2024-05-06 16:11:38.503,20633,20635,20635,1,1
2024-05-06 16:11:43.873,20634,20635,20635,6,6
2024-05-06 16:11:43.873,20634,20635,20635,1,1
2024-05-06 16:11:45.478,20634,20635,20635,2,2
2024-05-06 16:11:46.793,20634,20635,20635,4,4
2024-05-06 16:11:47.405,20634,20635,20635,1,1
2024-05-06 16:11:48.600,20634,20635,20635,4,4
2024-05-06 16:11:48.601,20634,20635,20635,2,2
2024-05-06 16:11:52.730,20635,20636,20636,2,2
2024-05-06 16:11:52.928,20635,20636,20636,1,1
2024-05-06 16:11:55.031,20635,20636,20636,1,1
2024-05-06 16:11:58.377,20635,20636,20636,1,1
2024-05-06 16:12:01.190,20635,20636,20636,4,4
2024-05-06 16:12:01.190,20635,20636,20637,1,1
2024-05-06 16:12:01.948,20636,20637,20636,1,-1
2024-05-06 16:12:02.471,20636,20637,20637,1,1
2024-05-06 16:12:02.472,20636,20637,20637,7,7
2024-05-06 16:12:02.472,20636,20637,20637,3,3
2024-05-06 16:12:02.474,20636,20638,20638,1,1
2024-05-06 16:12:02.475,20636,20638,20638,4,4
2024-05-06 16:12:02.476,20636,20638,20638,1,1
2024-05-06 16:12:02.476,20636,20638,20638,4,4
2024-05-06 16:12:02.476,20636,20638,20638,3,3
2024-05-06 16:12:02.676,20638,20639,20639,1,1
2024-05-06 16:12:02.708,20638,20639,20639,1,1
2024-05-06 16:12:02.737,20638,20639,20639,1,1
2024-05-06 16:12:02.783,20638,20639,20639,2,2
2024-05-06 16:12:02.801,20638,20639,20639,1,1
2024-05-06 16:12:02.995,20638,20639,20639,1,1
2024-05-06 16:12:02.996,20638,20639,20639,1,1
2024-05-06 16:12:03.118,20638,20639,20638,1,-1
2024-05-06 16:12:05.644,20637,20638,20638,1,1
2024-05-06 16:12:07.467,20637,20638,20638,4,4
2024-05-06 16:12:07.564,20637,20639,20639,1,1
2024-05-06 16:12:07.967,20637,20639,20637,5,-5
2024-05-06 16:12:09.459,20638,20639,20639,1,1
2024-05-06 16:12:09.783,20638,20639,20639,1,1
2024-05-06 16:12:10.102,20638,20639,20638,1,-1
2024-05-06 16:12:12.939,20638,20639,20639,2,2
2024-05-06 16:12:13.677,20638,20639,20638,1,-1
2024-05-06 16:12:14.347,20638,20639,20638,1,-1
2024-05-06 16:12:14.769,20638,20639,20638,1,-1
2024-05-06 16:12:14.869,20638,20639,20638,1,-1
2024-05-06 16:12:15.675,20637,20639,20639,1,1
2024-05-06 16:12:15.829,20637,20639,20639,2,2
2024-05-06 16:12:20.019,20638,20639,20638,1,-1
2024-05-06 16:12:20.179,20638,20639,20639,2,2
2024-05-06 16:12:20.211,20638,20639,20638,1,-1
2024-05-06 16:12:21.746,20638,20639,20638,1,-1
2024-05-06 16:12:22.325,20638,20639,20639,1,1
2024-05-06 16:12:24.580,20637,20639,20639,1,1
2024-05-06 16:12:25.453,20637,20639,20638,2,2
2024-05-06 16:12:25.641,20637,20639,20639,10,10
2024-05-06 16:12:27.949,20638,20639,20638,1,-1
2024-05-06 16:12:29.203,20638,20639,20639,3,3
2024-05-06 16:12:29.487,20638,20639,20638,1,-1
2024-05-06 16:12:30.714,20638,20639,20639,3,3
2024-05-06 16:12:30.906,20638,20639,20638,3,-3
2024-05-06 16:12:33.399,20637,20639,20639,1,1
2024-05-06 16:12:33.636,20637,20639,20639,1,1
2024-05-06 16:12:36.585,20638,20639,20639,4,4
2024-05-06 16:12:36.585,20638,20639,20639,5,5
2024-05-06 16:12:36.585,20638,20639,20639,1,1
2024-05-06 16:12:36.585,20638,20639,20639,15,15
2024-05-06 16:12:36.632,20639,20640,20640,1,1
2024-05-06 16:12:36.632,20639,20640,20640,1,1
2024-05-06 16:12:36.632,20639,20640,20640,3,3
2024-05-06 16:12:36.632,20639,20640,20640,3,3
2024-05-06 16:12:36.632,20639,20640,20640,16,16
2024-05-06 16:12:36.675,20639,20640,20641,1,1
2024-05-06 16:12:36.676,20639,20640,20641,1,1
2024-05-06 16:12:36.676,20639,20640,20641,5,5
2024-05-06 16:12:36.676,20639,20640,20641,1,1
2024-05-06 16:12:36.676,20639,20640,20641,3,3
2024-05-06 16:12:36.676,20639,20640,20641,4,4
2024-05-06 16:12:36.676,20639,20640,20641,1,1
2024-05-06 16:12:36.677,20639,20640,20641,1,1
2024-05-06 16:12:36.802,20641,20642,20642,1,1
2024-05-06 16:12:36.876,20641,20642,20642,1,1
2024-05-06 16:12:36.878,20641,20642,20642,1,1
2024-05-06 16:12:36.882,20641,20642,20642,5,5
2024-05-06 16:12:36.907,20641,20642,20642,1,1
2024-05-06 16:12:37.256,20640,20642,20642,3,3
2024-05-06 16:12:39.295,20640,20641,20640,2,-2
2024-05-06 16:12:41.045,20640,20641,20641,1,1
2024-05-06 16:12:42.610,20640,20641,20640,3,-3
2024-05-06 16:12:43.102,20640,20641,20642,1,1
2024-05-06 16:12:43.102,20640,20641,20641,1,1
2024-05-06 16:12:44.545,20640,20642,20640,2,-2
2024-05-06 16:12:49.403,20639,20641,20640,1,-1
2024-05-06 16:12:51.866,20639,20640,20640,3,3
2024-05-06 16:12:52.755,20639,20640,20640,2,2
2024-05-06 16:12:53.968,20639,20640,20640,1,1
2024-05-06 16:12:55.398,20639,20640,20639,1,-1
2024-05-06 16:12:57.650,20639,20640,20640,1,1
2024-05-06 16:12:57.650,20639,20640,20640,1,1
2024-05-06 16:13:01.189,20638,20639,20639,1,1
2024-05-06 16:13:01.228,20639,20640,20640,1,1
2024-05-06 16:13:02.081,20639,20640,20640,2,2
2024-05-06 16:13:02.100,20639,20640,20640,1,1
2024-05-06 16:13:02.654,20639,20640,20640,1,1
2024-05-06 16:13:03.577,20640,20641,20640,1,-1
2024-05-06 16:13:08.518,20639,20640,20640,1,1
2024-05-06 16:13:10.749,20639,20640,20639,1,-1
2024-05-06 16:13:11.363,20639,20640,20640,1,1
2024-05-06 16:13:11.363,20639,20640,20641,4,4
2024-05-06 16:13:13.830,20640,20641,20640,4,-4
2024-05-06 16:13:16.307,20640,20641,20641,4,4
2024-05-06 16:13:16.756,20640,20641,20641,2,2
2024-05-06 16:13:16.756,20640,20641,20642,3,3
2024-05-06 16:13:16.794,20640,20641,20640,1,-1
2024-05-06 16:13:19.717,20640,20641,20640,5,-5
2024-05-06 16:13:20.336,20640,20641,20640,1,-1
2024-05-06 16:13:20.350,20639,20641,20641,1,1
2024-05-06 16:13:22.562,20639,20640,20639,2,-2
2024-05-06 16:13:23.648,20639,20640,20641,1,1
2024-05-06 16:13:23.648,20639,20640,20640,2,2
2024-05-06 16:13:24.978,20639,20641,20641,1,1
2024-05-06 16:13:26.658,20639,20641,20641,4,4
2024-05-06 16:13:26.658,20639,20641,20642,1,1
2024-05-06 16:13:39.786,20639,20640,20640,2,2
2024-05-06 16:13:39.850,20639,20640,20640,1,1
2024-05-06 16:13:39.851,20639,20640,20640,1,1
2024-05-06 16:13:41.360,20639,20640,20640,1,1
2024-05-06 16:13:46.847,20639,20640,20640,2,2
2024-05-06 16:13:46.847,20639,20640,20641,3,3
2024-05-06 16:13:49.627,20639,20641,20641,2,2
2024-05-06 16:14:03.248,20639,20640,20640,1,1
2024-05-06 16:14:03.248,20639,20640,20641,1,1
2024-05-06 16:14:07.809,20639,20640,20639,3,-3
2024-05-06 16:14:07.809,20639,20640,20638,3,-3
2024-05-06 16:14:07.868,20638,20640,20640,1,1
2024-05-06 16:14:08.487,20638,20640,20640,1,1
2024-05-06 16:14:08.600,20638,20640,20640,1,1
2024-05-06 16:14:17.463,20638,20639,20639,1,1
2024-05-06 16:14:22.062,20639,20640,20639,1,-1
2024-05-06 16:14:24.163,20639,20640,20639,2,-2
2024-05-06 16:14:27.637,20639,20640,20639,1,-1
2024-05-06 16:14:27.876,20639,20640,20640,1,1
2024-05-06 16:14:31.860,20639,20640,20639,1,-1
2024-05-06 16:14:33.235,20639,20640,20639,1,-1
2024-05-06 16:14:33.236,20639,20640,20639,2,-2
2024-05-06 16:14:33.236,20639,20640,20639,2,-2
2024-05-06 16:14:34.645,20638,20640,20640,1,1
2024-05-06 16:14:41.503,20638,20639,20638,3,-3
2024-05-06 16:14:49.065,20637,20638,20638,1,1
2024-05-06 16:14:50.131,20637,20638,20637,5,-5
2024-05-06 16:14:54.494,20637,20638,20638,16,16
2024-05-06 16:14:54.495,20637,20638,20638,2,2
2024-05-06 16:14:54.496,20637,20638,20639,1,1
2024-05-06 16:14:55.054,20639,20640,20639,1,-1
2024-05-06 16:15:03.519,20639,20640,20639,1,-1
2024-05-06 16:15:03.598,20639,20640,20640,3,3
2024-05-06 16:15:06.588,20639,20640,20640,12,12
2024-05-06 16:15:07.624,20640,20642,20640,1,-1
2024-05-06 16:15:08.673,20640,20642,20640,2,-2
2024-05-06 16:15:08.793,20640,20642,20640,1,-1
2024-05-06 16:15:10.117,20640,20641,20640,1,-1
2024-05-06 16:15:10.485,20640,20641,20641,3,3
2024-05-06 16:15:10.543,20640,20641,20640,1,-1
2024-05-06 16:15:13.581,20640,20641,20640,1,-1
2024-05-06 16:15:20.095,20640,20641,20640,2,-2
2024-05-06 16:15:20.095,20640,20641,20640,1,-1
2024-05-06 16:15:20.249,20639,20640,20641,11,11
2024-05-06 16:15:20.249,20639,20640,20640,1,1
2024-05-06 16:15:20.250,20639,20640,20641,8,8
2024-05-06 16:15:20.274,20639,20640,20640,1,1
2024-05-06 16:15:20.965,20639,20641,20641,1,1
2024-05-06 16:15:24.977,20639,20641,20641,1,1
2024-05-06 16:15:25.101,20639,20641,20641,1,1
2024-05-06 16:15:29.899,20640,20642,20642,1,1
2024-05-06 16:15:32.030,20640,20642,20642,2,2
2024-05-06 16:15:34.242,20640,20642,20642,1,1
2024-05-06 16:15:35.201,20641,20642,20642,10,10
2024-05-06 16:15:37.818,20641,20642,20642,1,1
2024-05-06 16:15:39.010,20641,20642,20642,1,1
2024-05-06 16:15:43.403,20641,20642,20642,11,11
2024-05-06 16:15:44.576,20641,20642,20641,1,-1
2024-05-06 16:15:46.593,20641,20642,20642,1,1
2024-05-06 16:15:56.673,20641,20642,20641,2,-2
2024-05-06 16:15:56.867,20641,20642,20642,2,2
2024-05-06 16:16:06.972,20641,20642,20642,2,2
2024-05-06 16:16:07.106,20641,20642,20642,1,1
2024-05-06 16:16:07.106,20641,20642,20642,1,1
2024-05-06 16:16:07.831,20641,20642,20642,3,3
2024-05-06 16:16:09.641,20641,20643,20643,1,1
2024-05-06 16:16:09.741,20642,20643,20643,3,3
2024-05-06 16:16:09.741,20642,20643,20643,2,2
2024-05-06 16:16:09.757,20642,20643,20643,5,5
2024-05-06 16:16:09.794,20642,20643,20642,1,-1
2024-05-06 16:16:09.941,20642,20643,20643,2,2
2024-05-06 16:16:09.941,20642,20643,20644,11,11
2024-05-06 16:16:09.993,20643,20644,20644,1,1
2024-05-06 16:16:10.062,20643,20644,20643,4,-4
2024-05-06 16:16:10.113,20642,20644,20644,2,2
2024-05-06 16:16:10.200,20642,20644,20644,1,1
2024-05-06 16:16:10.210,20642,20644,20643,2,2
2024-05-06 16:16:10.273,20643,20644,20644,1,1
2024-05-06 16:16:10.273,20643,20644,20644,6,6
2024-05-06 16:16:10.273,20643,20644,20644,3,3
2024-05-06 16:16:10.273,20643,20644,20644,1,1
2024-05-06 16:16:10.273,20643,20644,20644,1,1
2024-05-06 16:16:10.273,20643,20644,20644,5,5
2024-05-06 16:16:10.274,20643,20644,20644,1,1
2024-05-06 16:16:10.274,20643,20644,20644,1,1
2024-05-06 16:16:10.274,20643,20644,20644,1,1
2024-05-06 16:16:10.274,20643,20644,20644,1,1
2024-05-06 16:16:10.274,20643,20644,20644,10,10
2024-05-06 16:16:10.296,20643,20644,20644,5,5
2024-05-06 16:16:10.300,20643,20644,20644,1,1
2024-05-06 16:16:14.254,20644,20645,20645,1,1
2024-05-06 16:16:14.341,20644,20645,20644,1,-1
2024-05-06 16:16:14.366,20644,20645,20645,1,1
2024-05-06 16:16:14.371,20644,20645,20644,1,-1
2024-05-06 16:16:14.373,20644,20645,20645,1,1
2024-05-06 16:16:14.388,20644,20645,20645,1,1
2024-05-06 16:16:14.451,20644,20645,20644,1,-1
2024-05-06 16:16:14.454,20644,20645,20645,1,1
2024-05-06 16:16:14.479,20644,20645,20645,1,1
2024-05-06 16:16:14.498,20644,20645,20645,1,1
2024-05-06 16:16:15.814,20644,20645,20645,1,1
2024-05-06 16:16:16.091,20644,20645,20645,4,4
2024-05-06 16:16:16.461,20644,20645,20644,1,-1
2024-05-06 16:16:17.025,20643,20644,20643,2,-2
2024-05-06 16:16:20.458,20643,20645,20643,1,-1
2024-05-06 16:16:20.960,20643,20645,20643,1,-1
2024-05-06 16:16:32.694,20643,20644,20643,13,-13
2024-05-06 16:16:32.694,20643,20644,20643,1,-1
2024-05-06 16:16:32.694,20643,20644,20643,3,-3
2024-05-06 16:16:35.461,20642,20643,20643,15,15
2024-05-06 16:16:35.461,20642,20643,20644,5,5
2024-05-06 16:16:35.476,20642,20644,20644,1,1
2024-05-06 16:16:37.602,20642,20644,20643,1,1
2024-05-06 16:16:37.725,20642,20644,20644,1,1
2024-05-06 16:16:45.597,20643,20644,20644,1,1
2024-05-06 16:16:45.806,20643,20644,20643,1,-1
2024-05-06 16:16:48.484,20643,20644,20643,4,-4
2024-05-06 16:16:53.258,20642,20643,20643,1,1
2024-05-06 16:16:56.285,20642,20643,20643,2,2
2024-05-06 16:16:59.103,20642,20643,20643,2,2
2024-05-06 16:16:59.225,20643,20644,20643,1,-1
2024-05-06 16:17:04.055,20643,20644,20644,2,2
2024-05-06 16:17:10.978,20643,20644,20643,1,-1
2024-05-06 16:17:14.100,20643,20644,20643,3,-3
2024-05-06 16:17:14.635,20643,20644,20644,1,1
2024-05-06 16:17:14.841,20643,20644,20643,3,-3
2024-05-06 16:17:20.459,20643,20644,20643,1,-1
2024-05-06 16:17:20.459,20643,20644,20643,5,-5
2024-05-06 16:17:21.242,20643,20644,20643,1,-1
2024-05-06 16:17:33.470,20642,20643,20643,1,1
2024-05-06 16:17:42.894,20642,20643,20643,1,1
2024-05-06 16:17:45.051,20642,20643,20642,3,-3
2024-05-06 16:17:50.788,20642,20643,20642,1,-1
2024-05-06 16:17:50.788,20642,20643,20641,2,-2
2024-05-06 16:17:55.632,20641,20643,20641,1,-1
2024-05-06 16:18:03.167,20641,20643,20643,1,1
2024-05-06 16:18:08.332,20641,20642,20642,1,1
2024-05-06 16:18:20.210,20641,20642,20641,1,-1
2024-05-06 16:18:20.306,20641,20642,20641,1,-1
2024-05-06 16:18:23.101,20641,20642,20642,3,3
2024-05-06 16:18:26.799,20642,20643,20643,1,1
2024-05-06 16:18:26.799,20642,20643,20643,5,5
2024-05-06 16:18:27.385,20643,20644,20643,1,-1
2024-05-06 16:18:27.385,20643,20644,20642,2,-2
2024-05-06 16:18:34.160,20643,20644,20643,1,-1
2024-05-06 16:18:39.132,20642,20644,20642,1,-1
2024-05-06 16:18:51.345,20642,20644,20644,3,3
2024-05-06 16:18:52.572,20642,20644,20644,3,3
2024-05-06 16:18:54.718,20643,20644,20645,4,4
2024-05-06 16:18:54.718,20643,20644,20644,1,1
2024-05-06 16:19:00.213,20643,20644,20643,1,-1
2024-05-06 16:19:00.227,20642,20644,20644,1,1
2024-05-06 16:19:00.228,20642,20644,20644,1,1
2024-05-06 16:19:03.222,20644,20645,20644,1,-1
2024-05-06 16:19:03.350,20643,20644,20644,1,1
2024-05-06 16:19:03.882,20644,20645,20644,1,-1
2024-05-06 16:19:05.774,20643,20644,20644,1,1
2024-05-06 16:19:17.326,20642,20644,20643,1,1
2024-05-06 16:19:23.046,20642,20644,20642,1,-1
2024-05-06 16:19:23.101,20642,20643,20643,1,1
2024-05-06 16:19:24.733,20642,20643,20643,1,1
2024-05-06 16:19:25.638,20642,20643,20643,2,2
2024-05-06 16:19:30.745,20643,20644,20643,1,-1
2024-05-06 16:19:35.358,20643,20644,20644,2,2
2024-05-06 16:19:35.476,20643,20644,20644,1,1
2024-05-06 16:19:42.631,20643,20644,20644,1,1
2024-05-06 16:19:46.340,20643,20644,20644,1,1
2024-05-06 16:19:53.406,20643,20644,20643,1,-1
2024-05-06 16:19:53.788,20643,20644,20643,1,-1
2024-05-06 16:20:00.542,20643,20644,20643,1,-1
2024-05-06 16:20:05.700,20643,20644,20643,4,-4
2024-05-06 16:20:10.857,20642,20643,20642,1,-1
2024-05-06 16:20:12.792,20642,20643,20642,1,-1
2024-05-06 16:20:20.934,20641,20642,20641,1,-1
2024-05-06 16:20:21.751,20641,20642,20641,1,-1
2024-05-06 16:20:23.338,20641,20642,20642,1,1
2024-05-06 16:20:43.814,20641,20642,20642,1,1
2024-05-06 16:20:49.288,20642,20643,20642,1,-1
2024-05-06 16:20:49.988,20642,20643,20642,1,-1
2024-05-06 16:20:54.663,20642,20643,20642,2,-2
2024-05-06 16:20:56.288,20642,20643,20642,2,-2
2024-05-06 16:20:59.599,20642,20643,20642,6,-6
2024-05-06 16:20:59.600,20642,20643,20642,14,-14
2024-05-06 16:20:59.600,20642,20643,20642,1,-1
2024-05-06 16:21:16.119,20642,20643,20642,1,-1
2024-05-06 16:21:23.676,20641,20642,20641,1,-1
2024-05-06 16:21:24.607,20641,20642,20641,1,-1
2024-05-06 16:21:24.776,20641,20642,20642,1,1
2024-05-06 16:21:25.277,20642,20643,20643,1,1
2024-05-06 16:21:25.277,20642,20643,20643,4,4
2024-05-06 16:21:25.277,20642,20643,20643,2,2
2024-05-06 16:21:25.277,20642,20643,20643,1,1
2024-05-06 16:21:25.278,20642,20643,20644,3,3
2024-05-06 16:21:27.813,20643,20644,20643,1,-1
2024-05-06 16:21:42.552,20643,20644,20644,5,5
2024-05-06 16:21:46.709,20644,20645,20643,1,-1
2024-05-06 16:21:54.317,20644,20645,20644,1,-1
2024-05-06 16:21:57.717,20644,20645,20645,10,10
2024-05-06 16:21:57.717,20644,20645,20645,2,2
2024-05-06 16:21:58.517,20645,20646,20646,1,1
2024-05-06 16:21:58.517,20645,20646,20646,4,4
2024-05-06 16:21:58.517,20645,20646,20646,3,3
2024-05-06 16:21:58.518,20645,20646,20646,4,4
2024-05-06 16:21:58.518,20645,20646,20646,1,1
2024-05-06 16:21:58.518,20645,20646,20646,19,19
2024-05-06 16:21:58.518,20645,20646,20647,1,1
2024-05-06 16:21:58.630,20646,20647,20647,1,1
2024-05-06 16:21:58.632,20646,20647,20647,2,2
2024-05-06 16:21:58.632,20646,20647,20647,1,1
2024-05-06 16:21:58.654,20646,20647,20648,1,1
2024-05-06 16:21:58.654,20646,20647,20647,2,2
2024-05-06 16:21:58.657,20646,20647,20648,3,3
2024-05-06 16:21:58.804,20647,20648,20648,1,1
2024-05-06 16:21:58.901,20647,20648,20648,1,1
2024-05-06 16:22:00.693,20647,20648,20647,1,-1
2024-05-06 16:22:00.693,20647,20648,20647,2,-2
2024-05-06 16:22:05.241,20645,20646,20646,1,1
2024-05-06 16:22:06.849,20645,20646,20645,1,-1
2024-05-06 16:22:07.779,20644,20646,20646,1,1
2024-05-06 16:22:07.850,20644,20646,20646,1,1
2024-05-06 16:22:07.851,20644,20646,20646,1,1
2024-05-06 16:22:07.855,20644,20646,20647,1,1
2024-05-06 16:22:08.113,20645,20647,20647,1,1
2024-05-06 16:22:08.259,20645,20647,20647,1,1
2024-05-06 16:22:11.279,20645,20646,20645,1,-1
2024-05-06 16:22:12.250,20644,20646,20646,1,1
2024-05-06 16:22:14.653,20645,20646,20645,1,-1
2024-05-06 16:22:14.835,20645,20646,20646,2,2
2024-05-06 16:22:17.315,20645,20646,20646,1,1
2024-05-06 16:22:17.315,20645,20646,20647,1,1
2024-05-06 16:22:18.359,20645,20647,20645,1,-1
2024-05-06 16:22:18.475,20645,20647,20647,1,1
2024-05-06 16:22:18.475,20645,20647,20647,1,1
2024-05-06 16:22:20.276,20646,20647,20646,1,-1
2024-05-06 16:22:20.787,20645,20647,20646,1,-1
2024-05-06 16:22:21.790,20645,20647,20647,1,1
2024-05-06 16:22:26.001,20645,20646,20646,1,1
2024-05-06 16:22:29.810,20645,20646,20646,2,2
2024-05-06 16:22:29.851,20645,20647,20647,1,1
2024-05-06 16:22:32.696,20645,20647,20647,2,2
2024-05-06 16:22:36.741,20646,20647,20646,1,-1
2024-05-06 16:22:42.425,20646,20647,20646,1,-1
2024-05-06 16:22:50.040,20646,20647,20646,1,-1
2024-05-06 16:22:52.288,20646,20647,20646,1,-1
2024-05-06 16:22:53.563,20645,20647,20646,1,-1
2024-05-06 16:23:01.587,20646,20647,20646,1,-1
2024-05-06 16:23:09.566,20646,20647,20646,1,-1
2024-05-06 16:23:10.991,20646,20647,20646,1,-1
2024-05-06 16:23:11.158,20646,20647,20647,2,2
2024-05-06 16:23:12.524,20646,20647,20646,1,-1
2024-05-06 16:23:12.524,20646,20647,20646,3,-3
2024-05-06 16:23:25.117,20645,20647,20647,1,1
2024-05-06 16:23:26.989,20645,20647,20645,3,-3
2024-05-06 16:23:36.381,20645,20647,20645,1,-1
2024-05-06 16:23:37.630,20645,20647,20645,1,-1
2024-05-06 16:23:38.725,20646,20647,20646,1,-1
2024-05-06 16:23:39.103,20646,20647,20646,1,-1
2024-05-06 16:23:53.395,20646,20647,20647,2,2
2024-05-06 16:23:57.049,20646,20647,20647,3,3
2024-05-06 16:23:57.049,20646,20647,20647,5,5
2024-05-06 16:23:57.049,20646,20647,20647,2,2
2024-05-06 16:23:57.049,20646,20647,20647,6,6
2024-05-06 16:24:03.768,20647,20648,20648,1,1
2024-05-06 16:24:05.923,20647,20648,20647,1,-1
2024-05-06 16:24:06.532,20647,20648,20648,1,1
2024-05-06 16:24:10.143,20647,20648,20648,18,18
2024-05-06 16:24:10.280,20647,20648,20647,1,-1
2024-05-06 16:24:14.462,20647,20648,20648,16,16
2024-05-06 16:24:15.371,20648,20649,20649,1,1
2024-05-06 16:24:15.504,20648,20649,20649,4,4
2024-05-06 16:24:15.687,20648,20649,20648,2,-2
