2025-02-14 15:00:00.098,23168,23169,23169,43,43
2025-02-14 15:00:00.100,23169,23170,23169,2,-2
2025-02-14 15:00:00.167,23168,23170,23168,2,-2
2025-02-14 15:00:00.316,23168,23170,23170,1,1
2025-02-14 15:00:00.373,23168,23172,23172,1,1
2025-02-14 15:00:00.373,23168,23172,23173,1,1
2025-02-14 15:00:00.406,23168,23172,23168,1,-1
2025-02-14 15:00:00.422,23168,23172,23168,4,-4
2025-02-14 15:00:00.447,23168,23172,23170,1,-1
2025-02-14 15:00:00.533,23170,23172,23170,1,-1
2025-02-14 15:00:00.677,23168,23171,23168,1,-1
2025-02-14 15:00:00.687,23168,23171,23168,2,-2
2025-02-14 15:00:00.747,23168,23171,23171,1,1
2025-02-14 15:00:00.850,23169,23173,23169,1,-1
2025-02-14 15:00:01.115,23168,23171,23171,1,1
2025-02-14 15:00:01.168,23168,23171,23172,1,1
2025-02-14 15:00:01.210,23168,23171,23168,1,-1
2025-02-14 15:00:01.653,23170,23173,23170,1,-1
2025-02-14 15:00:01.961,23169,23173,23170,1,-1
2025-02-14 15:00:02.321,23169,23173,23173,1,1
2025-02-14 15:00:02.705,23169,23173,23173,1,1
2025-02-14 15:00:03.393,23171,23174,23171,1,-1
2025-02-14 15:00:04.734,23171,23174,23173,1,1
2025-02-14 15:00:04.772,23171,23174,23174,1,1
2025-02-14 15:00:04.773,23171,23174,23175,5,5
2025-02-14 15:00:04.774,23171,23174,23173,1,1
2025-02-14 15:00:04.774,23171,23174,23172,2,-2
2025-02-14 15:00:04.774,23171,23174,23172,1,-1
2025-02-14 15:00:05.073,23173,23177,23173,1,-1
2025-02-14 15:00:05.251,23174,23178,23174,1,-1
2025-02-14 15:00:05.906,23174,23177,23175,1,-1
2025-02-14 15:00:05.906,23174,23177,23174,1,-1
2025-02-14 15:00:07.704,23174,23177,23177,2,2
2025-02-14 15:00:07.705,23174,23177,23178,2,2
2025-02-14 15:00:07.705,23174,23177,23178,2,2
2025-02-14 15:00:07.706,23174,23177,23180,1,1
2025-02-14 15:00:07.706,23174,23177,23179,1,1
2025-02-14 15:00:07.773,23176,23180,23177,1,-1
2025-02-14 15:00:07.834,23176,23180,23180,1,1
2025-02-14 15:00:09.161,23178,23182,23179,1,-1
2025-02-14 15:00:09.813,23179,23181,23179,1,-1
2025-02-14 15:00:09.877,23178,23182,23182,2,2
2025-02-14 15:00:09.878,23178,23182,23179,2,-2
2025-02-14 15:00:09.878,23178,23182,23183,2,2
2025-02-14 15:00:11.578,23178,23181,23179,1,-1
2025-02-14 15:00:12.077,23178,23181,23181,1,1
2025-02-14 15:00:12.786,23178,23182,23182,2,2
2025-02-14 15:00:12.787,23178,23182,23183,1,1
2025-02-14 15:00:12.789,23178,23182,23183,1,1
2025-02-14 15:00:12.876,23180,23184,23184,2,2
2025-02-14 15:00:12.877,23180,23184,23185,1,1
2025-02-14 15:00:13.007,23181,23185,23182,1,-1
2025-02-14 15:00:13.267,23182,23186,23182,1,-1
2025-02-14 15:00:15.056,23184,23186,23184,1,-1
2025-02-14 15:00:15.368,23182,23185,23185,3,3
2025-02-14 15:00:15.655,23183,23186,23186,1,1
2025-02-14 15:00:15.656,23183,23186,23187,1,1
2025-02-14 15:00:16.022,23185,23188,23188,7,7
2025-02-14 15:00:16.127,23187,23189,23188,2,2
2025-02-14 15:00:16.180,23187,23189,23185,1,-1
2025-02-14 15:00:17.305,23185,23188,23188,2,2
2025-02-14 15:00:17.460,23186,23189,23187,1,-1
2025-02-14 15:00:17.871,23186,23189,23189,1,1
2025-02-14 15:00:18.130,23186,23189,23189,1,1
2025-02-14 15:00:18.843,23187,23189,23187,1,-1
2025-02-14 15:00:18.843,23187,23189,23186,4,-4
2025-02-14 15:00:18.844,23187,23189,23186,1,-1
2025-02-14 15:00:18.877,23185,23187,23185,1,-1
2025-02-14 15:00:19.204,23184,23188,23187,1,1
2025-02-14 15:00:19.796,23184,23187,23184,1,-1
2025-02-14 15:00:19.899,23183,23187,23185,1,-1
2025-02-14 15:00:21.220,23184,23186,23184,2,-2
2025-02-14 15:00:21.306,23183,23185,23185,1,1
2025-02-14 15:00:23.778,23183,23186,23186,1,1
2025-02-14 15:00:24.021,23183,23187,23187,1,1
2025-02-14 15:00:25.315,23184,23188,23184,1,-1
2025-02-14 15:00:27.739,23187,23189,23189,1,1
2025-02-14 15:00:27.740,23187,23189,23190,2,2
2025-02-14 15:00:27.740,23187,23189,23188,1,1
2025-02-14 15:00:28.986,23187,23191,23191,1,1
2025-02-14 15:00:29.008,23187,23191,23187,1,-1
2025-02-14 15:00:29.008,23187,23191,23187,1,-1
2025-02-14 15:00:29.756,23187,23189,23187,1,-1
2025-02-14 15:00:30.047,23186,23189,23189,2,2
2025-02-14 15:00:30.084,23186,23189,23186,2,-2
2025-02-14 15:00:30.283,23186,23190,23188,1,-1
2025-02-14 15:00:31.540,23185,23189,23189,1,1
2025-02-14 15:00:32.557,23185,23189,23185,1,-1
2025-02-14 15:00:32.786,23185,23188,23185,1,-1
2025-02-14 15:00:36.626,23186,23188,23186,1,-1
2025-02-14 15:00:40.013,23186,23187,23186,3,-3
2025-02-14 15:00:40.014,23186,23187,23185,3,-3
2025-02-14 15:00:41.450,23184,23186,23186,1,1
2025-02-14 15:00:42.293,23185,23188,23185,1,-1
2025-02-14 15:00:42.815,23185,23188,23185,1,-1
2025-02-14 15:00:43.125,23185,23188,23187,1,1
2025-02-14 15:00:44.493,23184,23187,23187,1,1
2025-02-14 15:00:44.618,23186,23188,23188,1,1
2025-02-14 15:00:48.828,23186,23188,23188,1,1
2025-02-14 15:00:49.635,23186,23189,23188,2,2
2025-02-14 15:00:49.726,23186,23189,23189,3,3
2025-02-14 15:00:49.728,23186,23189,23190,4,4
2025-02-14 15:00:49.729,23186,23189,23191,3,3
2025-02-14 15:00:49.730,23186,23189,23192,5,5
2025-02-14 15:00:50.002,23189,23192,23189,2,-2
2025-02-14 15:00:50.002,23189,23192,23188,3,-3
2025-02-14 15:00:50.172,23187,23190,23188,1,-1
2025-02-14 15:00:50.445,23187,23190,23188,2,-2
2025-02-14 15:00:50.508,23187,23190,23190,2,2
2025-02-14 15:00:50.559,23187,23190,23189,1,1
2025-02-14 15:00:50.749,23188,23191,23188,2,-2
2025-02-14 15:00:50.757,23188,23191,23190,4,4
2025-02-14 15:00:50.758,23188,23191,23191,2,2
2025-02-14 15:00:50.780,23188,23191,23189,1,-1
2025-02-14 15:00:51.130,23188,23192,23192,1,1
2025-02-14 15:00:51.130,23188,23192,23192,1,1
2025-02-14 15:00:51.132,23188,23192,23190,1,1
2025-02-14 15:00:51.132,23188,23192,23190,1,1
2025-02-14 15:00:51.140,23188,23192,23192,1,1
2025-02-14 15:00:51.302,23189,23193,23189,3,-3
2025-02-14 15:00:51.714,23188,23191,23191,1,1
2025-02-14 15:00:52.236,23188,23191,23191,2,2
2025-02-14 15:00:53.418,23189,23192,23190,1,-1
2025-02-14 15:00:53.483,23189,23192,23192,2,2
2025-02-14 15:00:53.484,23189,23192,23193,2,2
2025-02-14 15:00:53.485,23189,23192,23193,1,1
2025-02-14 15:00:53.486,23189,23192,23194,4,4
2025-02-14 15:00:53.488,23189,23192,23195,2,2
2025-02-14 15:00:53.492,23189,23192,23193,1,1
2025-02-14 15:00:53.857,23192,23195,23192,1,-1
2025-02-14 15:00:53.858,23192,23195,23192,1,-1
2025-02-14 15:00:56.887,23190,23193,23193,2,2
2025-02-14 15:00:57.289,23190,23193,23192,1,1
2025-02-14 15:00:57.831,23190,23193,23190,1,-1
2025-02-14 15:00:58.143,23190,23193,23191,3,-3
2025-02-14 15:00:58.331,23190,23194,23190,1,-1
2025-02-14 15:00:58.332,23190,23194,23190,1,-1
2025-02-14 15:00:58.332,23190,23194,23190,1,-1
2025-02-14 15:00:58.851,23189,23192,23189,1,-1
2025-02-14 15:00:58.926,23189,23192,23192,1,1
2025-02-14 15:00:59.369,23189,23193,23189,8,-8
2025-02-14 15:00:59.370,23189,23193,23188,6,-6
2025-02-14 15:00:59.415,23189,23193,23189,1,-1
2025-02-14 15:00:59.727,23189,23190,23190,1,1
2025-02-14 15:00:59.728,23189,23190,23191,1,1
2025-02-14 15:01:00.059,23190,23191,23191,1,1
2025-02-14 15:01:00.206,23190,23192,23190,1,-1
2025-02-14 15:01:00.207,23190,23192,23190,2,-2
2025-02-14 15:01:00.208,23190,23192,23189,1,-1
2025-02-14 15:01:00.301,23189,23191,23191,2,2
2025-02-14 15:01:01.328,23189,23192,23192,1,1
2025-02-14 15:01:02.167,23189,23192,23191,1,1
2025-02-14 15:01:02.262,23189,23191,23191,1,1
2025-02-14 15:01:04.811,23190,23191,23190,1,-1
2025-02-14 15:01:05.263,23190,23191,23190,1,-1
2025-02-14 15:01:05.264,23190,23191,23190,1,-1
2025-02-14 15:01:06.207,23189,23191,23189,2,-2
2025-02-14 15:01:06.305,23188,23190,23190,1,1
2025-02-14 15:01:07.085,23188,23190,23190,2,2
2025-02-14 15:01:07.102,23188,23191,23191,1,1
2025-02-14 15:01:07.688,23189,23191,23191,2,2
2025-02-14 15:01:07.688,23189,23191,23191,2,2
2025-02-14 15:01:07.689,23189,23191,23192,1,1
2025-02-14 15:01:07.696,23189,23191,23191,1,1
2025-02-14 15:01:09.540,23191,23193,23191,1,-1
2025-02-14 15:01:12.051,23191,23193,23193,1,1
2025-02-14 15:01:13.828,23192,23195,23193,1,-1
2025-02-14 15:01:14.953,23192,23194,23193,1,-1
2025-02-14 15:01:18.275,23191,23192,23192,1,1
2025-02-14 15:01:19.373,23191,23193,23193,1,1
2025-02-14 15:01:20.021,23191,23193,23193,2,2
2025-02-14 15:01:20.152,23192,23194,23192,2,-2
2025-02-14 15:01:22.662,23192,23194,23194,3,3
2025-02-14 15:01:25.884,23193,23195,23195,1,1
2025-02-14 15:01:27.021,23193,23195,23195,1,1
2025-02-14 15:01:27.053,23193,23195,23195,3,3
2025-02-14 15:01:27.286,23194,23196,23196,2,2
2025-02-14 15:01:30.047,23195,23196,23195,1,-1
2025-02-14 15:01:30.102,23194,23196,23196,1,1
2025-02-14 15:01:30.209,23194,23196,23194,1,-1
2025-02-14 15:01:33.243,23194,23196,23196,2,2
2025-02-14 15:01:35.000,23194,23196,23194,10,-10
2025-02-14 15:01:35.001,23194,23196,23193,1,-1
2025-02-14 15:01:35.001,23194,23196,23193,3,-3
2025-02-14 15:01:35.001,23194,23196,23193,2,-2
2025-02-14 15:01:35.001,23194,23196,23193,1,-1
2025-02-14 15:01:35.193,23191,23194,23194,4,4
2025-02-14 15:01:35.631,23191,23194,23194,1,1
2025-02-14 15:01:37.618,23191,23193,23193,3,3
2025-02-14 15:01:39.681,23191,23193,23193,1,1
2025-02-14 15:01:39.681,23191,23193,23194,3,3
2025-02-14 15:01:42.459,23191,23193,23191,1,-1
2025-02-14 15:01:45.063,23191,23193,23191,3,-3
2025-02-14 15:01:45.063,23191,23193,23191,3,-3
2025-02-14 15:01:48.207,23191,23193,23191,1,-1
2025-02-14 15:01:51.868,23191,23192,23191,1,-1
2025-02-14 15:01:53.087,23190,23192,23190,1,-1
2025-02-14 15:01:54.030,23190,23192,23190,1,-1
2025-02-14 15:01:54.213,23190,23192,23190,1,-1
2025-02-14 15:01:55.702,23191,23192,23191,1,-1
2025-02-14 15:01:57.576,23190,23192,23195,3,3
2025-02-14 15:01:57.576,23190,23192,23194,8,8
2025-02-14 15:01:57.576,23190,23192,23193,9,9
2025-02-14 15:01:57.576,23190,23192,23192,2,2
2025-02-14 15:01:59.159,23193,23195,23193,1,-1
2025-02-14 15:01:59.855,23192,23195,23192,1,-1
2025-02-14 15:02:03.040,23193,23195,23193,1,-1
2025-02-14 15:02:03.103,23193,23195,23195,1,1
2025-02-14 15:02:03.103,23193,23195,23195,1,1
2025-02-14 15:02:03.104,23193,23195,23195,1,1
2025-02-14 15:02:03.618,23194,23196,23196,1,1
2025-02-14 15:02:03.785,23194,23196,23196,1,1
2025-02-14 15:02:03.823,23194,23196,23194,3,-3
2025-02-14 15:02:03.953,23194,23196,23196,1,1
2025-02-14 15:02:04.063,23194,23196,23194,1,-1
2025-02-14 15:02:04.101,23194,23196,23196,1,1
2025-02-14 15:02:04.101,23194,23196,23196,1,1
2025-02-14 15:02:04.101,23194,23196,23197,1,1
2025-02-14 15:02:04.256,23194,23197,23197,1,1
2025-02-14 15:02:04.411,23194,23197,23197,1,1
2025-02-14 15:02:04.568,23194,23197,23197,1,1
2025-02-14 15:02:04.718,23194,23197,23197,1,1
2025-02-14 15:02:04.888,23194,23197,23197,1,1
2025-02-14 15:02:05.082,23194,23197,23197,1,1
2025-02-14 15:02:05.272,23195,23197,23197,1,1
2025-02-14 15:02:05.426,23195,23197,23197,1,1
2025-02-14 15:02:05.601,23195,23197,23197,1,1
2025-02-14 15:02:05.785,23195,23198,23198,1,1
2025-02-14 15:02:05.976,23195,23198,23198,1,1
2025-02-14 15:02:06.002,23195,23198,23195,1,-1
2025-02-14 15:02:06.077,23195,23198,23198,3,3
2025-02-14 15:02:06.087,23195,23198,23198,1,1
2025-02-14 15:02:06.087,23195,23198,23198,1,1
2025-02-14 15:02:06.104,23197,23199,23199,1,1
2025-02-14 15:02:06.123,23197,23199,23200,1,1
2025-02-14 15:02:06.145,23197,23199,23199,1,1
2025-02-14 15:02:06.145,23197,23199,23200,11,11
2025-02-14 15:02:06.148,23197,23199,23202,3,3
2025-02-14 15:02:06.245,23202,23205,23202,1,-1
2025-02-14 15:02:06.313,23202,23205,23204,1,1
2025-02-14 15:02:06.485,23202,23205,23205,1,1
2025-02-14 15:02:06.486,23202,23205,23205,1,1
2025-02-14 15:02:06.626,23203,23206,23206,5,5
2025-02-14 15:02:06.626,23203,23206,23207,2,2
2025-02-14 15:02:06.626,23203,23206,23208,1,1
2025-02-14 15:02:06.646,23203,23206,23208,1,1
2025-02-14 15:02:06.666,23203,23206,23208,1,1
2025-02-14 15:02:06.688,23203,23206,23208,1,1
2025-02-14 15:02:06.694,23203,23206,23208,2,2
2025-02-14 15:02:06.694,23203,23206,23209,1,1
2025-02-14 15:02:06.694,23203,23206,23210,1,1
2025-02-14 15:02:06.696,23203,23206,23207,1,1
2025-02-14 15:02:06.764,23208,23210,23206,3,-3
2025-02-14 15:02:06.789,23208,23210,23207,1,-1
2025-02-14 15:02:06.794,23208,23210,23207,1,-1
2025-02-14 15:02:06.796,23208,23210,23207,1,-1
2025-02-14 15:02:06.802,23208,23210,23208,1,-1
2025-02-14 15:02:06.842,23208,23210,23208,2,-2
2025-02-14 15:02:06.842,23208,23210,23209,1,-1
2025-02-14 15:02:06.842,23208,23210,23209,1,-1
2025-02-14 15:02:06.865,23206,23209,23209,1,1
2025-02-14 15:02:06.869,23206,23209,23210,1,1
2025-02-14 15:02:06.870,23206,23209,23210,1,1
2025-02-14 15:02:06.903,23206,23209,23210,1,1
2025-02-14 15:02:06.904,23206,23209,23207,2,-2
2025-02-14 15:02:06.914,23206,23209,23210,1,1
2025-02-14 15:02:06.917,23206,23209,23210,1,1
2025-02-14 15:02:06.932,23206,23209,23206,2,-2
2025-02-14 15:02:07.003,23206,23210,23210,1,1
2025-02-14 15:02:07.012,23206,23210,23210,1,1
2025-02-14 15:02:07.019,23206,23210,23210,1,1
2025-02-14 15:02:07.019,23206,23210,23211,1,1
2025-02-14 15:02:07.019,23206,23210,23211,1,1
2025-02-14 15:02:07.031,23206,23210,23212,4,4
2025-02-14 15:02:07.102,23209,23212,23212,1,1
2025-02-14 15:02:07.102,23209,23212,23212,1,1
2025-02-14 15:02:07.103,23209,23212,23212,1,1
2025-02-14 15:02:07.126,23209,23212,23213,1,1
2025-02-14 15:02:07.127,23209,23212,23210,1,-1
2025-02-14 15:02:07.156,23209,23212,23211,1,1
2025-02-14 15:02:07.176,23209,23212,23209,2,-2
2025-02-14 15:02:07.334,23208,23211,23211,1,1
2025-02-14 15:02:07.347,23208,23211,23212,1,1
2025-02-14 15:02:07.483,23209,23212,23212,1,1
2025-02-14 15:02:07.587,23209,23212,23209,2,-2
2025-02-14 15:02:07.593,23209,23212,23208,4,-4
2025-02-14 15:02:07.593,23209,23212,23207,5,-5
2025-02-14 15:02:07.593,23209,23212,23207,1,-1
2025-02-14 15:02:07.697,23206,23209,23209,1,1
2025-02-14 15:02:07.730,23207,23210,23210,1,1
2025-02-14 15:02:07.919,23207,23210,23210,1,1
2025-02-14 15:02:07.955,23207,23210,23210,1,1
2025-02-14 15:02:08.341,23209,23211,23209,2,-2
2025-02-14 15:02:08.425,23209,23212,23212,1,1
2025-02-14 15:02:08.434,23209,23212,23213,1,1
2025-02-14 15:02:08.483,23210,23213,23213,3,3
2025-02-14 15:02:08.492,23210,23213,23214,2,2
2025-02-14 15:02:08.620,23212,23215,23212,3,-3
2025-02-14 15:02:08.727,23212,23215,23215,1,1
2025-02-14 15:02:08.849,23212,23215,23215,1,1
2025-02-14 15:02:08.877,23212,23215,23215,1,1
2025-02-14 15:02:08.929,23212,23215,23215,1,1
2025-02-14 15:02:08.979,23213,23216,23216,1,1
2025-02-14 15:02:08.980,23213,23216,23216,2,2
2025-02-14 15:02:08.990,23213,23216,23217,1,1
2025-02-14 15:02:09.233,23213,23216,23216,1,1
2025-02-14 15:02:09.243,23213,23216,23217,1,1
2025-02-14 15:02:09.246,23213,23216,23217,1,1
2025-02-14 15:02:09.532,23213,23216,23216,1,1
2025-02-14 15:02:09.653,23214,23216,23216,1,1
2025-02-14 15:02:09.927,23213,23217,23217,1,1
2025-02-14 15:02:09.928,23213,23217,23217,1,1
2025-02-14 15:02:09.931,23213,23217,23213,1,-1
2025-02-14 15:02:09.937,23213,23217,23217,1,1
2025-02-14 15:02:10.263,23213,23217,23212,8,-8
2025-02-14 15:02:10.263,23213,23217,23213,2,-2
2025-02-14 15:02:10.398,23210,23214,23211,1,-1
2025-02-14 15:02:10.398,23210,23214,23211,1,-1
2025-02-14 15:02:10.398,23210,23214,23210,4,-4
2025-02-14 15:02:10.437,23210,23214,23209,1,-1
2025-02-14 15:02:10.801,23209,23212,23212,3,3
2025-02-14 15:02:10.801,23209,23212,23213,1,1
2025-02-14 15:02:11.298,23209,23213,23213,4,4
2025-02-14 15:02:11.604,23210,23213,23213,1,1
2025-02-14 15:02:11.948,23210,23213,23209,1,-1
2025-02-14 15:02:12.512,23208,23211,23211,2,2
2025-02-14 15:02:12.919,23209,23211,23209,1,-1
2025-02-14 15:02:13.113,23207,23210,23210,2,2
2025-02-14 15:02:13.203,23207,23210,23207,1,-1
2025-02-14 15:02:13.210,23207,23210,23209,1,1
2025-02-14 15:02:13.210,23207,23210,23210,1,1
2025-02-14 15:02:14.697,23207,23210,23210,1,1
2025-02-14 15:02:14.730,23207,23210,23207,1,-1
2025-02-14 15:02:14.924,23206,23210,23208,1,-1
2025-02-14 15:02:15.058,23206,23210,23209,1,1
2025-02-14 15:02:15.973,23205,23209,23209,1,1
2025-02-14 15:02:16.967,23205,23208,23208,3,3
2025-02-14 15:02:17.134,23206,23210,23210,3,3
2025-02-14 15:02:17.173,23206,23210,23207,4,-4
2025-02-14 15:02:17.480,23206,23209,23206,1,-1
2025-02-14 15:02:20.191,23208,23210,23210,1,1
2025-02-14 15:02:20.191,23208,23210,23210,3,3
2025-02-14 15:02:20.227,23209,23211,23211,4,4
2025-02-14 15:02:20.227,23209,23211,23212,4,4
2025-02-14 15:02:20.228,23209,23211,23213,1,1
2025-02-14 15:02:20.228,23209,23211,23213,1,1
2025-02-14 15:02:20.228,23209,23211,23213,2,2
2025-02-14 15:02:21.580,23211,23213,23213,1,1
2025-02-14 15:02:23.148,23211,23213,23213,3,3
2025-02-14 15:02:23.598,23213,23215,23213,1,-1
2025-02-14 15:02:23.707,23213,23215,23213,1,-1
2025-02-14 15:02:26.133,23213,23215,23215,1,1
2025-02-14 15:02:26.684,23213,23215,23215,1,1
2025-02-14 15:02:27.214,23213,23215,23215,2,2
2025-02-14 15:02:27.226,23214,23216,23216,1,1
2025-02-14 15:02:27.227,23214,23216,23216,1,1
2025-02-14 15:02:27.227,23214,23216,23217,1,1
2025-02-14 15:02:27.228,23214,23216,23217,1,1
2025-02-14 15:02:27.229,23214,23216,23217,1,1
2025-02-14 15:02:27.230,23214,23216,23217,1,1
2025-02-14 15:02:27.231,23214,23216,23217,1,1
2025-02-14 15:02:27.249,23214,23216,23216,2,2
2025-02-14 15:02:27.649,23215,23218,23218,1,1
2025-02-14 15:02:27.745,23215,23218,23218,1,1
2025-02-14 15:02:27.748,23215,23218,23215,2,-2
2025-02-14 15:02:27.799,23215,23218,23218,1,1
2025-02-14 15:02:27.871,23216,23218,23218,2,2
2025-02-14 15:02:27.964,23216,23218,23216,1,-1
2025-02-14 15:02:28.120,23215,23218,23218,1,1
2025-02-14 15:02:28.281,23216,23219,23219,2,2
2025-02-14 15:02:28.426,23216,23219,23219,1,1
2025-02-14 15:02:28.615,23216,23219,23216,1,-1
2025-02-14 15:02:28.833,23216,23218,23218,1,1
2025-02-14 15:02:29.026,23216,23219,23216,1,-1
2025-02-14 15:02:29.276,23215,23218,23218,1,1
2025-02-14 15:02:29.564,23216,23218,23218,1,1
2025-02-14 15:02:29.664,23216,23219,23219,10,10
2025-02-14 15:02:29.664,23216,23219,23220,9,9
2025-02-14 15:02:29.664,23216,23219,23218,1,1
2025-02-14 15:02:29.873,23218,23220,23220,1,1
2025-02-14 15:02:30.123,23217,23219,23219,1,1
2025-02-14 15:02:30.138,23217,23219,23219,1,1
2025-02-14 15:02:30.142,23217,23219,23219,1,1
2025-02-14 15:02:30.276,23218,23221,23220,1,1
2025-02-14 15:02:30.371,23217,23220,23220,1,1
2025-02-14 15:02:30.371,23217,23220,23221,1,1
2025-02-14 15:02:30.533,23218,23221,23221,1,1
2025-02-14 15:02:30.546,23218,23221,23220,4,4
2025-02-14 15:02:30.605,23218,23221,23218,1,-1
2025-02-14 15:02:30.876,23216,23219,23219,1,1
2025-02-14 15:02:31.183,23216,23219,23216,2,-2
2025-02-14 15:02:31.183,23216,23219,23216,1,-1
2025-02-14 15:02:31.184,23216,23219,23215,3,-3
2025-02-14 15:02:31.802,23214,23217,23217,4,4
2025-02-14 15:02:31.802,23214,23217,23218,6,6
2025-02-14 15:02:31.940,23216,23218,23215,2,-2
2025-02-14 15:02:32.006,23214,23217,23216,1,1
2025-02-14 15:02:34.190,23213,23216,23215,1,1
2025-02-14 15:02:34.190,23213,23216,23216,2,2
2025-02-14 15:02:34.672,23213,23215,23215,1,1
2025-02-14 15:02:35.225,23213,23215,23213,1,-1
2025-02-14 15:02:36.498,23213,23215,23213,1,-1
2025-02-14 15:02:36.498,23213,23215,23212,3,-3
2025-02-14 15:02:36.602,23211,23214,23214,1,1
2025-02-14 15:02:36.602,23211,23214,23214,1,1
2025-02-14 15:02:36.602,23211,23214,23214,1,1
2025-02-14 15:02:36.607,23211,23214,23214,1,1
2025-02-14 15:02:36.973,23212,23214,23212,1,-1
2025-02-14 15:02:37.459,23211,23214,23214,1,1
2025-02-14 15:02:37.497,23211,23214,23211,2,-2
2025-02-14 15:02:39.375,23211,23213,23211,1,-1
2025-02-14 15:02:40.015,23211,23213,23211,1,-1
2025-02-14 15:02:41.681,23211,23213,23211,1,-1
2025-02-14 15:02:41.821,23211,23213,23213,1,1
2025-02-14 15:02:44.582,23212,23213,23213,7,7
2025-02-14 15:02:44.583,23212,23213,23214,3,3
2025-02-14 15:02:44.618,23214,23215,23214,1,-1
2025-02-14 15:02:44.619,23214,23215,23214,1,-1
2025-02-14 15:02:47.798,23213,23215,23215,1,1
2025-02-14 15:02:48.977,23214,23215,23215,1,1
2025-02-14 15:02:49.351,23214,23215,23214,1,-1
2025-02-14 15:02:49.598,23214,23216,23214,1,-1
2025-02-14 15:02:49.912,23214,23216,23216,1,1
2025-02-14 15:02:50.435,23214,23216,23216,5,5
2025-02-14 15:02:51.408,23216,23217,23216,1,-1
2025-02-14 15:02:51.408,23216,23217,23216,1,-1
2025-02-14 15:02:51.489,23215,23217,23217,1,1
2025-02-14 15:02:51.761,23215,23217,23217,1,1
2025-02-14 15:02:52.010,23215,23217,23217,1,1
2025-02-14 15:02:52.286,23215,23217,23217,1,1
2025-02-14 15:02:53.048,23215,23217,23217,1,1
2025-02-14 15:02:54.943,23215,23217,23215,1,-1
2025-02-14 15:02:56.453,23215,23216,23216,1,1
2025-02-14 15:02:57.301,23215,23216,23216,1,1
2025-02-14 15:02:57.473,23215,23216,23215,1,-1
2025-02-14 15:02:57.801,23215,23216,23216,1,1
2025-02-14 15:02:57.984,23215,23216,23215,1,-1
2025-02-14 15:02:58.266,23215,23216,23216,1,1
2025-02-14 15:03:00.046,23216,23217,23217,2,2
2025-02-14 15:03:00.046,23216,23217,23217,1,1
2025-02-14 15:03:00.046,23216,23217,23218,1,1
2025-02-14 15:03:00.047,23216,23217,23219,1,1
2025-02-14 15:03:00.047,23216,23217,23218,1,1
2025-02-14 15:03:00.050,23216,23217,23217,1,1
2025-02-14 15:03:00.059,23216,23217,23219,2,2
2025-02-14 15:03:00.081,23216,23217,23217,1,1
2025-02-14 15:03:00.102,23217,23219,23219,2,2
2025-02-14 15:03:00.102,23217,23219,23219,1,1
2025-02-14 15:03:00.103,23217,23219,23220,1,1
2025-02-14 15:03:00.104,23217,23219,23220,1,1
2025-02-14 15:03:00.104,23217,23219,23220,1,1
2025-02-14 15:03:00.104,23217,23219,23220,1,1
2025-02-14 15:03:00.105,23217,23219,23221,1,1
2025-02-14 15:03:00.106,23217,23219,23221,1,1
2025-02-14 15:03:00.153,23217,23219,23221,1,1
2025-02-14 15:03:00.154,23217,23219,23222,1,1
2025-02-14 15:03:00.154,23217,23219,23221,1,1
2025-02-14 15:03:00.156,23217,23219,23219,4,4
2025-02-14 15:03:00.172,23217,23219,23221,1,1
2025-02-14 15:03:00.178,23217,23219,23221,1,1
2025-02-14 15:03:00.224,23218,23222,23222,1,1
2025-02-14 15:03:00.289,23218,23222,23220,1,1
2025-02-14 15:03:00.289,23218,23222,23220,1,1
2025-02-14 15:03:00.533,23217,23220,23220,1,1
2025-02-14 15:03:00.606,23218,23220,23220,1,1
2025-02-14 15:03:01.555,23218,23220,23218,1,-1
2025-02-14 15:03:01.601,23217,23220,23220,1,1
2025-02-14 15:03:01.601,23217,23220,23220,1,1
2025-02-14 15:03:01.601,23217,23220,23220,1,1
2025-02-14 15:03:01.603,23217,23220,23222,1,1
2025-02-14 15:03:01.603,23217,23220,23221,1,1
2025-02-14 15:03:01.603,23217,23220,23221,1,1
2025-02-14 15:03:01.603,23217,23220,23222,1,1
2025-02-14 15:03:01.603,23217,23220,23222,1,1
2025-02-14 15:03:01.603,23217,23220,23222,1,1
2025-02-14 15:03:01.603,23217,23220,23222,1,1
2025-02-14 15:03:01.605,23217,23220,23222,1,1
2025-02-14 15:03:01.931,23219,23222,23223,1,1
2025-02-14 15:03:01.931,23219,23222,23222,4,4
2025-02-14 15:03:02.063,23219,23223,23223,1,1
2025-02-14 15:03:03.999,23219,23221,23215,1,-1
2025-02-14 15:03:03.999,23219,23221,23216,7,-7
2025-02-14 15:03:03.999,23219,23221,23219,1,-1
2025-02-14 15:03:03.999,23219,23221,23218,3,-3
2025-02-14 15:03:03.999,23219,23221,23217,5,-5
2025-02-14 15:03:04.310,23215,23218,23215,1,-1
2025-02-14 15:03:04.316,23215,23218,23215,1,-1
2025-02-14 15:03:04.319,23215,23218,23217,2,2
2025-02-14 15:03:04.322,23215,23218,23215,1,-1
2025-02-14 15:03:04.958,23215,23218,23215,1,-1
2025-02-14 15:03:05.353,23215,23218,23215,1,-1
2025-02-14 15:03:06.724,23215,23218,23215,1,-1
2025-02-14 15:03:07.600,23214,23217,23214,1,-1
2025-02-14 15:03:07.727,23214,23217,23217,1,1
2025-02-14 15:03:07.727,23214,23217,23217,1,1
2025-02-14 15:03:07.727,23214,23217,23217,1,1
2025-02-14 15:03:07.727,23214,23217,23217,1,1
2025-02-14 15:03:07.727,23214,23217,23217,1,1
2025-02-14 15:03:07.728,23214,23217,23218,1,1
2025-02-14 15:03:07.728,23214,23217,23218,1,1
2025-02-14 15:03:07.728,23214,23217,23218,1,1
2025-02-14 15:03:07.728,23214,23217,23218,1,1
2025-02-14 15:03:07.728,23214,23217,23218,1,1
2025-02-14 15:03:07.728,23214,23217,23218,1,1
2025-02-14 15:03:07.728,23214,23217,23218,1,1
2025-02-14 15:03:07.729,23214,23217,23219,1,1
2025-02-14 15:03:07.729,23214,23217,23219,1,1
2025-02-14 15:03:07.729,23214,23217,23219,1,1
2025-02-14 15:03:07.729,23214,23217,23219,1,1
2025-02-14 15:03:07.732,23214,23217,23219,1,1
2025-02-14 15:03:07.760,23214,23217,23217,1,1
2025-02-14 15:03:08.727,23215,23218,23218,1,1
2025-02-14 15:03:10.171,23215,23217,23215,1,-1
2025-02-14 15:03:12.159,23215,23216,23215,1,-1
2025-02-14 15:03:14.160,23214,23215,23214,1,-1
2025-02-14 15:03:14.161,23214,23215,23214,1,-1
2025-02-14 15:03:14.161,23214,23215,23214,6,-6
2025-02-14 15:03:15.595,23212,23214,23214,2,2
2025-02-14 15:03:16.284,23212,23214,23214,1,1
2025-02-14 15:03:18.930,23212,23215,23212,1,-1
2025-02-14 15:03:19.160,23212,23215,23212,2,-2
2025-02-14 15:03:19.160,23212,23215,23211,17,-17
2025-02-14 15:03:19.226,23210,23211,23211,1,1
2025-02-14 15:03:19.227,23210,23211,23212,1,1
2025-02-14 15:03:19.227,23210,23211,23213,1,1
2025-02-14 15:03:19.227,23210,23211,23213,1,1
2025-02-14 15:03:19.227,23210,23211,23213,1,1
2025-02-14 15:03:19.227,23210,23211,23214,2,2
2025-02-14 15:03:19.228,23210,23211,23215,1,1
2025-02-14 15:03:19.228,23210,23211,23215,1,1
2025-02-14 15:03:19.228,23210,23211,23214,1,1
2025-02-14 15:03:19.228,23210,23211,23214,1,1
2025-02-14 15:03:19.233,23210,23211,23215,1,1
2025-02-14 15:03:19.427,23212,23215,23215,1,1
2025-02-14 15:03:19.427,23212,23215,23215,1,1
2025-02-14 15:03:19.427,23212,23215,23215,1,1
2025-02-14 15:03:19.427,23212,23215,23215,1,1
2025-02-14 15:03:19.427,23212,23215,23215,1,1
2025-02-14 15:03:19.427,23212,23215,23215,1,1
2025-02-14 15:03:19.427,23212,23215,23215,1,1
2025-02-14 15:03:19.817,23212,23215,23213,1,-1
2025-02-14 15:03:19.861,23212,23215,23215,1,1
2025-02-14 15:03:19.929,23212,23215,23212,1,-1
2025-02-14 15:03:20.617,23211,23214,23211,1,-1
2025-02-14 15:03:22.954,23210,23213,23210,1,-1
2025-02-14 15:03:27.186,23210,23213,23210,4,-4
2025-02-14 15:03:28.186,23209,23212,23209,4,-4
2025-02-14 15:03:28.227,23209,23212,23212,1,1
2025-02-14 15:03:28.227,23209,23212,23212,1,1
2025-02-14 15:03:28.227,23209,23212,23213,1,1
2025-02-14 15:03:28.227,23209,23212,23213,1,1
2025-02-14 15:03:28.227,23209,23212,23213,1,1
2025-02-14 15:03:28.227,23209,23212,23213,1,1
2025-02-14 15:03:28.228,23209,23212,23214,1,1
2025-02-14 15:03:28.228,23209,23212,23214,1,1
2025-02-14 15:03:28.228,23209,23212,23214,1,1
2025-02-14 15:03:28.228,23209,23212,23214,1,1
2025-02-14 15:03:28.228,23209,23212,23213,2,2
2025-02-14 15:03:28.228,23209,23212,23214,1,1
2025-02-14 15:03:28.229,23209,23212,23215,1,1
2025-02-14 15:03:28.229,23209,23212,23215,1,1
2025-02-14 15:03:28.229,23209,23212,23215,1,1
2025-02-14 15:03:28.229,23209,23212,23215,1,1
2025-02-14 15:03:28.229,23209,23212,23215,1,1
2025-02-14 15:03:28.271,23209,23212,23213,4,4
2025-02-14 15:03:28.271,23209,23212,23212,9,9
2025-02-14 15:03:28.271,23209,23212,23211,4,4
2025-02-14 15:03:28.271,23209,23212,23210,3,-3
2025-02-14 15:03:29.193,23210,23213,23209,2,-2
2025-02-14 15:03:29.259,23209,23211,23208,5,-5
2025-02-14 15:03:29.929,23208,23210,23210,1,1
2025-02-14 15:03:30.191,23208,23210,23208,1,-1
2025-02-14 15:03:30.430,23207,23210,23210,1,1
2025-02-14 15:03:37.131,23208,23209,23208,2,-2
2025-02-14 15:03:37.131,23208,23209,23207,1,-1
2025-02-14 15:03:40.838,23207,23209,23209,1,1
2025-02-14 15:03:40.852,23207,23210,23210,1,1
2025-02-14 15:03:40.852,23207,23210,23210,1,1
2025-02-14 15:03:40.852,23207,23210,23210,1,1
2025-02-14 15:03:40.853,23207,23210,23210,1,1
2025-02-14 15:03:40.853,23207,23210,23210,1,1
2025-02-14 15:03:40.853,23207,23210,23210,1,1
2025-02-14 15:03:40.854,23207,23210,23210,7,7
2025-02-14 15:03:40.857,23207,23210,23211,1,1
2025-02-14 15:03:41.990,23209,23212,23209,1,-1
2025-02-14 15:03:42.000,23209,23212,23206,1,-1
2025-02-14 15:03:42.005,23209,23212,23206,1,-1
2025-02-14 15:03:42.005,23209,23212,23206,4,-4
2025-02-14 15:03:42.097,23209,23212,23203,1,-1
2025-02-14 15:03:42.112,23202,23204,23202,1,-1
2025-02-14 15:03:42.114,23202,23204,23202,1,-1
2025-02-14 15:03:42.118,23202,23204,23200,1,-1
2025-02-14 15:03:42.120,23202,23204,23200,1,-1
2025-02-14 15:03:42.205,23202,23204,23200,1,-1
2025-02-14 15:03:42.249,23200,23202,23200,1,-1
2025-02-14 15:03:42.252,23200,23202,23200,1,-1
2025-02-14 15:03:42.266,23200,23202,23200,1,-1
2025-02-14 15:03:42.395,23198,23200,23198,1,-1
2025-02-14 15:03:42.505,23198,23199,23198,2,-2
2025-02-14 15:03:42.505,23198,23199,23197,2,-2
2025-02-14 15:03:42.506,23198,23199,23197,16,-16
2025-02-14 15:03:42.509,23198,23199,23199,2,2
2025-02-14 15:03:42.519,23198,23199,23199,1,1
2025-02-14 15:03:42.520,23198,23199,23199,1,1
2025-02-14 15:03:42.530,23198,23199,23199,2,2
2025-02-14 15:03:43.009,23198,23199,23199,2,2
2025-02-14 15:03:43.016,23198,23199,23200,2,2
2025-02-14 15:03:43.615,23198,23199,23198,1,-1
2025-02-14 15:03:43.615,23198,23199,23197,1,-1
2025-02-14 15:03:43.678,23198,23199,23196,1,-1
2025-02-14 15:03:44.035,23197,23199,23197,4,-4
2025-02-14 15:03:45.035,23197,23199,23197,1,-1
2025-02-14 15:03:45.753,23198,23199,23199,1,1
2025-02-14 15:03:46.567,23199,23200,23200,1,1
2025-02-14 15:03:46.568,23199,23200,23200,2,2
2025-02-14 15:03:46.599,23199,23201,23201,1,1
2025-02-14 15:03:46.883,23199,23201,23199,1,-1
2025-02-14 15:03:50.575,23200,23201,23201,1,1
2025-02-14 15:03:50.749,23200,23201,23201,20,20
2025-02-14 15:03:50.749,23200,23201,23202,2,2
2025-02-14 15:03:50.775,23200,23201,23203,1,1
2025-02-14 15:03:50.776,23200,23201,23203,2,2
2025-02-14 15:03:51.308,23202,23205,23202,1,-1
2025-02-14 15:03:51.805,23201,23204,23201,1,-1
2025-02-14 15:03:52.430,23201,23204,23204,1,1
2025-02-14 15:03:54.179,23201,23204,23201,1,-1
2025-02-14 15:03:57.967,23202,23204,23202,1,-1
2025-02-14 15:03:58.355,23202,23204,23204,1,1
2025-02-14 15:04:00.358,23204,23205,23205,1,1
2025-02-14 15:04:00.360,23204,23205,23205,1,1
2025-02-14 15:04:00.428,23204,23205,23205,1,1
2025-02-14 15:04:00.588,23204,23205,23205,1,1
2025-02-14 15:04:00.588,23204,23205,23205,18,18
2025-02-14 15:04:00.589,23204,23205,23206,2,2
2025-02-14 15:04:00.589,23204,23205,23206,2,2
2025-02-14 15:04:00.590,23204,23205,23206,1,1
2025-02-14 15:04:00.591,23204,23205,23207,1,1
2025-02-14 15:04:00.592,23204,23205,23207,1,1
2025-02-14 15:04:00.622,23208,23211,23211,1,1
2025-02-14 15:04:00.802,23209,23211,23207,4,-4
2025-02-14 15:04:01.339,23206,23207,23207,1,1
2025-02-14 15:04:01.359,23205,23207,23207,1,1
2025-02-14 15:04:01.359,23205,23207,23208,1,1
2025-02-14 15:04:01.575,23206,23209,23206,1,-1
2025-02-14 15:04:01.882,23206,23209,23206,1,-1
2025-02-14 15:04:02.575,23206,23209,23205,2,-2
2025-02-14 15:04:03.575,23204,23207,23204,4,-4
2025-02-14 15:04:04.580,23203,23206,23206,2,2
2025-02-14 15:04:05.824,23203,23206,23206,1,1
2025-02-14 15:04:06.091,23203,23206,23206,1,1
2025-02-14 15:04:06.091,23203,23206,23207,1,1
2025-02-14 15:04:06.311,23204,23207,23204,1,-1
2025-02-14 15:04:09.599,23203,23204,23203,1,-1
2025-02-14 15:04:09.599,23203,23204,23202,1,-1
2025-02-14 15:04:15.742,23201,23203,23203,1,1
2025-02-14 15:04:16.626,23201,23202,23202,1,1
2025-02-14 15:04:16.662,23201,23202,23201,1,-1
2025-02-14 15:04:19.203,23201,23202,23201,1,-1
2025-02-14 15:04:19.203,23201,23202,23201,1,-1
2025-02-14 15:04:21.003,23200,23201,23200,1,-1
2025-02-14 15:04:21.741,23200,23201,23200,1,-1
2025-02-14 15:04:22.147,23200,23201,23201,1,1
2025-02-14 15:04:24.343,23200,23201,23201,4,4
2025-02-14 15:04:24.379,23200,23202,23201,1,1
2025-02-14 15:04:25.026,23201,23202,23201,1,-1
2025-02-14 15:04:25.235,23200,23202,23202,1,1
2025-02-14 15:04:27.297,23200,23202,23200,3,-3
2025-02-14 15:04:34.253,23200,23201,23201,1,1
2025-02-14 15:04:34.295,23200,23201,23201,1,1
2025-02-14 15:04:34.352,23200,23202,23202,1,1
2025-02-14 15:04:34.352,23200,23202,23203,1,1
2025-02-14 15:04:34.352,23200,23202,23203,1,1
2025-02-14 15:04:36.777,23201,23204,23204,1,1
2025-02-14 15:04:37.892,23201,23204,23204,1,1
2025-02-14 15:04:41.794,23201,23204,23204,2,2
2025-02-14 15:04:41.794,23201,23204,23205,4,4
2025-02-14 15:04:41.794,23201,23204,23206,8,8
2025-02-14 15:04:41.794,23201,23204,23207,6,6
2025-02-14 15:04:41.797,23201,23204,23207,1,1
2025-02-14 15:04:42.241,23205,23208,23208,1,1
2025-02-14 15:04:46.852,23205,23208,23205,1,-1
2025-02-14 15:04:50.789,23207,23208,23208,1,1
2025-02-14 15:04:50.789,23207,23208,23208,1,1
2025-02-14 15:04:57.417,23208,23209,23208,1,-1
2025-02-14 15:04:57.418,23208,23209,23208,2,-2
2025-02-14 15:05:00.506,23207,23208,23208,1,1
2025-02-14 15:05:00.937,23207,23209,23209,3,3
2025-02-14 15:05:00.937,23207,23209,23210,1,1
2025-02-14 15:05:00.938,23207,23209,23210,2,2
2025-02-14 15:05:00.938,23207,23209,23210,1,1
2025-02-14 15:05:01.137,23209,23212,23212,2,2
2025-02-14 15:05:01.152,23209,23212,23212,1,1
2025-02-14 15:05:01.247,23209,23212,23212,1,1
2025-02-14 15:05:01.250,23209,23212,23212,2,2
2025-02-14 15:05:01.250,23209,23212,23213,4,4
2025-02-14 15:05:01.250,23209,23212,23213,1,1
2025-02-14 15:05:01.252,23209,23212,23213,3,3
2025-02-14 15:05:01.252,23209,23212,23214,1,1
2025-02-14 15:05:01.252,23209,23212,23213,2,2
2025-02-14 15:05:01.276,23209,23212,23215,2,2
2025-02-14 15:05:01.276,23209,23212,23215,1,1
2025-02-14 15:05:01.277,23209,23212,23215,4,4
2025-02-14 15:05:01.278,23209,23212,23216,2,2
2025-02-14 15:05:01.278,23209,23212,23216,2,2
2025-02-14 15:05:01.448,23215,23217,23216,1,1
2025-02-14 15:05:01.488,23215,23216,23216,2,2
2025-02-14 15:05:02.172,23215,23217,23215,1,-1
2025-02-14 15:05:02.435,23215,23217,23217,2,2
2025-02-14 15:05:02.435,23215,23217,23218,2,2
2025-02-14 15:05:03.308,23215,23218,23218,1,1
2025-02-14 15:05:03.483,23215,23218,23218,1,1
2025-02-14 15:05:04.256,23215,23218,23219,7,7
2025-02-14 15:05:04.256,23215,23218,23218,9,9
2025-02-14 15:05:04.823,23217,23220,23220,1,1
2025-02-14 15:05:08.247,23215,23218,23215,1,-1
2025-02-14 15:05:08.707,23214,23217,23217,1,1
2025-02-14 15:05:10.774,23215,23217,23217,1,1
2025-02-14 15:05:13.469,23217,23218,23218,1,1
2025-02-14 15:05:13.491,23217,23218,23217,1,-1
2025-02-14 15:05:14.588,23215,23217,23215,1,-1
2025-02-14 15:05:15.772,23215,23217,23217,1,1
2025-02-14 15:05:15.952,23216,23218,23218,2,2
2025-02-14 15:05:15.952,23216,23218,23219,1,1
2025-02-14 15:05:16.083,23216,23219,23216,1,-1
2025-02-14 15:05:19.935,23216,23218,23216,1,-1
2025-02-14 15:05:26.148,23215,23217,23215,1,-1
2025-02-14 15:05:26.149,23215,23217,23215,1,-1
2025-02-14 15:05:26.227,23214,23216,23216,1,1
2025-02-14 15:05:26.227,23214,23216,23217,1,1
2025-02-14 15:05:30.336,23216,23218,23218,1,1
2025-02-14 15:05:48.208,23217,23218,23215,2,-2
2025-02-14 15:05:48.210,23217,23218,23213,1,-1
2025-02-14 15:05:48.211,23217,23218,23213,3,-3
2025-02-14 15:05:48.211,23217,23218,23213,1,-1
2025-02-14 15:05:48.211,23217,23218,23213,1,-1
2025-02-14 15:05:48.211,23217,23218,23213,1,-1
2025-02-14 15:05:48.211,23217,23218,23213,1,-1
2025-02-14 15:05:48.211,23217,23218,23213,6,-6
2025-02-14 15:05:48.211,23217,23218,23213,13,-13
2025-02-14 15:05:48.211,23217,23218,23213,1,-1
2025-02-14 15:05:48.211,23217,23218,23213,1,-1
2025-02-14 15:05:48.211,23217,23218,23213,1,-1
2025-02-14 15:05:48.211,23217,23218,23213,2,-2
2025-02-14 15:05:48.213,23217,23218,23213,3,-3
2025-02-14 15:05:48.218,23217,23218,23212,1,-1
2025-02-14 15:05:48.232,23212,23214,23214,1,1
2025-02-14 15:05:48.256,23212,23214,23214,1,1
2025-02-14 15:05:48.258,23212,23214,23214,1,1
2025-02-14 15:05:48.265,23212,23214,23214,1,1
2025-02-14 15:05:48.268,23212,23214,23214,1,1
2025-02-14 15:05:48.331,23212,23214,23214,2,2
2025-02-14 15:05:48.331,23212,23214,23213,2,2
2025-02-14 15:05:48.331,23212,23214,23212,5,-5
2025-02-14 15:05:48.331,23212,23214,23211,1,-1
2025-02-14 15:05:48.383,23212,23215,23212,2,-2
2025-02-14 15:05:48.383,23212,23215,23211,1,-1
2025-02-14 15:05:48.396,23212,23215,23214,1,1
2025-02-14 15:05:48.406,23212,23215,23214,1,1
2025-02-14 15:05:48.408,23212,23215,23214,1,1
2025-02-14 15:05:48.419,23212,23215,23215,1,1
2025-02-14 15:05:48.422,23212,23215,23215,1,1
2025-02-14 15:05:48.484,23212,23215,23215,2,2
2025-02-14 15:05:48.493,23212,23215,23215,1,1
2025-02-14 15:05:48.543,23212,23215,23215,1,1
2025-02-14 15:05:48.544,23212,23215,23215,1,1
2025-02-14 15:05:48.545,23212,23215,23215,1,1
2025-02-14 15:05:48.572,23212,23215,23215,1,1
2025-02-14 15:05:48.626,23213,23216,23215,1,1
2025-02-14 15:05:48.629,23213,23216,23215,1,1
2025-02-14 15:05:48.718,23213,23216,23215,1,1
2025-02-14 15:05:48.718,23213,23216,23216,1,1
2025-02-14 15:05:48.736,23213,23216,23215,1,1
2025-02-14 15:05:48.737,23213,23216,23215,1,1
2025-02-14 15:05:48.739,23213,23216,23214,1,-1
2025-02-14 15:05:48.744,23213,23216,23215,1,1
2025-02-14 15:05:48.754,23213,23216,23215,1,1
2025-02-14 15:05:48.755,23213,23216,23215,1,1
2025-02-14 15:05:48.757,23213,23216,23215,1,1
2025-02-14 15:05:48.930,23213,23216,23214,1,-1
2025-02-14 15:05:48.935,23213,23216,23215,1,1
2025-02-14 15:05:48.938,23213,23216,23215,1,1
2025-02-14 15:05:48.948,23213,23216,23215,1,1
2025-02-14 15:05:48.951,23213,23216,23215,1,1
2025-02-14 15:05:48.953,23213,23216,23215,1,1
2025-02-14 15:05:48.965,23213,23216,23213,1,-1
2025-02-14 15:05:49.033,23213,23215,23215,1,1
2025-02-14 15:05:49.035,23213,23215,23215,1,1
2025-02-14 15:05:49.046,23213,23215,23216,1,1
2025-02-14 15:05:49.133,23212,23216,23212,3,-3
2025-02-14 15:05:49.148,23212,23216,23211,1,-1
2025-02-14 15:05:49.183,23212,23216,23215,1,1
2025-02-14 15:05:49.192,23212,23216,23214,1,1
2025-02-14 15:05:49.193,23212,23216,23214,1,1
2025-02-14 15:05:49.195,23212,23216,23212,1,-1
2025-02-14 15:05:49.196,23212,23216,23211,1,-1
2025-02-14 15:05:49.200,23212,23216,23213,1,-1
2025-02-14 15:05:49.230,23210,23213,23210,1,-1
2025-02-14 15:05:49.263,23210,23213,23213,1,1
2025-02-14 15:05:49.275,23210,23213,23213,1,1
2025-02-14 15:05:49.286,23210,23213,23213,1,1
2025-02-14 15:05:49.287,23210,23213,23214,1,1
2025-02-14 15:05:49.359,23213,23216,23213,6,-6
2025-02-14 15:05:49.359,23213,23216,23213,1,-1
2025-02-14 15:05:49.362,23213,23216,23210,3,-3
2025-02-14 15:05:49.405,23213,23216,23210,1,-1
2025-02-14 15:05:49.474,23209,23211,23211,1,1
2025-02-14 15:05:49.491,23209,23211,23213,1,1
2025-02-14 15:05:49.504,23209,23211,23213,1,1
2025-02-14 15:05:49.531,23209,23211,23213,1,1
2025-02-14 15:05:49.538,23209,23211,23213,1,1
2025-02-14 15:05:49.545,23209,23211,23213,1,1
2025-02-14 15:05:49.549,23209,23211,23213,1,1
2025-02-14 15:05:49.772,23213,23214,23213,2,-2
2025-02-14 15:05:49.773,23213,23214,23213,1,-1
2025-02-14 15:05:49.827,23213,23214,23213,1,-1
2025-02-14 15:05:49.832,23213,23214,23213,1,-1
2025-02-14 15:05:49.834,23213,23214,23213,1,-1
2025-02-14 15:05:49.843,23213,23214,23214,1,1
2025-02-14 15:05:49.929,23211,23214,23214,1,1
2025-02-14 15:05:49.932,23211,23214,23214,1,1
2025-02-14 15:05:49.935,23211,23214,23214,1,1
2025-02-14 15:05:49.981,23211,23215,23211,1,-1
2025-02-14 15:05:49.995,23211,23215,23211,1,-1
2025-02-14 15:05:50.010,23211,23215,23211,1,-1
2025-02-14 15:05:50.015,23211,23215,23210,1,-1
2025-02-14 15:05:50.189,23210,23213,23210,2,-2
2025-02-14 15:05:50.314,23209,23212,23212,1,1
2025-02-14 15:05:53.448,23213,23216,23216,1,1
2025-02-14 15:05:55.924,23213,23216,23216,1,1
2025-02-14 15:05:56.315,23213,23215,23213,1,-1
2025-02-14 15:05:58.760,23212,23215,23212,1,-1
2025-02-14 15:06:02.034,23211,23213,23213,1,1
2025-02-14 15:06:02.034,23211,23213,23214,3,3
2025-02-14 15:06:02.209,23212,23215,23215,2,2
2025-02-14 15:06:02.311,23213,23216,23216,3,3
2025-02-14 15:06:02.311,23213,23216,23217,1,1
2025-02-14 15:06:02.394,23214,23217,23217,1,1
2025-02-14 15:06:02.410,23214,23217,23218,1,1
2025-02-14 15:06:02.432,23214,23217,23218,2,2
2025-02-14 15:06:02.463,23214,23217,23218,1,1
2025-02-14 15:06:02.472,23214,23217,23218,1,1
2025-02-14 15:06:02.477,23215,23218,23219,1,1
2025-02-14 15:06:02.528,23215,23218,23219,2,2
2025-02-14 15:06:02.626,23216,23219,23219,1,1
2025-02-14 15:06:02.649,23216,23219,23219,2,2
2025-02-14 15:06:02.669,23216,23219,23220,1,1
2025-02-14 15:06:05.217,23217,23219,23219,1,1
2025-02-14 15:06:05.226,23217,23219,23219,1,1
2025-02-14 15:06:05.226,23217,23219,23220,1,1
2025-02-14 15:06:06.521,23217,23219,23217,1,-1
2025-02-14 15:06:08.003,23215,23217,23214,1,-1
2025-02-14 15:06:08.003,23215,23217,23215,2,-2
2025-02-14 15:06:08.518,23214,23217,23217,1,1
2025-02-14 15:06:08.575,23214,23217,23217,1,1
2025-02-14 15:06:09.938,23214,23217,23215,1,-1
2025-02-14 15:06:12.528,23213,23216,23216,1,1
2025-02-14 15:06:15.687,23216,23217,23217,1,1
2025-02-14 15:06:16.551,23216,23217,23217,2,2
2025-02-14 15:06:16.698,23216,23218,23218,5,5
2025-02-14 15:06:16.755,23217,23219,23218,1,1
2025-02-14 15:06:16.755,23217,23219,23217,2,-2
2025-02-14 15:06:16.760,23217,23219,23217,1,-1
2025-02-14 15:06:17.920,23216,23218,23218,2,2
2025-02-14 15:06:17.920,23216,23218,23218,1,1
2025-02-14 15:06:20.726,23216,23218,23218,1,1
2025-02-14 15:06:20.852,23216,23218,23218,1,1
2025-02-14 15:06:23.944,23217,23218,23217,2,-2
2025-02-14 15:06:29.679,23216,23217,23216,1,-1
2025-02-14 15:06:29.722,23216,23217,23215,1,-1
2025-02-14 15:06:34.557,23215,23217,23215,1,-1
2025-02-14 15:06:36.029,23214,23216,23214,1,-1
2025-02-14 15:06:41.647,23213,23214,23214,1,1
2025-02-14 15:06:42.487,23213,23215,23215,1,1
2025-02-14 15:06:42.487,23213,23215,23216,1,1
2025-02-14 15:06:49.973,23215,23216,23215,1,-1
2025-02-14 15:06:55.385,23213,23216,23213,2,-2
2025-02-14 15:06:55.669,23213,23216,23213,1,-1
2025-02-14 15:06:56.028,23213,23214,23214,1,1
2025-02-14 15:07:01.438,23214,23216,23214,2,-2
2025-02-14 15:07:02.045,23213,23216,23216,1,1
2025-02-14 15:07:07.484,23214,23215,23215,1,1
2025-02-14 15:07:07.484,23214,23215,23215,1,1
2025-02-14 15:07:07.630,23215,23216,23215,1,-1
2025-02-14 15:07:10.269,23214,23216,23215,1,-1
2025-02-14 15:07:15.146,23214,23215,23215,1,1
2025-02-14 15:07:15.928,23214,23215,23214,1,-1
2025-02-14 15:07:16.296,23214,23215,23215,1,1
2025-02-14 15:07:17.146,23215,23216,23216,1,1
2025-02-14 15:07:21.939,23216,23217,23217,4,4
2025-02-14 15:07:22.294,23216,23218,23216,1,-1
2025-02-14 15:07:22.294,23216,23218,23216,1,-1
2025-02-14 15:07:24.589,23215,23217,23217,1,1
2025-02-14 15:07:27.319,23215,23216,23215,2,-2
2025-02-14 15:07:39.817,23213,23214,23214,1,1
2025-02-14 15:07:44.090,23213,23215,23213,1,-1
2025-02-14 15:07:45.413,23213,23215,23213,1,-1
2025-02-14 15:07:48.673,23213,23215,23213,1,-1
2025-02-14 15:07:50.074,23213,23215,23213,1,-1
2025-02-14 15:07:52.740,23213,23215,23213,3,-3
2025-02-14 15:07:52.912,23213,23215,23213,1,-1
2025-02-14 15:07:53.487,23213,23215,23214,1,-1
2025-02-14 15:07:54.565,23213,23215,23215,6,6
2025-02-14 15:07:54.588,23213,23215,23216,1,1
2025-02-14 15:07:54.840,23213,23216,23213,5,-5
2025-02-14 15:07:57.355,23212,23214,23212,1,-1
2025-02-14 15:07:59.003,23212,23213,23213,1,1
2025-02-14 15:08:03.775,23213,23215,23213,1,-1
2025-02-14 15:08:03.775,23213,23215,23212,1,-1
2025-02-14 15:08:03.940,23212,23215,23212,4,-4
2025-02-14 15:08:03.940,23212,23215,23211,6,-6
2025-02-14 15:08:04.997,23210,23212,23212,1,1
2025-02-14 15:08:07.265,23210,23212,23212,1,1
2025-02-14 15:08:10.482,23210,23212,23212,1,1
2025-02-14 15:08:10.758,23210,23212,23212,1,1
2025-02-14 15:08:15.295,23210,23212,23210,1,-1
2025-02-14 15:08:17.599,23211,23212,23211,2,-2
2025-02-14 15:08:18.759,23211,23212,23211,1,-1
2025-02-14 15:08:21.593,23211,23212,23211,2,-2
2025-02-14 15:08:22.940,23211,23212,23212,1,1
2025-02-14 15:08:24.419,23211,23212,23211,1,-1
2025-02-14 15:08:41.721,23209,23210,23210,1,1
2025-02-14 15:08:41.722,23209,23210,23210,1,1
2025-02-14 15:08:50.173,23209,23210,23210,2,2
2025-02-14 15:08:50.174,23209,23210,23211,1,1
2025-02-14 15:09:00.293,23210,23212,23212,3,3
2025-02-14 15:09:05.642,23211,23213,23211,1,-1
2025-02-14 15:09:11.023,23209,23211,23211,1,1
2025-02-14 15:09:16.574,23210,23211,23210,1,-1
2025-02-14 15:09:16.601,23209,23211,23211,1,1
2025-02-14 15:09:16.602,23209,23211,23211,1,1
2025-02-14 15:09:16.602,23209,23211,23211,1,1
2025-02-14 15:09:23.182,23210,23212,23212,3,3
2025-02-14 15:09:30.450,23210,23212,23212,1,1
2025-02-14 15:09:34.060,23210,23211,23211,1,1
2025-02-14 15:09:44.845,23210,23211,23210,1,-1
2025-02-14 15:09:51.298,23210,23211,23210,1,-1
2025-02-14 15:09:51.298,23210,23211,23210,1,-1
2025-02-14 15:09:51.298,23210,23211,23210,1,-1
2025-02-14 15:09:51.298,23210,23211,23210,1,-1
2025-02-14 15:09:56.311,23209,23210,23209,1,-1
2025-02-14 15:09:56.311,23209,23210,23209,2,-2
2025-02-14 15:09:56.311,23209,23210,23209,1,-1
2025-02-14 15:09:56.389,23208,23210,23208,3,-3
2025-02-14 15:09:56.389,23208,23210,23207,4,-4
2025-02-14 15:09:56.389,23208,23210,23207,6,-6
2025-02-14 15:09:56.431,23208,23210,23206,1,-1
2025-02-14 15:10:02.623,23205,23208,23208,1,1
2025-02-14 15:10:03.030,23206,23208,23208,1,1
2025-02-14 15:10:05.453,23206,23208,23208,1,1
2025-02-14 15:10:19.635,23206,23208,23209,1,1
2025-02-14 15:10:19.635,23206,23208,23208,2,2
2025-02-14 15:10:19.635,23206,23208,23208,1,1
2025-02-14 15:10:19.635,23206,23208,23208,1,1
2025-02-14 15:10:19.635,23206,23208,23208,1,1
2025-02-14 15:10:19.635,23206,23208,23208,1,1
2025-02-14 15:10:19.635,23206,23208,23208,8,8
2025-02-14 15:10:19.635,23206,23208,23208,2,2
2025-02-14 15:10:20.059,23208,23211,23208,1,-1
2025-02-14 15:10:21.312,23208,23210,23208,1,-1
2025-02-14 15:10:24.418,23208,23210,23208,1,-1
2025-02-14 15:10:24.424,23208,23210,23208,1,-1
2025-02-14 15:10:26.016,23208,23210,23208,1,-1
2025-02-14 15:10:26.893,23207,23209,23209,1,1
2025-02-14 15:10:27.300,23207,23210,23210,7,7
2025-02-14 15:10:27.625,23208,23211,23208,1,-1
2025-02-14 15:10:28.882,23207,23208,23208,1,1
2025-02-14 15:10:39.890,23207,23208,23207,1,-1
2025-02-14 15:10:40.108,23206,23208,23208,1,1
2025-02-14 15:10:45.234,23206,23208,23206,1,-1
2025-02-14 15:10:46.180,23206,23207,23206,1,-1
2025-02-14 15:10:47.659,23205,23207,23205,1,-1
2025-02-14 15:10:47.660,23205,23207,23205,2,-2
2025-02-14 15:10:47.660,23205,23207,23205,1,-1
2025-02-14 15:10:47.660,23205,23207,23205,1,-1
2025-02-14 15:10:47.660,23205,23207,23205,1,-1
2025-02-14 15:10:47.761,23203,23206,23203,1,-1
2025-02-14 15:10:47.762,23203,23206,23203,2,-2
2025-02-14 15:10:49.108,23202,23203,23203,3,3
2025-02-14 15:10:49.108,23202,23203,23204,2,2
2025-02-14 15:10:51.194,23202,23203,23203,1,1
2025-02-14 15:10:53.724,23203,23204,23204,1,1
2025-02-14 15:10:53.724,23203,23204,23204,1,1
2025-02-14 15:10:53.724,23203,23204,23204,16,16
2025-02-14 15:10:53.725,23203,23204,23205,1,1
2025-02-14 15:10:54.574,23205,23208,23205,2,-2
2025-02-14 15:10:54.702,23205,23208,23208,1,1
2025-02-14 15:11:02.927,23205,23207,23207,1,1
2025-02-14 15:11:03.654,23205,23207,23207,2,2
2025-02-14 15:11:09.289,23205,23207,23205,1,-1
2025-02-14 15:11:10.330,23205,23207,23207,1,1
2025-02-14 15:11:12.158,23205,23208,23205,1,-1
2025-02-14 15:11:14.636,23205,23208,23204,6,-6
2025-02-14 15:11:14.636,23205,23208,23205,2,-2
2025-02-14 15:11:22.354,23204,23206,23206,1,1
2025-02-14 15:11:23.109,23205,23208,23208,1,1
2025-02-14 15:11:26.660,23205,23208,23205,7,-7
2025-02-14 15:11:28.565,23204,23207,23204,3,-3
2025-02-14 15:11:28.566,23204,23207,23204,2,-2
2025-02-14 15:11:28.895,23203,23206,23206,2,2
2025-02-14 15:11:29.936,23204,23207,23207,1,1
2025-02-14 15:11:37.097,23204,23207,23204,1,-1
2025-02-14 15:11:40.576,23204,23207,23206,1,1
2025-02-14 15:11:43.875,23204,23206,23204,1,-1
2025-02-14 15:11:44.297,23203,23206,23206,1,1
2025-02-14 15:11:45.416,23203,23206,23204,1,-1
2025-02-14 15:11:48.149,23203,23206,23203,1,-1
2025-02-14 15:11:49.646,23203,23205,23203,1,-1
2025-02-14 15:11:52.627,23205,23206,23206,5,5
2025-02-14 15:11:53.415,23206,23208,23208,1,1
2025-02-14 15:11:53.514,23206,23208,23208,1,1
2025-02-14 15:11:53.912,23206,23208,23208,1,1
2025-02-14 15:11:55.557,23206,23208,23206,5,-5
2025-02-14 15:11:57.029,23206,23208,23206,1,-1
2025-02-14 15:12:06.593,23206,23208,23206,2,-2
2025-02-14 15:12:12.746,23206,23208,23206,1,-1
2025-02-14 15:12:17.833,23206,23208,23208,5,5
2025-02-14 15:12:19.222,23208,23210,23210,1,1
2025-02-14 15:12:19.224,23208,23210,23210,9,9
2025-02-14 15:12:19.735,23210,23211,23210,3,-3
2025-02-14 15:12:19.736,23210,23211,23210,1,-1
2025-02-14 15:12:24.652,23209,23210,23210,1,1
2025-02-14 15:12:24.652,23209,23210,23211,1,1
2025-02-14 15:12:30.110,23209,23211,23211,2,2
2025-02-14 15:12:31.824,23211,23213,23212,1,1
2025-02-14 15:12:35.596,23211,23213,23213,1,1
2025-02-14 15:12:36.372,23211,23213,23212,1,1
2025-02-14 15:12:38.490,23211,23212,23212,1,1
2025-02-14 15:12:39.022,23211,23213,23212,1,1
2025-02-14 15:12:39.023,23211,23213,23212,1,1
2025-02-14 15:12:39.023,23211,23213,23212,1,1
2025-02-14 15:12:39.241,23211,23213,23212,1,1
2025-02-14 15:12:40.540,23211,23212,23212,2,2
2025-02-14 15:12:40.540,23211,23212,23213,1,1
2025-02-14 15:12:40.540,23211,23212,23214,5,5
2025-02-14 15:12:42.337,23212,23214,23214,2,2
2025-02-14 15:12:42.359,23212,23215,23212,2,-2
2025-02-14 15:12:43.400,23212,23214,23213,1,-1
2025-02-14 15:12:43.726,23212,23215,23212,1,-1
2025-02-14 15:12:46.086,23212,23214,23212,2,-2
2025-02-14 15:12:47.924,23212,23213,23213,1,1
2025-02-14 15:12:50.999,23212,23213,23213,1,1
2025-02-14 15:12:55.645,23212,23213,23213,1,1
2025-02-14 15:12:58.487,23213,23214,23213,1,-1
2025-02-14 15:13:06.025,23212,23213,23213,2,2
2025-02-14 15:13:07.558,23212,23213,23213,1,1
2025-02-14 15:13:07.903,23212,23214,23214,1,1
2025-02-14 15:13:08.171,23212,23214,23214,1,1
2025-02-14 15:13:08.232,23212,23214,23214,1,1
2025-02-14 15:13:14.060,23212,23213,23212,1,-1
2025-02-14 15:13:14.060,23212,23213,23212,1,-1
2025-02-14 15:13:14.060,23212,23213,23212,4,-4
2025-02-14 15:13:14.060,23212,23213,23212,2,-2
2025-02-14 15:13:15.368,23210,23211,23210,1,-1
2025-02-14 15:13:15.368,23210,23211,23209,2,-2
2025-02-14 15:13:29.005,23209,23211,23209,1,-1
2025-02-14 15:13:29.359,23209,23210,23209,1,-1
2025-02-14 15:13:30.346,23208,23210,23208,1,-1
2025-02-14 15:13:30.879,23207,23208,23208,1,1
2025-02-14 15:13:33.474,23207,23208,23207,1,-1
2025-02-14 15:13:33.632,23207,23208,23207,1,-1
2025-02-14 15:13:33.632,23207,23208,23206,3,-3
2025-02-14 15:13:33.632,23207,23208,23206,1,-1
2025-02-14 15:13:33.643,23207,23208,23205,1,-1
2025-02-14 15:13:34.448,23204,23206,23206,1,1
2025-02-14 15:13:35.130,23204,23206,23206,2,2
2025-02-14 15:13:35.131,23204,23206,23206,1,1
2025-02-14 15:13:35.131,23204,23206,23206,3,3
2025-02-14 15:13:35.131,23204,23206,23206,1,1
2025-02-14 15:13:35.131,23204,23206,23206,1,1
2025-02-14 15:13:35.131,23204,23206,23206,2,2
2025-02-14 15:13:35.131,23204,23206,23206,3,3
2025-02-14 15:13:35.133,23204,23206,23206,1,1
2025-02-14 15:13:41.727,23206,23209,23206,2,-2
2025-02-14 15:13:43.370,23206,23209,23206,1,-1
2025-02-14 15:13:44.129,23206,23209,23209,1,1
2025-02-14 15:13:46.455,23206,23209,23209,9,9
2025-02-14 15:13:46.456,23206,23209,23210,1,1
2025-02-14 15:13:58.579,23210,23211,23210,1,-1
2025-02-14 15:13:59.714,23209,23210,23209,1,-1
2025-02-14 15:14:04.353,23207,23210,23210,5,5
2025-02-14 15:14:20.516,23209,23211,23212,8,8
2025-02-14 15:14:20.516,23209,23211,23211,7,7
2025-02-14 15:14:22.938,23210,23213,23213,4,4
2025-02-14 15:14:26.943,23211,23213,23213,1,1
2025-02-14 15:14:35.246,23212,23214,23213,1,1
2025-02-14 15:14:36.686,23212,23213,23213,1,1
2025-02-14 15:14:38.516,23212,23213,23213,2,2
2025-02-14 15:14:38.516,23212,23213,23214,7,7
2025-02-14 15:14:38.516,23212,23213,23215,7,7
2025-02-14 15:14:38.516,23212,23213,23216,4,4
2025-02-14 15:14:43.564,23214,23215,23215,2,2
2025-02-14 15:14:43.564,23214,23215,23215,2,2
2025-02-14 15:14:43.565,23214,23215,23216,9,9
2025-02-14 15:14:43.565,23214,23215,23216,1,1
2025-02-14 15:14:43.565,23214,23215,23216,1,1
2025-02-14 15:14:43.567,23214,23215,23217,8,8
2025-02-14 15:14:43.568,23214,23215,23217,3,3
2025-02-14 15:14:43.568,23214,23215,23217,3,3
2025-02-14 15:14:43.569,23214,23215,23218,1,1
2025-02-14 15:14:43.569,23214,23215,23218,1,1
2025-02-14 15:14:43.569,23214,23215,23218,1,1
2025-02-14 15:14:43.569,23214,23215,23218,1,1
2025-02-14 15:14:43.569,23214,23215,23218,5,5
2025-02-14 15:14:44.902,23217,23218,23218,1,1
2025-02-14 15:14:45.538,23217,23219,23219,4,4
2025-02-14 15:14:46.627,23217,23219,23219,1,1
2025-02-14 15:14:48.045,23217,23218,23217,1,-1
2025-02-14 15:14:54.426,23216,23218,23216,1,-1
2025-02-14 15:14:54.426,23216,23218,23216,1,-1
2025-02-14 15:14:54.426,23216,23218,23215,1,-1
2025-02-14 15:14:54.427,23216,23218,23215,1,-1
2025-02-14 15:14:54.607,23215,23216,23216,1,1
2025-02-14 15:14:54.844,23215,23216,23215,1,-1
2025-02-14 15:14:55.998,23214,23216,23216,1,1
2025-02-14 15:15:00.225,23213,23216,23216,1,1
2025-02-14 15:15:21.554,23214,23215,23215,1,1
2025-02-14 15:15:21.601,23215,23216,23216,1,1
2025-02-14 15:15:22.033,23215,23217,23217,1,1
2025-02-14 15:15:22.101,23215,23218,23218,1,1
2025-02-14 15:15:22.101,23215,23218,23218,1,1
2025-02-14 15:15:22.101,23215,23218,23218,1,1
2025-02-14 15:15:22.102,23215,23218,23218,1,1
2025-02-14 15:15:22.107,23215,23218,23219,1,1
2025-02-14 15:15:22.149,23215,23218,23219,1,1
2025-02-14 15:15:22.152,23215,23218,23219,1,1
2025-02-14 15:15:31.012,23217,23218,23218,1,1
2025-02-14 15:15:34.725,23217,23218,23218,1,1
2025-02-14 15:15:34.851,23217,23218,23218,1,1
2025-02-14 15:15:34.852,23217,23218,23218,1,1
2025-02-14 15:15:35.672,23217,23218,23218,1,1
2025-02-14 15:15:36.676,23217,23219,23217,2,-2
2025-02-14 15:15:36.726,23215,23217,23217,1,1
2025-02-14 15:15:50.123,23216,23217,23217,2,2
2025-02-14 15:16:04.961,23216,23217,23217,1,1
2025-02-14 15:16:04.978,23216,23217,23217,1,1
2025-02-14 15:16:05.015,23216,23217,23217,1,1
2025-02-14 15:16:05.044,23216,23217,23218,1,1
2025-02-14 15:16:05.102,23217,23219,23219,1,1
2025-02-14 15:16:06.272,23216,23218,23218,1,1
2025-02-14 15:16:06.272,23216,23218,23218,1,1
2025-02-14 15:16:06.273,23216,23218,23218,1,1
2025-02-14 15:16:08.509,23216,23217,23216,1,-1
2025-02-14 15:16:08.632,23214,23216,23214,3,-3
2025-02-14 15:16:08.988,23213,23214,23214,1,1
2025-02-14 15:16:09.717,23213,23214,23213,1,-1
2025-02-14 15:16:09.717,23213,23214,23213,1,-1
2025-02-14 15:16:09.717,23213,23214,23213,1,-1
2025-02-14 15:16:15.334,23212,23215,23215,1,1
2025-02-14 15:16:18.820,23212,23215,23215,1,1
2025-02-14 15:16:19.634,23212,23215,23215,1,1
2025-02-14 15:16:19.726,23213,23215,23215,1,1
2025-02-14 15:16:19.726,23213,23215,23215,1,1
2025-02-14 15:16:19.726,23213,23215,23215,1,1
2025-02-14 15:16:19.727,23213,23215,23215,1,1
2025-02-14 15:16:19.727,23213,23215,23215,1,1
2025-02-14 15:16:19.727,23213,23215,23215,1,1
2025-02-14 15:16:19.727,23213,23215,23215,1,1
2025-02-14 15:16:19.728,23213,23215,23215,1,1
2025-02-14 15:16:19.728,23213,23215,23215,3,3
2025-02-14 15:16:19.728,23213,23215,23215,1,1
2025-02-14 15:16:19.728,23213,23215,23215,1,1
2025-02-14 15:16:19.728,23213,23215,23215,1,1
2025-02-14 15:16:19.729,23213,23215,23215,1,1
2025-02-14 15:16:19.729,23213,23215,23215,2,2
2025-02-14 15:16:20.007,23214,23217,23217,5,5
2025-02-14 15:16:26.975,23214,23217,23217,1,1
2025-02-14 15:16:41.901,23214,23216,23216,2,2
2025-02-14 15:16:41.978,23214,23217,23217,1,1
2025-02-14 15:16:41.982,23214,23217,23217,1,1
2025-02-14 15:17:09.712,23214,23216,23214,1,-1
2025-02-14 15:17:09.726,23214,23216,23216,1,1
2025-02-14 15:17:15.483,23214,23216,23214,1,-1
2025-02-14 15:17:26.433,23214,23216,23214,1,-1
2025-02-14 15:17:29.886,23214,23216,23216,1,1
2025-02-14 15:17:29.888,23214,23216,23217,5,5
2025-02-14 15:17:29.976,23217,23218,23218,1,1
2025-02-14 15:17:29.977,23217,23218,23219,1,1
2025-02-14 15:17:31.020,23217,23219,23217,1,-1
2025-02-14 15:17:47.701,23216,23217,23216,1,-1
2025-02-14 15:17:49.589,23215,23217,23217,1,1
2025-02-14 15:17:53.596,23215,23217,23217,1,1
2025-02-14 15:17:53.880,23216,23218,23216,3,-3
2025-02-14 15:17:53.971,23216,23218,23215,1,-1
2025-02-14 15:17:56.169,23215,23217,23214,4,-4
2025-02-14 15:17:56.169,23215,23217,23215,1,-1
2025-02-14 15:18:18.367,23213,23215,23213,1,-1
2025-02-14 15:18:26.576,23213,23215,23213,4,-4
2025-02-14 15:18:26.926,23212,23214,23214,1,1
2025-02-14 15:18:30.422,23212,23214,23214,1,1
2025-02-14 15:18:35.772,23212,23213,23212,1,-1
2025-02-14 15:18:35.772,23212,23213,23212,3,-3
2025-02-14 15:18:35.892,23211,23212,23211,3,-3
2025-02-14 15:18:35.892,23211,23212,23210,1,-1
2025-02-14 15:18:35.893,23211,23212,23210,1,-1
2025-02-14 15:18:36.004,23208,23210,23210,1,1
2025-02-14 15:18:37.442,23208,23210,23206,1,-1
2025-02-14 15:18:37.442,23208,23210,23208,5,-5
2025-02-14 15:18:37.442,23208,23210,23207,4,-4
2025-02-14 15:18:37.551,23206,23208,23206,1,-1
2025-02-14 15:18:37.552,23206,23208,23206,2,-2
2025-02-14 15:18:38.090,23204,23206,23206,1,1
2025-02-14 15:18:42.353,23205,23207,23205,1,-1
2025-02-14 15:18:45.282,23204,23207,23204,8,-8
2025-02-14 15:18:45.284,23204,23207,23204,2,-2
2025-02-14 15:18:45.398,23203,23206,23203,2,-2
2025-02-14 15:18:46.397,23201,23203,23203,1,1
2025-02-14 15:18:46.623,23201,23203,23203,1,1
2025-02-14 15:18:46.623,23201,23203,23203,2,2
2025-02-14 15:18:46.623,23201,23203,23203,7,7
2025-02-14 15:18:46.623,23201,23203,23203,3,3
2025-02-14 15:18:46.623,23201,23203,23203,1,1
2025-02-14 15:18:46.624,23201,23203,23203,1,1
2025-02-14 15:18:46.624,23201,23203,23203,2,2
2025-02-14 15:18:49.303,23201,23204,23201,1,-1
2025-02-14 15:18:49.385,23201,23204,23201,1,-1
2025-02-14 15:18:49.438,23201,23204,23201,2,-2
2025-02-14 15:18:53.205,23202,23204,23202,1,-1
2025-02-14 15:18:54.904,23202,23204,23202,2,-2
2025-02-14 15:18:55.121,23201,23203,23203,1,1
2025-02-14 15:18:57.158,23201,23204,23201,3,-3
2025-02-14 15:19:00.790,23201,23203,23202,1,-1
2025-02-14 15:19:02.116,23201,23202,23200,2,-2
2025-02-14 15:19:02.116,23201,23202,23201,1,-1
2025-02-14 15:19:02.261,23200,23202,23200,3,-3
2025-02-14 15:19:02.262,23200,23202,23200,1,-1
2025-02-14 15:19:02.315,23200,23202,23200,7,-7
2025-02-14 15:19:02.315,23200,23202,23199,5,-5
2025-02-14 15:19:02.317,23200,23202,23198,5,-5
2025-02-14 15:19:02.318,23200,23202,23198,1,-1
2025-02-14 15:19:02.463,23197,23198,23197,1,-1
2025-02-14 15:19:02.631,23197,23199,23197,1,-1
2025-02-14 15:19:03.525,23196,23199,23199,1,1
2025-02-14 15:19:07.100,23196,23198,23198,1,1
2025-02-14 15:19:08.182,23197,23199,23197,1,-1
2025-02-14 15:19:09.479,23198,23199,23198,1,-1
2025-02-14 15:19:13.756,23197,23199,23199,1,1
2025-02-14 15:19:13.758,23197,23199,23199,6,6
2025-02-14 15:19:13.870,23199,23200,23200,1,1
2025-02-14 15:19:16.261,23199,23200,23200,1,1
2025-02-14 15:19:16.698,23200,23201,23200,1,-1
2025-02-14 15:19:17.370,23200,23201,23200,1,-1
2025-02-14 15:19:17.584,23198,23200,23198,1,-1
2025-02-14 15:19:19.905,23197,23199,23199,1,1
2025-02-14 15:19:22.244,23197,23199,23198,1,1
2025-02-14 15:19:23.629,23197,23199,23197,2,-2
2025-02-14 15:19:26.045,23196,23199,23199,1,1
2025-02-14 15:19:29.981,23197,23200,23197,1,-1
2025-02-14 15:19:31.206,23197,23200,23200,1,1
2025-02-14 15:19:31.706,23198,23200,23200,1,1
2025-02-14 15:19:33.235,23198,23200,23200,2,2
2025-02-14 15:19:41.064,23197,23200,23197,3,-3
2025-02-14 15:19:41.331,23197,23199,23199,1,1
2025-02-14 15:19:41.938,23198,23200,23200,1,1
2025-02-14 15:19:42.060,23198,23200,23198,1,-1
2025-02-14 15:19:44.699,23198,23199,23199,1,1
2025-02-14 15:19:54.654,23200,23201,23200,2,-2
2025-02-14 15:19:54.654,23200,23201,23199,4,-4
2025-02-14 15:19:54.656,23200,23201,23199,4,-4
2025-02-14 15:19:56.500,23200,23201,23201,2,2
2025-02-14 15:19:57.018,23201,23202,23202,1,1
2025-02-14 15:20:02.434,23200,23202,23202,2,2
2025-02-14 15:20:02.620,23202,23204,23204,1,1
2025-02-14 15:20:03.565,23203,23206,23206,1,1
2025-02-14 15:20:03.800,23203,23206,23206,1,1
2025-02-14 15:20:07.758,23202,23205,23205,1,1
2025-02-14 15:20:08.243,23202,23205,23205,1,1
2025-02-14 15:20:10.077,23204,23205,23204,1,-1
2025-02-14 15:20:10.623,23202,23204,23204,1,1
2025-02-14 15:20:12.232,23203,23204,23204,1,1
2025-02-14 15:20:14.250,23202,23204,23205,2,2
2025-02-14 15:20:18.496,23203,23206,23206,1,1
2025-02-14 15:20:25.977,23202,23204,23204,1,1
2025-02-14 15:20:31.779,23204,23206,23207,2,2
2025-02-14 15:20:31.779,23204,23206,23206,3,3
2025-02-14 15:20:32.805,23205,23207,23207,1,1
2025-02-14 15:20:35.446,23205,23207,23207,2,2
2025-02-14 15:20:35.446,23205,23207,23207,2,2
2025-02-14 15:20:35.453,23205,23207,23207,1,1
2025-02-14 15:20:35.453,23205,23207,23207,1,1
2025-02-14 15:20:35.453,23205,23207,23207,2,2
2025-02-14 15:20:35.453,23205,23207,23207,1,1
2025-02-14 15:20:35.453,23205,23207,23207,1,1
2025-02-14 15:20:35.467,23205,23207,23207,3,3
2025-02-14 15:20:35.468,23205,23207,23207,1,1
2025-02-14 15:20:35.468,23205,23207,23207,1,1
2025-02-14 15:20:35.468,23205,23207,23207,1,1
2025-02-14 15:20:35.469,23205,23207,23207,1,1
2025-02-14 15:20:35.469,23205,23207,23207,3,3
2025-02-14 15:20:35.827,23207,23209,23207,1,-1
2025-02-14 15:20:37.226,23207,23209,23209,1,1
2025-02-14 15:20:37.564,23207,23209,23207,1,-1
2025-02-14 15:20:43.601,23204,23207,23204,3,-3
2025-02-14 15:20:43.601,23204,23207,23203,6,-6
2025-02-14 15:20:44.140,23203,23204,23204,1,1
2025-02-14 15:20:44.869,23202,23205,23205,1,1
2025-02-14 15:20:44.977,23203,23206,23205,1,1
2025-02-14 15:20:52.038,23205,23208,23208,1,1
2025-02-14 15:20:56.716,23207,23208,23207,1,-1
2025-02-14 15:20:56.717,23207,23208,23207,2,-2
2025-02-14 15:20:57.791,23205,23208,23207,1,1
2025-02-14 15:21:03.810,23205,23207,23205,2,-2
2025-02-14 15:21:03.810,23205,23207,23205,3,-3
2025-02-14 15:21:05.223,23205,23206,23205,1,-1
2025-02-14 15:21:05.431,23204,23205,23204,1,-1
2025-02-14 15:21:05.432,23204,23205,23203,1,-1
2025-02-14 15:21:05.434,23204,23205,23202,1,-1
2025-02-14 15:21:08.299,23201,23203,23203,6,6
2025-02-14 15:21:12.698,23201,23203,23201,1,-1
2025-02-14 15:21:18.584,23201,23202,23202,1,1
2025-02-14 15:21:21.030,23201,23203,23201,1,-1
2025-02-14 15:21:22.076,23200,23203,23200,1,-1
2025-02-14 15:21:23.973,23200,23203,23200,1,-1
2025-02-14 15:21:34.646,23201,23203,23201,1,-1
2025-02-14 15:21:37.557,23200,23201,23200,1,-1
2025-02-14 15:21:41.063,23198,23200,23198,1,-1
2025-02-14 15:21:45.507,23198,23199,23198,1,-1
2025-02-14 15:21:46.112,23198,23199,23199,2,2
2025-02-14 15:21:46.892,23199,23200,23200,1,1
2025-02-14 15:21:50.945,23199,23201,23199,1,-1
2025-02-14 15:21:51.312,23199,23201,23201,1,1
2025-02-14 15:21:56.100,23199,23202,23199,1,-1
2025-02-14 15:22:00.905,23200,23202,23200,1,-1
2025-02-14 15:22:11.867,23200,23201,23200,1,-1
2025-02-14 15:22:20.106,23200,23201,23201,1,1
2025-02-14 15:22:20.865,23200,23202,23202,1,1
2025-02-14 15:22:22.512,23200,23201,23200,1,-1
2025-02-14 15:22:34.767,23200,23202,23200,2,-2
2025-02-14 15:22:41.573,23199,23200,23199,3,-3
2025-02-14 15:22:42.863,23197,23199,23199,1,1
2025-02-14 15:22:43.462,23197,23199,23199,1,1
2025-02-14 15:22:47.362,23197,23198,23197,1,-1
2025-02-14 15:22:54.562,23198,23200,23198,1,-1
2025-02-14 15:22:56.566,23198,23199,23198,1,-1
2025-02-14 15:23:04.614,23199,23200,23200,1,1
2025-02-14 15:23:14.811,23199,23201,23201,2,2
2025-02-14 15:23:17.917,23199,23202,23199,2,-2
2025-02-14 15:23:22.002,23199,23201,23201,1,1
2025-02-14 15:23:22.002,23199,23201,23202,4,4
2025-02-14 15:23:30.470,23200,23202,23202,5,5
2025-02-14 15:23:33.956,23200,23202,23202,1,1
2025-02-14 15:23:37.200,23201,23202,23201,1,-1
2025-02-14 15:23:40.301,23200,23202,23200,4,-4
2025-02-14 15:23:40.302,23200,23202,23199,5,-5
2025-02-14 15:23:40.304,23200,23202,23199,1,-1
2025-02-14 15:23:42.958,23198,23200,23200,1,1
2025-02-14 15:23:42.958,23198,23200,23200,4,4
2025-02-14 15:23:42.959,23198,23200,23200,1,1
2025-02-14 15:23:44.416,23199,23200,23199,1,-1
2025-02-14 15:23:48.522,23198,23200,23200,1,1
2025-02-14 15:23:50.329,23198,23200,23198,3,-3
2025-02-14 15:23:51.176,23197,23198,23197,1,-1
2025-02-14 15:23:53.317,23197,23198,23197,1,-1
2025-02-14 15:23:58.113,23197,23198,23197,1,-1
2025-02-14 15:24:03.691,23196,23198,23196,3,-3
2025-02-14 15:24:03.692,23196,23198,23196,3,-3
2025-02-14 15:24:04.265,23195,23196,23195,1,-1
2025-02-14 15:24:04.265,23195,23196,23195,1,-1
2025-02-14 15:24:08.064,23194,23195,23195,1,1
2025-02-14 15:24:11.173,23195,23196,23195,1,-1
2025-02-14 15:24:15.142,23194,23195,23194,1,-1
2025-02-14 15:24:15.142,23194,23195,23194,1,-1
2025-02-14 15:24:15.472,23193,23194,23194,2,2
2025-02-14 15:24:16.579,23193,23195,23193,1,-1
2025-02-14 15:24:18.732,23193,23195,23193,1,-1
2025-02-14 15:24:18.782,23193,23195,23193,1,-1
2025-02-14 15:24:18.865,23193,23195,23193,1,-1
2025-02-14 15:24:18.877,23193,23195,23193,2,-2
2025-02-14 15:24:18.878,23193,23195,23193,1,-1
2025-02-14 15:24:19.577,23192,23193,23192,1,-1
2025-02-14 15:24:20.201,23192,23193,23193,1,1
2025-02-14 15:24:21.347,23192,23193,23192,1,-1
2025-02-14 15:24:23.225,23192,23193,23192,2,-2
2025-02-14 15:24:23.225,23192,23193,23191,2,-2
2025-02-14 15:24:23.227,23192,23193,23191,2,-2
2025-02-14 15:24:23.395,23190,23191,23190,1,-1
2025-02-14 15:24:23.879,23190,23191,23191,4,4
2025-02-14 15:24:23.925,23190,23191,23191,1,1
2025-02-14 15:24:24.014,23191,23193,23191,1,-1
2025-02-14 15:24:24.014,23191,23193,23190,3,-3
2025-02-14 15:24:24.084,23191,23193,23190,1,-1
2025-02-14 15:24:24.307,23190,23192,23192,2,2
2025-02-14 15:24:24.307,23190,23192,23193,1,1
2025-02-14 15:24:24.387,23191,23193,23193,1,1
2025-02-14 15:24:24.979,23190,23193,23190,3,-3
2025-02-14 15:24:26.079,23190,23191,23191,1,1
2025-02-14 15:24:30.214,23190,23191,23191,2,2
2025-02-14 15:24:31.170,23191,23192,23191,1,-1
2025-02-14 15:24:31.171,23191,23192,23191,2,-2
2025-02-14 15:24:32.599,23190,23192,23190,1,-1
2025-02-14 15:24:34.131,23188,23191,23188,1,-1
2025-02-14 15:24:34.235,23188,23190,23188,1,-1
2025-02-14 15:24:34.235,23188,23190,23187,2,-2
2025-02-14 15:24:34.392,23186,23189,23186,1,-1
2025-02-14 15:24:35.697,23186,23188,23188,1,1
2025-02-14 15:24:39.424,23186,23187,23186,1,-1
2025-02-14 15:24:39.545,23185,23187,23185,1,-1
2025-02-14 15:24:39.559,23185,23187,23185,1,-1
2025-02-14 15:24:39.566,23185,23187,23185,1,-1
2025-02-14 15:24:41.333,23183,23186,23185,1,1
2025-02-14 15:24:42.283,23185,23186,23186,1,1
2025-02-14 15:24:45.549,23186,23189,23189,1,1
2025-02-14 15:24:46.245,23186,23189,23189,1,1
2025-02-14 15:24:46.839,23186,23188,23186,1,-1
2025-02-14 15:24:46.840,23186,23188,23186,1,-1
2025-02-14 15:24:48.440,23185,23186,23185,1,-1
2025-02-14 15:24:48.441,23185,23186,23185,1,-1
2025-02-14 15:24:52.419,23185,23186,23185,1,-1
2025-02-14 15:24:54.178,23183,23184,23183,1,-1
2025-02-14 15:24:54.246,23183,23184,23183,1,-1
2025-02-14 15:24:56.218,23182,23184,23182,2,-2
2025-02-14 15:24:57.223,23181,23184,23181,1,-1
2025-02-14 15:24:58.121,23181,23183,23181,1,-1
2025-02-14 15:25:00.159,23183,23185,23183,3,-3
2025-02-14 15:25:00.171,23183,23185,23182,3,-3
2025-02-14 15:25:00.171,23183,23185,23181,1,-1
2025-02-14 15:25:01.735,23181,23183,23181,1,-1
2025-02-14 15:25:02.195,23181,23183,23181,1,-1
2025-02-14 15:25:02.411,23180,23183,23183,2,2
2025-02-14 15:25:02.413,23180,23183,23184,2,2
2025-02-14 15:25:02.421,23180,23183,23184,1,1
2025-02-14 15:25:02.491,23182,23185,23185,1,1
2025-02-14 15:25:05.072,23182,23184,23182,1,-1
2025-02-14 15:25:05.119,23181,23183,23181,1,-1
2025-02-14 15:25:05.472,23181,23183,23181,1,-1
2025-02-14 15:25:09.196,23184,23185,23184,1,-1
2025-02-14 15:25:09.697,23183,23185,23183,1,-1
2025-02-14 15:25:10.430,23182,23184,23184,1,1
2025-02-14 15:25:10.638,23182,23184,23183,2,2
2025-02-14 15:25:13.548,23181,23184,23184,1,1
2025-02-14 15:25:13.835,23181,23183,23183,1,1
2025-02-14 15:25:13.835,23181,23183,23184,4,4
2025-02-14 15:25:13.836,23181,23183,23184,2,2
2025-02-14 15:25:13.836,23181,23183,23184,2,2
2025-02-14 15:25:13.838,23181,23183,23184,1,1
2025-02-14 15:25:17.323,23182,23184,23184,2,2
2025-02-14 15:25:20.469,23184,23185,23184,1,-1
2025-02-14 15:25:21.188,23184,23185,23184,2,-2
2025-02-14 15:25:22.171,23184,23185,23184,4,-4
2025-02-14 15:25:22.171,23184,23185,23184,1,-1
2025-02-14 15:25:22.171,23184,23185,23184,1,-1
2025-02-14 15:25:28.177,23183,23184,23183,1,-1
2025-02-14 15:25:32.395,23182,23184,23182,1,-1
2025-02-14 15:25:32.420,23182,23184,23182,1,-1
2025-02-14 15:25:34.680,23181,23182,23181,1,-1
2025-02-14 15:25:37.834,23181,23182,23181,1,-1
2025-02-14 15:25:38.256,23181,23182,23182,1,1
2025-02-14 15:25:39.904,23181,23182,23181,2,-2
2025-02-14 15:25:39.904,23181,23182,23181,2,-2
2025-02-14 15:25:39.906,23181,23182,23180,1,-1
2025-02-14 15:25:39.906,23181,23182,23180,1,-1
2025-02-14 15:25:39.906,23181,23182,23180,1,-1
2025-02-14 15:25:39.906,23181,23182,23180,1,-1
2025-02-14 15:25:39.906,23181,23182,23180,1,-1
2025-02-14 15:25:39.907,23181,23182,23180,1,-1
2025-02-14 15:25:40.477,23178,23180,23180,1,1
2025-02-14 15:25:46.804,23177,23179,23179,1,1
2025-02-14 15:25:48.309,23177,23180,23178,1,-1
2025-02-14 15:25:48.371,23177,23178,23178,1,1
2025-02-14 15:25:50.212,23177,23178,23178,1,1
2025-02-14 15:25:52.194,23178,23180,23178,1,-1
2025-02-14 15:25:52.775,23178,23180,23179,1,-1
2025-02-14 15:25:52.797,23178,23180,23178,1,-1
2025-02-14 15:25:52.804,23178,23180,23178,1,-1
2025-02-14 15:25:53.620,23179,23180,23180,1,1
2025-02-14 15:25:55.919,23178,23180,23180,1,1
2025-02-14 15:25:56.122,23178,23180,23180,1,1
2025-02-14 15:25:57.641,23179,23181,23179,5,-5
2025-02-14 15:25:58.617,23178,23180,23178,1,-1
2025-02-14 15:25:59.243,23177,23178,23178,1,1
2025-02-14 15:26:01.559,23177,23178,23177,1,-1
2025-02-14 15:26:01.896,23175,23177,23175,1,-1
2025-02-14 15:26:01.897,23175,23177,23175,1,-1
2025-02-14 15:26:02.849,23174,23175,23175,1,1
2025-02-14 15:26:05.531,23174,23175,23174,1,-1
2025-02-14 15:26:05.532,23174,23175,23174,1,-1
2025-02-14 15:26:07.967,23173,23175,23173,2,-2
2025-02-14 15:26:08.013,23173,23175,23173,1,-1
2025-02-14 15:26:08.153,23173,23175,23175,2,2
2025-02-14 15:26:08.153,23173,23175,23176,3,3
2025-02-14 15:26:11.576,23176,23178,23176,1,-1
2025-02-14 15:26:15.607,23176,23178,23176,1,-1
2025-02-14 15:26:15.630,23176,23178,23176,2,-2
2025-02-14 15:26:22.563,23175,23176,23176,1,1
2025-02-14 15:26:23.099,23175,23176,23176,1,1
2025-02-14 15:26:23.427,23176,23177,23177,1,1
2025-02-14 15:26:25.769,23178,23179,23179,1,1
2025-02-14 15:26:25.769,23178,23179,23179,1,1
2025-02-14 15:26:26.594,23178,23180,23178,1,-1
2025-02-14 15:26:27.195,23178,23180,23178,2,-2
2025-02-14 15:26:32.861,23178,23180,23178,1,-1
2025-02-14 15:26:43.907,23176,23178,23178,1,1
2025-02-14 15:26:45.186,23177,23179,23177,3,-3
2025-02-14 15:26:45.186,23177,23179,23176,2,-2
2025-02-14 15:26:45.186,23177,23179,23176,1,-1
2025-02-14 15:26:45.187,23177,23179,23175,3,-3
2025-02-14 15:26:45.417,23174,23175,23174,1,-1
2025-02-14 15:26:45.419,23174,23175,23174,1,-1
2025-02-14 15:26:45.548,23173,23174,23173,1,-1
2025-02-14 15:26:45.570,23173,23174,23174,1,1
2025-02-14 15:26:45.721,23173,23174,23173,8,-8
2025-02-14 15:26:45.723,23173,23174,23173,1,-1
2025-02-14 15:26:45.782,23173,23174,23173,1,-1
2025-02-14 15:26:49.129,23173,23175,23173,1,-1
2025-02-14 15:26:50.111,23173,23175,23173,1,-1
2025-02-14 15:26:51.842,23173,23174,23174,2,2
2025-02-14 15:26:53.911,23173,23175,23175,1,1
2025-02-14 15:27:01.940,23177,23179,23177,1,-1
2025-02-14 15:27:01.981,23177,23179,23179,1,1
2025-02-14 15:27:02.503,23177,23180,23177,1,-1
2025-02-14 15:27:07.949,23177,23180,23178,1,-1
2025-02-14 15:27:11.982,23177,23179,23177,3,-3
2025-02-14 15:27:13.649,23176,23179,23179,2,2
2025-02-14 15:27:15.816,23178,23180,23178,4,-4
2025-02-14 15:27:16.048,23177,23178,23178,3,3
2025-02-14 15:27:20.900,23177,23178,23178,1,1
2025-02-14 15:27:21.466,23177,23178,23178,1,1
2025-02-14 15:27:21.466,23177,23178,23178,1,1
2025-02-14 15:27:26.468,23179,23180,23179,1,-1
2025-02-14 15:27:26.468,23179,23180,23179,1,-1
2025-02-14 15:27:29.403,23178,23179,23178,1,-1
2025-02-14 15:27:29.406,23178,23179,23178,1,-1
2025-02-14 15:27:29.415,23178,23179,23177,6,-6
2025-02-14 15:27:29.497,23176,23177,23176,1,-1
2025-02-14 15:27:29.504,23176,23177,23176,1,-1
2025-02-14 15:27:29.616,23174,23176,23174,1,-1
2025-02-14 15:27:29.740,23173,23176,23173,1,-1
2025-02-14 15:27:32.004,23173,23175,23175,2,2
2025-02-14 15:27:34.062,23173,23175,23175,1,1
2025-02-14 15:27:38.588,23173,23176,23173,1,-1
2025-02-14 15:27:41.594,23175,23177,23175,1,-1
2025-02-14 15:27:47.358,23175,23177,23175,1,-1
2025-02-14 15:27:58.034,23177,23179,23177,1,-1
2025-02-14 15:27:59.270,23177,23178,23177,1,-1
2025-02-14 15:27:59.271,23177,23178,23177,1,-1
2025-02-14 15:27:59.271,23177,23178,23177,1,-1
2025-02-14 15:27:59.452,23175,23177,23177,1,1
2025-02-14 15:28:03.060,23175,23178,23175,7,-7
2025-02-14 15:28:03.891,23174,23175,23175,1,1
2025-02-14 15:28:09.984,23174,23175,23175,1,1
2025-02-14 15:28:15.810,23175,23178,23176,1,-1
2025-02-14 15:28:23.223,23176,23178,23178,1,1
2025-02-14 15:28:25.221,23177,23179,23177,1,-1
2025-02-14 15:28:25.518,23177,23179,23179,1,1
2025-02-14 15:28:26.912,23177,23179,23177,1,-1
2025-02-14 15:28:27.656,23177,23179,23179,2,2
2025-02-14 15:28:28.159,23178,23179,23179,1,1
2025-02-14 15:28:28.182,23178,23179,23179,1,1
2025-02-14 15:28:28.864,23178,23180,23178,2,-2
2025-02-14 15:28:29.935,23178,23180,23180,1,1
2025-02-14 15:28:31.066,23178,23180,23180,2,2
2025-02-14 15:28:31.067,23178,23180,23180,3,3
2025-02-14 15:28:31.067,23178,23180,23180,1,1
2025-02-14 15:28:31.067,23178,23180,23180,2,2
2025-02-14 15:28:31.067,23178,23180,23180,7,7
2025-02-14 15:28:31.420,23180,23182,23180,1,-1
2025-02-14 15:28:31.601,23180,23181,23181,1,1
2025-02-14 15:28:34.225,23179,23182,23182,3,3
2025-02-14 15:28:36.444,23180,23182,23180,4,-4
2025-02-14 15:28:36.446,23180,23182,23179,1,-1
2025-02-14 15:28:36.468,23180,23182,23180,1,-1
2025-02-14 15:28:36.780,23177,23180,23180,1,1
2025-02-14 15:28:37.046,23178,23180,23178,1,-1
2025-02-14 15:28:37.359,23179,23181,23179,1,-1
2025-02-14 15:28:40.718,23179,23180,23180,2,2
2025-02-14 15:28:41.499,23179,23180,23179,1,-1
2025-02-14 15:28:45.723,23180,23181,23180,1,-1
2025-02-14 15:28:45.723,23180,23181,23179,2,-2
2025-02-14 15:28:46.638,23178,23179,23179,1,1
2025-02-14 15:28:49.293,23179,23180,23180,1,1
2025-02-14 15:28:55.618,23177,23179,23179,4,4
2025-02-14 15:29:05.350,23179,23180,23179,3,-3
2025-02-14 15:29:09.714,23178,23180,23180,1,1
2025-02-14 15:29:16.387,23179,23180,23179,1,-1
2025-02-14 15:29:16.543,23179,23180,23180,6,6
2025-02-14 15:29:21.414,23179,23180,23180,1,1
2025-02-14 15:29:21.415,23179,23180,23180,1,1
2025-02-14 15:29:21.415,23179,23180,23180,1,1
2025-02-14 15:29:21.415,23179,23180,23180,2,2
2025-02-14 15:29:23.032,23180,23181,23181,2,2
2025-02-14 15:29:23.032,23180,23181,23181,1,1
2025-02-14 15:29:23.102,23181,23182,23181,1,-1
2025-02-14 15:29:23.102,23181,23182,23180,2,-2
2025-02-14 15:29:30.470,23181,23182,23182,1,1
2025-02-14 15:29:33.491,23181,23182,23182,1,1
2025-02-14 15:29:35.810,23181,23182,23182,1,1
2025-02-14 15:29:37.801,23181,23182,23182,1,1
2025-02-14 15:29:37.801,23181,23182,23182,3,3
2025-02-14 15:29:37.801,23181,23182,23182,2,2
2025-02-14 15:29:39.665,23182,23184,23184,1,1
2025-02-14 15:29:45.232,23183,23186,23186,1,1
2025-02-14 15:29:49.044,23185,23186,23185,1,-1
2025-02-14 15:29:49.819,23183,23185,23183,3,-3
2025-02-14 15:29:50.096,23183,23185,23183,3,-3
2025-02-14 15:29:50.108,23183,23185,23183,1,-1
2025-02-14 15:29:50.289,23182,23183,23183,2,2
2025-02-14 15:29:50.300,23182,23183,23185,1,1
2025-02-14 15:29:50.345,23182,23183,23183,3,3
2025-02-14 15:29:50.579,23182,23185,23183,2,-2
2025-02-14 15:29:50.627,23182,23183,23183,1,1
2025-02-14 15:29:51.333,23183,23185,23184,2,2
2025-02-14 15:29:51.407,23182,23184,23184,1,1
2025-02-14 15:29:52.210,23182,23184,23184,1,1
2025-02-14 15:29:55.644,23183,23186,23183,1,-1
2025-02-14 15:30:00.240,23184,23186,23186,1,1
2025-02-14 15:30:00.273,23184,23186,23184,1,-1
2025-02-14 15:30:00.395,23184,23186,23186,1,1
2025-02-14 15:30:00.576,23184,23186,23186,2,2
2025-02-14 15:30:00.701,23185,23188,23185,1,-1
2025-02-14 15:30:05.509,23184,23187,23184,3,-3
2025-02-14 15:30:05.746,23185,23187,23185,1,-1
2025-02-14 15:30:05.746,23185,23187,23184,2,-2
2025-02-14 15:30:05.746,23185,23187,23184,3,-3
2025-02-14 15:30:06.051,23184,23187,23188,1,1
2025-02-14 15:30:06.095,23184,23187,23186,3,3
2025-02-14 15:30:06.096,23184,23187,23185,2,-2
2025-02-14 15:30:06.096,23184,23187,23186,1,1
2025-02-14 15:30:06.175,23185,23187,23187,1,1
2025-02-14 15:30:16.612,23184,23186,23184,3,-3
2025-02-14 15:30:17.549,23181,23183,23183,1,1
2025-02-14 15:30:22.799,23181,23183,23181,1,-1
2025-02-14 15:30:24.313,23181,23183,23184,1,1
2025-02-14 15:30:24.356,23182,23185,23182,3,-3
2025-02-14 15:30:24.365,23182,23185,23181,3,-3
2025-02-14 15:30:26.484,23181,23184,23183,2,2
2025-02-14 15:30:30.157,23182,23183,23182,1,-1
2025-02-14 15:30:31.376,23180,23182,23180,9,-9
2025-02-14 15:30:31.377,23180,23182,23179,1,-1
2025-02-14 15:30:31.399,23180,23182,23180,1,-1
2025-02-14 15:30:32.458,23179,23180,23179,1,-1
2025-02-14 15:30:33.488,23178,23180,23178,3,-3
2025-02-14 15:30:33.882,23179,23182,23179,3,-3
2025-02-14 15:30:36.005,23179,23182,23182,2,2
2025-02-14 15:30:38.115,23181,23183,23183,1,1
2025-02-14 15:30:38.116,23181,23183,23183,1,1
2025-02-14 15:30:50.052,23186,23189,23189,6,6
2025-02-14 15:30:52.555,23189,23190,23189,1,-1
2025-02-14 15:30:56.728,23188,23190,23190,1,1
2025-02-14 15:31:00.497,23188,23190,23189,1,1
2025-02-14 15:31:00.610,23188,23189,23189,1,1
2025-02-14 15:31:00.611,23188,23189,23189,1,1
2025-02-14 15:31:02.368,23188,23189,23188,1,-1
2025-02-14 15:31:02.479,23185,23188,23188,1,1
2025-02-14 15:31:15.601,23187,23188,23187,1,-1
2025-02-14 15:31:20.968,23186,23188,23188,1,1
2025-02-14 15:31:22.725,23186,23189,23186,1,-1
2025-02-14 15:31:26.403,23186,23189,23189,1,1
2025-02-14 15:31:32.863,23186,23188,23188,1,1
2025-02-14 15:31:46.328,23188,23189,23188,1,-1
2025-02-14 15:31:49.636,23188,23189,23189,1,1
2025-02-14 15:31:50.715,23188,23189,23189,1,1
2025-02-14 15:31:51.066,23188,23189,23188,1,-1
2025-02-14 15:31:51.518,23188,23189,23188,1,-1
2025-02-14 15:31:51.541,23188,23189,23188,1,-1
2025-02-14 15:31:52.645,23186,23189,23189,1,1
2025-02-14 15:31:54.723,23187,23189,23189,1,1
2025-02-14 15:31:57.263,23187,23189,23189,1,1
2025-02-14 15:32:01.722,23185,23188,23185,1,-1
2025-02-14 15:32:01.899,23184,23186,23184,2,-2
2025-02-14 15:32:10.143,23184,23186,23186,4,4
2025-02-14 15:32:14.700,23184,23186,23186,1,1
2025-02-14 15:32:20.686,23186,23188,23186,2,-2
2025-02-14 15:32:20.686,23186,23188,23185,6,-6
2025-02-14 15:32:27.542,23187,23189,23187,1,-1
2025-02-14 15:32:30.909,23186,23189,23189,1,1
2025-02-14 15:32:32.923,23187,23189,23189,2,2
2025-02-14 15:32:33.140,23187,23189,23188,1,1
2025-02-14 15:32:40.233,23187,23188,23188,1,1
2025-02-14 15:32:53.553,23187,23189,23189,4,4
2025-02-14 15:32:53.761,23189,23190,23190,1,1
2025-02-14 15:32:53.762,23189,23190,23190,2,2
2025-02-14 15:32:53.762,23189,23190,23190,1,1
2025-02-14 15:32:53.762,23189,23190,23190,2,2
2025-02-14 15:32:53.762,23189,23190,23190,2,2
2025-02-14 15:32:53.762,23189,23190,23190,2,2
2025-02-14 15:32:53.762,23189,23190,23190,2,2
2025-02-14 15:32:55.984,23190,23191,23191,1,1
2025-02-14 15:32:56.072,23190,23191,23190,1,-1
2025-02-14 15:33:02.729,23190,23192,23190,1,-1
2025-02-14 15:33:02.736,23190,23192,23189,1,-1
2025-02-14 15:33:24.213,23187,23188,23187,1,-1
2025-02-14 15:33:24.910,23186,23187,23186,1,-1
2025-02-14 15:33:25.305,23185,23186,23185,1,-1
2025-02-14 15:33:29.769,23184,23187,23185,1,-1
2025-02-14 15:33:44.282,23184,23186,23184,1,-1
2025-02-14 15:33:46.584,23184,23186,23185,1,-1
2025-02-14 15:33:50.683,23184,23185,23185,1,1
2025-02-14 15:33:50.989,23184,23186,23186,2,2
2025-02-14 15:33:56.705,23186,23188,23188,1,1
2025-02-14 15:34:03.048,23186,23188,23188,1,1
2025-02-14 15:34:13.637,23185,23187,23185,1,-1
2025-02-14 15:34:13.841,23185,23186,23185,1,-1
2025-02-14 15:34:13.859,23185,23186,23185,1,-1
2025-02-14 15:34:27.579,23187,23190,23188,1,-1
2025-02-14 15:34:28.581,23187,23190,23190,1,1
2025-02-14 15:34:29.428,23188,23189,23189,1,1
2025-02-14 15:34:55.722,23188,23189,23188,1,-1
2025-02-14 15:35:07.856,23187,23188,23188,1,1
2025-02-14 15:35:12.375,23189,23190,23189,2,-2
2025-02-14 15:35:12.375,23189,23190,23188,2,-2
2025-02-14 15:35:17.978,23187,23189,23187,1,-1
2025-02-14 15:35:17.978,23187,23189,23186,2,-2
2025-02-14 15:35:20.373,23186,23187,23187,1,1
2025-02-14 15:35:31.373,23187,23189,23187,2,-2
2025-02-14 15:35:31.375,23187,23189,23187,1,-1
2025-02-14 15:35:36.778,23187,23188,23187,1,-1
2025-02-14 15:35:39.369,23186,23187,23187,1,1
2025-02-14 15:35:47.291,23187,23189,23189,3,3
2025-02-14 15:36:01.085,23187,23189,23189,4,4
2025-02-14 15:36:02.859,23188,23190,23190,2,2
2025-02-14 15:36:02.859,23188,23190,23190,4,4
2025-02-14 15:36:02.859,23188,23190,23190,2,2
2025-02-14 15:36:02.868,23188,23190,23192,1,1
2025-02-14 15:36:02.908,23188,23190,23192,2,2
2025-02-14 15:36:02.908,23188,23190,23192,2,2
2025-02-14 15:36:02.914,23188,23190,23191,3,3
2025-02-14 15:36:02.915,23188,23190,23191,2,2
2025-02-14 15:36:02.915,23188,23190,23190,1,1
2025-02-14 15:36:02.916,23188,23190,23190,4,4
2025-02-14 15:36:02.916,23188,23190,23189,3,3
2025-02-14 15:36:03.123,23190,23192,23193,3,3
2025-02-14 15:36:03.127,23190,23192,23193,1,1
2025-02-14 15:36:03.157,23190,23192,23191,3,3
2025-02-14 15:36:03.158,23190,23192,23190,2,-2
2025-02-14 15:36:03.159,23190,23192,23189,1,-1
2025-02-14 15:36:03.160,23190,23192,23190,1,-1
2025-02-14 15:36:03.290,23191,23192,23192,1,1
2025-02-14 15:36:03.293,23191,23192,23192,2,2
2025-02-14 15:36:03.325,23191,23192,23191,3,-3
2025-02-14 15:36:03.327,23191,23192,23191,3,-3
2025-02-14 15:36:03.966,23190,23193,23191,3,-3
2025-02-14 15:36:04.114,23190,23192,23192,1,1
2025-02-14 15:36:04.959,23190,23191,23190,1,-1
2025-02-14 15:36:05.183,23188,23190,23190,1,1
2025-02-14 15:36:06.374,23188,23191,23191,1,1
2025-02-14 15:36:09.596,23186,23189,23189,1,1
2025-02-14 15:36:09.641,23188,23190,23188,1,-1
2025-02-14 15:36:09.641,23188,23190,23187,2,-2
2025-02-14 15:36:09.642,23188,23190,23187,1,-1
2025-02-14 15:36:09.665,23188,23190,23187,2,-2
2025-02-14 15:36:09.760,23186,23188,23188,1,1
2025-02-14 15:36:09.765,23186,23188,23189,3,3
2025-02-14 15:36:09.808,23186,23188,23190,1,1
2025-02-14 15:36:10.905,23187,23189,23188,3,3
2025-02-14 15:36:13.999,23187,23188,23188,1,1
2025-02-14 15:36:15.991,23187,23188,23186,2,-2
2025-02-14 15:36:15.991,23187,23188,23187,1,-1
2025-02-14 15:36:24.059,23184,23186,23184,2,-2
2025-02-14 15:36:26.960,23182,23184,23184,3,3
2025-02-14 15:36:27.122,23182,23185,23182,1,-1
2025-02-14 15:36:31.324,23182,23184,23182,1,-1
2025-02-14 15:36:33.638,23182,23184,23182,1,-1
2025-02-14 15:36:34.845,23180,23182,23180,2,-2
2025-02-14 15:36:36.562,23180,23182,23182,2,2
2025-02-14 15:36:42.112,23180,23181,23180,1,-1
2025-02-14 15:36:42.112,23180,23181,23180,1,-1
2025-02-14 15:36:42.112,23180,23181,23180,1,-1
2025-02-14 15:36:43.294,23178,23180,23180,1,1
2025-02-14 15:36:46.696,23179,23180,23178,3,-3
2025-02-14 15:36:46.696,23179,23180,23179,1,-1
2025-02-14 15:36:47.330,23178,23180,23180,1,1
2025-02-14 15:36:50.009,23179,23180,23179,1,-1
2025-02-14 15:36:51.823,23178,23180,23178,1,-1
2025-02-14 15:36:52.273,23178,23180,23180,1,1
2025-02-14 15:36:52.517,23178,23180,23178,1,-1
2025-02-14 15:36:56.532,23179,23180,23179,1,-1
2025-02-14 15:37:01.594,23178,23181,23179,1,-1
2025-02-14 15:37:06.458,23177,23179,23174,8,-8
2025-02-14 15:37:06.458,23177,23179,23175,8,-8
2025-02-14 15:37:06.458,23177,23179,23173,7,-7
2025-02-14 15:37:06.458,23177,23179,23177,2,-2
2025-02-14 15:37:06.458,23177,23179,23176,5,-5
2025-02-14 15:37:06.461,23177,23179,23175,1,-1
2025-02-14 15:37:06.497,23172,23175,23173,1,-1
2025-02-14 15:37:06.500,23172,23175,23174,2,2
2025-02-14 15:37:06.530,23172,23175,23173,1,-1
2025-02-14 15:37:06.530,23172,23175,23172,2,-2
2025-02-14 15:37:06.539,23172,23175,23172,2,-2
2025-02-14 15:37:06.934,23171,23174,23174,3,3
2025-02-14 15:37:07.485,23172,23175,23175,1,1
2025-02-14 15:37:09.593,23174,23176,23174,1,-1
2025-02-14 15:37:12.343,23172,23175,23172,4,-4
2025-02-14 15:37:16.265,23172,23174,23174,1,1
2025-02-14 15:37:16.266,23172,23174,23174,2,2
2025-02-14 15:37:16.373,23173,23175,23173,1,-1
2025-02-14 15:37:17.629,23173,23174,23174,1,1
2025-02-14 15:37:18.182,23173,23175,23173,1,-1
2025-02-14 15:37:18.182,23173,23175,23172,1,-1
2025-02-14 15:37:19.419,23172,23174,23172,1,-1
2025-02-14 15:37:24.471,23171,23174,23174,10,10
2025-02-14 15:37:24.472,23171,23174,23175,1,1
2025-02-14 15:37:25.396,23173,23175,23175,1,1
2025-02-14 15:37:27.823,23173,23175,23175,1,1
2025-02-14 15:37:33.272,23173,23176,23173,1,-1
2025-02-14 15:37:34.323,23173,23175,23175,1,1
2025-02-14 15:37:38.397,23173,23175,23175,1,1
2025-02-14 15:37:42.642,23173,23175,23173,1,-1
2025-02-14 15:37:42.642,23173,23175,23173,2,-2
2025-02-14 15:37:44.527,23173,23174,23173,1,-1
2025-02-14 15:37:44.976,23172,23173,23173,1,1
2025-02-14 15:37:46.488,23172,23174,23174,1,1
2025-02-14 15:37:53.237,23172,23174,23172,1,-1
2025-02-14 15:37:57.413,23172,23173,23173,1,1
2025-02-14 15:37:57.632,23172,23174,23172,2,-2
2025-02-14 15:37:58.598,23172,23174,23172,2,-2
2025-02-14 15:37:58.599,23172,23174,23172,4,-4
2025-02-14 15:37:58.601,23172,23174,23171,1,-1
2025-02-14 15:37:58.601,23172,23174,23171,6,-6
2025-02-14 15:37:58.601,23172,23174,23171,1,-1
2025-02-14 15:37:59.766,23170,23171,23170,4,-4
2025-02-14 15:37:59.766,23170,23171,23170,2,-2
2025-02-14 15:37:59.766,23170,23171,23170,2,-2
2025-02-14 15:37:59.766,23170,23171,23170,1,-1
2025-02-14 15:37:59.766,23170,23171,23170,1,-1
2025-02-14 15:37:59.766,23170,23171,23170,1,-1
2025-02-14 15:37:59.766,23170,23171,23170,2,-2
2025-02-14 15:37:59.767,23170,23171,23170,1,-1
2025-02-14 15:37:59.767,23170,23171,23170,1,-1
2025-02-14 15:37:59.767,23170,23171,23170,1,-1
2025-02-14 15:37:59.767,23170,23171,23170,1,-1
2025-02-14 15:37:59.767,23170,23171,23170,5,-5
2025-02-14 15:37:59.873,23169,23171,23169,3,-3
2025-02-14 15:38:00.367,23169,23170,23170,1,1
2025-02-14 15:38:00.588,23170,23172,23171,1,1
2025-02-14 15:38:00.593,23170,23172,23172,2,2
2025-02-14 15:38:00.593,23170,23172,23173,1,1
2025-02-14 15:38:00.624,23171,23173,23171,1,-1
2025-02-14 15:38:00.624,23171,23173,23170,2,-2
2025-02-14 15:38:00.630,23171,23173,23170,2,-2
2025-02-14 15:38:01.104,23169,23170,23170,1,1
2025-02-14 15:38:02.955,23169,23170,23169,2,-2
2025-02-14 15:38:02.956,23169,23170,23169,1,-1
2025-02-14 15:38:02.956,23169,23170,23169,1,-1
2025-02-14 15:38:02.956,23169,23170,23169,6,-6
2025-02-14 15:38:05.685,23168,23170,23168,1,-1
2025-02-14 15:38:05.806,23168,23170,23168,1,-1
2025-02-14 15:38:05.822,23168,23170,23168,1,-1
2025-02-14 15:38:08.229,23169,23170,23169,1,-1
2025-02-14 15:38:08.558,23168,23170,23170,1,1
2025-02-14 15:38:10.599,23168,23170,23168,3,-3
2025-02-14 15:38:12.489,23169,23170,23169,1,-1
2025-02-14 15:38:12.825,23168,23170,23168,1,-1
2025-02-14 15:38:16.798,23168,23170,23170,1,1
2025-02-14 15:38:19.628,23168,23170,23170,9,9
2025-02-14 15:38:20.205,23170,23172,23170,1,-1
2025-02-14 15:38:21.078,23169,23172,23170,1,-1
2025-02-14 15:38:22.535,23168,23170,23170,1,1
2025-02-14 15:38:23.068,23168,23170,23170,3,3
2025-02-14 15:38:23.560,23168,23170,23170,1,1
2025-02-14 15:38:25.495,23168,23170,23170,1,1
2025-02-14 15:38:27.174,23169,23170,23170,5,5
2025-02-14 15:38:27.174,23169,23170,23170,1,1
2025-02-14 15:38:27.175,23169,23170,23171,1,1
2025-02-14 15:38:27.963,23169,23170,23170,1,1
2025-02-14 15:38:28.515,23169,23171,23171,1,1
2025-02-14 15:38:28.745,23169,23171,23171,1,1
2025-02-14 15:38:29.256,23170,23173,23173,1,1
2025-02-14 15:38:34.409,23172,23173,23173,1,1
2025-02-14 15:38:34.854,23172,23173,23173,1,1
2025-02-14 15:38:41.267,23173,23174,23173,1,-1
2025-02-14 15:38:41.268,23173,23174,23172,6,-6
2025-02-14 15:38:41.292,23173,23174,23172,1,-1
2025-02-14 15:38:41.483,23171,23172,23171,1,-1
2025-02-14 15:38:45.164,23170,23172,23172,1,1
2025-02-14 15:38:49.792,23171,23172,23171,1,-1
2025-02-14 15:38:59.445,23170,23171,23170,2,-2
2025-02-14 15:38:59.445,23170,23171,23170,2,-2
2025-02-14 15:39:00.381,23169,23170,23169,1,-1
2025-02-14 15:39:00.382,23169,23170,23169,1,-1
2025-02-14 15:39:01.321,23168,23169,23169,1,1
2025-02-14 15:39:04.332,23168,23169,23168,1,-1
2025-02-14 15:39:04.356,23168,23169,23168,1,-1
2025-02-14 15:39:06.046,23167,23169,23169,1,1
2025-02-14 15:39:08.513,23168,23169,23169,1,1
2025-02-14 15:39:12.672,23170,23171,23171,1,1
2025-02-14 15:39:13.453,23170,23172,23170,3,-3
2025-02-14 15:39:17.492,23169,23171,23169,1,-1
2025-02-14 15:39:17.689,23169,23171,23169,1,-1
2025-02-14 15:39:21.679,23169,23171,23169,1,-1
2025-02-14 15:39:22.804,23169,23171,23169,1,-1
2025-02-14 15:39:22.804,23169,23171,23168,1,-1
2025-02-14 15:39:23.861,23169,23171,23169,1,-1
2025-02-14 15:39:23.861,23169,23171,23168,2,-2
2025-02-14 15:39:28.591,23170,23171,23171,2,2
2025-02-14 15:39:28.593,23170,23171,23172,3,3
2025-02-14 15:39:28.624,23171,23172,23171,3,-3
2025-02-14 15:39:28.625,23171,23172,23170,3,-3
2025-02-14 15:39:28.625,23171,23172,23169,1,-1
2025-02-14 15:39:33.746,23169,23171,23169,1,-1
2025-02-14 15:39:37.274,23169,23170,23169,1,-1
2025-02-14 15:39:38.331,23169,23170,23169,1,-1
2025-02-14 15:39:40.010,23169,23170,23169,1,-1
2025-02-14 15:39:44.338,23167,23169,23167,1,-1
2025-02-14 15:39:44.372,23167,23169,23167,3,-3
2025-02-14 15:39:44.374,23167,23169,23167,5,-5
2025-02-14 15:39:44.375,23167,23169,23166,5,-5
2025-02-14 15:39:44.375,23167,23169,23166,1,-1
2025-02-14 15:39:44.375,23167,23169,23166,4,-4
2025-02-14 15:39:44.376,23167,23169,23166,2,-2
2025-02-14 15:39:44.376,23167,23169,23166,1,-1
2025-02-14 15:39:44.376,23167,23169,23166,2,-2
2025-02-14 15:39:44.376,23167,23169,23166,6,-6
2025-02-14 15:39:44.376,23167,23169,23166,1,-1
2025-02-14 15:39:44.377,23167,23169,23165,2,-2
2025-02-14 15:39:44.381,23167,23169,23163,4,-4
2025-02-14 15:39:44.396,23167,23169,23163,1,-1
2025-02-14 15:39:44.408,23167,23169,23162,1,-1
2025-02-14 15:39:44.494,23162,23164,23162,1,-1
2025-02-14 15:39:44.494,23162,23164,23161,1,-1
2025-02-14 15:39:44.517,23162,23164,23164,1,1
2025-02-14 15:39:44.517,23162,23164,23163,2,-2
2025-02-14 15:39:44.530,23162,23164,23161,1,-1
2025-02-14 15:39:44.577,23162,23164,23161,1,-1
2025-02-14 15:39:44.589,23162,23164,23161,3,-3
2025-02-14 15:39:44.605,23160,23163,23160,1,-1
2025-02-14 15:39:44.633,23160,23163,23160,1,-1
2025-02-14 15:39:44.681,23160,23163,23160,1,-1
2025-02-14 15:39:44.735,23160,23162,23160,3,-3
2025-02-14 15:39:47.018,23161,23162,23162,1,1
2025-02-14 15:39:47.124,23161,23163,23161,2,-2
2025-02-14 15:39:52.600,23161,23163,23161,1,-1
2025-02-14 15:39:54.932,23161,23162,23162,1,1
2025-02-14 15:39:55.804,23161,23162,23161,1,-1
2025-02-14 15:39:57.275,23161,23162,23161,1,-1
2025-02-14 15:39:57.628,23160,23161,23161,1,1
2025-02-14 15:39:58.884,23160,23161,23161,1,1
2025-02-14 15:39:59.382,23160,23161,23160,1,-1
2025-02-14 15:39:59.382,23160,23161,23160,2,-2
2025-02-14 15:40:00.641,23158,23161,23161,1,1
2025-02-14 15:40:00.734,23158,23161,23158,1,-1
2025-02-14 15:40:00.752,23158,23161,23158,2,-2
2025-02-14 15:40:00.752,23158,23161,23157,3,-3
2025-02-14 15:40:00.889,23157,23160,23159,1,1
2025-02-14 15:40:00.936,23157,23160,23158,1,-1
2025-02-14 15:40:01.073,23157,23160,23158,1,-1
2025-02-14 15:40:01.176,23158,23160,23160,1,1
2025-02-14 15:40:01.560,23159,23161,23161,2,2
2025-02-14 15:40:01.560,23159,23161,23161,2,2
2025-02-14 15:40:01.577,23159,23161,23162,2,2
2025-02-14 15:40:01.585,23159,23161,23163,2,2
2025-02-14 15:40:01.603,23161,23164,23164,2,2
2025-02-14 15:40:01.609,23161,23164,23164,1,1
2025-02-14 15:40:02.314,23161,23164,23161,2,-2
2025-02-14 15:40:06.661,23161,23164,23161,1,-1
2025-02-14 15:40:10.315,23161,23163,23161,2,-2
2025-02-14 15:40:10.812,23160,23162,23162,1,1
2025-02-14 15:40:15.506,23161,23163,23161,1,-1
2025-02-14 15:40:15.506,23161,23163,23160,2,-2
2025-02-14 15:40:18.885,23160,23161,23160,2,-2
2025-02-14 15:40:20.145,23159,23161,23161,1,1
2025-02-14 15:40:23.283,23160,23161,23160,1,-1
2025-02-14 15:40:28.683,23159,23160,23159,1,-1
2025-02-14 15:40:34.705,23159,23160,23159,1,-1
2025-02-14 15:40:34.949,23159,23160,23159,1,-1
2025-02-14 15:40:36.165,23158,23159,23158,3,-3
2025-02-14 15:40:37.717,23157,23159,23157,4,-4
2025-02-14 15:40:37.717,23157,23159,23156,1,-1
2025-02-14 15:40:38.778,23156,23157,23157,1,1
2025-02-14 15:40:38.779,23156,23157,23157,1,1
2025-02-14 15:40:41.221,23158,23159,23159,5,5
2025-02-14 15:40:41.317,23158,23159,23160,5,5
2025-02-14 15:40:41.317,23158,23159,23161,3,3
2025-02-14 15:40:44.337,23160,23163,23160,1,-1
2025-02-14 15:40:44.820,23160,23162,23160,1,-1
2025-02-14 15:40:45.555,23160,23163,23160,1,-1
2025-02-14 15:40:47.444,23160,23161,23161,1,1
2025-02-14 15:40:48.037,23160,23163,23163,1,1
2025-02-14 15:40:48.205,23161,23163,23161,1,-1
2025-02-14 15:40:49.624,23160,23162,23160,1,-1
2025-02-14 15:40:50.625,23160,23162,23160,1,-1
2025-02-14 15:40:52.441,23160,23162,23162,2,2
2025-02-14 15:40:54.374,23160,23161,23161,1,1
2025-02-14 15:40:54.374,23160,23161,23161,1,1
2025-02-14 15:40:56.902,23160,23162,23162,1,1
2025-02-14 15:40:58.525,23160,23163,23160,1,-1
2025-02-14 15:40:58.680,23160,23162,23160,1,-1
2025-02-14 15:40:59.278,23160,23161,23160,1,-1
2025-02-14 15:41:13.072,23159,23161,23160,1,-1
2025-02-14 15:41:13.181,23159,23161,23159,1,-1
2025-02-14 15:41:14.197,23160,23162,23160,1,-1
2025-02-14 15:41:15.456,23159,23161,23159,1,-1
2025-02-14 15:41:19.437,23159,23161,23161,3,3
2025-02-14 15:41:27.196,23160,23162,23162,1,1
2025-02-14 15:41:31.954,23160,23162,23162,4,4
2025-02-14 15:41:31.955,23160,23162,23163,2,2
2025-02-14 15:41:31.955,23160,23162,23163,2,2
2025-02-14 15:41:31.957,23160,23162,23162,1,1
2025-02-14 15:41:35.338,23162,23164,23162,5,-5
2025-02-14 15:41:35.360,23162,23164,23162,1,-1
2025-02-14 15:41:36.484,23160,23162,23162,3,3
2025-02-14 15:41:36.799,23160,23163,23162,2,2
2025-02-14 15:41:37.102,23162,23163,23163,2,2
2025-02-14 15:41:40.393,23163,23164,23163,1,-1
2025-02-14 15:41:40.859,23162,23164,23162,1,-1
2025-02-14 15:41:46.710,23161,23163,23161,1,-1
2025-02-14 15:41:47.119,23160,23163,23163,1,1
2025-02-14 15:41:52.886,23163,23164,23164,1,1
2025-02-14 15:41:55.640,23163,23165,23163,5,-5
2025-02-14 15:41:57.745,23162,23163,23163,1,1
2025-02-14 15:41:57.745,23162,23163,23164,1,1
2025-02-14 15:41:57.967,23162,23164,23162,1,-1
2025-02-14 15:42:05.055,23162,23163,23163,1,1
2025-02-14 15:42:05.227,23163,23164,23164,1,1
2025-02-14 15:42:06.521,23163,23165,23165,1,1
2025-02-14 15:42:08.283,23163,23165,23165,2,2
2025-02-14 15:42:08.284,23163,23165,23165,2,2
2025-02-14 15:42:10.780,23166,23167,23167,1,1
2025-02-14 15:42:11.860,23166,23167,23166,1,-1
2025-02-14 15:42:15.527,23165,23166,23166,1,1
2025-02-14 15:42:17.328,23166,23167,23167,2,2
2025-02-14 15:42:22.006,23167,23169,23169,3,3
2025-02-14 15:42:25.159,23167,23169,23169,1,1
2025-02-14 15:42:43.646,23166,23168,23168,1,1
2025-02-14 15:43:00.190,23166,23168,23166,4,-4
2025-02-14 15:43:00.212,23166,23168,23166,1,-1
2025-02-14 15:43:09.310,23163,23165,23165,1,1
2025-02-14 15:43:10.804,23164,23166,23166,1,1
2025-02-14 15:43:11.217,23164,23166,23166,1,1
2025-02-14 15:43:13.677,23165,23168,23168,1,1
2025-02-14 15:43:16.227,23165,23167,23167,1,1
2025-02-14 15:43:19.763,23166,23168,23166,3,-3
2025-02-14 15:43:31.192,23165,23167,23165,1,-1
2025-02-14 15:43:31.193,23165,23167,23165,2,-2
2025-02-14 15:43:33.546,23164,23165,23164,1,-1
2025-02-14 15:43:34.471,23163,23164,23166,2,2
2025-02-14 15:43:34.471,23163,23164,23164,1,1
2025-02-14 15:43:34.504,23163,23164,23164,3,3
2025-02-14 15:43:34.505,23163,23164,23163,3,-3
2025-02-14 15:43:43.170,23164,23165,23164,1,-1
2025-02-14 15:43:46.750,23163,23165,23163,1,-1
2025-02-14 15:43:46.750,23163,23165,23162,1,-1
2025-02-14 15:43:49.293,23163,23165,23165,1,1
2025-02-14 15:43:51.629,23163,23164,23164,2,2
2025-02-14 15:43:51.629,23163,23164,23165,1,1
2025-02-14 15:44:01.390,23163,23165,23163,1,-1
2025-02-14 15:44:01.392,23163,23165,23162,4,-4
2025-02-14 15:44:01.415,23163,23165,23162,2,-2
2025-02-14 15:44:01.837,23160,23162,23162,1,1
2025-02-14 15:44:02.438,23162,23164,23164,1,1
2025-02-14 15:44:03.624,23161,23164,23165,4,4
2025-02-14 15:44:03.624,23161,23164,23164,5,5
2025-02-14 15:44:04.353,23162,23165,23165,1,1
2025-02-14 15:44:10.319,23163,23165,23165,1,1
2025-02-14 15:44:18.304,23164,23165,23165,1,1
2025-02-14 15:44:18.304,23164,23165,23166,1,1
2025-02-14 15:44:18.329,23164,23165,23168,3,3
2025-02-14 15:44:18.362,23166,23169,23166,3,-3
2025-02-14 15:44:18.362,23166,23169,23165,1,-1
2025-02-14 15:44:18.363,23166,23169,23165,3,-3
2025-02-14 15:44:20.506,23163,23165,23165,1,1
2025-02-14 15:44:25.443,23164,23167,23166,2,2
2025-02-14 15:44:33.454,23164,23167,23167,3,3
2025-02-14 15:44:33.484,23166,23169,23166,5,-5
2025-02-14 15:44:58.205,23165,23167,23166,1,-1
2025-02-14 15:45:24.279,23165,23167,23165,2,-2
2025-02-14 15:45:24.375,23165,23167,23165,1,-1
2025-02-14 15:45:27.049,23164,23166,23166,1,1
2025-02-14 15:45:37.112,23165,23166,23165,1,-1
2025-02-14 15:45:38.422,23164,23166,23166,1,1
2025-02-14 15:45:38.454,23164,23166,23166,1,1
2025-02-14 15:45:49.248,23164,23166,23164,1,-1
2025-02-14 15:45:49.250,23164,23166,23163,8,-8
2025-02-14 15:45:49.273,23164,23166,23163,1,-1
2025-02-14 15:45:49.775,23162,23163,23163,1,1
2025-02-14 15:45:51.439,23162,23164,23162,1,-1
2025-02-14 15:45:55.965,23160,23161,23160,1,-1
2025-02-14 15:45:56.014,23160,23161,23160,1,-1
2025-02-14 15:45:56.014,23160,23161,23159,1,-1
2025-02-14 15:45:57.229,23158,23159,23159,1,1
2025-02-14 15:45:57.230,23158,23159,23159,1,1
2025-02-14 15:46:01.887,23159,23160,23159,1,-1
2025-02-14 15:46:03.622,23159,23160,23159,1,-1
2025-02-14 15:46:04.834,23159,23160,23159,1,-1
2025-02-14 15:46:08.451,23158,23160,23158,7,-7
2025-02-14 15:46:08.452,23158,23160,23157,1,-1
2025-02-14 15:46:09.108,23156,23159,23159,1,1
2025-02-14 15:46:10.777,23156,23159,23156,2,-2
2025-02-14 15:46:10.888,23155,23157,23155,11,-11
2025-02-14 15:46:10.958,23155,23157,23155,9,-9
2025-02-14 15:46:11.011,23155,23158,23158,1,1
2025-02-14 15:46:11.999,23155,23158,23155,1,-1
2025-02-14 15:46:12.135,23155,23158,23158,5,5
2025-02-14 15:46:12.683,23156,23159,23159,1,1
2025-02-14 15:46:12.853,23157,23159,23159,5,5
2025-02-14 15:46:12.945,23157,23159,23157,2,-2
2025-02-14 15:46:17.556,23157,23159,23159,4,4
2025-02-14 15:46:17.559,23157,23159,23160,1,1
2025-02-14 15:46:17.560,23157,23159,23160,2,2
2025-02-14 15:46:22.893,23158,23160,23160,8,8
2025-02-14 15:46:24.474,23162,23164,23162,1,-1
2025-02-14 15:46:27.254,23160,23163,23160,1,-1
2025-02-14 15:46:34.129,23161,23162,23162,1,1
2025-02-14 15:46:37.233,23161,23162,23162,1,1
2025-02-14 15:46:37.233,23161,23162,23163,1,1
2025-02-14 15:46:37.371,23161,23164,23164,1,1
2025-02-14 15:46:39.482,23161,23164,23164,4,4
2025-02-14 15:46:39.483,23161,23164,23164,1,1
2025-02-14 15:46:40.404,23162,23164,23164,1,1
2025-02-14 15:46:43.644,23164,23166,23166,1,1
2025-02-14 15:46:47.115,23164,23166,23166,5,5
2025-02-14 15:47:00.549,23165,23166,23166,1,1
2025-02-14 15:47:05.482,23166,23168,23166,1,-1
2025-02-14 15:47:07.837,23167,23168,23169,1,1
2025-02-14 15:47:07.837,23167,23168,23168,2,2
2025-02-14 15:47:12.449,23168,23169,23169,2,2
2025-02-14 15:47:12.450,23168,23169,23169,8,8
2025-02-14 15:47:13.691,23168,23169,23169,2,2
2025-02-14 15:47:14.225,23169,23170,23169,1,-1
2025-02-14 15:47:18.621,23169,23170,23169,1,-1
2025-02-14 15:47:18.668,23169,23170,23169,1,-1
2025-02-14 15:47:32.179,23169,23170,23170,1,1
2025-02-14 15:47:34.480,23169,23170,23170,1,1
2025-02-14 15:47:36.856,23169,23170,23170,9,9
2025-02-14 15:47:37.040,23170,23171,23170,1,-1
2025-02-14 15:47:39.689,23170,23171,23171,1,1
2025-02-14 15:47:40.686,23170,23171,23171,2,2
2025-02-14 15:47:40.834,23170,23172,23170,1,-1
2025-02-14 15:47:46.659,23170,23172,23172,1,1
2025-02-14 15:47:46.736,23171,23172,23172,1,1
2025-02-14 15:47:46.864,23171,23172,23172,1,1
2025-02-14 15:47:46.993,23171,23172,23172,1,1
2025-02-14 15:47:48.017,23171,23172,23171,1,-1
2025-02-14 15:47:54.644,23171,23172,23172,2,2
2025-02-14 15:48:07.634,23171,23172,23172,2,2
2025-02-14 15:48:16.368,23172,23173,23173,2,2
2025-02-14 15:48:16.368,23172,23173,23174,3,3
2025-02-14 15:48:16.515,23172,23174,23174,1,1
2025-02-14 15:48:16.515,23172,23174,23175,2,2
2025-02-14 15:48:16.542,23172,23174,23175,3,3
2025-02-14 15:48:16.553,23172,23174,23175,1,1
2025-02-14 15:48:16.557,23172,23174,23175,2,2
2025-02-14 15:48:17.361,23174,23175,23174,1,-1
2025-02-14 15:48:22.432,23174,23175,23175,1,1
2025-02-14 15:48:22.695,23174,23175,23175,1,1
2025-02-14 15:48:22.947,23174,23175,23175,2,2
2025-02-14 15:48:24.746,23174,23175,23175,1,1
2025-02-14 15:48:28.176,23174,23176,23175,1,1
2025-02-14 15:48:28.985,23174,23176,23174,1,-1
2025-02-14 15:48:36.590,23175,23176,23175,1,-1
2025-02-14 15:48:43.050,23175,23176,23175,2,-2
2025-02-14 15:48:44.146,23175,23176,23175,1,-1
2025-02-14 15:48:46.550,23175,23176,23175,1,-1
2025-02-14 15:48:53.591,23175,23176,23176,1,1
2025-02-14 15:48:57.621,23175,23176,23176,1,1
2025-02-14 15:48:58.186,23176,23177,23176,2,-2
2025-02-14 15:48:58.412,23176,23177,23176,1,-1
2025-02-14 15:48:59.643,23176,23177,23176,1,-1
2025-02-14 15:49:01.392,23176,23177,23177,2,2
2025-02-14 15:49:01.392,23176,23177,23177,1,1
2025-02-14 15:49:01.395,23176,23177,23178,4,4
2025-02-14 15:49:01.580,23177,23179,23179,1,1
2025-02-14 15:49:03.145,23178,23179,23179,1,1
2025-02-14 15:49:04.883,23178,23180,23180,1,1
