2020-11-13 15:00:00.025,13292,13293,13293,69,69
2020-11-13 15:00:00.026,13292,13293,13293,14,14
2020-11-13 15:00:00.087,13292,13294,13292,1,-1
2020-11-13 15:00:00.113,13292,13294,13294,6,6
2020-11-13 15:00:00.113,13292,13294,13295,4,4
2020-11-13 15:00:00.115,13292,13294,13295,3,3
2020-11-13 15:00:00.161,13292,13294,13293,1,-1
2020-11-13 15:00:00.172,13292,13294,13295,1,1
2020-11-13 15:00:00.178,13292,13294,13295,1,1
2020-11-13 15:00:00.201,13293,13296,13296,1,1
2020-11-13 15:00:00.255,13293,13296,13296,1,1
2020-11-13 15:00:00.259,13293,13296,13293,1,-1
2020-11-13 15:00:00.261,13293,13296,13293,2,-2
2020-11-13 15:00:00.261,13293,13296,13296,1,1
2020-11-13 15:00:00.268,13293,13296,13294,1,-1
2020-11-13 15:00:00.270,13293,13296,13296,1,1
2020-11-13 15:00:00.282,13293,13296,13294,1,-1
2020-11-13 15:00:00.294,13293,13296,13294,1,-1
2020-11-13 15:00:00.297,13293,13296,13294,1,-1
2020-11-13 15:00:00.299,13293,13296,13296,2,2
2020-11-13 15:00:00.303,13293,13296,13293,1,-1
2020-11-13 15:00:00.318,13293,13296,13296,1,1
2020-11-13 15:00:00.318,13293,13296,13297,2,2
2020-11-13 15:00:00.325,13293,13297,13293,1,-1
2020-11-13 15:00:00.327,13293,13297,13296,1,1
2020-11-13 15:00:00.331,13293,13297,13295,1,-1
2020-11-13 15:00:00.331,13293,13297,13296,1,1
2020-11-13 15:00:00.336,13293,13297,13293,1,-1
2020-11-13 15:00:00.343,13293,13297,13293,1,-1
2020-11-13 15:00:00.373,13293,13297,13293,1,-1
2020-11-13 15:00:00.392,13293,13297,13296,3,3
2020-11-13 15:00:00.392,13293,13297,13297,7,7
2020-11-13 15:00:00.393,13293,13297,13297,1,1
2020-11-13 15:00:00.393,13293,13297,13298,1,1
2020-11-13 15:00:00.397,13293,13297,13298,2,2
2020-11-13 15:00:00.397,13293,13297,13298,1,1
2020-11-13 15:00:00.406,13293,13297,13296,1,-1
2020-11-13 15:00:00.437,13293,13297,13295,1,-1
2020-11-13 15:00:00.446,13295,13297,13297,2,2
2020-11-13 15:00:00.448,13295,13297,13297,2,2
2020-11-13 15:00:00.448,13295,13297,13298,3,3
2020-11-13 15:00:00.452,13295,13297,13298,3,3
2020-11-13 15:00:00.462,13295,13297,13298,5,5
2020-11-13 15:00:00.465,13295,13297,13299,1,1
2020-11-13 15:00:00.475,13295,13297,13299,4,4
2020-11-13 15:00:00.491,13295,13297,13298,1,1
2020-11-13 15:00:00.493,13295,13297,13299,1,1
2020-11-13 15:00:00.503,13295,13297,13299,6,6
2020-11-13 15:00:00.503,13295,13297,13297,1,1
2020-11-13 15:00:00.506,13295,13297,13299,1,1
2020-11-13 15:00:00.509,13295,13297,13299,2,2
2020-11-13 15:00:00.514,13295,13297,13299,1,1
2020-11-13 15:00:00.521,13295,13297,13299,1,1
2020-11-13 15:00:00.535,13295,13297,13299,1,1
2020-11-13 15:00:00.571,13297,13299,13299,2,2
2020-11-13 15:00:00.573,13297,13299,13299,3,3
2020-11-13 15:00:00.588,13297,13299,13299,1,1
2020-11-13 15:00:00.588,13297,13299,13300,1,1
2020-11-13 15:00:00.605,13297,13299,13300,1,1
2020-11-13 15:00:00.606,13297,13299,13300,2,2
2020-11-13 15:00:00.613,13297,13299,13300,1,1
2020-11-13 15:00:00.615,13297,13299,13300,1,1
2020-11-13 15:00:00.647,13297,13299,13300,1,1
2020-11-13 15:00:00.676,13297,13299,13300,1,1
2020-11-13 15:00:00.688,13297,13299,13300,4,4
2020-11-13 15:00:00.699,13300,13301,13301,4,4
2020-11-13 15:00:00.702,13300,13301,13302,1,1
2020-11-13 15:00:00.760,13300,13301,13302,1,1
2020-11-13 15:00:00.802,13300,13301,13302,2,2
2020-11-13 15:00:00.813,13300,13301,13302,2,2
2020-11-13 15:00:00.866,13300,13302,13302,1,1
2020-11-13 15:00:00.870,13300,13302,13302,6,6
2020-11-13 15:00:00.897,13300,13302,13302,1,1
2020-11-13 15:00:00.902,13300,13302,13303,1,1
2020-11-13 15:00:00.931,13300,13302,13303,1,1
2020-11-13 15:00:00.931,13300,13302,13303,1,1
2020-11-13 15:00:00.932,13300,13302,13303,1,1
2020-11-13 15:00:00.944,13300,13302,13303,1,1
2020-11-13 15:00:00.949,13301,13303,13303,4,4
2020-11-13 15:00:00.951,13301,13303,13301,2,-2
2020-11-13 15:00:00.951,13301,13303,13300,1,-1
2020-11-13 15:00:00.964,13301,13303,13303,1,1
2020-11-13 15:00:00.967,13301,13303,13301,2,-2
2020-11-13 15:00:01.000,13301,13303,13302,1,1
2020-11-13 15:00:01.025,13301,13303,13303,3,3
2020-11-13 15:00:01.025,13301,13303,13304,1,1
2020-11-13 15:00:01.068,13301,13303,13301,1,-1
2020-11-13 15:00:01.089,13301,13303,13303,1,1
2020-11-13 15:00:01.112,13301,13303,13303,1,1
2020-11-13 15:00:01.145,13301,13303,13304,2,2
2020-11-13 15:00:01.154,13301,13303,13304,1,1
2020-11-13 15:00:01.170,13301,13303,13302,2,-2
2020-11-13 15:00:01.205,13302,13304,13304,1,1
2020-11-13 15:00:01.219,13302,13304,13304,1,1
2020-11-13 15:00:01.244,13302,13304,13303,1,-1
2020-11-13 15:00:01.251,13302,13304,13301,1,-1
2020-11-13 15:00:01.251,13302,13304,13300,1,-1
2020-11-13 15:00:01.267,13302,13304,13303,1,1
2020-11-13 15:00:01.306,13302,13304,13303,2,-2
2020-11-13 15:00:01.306,13302,13304,13304,10,10
2020-11-13 15:00:01.310,13302,13304,13302,4,-4
2020-11-13 15:00:01.373,13301,13303,13303,1,1
2020-11-13 15:00:01.374,13301,13303,13303,1,1
2020-11-13 15:00:01.374,13301,13303,13303,1,1
2020-11-13 15:00:01.374,13301,13303,13302,3,-3
2020-11-13 15:00:01.381,13301,13303,13303,1,1
2020-11-13 15:00:01.384,13301,13303,13301,1,-1
2020-11-13 15:00:01.386,13301,13303,13301,1,-1
2020-11-13 15:00:01.396,13301,13303,13302,1,1
2020-11-13 15:00:01.411,13301,13303,13302,2,-2
2020-11-13 15:00:01.431,13301,13303,13303,1,1
2020-11-13 15:00:01.433,13301,13303,13301,1,-1
2020-11-13 15:00:01.454,13300,13302,13302,1,1
2020-11-13 15:00:01.480,13300,13302,13301,1,-1
2020-11-13 15:00:01.485,13300,13302,13302,1,1
2020-11-13 15:00:01.553,13300,13302,13302,2,2
2020-11-13 15:00:01.566,13300,13302,13303,1,1
2020-11-13 15:00:01.566,13300,13302,13303,1,1
2020-11-13 15:00:01.625,13300,13303,13301,1,-1
2020-11-13 15:00:01.642,13300,13303,13302,1,1
2020-11-13 15:00:01.644,13300,13303,13301,1,-1
2020-11-13 15:00:01.700,13300,13302,13302,1,1
2020-11-13 15:00:01.727,13300,13302,13300,1,-1
2020-11-13 15:00:01.727,13300,13302,13303,6,6
2020-11-13 15:00:01.727,13300,13302,13304,4,4
2020-11-13 15:00:01.727,13300,13302,13304,10,10
2020-11-13 15:00:01.727,13300,13302,13304,3,3
2020-11-13 15:00:01.730,13300,13302,13304,2,2
2020-11-13 15:00:01.752,13300,13302,13304,1,1
2020-11-13 15:00:01.753,13300,13302,13304,4,4
2020-11-13 15:00:01.765,13300,13302,13304,4,4
2020-11-13 15:00:01.766,13300,13302,13305,2,2
2020-11-13 15:00:01.777,13300,13302,13304,4,4
2020-11-13 15:00:01.802,13300,13302,13305,1,1
2020-11-13 15:00:01.834,13303,13305,13305,1,1
2020-11-13 15:00:01.892,13303,13305,13304,4,-4
2020-11-13 15:00:01.895,13303,13305,13305,1,1
2020-11-13 15:00:01.897,13303,13305,13303,1,-1
2020-11-13 15:00:01.897,13303,13305,13302,1,-1
2020-11-13 15:00:01.925,13303,13305,13305,1,1
2020-11-13 15:00:01.977,13304,13305,13305,5,5
2020-11-13 15:00:01.992,13304,13305,13305,2,2
2020-11-13 15:00:02.042,13304,13305,13303,2,-2
2020-11-13 15:00:02.043,13304,13305,13303,1,-1
2020-11-13 15:00:02.239,13302,13304,13304,2,2
2020-11-13 15:00:02.275,13302,13304,13305,2,2
2020-11-13 15:00:02.318,13302,13304,13305,2,2
2020-11-13 15:00:02.329,13303,13305,13306,1,1
2020-11-13 15:00:02.351,13303,13305,13304,4,-4
2020-11-13 15:00:02.351,13303,13305,13306,2,2
2020-11-13 15:00:02.366,13303,13305,13306,1,1
2020-11-13 15:00:02.456,13304,13306,13306,2,2
2020-11-13 15:00:02.513,13304,13306,13306,3,3
2020-11-13 15:00:02.533,13304,13306,13303,1,-1
2020-11-13 15:00:02.533,13304,13306,13302,2,-2
2020-11-13 15:00:02.537,13304,13306,13302,1,-1
2020-11-13 15:00:02.537,13304,13306,13301,2,-2
2020-11-13 15:00:02.539,13304,13306,13302,1,1
2020-11-13 15:00:02.569,13304,13306,13303,2,2
2020-11-13 15:00:02.571,13300,13304,13304,4,4
2020-11-13 15:00:02.573,13300,13304,13302,3,-3
2020-11-13 15:00:02.577,13300,13304,13302,2,-2
2020-11-13 15:00:02.577,13300,13304,13302,1,-1
2020-11-13 15:00:02.577,13300,13304,13304,1,1
2020-11-13 15:00:02.617,13300,13304,13304,1,1
2020-11-13 15:00:02.676,13300,13304,13304,2,2
2020-11-13 15:00:02.814,13303,13304,13304,1,1
2020-11-13 15:00:02.887,13302,13304,13304,2,2
2020-11-13 15:00:02.938,13302,13304,13304,1,1
2020-11-13 15:00:03.188,13302,13304,13304,1,1
2020-11-13 15:00:03.371,13302,13304,13304,1,1
2020-11-13 15:00:03.371,13302,13304,13305,1,1
2020-11-13 15:00:03.541,13302,13305,13304,4,-4
2020-11-13 15:00:03.579,13303,13305,13305,2,2
2020-11-13 15:00:03.612,13303,13305,13302,1,-1
2020-11-13 15:00:03.676,13303,13305,13302,1,-1
2020-11-13 15:00:04.209,13301,13302,13301,1,-1
2020-11-13 15:00:04.443,13300,13302,13302,1,1
2020-11-13 15:00:04.448,13300,13302,13302,1,1
2020-11-13 15:00:04.504,13300,13302,13302,1,1
2020-11-13 15:00:04.683,13300,13302,13301,1,-1
2020-11-13 15:00:04.706,13300,13302,13300,1,-1
2020-11-13 15:00:05.362,13299,13302,13302,4,4
2020-11-13 15:00:05.362,13299,13302,13303,1,1
2020-11-13 15:00:05.681,13300,13302,13300,1,-1
2020-11-13 15:00:05.734,13300,13302,13302,4,4
2020-11-13 15:00:06.109,13300,13302,13302,1,1
2020-11-13 15:00:06.729,13299,13302,13300,2,-2
2020-11-13 15:00:06.999,13299,13302,13300,2,-2
2020-11-13 15:00:07.007,13299,13302,13301,1,1
2020-11-13 15:00:07.007,13299,13302,13302,4,4
2020-11-13 15:00:07.007,13299,13302,13303,1,1
2020-11-13 15:00:07.007,13299,13302,13304,4,4
2020-11-13 15:00:07.262,13300,13303,13300,2,-2
2020-11-13 15:00:07.437,13300,13302,13302,1,1
2020-11-13 15:00:07.486,13300,13302,13300,2,-2
2020-11-13 15:00:07.682,13300,13302,13300,2,-2
2020-11-13 15:00:07.742,13300,13302,13300,2,-2
2020-11-13 15:00:07.759,13300,13302,13302,1,1
2020-11-13 15:00:07.762,13300,13302,13303,6,6
2020-11-13 15:00:08.095,13302,13304,13304,1,1
2020-11-13 15:00:08.866,13302,13304,13302,1,-1
2020-11-13 15:00:09.699,13301,13302,13302,2,2
2020-11-13 15:00:09.983,13301,13302,13302,1,1
2020-11-13 15:00:09.983,13301,13302,13303,1,1
2020-11-13 15:00:10.225,13302,13304,13302,1,-1
2020-11-13 15:00:10.654,13301,13303,13303,2,2
2020-11-13 15:00:10.835,13301,13302,13302,1,1
2020-11-13 15:00:12.186,13301,13302,13302,1,1
2020-11-13 15:00:12.257,13301,13302,13302,3,3
2020-11-13 15:00:12.258,13301,13302,13302,2,2
2020-11-13 15:00:12.703,13301,13303,13301,2,-2
2020-11-13 15:00:12.869,13301,13303,13303,1,1
2020-11-13 15:00:13.070,13302,13303,13302,1,-1
2020-11-13 15:00:13.207,13301,13303,13301,2,-2
2020-11-13 15:00:13.501,13301,13302,13301,2,-2
2020-11-13 15:00:13.569,13301,13302,13301,5,-5
2020-11-13 15:00:13.905,13300,13301,13300,3,-3
2020-11-13 15:00:13.944,13300,13301,13300,34,-34
2020-11-13 15:00:13.945,13300,13301,13300,16,-16
2020-11-13 15:00:13.946,13300,13301,13299,2,-2
2020-11-13 15:00:14.492,13298,13299,13298,1,-1
2020-11-13 15:00:14.555,13298,13299,13297,5,-5
2020-11-13 15:00:14.586,13297,13299,13299,1,1
2020-11-13 15:00:15.145,13297,13299,13299,1,1
2020-11-13 15:00:15.169,13297,13299,13300,1,1
2020-11-13 15:00:15.196,13297,13300,13300,1,1
2020-11-13 15:00:15.245,13297,13300,13300,1,1
2020-11-13 15:00:15.253,13297,13300,13300,1,1
2020-11-13 15:00:15.465,13298,13300,13299,1,-1
2020-11-13 15:00:15.483,13298,13300,13299,1,-1
2020-11-13 15:00:15.558,13298,13300,13299,1,-1
2020-11-13 15:00:16.056,13298,13300,13298,1,-1
2020-11-13 15:00:16.109,13297,13299,13299,2,2
2020-11-13 15:00:16.421,13297,13299,13299,2,2
2020-11-13 15:00:16.452,13298,13300,13300,2,2
2020-11-13 15:00:16.627,13299,13300,13299,1,-1
2020-11-13 15:00:16.631,13299,13300,13299,3,-3
2020-11-13 15:00:17.165,13298,13300,13298,1,-1
2020-11-13 15:00:17.184,13298,13300,13298,2,-2
2020-11-13 15:00:17.184,13298,13300,13297,3,-3
2020-11-13 15:00:17.186,13298,13300,13298,1,1
2020-11-13 15:00:17.482,13297,13299,13297,1,-1
2020-11-13 15:00:17.843,13298,13300,13300,2,2
2020-11-13 15:00:17.981,13298,13300,13300,1,1
2020-11-13 15:00:17.981,13298,13300,13301,3,3
2020-11-13 15:00:18.018,13298,13300,13301,2,2
2020-11-13 15:00:18.069,13298,13300,13301,10,10
2020-11-13 15:00:18.132,13299,13302,13302,2,2
2020-11-13 15:00:18.185,13299,13302,13302,1,1
2020-11-13 15:00:18.246,13300,13302,13302,2,2
2020-11-13 15:00:18.266,13300,13302,13302,1,1
2020-11-13 15:00:18.306,13300,13302,13300,5,-5
2020-11-13 15:00:18.311,13300,13302,13300,3,-3
2020-11-13 15:00:18.311,13300,13302,13300,1,-1
2020-11-13 15:00:18.321,13299,13301,13299,2,-2
2020-11-13 15:00:18.321,13299,13301,13298,2,-2
2020-11-13 15:00:18.321,13299,13301,13298,6,-6
2020-11-13 15:00:18.326,13299,13301,13299,1,1
2020-11-13 15:00:18.769,13299,13301,13299,5,-5
2020-11-13 15:00:19.929,13297,13299,13297,2,-2
2020-11-13 15:00:20.067,13297,13299,13299,3,3
2020-11-13 15:00:20.134,13297,13299,13297,1,-1
2020-11-13 15:00:20.584,13297,13299,13297,1,-1
2020-11-13 15:00:20.888,13297,13299,13297,1,-1
2020-11-13 15:00:21.016,13297,13298,13297,1,-1
2020-11-13 15:00:21.246,13297,13298,13298,1,1
2020-11-13 15:00:21.246,13297,13298,13299,1,1
2020-11-13 15:00:22.060,13297,13299,13299,4,4
2020-11-13 15:00:22.060,13297,13299,13300,9,9
2020-11-13 15:00:22.060,13297,13299,13301,8,8
2020-11-13 15:00:22.060,13297,13299,13302,2,2
2020-11-13 15:00:22.669,13299,13301,13301,1,1
2020-11-13 15:00:22.694,13299,13301,13299,1,-1
2020-11-13 15:00:24.075,13299,13301,13299,2,-2
2020-11-13 15:00:24.077,13299,13301,13299,8,-8
2020-11-13 15:00:24.671,13300,13301,13300,1,1
2020-11-13 15:00:25.508,13299,13301,13299,1,-1
2020-11-13 15:00:26.548,13299,13300,13299,1,-1
2020-11-13 15:00:28.088,13299,13300,13299,1,-1
2020-11-13 15:00:29.319,13299,13300,13300,3,3
2020-11-13 15:00:29.355,13299,13300,13299,2,-2
2020-11-13 15:00:29.737,13300,13301,13300,1,1
2020-11-13 15:00:29.807,13300,13301,13299,1,-1
2020-11-13 15:00:30.294,13299,13300,13299,2,-2
2020-11-13 15:00:30.763,13298,13300,13298,1,-1
2020-11-13 15:00:31.402,13298,13299,13298,2,-2
2020-11-13 15:00:31.803,13298,13299,13299,1,1
2020-11-13 15:00:31.812,13298,13299,13299,3,3
2020-11-13 15:00:31.812,13298,13299,13299,3,3
2020-11-13 15:00:32.169,13299,13301,13299,1,-1
2020-11-13 15:00:32.434,13299,13301,13299,1,-1
2020-11-13 15:00:32.790,13300,13301,13300,1,1
2020-11-13 15:00:32.990,13299,13300,13300,6,6
2020-11-13 15:00:33.070,13300,13301,13301,7,7
2020-11-13 15:00:33.528,13300,13302,13302,1,1
2020-11-13 15:00:33.667,13300,13302,13302,4,4
2020-11-13 15:00:33.695,13301,13302,13302,2,2
2020-11-13 15:00:34.617,13301,13303,13301,1,-1
2020-11-13 15:00:35.121,13300,13302,13300,1,-1
2020-11-13 15:00:35.171,13300,13302,13300,1,-1
2020-11-13 15:00:36.501,13300,13302,13300,1,-1
2020-11-13 15:00:37.152,13300,13302,13300,1,-1
2020-11-13 15:00:37.898,13300,13301,13300,1,-1
2020-11-13 15:00:38.305,13300,13301,13300,1,-1
2020-11-13 15:00:39.391,13300,13301,13301,1,1
2020-11-13 15:00:39.630,13300,13301,13300,1,-1
2020-11-13 15:00:40.176,13300,13301,13300,1,-1
2020-11-13 15:00:40.441,13300,13301,13300,2,-2
2020-11-13 15:00:40.505,13300,13301,13300,1,-1
2020-11-13 15:00:40.524,13300,13301,13300,1,-1
2020-11-13 15:00:40.917,13300,13301,13301,1,1
2020-11-13 15:00:40.948,13300,13301,13300,2,-2
2020-11-13 15:00:41.029,13300,13301,13300,2,-2
2020-11-13 15:00:41.114,13300,13301,13300,1,-1
2020-11-13 15:00:41.115,13300,13301,13300,5,-5
2020-11-13 15:00:41.115,13300,13301,13300,4,-4
2020-11-13 15:00:41.156,13300,13301,13300,1,-1
2020-11-13 15:00:41.683,13300,13301,13300,1,-1
2020-11-13 15:00:42.259,13300,13301,13300,1,-1
2020-11-13 15:00:42.261,13300,13301,13300,1,-1
2020-11-13 15:00:42.275,13300,13301,13300,1,-1
2020-11-13 15:00:43.493,13299,13300,13300,2,2
2020-11-13 15:00:44.926,13299,13300,13300,1,1
2020-11-13 15:00:45.959,13299,13300,13300,1,1
2020-11-13 15:00:46.656,13299,13300,13299,1,-1
2020-11-13 15:00:47.062,13299,13300,13300,1,1
2020-11-13 15:00:47.319,13299,13300,13299,1,-1
2020-11-13 15:00:47.715,13298,13299,13298,1,-1
2020-11-13 15:00:48.445,13298,13299,13299,1,1
2020-11-13 15:00:48.465,13298,13299,13299,3,3
2020-11-13 15:00:48.634,13299,13300,13300,1,1
2020-11-13 15:00:49.021,13299,13300,13299,4,-4
2020-11-13 15:00:49.096,13299,13300,13299,2,-2
2020-11-13 15:00:49.096,13299,13300,13299,1,-1
2020-11-13 15:00:50.539,13298,13299,13299,2,2
2020-11-13 15:00:52.240,13298,13299,13298,5,-5
2020-11-13 15:00:52.320,13298,13299,13298,2,-2
2020-11-13 15:00:52.337,13298,13299,13299,6,6
2020-11-13 15:00:52.337,13298,13299,13300,3,3
2020-11-13 15:00:52.636,13297,13299,13299,1,1
2020-11-13 15:00:54.568,13298,13299,13299,1,1
2020-11-13 15:00:56.666,13299,13300,13299,1,-1
2020-11-13 15:00:57.468,13299,13300,13299,2,-2
2020-11-13 15:00:57.468,13299,13300,13298,1,-1
2020-11-13 15:00:58.148,13298,13300,13298,1,-1
2020-11-13 15:00:58.195,13298,13299,13298,4,-4
2020-11-13 15:00:58.974,13297,13299,13299,1,1
2020-11-13 15:00:59.912,13297,13299,13299,3,3
2020-11-13 15:00:59.913,13297,13299,13299,1,1
2020-11-13 15:00:59.929,13297,13299,13299,1,1
2020-11-13 15:01:00.015,13297,13299,13299,2,2
2020-11-13 15:01:00.020,13297,13299,13299,1,1
2020-11-13 15:01:00.038,13297,13299,13297,1,-1
2020-11-13 15:01:00.067,13297,13299,13299,2,2
2020-11-13 15:01:00.081,13297,13299,13299,1,1
2020-11-13 15:01:00.085,13297,13299,13299,2,2
2020-11-13 15:01:00.085,13297,13299,13300,11,11
2020-11-13 15:01:00.086,13297,13299,13300,1,1
2020-11-13 15:01:00.090,13297,13299,13300,2,2
2020-11-13 15:01:00.109,13297,13299,13301,1,1
2020-11-13 15:01:00.122,13297,13299,13299,1,1
2020-11-13 15:01:00.142,13297,13299,13299,1,1
2020-11-13 15:01:00.147,13297,13299,13301,4,4
2020-11-13 15:01:00.220,13299,13301,13299,3,-3
2020-11-13 15:01:00.220,13299,13301,13299,3,-3
2020-11-13 15:01:00.242,13299,13301,13298,1,-1
2020-11-13 15:01:00.242,13299,13301,13297,1,-1
2020-11-13 15:01:00.244,13299,13301,13297,2,-2
2020-11-13 15:01:00.246,13299,13301,13298,4,4
2020-11-13 15:01:00.246,13299,13301,13297,2,-2
2020-11-13 15:01:00.249,13299,13301,13299,1,1
2020-11-13 15:01:00.249,13299,13301,13297,3,-3
2020-11-13 15:01:00.249,13299,13301,13296,3,-3
2020-11-13 15:01:00.250,13299,13301,13298,4,4
2020-11-13 15:01:00.283,13299,13301,13297,2,-2
2020-11-13 15:01:00.306,13299,13301,13297,2,-2
2020-11-13 15:01:00.307,13299,13301,13297,1,-1
2020-11-13 15:01:00.312,13299,13301,13299,2,2
2020-11-13 15:01:00.329,13297,13299,13299,2,2
2020-11-13 15:01:00.353,13297,13299,13299,2,2
2020-11-13 15:01:00.353,13297,13299,13300,1,1
2020-11-13 15:01:00.358,13297,13299,13297,1,-1
2020-11-13 15:01:00.360,13297,13299,13297,1,-1
2020-11-13 15:01:00.363,13297,13299,13297,1,-1
2020-11-13 15:01:00.368,13297,13299,13300,8,8
2020-11-13 15:01:00.368,13297,13299,13301,3,3
2020-11-13 15:01:00.369,13297,13299,13300,4,4
2020-11-13 15:01:00.369,13297,13299,13301,4,4
2020-11-13 15:01:00.370,13297,13299,13301,1,1
2020-11-13 15:01:00.370,13297,13299,13302,2,2
2020-11-13 15:01:00.373,13297,13299,13302,3,3
2020-11-13 15:01:00.375,13297,13299,13302,2,2
2020-11-13 15:01:00.376,13297,13299,13302,2,2
2020-11-13 15:01:00.376,13297,13299,13303,1,1
2020-11-13 15:01:00.376,13297,13299,13303,2,2
2020-11-13 15:01:00.417,13297,13299,13302,4,4
2020-11-13 15:01:00.417,13297,13299,13303,1,1
2020-11-13 15:01:00.426,13297,13299,13302,3,3
2020-11-13 15:01:00.428,13297,13299,13302,1,1
2020-11-13 15:01:00.428,13297,13299,13303,4,4
2020-11-13 15:01:00.429,13297,13299,13303,3,3
2020-11-13 15:01:00.431,13297,13299,13302,4,4
2020-11-13 15:01:00.454,13300,13302,13300,5,-5
2020-11-13 15:01:00.454,13300,13302,13299,2,-2
2020-11-13 15:01:00.507,13300,13302,13302,1,1
2020-11-13 15:01:00.863,13300,13302,13300,1,-1
2020-11-13 15:01:00.942,13300,13302,13302,1,1
2020-11-13 15:01:01.188,13300,13302,13300,1,-1
2020-11-13 15:01:01.196,13299,13301,13301,1,1
2020-11-13 15:01:01.196,13299,13301,13302,1,1
2020-11-13 15:01:01.197,13299,13301,13302,1,1
2020-11-13 15:01:01.197,13299,13301,13302,1,1
2020-11-13 15:01:01.452,13300,13302,13302,1,1
2020-11-13 15:01:01.463,13300,13302,13302,1,1
2020-11-13 15:01:01.495,13300,13302,13300,1,-1
2020-11-13 15:01:01.598,13300,13302,13302,1,1
2020-11-13 15:01:02.013,13300,13302,13301,1,-1
2020-11-13 15:01:02.128,13300,13302,13300,1,-1
2020-11-13 15:01:02.276,13300,13301,13301,1,1
2020-11-13 15:01:03.952,13300,13302,13300,1,-1
2020-11-13 15:01:04.272,13300,13302,13302,1,1
2020-11-13 15:01:04.278,13300,13302,13302,2,2
2020-11-13 15:01:05.205,13300,13302,13302,4,4
2020-11-13 15:01:05.205,13300,13302,13303,5,5
2020-11-13 15:01:05.647,13301,13303,13301,1,-1
2020-11-13 15:01:06.960,13300,13301,13301,2,2
2020-11-13 15:01:07.929,13300,13302,13302,2,2
2020-11-13 15:01:07.946,13300,13302,13302,1,1
2020-11-13 15:01:07.946,13300,13302,13302,2,2
2020-11-13 15:01:07.946,13300,13302,13302,1,1
2020-11-13 15:01:07.946,13300,13302,13302,2,2
2020-11-13 15:01:07.946,13300,13302,13302,1,1
2020-11-13 15:01:07.946,13300,13302,13302,1,1
2020-11-13 15:01:07.947,13300,13302,13302,1,1
2020-11-13 15:01:07.948,13300,13302,13303,1,1
2020-11-13 15:01:07.948,13300,13302,13303,1,1
2020-11-13 15:01:07.948,13300,13302,13303,1,1
2020-11-13 15:01:07.949,13300,13302,13303,1,1
2020-11-13 15:01:07.950,13300,13302,13303,1,1
2020-11-13 15:01:09.002,13301,13303,13301,2,-2
2020-11-13 15:01:09.255,13301,13303,13303,3,3
2020-11-13 15:01:10.245,13301,13303,13301,1,-1
2020-11-13 15:01:10.423,13301,13303,13303,1,1
2020-11-13 15:01:13.089,13301,13302,13301,1,-1
2020-11-13 15:01:14.319,13300,13301,13300,6,-6
2020-11-13 15:01:16.737,13299,13301,13299,1,-1
2020-11-13 15:01:19.499,13300,13301,13300,1,1
2020-11-13 15:01:19.571,13300,13301,13301,2,2
2020-11-13 15:01:19.571,13300,13301,13301,1,1
2020-11-13 15:01:19.571,13300,13301,13301,2,2
2020-11-13 15:01:19.571,13300,13301,13301,1,1
2020-11-13 15:01:19.572,13300,13301,13301,1,1
2020-11-13 15:01:19.573,13300,13301,13301,1,1
2020-11-13 15:01:19.573,13300,13301,13301,3,3
2020-11-13 15:01:19.573,13300,13301,13301,1,1
2020-11-13 15:01:20.286,13300,13302,13300,3,-3
2020-11-13 15:01:20.942,13300,13301,13300,1,-1
2020-11-13 15:01:22.123,13300,13301,13301,1,1
2020-11-13 15:01:23.928,13300,13301,13301,1,1
2020-11-13 15:01:26.004,13300,13301,13300,1,-1
2020-11-13 15:01:26.300,13300,13301,13300,2,-2
2020-11-13 15:01:27.042,13300,13301,13301,2,2
2020-11-13 15:01:27.071,13301,13302,13302,1,1
2020-11-13 15:01:27.072,13301,13302,13302,1,1
2020-11-13 15:01:27.174,13301,13302,13301,4,-4
2020-11-13 15:01:28.638,13300,13301,13300,1,-1
2020-11-13 15:01:30.049,13300,13301,13301,1,1
2020-11-13 15:01:31.007,13300,13301,13301,2,2
2020-11-13 15:01:31.589,13300,13301,13301,1,1
2020-11-13 15:01:32.369,13300,13301,13300,1,-1
2020-11-13 15:01:33.286,13300,13301,13300,1,-1
2020-11-13 15:01:35.166,13300,13301,13300,2,-2
2020-11-13 15:01:35.352,13300,13301,13301,2,2
2020-11-13 15:01:35.452,13300,13302,13302,1,1
2020-11-13 15:01:35.914,13300,13302,13302,4,4
2020-11-13 15:01:36.840,13301,13302,13301,1,-1
2020-11-13 15:01:37.003,13300,13302,13301,1,-1
2020-11-13 15:01:37.071,13301,13302,13302,1,1
2020-11-13 15:01:37.071,13301,13302,13302,1,1
2020-11-13 15:01:37.072,13301,13302,13302,1,1
2020-11-13 15:01:37.072,13301,13302,13302,1,1
2020-11-13 15:01:37.072,13301,13302,13303,1,1
2020-11-13 15:01:37.072,13301,13302,13303,1,1
2020-11-13 15:01:37.073,13301,13302,13303,1,1
2020-11-13 15:01:37.073,13301,13302,13303,1,1
2020-11-13 15:01:37.073,13301,13302,13303,1,1
2020-11-13 15:01:37.268,13301,13303,13303,1,1
2020-11-13 15:01:37.638,13301,13303,13303,1,1
2020-11-13 15:01:37.754,13301,13303,13301,1,-1
2020-11-13 15:01:37.995,13301,13302,13301,2,-2
2020-11-13 15:01:39.837,13301,13302,13302,1,1
2020-11-13 15:01:40.512,13301,13303,13303,2,2
2020-11-13 15:01:40.654,13301,13303,13303,1,1
2020-11-13 15:01:42.788,13300,13301,13302,1,1
2020-11-13 15:01:45.876,13300,13302,13302,4,4
2020-11-13 15:01:48.063,13300,13302,13302,1,1
2020-11-13 15:01:48.213,13300,13302,13302,1,1
2020-11-13 15:01:48.917,13300,13302,13302,1,1
2020-11-13 15:01:49.457,13300,13302,13302,1,1
2020-11-13 15:01:52.077,13300,13302,13300,2,-2
2020-11-13 15:01:53.906,13300,13301,13301,1,1
2020-11-13 15:01:56.793,13300,13301,13301,2,2
2020-11-13 15:01:58.561,13300,13301,13300,1,-1
2020-11-13 15:01:59.644,13300,13301,13300,1,-1
2020-11-13 15:02:00.183,13300,13301,13301,5,5
2020-11-13 15:02:00.183,13300,13301,13302,3,3
2020-11-13 15:02:02.651,13300,13302,13301,1,-1
2020-11-13 15:02:06.069,13301,13302,13301,2,-2
2020-11-13 15:02:06.337,13300,13302,13302,16,16
2020-11-13 15:02:06.373,13300,13302,13302,1,1
2020-11-13 15:02:07.185,13302,13303,13302,1,-1
2020-11-13 15:02:09.375,13301,13303,13303,1,1
2020-11-13 15:02:09.969,13301,13303,13303,1,1
2020-11-13 15:02:10.939,13301,13303,13301,1,-1
2020-11-13 15:02:12.087,13302,13303,13302,4,4
2020-11-13 15:02:12.087,13302,13303,13302,6,-6
2020-11-13 15:02:12.087,13302,13303,13302,2,-2
2020-11-13 15:02:12.646,13301,13303,13302,1,-1
2020-11-13 15:02:13.272,13301,13303,13303,1,1
2020-11-13 15:02:13.360,13301,13303,13302,1,-1
2020-11-13 15:02:14.413,13301,13303,13301,2,-2
2020-11-13 15:02:14.705,13302,13303,13303,4,4
2020-11-13 15:02:14.706,13302,13303,13303,15,15
2020-11-13 15:02:14.988,13303,13304,13303,3,-3
2020-11-13 15:02:15.162,13303,13304,13304,1,1
2020-11-13 15:02:15.807,13303,13304,13304,16,16
2020-11-13 15:02:15.807,13303,13304,13304,1,1
2020-11-13 15:02:15.820,13304,13305,13305,19,19
2020-11-13 15:02:15.945,13305,13306,13306,8,8
2020-11-13 15:02:16.168,13305,13307,13307,1,1
2020-11-13 15:02:16.387,13305,13307,13305,1,-1
2020-11-13 15:02:16.426,13305,13307,13307,2,2
2020-11-13 15:02:16.590,13305,13307,13307,1,1
2020-11-13 15:02:16.690,13305,13307,13307,1,1
2020-11-13 15:02:16.694,13305,13307,13307,4,4
2020-11-13 15:02:16.957,13305,13306,13306,1,1
2020-11-13 15:02:17.792,13305,13307,13307,1,1
2020-11-13 15:02:19.560,13306,13307,13307,1,1
2020-11-13 15:02:19.560,13306,13307,13308,4,4
2020-11-13 15:02:19.932,13306,13307,13306,1,-1
2020-11-13 15:02:20.342,13306,13307,13307,2,2
2020-11-13 15:02:20.342,13306,13307,13308,1,1
2020-11-13 15:02:21.156,13306,13308,13308,1,1
2020-11-13 15:02:21.647,13306,13308,13308,13,13
2020-11-13 15:02:21.651,13306,13308,13308,2,2
2020-11-13 15:02:22.954,13307,13308,13307,1,-1
2020-11-13 15:02:23.543,13306,13307,13307,2,2
2020-11-13 15:02:23.958,13306,13308,13308,5,5
2020-11-13 15:02:24.038,13306,13308,13306,1,-1
2020-11-13 15:02:25.270,13306,13307,13307,2,2
2020-11-13 15:02:25.994,13306,13307,13306,1,-1
2020-11-13 15:02:28.259,13306,13307,13307,3,3
2020-11-13 15:02:29.859,13306,13307,13307,1,1
2020-11-13 15:02:30.225,13306,13307,13306,2,-2
2020-11-13 15:02:30.709,13305,13306,13306,2,2
2020-11-13 15:02:30.834,13305,13306,13305,1,-1
2020-11-13 15:02:30.960,13305,13306,13306,1,1
2020-11-13 15:02:30.999,13305,13306,13305,1,-1
2020-11-13 15:02:31.223,13305,13306,13306,1,1
2020-11-13 15:02:31.544,13305,13307,13307,3,3
2020-11-13 15:02:31.696,13306,13307,13307,1,1
2020-11-13 15:02:31.817,13306,13307,13307,1,1
2020-11-13 15:02:31.838,13306,13307,13307,2,2
2020-11-13 15:02:31.851,13306,13307,13306,3,-3
2020-11-13 15:02:31.851,13306,13307,13305,1,-1
2020-11-13 15:02:32.738,13306,13307,13307,1,1
2020-11-13 15:02:34.399,13306,13307,13307,1,1
2020-11-13 15:02:34.589,13306,13307,13307,1,1
2020-11-13 15:02:35.111,13306,13307,13307,1,1
2020-11-13 15:02:35.111,13306,13307,13308,2,2
2020-11-13 15:02:35.371,13307,13308,13308,3,3
2020-11-13 15:02:35.506,13307,13308,13307,1,-1
2020-11-13 15:02:35.507,13307,13308,13307,7,-7
2020-11-13 15:02:35.720,13306,13307,13307,1,1
2020-11-13 15:02:35.778,13306,13307,13308,6,6
2020-11-13 15:02:35.802,13306,13307,13307,1,1
2020-11-13 15:02:35.935,13306,13308,13308,6,6
2020-11-13 15:02:36.176,13307,13308,13307,1,-1
2020-11-13 15:02:36.268,13307,13308,13308,2,2
2020-11-13 15:02:36.268,13307,13308,13309,1,1
2020-11-13 15:02:36.389,13307,13309,13309,1,1
2020-11-13 15:02:36.390,13307,13309,13309,1,1
2020-11-13 15:02:36.723,13307,13309,13309,1,1
2020-11-13 15:02:36.730,13307,13309,13309,2,2
2020-11-13 15:02:36.852,13307,13309,13309,5,5
2020-11-13 15:02:36.864,13307,13309,13309,1,1
2020-11-13 15:02:37.423,13307,13308,13308,1,1
2020-11-13 15:02:37.793,13307,13308,13308,2,2
2020-11-13 15:02:38.566,13306,13308,13308,4,4
2020-11-13 15:02:38.928,13307,13308,13308,2,2
2020-11-13 15:02:39.063,13307,13308,13308,2,2
2020-11-13 15:02:39.063,13307,13308,13309,2,2
2020-11-13 15:02:39.886,13307,13309,13309,2,2
2020-11-13 15:02:40.110,13307,13309,13308,5,-5
2020-11-13 15:02:40.164,13307,13309,13309,1,1
2020-11-13 15:02:40.168,13307,13309,13307,1,-1
2020-11-13 15:02:40.936,13307,13308,13308,1,1
2020-11-13 15:02:41.016,13307,13309,13308,2,-2
2020-11-13 15:02:41.241,13307,13309,13309,2,2
2020-11-13 15:02:41.383,13307,13309,13309,1,1
2020-11-13 15:02:41.946,13308,13309,13308,2,-2
2020-11-13 15:02:41.995,13308,13309,13308,1,-1
2020-11-13 15:02:42.096,13308,13309,13309,2,2
2020-11-13 15:02:42.096,13308,13309,13308,1,-1
2020-11-13 15:02:42.248,13308,13309,13309,1,1
2020-11-13 15:02:42.385,13308,13309,13309,2,2
2020-11-13 15:02:42.776,13308,13309,13309,1,1
2020-11-13 15:02:42.923,13308,13309,13309,1,1
2020-11-13 15:02:42.939,13308,13309,13308,1,-1
2020-11-13 15:02:44.381,13308,13309,13309,1,1
2020-11-13 15:02:45.651,13308,13309,13309,1,1
2020-11-13 15:02:47.611,13308,13310,13308,1,-1
2020-11-13 15:02:48.604,13308,13309,13309,2,2
2020-11-13 15:02:48.739,13308,13309,13309,3,3
2020-11-13 15:02:48.739,13308,13309,13310,1,1
2020-11-13 15:02:48.894,13308,13310,13310,4,4
2020-11-13 15:02:48.894,13308,13310,13308,1,-1
2020-11-13 15:02:49.007,13308,13310,13310,1,1
2020-11-13 15:02:49.036,13308,13310,13310,2,2
2020-11-13 15:02:49.050,13308,13310,13310,1,1
2020-11-13 15:02:49.068,13308,13310,13310,1,1
2020-11-13 15:02:49.113,13309,13310,13310,3,3
2020-11-13 15:02:49.126,13309,13310,13310,1,1
2020-11-13 15:02:49.240,13309,13310,13310,1,1
2020-11-13 15:02:49.245,13309,13310,13310,1,1
2020-11-13 15:02:49.278,13309,13310,13310,1,1
2020-11-13 15:02:49.278,13309,13310,13310,4,4
2020-11-13 15:02:49.278,13309,13310,13310,11,11
2020-11-13 15:02:49.333,13309,13311,13311,1,1
2020-11-13 15:02:49.340,13309,13311,13311,1,1
2020-11-13 15:02:49.386,13309,13311,13311,4,4
2020-11-13 15:02:49.534,13309,13311,13311,2,2
2020-11-13 15:02:49.599,13310,13311,13311,1,1
2020-11-13 15:02:49.653,13310,13311,13311,2,2
2020-11-13 15:02:49.654,13310,13311,13311,4,4
2020-11-13 15:02:49.654,13310,13311,13311,1,1
2020-11-13 15:02:49.654,13310,13311,13311,1,1
2020-11-13 15:02:49.654,13310,13311,13311,5,5
2020-11-13 15:02:50.038,13311,13312,13312,6,6
2020-11-13 15:02:50.087,13311,13312,13312,1,1
2020-11-13 15:02:50.135,13311,13312,13312,1,1
2020-11-13 15:02:50.270,13311,13312,13312,1,1
2020-11-13 15:02:50.287,13311,13312,13312,2,2
2020-11-13 15:02:50.288,13311,13312,13312,1,1
2020-11-13 15:02:50.288,13311,13312,13312,1,1
2020-11-13 15:02:50.288,13311,13312,13312,2,2
2020-11-13 15:02:50.288,13311,13312,13312,2,2
2020-11-13 15:02:50.288,13311,13312,13312,1,1
2020-11-13 15:02:50.465,13311,13312,13312,1,1
2020-11-13 15:02:50.693,13311,13312,13311,1,-1
2020-11-13 15:02:51.037,13311,13312,13312,1,1
2020-11-13 15:02:51.289,13311,13312,13311,1,-1
2020-11-13 15:02:51.301,13311,13312,13312,1,1
2020-11-13 15:02:51.493,13310,13312,13310,1,-1
2020-11-13 15:02:51.811,13310,13311,13311,1,1
2020-11-13 15:02:51.864,13310,13312,13310,3,-3
2020-11-13 15:02:52.050,13309,13311,13311,1,1
2020-11-13 15:02:52.248,13309,13310,13310,1,1
2020-11-13 15:02:52.780,13309,13311,13311,1,1
2020-11-13 15:02:53.021,13309,13311,13311,2,2
2020-11-13 15:02:53.339,13309,13311,13309,1,-1
2020-11-13 15:02:53.394,13309,13311,13310,1,1
2020-11-13 15:02:53.535,13309,13311,13311,2,2
2020-11-13 15:02:53.797,13309,13311,13311,1,1
2020-11-13 15:02:53.799,13309,13311,13311,1,1
2020-11-13 15:02:53.906,13309,13311,13311,6,6
2020-11-13 15:02:53.906,13309,13311,13312,14,14
2020-11-13 15:02:53.910,13309,13311,13311,1,1
2020-11-13 15:02:56.689,13310,13311,13311,1,1
2020-11-13 15:02:57.080,13310,13312,13312,2,2
2020-11-13 15:02:57.423,13310,13312,13310,2,-2
2020-11-13 15:02:58.053,13311,13312,13311,1,1
2020-11-13 15:02:58.950,13311,13312,13311,1,-1
2020-11-13 15:02:59.772,13311,13312,13311,3,-3
2020-11-13 15:03:00.074,13311,13312,13312,2,2
2020-11-13 15:03:00.137,13311,13312,13312,1,1
2020-11-13 15:03:00.319,13311,13313,13313,6,6
2020-11-13 15:03:00.536,13311,13313,13313,1,1
2020-11-13 15:03:00.730,13311,13313,13313,1,1
2020-11-13 15:03:00.740,13311,13313,13313,1,1
2020-11-13 15:03:00.818,13311,13313,13313,1,1
2020-11-13 15:03:00.823,13311,13313,13313,2,2
2020-11-13 15:03:00.826,13311,13313,13313,2,2
2020-11-13 15:03:00.844,13311,13313,13313,1,1
2020-11-13 15:03:00.870,13311,13313,13313,1,1
2020-11-13 15:03:01.007,13312,13313,13313,1,1
2020-11-13 15:03:01.036,13312,13313,13312,1,-1
2020-11-13 15:03:01.071,13312,13313,13313,1,1
2020-11-13 15:03:01.071,13312,13313,13313,1,1
2020-11-13 15:03:01.521,13312,13313,13312,1,-1
2020-11-13 15:03:01.980,13312,13313,13313,2,2
2020-11-13 15:03:02.135,13312,13313,13313,1,1
2020-11-13 15:03:02.576,13312,13313,13313,1,1
2020-11-13 15:03:02.604,13312,13313,13313,2,2
2020-11-13 15:03:02.604,13312,13313,13314,3,3
2020-11-13 15:03:02.704,13312,13314,13312,1,-1
2020-11-13 15:03:02.762,13312,13314,13312,1,-1
2020-11-13 15:03:03.085,13312,13314,13314,2,2
2020-11-13 15:03:03.102,13312,13314,13314,3,3
2020-11-13 15:03:03.139,13312,13314,13314,1,1
2020-11-13 15:03:03.146,13312,13314,13314,1,1
2020-11-13 15:03:03.147,13312,13314,13314,2,2
2020-11-13 15:03:03.152,13312,13314,13314,1,1
2020-11-13 15:03:03.155,13312,13314,13314,1,1
2020-11-13 15:03:03.161,13312,13314,13314,3,3
2020-11-13 15:03:03.182,13312,13314,13314,1,1
2020-11-13 15:03:03.216,13313,13314,13314,3,3
2020-11-13 15:03:03.225,13313,13314,13314,1,1
2020-11-13 15:03:03.237,13313,13314,13314,1,1
2020-11-13 15:03:03.286,13313,13314,13314,1,1
2020-11-13 15:03:03.302,13313,13314,13314,1,1
2020-11-13 15:03:03.304,13313,13314,13314,2,2
2020-11-13 15:03:03.308,13313,13314,13315,1,1
2020-11-13 15:03:03.311,13313,13314,13315,3,3
2020-11-13 15:03:03.359,13314,13315,13315,1,1
2020-11-13 15:03:03.423,13314,13315,13315,1,1
2020-11-13 15:03:03.423,13314,13315,13315,1,1
2020-11-13 15:03:03.444,13314,13315,13315,2,2
2020-11-13 15:03:03.477,13314,13315,13315,2,2
2020-11-13 15:03:03.477,13314,13315,13315,3,3
2020-11-13 15:03:03.506,13314,13315,13316,1,1
2020-11-13 15:03:03.506,13314,13315,13316,1,1
2020-11-13 15:03:03.761,13314,13315,13315,1,1
2020-11-13 15:03:03.791,13314,13315,13314,5,-5
2020-11-13 15:03:03.791,13314,13315,13313,10,-10
2020-11-13 15:03:03.791,13314,13315,13312,5,-5
2020-11-13 15:03:04.132,13312,13314,13314,3,3
2020-11-13 15:03:04.144,13312,13314,13315,1,1
2020-11-13 15:03:04.183,13312,13314,13313,6,-6
2020-11-13 15:03:04.569,13312,13314,13312,1,-1
2020-11-13 15:03:04.648,13312,13314,13314,1,1
2020-11-13 15:03:05.064,13312,13313,13313,1,1
2020-11-13 15:03:05.265,13312,13313,13312,1,-1
2020-11-13 15:03:05.703,13312,13313,13313,1,1
2020-11-13 15:03:06.138,13312,13313,13313,1,1
2020-11-13 15:03:06.623,13312,13313,13313,1,1
2020-11-13 15:03:06.735,13312,13313,13313,2,2
2020-11-13 15:03:06.850,13312,13313,13313,3,3
2020-11-13 15:03:07.222,13313,13314,13314,1,1
2020-11-13 15:03:07.333,13313,13314,13314,2,2
2020-11-13 15:03:07.482,13313,13315,13315,1,1
2020-11-13 15:03:07.488,13313,13315,13315,5,5
2020-11-13 15:03:07.643,13313,13315,13315,1,1
2020-11-13 15:03:07.910,13313,13315,13315,1,1
2020-11-13 15:03:08.175,13313,13314,13314,1,1
2020-11-13 15:03:08.175,13313,13314,13315,5,5
2020-11-13 15:03:08.365,13313,13315,13315,2,2
2020-11-13 15:03:08.569,13314,13315,13314,1,-1
2020-11-13 15:03:08.901,13313,13314,13314,1,1
2020-11-13 15:03:10.178,13313,13314,13314,1,1
2020-11-13 15:03:10.428,13313,13314,13314,1,1
2020-11-13 15:03:10.507,13313,13314,13314,1,1
2020-11-13 15:03:10.863,13313,13314,13313,1,-1
2020-11-13 15:03:11.100,13313,13314,13314,1,1
2020-11-13 15:03:11.414,13313,13314,13313,1,-1
2020-11-13 15:03:11.526,13313,13314,13314,2,2
2020-11-13 15:03:11.623,13313,13314,13314,1,1
2020-11-13 15:03:12.384,13313,13315,13315,1,1
2020-11-13 15:03:13.102,13313,13314,13314,2,2
2020-11-13 15:03:13.300,13313,13315,13315,1,1
2020-11-13 15:03:14.703,13313,13314,13314,1,1
2020-11-13 15:03:15.291,13313,13314,13314,1,1
2020-11-13 15:03:15.297,13313,13314,13314,6,6
2020-11-13 15:03:15.297,13313,13314,13313,4,-4
2020-11-13 15:03:15.796,13313,13314,13314,1,1
2020-11-13 15:03:17.482,13314,13315,13314,1,-1
2020-11-13 15:03:17.736,13314,13315,13314,1,-1
2020-11-13 15:03:19.831,13314,13315,13315,1,1
2020-11-13 15:03:20.146,13314,13315,13314,1,-1
2020-11-13 15:03:20.492,13314,13315,13315,1,1
2020-11-13 15:03:20.522,13314,13315,13314,1,-1
2020-11-13 15:03:20.866,13314,13315,13314,2,-2
2020-11-13 15:03:21.411,13314,13315,13314,1,-1
2020-11-13 15:03:21.411,13314,13315,13313,2,-2
2020-11-13 15:03:21.618,13313,13314,13314,1,1
2020-11-13 15:03:22.000,13313,13314,13314,1,1
2020-11-13 15:03:23.081,13313,13314,13313,1,-1
2020-11-13 15:03:23.195,13313,13314,13313,4,-4
2020-11-13 15:03:23.320,13312,13314,13314,1,1
2020-11-13 15:03:23.332,13312,13314,13314,1,1
2020-11-13 15:03:24.537,13312,13313,13312,1,-1
2020-11-13 15:03:25.445,13312,13313,13312,13,-13
2020-11-13 15:03:26.981,13311,13313,13311,1,-1
2020-11-13 15:03:27.156,13311,13313,13311,3,-3
2020-11-13 15:03:28.315,13311,13312,13311,1,-1
2020-11-13 15:03:28.315,13311,13312,13311,9,-9
2020-11-13 15:03:29.599,13310,13311,13311,1,1
2020-11-13 15:03:30.397,13310,13311,13311,1,1
2020-11-13 15:03:31.368,13310,13312,13310,2,-2
2020-11-13 15:03:32.388,13310,13311,13310,1,-1
2020-11-13 15:03:33.263,13309,13311,13310,1,-1
2020-11-13 15:03:33.784,13309,13310,13309,6,-6
2020-11-13 15:03:33.921,13309,13310,13309,2,-2
2020-11-13 15:03:34.077,13308,13309,13309,1,1
2020-11-13 15:03:34.534,13308,13309,13308,1,-1
2020-11-13 15:03:34.950,13308,13309,13309,2,2
2020-11-13 15:03:35.132,13308,13309,13308,5,-5
2020-11-13 15:03:35.140,13308,13309,13308,1,-1
2020-11-13 15:03:36.800,13307,13308,13308,1,1
2020-11-13 15:03:37.069,13307,13308,13308,1,1
2020-11-13 15:03:38.077,13307,13309,13309,4,4
2020-11-13 15:03:38.077,13307,13309,13310,1,1
2020-11-13 15:03:38.085,13307,13309,13308,1,-1
2020-11-13 15:03:40.235,13308,13310,13310,4,4
2020-11-13 15:03:40.449,13309,13311,13309,2,-2
2020-11-13 15:03:40.568,13309,13311,13309,1,-1
2020-11-13 15:03:40.702,13309,13311,13311,4,4
2020-11-13 15:03:40.742,13309,13311,13311,1,1
2020-11-13 15:03:40.824,13309,13311,13311,7,7
2020-11-13 15:03:40.824,13309,13311,13312,1,1
2020-11-13 15:03:41.056,13309,13311,13311,4,4
2020-11-13 15:03:41.056,13309,13311,13312,4,4
2020-11-13 15:03:41.417,13309,13311,13311,4,4
2020-11-13 15:03:43.571,13310,13312,13312,6,6
2020-11-13 15:03:44.216,13311,13313,13313,6,6
2020-11-13 15:03:44.335,13312,13313,13313,4,4
2020-11-13 15:03:44.335,13312,13313,13314,8,8
2020-11-13 15:03:44.576,13312,13314,13312,1,-1
2020-11-13 15:03:44.813,13312,13314,13314,6,6
2020-11-13 15:03:44.877,13312,13314,13314,1,1
2020-11-13 15:03:44.920,13312,13314,13314,1,1
2020-11-13 15:03:45.056,13313,13314,13314,9,9
2020-11-13 15:03:45.056,13313,13314,13315,3,3
2020-11-13 15:03:45.059,13313,13314,13315,2,2
2020-11-13 15:03:45.880,13312,13314,13312,1,-1
2020-11-13 15:03:46.564,13312,13314,13311,1,-1
2020-11-13 15:03:47.080,13311,13313,13313,1,1
2020-11-13 15:03:49.591,13311,13312,13312,1,1
2020-11-13 15:03:50.401,13311,13312,13311,1,-1
2020-11-13 15:03:50.630,13310,13311,13311,1,1
2020-11-13 15:03:50.631,13310,13311,13310,2,-2
2020-11-13 15:03:50.769,13310,13312,13310,1,-1
2020-11-13 15:04:00.469,13310,13311,13311,1,1
2020-11-13 15:04:00.469,13310,13311,13312,1,1
2020-11-13 15:04:00.801,13311,13312,13312,1,1
2020-11-13 15:04:00.837,13311,13312,13312,1,1
2020-11-13 15:04:01.428,13311,13312,13311,1,-1
2020-11-13 15:04:01.447,13311,13312,13312,1,1
2020-11-13 15:04:01.485,13311,13312,13312,2,2
2020-11-13 15:04:02.184,13311,13312,13312,1,1
2020-11-13 15:04:03.673,13311,13312,13311,1,-1
2020-11-13 15:04:05.340,13310,13312,13310,1,-1
2020-11-13 15:04:05.552,13310,13312,13310,2,-2
2020-11-13 15:04:07.331,13310,13311,13310,1,-1
2020-11-13 15:04:08.957,13310,13311,13310,1,-1
2020-11-13 15:04:10.841,13310,13311,13310,1,-1
2020-11-13 15:04:13.531,13310,13311,13310,2,-2
2020-11-13 15:04:13.920,13309,13311,13309,5,-5
2020-11-13 15:04:15.373,13309,13310,13310,1,1
2020-11-13 15:04:24.509,13309,13310,13310,1,1
2020-11-13 15:04:27.462,13309,13310,13309,2,-2
2020-11-13 15:04:27.631,13308,13310,13308,5,-5
2020-11-13 15:04:27.732,13308,13309,13309,2,2
2020-11-13 15:04:29.159,13308,13309,13309,1,1
2020-11-13 15:04:29.602,13308,13310,13310,2,2
2020-11-13 15:04:29.861,13308,13310,13308,1,-1
2020-11-13 15:04:31.198,13308,13309,13308,6,-6
2020-11-13 15:04:31.198,13308,13309,13308,2,-2
2020-11-13 15:04:31.198,13308,13309,13308,14,-14
2020-11-13 15:04:32.966,13307,13309,13307,1,-1
2020-11-13 15:04:33.131,13307,13309,13307,1,-1
2020-11-13 15:04:33.318,13307,13309,13307,1,-1
2020-11-13 15:04:33.500,13307,13309,13307,1,-1
2020-11-13 15:04:33.544,13307,13309,13308,1,1
2020-11-13 15:04:33.585,13307,13309,13307,2,-2
2020-11-13 15:04:33.642,13307,13309,13307,1,-1
2020-11-13 15:04:33.687,13307,13309,13307,2,-2
2020-11-13 15:04:33.815,13306,13309,13307,1,-1
2020-11-13 15:04:33.973,13307,13309,13307,1,-1
2020-11-13 15:04:37.645,13307,13309,13307,1,-1
2020-11-13 15:04:39.533,13307,13309,13308,1,1
2020-11-13 15:04:42.351,13307,13309,13307,1,-1
2020-11-13 15:04:47.795,13307,13308,13307,1,-1
2020-11-13 15:04:47.796,13307,13308,13307,3,-3
2020-11-13 15:04:47.893,13306,13307,13306,2,-2
2020-11-13 15:04:48.014,13306,13307,13307,1,1
2020-11-13 15:04:48.075,13306,13307,13306,1,-1
2020-11-13 15:04:48.126,13306,13307,13306,1,-1
2020-11-13 15:04:49.377,13306,13307,13306,1,-1
2020-11-13 15:04:50.668,13306,13307,13306,3,-3
2020-11-13 15:04:52.247,13306,13307,13307,1,1
2020-11-13 15:04:55.403,13306,13308,13306,3,-3
2020-11-13 15:04:56.565,13307,13308,13307,1,1
2020-11-13 15:04:56.738,13306,13308,13307,1,-1
2020-11-13 15:05:00.219,13307,13308,13308,1,1
2020-11-13 15:05:00.219,13307,13308,13309,1,1
2020-11-13 15:05:00.556,13307,13309,13309,1,1
2020-11-13 15:05:00.614,13307,13309,13307,1,-1
2020-11-13 15:05:00.652,13307,13309,13309,1,1
2020-11-13 15:05:00.662,13307,13309,13309,4,4
2020-11-13 15:05:01.582,13307,13309,13307,1,-1
2020-11-13 15:05:01.584,13307,13309,13307,1,-1
2020-11-13 15:05:03.172,13307,13309,13309,3,3
2020-11-13 15:05:04.461,13308,13309,13308,1,-1
2020-11-13 15:05:05.360,13307,13309,13307,1,-1
2020-11-13 15:05:05.580,13307,13309,13307,10,-10
2020-11-13 15:05:05.581,13307,13309,13307,2,-2
2020-11-13 15:05:05.847,13306,13308,13308,1,1
2020-11-13 15:05:05.848,13306,13308,13307,1,-1
2020-11-13 15:05:10.267,13306,13308,13306,1,-1
2020-11-13 15:05:12.819,13306,13308,13308,2,2
2020-11-13 15:05:14.426,13306,13308,13306,1,-1
2020-11-13 15:05:16.822,13306,13307,13306,1,-1
2020-11-13 15:05:17.065,13306,13307,13306,6,-6
2020-11-13 15:05:17.065,13306,13307,13306,3,-3
2020-11-13 15:05:17.137,13305,13306,13306,1,1
2020-11-13 15:05:18.150,13305,13306,13306,1,1
2020-11-13 15:05:18.151,13305,13306,13306,2,2
2020-11-13 15:05:18.610,13305,13306,13305,1,-1
2020-11-13 15:05:18.768,13305,13306,13305,1,-1
2020-11-13 15:05:18.895,13305,13306,13305,3,-3
2020-11-13 15:05:22.101,13305,13306,13305,10,-10
2020-11-13 15:05:22.788,13304,13305,13305,1,1
2020-11-13 15:05:24.104,13304,13305,13305,1,1
2020-11-13 15:05:24.653,13304,13305,13305,1,1
2020-11-13 15:05:25.709,13304,13305,13305,1,1
2020-11-13 15:05:27.539,13304,13305,13305,2,2
2020-11-13 15:05:30.120,13304,13305,13304,5,-5
2020-11-13 15:05:30.120,13304,13305,13304,4,-4
2020-11-13 15:05:30.121,13304,13305,13304,1,-1
2020-11-13 15:05:30.465,13303,13304,13304,1,1
2020-11-13 15:05:30.985,13303,13305,13303,1,-1
2020-11-13 15:05:31.243,13303,13305,13303,4,-4
2020-11-13 15:05:31.996,13303,13304,13303,1,-1
2020-11-13 15:05:33.200,13303,13304,13304,1,1
2020-11-13 15:05:33.451,13303,13304,13303,1,-1
2020-11-13 15:05:34.290,13303,13304,13304,2,2
2020-11-13 15:05:35.408,13303,13304,13304,1,1
2020-11-13 15:05:35.429,13303,13304,13304,1,1
2020-11-13 15:05:35.430,13303,13304,13304,1,1
2020-11-13 15:05:42.575,13303,13304,13303,3,-3
2020-11-13 15:05:43.679,13303,13304,13303,1,-1
2020-11-13 15:05:44.052,13303,13304,13304,1,1
2020-11-13 15:05:44.764,13303,13304,13303,1,-1
2020-11-13 15:05:45.838,13303,13304,13304,6,6
2020-11-13 15:05:45.838,13303,13304,13304,4,4
2020-11-13 15:05:45.838,13303,13304,13304,1,1
2020-11-13 15:05:49.327,13304,13305,13304,1,-1
2020-11-13 15:05:50.253,13303,13304,13304,1,1
2020-11-13 15:05:53.414,13304,13305,13304,1,-1
2020-11-13 15:05:56.201,13304,13305,13304,1,-1
2020-11-13 15:05:56.519,13304,13305,13304,1,-1
2020-11-13 15:05:56.520,13304,13305,13304,1,-1
2020-11-13 15:05:57.297,13303,13304,13304,1,1
2020-11-13 15:06:00.053,13303,13304,13304,1,1
2020-11-13 15:06:00.090,13303,13304,13304,1,1
2020-11-13 15:06:03.036,13303,13304,13303,3,-3
2020-11-13 15:06:03.786,13303,13304,13304,1,1
2020-11-13 15:06:03.800,13303,13304,13304,1,1
2020-11-13 15:06:06.042,13303,13304,13304,6,6
2020-11-13 15:06:06.042,13303,13304,13304,2,2
2020-11-13 15:06:09.530,13303,13304,13304,1,1
2020-11-13 15:06:12.511,13303,13304,13303,1,-1
2020-11-13 15:06:14.844,13303,13304,13304,1,1
2020-11-13 15:06:14.844,13303,13304,13304,1,1
2020-11-13 15:06:14.844,13303,13304,13304,1,1
2020-11-13 15:06:14.844,13303,13304,13304,2,2
2020-11-13 15:06:14.844,13303,13304,13304,1,1
2020-11-13 15:06:16.925,13304,13305,13304,2,-2
2020-11-13 15:06:18.492,13304,13305,13304,2,-2
2020-11-13 15:06:18.620,13304,13305,13304,1,-1
2020-11-13 15:06:20.356,13303,13305,13305,1,1
2020-11-13 15:06:21.994,13304,13305,13304,1,-1
2020-11-13 15:06:24.228,13303,13304,13304,1,1
2020-11-13 15:06:26.187,13304,13305,13304,1,-1
2020-11-13 15:06:35.656,13304,13305,13304,7,-7
2020-11-13 15:06:36.992,13303,13304,13304,1,1
2020-11-13 15:06:38.874,13303,13304,13303,1,-1
2020-11-13 15:06:39.008,13303,13304,13304,1,1
2020-11-13 15:06:40.281,13303,13304,13304,2,2
2020-11-13 15:06:43.366,13303,13304,13304,1,1
2020-11-13 15:06:47.664,13303,13304,13303,2,-2
2020-11-13 15:06:47.803,13303,13304,13304,1,1
2020-11-13 15:06:55.931,13303,13304,13304,4,4
2020-11-13 15:06:57.309,13304,13305,13304,1,-1
2020-11-13 15:06:57.309,13304,13305,13304,3,-3
2020-11-13 15:06:58.684,13303,13304,13303,2,-2
2020-11-13 15:06:58.912,13303,13304,13304,4,4
2020-11-13 15:06:58.913,13303,13304,13304,3,3
2020-11-13 15:06:59.509,13303,13304,13304,1,1
2020-11-13 15:06:59.842,13303,13304,13304,1,1
2020-11-13 15:07:00.442,13303,13304,13303,13,-13
2020-11-13 15:07:00.487,13302,13303,13302,3,-3
2020-11-13 15:07:02.500,13302,13303,13303,1,1
2020-11-13 15:07:06.220,13302,13303,13303,1,1
2020-11-13 15:07:08.643,13302,13303,13302,1,-1
2020-11-13 15:07:08.880,13302,13303,13303,5,5
2020-11-13 15:07:08.880,13302,13303,13304,15,15
2020-11-13 15:07:09.677,13302,13304,13302,5,-5
2020-11-13 15:07:11.384,13302,13303,13303,1,1
2020-11-13 15:07:12.676,13303,13304,13303,1,-1
2020-11-13 15:07:13.560,13303,13304,13303,1,-1
2020-11-13 15:07:15.211,13302,13304,13302,1,-1
2020-11-13 15:07:20.243,13303,13304,13303,3,3
2020-11-13 15:07:20.310,13303,13304,13303,1,-1
2020-11-13 15:07:20.611,13303,13304,13303,1,-1
2020-11-13 15:07:20.611,13303,13304,13303,1,-1
2020-11-13 15:07:22.458,13303,13304,13303,1,-1
2020-11-13 15:07:24.377,13303,13304,13303,1,-1
2020-11-13 15:07:27.308,13303,13304,13303,1,-1
2020-11-13 15:07:27.511,13302,13303,13303,3,3
2020-11-13 15:07:27.683,13302,13304,13302,1,-1
2020-11-13 15:07:28.661,13302,13303,13302,3,-3
2020-11-13 15:07:33.515,13302,13303,13303,1,1
2020-11-13 15:07:33.646,13302,13303,13302,1,-1
2020-11-13 15:07:35.025,13302,13303,13302,1,-1
2020-11-13 15:07:37.418,13302,13303,13303,1,1
2020-11-13 15:07:37.542,13302,13303,13303,1,1
2020-11-13 15:07:38.087,13302,13303,13303,2,2
2020-11-13 15:07:38.217,13302,13303,13303,2,2
2020-11-13 15:07:38.226,13302,13303,13303,1,1
2020-11-13 15:07:40.015,13302,13303,13302,1,-1
2020-11-13 15:07:40.140,13302,13303,13303,1,1
2020-11-13 15:07:40.140,13302,13303,13304,1,1
2020-11-13 15:07:40.995,13303,13304,13303,1,-1
2020-11-13 15:07:43.427,13303,13304,13303,4,-4
2020-11-13 15:07:45.842,13302,13303,13302,1,-1
2020-11-13 15:07:46.092,13302,13303,13302,2,-2
2020-11-13 15:07:47.192,13302,13303,13302,3,-3
2020-11-13 15:07:48.197,13302,13303,13303,1,1
2020-11-13 15:07:48.644,13302,13303,13303,2,2
2020-11-13 15:07:49.090,13302,13303,13303,1,1
2020-11-13 15:07:49.547,13302,13303,13302,3,-3
2020-11-13 15:07:50.844,13302,13303,13302,3,-3
2020-11-13 15:07:50.953,13301,13303,13303,2,2
2020-11-13 15:07:57.613,13301,13303,13303,1,1
2020-11-13 15:07:58.428,13301,13303,13302,1,-1
2020-11-13 15:07:59.121,13301,13303,13303,3,3
2020-11-13 15:08:00.051,13302,13303,13303,1,1
2020-11-13 15:08:00.350,13302,13303,13303,2,2
2020-11-13 15:08:00.350,13302,13303,13303,1,1
2020-11-13 15:08:02.506,13303,13304,13303,1,-1
2020-11-13 15:08:03.623,13303,13304,13304,1,1
2020-11-13 15:08:04.069,13303,13304,13304,1,1
2020-11-13 15:08:04.446,13303,13304,13303,8,-8
2020-11-13 15:08:04.446,13303,13304,13303,2,-2
2020-11-13 15:08:04.447,13303,13304,13303,1,-1
2020-11-13 15:08:04.447,13303,13304,13303,1,-1
2020-11-13 15:08:04.531,13303,13304,13304,2,2
2020-11-13 15:08:04.586,13303,13304,13304,1,1
2020-11-13 15:08:04.695,13303,13304,13304,2,2
2020-11-13 15:08:05.006,13303,13305,13305,2,2
2020-11-13 15:08:05.021,13303,13305,13305,1,1
2020-11-13 15:08:05.073,13303,13305,13305,1,1
2020-11-13 15:08:05.928,13304,13305,13304,1,-1
2020-11-13 15:08:09.468,13303,13305,13305,1,1
2020-11-13 15:08:13.508,13303,13305,13305,1,1
2020-11-13 15:08:15.085,13304,13305,13305,4,4
2020-11-13 15:08:16.095,13304,13305,13305,5,5
2020-11-13 15:08:16.095,13304,13305,13305,2,2
2020-11-13 15:08:20.013,13305,13306,13306,6,6
2020-11-13 15:08:20.013,13305,13306,13307,2,2
2020-11-13 15:08:25.706,13305,13307,13306,1,-1
2020-11-13 15:08:25.832,13305,13306,13306,1,1
2020-11-13 15:08:29.019,13305,13306,13306,1,1
2020-11-13 15:08:30.708,13305,13306,13306,3,3
2020-11-13 15:08:30.994,13306,13307,13306,2,-2
2020-11-13 15:08:31.763,13306,13307,13306,3,-3
2020-11-13 15:08:32.551,13305,13306,13306,1,1
2020-11-13 15:08:33.022,13305,13306,13306,1,1
2020-11-13 15:08:34.361,13305,13307,13307,1,1
2020-11-13 15:08:36.859,13306,13307,13306,2,-2
2020-11-13 15:08:36.860,13306,13307,13306,1,-1
2020-11-13 15:08:40.637,13306,13307,13307,1,1
2020-11-13 15:08:42.121,13306,13307,13306,1,-1
2020-11-13 15:08:45.500,13306,13307,13306,1,-1
2020-11-13 15:08:45.500,13306,13307,13306,2,-2
2020-11-13 15:08:45.500,13306,13307,13306,3,-3
2020-11-13 15:08:50.378,13305,13306,13305,1,-1
2020-11-13 15:08:53.019,13305,13306,13305,2,-2
2020-11-13 15:08:53.020,13305,13306,13305,2,-2
2020-11-13 15:08:53.318,13305,13306,13305,1,-1
2020-11-13 15:08:53.835,13304,13305,13305,1,1
2020-11-13 15:08:54.711,13304,13305,13305,1,1
2020-11-13 15:08:55.221,13304,13305,13304,6,-6
2020-11-13 15:08:55.409,13303,13304,13304,2,2
2020-11-13 15:09:00.828,13303,13304,13303,1,-1
2020-11-13 15:09:02.224,13303,13304,13303,1,-1
2020-11-13 15:09:02.573,13303,13304,13303,1,-1
2020-11-13 15:09:03.533,13303,13304,13303,1,-1
2020-11-13 15:09:04.613,13303,13304,13303,1,-1
2020-11-13 15:09:08.311,13303,13304,13303,1,-1
2020-11-13 15:09:17.652,13303,13304,13304,20,20
2020-11-13 15:09:22.024,13303,13305,13305,3,3
2020-11-13 15:09:25.043,13304,13305,13304,1,-1
2020-11-13 15:09:26.580,13304,13305,13304,1,-1
2020-11-13 15:09:28.616,13304,13305,13304,2,-2
2020-11-13 15:09:29.685,13304,13305,13305,1,1
2020-11-13 15:09:29.685,13304,13305,13305,2,2
2020-11-13 15:09:29.686,13304,13305,13305,2,2
2020-11-13 15:09:30.426,13304,13306,13304,1,-1
2020-11-13 15:09:31.553,13304,13306,13304,10,-10
2020-11-13 15:09:35.147,13304,13305,13305,1,1
2020-11-13 15:09:35.749,13304,13305,13305,1,1
2020-11-13 15:09:37.315,13304,13305,13304,3,-3
2020-11-13 15:09:39.642,13304,13305,13305,1,1
2020-11-13 15:09:44.959,13305,13306,13305,1,-1
2020-11-13 15:09:46.079,13305,13306,13305,2,-2
2020-11-13 15:09:55.126,13304,13305,13304,4,-4
2020-11-13 15:09:55.127,13304,13305,13304,6,-6
2020-11-13 15:09:55.165,13304,13305,13303,1,-1
2020-11-13 15:09:55.213,13303,13304,13304,1,1
2020-11-13 15:09:58.514,13303,13304,13304,1,1
2020-11-13 15:10:00.033,13303,13304,13304,1,1
2020-11-13 15:10:00.233,13304,13305,13305,1,1
2020-11-13 15:10:00.447,13304,13305,13304,1,-1
2020-11-13 15:10:00.757,13304,13305,13304,1,-1
2020-11-13 15:10:05.122,13304,13305,13304,3,-3
2020-11-13 15:10:05.588,13303,13304,13304,1,1
2020-11-13 15:10:09.870,13304,13305,13304,2,-2
2020-11-13 15:10:09.954,13304,13305,13304,2,-2
2020-11-13 15:10:18.215,13304,13305,13304,1,-1
2020-11-13 15:10:25.704,13303,13304,13303,2,-2
2020-11-13 15:10:29.584,13303,13304,13304,1,1
2020-11-13 15:10:30.672,13303,13304,13304,2,2
2020-11-13 15:10:37.644,13303,13304,13304,1,1
2020-11-13 15:10:45.131,13303,13304,13304,1,1
2020-11-13 15:10:49.092,13304,13305,13304,1,-1
2020-11-13 15:10:53.898,13304,13305,13305,1,1
2020-11-13 15:10:56.235,13304,13305,13304,1,-1
2020-11-13 15:10:59.124,13304,13305,13304,1,-1
2020-11-13 15:11:03.673,13304,13305,13305,22,22
2020-11-13 15:11:05.091,13305,13306,13306,1,1
2020-11-13 15:11:09.112,13305,13306,13305,3,-3
2020-11-13 15:11:11.362,13305,13306,13306,1,1
2020-11-13 15:11:12.051,13305,13306,13305,2,-2
2020-11-13 15:11:17.042,13305,13306,13306,3,3
2020-11-13 15:11:20.062,13305,13306,13305,1,-1
2020-11-13 15:11:34.471,13305,13306,13306,2,2
2020-11-13 15:11:36.315,13305,13306,13306,3,3
2020-11-13 15:11:39.538,13305,13306,13305,1,-1
2020-11-13 15:11:41.102,13305,13306,13306,1,1
2020-11-13 15:11:41.359,13305,13306,13305,1,-1
2020-11-13 15:11:48.592,13305,13306,13305,7,-7
2020-11-13 15:11:48.980,13304,13305,13304,3,-3
2020-11-13 15:11:48.980,13304,13305,13304,18,-18
2020-11-13 15:11:49.001,13304,13305,13303,4,-4
2020-11-13 15:11:50.541,13303,13304,13304,1,1
2020-11-13 15:11:55.428,13303,13304,13303,1,-1
2020-11-13 15:11:56.599,13303,13304,13304,2,2
2020-11-13 15:12:09.651,13303,13304,13303,2,-2
2020-11-13 15:12:09.651,13303,13304,13303,4,-4
2020-11-13 15:12:09.651,13303,13304,13303,3,-3
2020-11-13 15:12:09.990,13302,13303,13303,1,1
2020-11-13 15:12:10.019,13302,13303,13303,1,1
2020-11-13 15:12:21.917,13302,13303,13302,24,-24
2020-11-13 15:12:24.196,13301,13302,13301,1,-1
2020-11-13 15:12:24.352,13301,13302,13301,2,-2
2020-11-13 15:12:24.354,13301,13302,13301,2,-2
2020-11-13 15:12:24.698,13301,13302,13301,1,-1
2020-11-13 15:12:24.803,13301,13302,13301,1,-1
2020-11-13 15:12:24.891,13301,13302,13301,1,-1
2020-11-13 15:12:24.891,13301,13302,13301,6,-6
2020-11-13 15:12:24.892,13301,13302,13301,3,-3
2020-11-13 15:12:25.138,13300,13301,13300,1,-1
2020-11-13 15:12:25.217,13300,13301,13300,1,-1
2020-11-13 15:12:26.222,13300,13301,13300,2,-2
2020-11-13 15:12:26.927,13300,13301,13300,1,-1
2020-11-13 15:12:27.149,13300,13301,13300,1,-1
2020-11-13 15:12:27.855,13300,13301,13300,1,-1
2020-11-13 15:12:28.432,13300,13301,13301,1,1
2020-11-13 15:12:28.786,13300,13301,13300,1,-1
2020-11-13 15:12:30.274,13300,13302,13300,1,-1
2020-11-13 15:12:30.842,13300,13302,13300,1,-1
2020-11-13 15:12:32.000,13300,13302,13300,3,-3
2020-11-13 15:12:32.551,13300,13302,13302,2,2
2020-11-13 15:12:40.599,13300,13301,13301,1,1
2020-11-13 15:12:41.300,13300,13301,13300,4,-4
2020-11-13 15:12:41.638,13299,13300,13299,1,-1
2020-11-13 15:12:46.432,13299,13300,13299,1,-1
2020-11-13 15:12:47.819,13299,13300,13299,5,-5
2020-11-13 15:12:48.049,13298,13300,13299,4,-4
2020-11-13 15:12:48.569,13299,13300,13299,1,-1
2020-11-13 15:12:48.738,13298,13300,13298,1,-1
2020-11-13 15:12:48.868,13298,13300,13298,1,-1
2020-11-13 15:12:48.991,13298,13299,13298,1,-1
2020-11-13 15:12:49.280,13298,13299,13298,1,-1
2020-11-13 15:12:50.913,13298,13299,13299,1,1
2020-11-13 15:12:54.300,13298,13299,13298,3,-3
2020-11-13 15:12:54.320,13298,13299,13298,7,-7
2020-11-13 15:12:56.447,13298,13299,13298,4,-4
2020-11-13 15:12:56.448,13298,13299,13298,4,-4
2020-11-13 15:12:56.449,13298,13299,13298,2,-2
2020-11-13 15:12:56.449,13298,13299,13298,1,-1
2020-11-13 15:12:57.545,13298,13299,13298,2,-2
2020-11-13 15:13:03.040,13298,13299,13298,1,-1
2020-11-13 15:13:03.160,13298,13299,13299,4,4
2020-11-13 15:13:03.240,13298,13299,13299,1,1
2020-11-13 15:13:03.329,13298,13300,13300,1,1
2020-11-13 15:13:03.354,13298,13300,13300,1,1
2020-11-13 15:13:03.377,13298,13300,13300,4,4
2020-11-13 15:13:03.426,13298,13300,13300,1,1
2020-11-13 15:13:03.516,13299,13300,13299,1,-1
2020-11-13 15:13:03.570,13299,13300,13300,3,3
2020-11-13 15:13:03.592,13299,13300,13300,1,1
2020-11-13 15:13:03.606,13299,13300,13300,1,1
2020-11-13 15:13:03.747,13299,13301,13301,1,1
2020-11-13 15:13:03.747,13299,13301,13301,1,1
2020-11-13 15:13:03.750,13299,13301,13301,1,1
2020-11-13 15:13:03.751,13299,13301,13301,1,1
2020-11-13 15:13:03.751,13299,13301,13301,1,1
2020-11-13 15:13:03.756,13299,13301,13302,1,1
2020-11-13 15:13:03.759,13299,13301,13301,1,1
2020-11-13 15:13:03.759,13299,13301,13302,3,3
2020-11-13 15:13:03.764,13299,13301,13302,1,1
2020-11-13 15:13:03.841,13300,13302,13300,1,-1
2020-11-13 15:13:03.911,13300,13302,13300,1,-1
2020-11-13 15:13:04.188,13300,13302,13300,1,-1
2020-11-13 15:13:04.981,13300,13302,13302,4,4
2020-11-13 15:13:10.948,13300,13302,13300,9,-9
2020-11-13 15:13:10.949,13300,13302,13300,11,-11
2020-11-13 15:13:10.949,13300,13302,13300,1,-1
2020-11-13 15:13:14.221,13299,13300,13299,1,-1
2020-11-13 15:13:21.788,13299,13300,13300,8,8
2020-11-13 15:13:23.203,13299,13300,13299,1,-1
2020-11-13 15:13:23.684,13299,13300,13300,4,4
2020-11-13 15:13:23.684,13299,13300,13300,1,1
2020-11-13 15:13:23.684,13299,13300,13300,12,12
2020-11-13 15:13:25.454,13300,13302,13300,1,-1
2020-11-13 15:13:26.417,13300,13302,13300,1,-1
2020-11-13 15:13:26.507,13300,13302,13300,1,-1
2020-11-13 15:13:29.176,13300,13301,13301,1,1
2020-11-13 15:13:42.128,13300,13301,13300,1,-1
2020-11-13 15:13:43.725,13300,13301,13301,9,9
2020-11-13 15:13:47.189,13301,13302,13301,1,-1
2020-11-13 15:13:49.162,13301,13302,13301,1,-1
2020-11-13 15:13:52.307,13300,13301,13300,1,-1
2020-11-13 15:13:59.626,13300,13301,13301,1,1
2020-11-13 15:14:01.558,13300,13301,13301,1,1
2020-11-13 15:14:01.810,13300,13301,13301,1,1
2020-11-13 15:14:04.483,13300,13301,13301,9,9
2020-11-13 15:14:09.073,13301,13302,13301,1,-1
2020-11-13 15:14:24.741,13301,13302,13302,2,2
2020-11-13 15:14:25.452,13301,13302,13301,1,-1
2020-11-13 15:14:26.328,13301,13302,13301,1,-1
2020-11-13 15:14:28.526,13301,13302,13301,1,-1
2020-11-13 15:14:41.363,13301,13302,13301,1,-1
2020-11-13 15:14:47.019,13300,13302,13300,1,-1
2020-11-13 15:14:47.402,13300,13302,13300,2,-2
2020-11-13 15:14:51.546,13301,13302,13301,1,1
2020-11-13 15:14:51.546,13301,13302,13301,3,-3
2020-11-13 15:14:52.639,13300,13301,13300,1,-1
2020-11-13 15:14:52.640,13300,13301,13300,3,-3
2020-11-13 15:14:56.791,13300,13301,13300,4,-4
2020-11-13 15:14:57.318,13300,13301,13300,1,-1
2020-11-13 15:15:07.039,13300,13301,13300,1,-1
2020-11-13 15:15:07.282,13300,13301,13300,1,-1
2020-11-13 15:15:07.682,13300,13301,13301,2,2
2020-11-13 15:15:07.682,13300,13301,13302,3,3
2020-11-13 15:15:07.682,13300,13301,13302,5,5
2020-11-13 15:15:08.393,13301,13302,13301,6,-6
2020-11-13 15:15:08.502,13300,13302,13301,1,-1
2020-11-13 15:15:18.552,13300,13301,13300,2,-2
2020-11-13 15:15:22.299,13300,13301,13301,1,1
2020-11-13 15:15:22.702,13300,13301,13300,1,-1
2020-11-13 15:15:22.829,13300,13301,13300,1,-1
2020-11-13 15:15:22.830,13300,13301,13300,2,-2
2020-11-13 15:15:22.830,13300,13301,13300,4,-4
2020-11-13 15:15:22.830,13300,13301,13300,7,-7
2020-11-13 15:15:23.936,13299,13300,13299,2,-2
2020-11-13 15:15:23.937,13299,13300,13299,6,-6
2020-11-13 15:15:24.397,13298,13300,13300,1,1
2020-11-13 15:15:29.308,13298,13299,13299,10,10
2020-11-13 15:15:31.438,13298,13299,13298,4,-4
2020-11-13 15:15:31.439,13298,13299,13298,10,-10
2020-11-13 15:15:35.831,13297,13298,13297,1,-1
2020-11-13 15:15:36.103,13297,13298,13297,2,-2
2020-11-13 15:15:41.440,13297,13298,13297,2,-2
2020-11-13 15:15:41.446,13297,13298,13298,1,1
2020-11-13 15:15:41.446,13297,13298,13298,1,1
2020-11-13 15:15:41.893,13297,13298,13297,1,-1
2020-11-13 15:15:44.471,13297,13298,13298,14,14
2020-11-13 15:15:44.615,13298,13299,13298,2,-2
2020-11-13 15:15:44.957,13298,13299,13298,1,-1
2020-11-13 15:15:45.283,13298,13299,13298,1,-1
2020-11-13 15:15:45.542,13298,13299,13298,1,-1
2020-11-13 15:15:46.776,13298,13299,13298,1,-1
2020-11-13 15:15:47.976,13298,13299,13298,2,-2
2020-11-13 15:15:49.195,13298,13299,13298,3,-3
2020-11-13 15:15:50.238,13297,13298,13298,2,2
2020-11-13 15:15:50.238,13297,13298,13298,1,1
2020-11-13 15:15:51.465,13298,13299,13298,2,-2
2020-11-13 15:15:54.965,13298,13299,13298,1,-1
2020-11-13 15:15:55.458,13298,13299,13298,1,-1
2020-11-13 15:16:02.508,13298,13299,13299,1,1
2020-11-13 15:16:02.508,13298,13299,13299,2,2
2020-11-13 15:16:03.071,13299,13300,13299,1,-1
2020-11-13 15:16:06.446,13298,13300,13300,1,1
2020-11-13 15:16:08.553,13299,13300,13299,1,-1
2020-11-13 15:16:08.572,13299,13300,13300,1,1
2020-11-13 15:16:08.574,13299,13300,13300,1,1
2020-11-13 15:16:14.684,13299,13301,13300,1,-1
2020-11-13 15:16:15.181,13299,13301,13300,1,-1
2020-11-13 15:16:21.100,13299,13300,13300,1,1
2020-11-13 15:16:24.028,13299,13300,13300,2,2
2020-11-13 15:16:24.071,13299,13300,13300,1,1
2020-11-13 15:16:24.071,13299,13300,13300,1,1
2020-11-13 15:16:24.165,13299,13300,13299,1,-1
2020-11-13 15:16:24.901,13298,13299,13299,1,1
2020-11-13 15:16:28.360,13298,13299,13298,1,-1
2020-11-13 15:16:31.774,13298,13299,13298,1,-1
2020-11-13 15:16:45.176,13297,13298,13298,3,3
2020-11-13 15:16:46.228,13298,13299,13298,1,-1
2020-11-13 15:16:46.228,13298,13299,13297,1,-1
2020-11-13 15:16:49.469,13297,13298,13297,1,-1
2020-11-13 15:16:54.165,13297,13298,13297,1,-1
2020-11-13 15:17:00.279,13297,13298,13297,2,-2
2020-11-13 15:17:03.835,13297,13298,13297,9,-9
2020-11-13 15:17:03.836,13297,13298,13297,1,-1
2020-11-13 15:17:06.322,13296,13297,13296,1,-1
2020-11-13 15:17:06.464,13296,13297,13296,1,-1
2020-11-13 15:17:09.657,13296,13297,13296,1,-1
2020-11-13 15:17:09.789,13296,13297,13296,1,-1
2020-11-13 15:17:11.092,13296,13297,13297,1,1
2020-11-13 15:17:11.251,13296,13297,13297,1,1
2020-11-13 15:17:11.782,13296,13297,13296,1,-1
2020-11-13 15:17:11.839,13296,13297,13296,1,-1
2020-11-13 15:17:11.878,13296,13297,13296,1,-1
2020-11-13 15:17:13.354,13296,13297,13296,2,-2
2020-11-13 15:17:20.774,13296,13297,13296,1,-1
2020-11-13 15:17:21.338,13296,13297,13296,3,-3
2020-11-13 15:17:23.523,13296,13297,13296,1,-1
2020-11-13 15:17:24.536,13296,13297,13297,1,1
2020-11-13 15:17:26.680,13296,13297,13296,2,-2
2020-11-13 15:17:26.909,13296,13297,13297,3,3
2020-11-13 15:17:26.910,13296,13297,13297,3,3
2020-11-13 15:17:29.419,13296,13298,13296,3,-3
2020-11-13 15:17:29.419,13296,13298,13295,30,-30
2020-11-13 15:17:29.421,13296,13298,13295,4,-4
2020-11-13 15:17:29.421,13296,13298,13295,1,-1
2020-11-13 15:17:29.421,13296,13298,13295,1,-1
2020-11-13 15:17:29.422,13296,13298,13295,1,-1
2020-11-13 15:17:29.422,13296,13298,13295,2,-2
2020-11-13 15:17:29.505,13295,13296,13295,3,-3
2020-11-13 15:17:29.559,13295,13296,13294,1,-1
2020-11-13 15:17:29.699,13294,13295,13294,1,-1
2020-11-13 15:17:29.896,13294,13295,13295,1,1
2020-11-13 15:17:29.898,13294,13295,13295,2,2
2020-11-13 15:17:30.194,13294,13295,13295,1,1
2020-11-13 15:17:36.623,13295,13296,13296,1,1
2020-11-13 15:17:38.032,13295,13296,13295,1,-1
2020-11-13 15:17:38.946,13295,13296,13295,2,-2
2020-11-13 15:17:39.176,13294,13295,13295,1,1
2020-11-13 15:17:40.222,13294,13295,13295,1,1
2020-11-13 15:17:41.985,13294,13295,13294,7,-7
2020-11-13 15:17:41.985,13294,13295,13293,16,-16
2020-11-13 15:17:41.987,13294,13295,13293,6,-6
2020-11-13 15:17:42.305,13293,13295,13295,1,1
2020-11-13 15:17:42.307,13293,13295,13294,4,-4
2020-11-13 15:17:43.969,13293,13295,13293,1,-1
2020-11-13 15:17:47.219,13294,13295,13294,1,1
2020-11-13 15:17:49.060,13293,13295,13293,1,-1
2020-11-13 15:17:49.979,13293,13295,13295,6,6
2020-11-13 15:17:49.979,13293,13295,13296,1,1
2020-11-13 15:17:50.833,13294,13296,13296,2,2
2020-11-13 15:17:51.877,13295,13296,13295,1,-1
2020-11-13 15:17:53.279,13295,13296,13295,4,-4
2020-11-13 15:17:53.722,13295,13296,13295,2,-2
2020-11-13 15:17:53.722,13295,13296,13294,1,-1
2020-11-13 15:17:54.732,13295,13296,13295,1,1
2020-11-13 15:17:54.751,13295,13296,13295,5,-5
2020-11-13 15:17:54.751,13295,13296,13294,4,-4
2020-11-13 15:17:54.817,13295,13296,13294,5,-5
2020-11-13 15:17:58.473,13294,13295,13294,5,-5
2020-11-13 15:17:59.789,13294,13295,13294,9,-9
2020-11-13 15:18:00.347,13293,13294,13294,25,25
2020-11-13 15:18:00.348,13293,13294,13294,2,2
2020-11-13 15:18:00.434,13293,13294,13295,1,1
2020-11-13 15:18:00.565,13294,13295,13295,2,2
2020-11-13 15:18:00.622,13294,13295,13295,1,1
2020-11-13 15:18:00.921,13294,13295,13294,1,-1
2020-11-13 15:18:01.386,13294,13295,13294,1,-1
2020-11-13 15:18:01.517,13294,13295,13294,1,-1
2020-11-13 15:18:02.024,13293,13295,13295,2,2
2020-11-13 15:18:02.288,13294,13295,13294,1,-1
2020-11-13 15:18:02.407,13294,13295,13295,2,2
2020-11-13 15:18:03.301,13294,13295,13294,1,-1
2020-11-13 15:18:03.581,13294,13295,13295,3,3
2020-11-13 15:18:03.662,13294,13295,13295,1,1
2020-11-13 15:18:05.518,13295,13296,13296,1,1
2020-11-13 15:18:06.103,13295,13296,13296,3,3
2020-11-13 15:18:06.194,13295,13296,13296,6,6
2020-11-13 15:18:08.483,13296,13297,13297,1,1
2020-11-13 15:18:08.726,13295,13297,13295,1,-1
2020-11-13 15:18:09.357,13295,13297,13297,1,1
2020-11-13 15:18:10.703,13295,13297,13296,5,-5
2020-11-13 15:18:13.717,13296,13297,13297,2,2
2020-11-13 15:18:13.718,13296,13297,13297,1,1
2020-11-13 15:18:14.380,13296,13297,13297,1,1
2020-11-13 15:18:14.380,13296,13297,13297,1,1
2020-11-13 15:18:19.054,13296,13297,13297,1,1
2020-11-13 15:18:21.869,13297,13298,13298,9,9
2020-11-13 15:18:21.869,13297,13298,13299,17,17
2020-11-13 15:18:21.871,13297,13298,13299,1,1
2020-11-13 15:18:21.871,13297,13298,13299,1,1
2020-11-13 15:18:21.872,13297,13298,13298,1,1
2020-11-13 15:18:30.557,13298,13300,13298,1,-1
2020-11-13 15:18:32.305,13298,13300,13298,1,-1
2020-11-13 15:18:33.363,13298,13300,13298,1,-1
2020-11-13 15:18:33.980,13298,13300,13298,1,-1
2020-11-13 15:18:42.027,13298,13300,13300,3,3
2020-11-13 15:18:42.780,13299,13300,13300,3,3
2020-11-13 15:18:42.788,13299,13300,13300,4,4
2020-11-13 15:18:46.861,13299,13300,13300,5,5
2020-11-13 15:18:47.700,13299,13301,13301,4,4
2020-11-13 15:18:48.298,13299,13301,13299,2,-2
2020-11-13 15:18:49.848,13300,13301,13301,1,1
2020-11-13 15:18:49.850,13300,13301,13301,1,1
2020-11-13 15:18:49.850,13300,13301,13301,2,2
2020-11-13 15:18:52.775,13301,13302,13301,1,-1
2020-11-13 15:18:55.777,13301,13302,13301,1,-1
2020-11-13 15:18:57.209,13301,13302,13301,1,-1
2020-11-13 15:19:04.902,13301,13302,13302,2,2
2020-11-13 15:19:04.902,13301,13302,13302,2,2
2020-11-13 15:19:04.902,13301,13302,13302,12,12
2020-11-13 15:19:04.902,13301,13302,13302,4,4
2020-11-13 15:19:04.902,13301,13302,13302,5,5
2020-11-13 15:19:04.949,13302,13303,13303,1,1
2020-11-13 15:19:04.955,13302,13303,13303,2,2
2020-11-13 15:19:04.956,13302,13303,13303,1,1
2020-11-13 15:19:04.957,13302,13303,13303,1,1
2020-11-13 15:19:04.958,13302,13303,13303,1,1
2020-11-13 15:19:05.108,13302,13303,13303,1,1
2020-11-13 15:19:05.196,13302,13303,13303,1,1
2020-11-13 15:19:05.196,13302,13303,13303,1,1
2020-11-13 15:19:05.681,13302,13303,13303,3,3
2020-11-13 15:19:05.681,13302,13303,13304,1,1
2020-11-13 15:19:10.357,13301,13303,13303,1,1
2020-11-13 15:19:13.175,13301,13303,13303,3,3
2020-11-13 15:19:13.196,13301,13303,13303,1,1
2020-11-13 15:19:13.196,13301,13303,13303,1,1
2020-11-13 15:19:13.196,13301,13303,13303,1,1
2020-11-13 15:19:13.197,13301,13303,13303,1,1
2020-11-13 15:19:13.197,13301,13303,13303,1,1
2020-11-13 15:19:13.197,13301,13303,13303,1,1
2020-11-13 15:19:13.197,13301,13303,13303,1,1
2020-11-13 15:19:13.197,13301,13303,13303,1,1
2020-11-13 15:19:13.198,13301,13303,13304,1,1
2020-11-13 15:19:13.198,13301,13303,13304,1,1
2020-11-13 15:19:13.198,13301,13303,13304,1,1
2020-11-13 15:19:13.199,13301,13303,13304,1,1
2020-11-13 15:19:13.993,13302,13303,13303,1,1
2020-11-13 15:19:14.211,13302,13303,13302,1,-1
2020-11-13 15:19:16.966,13301,13302,13302,2,2
2020-11-13 15:19:18.114,13301,13303,13302,1,-1
2020-11-13 15:19:18.196,13301,13303,13303,2,2
2020-11-13 15:19:18.197,13301,13303,13303,1,1
2020-11-13 15:19:18.197,13301,13303,13303,1,1
2020-11-13 15:19:18.198,13301,13303,13303,1,1
2020-11-13 15:19:18.198,13301,13303,13303,2,2
2020-11-13 15:19:20.836,13302,13303,13302,1,-1
2020-11-13 15:19:22.654,13301,13303,13302,1,-1
2020-11-13 15:19:27.806,13301,13302,13302,1,1
2020-11-13 15:19:29.745,13301,13303,13302,1,-1
2020-11-13 15:19:29.821,13301,13303,13303,1,1
2020-11-13 15:19:29.822,13301,13303,13303,1,1
2020-11-13 15:19:35.645,13302,13303,13302,1,-1
2020-11-13 15:19:35.645,13302,13303,13302,1,-1
2020-11-13 15:19:37.685,13301,13302,13302,1,1
2020-11-13 15:19:40.670,13301,13302,13302,1,1
2020-11-13 15:19:40.696,13301,13303,13303,1,1
2020-11-13 15:19:40.696,13301,13303,13303,1,1
2020-11-13 15:19:40.696,13301,13303,13303,1,1
2020-11-13 15:19:40.826,13302,13303,13302,1,-1
2020-11-13 15:19:49.691,13302,13303,13302,1,-1
2020-11-13 15:19:52.419,13302,13303,13302,1,-1
2020-11-13 15:19:53.116,13302,13303,13302,1,-1
2020-11-13 15:20:00.279,13301,13302,13301,6,-6
2020-11-13 15:20:06.078,13300,13301,13301,1,1
2020-11-13 15:20:11.257,13300,13301,13300,1,-1
2020-11-13 15:20:12.369,13300,13301,13301,3,3
2020-11-13 15:20:18.269,13300,13301,13301,1,1
2020-11-13 15:20:18.269,13300,13301,13301,1,1
2020-11-13 15:20:18.784,13300,13301,13301,1,1
2020-11-13 15:20:18.832,13300,13301,13301,2,2
2020-11-13 15:20:19.864,13301,13302,13301,1,-1
2020-11-13 15:20:21.047,13301,13302,13301,1,-1
2020-11-13 15:20:22.871,13301,13302,13301,1,-1
2020-11-13 15:20:31.088,13301,13302,13302,1,1
2020-11-13 15:20:31.386,13301,13302,13302,1,1
2020-11-13 15:20:31.789,13301,13302,13302,1,1
2020-11-13 15:20:31.893,13301,13302,13302,1,1
2020-11-13 15:20:31.894,13301,13302,13302,4,4
2020-11-13 15:20:37.200,13302,13303,13303,16,16
2020-11-13 15:20:38.421,13303,13304,13303,1,-1
2020-11-13 15:20:39.992,13303,13304,13303,1,-1
2020-11-13 15:20:40.362,13303,13304,13304,1,1
2020-11-13 15:20:40.363,13303,13304,13304,3,3
2020-11-13 15:20:40.363,13303,13304,13304,9,9
2020-11-13 15:20:40.986,13304,13305,13305,9,9
2020-11-13 15:20:41.113,13305,13306,13306,1,1
2020-11-13 15:20:41.152,13305,13306,13305,1,-1
2020-11-13 15:20:41.313,13305,13306,13306,1,1
2020-11-13 15:20:41.800,13305,13306,13306,5,5
2020-11-13 15:20:41.883,13305,13306,13305,1,-1
2020-11-13 15:20:42.392,13305,13306,13306,1,1
2020-11-13 15:20:42.603,13305,13306,13306,2,2
2020-11-13 15:20:42.603,13305,13306,13307,1,1
2020-11-13 15:20:44.214,13306,13307,13306,1,-1
2020-11-13 15:20:45.079,13306,13307,13307,2,2
2020-11-13 15:20:48.645,13306,13307,13307,34,34
2020-11-13 15:20:48.646,13306,13307,13307,1,1
2020-11-13 15:20:48.646,13306,13307,13307,1,1
2020-11-13 15:20:49.503,13306,13307,13307,1,1
2020-11-13 15:20:51.974,13307,13308,13307,1,-1
2020-11-13 15:20:53.504,13307,13308,13308,2,2
2020-11-13 15:20:53.804,13307,13308,13308,2,2
2020-11-13 15:20:54.140,13307,13308,13308,1,1
2020-11-13 15:20:57.289,13307,13308,13308,5,5
2020-11-13 15:20:58.502,13307,13308,13308,3,3
2020-11-13 15:20:58.589,13307,13308,13308,1,1
2020-11-13 15:20:58.633,13307,13308,13308,1,1
2020-11-13 15:20:59.768,13307,13308,13308,1,1
2020-11-13 15:20:59.768,13307,13308,13309,1,1
2020-11-13 15:21:00.050,13308,13309,13309,1,1
2020-11-13 15:21:00.151,13308,13309,13309,1,1
2020-11-13 15:21:00.870,13308,13309,13308,1,-1
2020-11-13 15:21:01.014,13308,13309,13308,1,-1
2020-11-13 15:21:01.069,13308,13309,13308,1,-1
2020-11-13 15:21:01.655,13307,13308,13308,1,1
2020-11-13 15:21:01.659,13307,13308,13308,1,1
2020-11-13 15:21:01.683,13307,13308,13308,1,1
2020-11-13 15:21:01.686,13307,13308,13308,1,1
2020-11-13 15:21:01.694,13307,13309,13309,1,1
2020-11-13 15:21:02.566,13307,13309,13309,1,1
2020-11-13 15:21:04.008,13308,13309,13308,1,-1
2020-11-13 15:21:05.031,13308,13309,13309,2,2
2020-11-13 15:21:06.136,13307,13308,13308,2,2
2020-11-13 15:21:08.687,13307,13308,13308,1,1
2020-11-13 15:21:08.725,13307,13308,13308,2,2
2020-11-13 15:21:10.740,13307,13308,13308,5,5
2020-11-13 15:21:10.740,13307,13308,13309,5,5
2020-11-13 15:21:11.271,13307,13308,13308,1,1
2020-11-13 15:21:11.885,13307,13308,13308,1,1
2020-11-13 15:21:12.540,13307,13308,13308,1,1
2020-11-13 15:21:12.608,13307,13308,13307,1,-1
2020-11-13 15:21:12.608,13307,13308,13307,3,-3
2020-11-13 15:21:18.948,13306,13307,13307,1,1
2020-11-13 15:21:20.456,13306,13307,13307,1,1
2020-11-13 15:21:20.890,13306,13307,13307,1,1
2020-11-13 15:21:36.237,13306,13307,13306,1,-1
2020-11-13 15:21:36.453,13306,13307,13307,1,1
2020-11-13 15:21:37.575,13306,13307,13306,1,-1
2020-11-13 15:21:41.667,13306,13307,13307,4,4
2020-11-13 15:21:41.668,13306,13307,13307,7,7
2020-11-13 15:21:41.671,13306,13307,13308,8,8
2020-11-13 15:21:45.530,13307,13308,13308,1,1
2020-11-13 15:21:45.531,13307,13308,13308,3,3
2020-11-13 15:21:49.995,13307,13308,13308,1,1
2020-11-13 15:21:53.234,13307,13308,13308,2,2
2020-11-13 15:21:58.565,13308,13309,13309,5,5
2020-11-13 15:21:58.850,13308,13309,13309,1,1
2020-11-13 15:22:02.365,13308,13309,13309,1,1
2020-11-13 15:22:04.028,13308,13309,13309,2,2
2020-11-13 15:22:05.325,13308,13309,13309,1,1
2020-11-13 15:22:07.529,13308,13309,13309,2,2
2020-11-13 15:22:08.039,13308,13309,13309,2,2
2020-11-13 15:22:08.039,13308,13309,13309,1,1
2020-11-13 15:22:08.390,13309,13310,13310,1,1
2020-11-13 15:22:08.698,13309,13310,13309,2,-2
2020-11-13 15:22:11.792,13309,13310,13310,1,1
2020-11-13 15:22:13.097,13309,13310,13309,1,-1
2020-11-13 15:22:13.592,13309,13310,13309,1,-1
2020-11-13 15:22:15.099,13309,13310,13310,1,1
2020-11-13 15:22:15.166,13309,13310,13310,1,1
2020-11-13 15:22:17.371,13309,13310,13310,1,1
2020-11-13 15:22:17.432,13309,13310,13309,1,-1
2020-11-13 15:22:18.107,13309,13310,13310,2,2
2020-11-13 15:22:18.437,13309,13310,13310,1,1
2020-11-13 15:22:18.675,13309,13310,13309,8,-8
2020-11-13 15:22:18.675,13309,13310,13309,3,-3
2020-11-13 15:22:20.149,13309,13310,13310,1,1
2020-11-13 15:22:21.281,13309,13310,13310,1,1
2020-11-13 15:22:22.392,13309,13310,13310,1,1
2020-11-13 15:22:28.772,13309,13310,13310,1,1
2020-11-13 15:22:29.816,13309,13310,13309,1,-1
2020-11-13 15:22:29.970,13309,13310,13310,1,1
2020-11-13 15:22:30.544,13309,13310,13310,1,1
2020-11-13 15:22:30.545,13309,13310,13310,24,24
2020-11-13 15:22:31.340,13310,13311,13311,5,5
2020-11-13 15:22:31.416,13310,13311,13311,3,3
2020-11-13 15:22:31.656,13310,13311,13311,6,6
2020-11-13 15:22:31.656,13310,13311,13311,2,2
2020-11-13 15:22:33.347,13311,13312,13312,12,12
2020-11-13 15:22:33.455,13311,13312,13311,5,-5
2020-11-13 15:22:34.467,13311,13312,13312,4,4
2020-11-13 15:22:35.970,13311,13312,13311,1,-1
2020-11-13 15:22:36.098,13311,13312,13312,1,1
2020-11-13 15:22:36.551,13311,13312,13311,1,-1
2020-11-13 15:22:37.863,13311,13312,13311,4,-4
2020-11-13 15:22:39.086,13310,13311,13311,1,1
2020-11-13 15:22:42.672,13310,13311,13311,5,5
2020-11-13 15:22:47.667,13310,13311,13311,1,1
2020-11-13 15:22:48.285,13310,13311,13311,1,1
2020-11-13 15:22:48.822,13310,13311,13310,1,-1
2020-11-13 15:22:49.981,13310,13311,13311,1,1
2020-11-13 15:22:52.529,13310,13311,13311,1,1
2020-11-13 15:22:54.453,13310,13311,13310,10,-10
2020-11-13 15:22:54.844,13309,13310,13310,4,4
2020-11-13 15:23:02.102,13310,13311,13310,5,-5
2020-11-13 15:23:02.219,13310,13311,13310,1,-1
2020-11-13 15:23:03.935,13310,13311,13311,1,1
2020-11-13 15:23:05.873,13310,13311,13311,1,1
2020-11-13 15:23:07.994,13310,13311,13310,1,-1
2020-11-13 15:23:08.302,13310,13311,13310,1,-1
2020-11-13 15:23:08.739,13310,13311,13311,1,1
2020-11-13 15:23:09.097,13310,13311,13311,1,1
2020-11-13 15:23:09.229,13310,13311,13311,3,3
2020-11-13 15:23:14.249,13310,13311,13310,1,-1
2020-11-13 15:23:14.250,13310,13311,13310,6,-6
2020-11-13 15:23:14.250,13310,13311,13310,10,-10
2020-11-13 15:23:15.045,13309,13310,13309,1,-1
2020-11-13 15:23:17.720,13309,13310,13310,1,1
2020-11-13 15:23:20.346,13309,13310,13310,1,1
2020-11-13 15:23:20.827,13309,13310,13309,1,-1
2020-11-13 15:23:20.859,13309,13310,13310,1,1
2020-11-13 15:23:23.688,13309,13310,13309,1,-1
2020-11-13 15:23:23.694,13309,13310,13309,1,-1
2020-11-13 15:23:25.359,13308,13309,13309,1,1
2020-11-13 15:23:49.044,13308,13309,13308,5,-5
2020-11-13 15:23:49.044,13308,13309,13308,2,-2
2020-11-13 15:23:49.172,13307,13309,13309,1,1
2020-11-13 15:23:49.902,13307,13309,13309,1,1
2020-11-13 15:23:51.105,13308,13309,13308,1,-1
2020-11-13 15:23:52.548,13308,13309,13309,3,3
2020-11-13 15:23:52.548,13308,13309,13309,7,7
2020-11-13 15:23:52.549,13308,13309,13310,8,8
2020-11-13 15:23:56.175,13310,13311,13310,3,-3
2020-11-13 15:23:58.461,13310,13311,13311,1,1
2020-11-13 15:23:59.786,13310,13311,13311,1,1
2020-11-13 15:24:00.257,13310,13311,13310,1,-1
2020-11-13 15:24:00.526,13310,13311,13311,1,1
2020-11-13 15:24:00.932,13310,13311,13311,2,2
2020-11-13 15:24:00.997,13310,13311,13311,1,1
2020-11-13 15:24:00.999,13310,13311,13312,1,1
2020-11-13 15:24:02.324,13311,13312,13312,2,2
2020-11-13 15:24:02.576,13311,13312,13312,1,1
2020-11-13 15:24:02.682,13311,13312,13312,1,1
2020-11-13 15:24:02.702,13311,13312,13312,2,2
2020-11-13 15:24:02.702,13311,13312,13312,6,6
2020-11-13 15:24:02.706,13311,13312,13313,3,3
2020-11-13 15:24:02.897,13312,13313,13313,1,1
2020-11-13 15:24:02.900,13312,13313,13313,2,2
2020-11-13 15:24:03.026,13312,13313,13313,6,6
2020-11-13 15:24:03.026,13312,13313,13313,6,6
2020-11-13 15:24:04.840,13313,13314,13314,1,1
2020-11-13 15:24:05.099,13313,13314,13314,3,3
2020-11-13 15:24:05.258,13313,13314,13313,1,-1
2020-11-13 15:24:05.371,13313,13314,13314,3,3
2020-11-13 15:24:05.400,13313,13314,13314,1,1
2020-11-13 15:24:05.414,13313,13314,13314,1,1
2020-11-13 15:24:05.471,13314,13315,13314,1,-1
2020-11-13 15:24:05.542,13314,13315,13315,1,1
2020-11-13 15:24:05.550,13314,13315,13315,1,1
2020-11-13 15:24:05.571,13313,13315,13315,1,1
2020-11-13 15:24:05.622,13313,13315,13315,6,6
2020-11-13 15:24:05.679,13313,13315,13314,1,-1
2020-11-13 15:24:06.482,13314,13315,13314,1,-1
2020-11-13 15:24:09.604,13312,13314,13312,1,-1
2020-11-13 15:24:10.026,13312,13314,13314,1,1
2020-11-13 15:24:11.127,13312,13314,13314,1,1
2020-11-13 15:24:11.655,13312,13314,13314,1,1
2020-11-13 15:24:13.172,13312,13313,13313,4,4
2020-11-13 15:24:15.256,13312,13313,13313,1,1
2020-11-13 15:24:17.588,13312,13313,13313,1,1
2020-11-13 15:24:21.497,13312,13313,13313,1,1
2020-11-13 15:24:22.273,13312,13313,13312,1,-1
2020-11-13 15:24:23.799,13312,13313,13313,3,3
2020-11-13 15:24:28.150,13312,13313,13313,1,1
2020-11-13 15:24:28.201,13312,13313,13313,1,1
2020-11-13 15:24:28.353,13312,13313,13313,10,10
2020-11-13 15:24:30.100,13312,13313,13313,1,1
2020-11-13 15:24:33.631,13313,13314,13314,1,1
2020-11-13 15:24:37.998,13313,13314,13313,1,-1
2020-11-13 15:24:40.784,13313,13314,13313,1,-1
2020-11-13 15:24:41.938,13313,13314,13314,5,5
2020-11-13 15:24:41.945,13313,13314,13314,4,4
2020-11-13 15:24:41.945,13313,13314,13314,1,1
2020-11-13 15:24:43.004,13314,13315,13314,3,-3
2020-11-13 15:24:48.064,13314,13315,13315,5,5
2020-11-13 15:24:50.174,13314,13315,13315,3,3
2020-11-13 15:24:50.353,13314,13315,13314,1,-1
2020-11-13 15:24:51.375,13314,13315,13314,3,-3
2020-11-13 15:24:51.605,13314,13315,13314,1,-1
2020-11-13 15:24:51.655,13314,13315,13314,1,-1
2020-11-13 15:24:52.089,13314,13315,13315,1,1
2020-11-13 15:24:52.096,13314,13315,13314,8,-8
2020-11-13 15:24:54.119,13313,13314,13314,2,2
2020-11-13 15:24:54.453,13313,13314,13314,5,5
2020-11-13 15:24:55.575,13314,13315,13314,1,-1
2020-11-13 15:24:59.872,13313,13314,13313,1,-1
2020-11-13 15:25:00.356,13313,13314,13314,2,2
2020-11-13 15:25:00.559,13313,13314,13314,1,1
2020-11-13 15:25:01.115,13313,13314,13314,1,1
2020-11-13 15:25:04.595,13313,13314,13314,1,1
2020-11-13 15:25:04.946,13313,13314,13314,1,1
2020-11-13 15:25:05.036,13313,13314,13315,2,2
2020-11-13 15:25:05.042,13313,13314,13315,1,1
2020-11-13 15:25:07.247,13314,13315,13314,2,-2
2020-11-13 15:25:10.217,13313,13314,13314,2,2
2020-11-13 15:25:10.565,13313,13314,13313,14,-14
2020-11-13 15:25:10.566,13313,13314,13313,4,-4
2020-11-13 15:25:11.983,13313,13314,13314,1,1
2020-11-13 15:25:16.917,13313,13314,13313,1,-1
2020-11-13 15:25:19.725,13312,13313,13313,1,1
2020-11-13 15:25:20.284,13312,13313,13312,9,-9
2020-11-13 15:25:20.284,13312,13313,13312,4,-4
2020-11-13 15:25:20.284,13312,13313,13312,12,-12
2020-11-13 15:25:21.379,13311,13312,13312,1,1
2020-11-13 15:25:23.681,13311,13312,13311,1,-1
2020-11-13 15:25:23.850,13310,13312,13310,1,-1
2020-11-13 15:25:23.888,13310,13312,13310,1,-1
2020-11-13 15:25:23.980,13310,13311,13310,1,-1
2020-11-13 15:25:24.098,13310,13311,13310,1,-1
2020-11-13 15:25:24.279,13310,13311,13310,1,-1
2020-11-13 15:25:24.569,13310,13311,13310,1,-1
2020-11-13 15:25:24.677,13310,13311,13310,1,-1
2020-11-13 15:25:26.271,13310,13311,13310,1,-1
2020-11-13 15:25:26.505,13310,13311,13310,1,-1
2020-11-13 15:25:26.637,13310,13311,13310,1,-1
2020-11-13 15:25:26.637,13310,13311,13309,1,-1
2020-11-13 15:25:26.735,13309,13311,13309,1,-1
2020-11-13 15:25:28.471,13310,13311,13310,1,1
2020-11-13 15:25:29.043,13310,13311,13310,1,-1
2020-11-13 15:25:30.753,13310,13311,13310,1,-1
2020-11-13 15:25:32.321,13310,13311,13310,4,-4
2020-11-13 15:25:33.195,13310,13311,13311,9,9
2020-11-13 15:25:34.576,13311,13312,13311,1,-1
2020-11-13 15:25:37.195,13311,13312,13312,1,1
2020-11-13 15:25:42.127,13312,13314,13314,2,2
2020-11-13 15:25:43.353,13312,13314,13312,3,-3
2020-11-13 15:25:50.017,13312,13313,13313,7,7
2020-11-13 15:25:50.017,13312,13313,13314,8,8
2020-11-13 15:25:51.456,13312,13313,13312,1,-1
2020-11-13 15:25:55.813,13312,13313,13312,1,-1
2020-11-13 15:25:58.216,13312,13313,13313,1,1
2020-11-13 15:26:00.332,13312,13313,13312,1,-1
2020-11-13 15:26:00.676,13312,13313,13313,1,1
2020-11-13 15:26:00.706,13312,13313,13313,2,2
2020-11-13 15:26:02.830,13312,13313,13312,1,-1
2020-11-13 15:26:03.841,13312,13313,13313,2,2
2020-11-13 15:26:03.841,13312,13313,13314,2,2
2020-11-13 15:26:03.867,13312,13313,13314,1,1
2020-11-13 15:26:06.284,13313,13314,13313,1,-1
2020-11-13 15:26:07.840,13313,13314,13313,1,-1
2020-11-13 15:26:11.412,13313,13314,13314,8,8
2020-11-13 15:26:11.412,13313,13314,13315,15,15
2020-11-13 15:26:12.123,13313,13314,13314,1,1
2020-11-13 15:26:16.206,13313,13314,13313,1,-1
2020-11-13 15:26:21.737,13312,13313,13313,1,1
2020-11-13 15:26:26.018,13312,13313,13312,2,-2
2020-11-13 15:26:30.316,13310,13311,13311,1,1
2020-11-13 15:26:30.316,13310,13311,13311,4,4
2020-11-13 15:26:30.317,13310,13311,13311,1,1
2020-11-13 15:26:40.323,13311,13312,13311,1,-1
2020-11-13 15:26:41.762,13310,13312,13312,1,1
2020-11-13 15:26:50.440,13311,13312,13312,7,7
2020-11-13 15:26:50.440,13311,13312,13312,1,1
2020-11-13 15:26:50.440,13311,13312,13312,3,3
2020-11-13 15:26:51.035,13312,13313,13313,1,1
2020-11-13 15:26:51.221,13312,13313,13312,1,-1
2020-11-13 15:26:52.736,13312,13313,13313,1,1
2020-11-13 15:26:58.324,13313,13314,13313,5,-5
2020-11-13 15:26:59.288,13313,13314,13313,1,-1
2020-11-13 15:27:01.743,13313,13314,13313,1,-1
2020-11-13 15:27:04.198,13313,13314,13313,1,-1
2020-11-13 15:27:04.324,13313,13314,13313,4,-4
2020-11-13 15:27:04.325,13313,13314,13313,2,-2
2020-11-13 15:27:04.437,13313,13314,13313,1,-1
2020-11-13 15:27:07.675,13312,13313,13312,1,-1
2020-11-13 15:27:07.675,13312,13313,13312,4,-4
2020-11-13 15:27:07.831,13311,13313,13313,1,1
2020-11-13 15:27:08.207,13311,13313,13311,1,-1
2020-11-13 15:27:09.864,13312,13313,13312,1,1
2020-11-13 15:27:18.376,13311,13312,13311,1,-1
2020-11-13 15:27:22.297,13311,13312,13311,4,-4
2020-11-13 15:27:31.958,13311,13312,13312,1,1
2020-11-13 15:27:32.335,13311,13312,13311,2,-2
2020-11-13 15:27:32.800,13311,13312,13311,1,-1
2020-11-13 15:27:33.954,13310,13311,13311,1,1
2020-11-13 15:27:42.205,13310,13311,13311,1,1
2020-11-13 15:27:47.125,13310,13311,13310,1,-1
2020-11-13 15:27:48.382,13310,13311,13310,5,-5
2020-11-13 15:27:49.029,13310,13311,13311,3,3
2020-11-13 15:27:56.817,13310,13311,13310,3,-3
2020-11-13 15:28:00.364,13310,13311,13310,1,-1
2020-11-13 15:28:00.677,13310,13311,13311,1,1
2020-11-13 15:28:01.141,13310,13311,13311,1,1
2020-11-13 15:28:01.671,13310,13311,13311,1,1
2020-11-13 15:28:01.671,13310,13311,13311,1,1
2020-11-13 15:28:01.710,13310,13311,13311,1,1
2020-11-13 15:28:01.833,13310,13311,13310,1,-1
2020-11-13 15:28:02.340,13310,13311,13311,1,1
2020-11-13 15:28:02.538,13310,13311,13311,1,1
2020-11-13 15:28:12.092,13310,13311,13311,1,1
2020-11-13 15:28:20.155,13310,13311,13311,2,2
2020-11-13 15:28:21.976,13310,13311,13311,1,1
2020-11-13 15:28:23.995,13310,13311,13311,1,1
2020-11-13 15:28:28.761,13310,13311,13310,5,-5
2020-11-13 15:28:28.761,13310,13311,13310,13,-13
2020-11-13 15:28:32.089,13309,13310,13310,1,1
2020-11-13 15:28:33.525,13309,13310,13310,2,2
2020-11-13 15:28:33.983,13310,13311,13310,1,-1
2020-11-13 15:28:34.152,13310,13311,13310,1,-1
2020-11-13 15:28:36.482,13309,13310,13309,1,-1
2020-11-13 15:28:41.829,13309,13310,13309,6,-6
2020-11-13 15:28:45.732,13308,13309,13308,1,-1
2020-11-13 15:28:46.321,13308,13309,13309,1,1
2020-11-13 15:28:51.715,13308,13309,13308,1,-1
2020-11-13 15:28:51.800,13308,13309,13308,3,-3
2020-11-13 15:28:55.259,13308,13309,13308,1,-1
2020-11-13 15:28:56.408,13308,13309,13308,2,-2
2020-11-13 15:28:58.104,13308,13309,13308,1,-1
2020-11-13 15:28:58.488,13307,13308,13308,1,1
2020-11-13 15:29:00.998,13307,13308,13308,1,1
2020-11-13 15:29:01.275,13307,13308,13308,1,1
2020-11-13 15:29:01.281,13307,13308,13308,4,4
2020-11-13 15:29:01.281,13307,13308,13308,1,1
2020-11-13 15:29:01.282,13307,13308,13308,1,1
2020-11-13 15:29:01.282,13307,13308,13308,2,2
2020-11-13 15:29:01.529,13308,13310,13308,1,-1
2020-11-13 15:29:05.653,13308,13309,13308,2,-2
2020-11-13 15:29:06.453,13308,13309,13309,1,1
2020-11-13 15:29:09.765,13308,13310,13308,13,-13
2020-11-13 15:29:09.766,13308,13310,13308,1,-1
2020-11-13 15:29:12.884,13307,13308,13307,1,-1
2020-11-13 15:29:14.516,13307,13308,13307,1,-1
2020-11-13 15:29:15.927,13307,13308,13307,2,-2
2020-11-13 15:29:20.953,13307,13308,13307,13,-13
2020-11-13 15:29:20.953,13307,13308,13306,20,-20
2020-11-13 15:29:21.115,13306,13307,13307,1,1
2020-11-13 15:29:23.194,13306,13307,13307,1,1
2020-11-13 15:29:23.378,13306,13307,13307,2,2
2020-11-13 15:29:23.518,13307,13308,13307,1,-1
2020-11-13 15:29:24.136,13306,13308,13306,5,-5
2020-11-13 15:29:27.140,13306,13307,13306,9,-9
2020-11-13 15:29:27.140,13306,13307,13306,1,-1
2020-11-13 15:29:28.621,13305,13306,13305,1,-1
2020-11-13 15:29:29.389,13305,13306,13305,1,-1
2020-11-13 15:29:29.542,13305,13306,13305,1,-1
2020-11-13 15:29:29.740,13305,13306,13305,1,-1
2020-11-13 15:29:29.857,13305,13306,13305,1,-1
2020-11-13 15:29:30.268,13305,13306,13305,1,-1
2020-11-13 15:29:31.964,13305,13306,13305,1,-1
2020-11-13 15:29:35.385,13305,13306,13305,2,-2
2020-11-13 15:29:35.905,13305,13306,13306,1,1
2020-11-13 15:29:35.952,13306,13307,13306,1,-1
2020-11-13 15:29:36.666,13305,13307,13305,10,-10
2020-11-13 15:29:38.687,13304,13305,13305,1,1
2020-11-13 15:29:40.072,13304,13305,13305,1,1
2020-11-13 15:29:42.436,13304,13305,13305,3,3
2020-11-13 15:29:42.436,13304,13305,13305,12,12
2020-11-13 15:29:42.436,13304,13305,13305,3,3
2020-11-13 15:29:42.436,13304,13305,13305,23,23
2020-11-13 15:29:42.939,13306,13307,13306,1,1
2020-11-13 15:29:57.000,13306,13307,13307,1,1
2020-11-13 15:29:59.176,13306,13307,13306,1,-1
2020-11-13 15:29:59.180,13306,13307,13305,4,-4
2020-11-13 15:30:00.416,13304,13305,13304,1,-1
2020-11-13 15:30:00.416,13304,13305,13304,1,-1
2020-11-13 15:30:00.416,13304,13305,13304,2,-2
2020-11-13 15:30:00.422,13304,13305,13303,5,-5
2020-11-13 15:30:00.490,13302,13303,13302,1,-1
2020-11-13 15:30:00.826,13302,13303,13303,2,2
2020-11-13 15:30:00.954,13302,13303,13303,1,1
2020-11-13 15:30:01.002,13302,13303,13303,1,1
2020-11-13 15:30:01.276,13302,13303,13303,3,3
2020-11-13 15:30:01.330,13303,13304,13303,3,-3
2020-11-13 15:30:01.385,13303,13304,13304,3,3
2020-11-13 15:30:01.475,13303,13304,13304,4,4
2020-11-13 15:30:01.780,13303,13305,13305,1,1
2020-11-13 15:30:02.217,13303,13305,13305,4,4
2020-11-13 15:30:02.467,13304,13305,13305,1,1
2020-11-13 15:30:03.355,13304,13305,13305,2,2
2020-11-13 15:30:04.189,13304,13306,13304,1,-1
2020-11-13 15:30:09.980,13304,13305,13304,4,-4
2020-11-13 15:30:11.281,13304,13305,13304,1,-1
2020-11-13 15:30:11.321,13304,13305,13305,1,1
2020-11-13 15:30:11.321,13304,13305,13305,1,1
2020-11-13 15:30:11.322,13304,13305,13305,1,1
2020-11-13 15:30:11.322,13304,13305,13305,1,1
2020-11-13 15:30:11.322,13304,13305,13305,1,1
2020-11-13 15:30:11.322,13304,13305,13305,1,1
2020-11-13 15:30:11.322,13304,13305,13305,1,1
2020-11-13 15:30:11.323,13304,13305,13305,2,2
2020-11-13 15:30:11.323,13304,13305,13306,1,1
2020-11-13 15:30:11.323,13304,13305,13306,1,1
2020-11-13 15:30:16.245,13303,13305,13305,1,1
2020-11-13 15:30:17.132,13303,13305,13303,8,-8
2020-11-13 15:30:17.196,13302,13303,13303,1,1
2020-11-13 15:30:17.196,13302,13303,13303,1,1
2020-11-13 15:30:18.465,13302,13303,13303,1,1
2020-11-13 15:30:19.012,13302,13304,13304,1,1
2020-11-13 15:30:19.044,13302,13304,13304,1,1
2020-11-13 15:30:20.823,13303,13304,13303,2,-2
2020-11-13 15:30:24.014,13303,13304,13304,1,1
2020-11-13 15:30:30.495,13303,13304,13304,1,1
2020-11-13 15:30:31.871,13303,13304,13303,1,-1
2020-11-13 15:30:33.273,13303,13304,13303,4,-4
2020-11-13 15:30:33.629,13302,13303,13303,1,1
2020-11-13 15:30:38.811,13302,13304,13304,2,2
2020-11-13 15:30:39.054,13303,13304,13303,1,-1
2020-11-13 15:30:50.953,13303,13304,13303,1,-1
2020-11-13 15:30:51.065,13303,13304,13304,2,2
2020-11-13 15:30:51.065,13303,13304,13304,2,2
2020-11-13 15:30:53.495,13304,13305,13305,1,1
2020-11-13 15:30:53.496,13304,13305,13305,2,2
2020-11-13 15:30:56.502,13305,13307,13305,1,-1
2020-11-13 15:31:02.954,13306,13307,13307,6,6
2020-11-13 15:31:02.954,13306,13307,13307,4,4
2020-11-13 15:31:08.013,13308,13310,13308,2,2
2020-11-13 15:31:10.167,13309,13310,13310,1,1
2020-11-13 15:31:10.196,13309,13310,13310,1,1
2020-11-13 15:31:10.196,13309,13310,13310,1,1
2020-11-13 15:31:10.357,13310,13311,13310,1,-1
2020-11-13 15:31:10.474,13310,13311,13310,1,-1
2020-11-13 15:31:11.045,13309,13310,13310,1,1
2020-11-13 15:31:12.848,13309,13310,13309,1,-1
2020-11-13 15:31:13.416,13309,13310,13309,2,-2
2020-11-13 15:31:13.417,13309,13310,13309,1,-1
2020-11-13 15:31:14.803,13308,13309,13309,1,1
2020-11-13 15:31:15.423,13308,13309,13309,1,1
2020-11-13 15:31:15.423,13308,13309,13310,1,1
2020-11-13 15:31:18.140,13309,13310,13309,1,-1
2020-11-13 15:31:19.829,13309,13310,13310,1,1
2020-11-13 15:31:21.667,13309,13310,13310,1,1
2020-11-13 15:31:21.916,13309,13310,13310,1,1
2020-11-13 15:31:22.142,13309,13310,13310,1,1
2020-11-13 15:31:22.263,13309,13310,13310,1,1
2020-11-13 15:31:22.416,13309,13310,13310,1,1
2020-11-13 15:31:22.578,13309,13310,13310,1,1
2020-11-13 15:31:22.669,13309,13310,13310,1,1
2020-11-13 15:31:22.788,13309,13310,13310,1,1
2020-11-13 15:31:23.822,13310,13311,13310,1,-1
2020-11-13 15:31:28.705,13310,13311,13311,1,1
2020-11-13 15:31:28.840,13311,13312,13312,2,2
2020-11-13 15:31:30.201,13311,13312,13312,11,11
2020-11-13 15:31:30.202,13311,13312,13312,4,4
2020-11-13 15:31:30.202,13311,13312,13312,5,5
2020-11-13 15:31:30.204,13311,13312,13313,8,8
2020-11-13 15:31:30.204,13311,13312,13313,1,1
2020-11-13 15:31:30.323,13313,13314,13314,18,18
2020-11-13 15:31:30.381,13313,13314,13315,1,1
2020-11-13 15:31:30.503,13314,13315,13315,2,2
2020-11-13 15:31:30.637,13314,13315,13315,1,1
2020-11-13 15:31:30.719,13314,13315,13315,1,1
2020-11-13 15:31:30.749,13314,13315,13314,4,-4
2020-11-13 15:31:30.752,13314,13315,13315,2,2
2020-11-13 15:31:30.790,13314,13315,13315,2,2
2020-11-13 15:31:30.796,13314,13315,13315,2,2
2020-11-13 15:31:30.800,13314,13315,13315,1,1
2020-11-13 15:31:30.808,13314,13315,13315,1,1
2020-11-13 15:31:30.811,13314,13315,13315,2,2
2020-11-13 15:31:30.820,13314,13315,13315,7,7
2020-11-13 15:31:30.914,13314,13315,13316,1,1
2020-11-13 15:31:30.973,13314,13316,13316,1,1
2020-11-13 15:31:30.975,13314,13316,13316,2,2
2020-11-13 15:31:30.979,13314,13316,13316,5,5
2020-11-13 15:31:30.981,13314,13316,13316,1,1
2020-11-13 15:31:30.997,13314,13316,13316,1,1
2020-11-13 15:31:31.025,13314,13316,13316,2,2
2020-11-13 15:31:31.026,13314,13316,13316,4,4
2020-11-13 15:31:31.029,13314,13316,13317,2,2
2020-11-13 15:31:31.055,13314,13316,13317,2,2
2020-11-13 15:31:31.063,13314,13316,13317,1,1
2020-11-13 15:31:31.079,13315,13317,13317,1,1
2020-11-13 15:31:31.083,13315,13317,13317,2,2
2020-11-13 15:31:31.089,13315,13317,13317,1,1
2020-11-13 15:31:31.105,13315,13317,13317,1,1
2020-11-13 15:31:31.111,13315,13317,13317,1,1
2020-11-13 15:31:31.114,13315,13317,13317,5,5
2020-11-13 15:31:31.115,13315,13317,13317,2,2
2020-11-13 15:31:31.122,13315,13317,13318,1,1
2020-11-13 15:31:31.126,13315,13317,13317,1,1
2020-11-13 15:31:31.134,13315,13317,13318,1,1
2020-11-13 15:31:31.142,13315,13317,13318,4,4
2020-11-13 15:31:31.175,13315,13317,13318,1,1
2020-11-13 15:31:31.176,13315,13317,13317,1,1
2020-11-13 15:31:31.217,13316,13317,13317,2,2
2020-11-13 15:31:31.284,13316,13317,13317,1,1
2020-11-13 15:31:31.288,13316,13317,13317,1,1
2020-11-13 15:31:31.298,13316,13317,13317,1,1
2020-11-13 15:31:31.298,13316,13317,13318,1,1
2020-11-13 15:31:31.298,13316,13317,13318,1,1
2020-11-13 15:31:31.324,13316,13318,13317,1,-1
2020-11-13 15:31:31.344,13316,13318,13317,1,-1
2020-11-13 15:31:31.345,13316,13318,13318,2,2
2020-11-13 15:31:31.352,13316,13318,13318,1,1
2020-11-13 15:31:31.358,13316,13318,13318,1,1
2020-11-13 15:31:31.362,13316,13318,13318,1,1
2020-11-13 15:31:31.370,13316,13318,13318,1,1
2020-11-13 15:31:31.394,13316,13318,13318,1,1
2020-11-13 15:31:31.394,13316,13318,13317,1,-1
2020-11-13 15:31:31.403,13316,13318,13318,1,1
2020-11-13 15:31:31.403,13316,13318,13318,1,1
2020-11-13 15:31:31.422,13316,13318,13318,1,1
2020-11-13 15:31:31.424,13316,13318,13318,1,1
2020-11-13 15:31:31.426,13316,13318,13318,1,1
2020-11-13 15:31:31.433,13316,13318,13318,1,1
2020-11-13 15:31:31.444,13316,13318,13318,1,1
2020-11-13 15:31:31.445,13317,13318,13318,1,1
2020-11-13 15:31:31.449,13317,13318,13318,1,1
2020-11-13 15:31:31.496,13317,13318,13318,8,8
2020-11-13 15:31:31.518,13317,13318,13319,1,1
2020-11-13 15:31:31.518,13317,13318,13319,1,1
2020-11-13 15:31:31.525,13317,13318,13319,1,1
2020-11-13 15:31:31.532,13317,13318,13319,4,4
2020-11-13 15:31:31.533,13317,13318,13319,1,1
2020-11-13 15:31:31.534,13317,13318,13319,1,1
2020-11-13 15:31:31.539,13317,13318,13319,1,1
2020-11-13 15:31:31.540,13317,13318,13319,1,1
2020-11-13 15:31:31.544,13317,13318,13319,1,1
2020-11-13 15:31:31.547,13317,13318,13318,1,1
2020-11-13 15:31:31.548,13317,13318,13319,1,1
2020-11-13 15:31:31.555,13317,13318,13319,1,1
2020-11-13 15:31:31.565,13317,13318,13319,1,1
2020-11-13 15:31:31.571,13317,13319,13318,1,-1
2020-11-13 15:31:31.575,13317,13319,13318,1,-1
2020-11-13 15:31:31.581,13317,13319,13318,2,-2
2020-11-13 15:31:31.586,13317,13319,13319,2,2
2020-11-13 15:31:31.591,13317,13319,13319,1,1
2020-11-13 15:31:31.592,13317,13319,13319,1,1
2020-11-13 15:31:31.592,13317,13319,13319,5,5
2020-11-13 15:31:31.592,13317,13319,13319,5,5
2020-11-13 15:31:31.593,13317,13319,13319,7,7
2020-11-13 15:31:31.593,13317,13319,13319,1,1
2020-11-13 15:31:31.593,13317,13319,13319,1,1
2020-11-13 15:31:31.594,13317,13319,13319,3,3
2020-11-13 15:31:31.597,13317,13319,13319,1,1
2020-11-13 15:31:31.598,13317,13319,13320,1,1
2020-11-13 15:31:31.606,13317,13319,13320,1,1
2020-11-13 15:31:31.612,13317,13319,13320,2,2
2020-11-13 15:31:31.612,13317,13319,13320,1,1
2020-11-13 15:31:31.622,13317,13319,13319,1,1
2020-11-13 15:31:31.624,13317,13319,13320,1,1
2020-11-13 15:31:31.627,13317,13319,13320,1,1
2020-11-13 15:31:31.627,13317,13319,13319,2,2
2020-11-13 15:31:31.669,13317,13319,13320,1,1
2020-11-13 15:31:31.671,13317,13319,13320,3,3
2020-11-13 15:31:31.672,13317,13319,13319,1,1
2020-11-13 15:31:31.674,13317,13319,13320,3,3
2020-11-13 15:31:31.678,13317,13319,13319,1,1
2020-11-13 15:31:31.678,13317,13319,13320,1,1
2020-11-13 15:31:31.682,13317,13319,13320,1,1
2020-11-13 15:31:31.688,13317,13319,13320,3,3
2020-11-13 15:31:31.695,13319,13320,13320,2,2
2020-11-13 15:31:31.697,13319,13320,13319,1,-1
2020-11-13 15:31:31.698,13319,13320,13320,1,1
2020-11-13 15:31:31.715,13319,13320,13320,2,2
2020-11-13 15:31:31.716,13319,13320,13320,1,1
2020-11-13 15:31:31.740,13319,13320,13320,1,1
2020-11-13 15:31:31.742,13319,13320,13320,3,3
2020-11-13 15:31:31.754,13319,13320,13319,1,-1
2020-11-13 15:31:31.755,13319,13320,13320,2,2
2020-11-13 15:31:31.764,13319,13320,13320,1,1
2020-11-13 15:31:31.766,13319,13320,13320,1,1
2020-11-13 15:31:31.781,13319,13320,13320,2,2
2020-11-13 15:31:31.784,13319,13320,13319,1,-1
2020-11-13 15:31:31.784,13319,13320,13319,1,-1
2020-11-13 15:31:31.801,13319,13320,13320,1,1
2020-11-13 15:31:31.804,13319,13320,13319,1,-1
2020-11-13 15:31:31.809,13319,13320,13320,1,1
2020-11-13 15:31:31.809,13319,13320,13320,1,1
2020-11-13 15:31:31.809,13319,13320,13320,1,1
2020-11-13 15:31:31.810,13319,13320,13320,1,1
2020-11-13 15:31:31.821,13319,13320,13319,1,-1
2020-11-13 15:31:31.823,13319,13320,13320,1,1
2020-11-13 15:31:31.828,13319,13320,13320,1,1
2020-11-13 15:31:31.832,13319,13320,13320,1,1
2020-11-13 15:31:31.857,13319,13320,13320,1,1
2020-11-13 15:31:31.873,13319,13320,13320,3,3
2020-11-13 15:31:31.873,13319,13320,13320,1,1
2020-11-13 15:31:31.876,13319,13320,13320,1,1
2020-11-13 15:31:31.885,13319,13320,13320,1,1
2020-11-13 15:31:31.894,13319,13320,13320,1,1
2020-11-13 15:31:31.894,13319,13320,13320,14,14
2020-11-13 15:31:31.894,13319,13320,13320,4,4
2020-11-13 15:31:31.895,13319,13320,13320,3,3
2020-11-13 15:31:31.936,13319,13320,13321,1,1
2020-11-13 15:31:31.936,13319,13320,13321,1,1
2020-11-13 15:31:31.943,13319,13320,13321,1,1
2020-11-13 15:31:31.962,13320,13321,13321,2,2
2020-11-13 15:31:31.974,13320,13321,13321,4,4
2020-11-13 15:31:31.992,13320,13321,13321,2,2
2020-11-13 15:31:32.001,13320,13321,13321,1,1
2020-11-13 15:31:32.033,13320,13321,13321,1,1
2020-11-13 15:31:32.053,13320,13321,13321,1,1
2020-11-13 15:31:32.059,13320,13321,13320,1,-1
2020-11-13 15:31:32.094,13320,13321,13321,1,1
2020-11-13 15:31:32.237,13320,13321,13321,2,2
2020-11-13 15:31:32.248,13320,13321,13321,1,1
2020-11-13 15:31:32.265,13320,13321,13321,1,1
2020-11-13 15:31:32.294,13320,13321,13321,1,1
2020-11-13 15:31:32.312,13320,13321,13321,2,2
2020-11-13 15:31:32.398,13320,13322,13322,1,1
2020-11-13 15:31:32.438,13320,13322,13322,4,4
2020-11-13 15:31:32.439,13320,13322,13322,1,1
2020-11-13 15:31:32.439,13320,13322,13322,1,1
2020-11-13 15:31:32.479,13320,13322,13322,1,1
2020-11-13 15:31:32.485,13320,13322,13322,1,1
2020-11-13 15:31:32.498,13320,13322,13321,1,-1
2020-11-13 15:31:32.505,13320,13322,13322,1,1
2020-11-13 15:31:32.527,13320,13322,13322,2,2
2020-11-13 15:31:32.592,13321,13322,13322,1,1
2020-11-13 15:31:32.688,13321,13322,13322,1,1
2020-11-13 15:31:32.902,13321,13322,13321,1,-1
2020-11-13 15:31:32.902,13321,13322,13321,1,-1
2020-11-13 15:31:32.902,13321,13322,13321,1,-1
2020-11-13 15:31:32.906,13321,13322,13320,1,-1
2020-11-13 15:31:32.992,13319,13321,13319,1,-1
2020-11-13 15:31:32.997,13319,13321,13319,2,-2
2020-11-13 15:31:32.997,13319,13321,13319,2,-2
2020-11-13 15:31:32.997,13319,13321,13320,2,2
2020-11-13 15:31:33.074,13318,13319,13318,1,-1
2020-11-13 15:31:33.157,13318,13319,13319,1,1
2020-11-13 15:31:33.158,13318,13319,13319,2,2
2020-11-13 15:31:33.233,13318,13319,13318,1,-1
2020-11-13 15:31:33.234,13318,13319,13318,1,-1
2020-11-13 15:31:33.235,13318,13319,13318,1,-1
2020-11-13 15:31:33.335,13317,13318,13318,1,1
2020-11-13 15:31:33.337,13317,13318,13318,1,1
2020-11-13 15:31:33.346,13317,13318,13318,1,1
2020-11-13 15:31:33.459,13317,13318,13318,2,2
2020-11-13 15:31:33.475,13317,13318,13317,1,-1
2020-11-13 15:31:33.533,13317,13318,13317,1,-1
2020-11-13 15:31:33.746,13316,13317,13317,2,2
2020-11-13 15:31:33.769,13316,13317,13318,2,2
2020-11-13 15:31:33.866,13316,13318,13318,3,3
2020-11-13 15:31:34.122,13317,13319,13319,1,1
2020-11-13 15:31:35.005,13316,13318,13318,1,1
2020-11-13 15:31:35.083,13316,13318,13316,1,-1
2020-11-13 15:31:35.195,13315,13316,13316,2,2
2020-11-13 15:31:35.549,13315,13317,13316,2,-2
2020-11-13 15:31:38.911,13315,13316,13315,1,-1
2020-11-13 15:31:39.069,13314,13315,13315,5,5
2020-11-13 15:31:41.194,13314,13315,13315,2,2
2020-11-13 15:31:42.798,13314,13315,13315,1,1
2020-11-13 15:31:43.414,13314,13315,13315,5,5
2020-11-13 15:31:44.784,13315,13316,13315,2,-2
2020-11-13 15:31:46.110,13315,13316,13315,2,-2
2020-11-13 15:31:46.113,13315,13316,13315,1,-1
2020-11-13 15:31:46.860,13315,13316,13316,1,1
2020-11-13 15:31:46.860,13315,13316,13316,2,2
2020-11-13 15:31:46.860,13315,13316,13316,4,4
2020-11-13 15:31:46.860,13315,13316,13316,2,2
2020-11-13 15:31:46.861,13315,13316,13316,2,2
2020-11-13 15:31:46.861,13315,13316,13316,1,1
2020-11-13 15:31:48.195,13315,13316,13315,1,-1
2020-11-13 15:31:48.323,13315,13316,13316,1,1
2020-11-13 15:31:50.755,13315,13316,13316,2,2
2020-11-13 15:31:51.637,13315,13316,13315,1,-1
2020-11-13 15:31:51.805,13315,13316,13315,3,-3
