2019-09-11 15:00:00.045,10775,10776,10775,41
2019-09-11 15:00:00.401,10774,10775,10775,1
2019-09-11 15:00:00.449,10774,10775,10774,4
2019-09-11 15:00:00.450,10774,10775,10774,4
2019-09-11 15:00:00.508,10774,10775,10775,1
2019-09-11 15:00:00.701,10775,10776,10775,1
2019-09-11 15:00:00.709,10775,10776,10775,1
2019-09-11 15:00:00.855,10775,10776,10775,1
2019-09-11 15:00:00.890,10775,10776,10775,1
2019-09-11 15:00:01.109,10775,10776,10775,1
2019-09-11 15:00:01.545,10775,10776,10776,2
2019-09-11 15:00:01.599,10775,10776,10776,1
2019-09-11 15:00:01.690,10775,10776,10776,1
2019-09-11 15:00:01.703,10775,10776,10775,2
2019-09-11 15:00:03.575,10774,10775,10775,1
2019-09-11 15:00:05.358,10774,10775,10774,9
2019-09-11 15:00:05.363,10774,10775,10774,4
2019-09-11 15:00:05.438,10774,10775,10774,4
2019-09-11 15:00:06.230,10773,10775,10775,1
2019-09-11 15:00:09.130,10773,10774,10774,2
2019-09-11 15:00:10.294,10773,10774,10773,5
2019-09-11 15:00:10.422,10773,10774,10773,2
2019-09-11 15:00:15.407,10773,10774,10774,3
2019-09-11 15:00:16.839,10773,10774,10773,3
2019-09-11 15:00:18.172,10773,10774,10774,1
2019-09-11 15:00:19.601,10773,10774,10774,4
2019-09-11 15:00:19.621,10773,10774,10774,5
2019-09-11 15:00:21.459,10773,10774,10773,9
2019-09-11 15:00:22.427,10772,10773,10773,1
2019-09-11 15:00:23.154,10772,10773,10773,1
2019-09-11 15:00:24.791,10772,10773,10773,1
2019-09-11 15:00:25.874,10772,10773,10773,1
2019-09-11 15:00:26.005,10772,10773,10772,2
2019-09-11 15:00:28.595,10772,10773,10772,3
2019-09-11 15:00:29.446,10772,10773,10773,5
2019-09-11 15:00:29.576,10772,10773,10773,1
2019-09-11 15:00:31.319,10772,10773,10773,5
2019-09-11 15:00:31.321,10772,10773,10773,2
2019-09-11 15:00:31.323,10772,10773,10773,2
2019-09-11 15:00:31.325,10772,10773,10773,2
2019-09-11 15:00:31.458,10773,10774,10773,9
2019-09-11 15:00:31.834,10773,10774,10773,1
2019-09-11 15:00:36.545,10772,10773,10773,6
2019-09-11 15:00:36.563,10772,10773,10773,7
2019-09-11 15:00:39.807,10773,10774,10774,3
2019-09-11 15:00:39.828,10773,10774,10774,2
2019-09-11 15:00:39.883,10773,10774,10774,2
2019-09-11 15:00:39.914,10773,10774,10774,2
2019-09-11 15:00:41.836,10773,10774,10774,3
2019-09-11 15:00:42.059,10774,10775,10774,5
2019-09-11 15:00:44.606,10774,10775,10775,1
2019-09-11 15:00:45.534,10774,10775,10774,1
2019-09-11 15:00:45.550,10774,10775,10774,2
2019-09-11 15:00:45.564,10774,10775,10774,3
2019-09-11 15:00:46.334,10774,10775,10774,2
2019-09-11 15:00:48.936,10773,10774,10774,2
2019-09-11 15:00:49.061,10773,10774,10774,1
2019-09-11 15:00:56.970,10774,10775,10774,1
2019-09-11 15:00:57.522,10774,10775,10774,5
2019-09-11 15:00:58.758,10774,10775,10775,2
2019-09-11 15:00:59.137,10774,10775,10774,1
2019-09-11 15:01:01.329,10774,10775,10775,2
2019-09-11 15:01:01.329,10774,10775,10775,5
2019-09-11 15:01:03.740,10775,10776,10775,1
2019-09-11 15:01:06.292,10775,10776,10775,2
2019-09-11 15:01:08.172,10774,10775,10775,1
2019-09-11 15:01:13.344,10774,10775,10775,2
2019-09-11 15:01:19.611,10774,10775,10775,1
2019-09-11 15:01:23.550,10774,10775,10774,2
2019-09-11 15:01:28.280,10774,10775,10774,1
2019-09-11 15:01:31.050,10774,10775,10774,3
2019-09-11 15:01:36.218,10773,10774,10774,1
2019-09-11 15:01:44.326,10773,10774,10774,2
2019-09-11 15:01:46.206,10774,10775,10774,2
2019-09-11 15:01:46.344,10774,10775,10775,1
2019-09-11 15:01:51.086,10774,10775,10775,1
2019-09-11 15:02:03.014,10774,10775,10775,5
2019-09-11 15:02:07.124,10774,10775,10774,1
2019-09-11 15:02:11.465,10774,10775,10774,6
2019-09-11 15:02:25.303,10773,10774,10773,13
2019-09-11 15:02:25.304,10773,10774,10773,2
2019-09-11 15:02:25.313,10773,10774,10773,7
2019-09-11 15:02:30.730,10772,10773,10773,1
2019-09-11 15:02:35.512,10772,10773,10773,1
2019-09-11 15:02:39.076,10772,10773,10773,2
2019-09-11 15:02:42.181,10772,10773,10773,2
2019-09-11 15:02:49.584,10772,10773,10773,1
2019-09-11 15:02:55.808,10772,10773,10773,1
2019-09-11 15:02:58.935,10773,10774,10773,1
2019-09-11 15:03:11.860,10772,10773,10773,1
2019-09-11 15:03:13.051,10772,10773,10773,4
2019-09-11 15:03:13.051,10772,10773,10774,1
2019-09-11 15:03:17.378,10772,10773,10772,1
2019-09-11 15:03:26.668,10772,10773,10773,1
2019-09-11 15:03:37.058,10772,10773,10772,16
2019-09-11 15:03:37.114,10771,10773,10771,1
2019-09-11 15:03:37.126,10771,10773,10771,2
2019-09-11 15:03:40.308,10771,10772,10771,2
2019-09-11 15:03:44.059,10771,10772,10771,1
2019-09-11 15:03:46.300,10770,10771,10771,1
2019-09-11 15:03:50.942,10770,10771,10771,1
2019-09-11 15:03:55.875,10770,10771,10771,12
2019-09-11 15:03:56.410,10771,10772,10771,1
2019-09-11 15:03:58.565,10771,10772,10771,1
2019-09-11 15:03:58.567,10771,10772,10771,5
2019-09-11 15:04:00.575,10771,10772,10772,3
2019-09-11 15:04:03.383,10772,10773,10772,1
2019-09-11 15:04:11.926,10772,10773,10772,1
2019-09-11 15:04:14.172,10771,10772,10771,1
2019-09-11 15:04:15.454,10771,10772,10771,4
2019-09-11 15:04:17.262,10770,10771,10771,1
2019-09-11 15:04:19.023,10770,10771,10771,1
2019-09-11 15:04:21.455,10770,10771,10770,35
2019-09-11 15:04:21.777,10769,10770,10769,2
2019-09-11 15:04:21.980,10769,10770,10769,1
2019-09-11 15:04:21.989,10769,10770,10769,2
2019-09-11 15:04:21.998,10769,10770,10769,2
2019-09-11 15:04:22.000,10769,10770,10769,2
2019-09-11 15:04:22.032,10769,10770,10769,1
2019-09-11 15:04:22.063,10769,10770,10769,2
2019-09-11 15:04:22.781,10768,10769,10769,1
2019-09-11 15:04:22.782,10768,10769,10769,1
2019-09-11 15:04:22.869,10769,10770,10770,1
2019-09-11 15:04:23.012,10769,10770,10770,1
2019-09-11 15:04:29.484,10769,10770,10770,1
2019-09-11 15:04:31.332,10769,10771,10769,1
2019-09-11 15:04:31.333,10769,10771,10769,1
2019-09-11 15:04:32.197,10769,10770,10769,2
2019-09-11 15:04:32.769,10769,10770,10770,1
2019-09-11 15:04:35.232,10769,10770,10770,1
2019-09-11 15:04:39.053,10769,10770,10769,1
2019-09-11 15:04:46.480,10769,10770,10769,1
2019-09-11 15:04:49.081,10769,10770,10769,1
2019-09-11 15:04:49.238,10769,10770,10769,1
2019-09-11 15:04:50.340,10769,10770,10770,2
2019-09-11 15:04:53.087,10769,10770,10769,1
2019-09-11 15:04:53.237,10769,10770,10769,1
2019-09-11 15:04:53.378,10769,10770,10769,1
2019-09-11 15:05:07.101,10769,10770,10769,1
2019-09-11 15:05:07.188,10769,10770,10769,5
2019-09-11 15:05:07.208,10769,10770,10769,1
2019-09-11 15:05:07.313,10769,10770,10769,1
2019-09-11 15:05:07.632,10768,10769,10768,2
2019-09-11 15:05:07.715,10768,10769,10768,2
2019-09-11 15:05:09.268,10768,10769,10768,1
2019-09-11 15:05:11.318,10768,10769,10769,1
2019-09-11 15:05:12.740,10768,10769,10768,1
2019-09-11 15:05:12.775,10768,10769,10768,1
2019-09-11 15:05:12.908,10768,10769,10768,1
2019-09-11 15:05:13.667,10768,10769,10768,1
2019-09-11 15:05:15.374,10768,10769,10768,1
2019-09-11 15:05:15.448,10768,10769,10768,22
2019-09-11 15:05:17.048,10767,10768,10768,1
2019-09-11 15:05:18.552,10767,10768,10767,17
2019-09-11 15:05:19.424,10766,10767,10767,1
2019-09-11 15:05:20.984,10766,10767,10767,3
2019-09-11 15:05:21.222,10766,10767,10767,1
2019-09-11 15:05:22.344,10766,10767,10767,1
2019-09-11 15:05:22.731,10766,10767,10767,1
2019-09-11 15:05:23.659,10766,10767,10766,16
2019-09-11 15:05:23.729,10766,10767,10766,8
2019-09-11 15:05:24.502,10766,10767,10766,1
2019-09-11 15:05:24.651,10766,10767,10767,3
2019-09-11 15:05:24.658,10766,10767,10766,1
2019-09-11 15:05:24.792,10766,10767,10766,1
2019-09-11 15:05:25.306,10766,10767,10767,1
2019-09-11 15:05:25.586,10766,10767,10767,1
2019-09-11 15:05:26.563,10766,10767,10767,1
2019-09-11 15:05:27.896,10766,10767,10766,1
2019-09-11 15:05:28.811,10766,10767,10766,1
2019-09-11 15:05:29.550,10766,10767,10766,1
2019-09-11 15:05:30.455,10766,10767,10767,1
2019-09-11 15:05:31.472,10766,10767,10766,1
2019-09-11 15:05:32.226,10766,10767,10767,1
2019-09-11 15:05:34.248,10766,10767,10767,2
2019-09-11 15:05:34.313,10766,10767,10767,2
2019-09-11 15:05:36.129,10766,10767,10767,1
2019-09-11 15:05:42.536,10767,10768,10767,1
2019-09-11 15:05:45.217,10767,10768,10768,8
2019-09-11 15:05:49.724,10767,10768,10768,1
2019-09-11 15:05:49.724,10767,10768,10768,2
2019-09-11 15:05:49.724,10767,10768,10768,1
2019-09-11 15:05:49.724,10767,10768,10768,1
2019-09-11 15:05:49.900,10768,10769,10769,1
2019-09-11 15:05:50.571,10768,10769,10769,17
2019-09-11 15:05:52.616,10768,10769,10769,1
2019-09-11 15:05:52.990,10769,10770,10769,1
2019-09-11 15:05:57.189,10769,10770,10770,19
2019-09-11 15:05:59.612,10769,10770,10770,1
2019-09-11 15:06:03.380,10770,10771,10771,1
2019-09-11 15:06:05.118,10771,10772,10772,1
2019-09-11 15:06:10.818,10771,10772,10771,2
2019-09-11 15:06:13.818,10771,10772,10771,1
2019-09-11 15:06:17.559,10771,10772,10771,1
2019-09-11 15:06:20.654,10771,10772,10771,2
2019-09-11 15:06:27.887,10771,10772,10771,2
2019-09-11 15:06:27.887,10771,10772,10771,2
2019-09-11 15:06:27.887,10771,10772,10771,1
2019-09-11 15:06:30.864,10770,10771,10771,2
2019-09-11 15:06:33.200,10770,10771,10771,1
2019-09-11 15:06:35.291,10770,10771,10771,1
2019-09-11 15:06:37.518,10770,10771,10771,1
2019-09-11 15:06:43.654,10770,10771,10771,1
2019-09-11 15:06:45.563,10770,10771,10770,1
2019-09-11 15:06:47.981,10770,10771,10771,1
2019-09-11 15:06:50.082,10770,10771,10770,2
2019-09-11 15:06:52.556,10769,10770,10770,1
2019-09-11 15:06:56.517,10769,10770,10770,1
2019-09-11 15:07:05.949,10769,10770,10770,1
2019-09-11 15:07:08.922,10769,10770,10770,2
2019-09-11 15:07:17.793,10769,10770,10770,1
2019-09-11 15:07:19.002,10769,10770,10770,2
2019-09-11 15:07:19.003,10769,10770,10770,2
2019-09-11 15:07:19.613,10770,10771,10771,2
2019-09-11 15:07:23.052,10770,10771,10771,16
2019-09-11 15:07:26.472,10769,10770,10770,1
2019-09-11 15:07:38.561,10769,10770,10769,14
2019-09-11 15:07:39.477,10768,10769,10768,1
2019-09-11 15:07:39.515,10768,10769,10768,1
2019-09-11 15:07:41.484,10768,10769,10768,1
2019-09-11 15:08:00.218,10768,10769,10768,4
2019-09-11 15:08:07.663,10767,10768,10768,1
2019-09-11 15:08:09.319,10767,10768,10768,1
2019-09-11 15:08:18.843,10767,10769,10767,2
2019-09-11 15:08:29.461,10767,10769,10767,2
2019-09-11 15:08:30.671,10767,10769,10767,1
2019-09-11 15:08:31.666,10767,10769,10767,1
2019-09-11 15:08:32.478,10767,10769,10767,2
2019-09-11 15:08:36.638,10767,10768,10767,2
2019-09-11 15:08:38.303,10767,10768,10767,1
2019-09-11 15:08:39.727,10767,10768,10767,1
2019-09-11 15:08:41.900,10767,10768,10768,1
2019-09-11 15:08:46.816,10767,10768,10768,1
2019-09-11 15:08:49.733,10767,10768,10768,1
2019-09-11 15:08:51.158,10768,10769,10768,2
2019-09-11 15:08:53.695,10768,10769,10768,10
2019-09-11 15:08:53.870,10768,10769,10768,5
2019-09-11 15:08:59.579,10767,10768,10768,5
2019-09-11 15:09:22.423,10768,10769,10768,1
2019-09-11 15:09:22.616,10767,10769,10769,1
2019-09-11 15:09:27.598,10768,10769,10768,1
2019-09-11 15:09:30.456,10768,10769,10768,5
2019-09-11 15:09:32.305,10767,10768,10768,1
2019-09-11 15:09:34.026,10767,10768,10768,19
2019-09-11 15:09:35.696,10768,10769,10768,5
2019-09-11 15:09:39.027,10767,10768,10768,1
2019-09-11 15:09:42.990,10768,10769,10768,1
2019-09-11 15:09:50.458,10768,10769,10769,1
2019-09-11 15:09:56.048,10768,10769,10768,7
2019-09-11 15:10:00.639,10767,10768,10767,2
2019-09-11 15:10:10.757,10767,10769,10767,1
2019-09-11 15:10:14.113,10767,10769,10767,3
2019-09-11 15:10:27.110,10767,10768,10768,1
2019-09-11 15:10:27.675,10768,10769,10768,1
2019-09-11 15:10:32.783,10768,10769,10769,2
2019-09-11 15:10:41.141,10768,10769,10768,5
2019-09-11 15:10:52.124,10767,10768,10768,1
2019-09-11 15:10:59.906,10767,10768,10768,2
2019-09-11 15:10:59.907,10767,10768,10768,1
2019-09-11 15:10:59.907,10767,10768,10768,4
2019-09-11 15:10:59.907,10767,10768,10768,1
2019-09-11 15:11:01.270,10768,10769,10768,1
2019-09-11 15:11:02.268,10768,10769,10768,1
2019-09-11 15:11:07.051,10768,10769,10768,1
2019-09-11 15:11:20.797,10767,10768,10768,1
2019-09-11 15:11:31.096,10767,10768,10768,2
2019-09-11 15:11:31.385,10767,10768,10768,1
2019-09-11 15:11:33.092,10767,10768,10768,2
2019-09-11 15:11:42.183,10767,10768,10768,3
2019-09-11 15:11:47.408,10767,10768,10767,16
2019-09-11 15:11:49.129,10767,10768,10768,1
2019-09-11 15:11:52.381,10767,10768,10767,1
2019-09-11 15:11:59.482,10767,10768,10768,1
2019-09-11 15:12:15.286,10767,10768,10767,1
2019-09-11 15:12:15.746,10767,10768,10768,2
2019-09-11 15:12:15.848,10767,10768,10767,5
2019-09-11 15:12:15.848,10767,10768,10767,5
2019-09-11 15:12:25.107,10767,10768,10767,2
2019-09-11 15:12:40.919,10766,10767,10767,1
2019-09-11 15:12:46.807,10766,10767,10766,4
2019-09-11 15:12:48.683,10766,10767,10767,1
2019-09-11 15:12:49.620,10766,10767,10766,5
2019-09-11 15:12:49.688,10766,10767,10766,4
2019-09-11 15:12:49.688,10766,10767,10766,7
2019-09-11 15:12:49.688,10766,10767,10766,1
2019-09-11 15:12:49.688,10766,10767,10766,1
2019-09-11 15:12:49.688,10766,10767,10766,1
2019-09-11 15:12:57.400,10765,10766,10766,1
2019-09-11 15:12:57.670,10765,10766,10766,1
2019-09-11 15:12:59.374,10765,10766,10766,1
2019-09-11 15:13:04.812,10765,10766,10766,2
2019-09-11 15:13:06.819,10765,10766,10766,1
2019-09-11 15:13:09.491,10765,10766,10766,1
2019-09-11 15:13:09.792,10766,10767,10766,1
2019-09-11 15:13:11.544,10766,10767,10766,1
2019-09-11 15:13:24.806,10765,10766,10766,3
2019-09-11 15:13:30.313,10765,10766,10766,7
2019-09-11 15:13:31.045,10766,10767,10766,1
2019-09-11 15:13:31.540,10766,10767,10766,1
2019-09-11 15:13:37.669,10766,10767,10766,2
2019-09-11 15:13:38.820,10766,10767,10766,3
2019-09-11 15:13:39.267,10766,10767,10767,1
2019-09-11 15:13:42.279,10766,10767,10766,5
2019-09-11 15:13:44.944,10766,10767,10766,1
2019-09-11 15:13:49.158,10766,10767,10766,20
2019-09-11 15:13:49.700,10766,10767,10766,1
2019-09-11 15:13:52.394,10766,10767,10766,1
2019-09-11 15:13:53.495,10766,10767,10766,1
2019-09-11 15:13:54.078,10766,10767,10766,2
2019-09-11 15:13:57.638,10766,10767,10766,3
2019-09-11 15:14:11.395,10766,10767,10766,1
2019-09-11 15:14:12.712,10766,10767,10766,1
2019-09-11 15:14:12.854,10766,10767,10767,1
2019-09-11 15:14:15.016,10766,10767,10767,1
2019-09-11 15:14:16.042,10766,10767,10767,1
2019-09-11 15:14:16.764,10766,10767,10767,5
2019-09-11 15:14:21.929,10766,10767,10767,1
2019-09-11 15:14:24.746,10766,10767,10767,1
2019-09-11 15:14:26.866,10766,10767,10767,3
2019-09-11 15:14:27.164,10767,10768,10767,1
2019-09-11 15:14:27.668,10767,10768,10767,1
2019-09-11 15:14:34.667,10767,10768,10767,1
2019-09-11 15:14:38.965,10767,10768,10767,1
2019-09-11 15:14:43.168,10767,10768,10767,1
2019-09-11 15:14:53.977,10766,10767,10766,1
2019-09-11 15:14:55.895,10766,10767,10767,3
2019-09-11 15:14:56.164,10766,10768,10767,1
2019-09-11 15:14:56.416,10767,10768,10767,1
2019-09-11 15:15:01.980,10766,10767,10767,8
2019-09-11 15:15:14.596,10767,10768,10767,16
2019-09-11 15:15:14.759,10766,10768,10768,1
2019-09-11 15:15:16.711,10766,10767,10767,1
2019-09-11 15:15:27.937,10766,10767,10767,1
2019-09-11 15:15:39.366,10766,10767,10766,11
2019-09-11 15:15:39.438,10766,10767,10766,1
2019-09-11 15:15:41.731,10766,10767,10767,10
2019-09-11 15:15:54.843,10766,10767,10766,1
2019-09-11 15:15:55.663,10766,10767,10766,10
2019-09-11 15:16:04.373,10765,10766,10766,8
2019-09-11 15:16:05.921,10766,10767,10766,1
2019-09-11 15:16:15.704,10766,10767,10766,1
2019-09-11 15:16:22.324,10766,10767,10766,2
2019-09-11 15:16:29.184,10766,10767,10767,1
2019-09-11 15:16:38.405,10766,10767,10767,1
2019-09-11 15:16:46.754,10766,10767,10766,5
2019-09-11 15:16:47.592,10766,10767,10766,3
2019-09-11 15:16:48.474,10765,10766,10766,2
2019-09-11 15:16:49.723,10765,10766,10766,1
2019-09-11 15:16:51.625,10765,10766,10765,5
2019-09-11 15:16:51.812,10765,10766,10765,5
2019-09-11 15:16:52.856,10765,10766,10765,5
2019-09-11 15:16:53.100,10765,10766,10766,1
2019-09-11 15:16:54.592,10765,10766,10765,7
2019-09-11 15:16:54.688,10765,10766,10765,10
2019-09-11 15:16:54.688,10765,10766,10765,2
2019-09-11 15:16:54.688,10765,10766,10765,4
2019-09-11 15:16:54.703,10765,10766,10765,2
2019-09-11 15:16:54.717,10765,10766,10765,2
2019-09-11 15:16:54.796,10765,10766,10765,1
2019-09-11 15:16:54.813,10765,10766,10765,1
2019-09-11 15:16:57.164,10764,10765,10764,10
2019-09-11 15:16:57.314,10764,10765,10764,22
2019-09-11 15:16:57.314,10764,10765,10763,3
2019-09-11 15:16:57.488,10763,10764,10763,2
2019-09-11 15:16:57.606,10763,10764,10763,1
2019-09-11 15:16:57.635,10763,10764,10763,1
2019-09-11 15:16:57.644,10763,10764,10763,9
2019-09-11 15:16:57.644,10763,10764,10762,16
2019-09-11 15:16:57.688,10762,10764,10763,2
2019-09-11 15:16:57.747,10762,10764,10762,2
2019-09-11 15:16:57.984,10762,10763,10763,2
2019-09-11 15:16:59.944,10762,10763,10763,1
2019-09-11 15:17:02.373,10762,10763,10762,1
2019-09-11 15:17:03.873,10762,10763,10762,2
2019-09-11 15:17:04.139,10762,10763,10762,1
2019-09-11 15:17:04.524,10762,10763,10762,1
2019-09-11 15:17:08.904,10762,10763,10763,5
2019-09-11 15:17:08.938,10762,10763,10763,1
2019-09-11 15:17:11.969,10763,10764,10763,1
2019-09-11 15:17:14.112,10763,10764,10763,1
2019-09-11 15:17:18.244,10763,10764,10763,1
2019-09-11 15:17:20.682,10763,10764,10763,3
2019-09-11 15:17:26.361,10763,10764,10764,1
2019-09-11 15:17:26.855,10763,10764,10763,1
2019-09-11 15:17:29.445,10763,10764,10763,3
2019-09-11 15:17:32.056,10762,10763,10762,1
2019-09-11 15:17:32.578,10762,10763,10763,1
2019-09-11 15:17:34.066,10762,10763,10762,1
2019-09-11 15:17:35.958,10762,10763,10762,1
2019-09-11 15:17:38.728,10762,10763,10763,1
2019-09-11 15:17:39.951,10762,10763,10763,1
2019-09-11 15:17:40.070,10762,10763,10763,1
2019-09-11 15:17:40.546,10762,10763,10762,1
2019-09-11 15:17:42.938,10762,10763,10762,1
2019-09-11 15:17:45.281,10762,10763,10763,3
2019-09-11 15:17:45.449,10762,10763,10762,1
2019-09-11 15:17:53.150,10762,10763,10763,2
2019-09-11 15:17:53.660,10762,10763,10763,8
2019-09-11 15:17:53.660,10762,10763,10764,11
2019-09-11 15:17:57.072,10763,10764,10763,1
2019-09-11 15:18:00.438,10763,10764,10764,9
2019-09-11 15:18:06.563,10764,10765,10765,8
2019-09-11 15:18:11.440,10765,10766,10765,1
2019-09-11 15:18:15.336,10765,10766,10766,2
2019-09-11 15:18:19.677,10765,10766,10765,2
2019-09-11 15:18:44.513,10764,10765,10765,1
2019-09-11 15:18:50.265,10764,10765,10765,5
2019-09-11 15:18:51.197,10764,10765,10765,1
2019-09-11 15:18:52.819,10764,10765,10765,1
2019-09-11 15:18:52.938,10764,10765,10765,1
2019-09-11 15:18:58.366,10764,10765,10765,9
2019-09-11 15:19:06.062,10764,10765,10765,2
2019-09-11 15:19:24.011,10765,10766,10765,3
2019-09-11 15:19:24.063,10765,10766,10765,1
2019-09-11 15:19:25.784,10764,10766,10764,1
2019-09-11 15:19:34.990,10765,10766,10765,1
2019-09-11 15:19:39.396,10765,10766,10765,1
2019-09-11 15:19:46.591,10765,10766,10765,2
2019-09-11 15:19:58.919,10765,10766,10766,3
2019-09-11 15:19:59.559,10765,10766,10765,1
2019-09-11 15:20:12.611,10765,10766,10765,1
2019-09-11 15:20:13.592,10765,10766,10765,2
2019-09-11 15:20:17.663,10764,10765,10765,1
2019-09-11 15:20:18.564,10765,10766,10765,1
2019-09-11 15:20:22.987,10765,10766,10765,1
2019-09-11 15:20:26.256,10765,10766,10765,1
2019-09-11 15:20:29.804,10764,10765,10765,1
2019-09-11 15:20:30.689,10764,10765,10765,1
2019-09-11 15:20:31.847,10764,10765,10765,1
2019-09-11 15:20:36.424,10765,10766,10765,1
2019-09-11 15:20:37.993,10765,10766,10765,1
2019-09-11 15:20:39.438,10764,10765,10765,1
2019-09-11 15:20:46.133,10765,10766,10766,1
2019-09-11 15:20:47.338,10765,10766,10765,1
2019-09-11 15:21:01.891,10765,10766,10766,17
2019-09-11 15:21:10.907,10765,10767,10765,1
2019-09-11 15:21:52.444,10766,10767,10767,1
2019-09-11 15:21:56.486,10766,10767,10767,1
2019-09-11 15:21:59.560,10766,10767,10766,2
2019-09-11 15:21:59.615,10766,10767,10766,1
2019-09-11 15:21:59.672,10766,10767,10766,11
2019-09-11 15:22:02.241,10765,10766,10766,1
2019-09-11 15:22:11.463,10766,10767,10767,1
2019-09-11 15:22:14.565,10766,10767,10766,1
2019-09-11 15:22:21.642,10766,10767,10767,1
2019-09-11 15:22:21.645,10766,10767,10766,1
2019-09-11 15:22:24.536,10766,10767,10767,4
2019-09-11 15:22:31.128,10766,10767,10767,1
2019-09-11 15:22:34.656,10766,10767,10767,2
2019-09-11 15:22:34.664,10766,10767,10767,1
2019-09-11 15:22:36.256,10767,10768,10767,1
2019-09-11 15:23:01.842,10767,10768,10767,4
2019-09-11 15:23:04.871,10767,10768,10767,1
2019-09-11 15:23:20.622,10767,10768,10767,3
2019-09-11 15:23:29.324,10767,10768,10767,1
2019-09-11 15:23:30.584,10767,10768,10767,3
2019-09-11 15:23:38.472,10767,10768,10768,7
2019-09-11 15:23:38.563,10767,10768,10768,7
2019-09-11 15:23:43.376,10768,10769,10769,13
2019-09-11 15:23:44.686,10769,10770,10770,1
2019-09-11 15:23:48.697,10769,10770,10770,1
2019-09-11 15:23:50.119,10769,10770,10769,1
2019-09-11 15:23:50.877,10769,10770,10770,1
2019-09-11 15:23:50.878,10769,10770,10770,5
2019-09-11 15:23:50.884,10769,10770,10770,2
2019-09-11 15:23:50.901,10769,10770,10770,2
2019-09-11 15:23:50.938,10769,10770,10770,2
2019-09-11 15:23:50.980,10769,10770,10770,2
2019-09-11 15:23:50.982,10769,10770,10770,2
2019-09-11 15:23:50.984,10769,10770,10770,2
2019-09-11 15:23:50.986,10769,10770,10770,1
2019-09-11 15:23:50.991,10769,10770,10770,2
2019-09-11 15:23:51.021,10769,10770,10770,2
2019-09-11 15:23:51.064,10769,10770,10770,17
2019-09-11 15:23:53.806,10770,10771,10770,3
2019-09-11 15:23:53.808,10770,10771,10770,1
2019-09-11 15:23:53.808,10770,10771,10770,1
2019-09-11 15:23:53.808,10770,10771,10770,2
2019-09-11 15:23:53.808,10770,10771,10770,2
2019-09-11 15:23:53.808,10770,10771,10770,2
2019-09-11 15:23:54.213,10769,10770,10769,12
2019-09-11 15:23:56.818,10768,10769,10769,1
2019-09-11 15:23:59.461,10768,10769,10769,1
2019-09-11 15:24:02.482,10768,10769,10769,3
2019-09-11 15:24:11.136,10768,10769,10769,1
2019-09-11 15:24:13.300,10768,10769,10768,6
2019-09-11 15:24:37.209,10768,10769,10768,1
2019-09-11 15:24:43.324,10768,10769,10768,1
2019-09-11 15:24:56.104,10768,10769,10769,1
2019-09-11 15:25:02.655,10768,10769,10769,5
2019-09-11 15:25:17.360,10768,10769,10769,1
2019-09-11 15:25:17.438,10768,10769,10769,1
2019-09-11 15:25:20.805,10768,10769,10769,1
2019-09-11 15:25:42.213,10769,10770,10769,1
2019-09-11 15:26:26.857,10769,10770,10770,1
2019-09-11 15:26:29.741,10769,10770,10770,4
2019-09-11 15:26:38.261,10770,10771,10771,1
2019-09-11 15:26:40.580,10770,10771,10771,2
2019-09-11 15:26:42.685,10770,10771,10771,2
2019-09-11 15:26:46.477,10770,10771,10771,2
2019-09-11 15:26:51.568,10770,10771,10771,1
2019-09-11 15:26:55.891,10770,10771,10771,1
2019-09-11 15:26:57.365,10770,10771,10771,1
2019-09-11 15:26:58.431,10770,10771,10770,1
2019-09-11 15:27:05.845,10770,10771,10770,1
2019-09-11 15:27:08.105,10770,10771,10771,1
2019-09-11 15:27:14.115,10770,10771,10770,1
2019-09-11 15:27:16.432,10770,10771,10771,1
2019-09-11 15:27:32.170,10770,10771,10770,1
2019-09-11 15:27:33.139,10770,10771,10771,1
2019-09-11 15:27:39.911,10770,10771,10770,1
2019-09-11 15:27:43.034,10770,10771,10770,1
2019-09-11 15:27:44.508,10770,10771,10770,1
2019-09-11 15:27:46.472,10770,10771,10770,1
2019-09-11 15:27:48.181,10770,10771,10771,2
2019-09-11 15:27:51.117,10770,10771,10770,1
2019-09-11 15:27:53.064,10770,10771,10770,1
2019-09-11 15:27:56.922,10770,10771,10770,1
2019-09-11 15:27:57.692,10770,10771,10770,1
2019-09-11 15:27:57.928,10770,10771,10771,3
2019-09-11 15:27:58.887,10770,10771,10770,1
2019-09-11 15:28:01.223,10770,10771,10770,5
2019-09-11 15:28:03.029,10770,10771,10770,2
2019-09-11 15:28:08.894,10770,10771,10770,5
2019-09-11 15:28:15.375,10770,10771,10770,1
2019-09-11 15:28:15.376,10770,10771,10770,1
2019-09-11 15:28:15.376,10770,10771,10770,1
2019-09-11 15:28:26.657,10769,10770,10770,1
2019-09-11 15:28:29.808,10769,10770,10769,5
2019-09-11 15:28:39.416,10769,10770,10770,1
2019-09-11 15:28:49.741,10769,10770,10770,4
2019-09-11 15:28:51.191,10769,10770,10770,6
2019-09-11 15:29:08.421,10770,10771,10770,2
2019-09-11 15:29:11.699,10770,10771,10770,5
2019-09-11 15:29:26.787,10770,10771,10770,1
2019-09-11 15:29:38.745,10770,10771,10770,1
2019-09-11 15:29:48.044,10770,10771,10770,1
2019-09-11 15:29:57.700,10770,10771,10770,1
2019-09-11 15:30:46.993,10770,10771,10771,1
2019-09-11 15:30:47.414,10770,10771,10770,2
2019-09-11 15:30:48.205,10770,10771,10771,1
2019-09-11 15:30:48.268,10770,10771,10771,3
2019-09-11 15:30:55.085,10770,10771,10771,1
2019-09-11 15:30:56.663,10770,10771,10771,1
2019-09-11 15:31:06.246,10770,10771,10771,1
2019-09-11 15:31:07.351,10770,10771,10771,1
2019-09-11 15:31:19.438,10770,10771,10771,8
2019-09-11 15:31:19.563,10770,10771,10771,4
2019-09-11 15:31:19.688,10770,10771,10771,2
2019-09-11 15:31:25.949,10770,10771,10771,3
2019-09-11 15:31:26.302,10770,10771,10771,2
2019-09-11 15:31:28.593,10770,10771,10771,1
2019-09-11 15:31:28.628,10770,10771,10771,1
2019-09-11 15:31:29.012,10770,10771,10771,1
2019-09-11 15:31:30.798,10770,10771,10771,19
2019-09-11 15:31:30.798,10770,10771,10772,66
2019-09-11 15:31:30.813,10771,10772,10772,1
2019-09-11 15:31:30.813,10771,10772,10772,2
2019-09-11 15:31:30.844,10771,10772,10773,1
2019-09-11 15:31:30.863,10771,10772,10772,2
2019-09-11 15:31:31.138,10772,10773,10773,3
2019-09-11 15:31:31.852,10772,10773,10772,1
2019-09-11 15:31:32.190,10772,10773,10773,5
2019-09-11 15:31:33.518,10772,10773,10773,16
2019-09-11 15:31:33.567,10772,10773,10773,4
2019-09-11 15:31:36.163,10772,10773,10773,6
2019-09-11 15:31:37.892,10772,10773,10773,1
2019-09-11 15:31:42.027,10772,10773,10773,1
2019-09-11 15:31:42.989,10772,10773,10772,1
2019-09-11 15:31:43.018,10772,10773,10772,1
2019-09-11 15:31:43.489,10771,10772,10772,1
2019-09-11 15:31:45.434,10772,10773,10773,2
2019-09-11 15:31:50.965,10772,10773,10772,1
2019-09-11 15:31:55.962,10772,10773,10773,1
2019-09-11 15:31:58.495,10772,10773,10773,1
2019-09-11 15:31:58.688,10772,10773,10773,2
2019-09-11 15:32:02.346,10773,10774,10774,1
2019-09-11 15:32:04.609,10773,10774,10774,1
2019-09-11 15:32:10.400,10773,10774,10774,1
2019-09-11 15:32:10.490,10773,10774,10774,1
2019-09-11 15:32:12.914,10773,10774,10773,1
2019-09-11 15:32:14.898,10773,10774,10773,4
2019-09-11 15:32:18.435,10773,10774,10774,1
2019-09-11 15:32:18.805,10773,10774,10773,1
2019-09-11 15:32:24.226,10773,10774,10774,1
2019-09-11 15:32:26.958,10773,10774,10774,10
2019-09-11 15:32:27.197,10773,10774,10774,10
2019-09-11 15:32:27.263,10773,10774,10773,1
2019-09-11 15:32:27.313,10773,10774,10774,8
2019-09-11 15:32:32.282,10774,10775,10774,1
2019-09-11 15:32:32.346,10773,10775,10773,1
2019-09-11 15:32:33.984,10774,10775,10774,2
2019-09-11 15:32:33.985,10774,10775,10774,1
2019-09-11 15:32:36.826,10774,10775,10774,3
2019-09-11 15:32:40.022,10773,10774,10774,1
2019-09-11 15:32:43.199,10773,10774,10774,2
2019-09-11 15:32:46.658,10773,10774,10773,1
2019-09-11 15:32:47.058,10773,10774,10773,1
2019-09-11 15:32:47.525,10773,10774,10774,1
2019-09-11 15:32:47.828,10773,10774,10774,1
2019-09-11 15:32:55.582,10773,10774,10774,1
2019-09-11 15:32:55.662,10773,10774,10774,1
2019-09-11 15:32:55.715,10773,10774,10773,1
2019-09-11 15:33:00.420,10773,10774,10774,1
2019-09-11 15:33:00.431,10773,10774,10774,1
2019-09-11 15:33:02.491,10773,10774,10774,2
2019-09-11 15:33:04.261,10773,10774,10774,1
2019-09-11 15:33:04.586,10773,10774,10773,2
2019-09-11 15:33:06.230,10773,10774,10774,2
2019-09-11 15:33:08.531,10774,10775,10774,1
2019-09-11 15:33:09.501,10774,10775,10775,1
2019-09-11 15:33:09.795,10774,10775,10774,6
2019-09-11 15:33:16.683,10774,10775,10774,1
2019-09-11 15:33:18.191,10774,10775,10775,1
2019-09-11 15:33:23.097,10774,10775,10775,20
2019-09-11 15:33:24.202,10774,10775,10775,1
2019-09-11 15:33:27.941,10774,10775,10775,1
2019-09-11 15:33:28.977,10774,10775,10775,4
2019-09-11 15:33:29.020,10774,10775,10774,1
2019-09-11 15:33:29.045,10774,10775,10775,1
2019-09-11 15:33:33.891,10774,10775,10775,1
2019-09-11 15:33:36.990,10774,10775,10775,1
2019-09-11 15:33:40.270,10774,10775,10775,1
2019-09-11 15:33:42.778,10774,10775,10775,1
2019-09-11 15:33:43.714,10774,10775,10775,16
2019-09-11 15:33:49.003,10774,10775,10775,1
2019-09-11 15:33:53.404,10774,10775,10774,1
2019-09-11 15:33:53.677,10774,10775,10775,2
2019-09-11 15:33:58.394,10774,10775,10774,1
2019-09-11 15:33:59.738,10774,10775,10775,1
2019-09-11 15:34:02.271,10774,10775,10775,1
2019-09-11 15:34:02.605,10774,10775,10775,1
2019-09-11 15:34:06.314,10774,10775,10775,1
2019-09-11 15:34:06.572,10774,10775,10775,1
2019-09-11 15:34:13.232,10774,10775,10775,1
2019-09-11 15:34:17.037,10774,10775,10775,2
2019-09-11 15:34:21.807,10774,10775,10775,1
2019-09-11 15:34:32.616,10774,10775,10774,27
2019-09-11 15:34:32.688,10774,10775,10774,12
2019-09-11 15:34:32.688,10774,10775,10774,1
2019-09-11 15:34:37.024,10773,10774,10773,10
2019-09-11 15:35:19.452,10772,10773,10772,1
2019-09-11 15:35:28.906,10772,10773,10772,1
2019-09-11 15:35:34.703,10772,10773,10772,1
2019-09-11 15:36:09.122,10772,10773,10772,1
2019-09-11 15:36:09.354,10772,10773,10772,2
2019-09-11 15:36:09.354,10772,10773,10772,2
2019-09-11 15:36:09.354,10772,10773,10772,1
2019-09-11 15:36:09.355,10772,10773,10772,1
2019-09-11 15:36:30.686,10771,10772,10771,1
2019-09-11 15:36:31.442,10771,10772,10772,1
2019-09-11 15:36:36.192,10771,10772,10771,2
2019-09-11 15:36:40.653,10771,10772,10772,4
2019-09-11 15:36:40.827,10772,10773,10772,1
2019-09-11 15:36:49.436,10772,10773,10773,1
2019-09-11 15:36:49.603,10772,10773,10773,4
2019-09-11 15:36:49.603,10772,10773,10774,76
2019-09-11 15:36:49.813,10774,10775,10775,11
2019-09-11 15:36:49.813,10774,10775,10775,6
2019-09-11 15:36:49.813,10774,10775,10775,5
2019-09-11 15:36:49.813,10774,10775,10776,3
2019-09-11 15:36:50.323,10774,10776,10776,1
2019-09-11 15:36:55.064,10774,10775,10775,1
2019-09-11 15:37:03.051,10774,10775,10775,2
2019-09-11 15:37:06.007,10774,10775,10775,1
2019-09-11 15:37:18.620,10774,10775,10775,1
2019-09-11 15:37:23.465,10774,10775,10775,4
2019-09-11 15:37:28.172,10774,10775,10775,1
2019-09-11 15:37:31.001,10774,10775,10775,2
2019-09-11 15:37:31.001,10774,10775,10775,3
2019-09-11 15:37:31.001,10774,10775,10775,1
2019-09-11 15:37:31.001,10774,10775,10775,1
2019-09-11 15:37:35.814,10775,10776,10775,2
2019-09-11 15:37:36.229,10774,10775,10775,1
2019-09-11 15:38:00.997,10774,10775,10775,1
2019-09-11 15:38:10.484,10774,10775,10774,1
2019-09-11 15:38:16.822,10774,10775,10774,10
2019-09-11 15:38:22.944,10773,10774,10774,1
2019-09-11 15:38:57.286,10773,10774,10774,1
2019-09-11 15:39:03.222,10773,10774,10774,4
2019-09-11 15:39:29.850,10774,10775,10774,5
2019-09-11 15:39:32.455,10774,10775,10774,1
2019-09-11 15:39:32.838,10774,10775,10774,1
2019-09-11 15:39:33.905,10774,10775,10774,1
2019-09-11 15:39:38.683,10774,10775,10774,1
2019-09-11 15:40:24.808,10773,10774,10774,1
2019-09-11 15:40:25.371,10773,10775,10775,2
2019-09-11 15:40:43.454,10774,10775,10774,1
2019-09-11 15:40:45.137,10773,10774,10774,1
2019-09-11 15:41:00.960,10774,10775,10775,11
2019-09-11 15:41:12.698,10774,10775,10774,1
2019-09-11 15:41:21.078,10774,10775,10775,7
2019-09-11 15:41:49.910,10774,10775,10775,1
2019-09-11 15:41:53.059,10774,10775,10775,1
2019-09-11 15:42:10.460,10774,10775,10774,1
2019-09-11 15:42:17.048,10774,10775,10774,6
2019-09-11 15:42:49.101,10774,10775,10775,1
2019-09-11 15:43:01.588,10774,10775,10775,1
2019-09-11 15:43:03.879,10774,10775,10774,1
2019-09-11 15:43:15.127,10774,10775,10775,1
2019-09-11 15:43:21.568,10774,10775,10775,1
2019-09-11 15:43:40.910,10774,10775,10775,6
2019-09-11 15:43:40.938,10774,10775,10775,3
2019-09-11 15:43:42.845,10775,10776,10776,2
2019-09-11 15:43:42.923,10775,10776,10776,2
2019-09-11 15:43:42.923,10775,10776,10776,3
2019-09-11 15:43:42.923,10775,10776,10776,2
2019-09-11 15:43:42.938,10775,10776,10776,3
2019-09-11 15:43:42.938,10775,10776,10776,9
2019-09-11 15:43:43.171,10775,10776,10775,1
2019-09-11 15:43:46.627,10775,10776,10776,1
2019-09-11 15:43:46.628,10775,10776,10776,3
2019-09-11 15:43:46.628,10775,10776,10776,2
2019-09-11 15:43:46.628,10775,10776,10776,9
2019-09-11 15:43:52.597,10776,10777,10777,1
2019-09-11 15:43:52.753,10776,10777,10777,1
2019-09-11 15:43:52.758,10776,10777,10777,1
2019-09-11 15:43:52.842,10776,10777,10777,4
2019-09-11 15:43:52.880,10776,10777,10777,2
2019-09-11 15:43:52.903,10776,10777,10777,2
2019-09-11 15:43:52.934,10776,10777,10777,1
2019-09-11 15:43:52.940,10776,10777,10777,2
2019-09-11 15:43:52.958,10776,10777,10777,4
2019-09-11 15:43:52.959,10776,10777,10777,2
2019-09-11 15:43:53.002,10776,10777,10777,4
2019-09-11 15:43:53.010,10776,10777,10777,2
2019-09-11 15:43:53.010,10776,10777,10778,2
2019-09-11 15:43:53.080,10776,10778,10778,4
2019-09-11 15:43:53.126,10776,10778,10778,1
2019-09-11 15:43:53.144,10776,10778,10778,1
2019-09-11 15:43:53.144,10776,10778,10778,1
2019-09-11 15:43:53.147,10776,10778,10778,1
2019-09-11 15:43:53.181,10776,10778,10778,2
2019-09-11 15:43:53.194,10777,10778,10778,1
2019-09-11 15:43:53.220,10777,10778,10778,4
2019-09-11 15:43:53.321,10777,10778,10778,4
2019-09-11 15:43:53.322,10777,10778,10778,1
2019-09-11 15:43:53.423,10777,10778,10778,4
2019-09-11 15:43:53.438,10777,10778,10778,2
2019-09-11 15:43:53.518,10777,10778,10778,4
2019-09-11 15:43:53.541,10777,10778,10778,3
2019-09-11 15:43:53.541,10777,10778,10779,1
2019-09-11 15:43:53.641,10777,10779,10779,2
2019-09-11 15:43:53.746,10777,10779,10779,2
2019-09-11 15:43:53.751,10777,10779,10779,4
2019-09-11 15:43:53.815,10778,10779,10778,1
2019-09-11 15:43:55.109,10778,10779,10779,1
2019-09-11 15:43:55.481,10778,10779,10779,1
2019-09-11 15:43:57.722,10777,10779,10779,1
2019-09-11 15:43:58.282,10777,10779,10779,3
2019-09-11 15:43:59.763,10777,10778,10777,1
2019-09-11 15:44:07.799,10777,10778,10778,1
2019-09-11 15:44:10.026,10777,10778,10778,1
2019-09-11 15:44:11.071,10777,10778,10778,1
2019-09-11 15:44:14.720,10777,10778,10778,1
2019-09-11 15:44:20.509,10777,10778,10778,1
2019-09-11 15:44:26.901,10777,10778,10777,1
2019-09-11 15:44:33.590,10777,10778,10778,1
2019-09-11 15:44:34.078,10777,10778,10777,1
2019-09-11 15:44:41.840,10777,10778,10777,1
2019-09-11 15:44:45.805,10777,10778,10778,1
2019-09-11 15:44:47.659,10777,10778,10777,1
2019-09-11 15:44:50.426,10777,10778,10778,1
2019-09-11 15:44:56.354,10777,10778,10777,1
2019-09-11 15:44:56.456,10777,10778,10778,13
2019-09-11 15:44:56.860,10778,10779,10778,1
2019-09-11 15:44:58.430,10778,10779,10778,6
2019-09-11 15:45:00.322,10777,10778,10777,1
2019-09-11 15:45:00.703,10777,10778,10778,1
2019-09-11 15:45:02.323,10777,10778,10778,1
2019-09-11 15:45:10.377,10777,10779,10779,1
2019-09-11 15:45:10.835,10777,10779,10779,1
2019-09-11 15:45:21.427,10778,10779,10779,5
2019-09-11 15:45:23.165,10778,10779,10779,3
2019-09-11 15:45:27.528,10778,10779,10779,1
2019-09-11 15:45:31.794,10778,10779,10779,1
2019-09-11 15:45:32.626,10778,10779,10778,25
2019-09-11 15:45:32.626,10778,10779,10777,71
2019-09-11 15:45:32.688,10777,10778,10777,1
2019-09-11 15:45:32.688,10777,10778,10777,1
2019-09-11 15:45:32.689,10777,10778,10777,1
2019-09-11 15:45:32.689,10777,10778,10777,2
2019-09-11 15:45:32.813,10776,10777,10776,3
2019-09-11 15:45:32.813,10776,10777,10776,5
2019-09-11 15:45:35.316,10776,10777,10776,5
2019-09-11 15:45:35.318,10776,10777,10776,2
2019-09-11 15:45:42.275,10776,10777,10776,1
2019-09-11 15:45:45.187,10776,10777,10776,15
2019-09-11 15:45:56.937,10775,10776,10775,4
2019-09-11 15:46:00.767,10775,10776,10776,1
2019-09-11 15:46:02.154,10776,10777,10776,11
2019-09-11 15:46:04.350,10776,10777,10776,7
2019-09-11 15:46:07.508,10776,10777,10776,6
2019-09-11 15:46:09.529,10776,10777,10776,1
2019-09-11 15:46:23.049,10776,10777,10777,1
2019-09-11 15:46:24.553,10776,10777,10777,1
2019-09-11 15:46:25.157,10776,10777,10777,2
2019-09-11 15:46:47.675,10776,10777,10777,1
2019-09-11 15:46:49.951,10776,10777,10776,1
2019-09-11 15:47:15.468,10776,10777,10776,1
2019-09-11 15:47:17.562,10776,10777,10776,1
2019-09-11 15:47:48.418,10776,10777,10776,2
2019-09-11 15:47:51.869,10776,10777,10776,1
2019-09-11 15:47:55.120,10776,10777,10776,1
2019-09-11 15:47:58.950,10776,10777,10776,1
2019-09-11 15:48:01.140,10776,10777,10777,1
2019-09-11 15:48:07.581,10776,10777,10777,1
2019-09-11 15:48:14.350,10776,10777,10776,6
2019-09-11 15:48:21.928,10775,10776,10775,1
2019-09-11 15:48:39.511,10775,10776,10776,1
2019-09-11 15:48:45.273,10776,10777,10776,1
2019-09-11 15:49:01.462,10775,10776,10775,1
2019-09-11 15:49:02.224,10775,10776,10776,3
2019-09-11 15:49:26.896,10775,10776,10776,5
2019-09-11 15:49:34.430,10775,10776,10775,1
2019-09-11 15:49:43.486,10775,10776,10776,2
2019-09-11 15:49:43.486,10775,10776,10776,6
2019-09-11 15:49:43.489,10775,10776,10776,2
2019-09-11 15:49:43.489,10775,10776,10776,1
2019-09-11 15:49:43.491,10775,10776,10776,1
2019-09-11 15:49:43.491,10775,10776,10776,2
2019-09-11 15:49:43.493,10775,10776,10776,2
2019-09-11 15:49:43.496,10775,10776,10776,1
2019-09-11 15:49:43.498,10775,10776,10776,1
2019-09-11 15:49:43.498,10775,10776,10776,2
2019-09-11 15:49:49.294,10776,10777,10776,1
2019-09-11 15:49:51.193,10776,10777,10776,4
2019-09-11 15:49:51.313,10775,10776,10776,19
2019-09-11 15:50:02.444,10776,10777,10777,7
2019-09-11 15:50:02.956,10776,10777,10776,1
2019-09-11 15:50:17.641,10776,10777,10777,1
2019-09-11 15:50:23.535,10776,10777,10777,1
2019-09-11 15:50:58.376,10776,10777,10777,1
2019-09-11 15:50:59.115,10776,10777,10776,1
2019-09-11 15:51:06.148,10776,10777,10777,2
2019-09-11 15:51:09.142,10776,10777,10777,1
2019-09-11 15:51:10.112,10776,10777,10777,10
2019-09-11 15:51:12.927,10777,10778,10777,1
2019-09-11 15:51:24.671,10777,10778,10777,1
2019-09-11 15:51:28.915,10777,10778,10778,2
2019-09-11 15:51:28.916,10777,10778,10778,4
2019-09-11 15:51:28.977,10777,10778,10778,1
2019-09-11 15:51:29.668,10777,10778,10777,5
2019-09-11 15:51:35.835,10777,10778,10777,1
2019-09-11 15:51:50.838,10777,10778,10777,1
2019-09-11 15:51:56.383,10776,10777,10777,2
2019-09-11 15:51:58.402,10776,10777,10777,1
2019-09-11 15:52:09.806,10777,10778,10777,1
2019-09-11 15:52:17.213,10777,10778,10778,1
2019-09-11 15:52:22.382,10777,10778,10777,1
2019-09-11 15:52:29.314,10777,10778,10778,1
2019-09-11 15:52:33.122,10777,10778,10777,2
2019-09-11 15:53:05.128,10777,10778,10777,1
2019-09-11 15:53:09.324,10777,10778,10777,4
2019-09-11 15:53:09.488,10776,10777,10777,1
2019-09-11 15:53:16.818,10776,10777,10777,1
2019-09-11 15:53:24.148,10776,10777,10777,1
2019-09-11 15:53:36.572,10777,10778,10777,1
2019-09-11 15:53:42.341,10777,10778,10777,1
2019-09-11 15:53:43.240,10777,10778,10777,1
2019-09-11 15:53:52.328,10777,10778,10777,3
2019-09-11 15:54:01.341,10777,10778,10777,1
2019-09-11 15:54:14.347,10777,10778,10777,2
2019-09-11 15:54:16.706,10777,10778,10777,1
2019-09-11 15:54:21.718,10777,10778,10777,1
2019-09-11 15:54:36.851,10776,10777,10776,2
2019-09-11 15:54:36.851,10776,10777,10776,7
2019-09-11 15:54:37.025,10775,10776,10776,2
2019-09-11 15:54:39.189,10775,10776,10776,2
2019-09-11 15:54:56.488,10775,10776,10776,1
2019-09-11 15:55:15.408,10775,10777,10775,1
2019-09-11 15:55:16.021,10775,10777,10775,1
2019-09-11 15:55:17.827,10776,10777,10776,1
2019-09-11 15:55:18.431,10776,10777,10776,1
2019-09-11 15:55:31.655,10775,10776,10776,1
2019-09-11 15:55:41.282,10775,10776,10775,1
2019-09-11 15:55:41.765,10775,10776,10776,2
2019-09-11 15:55:54.138,10776,10777,10776,1
2019-09-11 15:55:58.350,10775,10776,10775,1
2019-09-11 15:55:58.886,10775,10776,10775,1
2019-09-11 15:56:08.151,10775,10776,10775,1
2019-09-11 15:56:15.846,10775,10776,10776,4
2019-09-11 15:56:29.162,10776,10777,10776,1
2019-09-11 15:57:07.942,10776,10777,10776,1
2019-09-11 15:57:28.390,10776,10777,10777,1
2019-09-11 15:57:33.822,10776,10777,10776,3
2019-09-11 15:57:33.989,10775,10776,10776,1
2019-09-11 15:57:39.449,10775,10776,10776,1
2019-09-11 15:57:54.295,10775,10776,10776,1
2019-09-11 15:57:57.328,10775,10776,10775,1
2019-09-11 15:58:09.654,10775,10776,10776,1
2019-09-11 15:58:13.037,10775,10776,10776,1
2019-09-11 15:58:14.112,10775,10776,10775,1
2019-09-11 15:58:14.776,10775,10776,10775,1
2019-09-11 15:58:16.928,10775,10776,10775,1
2019-09-11 15:58:24.406,10775,10776,10776,1
2019-09-11 15:59:02.691,10775,10776,10776,4
2019-09-11 15:59:02.727,10775,10776,10776,2
2019-09-11 15:59:02.761,10775,10776,10776,1
2019-09-11 15:59:13.876,10775,10776,10776,1
2019-09-11 15:59:28.577,10775,10776,10775,1
2019-09-11 15:59:29.342,10775,10776,10775,1
2019-09-11 15:59:33.257,10775,10776,10776,1
2019-09-11 16:00:02.534,10775,10776,10776,1
2019-09-11 16:00:02.785,10775,10776,10776,1
2019-09-11 16:00:02.791,10775,10776,10776,1
2019-09-11 16:00:03.678,10775,10776,10776,1
2019-09-11 16:00:05.909,10776,10777,10776,1
2019-09-11 16:00:05.909,10776,10777,10775,1
2019-09-11 16:00:27.020,10775,10776,10775,1
2019-09-11 16:00:37.485,10775,10776,10776,5
2019-09-11 16:00:37.565,10775,10776,10775,1
2019-09-11 16:00:43.682,10775,10776,10775,1
2019-09-11 16:00:55.284,10775,10776,10776,2
2019-09-11 16:01:41.553,10775,10776,10776,4
2019-09-11 16:02:09.278,10775,10776,10775,1
2019-09-11 16:02:27.289,10775,10776,10776,1
2019-09-11 16:02:29.138,10775,10776,10776,3
2019-09-11 16:02:29.188,10775,10776,10776,7
2019-09-11 16:02:29.422,10776,10777,10776,2
2019-09-11 16:02:29.656,10776,10777,10776,1
2019-09-11 16:02:31.959,10775,10776,10776,1
2019-09-11 16:02:34.337,10775,10776,10776,1
2019-09-11 16:02:47.331,10775,10776,10776,1
2019-09-11 16:02:50.757,10775,10776,10776,1
2019-09-11 16:03:13.565,10775,10776,10776,1
2019-09-11 16:03:44.196,10775,10776,10776,3
2019-09-11 16:03:55.244,10775,10776,10776,4
2019-09-11 16:04:03.384,10776,10777,10776,2
2019-09-11 16:04:11.905,10775,10776,10775,14
2019-09-11 16:04:23.565,10774,10775,10774,18
2019-09-11 16:04:45.616,10773,10774,10773,1
2019-09-11 16:04:45.820,10773,10774,10773,1
2019-09-11 16:04:48.687,10773,10774,10773,2
2019-09-11 16:04:57.036,10773,10774,10773,1
2019-09-11 16:05:03.453,10773,10774,10773,14
2019-09-11 16:05:03.455,10773,10774,10773,2
2019-09-11 16:05:03.455,10773,10774,10773,5
2019-09-11 16:05:04.997,10772,10773,10773,3
2019-09-11 16:05:06.272,10772,10773,10773,1
2019-09-11 16:05:09.568,10772,10773,10772,1
2019-09-11 16:05:09.787,10772,10773,10772,4
2019-09-11 16:05:13.652,10772,10773,10772,1
2019-09-11 16:05:13.700,10772,10773,10772,1
2019-09-11 16:05:15.238,10772,10773,10772,1
2019-09-11 16:05:16.155,10772,10773,10772,1
2019-09-11 16:05:16.506,10772,10773,10772,1
2019-09-11 16:05:21.772,10772,10773,10772,1
2019-09-11 16:05:22.152,10772,10773,10772,1
2019-09-11 16:05:23.229,10772,10773,10772,1
2019-09-11 16:05:24.431,10772,10773,10772,1
2019-09-11 16:05:24.431,10772,10773,10772,1
2019-09-11 16:05:27.534,10772,10773,10772,5
2019-09-11 16:05:36.062,10772,10773,10772,1
2019-09-11 16:05:41.323,10772,10773,10772,1
2019-09-11 16:05:42.525,10772,10773,10772,1
2019-09-11 16:05:44.308,10772,10773,10772,1
2019-09-11 16:05:48.776,10772,10773,10773,2
2019-09-11 16:05:49.989,10773,10774,10773,1
2019-09-11 16:06:12.091,10773,10774,10774,2
2019-09-11 16:06:12.091,10773,10774,10774,2
2019-09-11 16:06:20.996,10774,10775,10774,1
2019-09-11 16:06:20.997,10774,10775,10774,1
2019-09-11 16:06:26.043,10773,10774,10774,5
2019-09-11 16:06:26.181,10773,10774,10774,1
2019-09-11 16:06:33.540,10773,10774,10773,1
2019-09-11 16:06:44.770,10773,10774,10773,1
2019-09-11 16:06:55.820,10772,10773,10772,1
2019-09-11 16:06:57.654,10772,10774,10774,1
2019-09-11 16:07:04.204,10772,10773,10773,1
2019-09-11 16:07:16.138,10772,10773,10773,1
2019-09-11 16:07:18.149,10773,10774,10773,1
2019-09-11 16:07:18.193,10773,10774,10774,2
2019-09-11 16:07:18.283,10773,10774,10774,1
2019-09-11 16:07:18.325,10773,10774,10774,1
2019-09-11 16:07:18.326,10773,10774,10774,1
2019-09-11 16:07:30.032,10773,10774,10774,1
2019-09-11 16:07:47.780,10774,10775,10774,2
2019-09-11 16:08:48.311,10773,10774,10774,3
2019-09-11 16:08:52.582,10774,10775,10774,10
2019-09-11 16:08:52.927,10774,10775,10774,8
2019-09-11 16:08:53.023,10773,10774,10774,1
2019-09-11 16:08:53.024,10773,10774,10774,1
2019-09-11 16:08:59.023,10773,10774,10774,1
2019-09-11 16:09:37.143,10773,10774,10774,18
2019-09-11 16:09:37.213,10774,10775,10774,2
2019-09-11 16:09:37.213,10774,10775,10774,2
2019-09-11 16:09:37.373,10773,10774,10774,1
2019-09-11 16:10:39.157,10773,10774,10774,1
2019-09-11 16:10:40.434,10773,10774,10773,9
2019-09-11 16:10:40.438,10773,10774,10773,3
2019-09-11 16:10:46.008,10773,10774,10773,1
2019-09-11 16:10:55.353,10773,10774,10773,1
2019-09-11 16:11:02.832,10773,10774,10773,10
2019-09-11 16:11:07.761,10773,10774,10773,1
2019-09-11 16:11:31.250,10773,10774,10773,2
2019-09-11 16:12:12.565,10773,10774,10774,1
2019-09-11 16:12:17.276,10773,10774,10774,1
2019-09-11 16:12:57.197,10773,10774,10774,1
2019-09-11 16:13:18.749,10773,10774,10774,6
2019-09-11 16:13:46.573,10774,10775,10774,4
2019-09-11 16:13:46.574,10774,10775,10774,1
2019-09-11 16:13:46.574,10774,10775,10774,1
2019-09-11 16:13:46.574,10774,10775,10774,1
2019-09-11 16:13:51.514,10773,10774,10774,1
2019-09-11 16:14:05.882,10773,10774,10773,3
2019-09-11 16:14:05.889,10773,10774,10773,3
2019-09-11 16:14:05.902,10773,10774,10773,2
2019-09-11 16:14:05.921,10773,10774,10773,3
2019-09-11 16:14:16.558,10772,10773,10772,10
2019-09-11 16:14:16.794,10772,10773,10772,8
2019-09-11 16:14:16.869,10771,10772,10772,2
2019-09-11 16:14:19.665,10771,10772,10772,2
2019-09-11 16:14:22.055,10771,10772,10772,1
2019-09-11 16:14:27.619,10771,10772,10772,5
2019-09-11 16:14:33.098,10771,10772,10772,1
2019-09-11 16:14:42.604,10771,10772,10772,1
2019-09-11 16:14:54.932,10771,10772,10772,1
2019-09-11 16:15:04.224,10771,10772,10772,1
2019-09-11 16:15:04.651,10771,10772,10772,1
2019-09-11 16:15:04.651,10771,10772,10773,1
2019-09-11 16:15:04.651,10771,10772,10773,4
2019-09-11 16:15:04.679,10771,10772,10773,2
2019-09-11 16:15:04.681,10771,10772,10773,5
2019-09-11 16:15:04.681,10771,10772,10773,5
2019-09-11 16:15:04.683,10771,10772,10773,2
2019-09-11 16:15:04.706,10772,10773,10773,3
2019-09-11 16:15:04.843,10772,10773,10772,2
2019-09-11 16:15:26.122,10771,10772,10772,2
2019-09-11 16:15:26.122,10771,10772,10772,2
2019-09-11 16:15:26.122,10771,10772,10772,1
2019-09-11 16:15:26.223,10772,10773,10772,1
2019-09-11 16:15:28.410,10772,10773,10772,2
2019-09-11 16:15:28.893,10771,10773,10772,1
2019-09-11 16:15:40.591,10772,10773,10772,1
2019-09-11 16:15:48.417,10771,10772,10772,2
2019-09-11 16:15:54.569,10771,10773,10771,1
2019-09-11 16:15:54.586,10771,10773,10771,1
2019-09-11 16:15:54.743,10771,10773,10771,2
2019-09-11 16:16:21.859,10771,10772,10771,1
2019-09-11 16:16:26.868,10771,10772,10771,1
2019-09-11 16:16:40.929,10771,10772,10771,15
2019-09-11 16:16:52.926,10771,10772,10771,1
2019-09-11 16:16:54.334,10771,10772,10771,1
2019-09-11 16:16:57.104,10771,10772,10772,1
2019-09-11 16:16:58.813,10771,10772,10771,2
2019-09-11 16:16:58.813,10771,10772,10771,2
2019-09-11 16:16:58.814,10771,10772,10771,2
2019-09-11 16:16:58.814,10771,10772,10771,5
2019-09-11 16:17:05.353,10770,10771,10771,9
2019-09-11 16:17:05.353,10770,10771,10771,2
2019-09-11 16:17:05.353,10770,10771,10771,2
2019-09-11 16:17:05.354,10770,10771,10771,3
2019-09-11 16:17:05.354,10770,10771,10771,1
2019-09-11 16:17:05.355,10770,10771,10771,1
2019-09-11 16:17:05.589,10771,10772,10771,2
2019-09-11 16:17:05.862,10771,10772,10771,1
2019-09-11 16:17:09.735,10771,10772,10771,1
2019-09-11 16:17:20.092,10771,10772,10771,1
2019-09-11 16:17:23.358,10771,10772,10771,1
2019-09-11 16:17:26.241,10771,10772,10771,1
2019-09-11 16:17:26.752,10771,10772,10771,1
2019-09-11 16:17:27.549,10771,10772,10772,1
2019-09-11 16:17:33.481,10771,10772,10771,1
2019-09-11 16:17:35.222,10770,10771,10771,1
2019-09-11 16:17:42.484,10770,10771,10771,1
2019-09-11 16:17:44.673,10771,10772,10771,1
2019-09-11 16:17:57.782,10771,10772,10771,1
2019-09-11 16:18:04.391,10771,10772,10771,3
2019-09-11 16:18:08.419,10770,10771,10771,1
2019-09-11 16:18:27.036,10771,10772,10771,2
2019-09-11 16:18:47.800,10771,10772,10771,1
2019-09-11 16:19:00.277,10771,10772,10771,1
2019-09-11 16:19:01.466,10771,10772,10771,2
2019-09-11 16:19:04.778,10770,10771,10771,1
2019-09-11 16:19:04.830,10770,10771,10771,1
2019-09-11 16:19:07.255,10770,10771,10770,3
2019-09-11 16:19:07.296,10770,10771,10770,10
2019-09-11 16:19:07.296,10770,10771,10770,4
2019-09-11 16:19:07.313,10770,10771,10770,6
2019-09-11 16:19:07.718,10769,10770,10769,2
2019-09-11 16:19:07.866,10769,10770,10769,1
2019-09-11 16:19:07.941,10769,10770,10769,1
2019-09-11 16:19:07.941,10769,10770,10769,6
2019-09-11 16:19:08.321,10769,10770,10769,2
2019-09-11 16:19:08.597,10769,10770,10770,1
2019-09-11 16:19:14.491,10769,10770,10770,10
2019-09-11 16:19:14.794,10769,10770,10770,10
2019-09-11 16:19:15.135,10769,10770,10770,9
2019-09-11 16:19:33.149,10770,10771,10770,16
2019-09-11 16:19:36.788,10770,10771,10770,1
2019-09-11 16:20:14.138,10770,10771,10771,2
2019-09-11 16:20:26.313,10771,10772,10772,7
2019-09-11 16:20:33.929,10771,10773,10771,1
2019-09-11 16:20:35.112,10772,10773,10773,2
2019-09-11 16:20:37.854,10772,10773,10773,1
2019-09-11 16:20:44.351,10772,10773,10773,1
2019-09-11 16:20:50.388,10772,10773,10773,1
2019-09-11 16:20:52.493,10772,10773,10773,1
2019-09-11 16:21:14.964,10772,10773,10773,1
2019-09-11 16:21:40.331,10772,10773,10773,6
2019-09-11 16:21:40.331,10772,10773,10773,4
2019-09-11 16:21:40.331,10772,10773,10773,1
2019-09-11 16:21:40.389,10772,10773,10773,1
2019-09-11 16:21:44.712,10772,10773,10773,3
2019-09-11 16:21:48.406,10772,10773,10773,7
2019-09-11 16:21:48.641,10773,10774,10773,1
2019-09-11 16:22:07.128,10773,10774,10773,1
2019-09-11 16:22:13.080,10773,10774,10773,1
2019-09-11 16:23:05.471,10773,10774,10773,1
2019-09-11 16:23:17.290,10773,10774,10773,1
2019-09-11 16:23:30.003,10773,10774,10773,1
2019-09-11 16:23:30.003,10773,10774,10773,2
2019-09-11 16:23:30.468,10772,10773,10773,1
2019-09-11 16:23:58.182,10772,10773,10773,1
2019-09-11 16:24:13.521,10772,10773,10772,1
2019-09-11 16:24:13.745,10772,10773,10772,1
2019-09-11 16:24:13.985,10772,10773,10772,1
2019-09-11 16:24:17.715,10772,10773,10772,1
2019-09-11 16:24:17.922,10772,10773,10772,1
2019-09-11 16:24:18.119,10772,10773,10772,1
2019-09-11 16:24:57.118,10772,10773,10772,13
2019-09-11 16:24:57.118,10772,10773,10772,2
2019-09-11 16:25:00.984,10771,10773,10771,1
2019-09-11 16:25:01.278,10771,10773,10771,1
2019-09-11 16:25:21.233,10771,10772,10772,1
2019-09-11 16:25:57.447,10771,10772,10772,2
2019-09-11 16:26:03.100,10771,10772,10771,1
2019-09-11 16:26:06.669,10771,10772,10772,1
2019-09-11 16:26:12.189,10771,10772,10772,1
2019-09-11 16:26:26.650,10771,10772,10771,1
2019-09-11 16:26:52.095,10771,10772,10771,1
2019-09-11 16:26:54.254,10771,10772,10772,1
2019-09-11 16:26:54.563,10771,10772,10772,7
2019-09-11 16:26:56.117,10772,10773,10773,2
2019-09-11 16:27:36.265,10772,10773,10772,1
2019-09-11 16:27:36.404,10772,10773,10773,6
2019-09-11 16:27:37.659,10772,10773,10773,1
2019-09-11 16:27:42.011,10772,10773,10773,1
2019-09-11 16:27:52.049,10772,10773,10773,1
2019-09-11 16:27:57.043,10773,10774,10773,10
2019-09-11 16:28:12.016,10773,10774,10773,1
2019-09-11 16:28:27.075,10772,10773,10773,1
2019-09-11 16:28:48.837,10772,10773,10773,1
2019-09-11 16:29:18.495,10773,10774,10773,1
2019-09-11 16:30:18.519,10772,10773,10773,1
2019-09-11 16:30:25.862,10773,10774,10773,1
2019-09-11 16:30:25.862,10773,10774,10773,2
2019-09-11 16:30:50.278,10773,10774,10773,1
2019-09-11 16:30:59.697,10773,10774,10774,1
2019-09-11 16:31:06.374,10773,10774,10774,1
2019-09-11 16:31:06.732,10773,10774,10774,1
2019-09-11 16:31:07.251,10773,10774,10774,1
2019-09-11 16:31:07.747,10773,10774,10774,1
2019-09-11 16:31:08.403,10773,10774,10774,1
2019-09-11 16:31:13.083,10773,10774,10774,1
2019-09-11 16:31:47.893,10773,10774,10774,3
2019-09-11 16:31:56.479,10773,10774,10774,1
2019-09-11 16:32:00.513,10773,10774,10773,2
2019-09-11 16:32:22.254,10773,10774,10774,6
2019-09-11 16:32:28.426,10773,10774,10774,1
2019-09-11 16:32:37.825,10773,10774,10773,1
2019-09-11 16:32:40.913,10773,10774,10774,2
2019-09-11 16:32:41.102,10774,10775,10775,1
2019-09-11 16:33:14.938,10774,10775,10775,12
2019-09-11 16:33:34.677,10774,10775,10775,1
2019-09-11 16:33:36.451,10774,10775,10775,1
2019-09-11 16:33:50.683,10774,10775,10775,1
2019-09-11 16:33:57.084,10774,10775,10775,1
2019-09-11 16:34:26.813,10774,10775,10775,8
2019-09-11 16:34:45.094,10775,10776,10776,1
2019-09-11 16:34:51.284,10775,10776,10775,4
2019-09-11 16:34:56.771,10775,10776,10775,1
2019-09-11 16:35:08.104,10775,10776,10775,1
2019-09-11 16:35:08.104,10775,10776,10775,1
2019-09-11 16:35:12.661,10775,10776,10775,1
2019-09-11 16:35:22.475,10774,10775,10775,1
2019-09-11 16:35:27.096,10775,10776,10775,1
2019-09-11 16:35:31.373,10775,10776,10776,1
2019-09-11 16:35:32.401,10775,10776,10776,1
2019-09-11 16:37:01.003,10775,10776,10776,1
2019-09-11 16:37:01.207,10775,10776,10776,1
2019-09-11 16:37:09.690,10775,10776,10776,2
2019-09-11 16:37:26.926,10775,10776,10776,1
2019-09-11 16:37:32.214,10775,10776,10775,2
2019-09-11 16:37:37.091,10775,10776,10775,1
2019-09-11 16:37:40.839,10774,10775,10775,1
2019-09-11 16:37:41.930,10774,10775,10774,2
2019-09-11 16:38:18.743,10774,10775,10775,8
2019-09-11 16:38:18.743,10774,10775,10775,4
2019-09-11 16:38:24.239,10775,10776,10775,1
2019-09-11 16:39:06.392,10775,10776,10776,1
2019-09-11 16:39:45.889,10775,10776,10775,1
2019-09-11 16:39:46.060,10775,10776,10776,1
2019-09-11 16:40:09.922,10775,10776,10776,1
2019-09-11 16:40:15.066,10775,10776,10775,1
2019-09-11 16:40:33.369,10775,10776,10775,5
2019-09-11 16:40:45.474,10775,10776,10775,1
2019-09-11 16:40:54.060,10774,10775,10775,1
2019-09-11 16:40:57.367,10774,10776,10776,6
2019-09-11 16:40:57.367,10774,10776,10776,4
2019-09-11 16:40:57.367,10774,10776,10776,2
2019-09-11 16:40:57.367,10774,10776,10776,11
2019-09-11 16:40:57.367,10774,10776,10776,2
2019-09-11 16:40:57.369,10774,10776,10776,4
2019-09-11 16:40:57.379,10774,10776,10776,2
2019-09-11 16:40:57.429,10774,10776,10776,1
2019-09-11 16:40:57.431,10774,10776,10776,1
2019-09-11 16:40:57.438,10775,10776,10776,3
2019-09-11 16:40:57.438,10775,10776,10776,2
2019-09-11 16:40:57.438,10775,10776,10776,1
2019-09-11 16:40:57.438,10775,10776,10776,4
2019-09-11 16:40:57.465,10775,10776,10776,6
2019-09-11 16:40:57.492,10775,10776,10776,3
2019-09-11 16:40:57.504,10775,10776,10777,3
2019-09-11 16:40:57.520,10775,10776,10777,2
2019-09-11 16:40:57.542,10775,10776,10777,3
2019-09-11 16:40:57.729,10776,10777,10777,1
2019-09-11 16:40:57.751,10776,10777,10777,6
2019-09-11 16:40:58.119,10776,10777,10777,6
2019-09-11 16:40:58.314,10777,10778,10777,6
2019-09-11 16:40:58.345,10777,10778,10778,1
2019-09-11 16:40:58.438,10777,10778,10777,4
2019-09-11 16:40:58.563,10777,10778,10777,1
2019-09-11 16:40:58.563,10777,10778,10777,3
2019-09-11 16:40:58.596,10777,10778,10777,1
2019-09-11 16:40:59.244,10776,10777,10777,4
2019-09-11 16:40:59.518,10776,10777,10776,1
2019-09-11 16:41:01.999,10776,10777,10776,2
2019-09-11 16:41:02.870,10776,10777,10776,1
2019-09-11 16:41:09.287,10776,10777,10777,2
2019-09-11 16:41:10.737,10776,10777,10777,1
2019-09-11 16:41:13.110,10776,10777,10777,1
2019-09-11 16:41:15.862,10776,10777,10777,2
2019-09-11 16:41:17.634,10776,10777,10777,1
2019-09-11 16:41:18.742,10776,10777,10777,2
2019-09-11 16:41:18.742,10776,10777,10777,2
2019-09-11 16:41:18.742,10776,10777,10777,1
2019-09-11 16:41:18.743,10776,10777,10777,2
2019-09-11 16:41:46.156,10777,10778,10777,1
2019-09-11 16:41:56.167,10777,10778,10777,5
2019-09-11 16:41:56.377,10777,10778,10778,1
2019-09-11 16:42:02.599,10777,10778,10777,1
2019-09-11 16:42:08.753,10777,10778,10777,1
2019-09-11 16:42:16.956,10777,10778,10777,1
2019-09-11 16:42:21.607,10777,10778,10777,1
2019-09-11 16:42:25.471,10777,10778,10777,1
2019-09-11 16:42:31.198,10776,10777,10777,2
2019-09-11 16:43:05.836,10776,10777,10776,5
2019-09-11 16:43:10.948,10776,10777,10777,2
2019-09-11 16:43:14.202,10776,10777,10776,1
2019-09-11 16:43:38.207,10776,10777,10776,1
2019-09-11 16:44:10.290,10776,10777,10776,1
2019-09-11 16:44:46.318,10776,10777,10777,1
2019-09-11 16:44:50.398,10776,10777,10777,1
2019-09-11 16:45:00.509,10776,10777,10776,5
2019-09-11 16:45:04.091,10776,10777,10776,1
2019-09-11 16:45:05.402,10776,10777,10776,1
2019-09-11 16:45:05.402,10776,10777,10776,2
2019-09-11 16:45:44.837,10776,10777,10776,1
2019-09-11 16:45:46.465,10776,10777,10776,1
2019-09-11 16:45:50.658,10776,10777,10776,1
2019-09-11 16:45:54.444,10776,10777,10776,1
2019-09-11 16:46:00.831,10776,10777,10776,1
2019-09-11 16:46:25.146,10775,10776,10776,3
2019-09-11 16:46:29.791,10776,10777,10776,2
2019-09-11 16:48:51.994,10775,10776,10775,2
2019-09-11 16:48:52.227,10775,10776,10775,2
2019-09-11 16:48:52.461,10775,10776,10775,1
2019-09-11 16:49:06.985,10775,10776,10775,1
2019-09-11 16:49:16.793,10775,10776,10775,1
2019-09-11 16:49:26.084,10775,10776,10775,1
2019-09-11 16:49:51.200,10775,10776,10775,1
2019-09-11 16:50:10.840,10775,10776,10775,1
2019-09-11 16:50:14.292,10775,10776,10775,1
2019-09-11 16:50:30.347,10775,10776,10776,5
2019-09-11 16:50:39.552,10775,10776,10776,1
2019-09-11 16:50:47.931,10775,10776,10776,1
2019-09-11 16:50:56.440,10775,10776,10776,3
2019-09-11 16:51:10.757,10776,10777,10776,1
2019-09-11 16:51:17.482,10776,10777,10776,1
2019-09-11 16:51:33.962,10775,10776,10775,2
2019-09-11 16:51:36.177,10775,10776,10776,2
2019-09-11 16:51:38.650,10776,10777,10776,2
2019-09-11 16:51:45.191,10776,10777,10777,5
2019-09-11 16:51:45.583,10776,10777,10776,3
2019-09-11 16:51:53.677,10776,10777,10777,1
2019-09-11 16:51:54.050,10776,10777,10777,2
2019-09-11 16:52:01.071,10776,10777,10777,2
2019-09-11 16:52:12.890,10776,10777,10776,3
2019-09-11 16:52:13.704,10775,10776,10776,1
2019-09-11 16:52:27.742,10775,10776,10776,1
2019-09-11 16:53:15.616,10776,10777,10776,1
2019-09-11 16:53:15.947,10776,10777,10777,1
2019-09-11 16:54:41.724,10775,10776,10776,1
2019-09-11 16:54:46.093,10775,10776,10776,1
2019-09-11 16:54:46.328,10775,10776,10776,1
2019-09-11 16:54:52.464,10775,10776,10776,1
2019-09-11 16:54:58.933,10775,10776,10776,1
2019-09-11 16:55:01.109,10775,10776,10776,1
2019-09-11 16:55:45.599,10775,10776,10776,5
2019-09-11 16:56:01.947,10775,10776,10776,3
2019-09-11 16:56:01.947,10775,10776,10777,2
2019-09-11 16:56:21.313,10775,10777,10777,4
2019-09-11 16:56:37.669,10776,10777,10777,4
2019-09-11 16:56:55.043,10776,10777,10777,3
2019-09-11 16:57:10.398,10776,10777,10776,2
2019-09-11 16:57:10.438,10776,10777,10776,1
2019-09-11 16:57:18.161,10775,10776,10776,2
2019-09-11 16:57:33.477,10775,10776,10776,1
2019-09-11 16:57:34.483,10775,10776,10776,1
2019-09-11 16:57:38.021,10775,10777,10777,4
2019-09-11 16:57:48.951,10775,10776,10776,1
2019-09-11 16:57:48.951,10775,10776,10777,3
2019-09-11 16:57:58.624,10775,10776,10776,1
2019-09-11 16:58:02.813,10775,10776,10775,1
2019-09-11 16:58:09.082,10775,10776,10776,3
2019-09-11 16:58:09.279,10776,10777,10776,6
2019-09-11 16:58:47.174,10776,10777,10776,5
2019-09-11 16:58:47.415,10776,10777,10776,3
2019-09-11 16:59:04.474,10776,10777,10776,2
2019-09-11 16:59:05.755,10776,10777,10776,1
2019-09-11 16:59:27.839,10776,10777,10777,10
2019-09-11 16:59:28.868,10776,10777,10776,1
2019-09-11 16:59:39.379,10776,10777,10777,1
2019-09-11 16:59:42.695,10776,10777,10777,1
2019-09-11 16:59:44.021,10776,10777,10777,10
2019-09-11 17:00:03.134,10776,10777,10776,6
2019-09-11 17:00:03.134,10776,10777,10776,5
2019-09-11 17:00:03.148,10776,10777,10776,2
2019-09-11 17:00:03.149,10776,10777,10776,9
2019-09-11 17:00:03.338,10775,10776,10775,1
2019-09-11 17:00:03.391,10775,10776,10775,3
2019-09-11 17:00:03.391,10775,10776,10775,8
2019-09-11 17:00:03.395,10775,10776,10775,1
2019-09-11 17:00:03.395,10775,10776,10775,5
2019-09-11 17:00:03.395,10775,10776,10775,1
2019-09-11 17:00:03.403,10775,10776,10775,1
2019-09-11 17:00:03.410,10775,10776,10775,1
2019-09-11 17:00:03.425,10775,10776,10775,1
2019-09-11 17:00:03.425,10775,10776,10775,1
2019-09-11 17:00:03.458,10774,10775,10774,7
2019-09-11 17:00:03.458,10774,10775,10774,8
2019-09-11 17:00:03.459,10774,10775,10774,7
2019-09-11 17:00:03.459,10774,10775,10774,8
2019-09-11 17:00:03.563,10774,10775,10774,6
2019-09-11 17:00:03.628,10774,10775,10773,1
2019-09-11 17:00:03.649,10774,10775,10774,2
2019-09-11 17:00:03.722,10773,10774,10774,2
2019-09-11 17:00:03.722,10773,10774,10774,1
2019-09-11 17:00:03.722,10773,10774,10774,1
2019-09-11 17:00:03.722,10773,10774,10774,1
2019-09-11 17:00:03.722,10773,10774,10774,1
2019-09-11 17:00:03.723,10773,10774,10774,1
2019-09-11 17:00:03.723,10773,10774,10774,2
2019-09-11 17:00:03.726,10773,10774,10774,2
2019-09-11 17:00:03.726,10773,10774,10774,1
2019-09-11 17:00:05.410,10773,10774,10774,1
2019-09-11 17:00:06.438,10773,10774,10773,13
2019-09-11 17:00:06.662,10773,10774,10773,2
2019-09-11 17:00:06.663,10773,10774,10773,1
2019-09-11 17:00:06.663,10773,10774,10773,2
2019-09-11 17:00:06.663,10773,10774,10773,17
2019-09-11 17:00:06.663,10773,10774,10773,5
2019-09-11 17:00:06.664,10773,10774,10773,2
2019-09-11 17:00:06.664,10773,10774,10773,3
2019-09-11 17:00:06.688,10773,10774,10773,13
2019-09-11 17:00:06.688,10773,10774,10773,7
2019-09-11 17:00:06.688,10773,10774,10773,4
2019-09-11 17:00:07.292,10772,10773,10773,2
2019-09-11 17:00:07.294,10772,10773,10773,2
2019-09-11 17:00:09.316,10772,10773,10772,1
2019-09-11 17:00:09.782,10772,10773,10772,1
2019-09-11 17:00:10.113,10772,10773,10772,2
2019-09-11 17:00:11.293,10772,10773,10772,2
2019-09-11 17:00:11.652,10772,10773,10773,8
2019-09-11 17:00:11.813,10773,10774,10773,3
2019-09-11 17:00:12.586,10773,10774,10773,3
2019-09-11 17:00:15.686,10773,10774,10774,1
2019-09-11 17:00:15.847,10773,10774,10774,4
2019-09-11 17:00:16.815,10774,10775,10774,3
2019-09-11 17:00:18.390,10773,10775,10774,8
2019-09-11 17:00:19.859,10774,10775,10774,5
2019-09-11 17:00:21.816,10773,10774,10773,8
2019-09-11 17:00:23.212,10772,10773,10773,1
2019-09-11 17:00:23.271,10772,10773,10773,4
2019-09-11 17:00:24.459,10773,10774,10773,6
2019-09-11 17:00:24.960,10773,10774,10773,5
2019-09-11 17:00:25.113,10773,10774,10773,1
2019-09-11 17:00:25.309,10773,10774,10773,1
2019-09-11 17:00:26.190,10773,10774,10774,2
2019-09-11 17:00:26.230,10773,10774,10774,5
2019-09-11 17:00:27.174,10774,10775,10774,1
2019-09-11 17:00:27.552,10774,10775,10774,2
2019-09-11 17:00:28.688,10774,10775,10774,2
2019-09-11 17:00:32.723,10774,10775,10774,1
2019-09-11 17:00:33.663,10774,10775,10775,2
2019-09-11 17:00:34.285,10774,10775,10775,1
2019-09-11 17:00:35.226,10775,10776,10775,2
2019-09-11 17:00:50.009,10774,10775,10774,6
2019-09-11 17:00:56.036,10774,10775,10774,2
2019-09-11 17:00:58.306,10774,10775,10774,1
2019-09-11 17:01:01.735,10774,10775,10775,10
2019-09-11 17:01:06.564,10775,10776,10775,7
2019-09-11 17:01:11.566,10774,10775,10774,41
2019-09-11 17:01:28.286,10773,10774,10773,9
2019-09-11 17:01:28.574,10772,10773,10772,10
2019-09-11 17:01:28.575,10772,10773,10772,2
2019-09-11 17:01:28.594,10772,10773,10772,2
2019-09-11 17:01:28.624,10772,10773,10772,2
2019-09-11 17:01:29.706,10772,10773,10772,2
2019-09-11 17:01:32.813,10772,10773,10773,1
2019-09-11 17:01:34.600,10772,10773,10773,1
2019-09-11 17:01:57.466,10772,10773,10773,1
2019-09-11 17:01:57.770,10772,10773,10772,1
2019-09-11 17:01:59.504,10772,10773,10773,3
2019-09-11 17:02:00.625,10772,10773,10773,3
2019-09-11 17:02:07.548,10772,10773,10773,1
2019-09-11 17:02:11.132,10772,10773,10772,1
2019-09-11 17:02:16.400,10772,10773,10772,1
2019-09-11 17:02:23.971,10772,10773,10772,2
2019-09-11 17:02:28.428,10772,10773,10773,6
2019-09-11 17:02:34.966,10773,10774,10774,6
2019-09-11 17:02:45.487,10774,10775,10774,1
2019-09-11 17:02:51.604,10774,10775,10774,1
2019-09-11 17:02:54.485,10774,10775,10774,1
2019-09-11 17:03:16.942,10773,10774,10774,3
2019-09-11 17:04:17.573,10773,10774,10774,6
2019-09-11 17:04:17.688,10774,10775,10774,1
2019-09-11 17:04:36.430,10774,10775,10774,2
2019-09-11 17:05:01.322,10773,10774,10773,1
2019-09-11 17:05:02.633,10773,10774,10773,1
2019-09-11 17:05:09.551,10773,10774,10773,1
2019-09-11 17:05:11.288,10773,10774,10773,1
2019-09-11 17:05:13.808,10773,10774,10773,1
2019-09-11 17:05:18.994,10773,10774,10773,1
2019-09-11 17:05:19.213,10773,10774,10773,1
2019-09-11 17:05:53.196,10772,10773,10773,1
2019-09-11 17:05:57.662,10772,10773,10772,1
2019-09-11 17:05:57.760,10772,10773,10772,2
2019-09-11 17:05:59.039,10772,10773,10772,1
2019-09-11 17:05:59.241,10772,10773,10773,1
2019-09-11 17:06:10.028,10772,10773,10772,1
2019-09-11 17:06:21.736,10772,10773,10772,1
2019-09-11 17:06:37.799,10772,10773,10773,6
2019-09-11 17:06:45.129,10773,10774,10774,6
2019-09-11 17:06:46.769,10773,10774,10774,6
2019-09-11 17:07:00.287,10772,10773,10773,2
2019-09-11 17:07:00.288,10772,10773,10773,2
2019-09-11 17:07:29.299,10772,10773,10772,20
2019-09-11 17:07:42.359,10772,10773,10772,1
2019-09-11 17:07:50.923,10772,10773,10772,2
2019-09-11 17:08:03.625,10771,10772,10772,1
2019-09-11 17:08:04.948,10771,10772,10772,2
2019-09-11 17:08:11.245,10772,10773,10773,1
2019-09-11 17:08:25.203,10771,10772,10772,1
2019-09-11 17:08:27.197,10772,10773,10773,7
2019-09-11 17:08:27.205,10772,10773,10773,2
2019-09-11 17:08:52.844,10772,10773,10772,1
2019-09-11 17:08:59.493,10772,10773,10773,1
2019-09-11 17:08:59.493,10772,10773,10774,4
2019-09-11 17:10:10.755,10772,10773,10773,1
2019-09-11 17:10:16.981,10772,10773,10773,2
2019-09-11 17:10:21.381,10772,10773,10773,1
2019-09-11 17:10:58.327,10772,10773,10773,1
2019-09-11 17:10:59.604,10772,10773,10773,5
2019-09-11 17:11:15.355,10772,10773,10773,1
2019-09-11 17:11:16.734,10772,10773,10773,5
2019-09-11 17:11:25.734,10772,10773,10773,1
2019-09-11 17:11:29.240,10772,10773,10773,1
2019-09-11 17:11:45.258,10772,10773,10773,4
2019-09-11 17:11:46.575,10772,10773,10773,1
2019-09-11 17:11:49.453,10772,10773,10773,1
2019-09-11 17:12:18.471,10772,10773,10773,1
2019-09-11 17:12:38.157,10772,10773,10773,2
2019-09-11 17:12:49.436,10772,10773,10773,1
2019-09-11 17:12:50.723,10772,10773,10773,1
2019-09-11 17:13:16.587,10772,10773,10772,1
2019-09-11 17:13:25.959,10772,10773,10772,1
2019-09-11 17:14:03.561,10772,10773,10772,4
2019-09-11 17:14:03.564,10772,10773,10772,5
2019-09-11 17:14:03.675,10772,10773,10772,2
2019-09-11 17:14:03.675,10772,10773,10772,2
2019-09-11 17:14:03.675,10772,10773,10772,1
2019-09-11 17:14:03.675,10772,10773,10772,7
2019-09-11 17:14:06.168,10771,10772,10771,2
2019-09-11 17:14:06.332,10771,10772,10771,2
2019-09-11 17:14:06.508,10771,10772,10771,2
2019-09-11 17:14:15.899,10771,10772,10771,2
2019-09-11 17:14:22.905,10771,10772,10771,1
2019-09-11 17:14:22.973,10771,10772,10771,1
2019-09-11 17:14:32.040,10771,10772,10771,19
2019-09-11 17:14:32.189,10770,10771,10771,1
2019-09-11 17:14:52.307,10770,10771,10771,3
2019-09-11 17:15:13.371,10770,10771,10771,1
2019-09-11 17:15:14.218,10770,10771,10770,2
2019-09-11 17:15:23.703,10770,10771,10770,20
2019-09-11 17:15:24.955,10770,10771,10771,1
2019-09-11 17:15:26.525,10770,10771,10770,1
2019-09-11 17:15:30.400,10770,10771,10770,2
2019-09-11 17:15:33.679,10770,10771,10771,2
2019-09-11 17:15:45.800,10770,10771,10771,1
2019-09-11 17:15:59.755,10770,10771,10770,16
2019-09-11 17:16:10.545,10770,10771,10770,1
2019-09-11 17:16:19.889,10770,10771,10770,3
2019-09-11 17:16:24.795,10770,10771,10770,5
2019-09-11 17:16:26.934,10770,10771,10770,2
2019-09-11 17:16:30.726,10770,10771,10770,1
2019-09-11 17:16:34.333,10770,10771,10770,3
2019-09-11 17:16:45.299,10770,10771,10770,1
2019-09-11 17:16:51.382,10770,10771,10770,2
2019-09-11 17:16:52.580,10770,10771,10771,1
2019-09-11 17:16:53.918,10770,10771,10770,1
2019-09-11 17:16:59.278,10770,10771,10770,1
2019-09-11 17:16:59.814,10770,10771,10770,1
2019-09-11 17:17:02.036,10770,10771,10771,8
2019-09-11 17:17:02.036,10770,10771,10771,2
2019-09-11 17:17:02.036,10770,10771,10771,1
2019-09-11 17:17:02.036,10770,10771,10771,2
2019-09-11 17:17:02.037,10770,10771,10771,3
2019-09-11 17:17:02.037,10770,10771,10771,3
2019-09-11 17:17:02.037,10770,10771,10771,3
2019-09-11 17:17:02.037,10770,10771,10771,3
2019-09-11 17:17:09.604,10771,10772,10772,1
2019-09-11 17:17:22.627,10771,10772,10772,3
2019-09-11 17:17:33.803,10771,10772,10771,1
2019-09-11 17:17:39.093,10771,10772,10771,1
2019-09-11 17:17:57.144,10771,10772,10772,1
2019-09-11 17:17:59.098,10771,10772,10772,1
2019-09-11 17:18:37.477,10771,10772,10772,1
2019-09-11 17:18:37.519,10771,10772,10772,1
2019-09-11 17:18:38.461,10772,10773,10772,4
2019-09-11 17:18:44.614,10772,10773,10772,1
2019-09-11 17:18:48.218,10772,10773,10773,1
2019-09-11 17:18:59.464,10772,10773,10773,1
2019-09-11 17:19:23.112,10772,10773,10772,10
2019-09-11 17:19:32.296,10771,10773,10771,2
2019-09-11 17:19:58.657,10772,10773,10773,2
2019-09-11 17:20:01.921,10772,10773,10773,1
2019-09-11 17:20:04.138,10772,10773,10773,1
2019-09-11 17:20:55.076,10772,10773,10772,1
2019-09-11 17:21:19.802,10772,10773,10772,1
2019-09-11 17:21:27.199,10772,10773,10773,1
2019-09-11 17:22:10.667,10772,10773,10773,1
2019-09-11 17:22:25.456,10772,10773,10773,1
2019-09-11 17:22:53.438,10772,10773,10773,1
2019-09-11 17:22:55.321,10772,10773,10773,1
2019-09-11 17:22:56.214,10772,10773,10773,2
2019-09-11 17:22:58.286,10772,10773,10773,3
2019-09-11 17:22:58.313,10772,10773,10773,3
2019-09-11 17:23:04.018,10773,10774,10774,1
2019-09-11 17:23:06.975,10773,10774,10774,1
2019-09-11 17:23:09.090,10773,10774,10774,1
2019-09-11 17:23:11.708,10773,10774,10774,1
2019-09-11 17:23:13.478,10773,10774,10774,1
2019-09-11 17:23:16.328,10773,10774,10774,1
2019-09-11 17:23:19.492,10773,10774,10774,1
2019-09-11 17:23:24.229,10773,10774,10774,1
2019-09-11 17:23:40.699,10773,10774,10774,2
2019-09-11 17:23:42.442,10773,10774,10774,2
2019-09-11 17:23:44.183,10773,10774,10774,2
2019-09-11 17:23:52.136,10773,10774,10774,4
2019-09-11 17:23:58.047,10773,10774,10774,3
2019-09-11 17:23:58.063,10773,10774,10774,2
2019-09-11 17:24:01.061,10773,10774,10774,1
2019-09-11 17:24:02.911,10773,10774,10774,1
2019-09-11 17:24:02.938,10773,10774,10774,1
2019-09-11 17:24:02.938,10773,10774,10774,1
2019-09-11 17:24:03.293,10774,10775,10774,1
2019-09-11 17:24:05.844,10774,10775,10775,1
2019-09-11 17:24:11.569,10774,10775,10775,1
2019-09-11 17:24:15.274,10774,10775,10775,1
2019-09-11 17:24:18.415,10774,10775,10775,1
2019-09-11 17:24:30.313,10774,10775,10775,13
2019-09-11 17:24:30.438,10774,10775,10775,3
2019-09-11 17:24:30.438,10774,10775,10775,3
2019-09-11 17:24:36.123,10774,10775,10775,1
2019-09-11 17:24:37.436,10774,10775,10775,1
2019-09-11 17:24:38.565,10774,10775,10775,1
2019-09-11 17:24:41.004,10774,10775,10775,1
2019-09-11 17:24:41.772,10774,10775,10775,1
2019-09-11 17:24:43.791,10775,10776,10775,1
2019-09-11 17:24:58.341,10775,10776,10775,1
2019-09-11 17:25:13.447,10775,10776,10775,1
2019-09-11 17:25:36.147,10775,10776,10775,2
2019-09-11 17:26:36.909,10775,10776,10775,11
2019-09-11 17:26:43.002,10774,10775,10775,1
2019-09-11 17:26:52.267,10774,10775,10775,1
2019-09-11 17:26:52.676,10774,10775,10774,1
2019-09-11 17:27:20.353,10774,10775,10774,1
2019-09-11 17:27:20.977,10774,10775,10774,2
2019-09-11 17:27:28.336,10774,10775,10774,1
2019-09-11 17:27:44.759,10773,10774,10774,6
2019-09-11 17:27:53.080,10774,10775,10775,1
2019-09-11 17:29:15.530,10774,10775,10775,1
2019-09-11 17:29:24.919,10774,10775,10775,1
2019-09-11 17:29:43.204,10774,10775,10774,2
2019-09-11 17:29:45.290,10774,10775,10774,1
2019-09-11 17:29:58.518,10774,10775,10774,1
2019-09-11 17:29:58.937,10774,10775,10774,2
2019-09-11 17:29:58.937,10774,10775,10774,1
2019-09-11 17:29:58.938,10774,10775,10774,2
2019-09-11 17:29:59.494,10773,10774,10774,7
2019-09-11 17:30:03.567,10773,10774,10774,1
2019-09-11 17:30:03.953,10773,10774,10773,2
2019-09-11 17:30:09.250,10773,10774,10773,1
2019-09-11 17:30:09.252,10773,10774,10774,1
2019-09-11 17:30:10.694,10773,10774,10773,1
2019-09-11 17:30:13.592,10773,10774,10774,1
2019-09-11 17:30:16.063,10773,10774,10773,1
2019-09-11 17:30:23.275,10772,10773,10773,1
2019-09-11 17:30:59.329,10773,10774,10774,4
2019-09-11 17:31:00.712,10773,10774,10774,1
2019-09-11 17:31:06.585,10774,10775,10774,2
2019-09-11 17:31:13.025,10774,10775,10775,1
2019-09-11 17:31:13.057,10774,10775,10775,1
2019-09-11 17:31:37.738,10774,10775,10774,3
2019-09-11 17:31:42.952,10774,10775,10775,1
2019-09-11 17:32:15.635,10774,10775,10775,10
2019-09-11 17:32:16.939,10774,10775,10775,9
2019-09-11 17:32:32.596,10775,10776,10775,2
2019-09-11 17:32:49.088,10775,10776,10776,1
2019-09-11 17:32:50.625,10775,10776,10776,2
2019-09-11 17:32:50.626,10775,10776,10776,13
2019-09-11 17:32:50.626,10775,10776,10776,1
2019-09-11 17:32:50.627,10775,10776,10776,1
2019-09-11 17:32:50.688,10775,10776,10776,18
2019-09-11 17:32:50.688,10775,10776,10776,1
2019-09-11 17:32:50.688,10775,10776,10776,6
2019-09-11 17:32:50.688,10775,10776,10776,1
2019-09-11 17:32:50.688,10775,10776,10776,4
2019-09-11 17:32:50.688,10775,10776,10776,3
2019-09-11 17:32:58.074,10776,10777,10777,1
2019-09-11 17:32:58.609,10776,10777,10777,2
2019-09-11 17:32:58.751,10776,10777,10777,2
2019-09-11 17:33:00.542,10776,10777,10777,1
2019-09-11 17:33:05.077,10776,10777,10777,4
2019-09-11 17:33:12.295,10776,10777,10777,1
2019-09-11 17:33:42.487,10775,10777,10777,1
2019-09-11 17:34:43.695,10775,10776,10776,8
2019-09-11 17:34:43.695,10775,10776,10777,2
2019-09-11 17:34:44.787,10775,10777,10777,10
2019-09-11 17:34:55.903,10775,10776,10776,1
2019-09-11 17:34:56.038,10775,10776,10776,1
2019-09-11 17:35:08.484,10775,10776,10776,33
2019-09-11 17:35:08.485,10775,10776,10776,1
2019-09-11 17:35:08.792,10776,10777,10776,1
2019-09-11 17:36:37.687,10775,10776,10776,1
2019-09-11 17:39:18.030,10775,10776,10775,5
2019-09-11 17:39:32.143,10775,10776,10775,1
2019-09-11 17:40:03.696,10775,10776,10776,1
2019-09-11 17:40:39.245,10775,10776,10776,2
2019-09-11 17:40:43.076,10775,10776,10775,1
2019-09-11 17:41:07.928,10775,10776,10775,5
2019-09-11 17:41:41.973,10775,10776,10775,5
2019-09-11 17:41:58.752,10775,10776,10775,2
2019-09-11 17:42:17.961,10775,10776,10775,1
2019-09-11 17:42:26.668,10775,10776,10775,1
2019-09-11 17:42:36.366,10775,10776,10775,1
2019-09-11 17:42:43.858,10775,10776,10775,1
2019-09-11 17:42:58.308,10775,10776,10775,1
2019-09-11 17:43:06.154,10775,10776,10775,1
2019-09-11 17:43:19.144,10775,10776,10775,3
2019-09-11 17:43:24.105,10775,10776,10775,1
2019-09-11 17:43:24.105,10775,10776,10775,2
2019-09-11 17:43:29.248,10774,10776,10774,1
2019-09-11 17:43:56.090,10774,10775,10774,1
2019-09-11 17:44:19.575,10774,10775,10774,1
2019-09-11 17:44:19.579,10774,10775,10774,4
2019-09-11 17:44:19.688,10774,10775,10774,7
2019-09-11 17:45:03.366,10773,10774,10773,10
2019-09-11 17:45:03.367,10773,10774,10773,1
2019-09-11 17:45:04.019,10772,10773,10772,7
2019-09-11 17:45:18.692,10771,10772,10772,2
2019-09-11 17:45:18.692,10771,10772,10772,1
2019-09-11 17:45:18.692,10771,10772,10772,2
2019-09-11 17:45:18.692,10771,10772,10772,1
2019-09-11 17:45:18.788,10771,10772,10772,1
2019-09-11 17:45:18.931,10772,10773,10772,3
2019-09-11 17:45:31.896,10772,10773,10772,2
2019-09-11 17:45:43.496,10772,10773,10772,1
2019-09-11 17:45:44.882,10772,10773,10772,2
2019-09-11 17:45:50.573,10772,10773,10772,1
2019-09-11 17:45:58.719,10772,10773,10772,1
2019-09-11 17:46:04.132,10772,10773,10772,1
2019-09-11 17:46:18.471,10771,10772,10772,3
2019-09-11 17:46:24.763,10772,10773,10772,1
2019-09-11 17:46:54.641,10772,10773,10772,5
2019-09-11 17:47:25.845,10772,10773,10772,1
2019-09-11 17:47:44.471,10772,10773,10772,2
2019-09-11 17:47:59.059,10772,10773,10772,2
2019-09-11 17:48:12.254,10772,10773,10773,3
2019-09-11 17:48:12.313,10772,10773,10773,2
2019-09-11 17:48:28.823,10773,10774,10774,1
2019-09-11 17:49:24.070,10773,10774,10773,1
2019-09-11 17:49:31.599,10773,10774,10773,1
2019-09-11 17:49:46.603,10773,10774,10774,2
2019-09-11 17:49:46.688,10773,10774,10774,6
2019-09-11 17:50:09.672,10774,10775,10774,1
2019-09-11 17:50:28.279,10774,10775,10775,2
2019-09-11 17:50:42.055,10774,10775,10774,1
2019-09-11 17:51:00.824,10774,10775,10775,1
2019-09-11 17:51:00.829,10774,10775,10775,1
2019-09-11 17:51:00.829,10774,10775,10775,1
2019-09-11 17:51:00.831,10774,10775,10775,1
2019-09-11 17:51:00.833,10774,10775,10775,1
2019-09-11 17:51:00.833,10774,10775,10775,1
2019-09-11 17:52:04.332,10775,10776,10775,2
2019-09-11 17:52:49.644,10775,10776,10776,5
2019-09-11 17:52:56.635,10775,10776,10776,1
2019-09-11 17:53:08.207,10775,10776,10775,1
2019-09-11 17:53:22.178,10775,10776,10775,1
2019-09-11 17:53:52.621,10775,10776,10776,8
2019-09-11 17:53:52.803,10775,10776,10776,13
2019-09-11 17:53:58.733,10776,10777,10777,1
2019-09-11 17:54:10.554,10776,10777,10776,1
2019-09-11 17:54:13.721,10776,10777,10776,1
2019-09-11 17:54:15.488,10776,10777,10776,1
2019-09-11 17:54:15.969,10776,10777,10777,1
2019-09-11 17:54:21.364,10776,10777,10777,1
2019-09-11 17:54:28.135,10776,10777,10777,1
2019-09-11 17:54:35.888,10776,10777,10776,1
2019-09-11 17:54:36.147,10776,10777,10776,1
2019-09-11 17:55:17.484,10776,10777,10777,2
2019-09-11 17:55:27.322,10776,10777,10776,1
2019-09-11 17:55:28.630,10776,10777,10776,1
2019-09-11 17:55:40.754,10776,10777,10777,1
2019-09-11 17:55:40.977,10776,10777,10776,2
2019-09-11 17:55:46.432,10775,10776,10776,1
2019-09-11 17:55:50.449,10775,10776,10776,2
2019-09-11 17:55:52.873,10776,10777,10777,1
2019-09-11 17:56:04.268,10776,10777,10776,1
2019-09-11 17:56:15.595,10775,10776,10776,2
2019-09-11 17:56:23.387,10775,10776,10776,1
2019-09-11 17:56:33.938,10776,10777,10776,9
2019-09-11 17:56:37.583,10775,10776,10776,9
2019-09-11 17:56:37.584,10775,10776,10776,1
2019-09-11 17:56:57.686,10775,10776,10776,1
2019-09-11 17:58:01.703,10775,10776,10776,1
2019-09-11 17:58:44.419,10775,10776,10776,1
2019-09-11 17:58:47.897,10775,10776,10776,1
2019-09-11 17:58:57.064,10776,10777,10776,1
2019-09-11 17:59:03.183,10775,10776,10776,1
2019-09-11 17:59:04.520,10775,10776,10776,1
2019-09-11 18:00:04.290,10775,10776,10776,1
2019-09-11 18:00:05.371,10775,10776,10776,1
2019-09-11 18:00:10.090,10775,10776,10776,1
2019-09-11 18:00:12.365,10775,10776,10776,2
2019-09-11 18:00:12.365,10775,10776,10776,1
2019-09-11 18:00:12.366,10775,10776,10776,2
2019-09-11 18:00:12.366,10775,10776,10776,3
2019-09-11 18:00:12.366,10775,10776,10776,1
2019-09-11 18:00:12.366,10775,10776,10776,1
2019-09-11 18:00:13.178,10776,10777,10777,1
2019-09-11 18:00:22.246,10776,10777,10777,2
2019-09-11 18:00:27.316,10776,10777,10777,2
2019-09-11 18:00:32.772,10776,10777,10777,2
2019-09-11 18:00:46.302,10776,10777,10776,1
2019-09-11 18:00:46.308,10776,10777,10776,1
2019-09-11 18:00:46.313,10776,10777,10776,4
2019-09-11 18:01:03.043,10775,10776,10776,1
2019-09-11 18:01:31.234,10776,10777,10776,2
2019-09-11 18:01:35.827,10776,10777,10776,1
2019-09-11 18:01:35.956,10776,10777,10776,1
2019-09-11 18:02:08.768,10776,10777,10776,1
2019-09-11 18:02:33.071,10776,10777,10777,1
2019-09-11 18:02:33.228,10776,10777,10777,8
2019-09-11 18:03:00.945,10776,10777,10777,1
2019-09-11 18:03:01.172,10776,10777,10777,1
2019-09-11 18:03:32.927,10776,10777,10776,1
2019-09-11 18:03:37.719,10776,10777,10776,9
2019-09-11 18:03:37.720,10776,10777,10776,2
2019-09-11 18:03:37.729,10776,10777,10776,2
2019-09-11 18:03:37.730,10776,10777,10776,2
2019-09-11 18:03:37.732,10776,10777,10776,1
2019-09-11 18:03:37.732,10776,10777,10776,2
2019-09-11 18:03:37.732,10776,10777,10776,2
2019-09-11 18:03:37.732,10776,10777,10776,1
2019-09-11 18:03:37.732,10776,10777,10776,1
2019-09-11 18:03:37.732,10776,10777,10776,6
2019-09-11 18:03:37.733,10776,10777,10776,1
2019-09-11 18:03:37.733,10776,10777,10776,1
2019-09-11 18:03:37.813,10776,10777,10776,2
2019-09-11 18:03:38.366,10775,10776,10776,10
2019-09-11 18:03:44.692,10775,10776,10776,1
2019-09-11 18:04:45.952,10776,10777,10777,10
2019-09-11 18:05:22.186,10776,10777,10776,1
2019-09-11 18:05:34.518,10776,10777,10777,1
2019-09-11 18:05:35.634,10776,10777,10777,1
2019-09-11 18:05:35.693,10776,10777,10777,1
2019-09-11 18:05:35.701,10776,10777,10777,4
2019-09-11 18:05:35.711,10776,10777,10777,2
2019-09-11 18:05:40.853,10776,10777,10777,1
2019-09-11 18:06:16.798,10776,10777,10776,1
2019-09-11 18:06:25.420,10776,10777,10777,1
2019-09-11 18:06:49.918,10776,10777,10776,1
2019-09-11 18:07:44.006,10776,10777,10776,1
2019-09-11 18:07:45.162,10776,10777,10777,19
2019-09-11 18:07:45.188,10776,10777,10777,2
2019-09-11 18:07:45.313,10776,10777,10777,28
2019-09-11 18:07:52.563,10777,10778,10778,5
2019-09-11 18:07:52.773,10777,10778,10778,1
2019-09-11 18:07:52.781,10777,10778,10778,1
2019-09-11 18:07:53.298,10777,10778,10778,1
2019-09-11 18:07:53.327,10777,10778,10778,1
2019-09-11 18:07:53.434,10777,10778,10778,1
2019-09-11 18:07:53.438,10777,10778,10778,39
2019-09-11 18:07:53.941,10778,10779,10778,1
2019-09-11 18:07:54.024,10778,10779,10779,3
2019-09-11 18:07:54.126,10778,10779,10779,2
2019-09-11 18:07:54.213,10778,10779,10779,1
2019-09-11 18:07:54.218,10778,10779,10779,1
2019-09-11 18:07:54.272,10778,10779,10779,1
2019-09-11 18:07:54.280,10778,10779,10779,1
2019-09-11 18:07:54.336,10778,10779,10779,1
2019-09-11 18:07:54.338,10778,10779,10779,1
2019-09-11 18:07:54.340,10778,10779,10779,1
2019-09-11 18:07:54.483,10778,10779,10779,5
2019-09-11 18:07:54.484,10778,10779,10779,1
2019-09-11 18:07:54.487,10778,10779,10779,5
2019-09-11 18:07:54.608,10778,10779,10779,1
2019-09-11 18:07:54.641,10778,10779,10779,2
2019-09-11 18:07:54.642,10778,10779,10779,2
2019-09-11 18:07:54.643,10778,10779,10779,2
2019-09-11 18:07:54.665,10778,10779,10779,1
2019-09-11 18:07:54.673,10778,10779,10779,1
2019-09-11 18:07:54.743,10778,10779,10779,3
2019-09-11 18:07:54.745,10778,10779,10779,2
2019-09-11 18:07:54.752,10778,10779,10779,2
2019-09-11 18:07:54.752,10778,10779,10780,4
2019-09-11 18:07:54.865,10778,10780,10780,1
2019-09-11 18:07:54.987,10779,10780,10780,1
2019-09-11 18:07:55.182,10779,10780,10780,1
2019-09-11 18:07:55.414,10779,10780,10780,1
2019-09-11 18:07:55.494,10779,10780,10780,5
2019-09-11 18:07:55.509,10779,10780,10780,2
2019-09-11 18:07:56.638,10779,10780,10780,1
2019-09-11 18:08:35.031,10778,10780,10780,1
2019-09-11 18:08:35.632,10778,10780,10780,1
2019-09-11 18:08:35.851,10778,10780,10780,1
2019-09-11 18:08:44.261,10778,10779,10779,1
2019-09-11 18:08:50.609,10778,10779,10779,1
2019-09-11 18:08:58.960,10779,10780,10779,1
2019-09-11 18:09:00.357,10779,10780,10779,1
2019-09-11 18:09:00.733,10779,10780,10779,2
2019-09-11 18:09:02.695,10779,10780,10779,1
2019-09-11 18:09:07.347,10779,10780,10779,1
2019-09-11 18:09:09.269,10779,10780,10779,1
2019-09-11 18:09:12.306,10778,10779,10779,2
2019-09-11 18:09:13.066,10778,10779,10779,2
2019-09-11 18:09:21.247,10778,10779,10779,2
2019-09-11 18:09:21.978,10778,10779,10778,1
2019-09-11 18:09:34.038,10778,10779,10779,1
2019-09-11 18:09:35.728,10778,10779,10779,1
2019-09-11 18:09:40.868,10778,10779,10779,1
2019-09-11 18:09:42.301,10778,10779,10779,1
2019-09-11 18:09:42.301,10778,10779,10780,5
2019-09-11 18:09:46.657,10779,10780,10780,1
2019-09-11 18:09:50.159,10779,10780,10780,1
2019-09-11 18:09:54.695,10779,10780,10780,1
2019-09-11 18:09:54.737,10779,10780,10779,1
2019-09-11 18:10:05.966,10779,10780,10779,2
2019-09-11 18:10:06.421,10778,10780,10778,1
2019-09-11 18:10:09.202,10779,10780,10779,1
2019-09-11 18:10:12.898,10778,10779,10779,1
2019-09-11 18:10:13.451,10779,10780,10779,1
2019-09-11 18:10:18.127,10778,10779,10779,1
2019-09-11 18:10:30.400,10779,10780,10779,1
2019-09-11 18:10:35.762,10779,10780,10779,1
2019-09-11 18:10:43.672,10779,10780,10779,1
2019-09-11 18:10:47.296,10779,10780,10779,1
2019-09-11 18:10:56.840,10779,10780,10779,2
2019-09-11 18:11:00.686,10779,10780,10779,1
2019-09-11 18:11:08.204,10779,10780,10779,2
2019-09-11 18:11:08.714,10779,10780,10779,1
2019-09-11 18:11:09.683,10779,10780,10779,1
2019-09-11 18:11:20.318,10779,10780,10779,1
2019-09-11 18:11:23.452,10779,10780,10780,1
2019-09-11 18:11:23.965,10779,10780,10780,1
2019-09-11 18:11:29.242,10779,10780,10780,1
2019-09-11 18:11:34.812,10779,10780,10780,1
2019-09-11 18:11:35.411,10779,10780,10780,2
2019-09-11 18:11:42.891,10779,10780,10779,1
2019-09-11 18:11:49.408,10779,10780,10780,5
2019-09-11 18:11:51.192,10779,10780,10779,1
2019-09-11 18:12:01.893,10779,10780,10780,1
2019-09-11 18:12:02.462,10779,10780,10780,5
2019-09-11 18:12:08.008,10779,10780,10780,1
2019-09-11 18:12:12.394,10779,10780,10780,1
2019-09-11 18:12:14.786,10779,10780,10780,1
2019-09-11 18:12:16.961,10779,10780,10779,1
2019-09-11 18:12:17.269,10779,10780,10780,1
2019-09-11 18:12:21.313,10779,10780,10780,1
2019-09-11 18:12:22.026,10779,10780,10780,1
2019-09-11 18:12:25.684,10779,10780,10780,1
2019-09-11 18:12:27.665,10779,10780,10780,1
2019-09-11 18:12:34.662,10779,10780,10780,4
2019-09-11 18:12:34.834,10779,10780,10780,1
2019-09-11 18:12:39.350,10779,10780,10780,1
2019-09-11 18:12:47.522,10779,10780,10780,1
2019-09-11 18:12:56.781,10779,10780,10780,1
2019-09-11 18:13:05.073,10779,10780,10780,1
2019-09-11 18:13:06.555,10779,10780,10779,5
2019-09-11 18:13:07.437,10779,10780,10779,5
2019-09-11 18:13:54.068,10779,10780,10779,1
2019-09-11 18:14:20.801,10779,10780,10779,1
2019-09-11 18:15:03.953,10779,10780,10779,1
2019-09-11 18:15:04.603,10779,10780,10780,1
2019-09-11 18:15:04.695,10779,10780,10780,1
2019-09-11 18:15:04.835,10779,10780,10780,1
2019-09-11 18:15:04.838,10779,10780,10780,1
2019-09-11 18:15:04.838,10779,10780,10780,1
2019-09-11 18:15:04.846,10779,10780,10779,4
2019-09-11 18:15:04.905,10779,10780,10780,2
2019-09-11 18:15:04.939,10779,10780,10780,2
2019-09-11 18:15:05.009,10779,10780,10780,2
2019-09-11 18:15:09.999,10779,10780,10780,1
2019-09-11 18:15:13.252,10779,10780,10780,1
2019-09-11 18:15:20.691,10779,10780,10780,2
2019-09-11 18:15:22.543,10779,10780,10780,20
2019-09-11 18:15:39.192,10780,10781,10780,1
2019-09-11 18:15:42.293,10780,10781,10780,3
2019-09-11 18:15:44.248,10780,10781,10780,5
2019-09-11 18:15:45.090,10780,10781,10780,5
2019-09-11 18:15:45.399,10780,10781,10780,1
2019-09-11 18:15:47.761,10780,10781,10780,1
2019-09-11 18:15:49.312,10780,10781,10780,5
2019-09-11 18:15:50.639,10780,10781,10780,1
2019-09-11 18:15:50.639,10780,10781,10779,4
2019-09-11 18:15:54.115,10779,10780,10779,5
2019-09-11 18:15:55.680,10779,10780,10779,5
2019-09-11 18:16:29.006,10779,10780,10779,1
2019-09-11 18:16:36.095,10779,10780,10780,1
2019-09-11 18:16:46.058,10779,10780,10779,1
2019-09-11 18:16:48.179,10779,10780,10779,1
2019-09-11 18:17:21.043,10779,10780,10780,2
2019-09-11 18:17:21.064,10779,10780,10780,6
2019-09-11 18:17:21.750,10780,10781,10780,1
2019-09-11 18:17:23.292,10780,10781,10780,1
2019-09-11 18:17:25.987,10780,10781,10780,1
2019-09-11 18:17:32.425,10780,10781,10780,1
2019-09-11 18:17:36.627,10780,10781,10780,1
2019-09-11 18:17:42.203,10780,10781,10780,3
2019-09-11 18:17:47.951,10780,10781,10780,1
2019-09-11 18:17:49.058,10780,10781,10780,1
2019-09-11 18:17:55.743,10780,10781,10780,1
2019-09-11 18:18:00.213,10780,10781,10780,1
2019-09-11 18:18:15.877,10780,10781,10780,1
2019-09-11 18:18:16.266,10780,10781,10781,2
2019-09-11 18:18:25.123,10780,10781,10781,1
2019-09-11 18:18:38.836,10780,10781,10781,3
2019-09-11 18:18:55.734,10780,10781,10781,9
2019-09-11 18:18:58.129,10780,10781,10781,9
2019-09-11 18:19:14.949,10780,10781,10780,1
2019-09-11 18:19:18.124,10780,10781,10781,1
2019-09-11 18:19:19.678,10780,10781,10780,3
2019-09-11 18:19:30.444,10780,10781,10780,1
2019-09-11 18:19:52.666,10780,10781,10781,1
2019-09-11 18:20:03.941,10780,10781,10781,1
2019-09-11 18:20:04.529,10780,10781,10781,2
2019-09-11 18:20:04.791,10780,10781,10780,2
2019-09-11 18:20:05.616,10780,10781,10780,2
2019-09-11 18:20:06.719,10780,10781,10781,1
2019-09-11 18:20:07.005,10780,10781,10781,1
2019-09-11 18:20:07.012,10780,10781,10781,1
2019-09-11 18:20:08.104,10780,10781,10781,1
2019-09-11 18:20:13.242,10780,10781,10780,2
2019-09-11 18:20:22.343,10780,10781,10780,1
2019-09-11 18:21:01.394,10780,10781,10780,1
2019-09-11 18:21:01.858,10780,10781,10781,2
2019-09-11 18:21:02.354,10780,10781,10780,2
2019-09-11 18:21:09.581,10780,10781,10781,1
2019-09-11 18:21:16.793,10780,10781,10781,10
2019-09-11 18:21:22.302,10780,10781,10781,1
2019-09-11 18:21:25.057,10780,10781,10781,1
2019-09-11 18:21:37.300,10780,10781,10781,28
2019-09-11 18:21:40.953,10781,10782,10781,1
2019-09-11 18:21:44.290,10781,10782,10782,10
2019-09-11 18:21:45.653,10781,10782,10781,4
2019-09-11 18:21:49.207,10781,10782,10782,10
2019-09-11 18:21:52.965,10781,10782,10782,10
2019-09-11 18:21:53.313,10781,10782,10782,3
2019-09-11 18:21:55.604,10781,10783,10783,5
2019-09-11 18:21:55.717,10781,10783,10783,1
2019-09-11 18:21:55.723,10781,10783,10783,1
2019-09-11 18:21:55.729,10781,10783,10783,1
2019-09-11 18:21:55.734,10781,10783,10783,1
2019-09-11 18:21:55.780,10781,10783,10783,3
2019-09-11 18:21:55.845,10781,10783,10783,2
2019-09-11 18:21:55.953,10781,10783,10783,6
2019-09-11 18:21:55.962,10781,10783,10783,2
2019-09-11 18:21:55.965,10781,10783,10783,1
2019-09-11 18:21:56.438,10782,10783,10783,2
2019-09-11 18:21:57.802,10782,10783,10783,1
2019-09-11 18:21:58.957,10782,10783,10783,5
2019-09-11 18:22:02.265,10783,10784,10783,3
2019-09-11 18:22:02.891,10783,10784,10784,2
2019-09-11 18:22:02.962,10783,10784,10784,1
2019-09-11 18:22:02.996,10783,10784,10784,2
2019-09-11 18:22:03.207,10783,10784,10784,2
2019-09-11 18:22:04.367,10783,10784,10784,1
2019-09-11 18:22:04.740,10783,10784,10784,1
2019-09-11 18:22:07.235,10783,10784,10784,10
2019-09-11 18:22:08.965,10783,10784,10784,32
2019-09-11 18:22:09.063,10783,10784,10784,1
2019-09-11 18:22:12.481,10784,10785,10784,4
2019-09-11 18:22:12.835,10783,10784,10784,1
2019-09-11 18:22:13.686,10783,10784,10784,1
2019-09-11 18:22:15.750,10783,10784,10784,1
2019-09-11 18:22:22.137,10783,10784,10784,1
2019-09-11 18:22:27.166,10783,10784,10783,1
2019-09-11 18:22:31.066,10783,10784,10784,1
2019-09-11 18:22:39.383,10783,10784,10783,1
2019-09-11 18:22:39.462,10783,10784,10784,1
2019-09-11 18:22:40.465,10783,10784,10784,3
2019-09-11 18:22:46.170,10783,10784,10783,1
2019-09-11 18:22:47.409,10783,10784,10784,3
2019-09-11 18:22:48.422,10783,10784,10783,1
2019-09-11 18:22:49.272,10783,10784,10784,1
2019-09-11 18:22:49.428,10783,10784,10783,1
2019-09-11 18:22:50.219,10783,10784,10784,2
2019-09-11 18:22:53.411,10783,10784,10783,2
2019-09-11 18:22:55.184,10783,10784,10784,1
2019-09-11 18:22:55.413,10783,10784,10783,1
2019-09-11 18:22:59.749,10783,10784,10783,3
2019-09-11 18:23:01.133,10783,10784,10783,1
2019-09-11 18:23:01.905,10783,10784,10783,1
2019-09-11 18:23:02.728,10783,10784,10783,1
2019-09-11 18:23:07.483,10782,10783,10783,1
2019-09-11 18:23:09.535,10782,10783,10783,2
2019-09-11 18:23:13.570,10782,10783,10783,1
2019-09-11 18:23:18.618,10782,10783,10783,1
2019-09-11 18:23:20.238,10782,10783,10782,2
2019-09-11 18:23:43.755,10781,10782,10782,1
2019-09-11 18:23:49.095,10781,10782,10781,3
2019-09-11 18:23:59.087,10780,10782,10780,1
2019-09-11 18:24:06.007,10780,10782,10780,1
2019-09-11 18:24:08.719,10781,10782,10781,1
2019-09-11 18:24:10.747,10780,10781,10780,1
2019-09-11 18:24:14.536,10780,10781,10780,8
2019-09-11 18:24:16.896,10780,10781,10780,5
2019-09-11 18:24:21.296,10780,10781,10780,3
2019-09-11 18:24:23.773,10780,10781,10780,1
2019-09-11 18:24:31.686,10780,10781,10780,1
2019-09-11 18:24:44.515,10780,10781,10780,1
2019-09-11 18:24:46.288,10780,10781,10781,2
2019-09-11 18:24:52.512,10780,10781,10781,1
2019-09-11 18:25:05.280,10780,10781,10781,1
2019-09-11 18:25:06.805,10780,10781,10781,1
2019-09-11 18:25:18.125,10780,10781,10781,1
2019-09-11 18:25:21.405,10780,10781,10781,2
2019-09-11 18:25:22.021,10780,10781,10781,2
2019-09-11 18:25:26.055,10780,10781,10781,1
2019-09-11 18:25:32.125,10780,10781,10781,1
2019-09-11 18:25:35.725,10780,10781,10781,1
2019-09-11 18:25:52.416,10781,10782,10782,1
2019-09-11 18:25:56.561,10781,10782,10781,3
2019-09-11 18:26:21.763,10780,10781,10781,1
2019-09-11 18:26:28.913,10780,10781,10780,1
2019-09-11 18:26:33.904,10780,10781,10781,6
2019-09-11 18:26:34.208,10780,10781,10780,1
2019-09-11 18:26:40.763,10780,10781,10780,1
2019-09-11 18:26:41.944,10780,10781,10780,1
2019-09-11 18:27:04.444,10780,10781,10780,11
2019-09-11 18:27:04.563,10780,10781,10780,4
2019-09-11 18:27:15.511,10779,10780,10780,1
2019-09-11 18:27:33.274,10779,10780,10780,1
2019-09-11 18:28:14.710,10779,10780,10780,1
2019-09-11 18:28:14.787,10779,10780,10780,1
2019-09-11 18:28:15.566,10779,10780,10780,1
2019-09-11 18:28:38.203,10779,10780,10780,1
2019-09-11 18:28:41.668,10779,10780,10780,1
2019-09-11 18:28:50.621,10780,10781,10780,1
2019-09-11 18:29:03.869,10780,10781,10780,2
2019-09-11 18:29:43.797,10779,10780,10779,1
2019-09-11 18:29:43.839,10779,10780,10779,1
2019-09-11 18:29:54.235,10779,10780,10779,2
2019-09-11 18:29:56.426,10779,10780,10779,5
2019-09-11 18:30:20.325,10779,10780,10780,1
2019-09-11 18:30:37.939,10779,10780,10780,1
2019-09-11 18:30:37.939,10779,10780,10780,2
2019-09-11 18:30:37.940,10779,10780,10780,1
2019-09-11 18:30:41.938,10779,10780,10780,1
2019-09-11 18:30:42.434,10779,10780,10780,1
2019-09-11 18:30:42.599,10779,10780,10780,2
2019-09-11 18:30:46.832,10779,10780,10780,2
2019-09-11 18:31:09.573,10779,10780,10780,1
2019-09-11 18:31:22.808,10779,10780,10780,1
2019-09-11 18:31:28.591,10779,10780,10780,1
2019-09-11 18:31:54.560,10780,10781,10780,1
2019-09-11 18:32:33.074,10780,10781,10781,1
2019-09-11 18:33:05.670,10780,10781,10781,1
2019-09-11 18:33:11.459,10780,10781,10781,1
2019-09-11 18:34:05.553,10780,10781,10780,1
2019-09-11 18:34:43.937,10780,10781,10780,1
2019-09-11 18:35:16.641,10780,10781,10780,5
2019-09-11 18:35:25.455,10780,10781,10780,1
2019-09-11 18:35:42.090,10780,10781,10781,16
2019-09-11 18:35:42.188,10780,10781,10781,6
2019-09-11 18:37:01.252,10781,10782,10782,2
2019-09-11 18:37:01.253,10781,10782,10782,2
2019-09-11 18:37:01.253,10781,10782,10782,1
2019-09-11 18:37:01.255,10781,10782,10782,3
2019-09-11 18:37:12.239,10782,10783,10782,1
2019-09-11 18:37:36.769,10782,10783,10782,1
2019-09-11 18:37:40.063,10782,10783,10782,9
2019-09-11 18:37:47.674,10781,10782,10782,1
2019-09-11 18:37:52.038,10781,10782,10782,2
2019-09-11 18:37:52.236,10781,10783,10782,1
2019-09-11 18:37:52.433,10782,10783,10782,1
2019-09-11 18:38:36.033,10781,10782,10782,1
2019-09-11 18:39:00.346,10781,10782,10782,1
2019-09-11 18:39:13.584,10781,10782,10782,1
2019-09-11 18:39:20.388,10781,10782,10782,1
2019-09-11 18:39:39.414,10781,10782,10782,1
2019-09-11 18:39:42.866,10781,10782,10782,3
2019-09-11 18:40:13.875,10782,10783,10783,1
2019-09-11 18:40:14.778,10782,10783,10783,1
2019-09-11 18:40:23.566,10782,10783,10783,1
2019-09-11 18:40:31.448,10782,10783,10783,1
2019-09-11 18:40:32.596,10782,10783,10783,21
2019-09-11 18:40:45.608,10783,10784,10784,2
2019-09-11 18:40:45.685,10783,10784,10783,3
2019-09-11 18:40:46.045,10782,10784,10784,2
2019-09-11 18:40:48.544,10783,10784,10783,2
2019-09-11 18:40:54.507,10782,10783,10783,1
2019-09-11 18:40:58.054,10782,10783,10783,1
2019-09-11 18:41:03.811,10782,10783,10782,2
2019-09-11 18:41:08.813,10782,10783,10782,1
2019-09-11 18:41:14.472,10782,10783,10782,1
2019-09-11 18:41:21.204,10782,10783,10782,1
2019-09-11 18:41:27.577,10781,10782,10782,1
2019-09-11 18:41:42.017,10782,10783,10782,1
2019-09-11 18:41:46.973,10782,10783,10782,1
2019-09-11 18:41:47.135,10781,10783,10782,1
2019-09-11 18:41:53.439,10782,10783,10783,2
2019-09-11 18:42:14.641,10782,10783,10783,5
2019-09-11 18:42:14.879,10782,10783,10783,5
2019-09-11 18:42:15.113,10782,10783,10783,2
2019-09-11 18:42:23.680,10783,10784,10784,2
2019-09-11 18:42:39.515,10783,10784,10784,1
2019-09-11 18:42:48.594,10783,10784,10784,6
2019-09-11 18:42:52.842,10783,10784,10784,1
2019-09-11 18:43:12.063,10783,10784,10783,1
2019-09-11 18:43:12.188,10783,10784,10783,3
2019-09-11 18:43:12.313,10783,10784,10783,1
2019-09-11 18:43:12.313,10783,10784,10783,1
2019-09-11 18:43:17.352,10783,10784,10783,3
2019-09-11 18:43:20.563,10783,10784,10783,3
2019-09-11 18:43:20.813,10783,10784,10783,3
2019-09-11 18:43:27.945,10783,10784,10783,1
2019-09-11 18:43:44.218,10782,10784,10782,1
2019-09-11 18:44:01.402,10782,10783,10783,3
2019-09-11 18:44:29.611,10782,10783,10782,1
2019-09-11 18:44:59.783,10782,10783,10783,1
2019-09-11 18:45:24.747,10782,10783,10782,1
2019-09-11 18:45:24.962,10782,10783,10783,1
2019-09-11 18:45:25.156,10782,10783,10783,1
2019-09-11 18:45:27.060,10782,10783,10783,1
2019-09-11 18:45:41.027,10782,10783,10782,1
2019-09-11 18:45:47.807,10782,10783,10782,6
2019-09-11 18:45:52.870,10782,10783,10782,1
2019-09-11 18:46:15.404,10782,10783,10782,1
2019-09-11 18:46:41.515,10782,10783,10782,5
2019-09-11 18:46:49.442,10782,10783,10782,5
2019-09-11 18:46:51.163,10781,10783,10782,1
2019-09-11 18:46:51.164,10781,10783,10782,1
2019-09-11 18:47:04.260,10781,10782,10782,2
2019-09-11 18:47:21.082,10781,10783,10781,1
2019-09-11 18:47:30.195,10781,10783,10782,1
2019-09-11 18:48:00.730,10782,10783,10782,2
2019-09-11 18:48:26.448,10781,10782,10781,1
2019-09-11 18:48:37.387,10781,10782,10781,5
2019-09-11 18:48:44.843,10781,10782,10781,2
2019-09-11 18:48:48.411,10781,10782,10781,1
2019-09-11 18:48:50.923,10781,10782,10781,8
2019-09-11 18:48:50.938,10780,10781,10781,12
2019-09-11 18:49:02.261,10781,10782,10782,4
2019-09-11 18:49:34.822,10781,10782,10782,1
2019-09-11 18:49:44.203,10781,10782,10781,2
2019-09-11 18:50:12.083,10780,10781,10781,1
2019-09-11 18:50:17.944,10780,10781,10781,4
2019-09-11 18:50:21.020,10781,10782,10781,2
2019-09-11 18:50:21.020,10781,10782,10781,1
2019-09-11 18:50:21.063,10781,10782,10781,4
2019-09-11 18:50:26.785,10780,10781,10780,4
2019-09-11 18:50:26.789,10780,10781,10780,2
2019-09-11 18:50:26.813,10780,10781,10780,4
2019-09-11 18:50:26.814,10780,10781,10780,4
2019-09-11 18:50:27.320,10779,10780,10779,2
2019-09-11 18:50:27.611,10779,10780,10779,1
2019-09-11 18:50:27.688,10779,10780,10779,1
2019-09-11 18:50:27.688,10779,10780,10779,10
2019-09-11 18:50:27.813,10779,10780,10779,3
2019-09-11 18:50:27.863,10779,10780,10779,1
2019-09-11 18:50:35.939,10779,10780,10780,1
2019-09-11 18:50:42.910,10780,10781,10780,1
2019-09-11 18:50:46.090,10779,10780,10780,2
2019-09-11 18:50:50.016,10780,10781,10780,2
2019-09-11 18:50:54.090,10779,10780,10780,1
2019-09-11 18:50:56.424,10779,10781,10780,4
2019-09-11 18:50:56.518,10779,10780,10780,2
2019-09-11 18:50:56.519,10779,10780,10780,1
2019-09-11 18:50:56.520,10779,10780,10780,1
2019-09-11 18:50:56.520,10779,10780,10780,2
2019-09-11 18:51:01.024,10780,10781,10780,2
2019-09-11 18:51:04.895,10780,10781,10780,1
2019-09-11 18:51:13.582,10780,10781,10780,1
2019-09-11 18:51:14.097,10780,10781,10780,4
2019-09-11 18:51:14.548,10779,10780,10780,1
2019-09-11 18:51:15.090,10779,10780,10780,1
2019-09-11 18:51:28.777,10779,10780,10780,1
2019-09-11 18:51:56.194,10779,10780,10779,2
2019-09-11 18:52:00.055,10779,10780,10779,1
2019-09-11 18:52:19.611,10779,10780,10779,4
2019-09-11 18:52:24.221,10779,10780,10779,10
2019-09-11 18:52:25.090,10778,10779,10779,2
2019-09-11 18:52:25.159,10778,10779,10779,3
2019-09-11 18:53:05.788,10779,10780,10779,1
2019-09-11 18:53:06.917,10779,10780,10779,1
2019-09-11 18:53:21.101,10778,10779,10778,3
2019-09-11 18:53:21.256,10778,10779,10778,1
2019-09-11 18:53:27.131,10778,10779,10779,1
2019-09-11 18:53:59.847,10778,10779,10778,1
2019-09-11 18:54:06.716,10778,10779,10779,1
2019-09-11 18:54:19.753,10778,10779,10779,1
2019-09-11 18:54:20.892,10778,10779,10779,4
2019-09-11 18:54:24.107,10778,10779,10778,15
2019-09-11 18:54:27.758,10778,10779,10778,1
2019-09-11 18:54:27.877,10778,10779,10778,1
2019-09-11 18:54:31.076,10778,10779,10778,1
2019-09-11 18:54:32.016,10778,10779,10778,1
2019-09-11 18:54:33.025,10778,10779,10778,1
2019-09-11 18:54:36.305,10778,10779,10778,1
2019-09-11 18:54:36.603,10778,10779,10778,1
2019-09-11 18:54:38.416,10778,10779,10778,1
2019-09-11 18:54:44.694,10778,10779,10778,2
2019-09-11 18:54:44.695,10778,10779,10778,1
2019-09-11 18:54:44.695,10778,10779,10778,1
2019-09-11 18:54:44.695,10778,10779,10778,4
2019-09-11 18:54:44.746,10778,10779,10778,3
2019-09-11 18:55:08.571,10777,10778,10778,1
2019-09-11 18:55:09.344,10777,10778,10777,2
2019-09-11 18:55:12.385,10777,10778,10777,1
2019-09-11 18:55:23.560,10777,10778,10777,1
2019-09-11 18:55:24.591,10777,10778,10777,3
2019-09-11 18:55:25.584,10777,10778,10778,5
2019-09-11 18:55:39.889,10778,10779,10778,6
2019-09-11 18:55:55.022,10778,10779,10778,2
2019-09-11 18:56:14.642,10778,10779,10779,1
2019-09-11 18:57:16.631,10778,10779,10779,1
2019-09-11 18:57:36.444,10778,10779,10779,1
2019-09-11 18:57:38.585,10778,10779,10779,1
2019-09-11 18:58:17.419,10778,10779,10779,1
2019-09-11 18:58:44.505,10778,10779,10779,2
2019-09-11 18:58:48.732,10778,10779,10779,1
2019-09-11 18:59:05.872,10778,10779,10779,1
2019-09-11 18:59:36.926,10778,10779,10779,2
2019-09-11 18:59:36.938,10778,10779,10779,1
2019-09-11 18:59:47.379,10778,10779,10779,1
2019-09-11 19:00:06.806,10778,10779,10778,3
2019-09-11 19:00:07.370,10778,10779,10778,2
2019-09-11 19:00:07.660,10778,10779,10778,1
2019-09-11 19:00:07.853,10778,10779,10778,1
2019-09-11 19:00:07.862,10778,10779,10778,1
2019-09-11 19:00:08.064,10778,10779,10778,1
2019-09-11 19:00:08.265,10778,10779,10778,1
2019-09-11 19:00:08.463,10778,10779,10778,7
2019-09-11 19:00:08.463,10778,10779,10777,3
2019-09-11 19:00:08.665,10777,10779,10777,1
