2024-09-02 15:00:00.060,22220,22222,22215,48,-48
2024-09-02 15:00:00.061,22213,22215,22213,3,-3
2024-09-02 15:00:00.063,22213,22215,22209,1,-1
2024-09-02 15:00:00.124,22208,22215,22215,1,1
2024-09-02 15:00:00.124,22208,22215,22216,4,4
2024-09-02 15:00:00.231,22208,22216,22216,4,4
2024-09-02 15:00:00.233,22208,22216,22212,1,1
2024-09-02 15:00:00.233,22208,22216,22212,1,1
2024-09-02 15:00:00.364,22212,22214,22214,1,1
2024-09-02 15:00:00.372,22212,22214,22215,2,2
2024-09-02 15:00:00.372,22212,22214,22216,2,2
2024-09-02 15:00:00.373,22212,22214,22213,1,1
2024-09-02 15:00:00.386,22212,22214,22216,2,2
2024-09-02 15:00:00.390,22212,22214,22213,1,1
2024-09-02 15:00:00.435,22212,22215,22216,1,1
2024-09-02 15:00:00.435,22212,22215,22215,3,3
2024-09-02 15:00:00.448,22212,22215,22216,2,2
2024-09-02 15:00:00.448,22212,22215,22217,2,2
2024-09-02 15:00:00.474,22212,22215,22213,1,-1
2024-09-02 15:00:00.519,22212,22215,22213,1,-1
2024-09-02 15:00:00.525,22212,22215,22215,1,1
2024-09-02 15:00:00.525,22212,22215,22216,1,1
2024-09-02 15:00:00.525,22212,22215,22217,1,1
2024-09-02 15:00:00.525,22212,22215,22218,2,2
2024-09-02 15:00:00.578,22213,22217,22213,1,-1
2024-09-02 15:00:00.627,22213,22217,22217,1,1
2024-09-02 15:00:00.628,22213,22217,22214,1,-1
2024-09-02 15:00:00.635,22213,22217,22217,1,1
2024-09-02 15:00:00.662,22213,22217,22215,1,1
2024-09-02 15:00:00.662,22213,22217,22218,1,1
2024-09-02 15:00:00.689,22214,22217,22217,1,1
2024-09-02 15:00:00.689,22214,22217,22214,1,-1
2024-09-02 15:00:00.782,22214,22217,22216,1,1
2024-09-02 15:00:00.783,22214,22217,22214,1,-1
2024-09-02 15:00:00.841,22213,22216,22213,1,-1
2024-09-02 15:00:00.876,22213,22216,22212,1,-1
2024-09-02 15:00:01.025,22213,22215,22213,1,-1
2024-09-02 15:00:01.166,22212,22215,22212,1,-1
2024-09-02 15:00:01.209,22212,22214,22213,1,-1
2024-09-02 15:00:01.209,22212,22214,22213,1,-1
2024-09-02 15:00:01.503,22212,22214,22212,1,-1
2024-09-02 15:00:01.503,22212,22214,22212,1,-1
2024-09-02 15:00:01.504,22212,22214,22212,1,-1
2024-09-02 15:00:01.634,22211,22213,22213,1,1
2024-09-02 15:00:01.767,22213,22214,22213,1,-1
2024-09-02 15:00:01.781,22213,22214,22214,2,2
2024-09-02 15:00:01.865,22213,22214,22214,1,1
2024-09-02 15:00:01.894,22213,22214,22213,1,-1
2024-09-02 15:00:02.088,22212,22214,22214,1,1
2024-09-02 15:00:02.089,22212,22214,22213,1,1
2024-09-02 15:00:02.221,22213,22215,22215,4,4
2024-09-02 15:00:02.325,22215,22217,22217,2,2
2024-09-02 15:00:02.389,22215,22217,22215,1,-1
2024-09-02 15:00:02.502,22215,22217,22217,1,1
2024-09-02 15:00:02.597,22216,22218,22216,1,-1
2024-09-02 15:00:02.666,22216,22218,22215,1,-1
2024-09-02 15:00:03.775,22214,22217,22214,2,-2
2024-09-02 15:00:04.686,22215,22217,22217,1,1
2024-09-02 15:00:05.688,22216,22217,22217,2,2
2024-09-02 15:00:05.690,22216,22217,22218,3,3
2024-09-02 15:00:05.785,22216,22217,22219,1,1
2024-09-02 15:00:06.593,22217,22219,22217,3,-3
2024-09-02 15:00:06.593,22217,22219,22216,2,-2
2024-09-02 15:00:06.593,22217,22219,22215,1,-1
2024-09-02 15:00:07.329,22216,22218,22216,1,-1
2024-09-02 15:00:07.440,22215,22217,22215,1,-1
2024-09-02 15:00:07.578,22215,22217,22215,1,-1
2024-09-02 15:00:07.828,22214,22217,22214,4,-4
2024-09-02 15:00:07.853,22214,22217,22215,2,-2
2024-09-02 15:00:07.853,22214,22217,22216,1,1
2024-09-02 15:00:07.870,22214,22217,22214,2,-2
2024-09-02 15:00:08.540,22213,22216,22213,3,-3
2024-09-02 15:00:08.540,22213,22216,22212,1,-1
2024-09-02 15:00:08.542,22213,22216,22212,6,-6
2024-09-02 15:00:08.853,22211,22214,22213,1,1
2024-09-02 15:00:08.853,22211,22214,22214,1,1
2024-09-02 15:00:09.028,22212,22215,22212,2,-2
2024-09-02 15:00:09.299,22211,22214,22211,1,-1
2024-09-02 15:00:09.853,22212,22215,22214,1,1
2024-09-02 15:00:09.853,22212,22215,22215,3,3
2024-09-02 15:00:09.865,22212,22215,22213,1,-1
2024-09-02 15:00:10.803,22212,22214,22212,1,-1
2024-09-02 15:00:11.854,22212,22214,22214,2,2
2024-09-02 15:00:12.296,22212,22215,22213,1,-1
2024-09-02 15:00:12.391,22212,22215,22212,1,-1
2024-09-02 15:00:12.853,22212,22215,22215,1,1
2024-09-02 15:00:12.879,22212,22215,22216,1,1
2024-09-02 15:00:13.855,22212,22214,22212,1,-1
2024-09-02 15:00:13.879,22212,22214,22213,1,-1
2024-09-02 15:00:14.285,22212,22213,22212,1,-1
2024-09-02 15:00:14.287,22212,22213,22211,1,-1
2024-09-02 15:00:14.879,22209,22212,22212,2,2
2024-09-02 15:00:15.800,22209,22211,22211,1,1
2024-09-02 15:00:16.039,22209,22212,22212,1,1
2024-09-02 15:00:16.108,22210,22212,22212,2,2
2024-09-02 15:00:16.338,22210,22213,22213,2,2
2024-09-02 15:00:16.443,22211,22213,22213,1,1
2024-09-02 15:00:16.879,22211,22212,22214,1,1
2024-09-02 15:00:17.211,22210,22212,22212,1,1
2024-09-02 15:00:17.660,22210,22211,22210,1,-1
2024-09-02 15:00:17.660,22210,22211,22209,2,-2
2024-09-02 15:00:17.879,22208,22211,22212,1,1
2024-09-02 15:00:19.171,22210,22213,22210,3,-3
2024-09-02 15:00:20.791,22209,22212,22209,3,-3
2024-09-02 15:00:22.077,22208,22211,22208,5,-5
2024-09-02 15:00:22.706,22208,22209,22208,1,-1
2024-09-02 15:00:23.558,22207,22210,22207,2,-2
2024-09-02 15:00:24.724,22206,22209,22206,1,-1
2024-09-02 15:00:26.016,22208,22209,22208,1,-1
2024-09-02 15:00:26.903,22207,22209,22207,1,-1
2024-09-02 15:00:27.270,22206,22207,22206,1,-1
2024-09-02 15:00:27.584,22206,22207,22206,2,-2
2024-09-02 15:00:27.585,22206,22207,22206,1,-1
2024-09-02 15:00:27.587,22206,22207,22207,4,4
2024-09-02 15:00:27.588,22206,22207,22208,2,2
2024-09-02 15:00:27.589,22206,22207,22207,1,1
2024-09-02 15:00:27.590,22206,22207,22208,1,1
2024-09-02 15:00:27.937,22207,22209,22209,1,1
2024-09-02 15:00:27.942,22207,22209,22210,4,4
2024-09-02 15:00:30.126,22209,22211,22211,3,3
2024-09-02 15:00:31.592,22211,22213,22213,2,2
2024-09-02 15:00:31.593,22211,22213,22213,1,1
2024-09-02 15:00:36.064,22212,22213,22212,1,-1
2024-09-02 15:00:42.826,22210,22212,22212,1,1
2024-09-02 15:00:42.827,22210,22212,22212,1,1
2024-09-02 15:00:49.664,22211,22213,22211,1,-1
2024-09-02 15:00:50.013,22211,22213,22211,1,-1
2024-09-02 15:00:50.376,22211,22213,22211,1,-1
2024-09-02 15:00:53.610,22211,22213,22211,1,-1
2024-09-02 15:00:54.253,22210,22213,22210,1,-1
2024-09-02 15:00:55.506,22209,22211,22209,2,-2
2024-09-02 15:00:55.506,22209,22211,22209,1,-1
2024-09-02 15:00:55.507,22209,22211,22208,1,-1
2024-09-02 15:00:56.150,22207,22209,22207,1,-1
2024-09-02 15:00:56.150,22207,22209,22207,1,-1
2024-09-02 15:00:57.226,22207,22209,22209,1,1
2024-09-02 15:00:57.227,22207,22209,22210,1,1
2024-09-02 15:00:57.710,22209,22211,22209,1,-1
2024-09-02 15:00:59.767,22208,22211,22208,5,-5
2024-09-02 15:00:59.777,22208,22211,22207,1,-1
2024-09-02 15:01:00.066,22207,22209,22207,2,-2
2024-09-02 15:01:00.178,22207,22210,22208,1,-1
2024-09-02 15:01:00.334,22207,22210,22210,1,1
2024-09-02 15:01:01.134,22207,22209,22207,1,-1
2024-09-02 15:01:02.393,22207,22209,22207,1,-1
2024-09-02 15:01:02.649,22207,22209,22207,1,-1
2024-09-02 15:01:04.226,22207,22209,22209,2,2
2024-09-02 15:01:06.176,22207,22209,22209,3,3
2024-09-02 15:01:06.186,22208,22210,22208,3,-3
2024-09-02 15:01:07.337,22208,22210,22210,1,1
2024-09-02 15:01:10.454,22207,22209,22207,1,-1
2024-09-02 15:01:12.514,22207,22210,22207,1,-1
2024-09-02 15:01:13.382,22208,22210,22208,3,-3
2024-09-02 15:01:13.382,22208,22210,22207,1,-1
2024-09-02 15:01:14.576,22208,22210,22209,1,-1
2024-09-02 15:01:14.733,22208,22210,22210,1,1
2024-09-02 15:01:14.776,22208,22210,22211,3,3
2024-09-02 15:01:14.820,22210,22212,22210,2,-2
2024-09-02 15:01:15.626,22210,22212,22210,1,-1
2024-09-02 15:01:16.843,22210,22212,22212,5,5
2024-09-02 15:01:16.844,22210,22212,22213,3,3
2024-09-02 15:01:16.845,22210,22212,22214,4,4
2024-09-02 15:01:16.847,22210,22212,22215,7,7
2024-09-02 15:01:17.395,22214,22216,22214,1,-1
2024-09-02 15:01:17.395,22214,22216,22215,1,-1
2024-09-02 15:01:17.549,22213,22215,22213,1,-1
2024-09-02 15:01:18.211,22214,22216,22214,1,-1
2024-09-02 15:01:19.122,22214,22215,22214,1,-1
2024-09-02 15:01:19.751,22213,22215,22215,2,2
2024-09-02 15:01:19.752,22213,22215,22216,2,2
2024-09-02 15:01:19.753,22213,22215,22217,4,4
2024-09-02 15:01:21.429,22216,22218,22217,1,1
2024-09-02 15:01:21.741,22216,22218,22217,1,1
2024-09-02 15:01:22.936,22216,22218,22218,1,1
2024-09-02 15:01:23.247,22216,22218,22217,1,1
2024-09-02 15:01:23.248,22216,22218,22216,2,-2
2024-09-02 15:01:23.580,22215,22217,22217,1,1
2024-09-02 15:01:24.792,22215,22217,22217,1,1
2024-09-02 15:01:24.997,22215,22217,22217,1,1
2024-09-02 15:01:25.541,22215,22217,22218,1,1
2024-09-02 15:01:25.541,22215,22217,22216,1,1
2024-09-02 15:01:25.805,22217,22219,22217,1,-1
2024-09-02 15:01:26.345,22217,22219,22217,1,-1
2024-09-02 15:01:27.130,22216,22219,22219,3,3
2024-09-02 15:01:27.212,22218,22220,22218,1,-1
2024-09-02 15:01:27.556,22218,22220,22218,1,-1
2024-09-02 15:01:27.652,22218,22220,22217,1,-1
2024-09-02 15:01:27.712,22216,22217,22217,2,2
2024-09-02 15:01:27.724,22216,22217,22218,2,2
2024-09-02 15:01:28.725,22217,22219,22217,1,-1
2024-09-02 15:01:29.528,22216,22219,22216,1,-1
2024-09-02 15:01:30.213,22215,22217,22215,1,-1
2024-09-02 15:01:30.325,22214,22217,22217,2,2
2024-09-02 15:01:30.417,22214,22217,22217,1,1
2024-09-02 15:01:30.693,22215,22217,22217,1,1
2024-09-02 15:01:31.174,22215,22218,22217,2,2
2024-09-02 15:01:31.532,22215,22218,22216,1,-1
2024-09-02 15:01:31.685,22215,22217,22217,1,1
2024-09-02 15:01:33.109,22214,22217,22217,1,1
2024-09-02 15:01:36.871,22216,22218,22217,1,1
2024-09-02 15:01:37.079,22216,22218,22216,2,-2
2024-09-02 15:01:41.602,22215,22217,22215,4,-4
2024-09-02 15:01:42.419,22214,22216,22214,2,-2
2024-09-02 15:01:42.419,22214,22216,22214,2,-2
2024-09-02 15:01:44.640,22213,22215,22213,1,-1
2024-09-02 15:01:44.938,22212,22214,22212,1,-1
2024-09-02 15:01:44.939,22212,22214,22212,2,-2
2024-09-02 15:01:44.940,22212,22214,22211,1,-1
2024-09-02 15:01:44.940,22212,22214,22212,3,-3
2024-09-02 15:01:44.940,22212,22214,22212,2,-2
2024-09-02 15:01:45.030,22212,22214,22210,2,-2
2024-09-02 15:01:48.799,22210,22212,22212,1,1
2024-09-02 15:01:49.914,22210,22213,22210,1,-1
2024-09-02 15:01:49.914,22210,22213,22210,2,-2
2024-09-02 15:01:49.914,22210,22213,22210,2,-2
2024-09-02 15:01:49.915,22210,22213,22210,2,-2
2024-09-02 15:01:49.915,22210,22213,22210,2,-2
2024-09-02 15:01:49.916,22210,22213,22210,1,-1
2024-09-02 15:01:50.414,22209,22211,22209,3,-3
2024-09-02 15:01:50.709,22208,22211,22211,3,3
2024-09-02 15:01:50.709,22208,22211,22211,2,2
2024-09-02 15:01:51.839,22211,22213,22210,1,-1
2024-09-02 15:01:51.839,22211,22213,22211,2,-2
2024-09-02 15:01:52.820,22210,22213,22210,3,-3
2024-09-02 15:01:54.186,22210,22213,22210,1,-1
2024-09-02 15:01:54.500,22210,22213,22210,3,-3
2024-09-02 15:01:57.636,22212,22215,22212,1,-1
2024-09-02 15:02:00.281,22212,22215,22214,1,1
2024-09-02 15:02:00.333,22212,22215,22215,1,1
2024-09-02 15:02:00.661,22212,22215,22212,1,-1
2024-09-02 15:02:07.101,22212,22213,22212,1,-1
2024-09-02 15:02:11.575,22211,22213,22211,1,-1
2024-09-02 15:02:21.925,22211,22212,22212,1,1
2024-09-02 15:02:24.275,22211,22213,22213,1,1
2024-09-02 15:02:27.345,22211,22213,22211,1,-1
2024-09-02 15:02:31.238,22211,22213,22213,1,1
2024-09-02 15:02:32.451,22211,22213,22213,5,5
2024-09-02 15:02:33.198,22212,22215,22212,1,-1
2024-09-02 15:02:34.520,22214,22215,22214,1,-1
2024-09-02 15:02:34.855,22214,22215,22215,1,1
2024-09-02 15:02:35.422,22214,22216,22215,1,1
2024-09-02 15:02:45.334,22215,22216,22216,1,1
2024-09-02 15:02:45.334,22215,22216,22216,1,1
2024-09-02 15:02:47.873,22216,22218,22216,2,-2
2024-09-02 15:02:47.873,22216,22218,22215,5,-5
2024-09-02 15:02:47.875,22216,22218,22214,1,-1
2024-09-02 15:02:50.179,22214,22215,22214,1,-1
2024-09-02 15:02:55.244,22214,22215,22214,6,-6
2024-09-02 15:02:55.244,22214,22215,22213,1,-1
2024-09-02 15:02:55.391,22211,22213,22213,1,1
2024-09-02 15:03:00.371,22211,22212,22212,1,1
2024-09-02 15:03:01.342,22212,22213,22212,1,-1
2024-09-02 15:03:01.374,22212,22213,22212,2,-2
2024-09-02 15:03:03.218,22212,22213,22212,2,-2
2024-09-02 15:03:03.218,22212,22213,22212,1,-1
2024-09-02 15:03:03.896,22212,22213,22213,1,1
2024-09-02 15:03:04.666,22212,22213,22212,1,-1
2024-09-02 15:03:05.548,22212,22213,22213,1,1
2024-09-02 15:03:05.549,22212,22213,22213,2,2
2024-09-02 15:03:05.549,22212,22213,22213,2,2
2024-09-02 15:03:05.549,22212,22213,22213,4,4
2024-09-02 15:03:05.549,22212,22213,22213,4,4
2024-09-02 15:03:10.135,22212,22213,22212,1,-1
2024-09-02 15:03:10.460,22211,22213,22213,2,2
2024-09-02 15:03:14.325,22211,22213,22213,1,1
2024-09-02 15:03:23.489,22212,22213,22213,2,2
2024-09-02 15:03:23.489,22212,22213,22213,1,1
2024-09-02 15:03:25.989,22213,22214,22213,1,-1
2024-09-02 15:03:31.296,22213,22214,22214,1,1
2024-09-02 15:03:34.854,22213,22214,22214,1,1
2024-09-02 15:03:41.979,22213,22214,22213,1,-1
2024-09-02 15:03:41.980,22213,22214,22213,1,-1
2024-09-02 15:03:42.997,22212,22214,22212,2,-2
2024-09-02 15:03:44.310,22211,22214,22214,1,1
2024-09-02 15:03:54.352,22212,22213,22212,1,-1
2024-09-02 15:03:59.401,22211,22213,22213,1,1
2024-09-02 15:04:03.041,22212,22213,22213,2,2
2024-09-02 15:04:07.626,22211,22213,22212,1,1
2024-09-02 15:04:07.627,22211,22213,22211,1,-1
2024-09-02 15:04:07.627,22211,22213,22211,6,-6
2024-09-02 15:04:07.627,22211,22213,22211,1,-1
2024-09-02 15:04:07.628,22211,22213,22210,1,-1
2024-09-02 15:04:07.629,22211,22213,22210,2,-2
2024-09-02 15:04:07.629,22211,22213,22210,1,-1
2024-09-02 15:04:08.204,22209,22211,22209,2,-2
2024-09-02 15:04:08.204,22209,22211,22209,1,-1
2024-09-02 15:04:08.204,22209,22211,22209,6,-6
2024-09-02 15:04:08.205,22209,22211,22208,6,-6
2024-09-02 15:04:08.206,22209,22211,22207,8,-8
2024-09-02 15:04:08.206,22209,22211,22207,4,-4
2024-09-02 15:04:08.338,22206,22207,22206,1,-1
2024-09-02 15:04:08.714,22206,22207,22206,3,-3
2024-09-02 15:04:08.715,22206,22207,22205,1,-1
2024-09-02 15:04:08.716,22206,22207,22205,2,-2
2024-09-02 15:04:08.716,22206,22207,22205,3,-3
2024-09-02 15:04:08.716,22206,22207,22205,1,-1
2024-09-02 15:04:09.272,22204,22205,22204,1,-1
2024-09-02 15:04:09.779,22203,22204,22203,1,-1
2024-09-02 15:04:09.779,22203,22204,22203,4,-4
2024-09-02 15:04:09.841,22202,22204,22204,1,1
2024-09-02 15:04:10.216,22202,22204,22202,1,-1
2024-09-02 15:04:10.635,22202,22203,22204,3,3
2024-09-02 15:04:10.659,22202,22203,22204,1,1
2024-09-02 15:04:10.663,22202,22203,22204,1,1
2024-09-02 15:04:10.663,22202,22203,22205,5,5
2024-09-02 15:04:10.700,22203,22206,22206,2,2
2024-09-02 15:04:14.343,22206,22208,22206,2,-2
2024-09-02 15:04:17.416,22206,22209,22206,1,-1
2024-09-02 15:04:20.428,22206,22208,22206,1,-1
2024-09-02 15:04:23.976,22207,22208,22207,1,-1
2024-09-02 15:04:25.679,22207,22208,22208,1,1
2024-09-02 15:04:25.680,22207,22208,22208,1,1
2024-09-02 15:04:27.440,22207,22210,22207,3,-3
2024-09-02 15:04:29.717,22206,22207,22207,1,1
2024-09-02 15:04:29.826,22206,22207,22206,1,-1
2024-09-02 15:04:29.827,22206,22207,22206,1,-1
2024-09-02 15:04:29.827,22206,22207,22206,1,-1
2024-09-02 15:04:29.952,22205,22206,22205,3,-3
2024-09-02 15:04:33.632,22205,22207,22207,1,1
2024-09-02 15:04:34.463,22205,22208,22205,1,-1
2024-09-02 15:04:36.184,22205,22208,22205,1,-1
2024-09-02 15:04:37.498,22205,22207,22205,3,-3
2024-09-02 15:04:40.425,22204,22207,22205,1,-1
2024-09-02 15:04:42.058,22205,22206,22206,1,1
2024-09-02 15:04:43.333,22205,22208,22205,4,-4
2024-09-02 15:04:43.333,22205,22208,22204,1,-1
2024-09-02 15:04:45.974,22204,22206,22204,5,-5
2024-09-02 15:04:47.574,22204,22205,22205,1,1
2024-09-02 15:04:49.018,22204,22207,22204,2,-2
2024-09-02 15:04:50.539,22204,22206,22204,2,-2
2024-09-02 15:04:51.109,22204,22206,22204,1,-1
2024-09-02 15:04:51.109,22204,22206,22203,2,-2
2024-09-02 15:04:52.262,22202,22204,22204,1,1
2024-09-02 15:04:52.373,22204,22206,22204,3,-3
2024-09-02 15:04:54.318,22203,22205,22203,7,-7
2024-09-02 15:04:54.318,22203,22205,22202,3,-3
2024-09-02 15:04:58.665,22203,22204,22203,1,-1
2024-09-02 15:05:00.109,22203,22204,22204,2,2
2024-09-02 15:05:00.110,22203,22204,22205,1,1
2024-09-02 15:05:01.116,22204,22206,22204,3,-3
2024-09-02 15:05:01.116,22204,22206,22203,2,-2
2024-09-02 15:05:01.482,22203,22204,22204,1,1
2024-09-02 15:05:02.478,22203,22206,22203,4,-4
2024-09-02 15:05:05.672,22203,22206,22203,5,-5
2024-09-02 15:05:05.672,22203,22206,22202,4,-4
2024-09-02 15:05:07.521,22202,22204,22202,1,-1
2024-09-02 15:05:07.521,22202,22204,22201,1,-1
2024-09-02 15:05:07.688,22200,22203,22200,1,-1
2024-09-02 15:05:07.833,22201,22202,22201,1,-1
2024-09-02 15:05:07.836,22201,22202,22200,2,-2
2024-09-02 15:05:07.836,22201,22202,22201,1,-1
2024-09-02 15:05:07.864,22201,22202,22201,1,-1
2024-09-02 15:05:07.866,22201,22202,22201,1,-1
2024-09-02 15:05:08.534,22201,22202,22202,1,1
2024-09-02 15:05:08.866,22202,22203,22202,1,-1
2024-09-02 15:05:09.400,22202,22203,22202,1,-1
2024-09-02 15:05:10.306,22201,22202,22201,1,-1
2024-09-02 15:05:10.862,22200,22201,22201,1,1
2024-09-02 15:05:12.437,22201,22202,22202,4,4
2024-09-02 15:05:13.096,22202,22203,22202,1,-1
2024-09-02 15:05:13.181,22200,22202,22200,1,-1
2024-09-02 15:05:16.849,22201,22203,22203,7,7
2024-09-02 15:05:20.097,22201,22202,22201,1,-1
2024-09-02 15:05:20.097,22201,22202,22200,4,-4
2024-09-02 15:05:24.690,22199,22200,22200,1,1
2024-09-02 15:05:26.192,22199,22200,22199,1,-1
2024-09-02 15:05:26.324,22199,22200,22199,1,-1
2024-09-02 15:05:26.330,22199,22200,22198,1,-1
2024-09-02 15:05:26.361,22199,22200,22198,1,-1
2024-09-02 15:05:28.668,22198,22200,22198,3,-3
2024-09-02 15:05:29.289,22197,22198,22197,1,-1
2024-09-02 15:05:30.329,22197,22198,22198,1,1
2024-09-02 15:05:30.336,22197,22198,22197,2,-2
2024-09-02 15:05:30.337,22197,22198,22196,1,-1
2024-09-02 15:05:31.381,22195,22197,22195,1,-1
2024-09-02 15:05:31.502,22195,22197,22195,1,-1
2024-09-02 15:05:33.607,22195,22197,22195,3,-3
2024-09-02 15:05:33.607,22195,22197,22194,2,-2
2024-09-02 15:05:34.492,22194,22195,22194,1,-1
2024-09-02 15:05:34.834,22194,22195,22194,2,-2
2024-09-02 15:05:34.866,22194,22195,22193,2,-2
2024-09-02 15:05:36.188,22192,22193,22192,1,-1
2024-09-02 15:05:36.422,22192,22193,22193,1,1
2024-09-02 15:05:37.116,22192,22193,22192,1,-1
2024-09-02 15:05:40.395,22192,22193,22193,1,1
2024-09-02 15:05:40.475,22192,22193,22193,1,1
2024-09-02 15:05:40.532,22192,22193,22193,1,1
2024-09-02 15:05:40.607,22193,22194,22194,8,8
2024-09-02 15:05:40.627,22193,22194,22194,1,1
2024-09-02 15:05:41.486,22194,22197,22194,2,-2
2024-09-02 15:05:42.994,22195,22197,22195,1,-1
2024-09-02 15:05:43.037,22195,22197,22197,2,2
2024-09-02 15:05:48.729,22197,22199,22197,2,-2
2024-09-02 15:05:49.088,22197,22199,22197,1,-1
2024-09-02 15:05:50.372,22196,22198,22196,2,-2
2024-09-02 15:05:50.400,22196,22198,22196,1,-1
2024-09-02 15:05:50.400,22196,22198,22196,1,-1
2024-09-02 15:05:51.812,22194,22196,22194,2,-2
2024-09-02 15:05:52.180,22193,22195,22193,2,-2
2024-09-02 15:05:54.827,22193,22195,22195,1,1
2024-09-02 15:05:56.596,22193,22194,22193,1,-1
2024-09-02 15:05:57.416,22192,22193,22193,3,3
2024-09-02 15:05:57.417,22192,22193,22194,1,1
2024-09-02 15:06:01.118,22193,22195,22193,1,-1
2024-09-02 15:06:01.118,22193,22195,22193,8,-8
2024-09-02 15:06:01.119,22193,22195,22192,1,-1
2024-09-02 15:06:01.119,22193,22195,22192,4,-4
2024-09-02 15:06:01.590,22191,22192,22191,1,-1
2024-09-02 15:06:01.590,22191,22192,22190,1,-1
2024-09-02 15:06:01.699,22190,22192,22190,1,-1
2024-09-02 15:06:07.276,22193,22195,22193,1,-1
2024-09-02 15:06:10.472,22192,22195,22192,1,-1
2024-09-02 15:06:14.891,22193,22194,22194,1,1
2024-09-02 15:06:15.052,22194,22195,22194,1,-1
2024-09-02 15:06:18.110,22193,22195,22195,2,2
2024-09-02 15:06:19.009,22193,22195,22193,1,-1
2024-09-02 15:06:20.232,22193,22195,22193,2,-2
2024-09-02 15:06:20.657,22193,22195,22195,1,1
2024-09-02 15:06:21.681,22193,22195,22193,3,-3
2024-09-02 15:06:30.060,22192,22194,22193,1,-1
2024-09-02 15:06:31.751,22192,22195,22195,1,1
2024-09-02 15:06:33.091,22192,22194,22194,1,1
2024-09-02 15:06:38.077,22194,22195,22195,1,1
2024-09-02 15:06:38.077,22194,22195,22195,2,2
2024-09-02 15:06:40.607,22194,22196,22196,1,1
2024-09-02 15:06:40.665,22194,22196,22196,1,1
2024-09-02 15:06:40.665,22194,22196,22196,1,1
2024-09-02 15:06:45.780,22197,22198,22197,1,-1
2024-09-02 15:06:47.655,22196,22198,22198,2,2
2024-09-02 15:06:50.423,22197,22198,22198,2,2
2024-09-02 15:06:50.995,22198,22199,22199,1,1
2024-09-02 15:06:51.253,22199,22200,22199,1,-1
2024-09-02 15:06:51.253,22199,22200,22198,1,-1
2024-09-02 15:06:51.312,22198,22200,22198,1,-1
2024-09-02 15:06:52.631,22197,22199,22197,1,-1
2024-09-02 15:06:52.789,22196,22199,22197,1,-1
2024-09-02 15:07:00.148,22199,22200,22200,1,1
2024-09-02 15:07:00.183,22199,22200,22199,1,-1
2024-09-02 15:07:00.193,22199,22200,22200,1,1
2024-09-02 15:07:00.205,22199,22200,22200,1,1
2024-09-02 15:07:00.611,22198,22199,22198,1,-1
2024-09-02 15:07:00.612,22198,22199,22198,3,-3
2024-09-02 15:07:00.612,22198,22199,22198,1,-1
2024-09-02 15:07:03.505,22195,22197,22197,2,2
2024-09-02 15:07:06.433,22194,22195,22197,2,2
2024-09-02 15:07:06.433,22194,22195,22196,2,2
2024-09-02 15:07:06.433,22194,22195,22195,1,1
2024-09-02 15:07:09.972,22196,22198,22196,2,-2
2024-09-02 15:07:10.054,22195,22198,22195,1,-1
2024-09-02 15:07:10.055,22195,22198,22195,1,-1
2024-09-02 15:07:10.055,22195,22198,22194,1,-1
2024-09-02 15:07:13.260,22195,22196,22195,1,-1
2024-09-02 15:07:18.310,22195,22197,22197,1,1
2024-09-02 15:07:20.414,22196,22198,22196,2,-2
2024-09-02 15:07:20.414,22196,22198,22195,3,-3
2024-09-02 15:07:20.431,22194,22197,22194,1,-1
2024-09-02 15:07:23.413,22194,22196,22194,1,-1
2024-09-02 15:07:23.604,22194,22196,22196,1,1
2024-09-02 15:07:31.793,22195,22197,22197,2,2
2024-09-02 15:07:33.509,22195,22198,22195,1,-1
2024-09-02 15:07:33.555,22195,22197,22195,1,-1
2024-09-02 15:07:33.556,22195,22197,22194,1,-1
2024-09-02 15:07:40.455,22195,22197,22195,3,-3
2024-09-02 15:07:40.456,22195,22197,22194,4,-4
2024-09-02 15:07:40.471,22195,22197,22193,1,-1
2024-09-02 15:07:40.471,22195,22197,22193,1,-1
2024-09-02 15:07:40.510,22195,22197,22193,1,-1
2024-09-02 15:07:40.864,22192,22193,22193,1,1
2024-09-02 15:07:43.861,22192,22194,22194,1,1
2024-09-02 15:07:52.337,22192,22194,22192,4,-4
2024-09-02 15:07:53.455,22191,22192,22191,2,-2
2024-09-02 15:07:53.455,22191,22192,22191,4,-4
2024-09-02 15:07:53.455,22191,22192,22191,4,-4
2024-09-02 15:07:53.455,22191,22192,22191,2,-2
2024-09-02 15:07:53.456,22191,22192,22190,5,-5
2024-09-02 15:07:53.456,22191,22192,22190,2,-2
2024-09-02 15:07:53.456,22191,22192,22190,3,-3
2024-09-02 15:07:53.457,22191,22192,22190,1,-1
2024-09-02 15:07:53.457,22191,22192,22190,6,-6
2024-09-02 15:07:53.619,22189,22190,22189,1,-1
2024-09-02 15:07:53.640,22189,22190,22189,1,-1
2024-09-02 15:07:53.651,22189,22190,22188,1,-1
2024-09-02 15:07:53.758,22188,22190,22188,5,-5
2024-09-02 15:07:53.758,22188,22190,22187,3,-3
2024-09-02 15:07:53.815,22187,22189,22187,1,-1
2024-09-02 15:07:53.881,22187,22189,22187,1,-1
2024-09-02 15:07:53.883,22187,22189,22187,1,-1
2024-09-02 15:07:54.269,22187,22188,22187,1,-1
2024-09-02 15:07:54.335,22187,22188,22187,1,-1
2024-09-02 15:07:54.692,22186,22188,22186,4,-4
2024-09-02 15:07:55.462,22186,22188,22186,1,-1
2024-09-02 15:07:56.080,22186,22189,22187,1,-1
2024-09-02 15:07:56.577,22187,22189,22189,1,1
2024-09-02 15:07:59.043,22187,22189,22187,1,-1
2024-09-02 15:07:59.044,22187,22189,22187,1,-1
2024-09-02 15:07:59.044,22187,22189,22187,1,-1
2024-09-02 15:07:59.044,22187,22189,22187,1,-1
2024-09-02 15:08:00.080,22186,22188,22188,1,1
2024-09-02 15:08:00.405,22187,22189,22187,1,-1
2024-09-02 15:08:02.153,22187,22188,22188,1,1
2024-09-02 15:08:05.263,22186,22188,22186,2,-2
2024-09-02 15:08:07.224,22185,22186,22185,1,-1
2024-09-02 15:08:07.225,22185,22186,22185,1,-1
2024-09-02 15:08:07.225,22185,22186,22185,3,-3
2024-09-02 15:08:07.225,22185,22186,22185,2,-2
2024-09-02 15:08:07.258,22185,22186,22184,1,-1
2024-09-02 15:08:07.258,22185,22186,22183,4,-4
2024-09-02 15:08:07.271,22185,22186,22183,1,-1
2024-09-02 15:08:07.271,22185,22186,22182,4,-4
2024-09-02 15:08:07.273,22185,22186,22181,4,-4
2024-09-02 15:08:07.273,22185,22186,22180,1,-1
2024-09-02 15:08:07.274,22185,22186,22180,5,-5
2024-09-02 15:08:07.275,22185,22186,22180,2,-2
2024-09-02 15:08:07.276,22185,22186,22180,1,-1
2024-09-02 15:08:07.276,22185,22186,22180,1,-1
2024-09-02 15:08:07.277,22185,22186,22180,1,-1
2024-09-02 15:08:07.277,22185,22186,22180,2,-2
2024-09-02 15:08:07.277,22185,22186,22180,1,-1
2024-09-02 15:08:07.278,22185,22186,22178,2,-2
2024-09-02 15:08:07.278,22185,22186,22179,1,-1
2024-09-02 15:08:07.278,22185,22186,22178,2,-2
2024-09-02 15:08:07.279,22185,22186,22177,8,-8
2024-09-02 15:08:07.280,22185,22186,22177,1,-1
2024-09-02 15:08:07.280,22185,22186,22176,2,-2
2024-09-02 15:08:07.280,22185,22186,22176,5,-5
2024-09-02 15:08:07.281,22185,22186,22175,1,-1
2024-09-02 15:08:07.281,22185,22186,22175,1,-1
2024-09-02 15:08:07.281,22185,22186,22175,4,-4
2024-09-02 15:08:07.282,22185,22186,22174,1,-1
2024-09-02 15:08:07.282,22185,22186,22175,1,-1
2024-09-02 15:08:07.323,22173,22174,22175,1,1
2024-09-02 15:08:07.325,22173,22174,22174,1,1
2024-09-02 15:08:07.326,22173,22174,22171,4,-4
2024-09-02 15:08:07.326,22173,22174,22172,1,-1
2024-09-02 15:08:07.326,22173,22174,22172,4,-4
2024-09-02 15:08:07.326,22173,22174,22173,1,-1
2024-09-02 15:08:07.327,22173,22174,22170,2,-2
2024-09-02 15:08:07.328,22173,22174,22170,1,-1
2024-09-02 15:08:07.328,22173,22174,22170,5,-5
2024-09-02 15:08:07.329,22173,22174,22171,1,-1
2024-09-02 15:08:07.329,22173,22174,22170,2,-2
2024-09-02 15:08:07.330,22173,22174,22170,1,-1
2024-09-02 15:08:07.330,22173,22174,22170,2,-2
2024-09-02 15:08:07.330,22173,22174,22170,1,-1
2024-09-02 15:08:07.330,22173,22174,22170,1,-1
2024-09-02 15:08:07.330,22173,22174,22170,1,-1
2024-09-02 15:08:07.330,22173,22174,22169,1,-1
2024-09-02 15:08:07.333,22173,22174,22168,5,-5
2024-09-02 15:08:07.368,22173,22174,22171,1,-1
2024-09-02 15:08:07.369,22173,22174,22170,1,-1
2024-09-02 15:08:07.406,22173,22174,22171,1,-1
2024-09-02 15:08:07.453,22174,22176,22174,2,-2
2024-09-02 15:08:07.453,22174,22176,22173,1,-1
2024-09-02 15:08:07.454,22174,22176,22175,1,-1
2024-09-02 15:08:07.455,22174,22176,22174,1,-1
2024-09-02 15:08:07.456,22174,22176,22175,1,-1
2024-09-02 15:08:07.471,22174,22176,22175,1,-1
2024-09-02 15:08:07.474,22174,22176,22174,1,-1
2024-09-02 15:08:07.479,22174,22176,22174,1,-1
2024-09-02 15:08:07.483,22174,22176,22175,1,-1
2024-09-02 15:08:07.488,22174,22176,22174,1,-1
2024-09-02 15:08:07.488,22174,22176,22173,1,-1
2024-09-02 15:08:07.493,22174,22176,22172,1,-1
2024-09-02 15:08:07.493,22174,22176,22173,1,-1
2024-09-02 15:08:07.502,22174,22176,22173,1,-1
2024-09-02 15:08:07.504,22174,22176,22172,2,-2
2024-09-02 15:08:07.505,22174,22176,22172,1,-1
2024-09-02 15:08:07.510,22174,22176,22171,1,-1
2024-09-02 15:08:07.510,22174,22176,22171,1,-1
2024-09-02 15:08:07.511,22174,22176,22170,1,-1
2024-09-02 15:08:07.512,22174,22176,22170,1,-1
2024-09-02 15:08:07.512,22174,22176,22169,1,-1
2024-09-02 15:08:07.513,22174,22176,22169,2,-2
2024-09-02 15:08:07.513,22174,22176,22168,1,-1
2024-09-02 15:08:07.513,22174,22176,22168,1,-1
2024-09-02 15:08:07.515,22174,22176,22168,1,-1
2024-09-02 15:08:07.523,22174,22176,22168,2,-2
2024-09-02 15:08:07.526,22174,22176,22168,1,-1
2024-09-02 15:08:07.530,22174,22176,22168,1,-1
2024-09-02 15:08:07.530,22174,22176,22168,5,-5
2024-09-02 15:08:07.531,22174,22176,22166,3,-3
2024-09-02 15:08:07.531,22174,22176,22166,1,-1
2024-09-02 15:08:07.531,22174,22176,22168,1,-1
2024-09-02 15:08:07.532,22174,22176,22166,1,-1
2024-09-02 15:08:07.533,22174,22176,22166,1,-1
2024-09-02 15:08:07.535,22174,22176,22166,1,-1
2024-09-02 15:08:07.535,22174,22176,22165,1,-1
2024-09-02 15:08:07.536,22174,22176,22167,1,-1
2024-09-02 15:08:07.536,22174,22176,22165,1,-1
2024-09-02 15:08:07.537,22174,22176,22165,1,-1
2024-09-02 15:08:07.541,22174,22176,22165,1,-1
2024-09-02 15:08:07.541,22174,22176,22167,1,-1
2024-09-02 15:08:07.543,22174,22176,22165,1,-1
2024-09-02 15:08:07.550,22174,22176,22165,1,-1
2024-09-02 15:08:07.551,22174,22176,22164,1,-1
2024-09-02 15:08:07.552,22164,22166,22164,1,-1
2024-09-02 15:08:07.556,22164,22166,22164,1,-1
2024-09-02 15:08:07.575,22164,22166,22164,1,-1
2024-09-02 15:08:07.582,22164,22166,22164,1,-1
2024-09-02 15:08:07.582,22164,22166,22165,1,-1
2024-09-02 15:08:07.584,22164,22166,22164,1,-1
2024-09-02 15:08:07.585,22164,22166,22164,7,-7
2024-09-02 15:08:07.598,22164,22166,22164,1,-1
2024-09-02 15:08:07.598,22164,22166,22163,1,-1
2024-09-02 15:08:07.598,22164,22166,22163,1,-1
2024-09-02 15:08:07.601,22164,22166,22164,1,-1
2024-09-02 15:08:07.648,22164,22166,22165,5,-5
2024-09-02 15:08:07.659,22164,22166,22167,1,1
2024-09-02 15:08:07.680,22166,22169,22165,1,-1
2024-09-02 15:08:07.680,22166,22169,22166,1,-1
2024-09-02 15:08:07.709,22166,22169,22164,1,-1
2024-09-02 15:08:07.710,22166,22169,22164,1,-1
2024-09-02 15:08:07.710,22166,22169,22164,1,-1
2024-09-02 15:08:07.720,22166,22169,22163,1,-1
2024-09-02 15:08:07.723,22166,22169,22163,2,-2
2024-09-02 15:08:07.738,22166,22169,22165,1,-1
2024-09-02 15:08:07.755,22166,22169,22164,1,-1
2024-09-02 15:08:07.788,22166,22169,22164,1,-1
2024-09-02 15:08:07.813,22164,22167,22164,1,-1
2024-09-02 15:08:07.832,22164,22167,22166,2,2
2024-09-02 15:08:07.838,22164,22167,22167,1,1
2024-09-02 15:08:07.839,22164,22167,22168,2,2
2024-09-02 15:08:07.842,22164,22167,22168,1,1
2024-09-02 15:08:07.924,22164,22167,22168,1,1
2024-09-02 15:08:07.975,22167,22169,22167,1,-1
2024-09-02 15:08:07.976,22167,22169,22166,1,-1
2024-09-02 15:08:07.984,22167,22169,22167,1,-1
2024-09-02 15:08:07.988,22167,22169,22166,1,-1
2024-09-02 15:08:07.994,22167,22169,22165,1,-1
2024-09-02 15:08:07.994,22167,22169,22164,1,-1
2024-09-02 15:08:08.002,22167,22169,22164,1,-1
2024-09-02 15:08:08.007,22167,22169,22163,2,-2
2024-09-02 15:08:08.014,22167,22169,22163,1,-1
2024-09-02 15:08:08.019,22167,22169,22163,3,-3
2024-09-02 15:08:08.031,22167,22169,22163,1,-1
2024-09-02 15:08:08.031,22167,22169,22163,1,-1
2024-09-02 15:08:08.033,22167,22169,22162,2,-2
2024-09-02 15:08:08.034,22167,22169,22166,1,-1
2024-09-02 15:08:08.179,22162,22165,22165,1,1
2024-09-02 15:08:08.227,22162,22165,22166,2,2
2024-09-02 15:08:08.255,22162,22165,22168,1,1
2024-09-02 15:08:08.276,22162,22165,22169,1,1
2024-09-02 15:08:08.290,22162,22165,22167,1,1
2024-09-02 15:08:08.304,22168,22170,22168,1,-1
2024-09-02 15:08:08.305,22168,22170,22167,1,-1
2024-09-02 15:08:08.308,22168,22170,22166,1,-1
2024-09-02 15:08:08.315,22168,22170,22166,1,-1
2024-09-02 15:08:08.378,22168,22170,22168,1,-1
2024-09-02 15:08:08.382,22168,22170,22169,1,-1
2024-09-02 15:08:08.390,22168,22170,22169,1,-1
2024-09-02 15:08:08.391,22168,22170,22166,1,-1
2024-09-02 15:08:08.391,22168,22170,22166,1,-1
2024-09-02 15:08:08.391,22168,22170,22165,2,-2
2024-09-02 15:08:08.392,22168,22170,22165,1,-1
2024-09-02 15:08:08.403,22168,22170,22164,1,-1
2024-09-02 15:08:08.403,22168,22170,22165,2,-2
2024-09-02 15:08:08.406,22168,22170,22164,1,-1
2024-09-02 15:08:08.425,22168,22170,22166,1,-1
2024-09-02 15:08:08.426,22168,22170,22166,1,-1
2024-09-02 15:08:08.427,22164,22168,22164,1,-1
2024-09-02 15:08:08.450,22164,22168,22164,2,-2
2024-09-02 15:08:08.450,22164,22168,22163,2,-2
2024-09-02 15:08:08.450,22164,22168,22162,3,-3
2024-09-02 15:08:08.450,22164,22168,22162,4,-4
2024-09-02 15:08:08.451,22164,22168,22162,1,-1
2024-09-02 15:08:08.451,22164,22168,22161,4,-4
2024-09-02 15:08:08.453,22164,22168,22164,1,-1
2024-09-02 15:08:08.455,22164,22168,22161,1,-1
2024-09-02 15:08:08.455,22164,22168,22162,2,-2
2024-09-02 15:08:08.455,22164,22168,22164,2,-2
2024-09-02 15:08:08.455,22164,22168,22163,2,-2
2024-09-02 15:08:08.460,22164,22168,22161,2,-2
2024-09-02 15:08:08.462,22164,22168,22164,1,-1
2024-09-02 15:08:08.462,22164,22168,22162,1,-1
2024-09-02 15:08:08.462,22164,22168,22161,1,-1
2024-09-02 15:08:08.463,22164,22168,22162,1,-1
2024-09-02 15:08:08.463,22164,22168,22161,2,-2
2024-09-02 15:08:08.463,22164,22168,22160,4,-4
2024-09-02 15:08:08.485,22164,22168,22163,2,-2
2024-09-02 15:08:08.568,22162,22165,22162,1,-1
2024-09-02 15:08:08.607,22162,22165,22162,1,-1
2024-09-02 15:08:08.608,22162,22165,22164,2,2
2024-09-02 15:08:08.628,22162,22165,22162,1,-1
2024-09-02 15:08:08.629,22162,22165,22162,1,-1
2024-09-02 15:08:08.706,22162,22165,22162,1,-1
2024-09-02 15:08:08.711,22162,22165,22162,1,-1
2024-09-02 15:08:08.711,22162,22165,22161,1,-1
2024-09-02 15:08:08.711,22162,22165,22160,4,-4
2024-09-02 15:08:08.711,22162,22165,22159,2,-2
2024-09-02 15:08:08.711,22162,22165,22158,3,-3
2024-09-02 15:08:08.711,22162,22165,22156,1,-1
2024-09-02 15:08:08.712,22162,22165,22161,1,-1
2024-09-02 15:08:08.736,22162,22165,22157,1,-1
2024-09-02 15:08:08.736,22162,22165,22157,1,-1
2024-09-02 15:08:08.736,22162,22165,22157,1,-1
2024-09-02 15:08:08.736,22162,22165,22156,1,-1
2024-09-02 15:08:08.736,22162,22165,22156,1,-1
2024-09-02 15:08:08.737,22162,22165,22160,1,-1
2024-09-02 15:08:08.737,22162,22165,22159,1,-1
2024-09-02 15:08:08.737,22162,22165,22156,1,-1
2024-09-02 15:08:08.737,22162,22165,22156,1,-1
2024-09-02 15:08:08.738,22162,22165,22157,1,-1
2024-09-02 15:08:08.738,22162,22165,22156,4,-4
2024-09-02 15:08:08.738,22162,22165,22156,1,-1
2024-09-02 15:08:08.738,22162,22165,22156,1,-1
2024-09-02 15:08:08.738,22162,22165,22157,1,-1
2024-09-02 15:08:08.738,22162,22165,22159,1,-1
2024-09-02 15:08:08.738,22162,22165,22159,1,-1
2024-09-02 15:08:08.739,22162,22165,22160,1,-1
2024-09-02 15:08:08.739,22162,22165,22157,1,-1
2024-09-02 15:08:08.740,22162,22165,22157,1,-1
2024-09-02 15:08:08.740,22162,22165,22160,1,-1
2024-09-02 15:08:08.741,22162,22165,22161,3,-3
2024-09-02 15:08:08.741,22162,22165,22160,1,-1
2024-09-02 15:08:08.741,22162,22165,22160,1,-1
2024-09-02 15:08:08.741,22162,22165,22159,1,-1
2024-09-02 15:08:08.742,22162,22165,22161,1,-1
2024-09-02 15:08:08.742,22162,22165,22161,1,-1
2024-09-02 15:08:08.743,22162,22165,22161,1,-1
2024-09-02 15:08:08.743,22162,22165,22161,1,-1
2024-09-02 15:08:08.754,22162,22165,22162,1,-1
2024-09-02 15:08:08.755,22162,22165,22159,1,-1
2024-09-02 15:08:08.770,22162,22165,22159,1,-1
2024-09-02 15:08:08.777,22162,22165,22159,1,-1
2024-09-02 15:08:08.806,22159,22162,22159,1,-1
2024-09-02 15:08:08.809,22159,22162,22158,1,-1
2024-09-02 15:08:08.809,22159,22162,22157,1,-1
2024-09-02 15:08:08.824,22159,22162,22157,2,-2
2024-09-02 15:08:08.832,22159,22162,22160,1,-1
2024-09-02 15:08:08.832,22159,22162,22159,1,-1
2024-09-02 15:08:08.850,22159,22162,22157,2,-2
2024-09-02 15:08:08.877,22159,22162,22159,1,-1
2024-09-02 15:08:08.884,22159,22162,22160,1,-1
2024-09-02 15:08:08.897,22159,22162,22160,1,-1
2024-09-02 15:08:08.919,22159,22162,22157,1,-1
2024-09-02 15:08:08.919,22159,22162,22156,1,-1
2024-09-02 15:08:08.933,22156,22159,22156,1,-1
2024-09-02 15:08:08.947,22156,22159,22155,1,-1
2024-09-02 15:08:08.956,22156,22159,22154,1,-1
2024-09-02 15:08:08.964,22156,22159,22156,1,-1
2024-09-02 15:08:08.964,22156,22159,22157,2,-2
2024-09-02 15:08:09.082,22155,22158,22155,1,-1
2024-09-02 15:08:09.082,22155,22158,22154,1,-1
2024-09-02 15:08:09.108,22155,22158,22151,3,-3
2024-09-02 15:08:09.108,22155,22158,22152,3,-3
2024-09-02 15:08:09.108,22155,22158,22153,2,-2
2024-09-02 15:08:09.108,22155,22158,22154,1,-1
2024-09-02 15:08:09.127,22155,22158,22152,1,-1
2024-09-02 15:08:09.127,22155,22158,22151,1,-1
2024-09-02 15:08:09.133,22155,22158,22152,1,-1
2024-09-02 15:08:09.145,22155,22158,22151,1,-1
2024-09-02 15:08:09.148,22155,22158,22151,1,-1
2024-09-02 15:08:09.204,22151,22155,22151,1,-1
2024-09-02 15:08:09.209,22151,22155,22151,1,-1
2024-09-02 15:08:09.226,22151,22155,22150,2,-2
2024-09-02 15:08:09.227,22151,22155,22153,1,-1
2024-09-02 15:08:09.228,22151,22155,22155,1,1
2024-09-02 15:08:09.237,22151,22155,22157,1,1
2024-09-02 15:08:09.248,22151,22155,22151,1,-1
2024-09-02 15:08:09.283,22151,22155,22156,1,1
2024-09-02 15:08:09.293,22151,22155,22155,1,1
2024-09-02 15:08:09.296,22151,22155,22155,1,1
2024-09-02 15:08:09.300,22151,22155,22154,1,1
2024-09-02 15:08:09.316,22154,22158,22155,1,-1
2024-09-02 15:08:09.316,22154,22158,22154,1,-1
2024-09-02 15:08:09.316,22154,22158,22154,1,-1
2024-09-02 15:08:09.317,22154,22158,22154,1,-1
2024-09-02 15:08:09.317,22154,22158,22153,1,-1
2024-09-02 15:08:09.317,22154,22158,22151,1,-1
2024-09-02 15:08:09.317,22154,22158,22150,3,-3
2024-09-02 15:08:09.353,22154,22158,22152,1,-1
2024-09-02 15:08:09.370,22154,22158,22150,1,-1
2024-09-02 15:08:09.374,22154,22158,22150,5,-5
2024-09-02 15:08:09.380,22154,22158,22148,1,-1
2024-09-02 15:08:09.380,22154,22158,22150,3,-3
2024-09-02 15:08:09.387,22154,22158,22148,3,-3
2024-09-02 15:08:09.387,22154,22158,22147,5,-5
2024-09-02 15:08:09.387,22154,22158,22146,1,-1
2024-09-02 15:08:09.387,22154,22158,22144,2,-2
2024-09-02 15:08:09.387,22154,22158,22144,2,-2
2024-09-02 15:08:09.403,22154,22158,22144,2,-2
2024-09-02 15:08:09.406,22154,22158,22144,1,-1
2024-09-02 15:08:09.430,22145,22150,22145,2,-2
2024-09-02 15:08:09.430,22145,22150,22142,1,-1
2024-09-02 15:08:09.434,22145,22150,22146,1,-1
2024-09-02 15:08:09.435,22145,22150,22145,1,-1
2024-09-02 15:08:09.442,22145,22150,22142,1,-1
2024-09-02 15:08:09.457,22145,22150,22144,1,-1
2024-09-02 15:08:09.457,22145,22150,22142,1,-1
2024-09-02 15:08:09.461,22145,22150,22142,1,-1
2024-09-02 15:08:09.471,22145,22150,22145,2,-2
2024-09-02 15:08:09.471,22145,22150,22146,1,-1
2024-09-02 15:08:09.471,22145,22150,22147,2,-2
2024-09-02 15:08:09.481,22145,22150,22143,1,-1
2024-09-02 15:08:09.489,22145,22150,22146,1,-1
2024-09-02 15:08:09.489,22145,22150,22147,1,-1
2024-09-02 15:08:09.489,22145,22150,22149,1,1
2024-09-02 15:08:09.491,22145,22150,22148,1,1
2024-09-02 15:08:09.492,22145,22150,22150,1,1
2024-09-02 15:08:09.492,22145,22150,22147,1,-1
2024-09-02 15:08:09.492,22145,22150,22146,1,-1
2024-09-02 15:08:09.495,22145,22150,22150,1,1
2024-09-02 15:08:09.515,22145,22150,22147,1,-1
2024-09-02 15:08:09.541,22145,22150,22147,1,-1
2024-09-02 15:08:09.542,22145,22150,22147,1,-1
2024-09-02 15:08:09.574,22147,22149,22147,1,-1
2024-09-02 15:08:09.586,22147,22149,22150,1,1
2024-09-02 15:08:09.597,22147,22149,22150,1,1
2024-09-02 15:08:09.609,22147,22149,22147,1,-1
2024-09-02 15:08:09.620,22147,22149,22146,1,-1
2024-09-02 15:08:09.620,22147,22149,22145,1,-1
2024-09-02 15:08:09.631,22147,22149,22144,1,-1
2024-09-02 15:08:09.631,22147,22149,22143,1,-1
2024-09-02 15:08:09.631,22147,22149,22142,3,-3
2024-09-02 15:08:09.631,22147,22149,22141,2,-2
2024-09-02 15:08:09.631,22147,22149,22140,3,-3
2024-09-02 15:08:09.637,22147,22149,22140,1,-1
2024-09-02 15:08:09.640,22147,22149,22140,1,-1
2024-09-02 15:08:09.650,22147,22149,22144,1,-1
2024-09-02 15:08:09.651,22147,22149,22140,3,-3
2024-09-02 15:08:09.651,22147,22149,22139,1,-1
2024-09-02 15:08:09.656,22147,22149,22139,6,-6
2024-09-02 15:08:09.698,22139,22142,22142,1,1
2024-09-02 15:08:09.702,22139,22142,22139,1,-1
2024-09-02 15:08:09.726,22139,22142,22144,1,1
2024-09-02 15:08:09.728,22139,22142,22139,1,-1
2024-09-02 15:08:09.732,22139,22142,22138,1,-1
2024-09-02 15:08:09.732,22139,22142,22137,1,-1
2024-09-02 15:08:09.748,22139,22142,22137,1,-1
2024-09-02 15:08:09.752,22139,22142,22137,2,-2
2024-09-02 15:08:09.754,22139,22142,22137,1,-1
2024-09-02 15:08:09.769,22139,22142,22140,1,-1
2024-09-02 15:08:09.774,22139,22142,22138,1,-1
2024-09-02 15:08:09.785,22139,22142,22137,1,-1
2024-09-02 15:08:09.792,22139,22142,22140,1,-1
2024-09-02 15:08:09.797,22139,22142,22138,1,-1
2024-09-02 15:08:09.832,22137,22140,22137,2,-2
2024-09-02 15:08:09.838,22137,22140,22137,2,-2
2024-09-02 15:08:09.839,22137,22140,22136,2,-2
2024-09-02 15:08:09.840,22137,22140,22135,1,-1
2024-09-02 15:08:09.848,22137,22140,22135,1,-1
2024-09-02 15:08:09.882,22137,22140,22137,1,-1
2024-09-02 15:08:09.905,22137,22140,22135,4,-4
2024-09-02 15:08:09.934,22135,22137,22137,1,1
2024-09-02 15:08:09.969,22135,22137,22136,1,1
2024-09-02 15:08:09.981,22135,22137,22137,1,1
2024-09-02 15:08:09.982,22135,22137,22139,1,1
2024-09-02 15:08:09.982,22135,22137,22138,1,1
2024-09-02 15:08:09.995,22135,22137,22136,2,2
2024-09-02 15:08:09.995,22135,22137,22139,1,1
2024-09-02 15:08:10.040,22135,22137,22137,1,1
2024-09-02 15:08:10.040,22135,22137,22136,1,1
2024-09-02 15:08:10.047,22135,22137,22139,1,1
2024-09-02 15:08:10.079,22136,22139,22139,1,1
2024-09-02 15:08:10.099,22136,22139,22136,1,-1
2024-09-02 15:08:10.126,22136,22139,22139,1,1
2024-09-02 15:08:10.158,22136,22139,22140,1,1
2024-09-02 15:08:10.158,22136,22139,22135,1,-1
2024-09-02 15:08:10.166,22136,22139,22131,1,-1
2024-09-02 15:08:10.171,22136,22139,22139,1,1
2024-09-02 15:08:10.175,22136,22139,22139,1,1
2024-09-02 15:08:10.199,22136,22139,22140,1,1
2024-09-02 15:08:10.204,22136,22139,22140,1,1
2024-09-02 15:08:10.206,22136,22139,22139,1,1
2024-09-02 15:08:10.206,22136,22139,22131,1,-1
2024-09-02 15:08:10.229,22136,22139,22139,1,1
2024-09-02 15:08:10.258,22136,22139,22138,1,1
2024-09-02 15:08:10.276,22136,22139,22136,1,-1
2024-09-02 15:08:10.278,22136,22139,22138,1,1
2024-09-02 15:08:10.285,22136,22139,22137,1,-1
2024-09-02 15:08:10.303,22131,22137,22131,1,-1
2024-09-02 15:08:10.328,22131,22137,22137,1,1
2024-09-02 15:08:10.400,22131,22137,22138,1,1
2024-09-02 15:08:10.428,22136,22139,22136,2,-2
2024-09-02 15:08:10.428,22136,22139,22135,1,-1
2024-09-02 15:08:10.432,22136,22139,22131,1,-1
2024-09-02 15:08:10.432,22136,22139,22132,1,-1
2024-09-02 15:08:10.432,22136,22139,22134,1,-1
2024-09-02 15:08:10.432,22136,22139,22133,1,-1
2024-09-02 15:08:10.480,22136,22139,22131,1,-1
2024-09-02 15:08:10.481,22136,22139,22128,1,-1
2024-09-02 15:08:10.481,22136,22139,22125,2,-2
2024-09-02 15:08:10.483,22136,22139,22134,1,-1
2024-09-02 15:08:10.558,22125,22135,22130,2,-2
2024-09-02 15:08:10.558,22125,22135,22130,3,-3
2024-09-02 15:08:10.566,22125,22135,22127,2,-2
2024-09-02 15:08:10.567,22125,22135,22130,1,-1
2024-09-02 15:08:10.570,22125,22135,22125,1,-1
2024-09-02 15:08:10.574,22125,22135,22125,1,-1
2024-09-02 15:08:10.574,22125,22135,22123,2,-2
2024-09-02 15:08:10.585,22125,22135,22130,1,-1
2024-09-02 15:08:10.586,22125,22135,22120,5,-5
2024-09-02 15:08:10.586,22125,22135,22121,1,-1
2024-09-02 15:08:10.586,22125,22135,22122,2,-2
2024-09-02 15:08:10.601,22125,22135,22130,1,-1
2024-09-02 15:08:10.602,22125,22135,22130,1,-1
2024-09-02 15:08:10.662,22125,22135,22128,1,-1
2024-09-02 15:08:10.690,22128,22130,22128,1,-1
2024-09-02 15:08:10.690,22128,22130,22119,1,-1
2024-09-02 15:08:10.690,22128,22130,22118,1,-1
2024-09-02 15:08:10.694,22128,22130,22118,1,-1
2024-09-02 15:08:10.748,22128,22130,22118,1,-1
2024-09-02 15:08:10.759,22128,22130,22118,2,-2
2024-09-02 15:08:10.760,22128,22130,22123,2,-2
2024-09-02 15:08:10.770,22128,22130,22118,2,-2
2024-09-02 15:08:10.776,22128,22130,22118,2,-2
2024-09-02 15:08:10.777,22128,22130,22118,2,-2
2024-09-02 15:08:10.798,22128,22130,22121,1,-1
2024-09-02 15:08:10.799,22128,22130,22122,1,-1
2024-09-02 15:08:10.831,22119,22122,22118,1,-1
2024-09-02 15:08:10.842,22119,22122,22119,1,-1
2024-09-02 15:08:10.842,22119,22122,22119,2,-2
2024-09-02 15:08:10.875,22119,22122,22121,1,1
2024-09-02 15:08:10.877,22119,22122,22118,1,-1
2024-09-02 15:08:10.901,22119,22122,22124,1,1
2024-09-02 15:08:10.909,22119,22122,22122,1,1
2024-09-02 15:08:10.921,22119,22122,22117,1,-1
2024-09-02 15:08:10.942,22116,22121,22121,1,1
2024-09-02 15:08:10.958,22116,22121,22122,1,1
2024-09-02 15:08:10.963,22116,22121,22122,1,1
2024-09-02 15:08:10.983,22116,22121,22121,1,1
2024-09-02 15:08:11.010,22116,22121,22116,1,-1
2024-09-02 15:08:11.010,22116,22121,22116,1,-1
2024-09-02 15:08:11.030,22116,22121,22121,1,1
2024-09-02 15:08:11.111,22116,22121,22116,1,-1
2024-09-02 15:08:11.199,22114,22118,22118,1,1
2024-09-02 15:08:11.199,22122,22130,22119,1,-1
2024-09-02 15:08:11.201,22122,22130,22120,4,-4
2024-09-02 15:08:11.202,22114,22118,22121,1,1
2024-09-02 15:08:11.202,22114,22118,22122,1,1
2024-09-02 15:08:11.204,22122,22130,22124,2,-2
2024-09-02 15:08:11.204,22122,22130,22125,1,-1
2024-09-02 15:08:11.204,22122,22130,22126,1,-1
2024-09-02 15:08:11.206,22122,22130,22127,1,1
2024-09-02 15:08:11.207,22114,22118,22128,1,1
2024-09-02 15:08:11.208,22122,22130,22128,1,1
2024-09-02 15:08:11.208,22114,22118,22128,1,1
2024-09-02 15:08:11.294,22122,22130,22122,2,-2
2024-09-02 15:08:11.306,22122,22130,22130,2,2
2024-09-02 15:08:11.349,22122,22130,22122,2,-2
2024-09-02 15:08:11.383,22122,22130,22120,1,-1
2024-09-02 15:08:11.383,22122,22130,22120,1,-1
2024-09-02 15:08:11.394,22122,22130,22127,1,1
2024-09-02 15:08:11.442,22121,22127,22127,1,1
2024-09-02 15:08:11.458,22121,22127,22127,1,1
2024-09-02 15:08:11.467,22121,22127,22130,2,2
2024-09-02 15:08:11.533,22121,22127,22127,1,1
2024-09-02 15:08:11.534,22121,22127,22129,1,1
2024-09-02 15:08:11.534,22121,22127,22127,2,2
2024-09-02 15:08:11.600,22121,22127,22129,1,1
2024-09-02 15:08:11.608,22121,22127,22129,1,1
2024-09-02 15:08:11.608,22121,22127,22128,1,1
2024-09-02 15:08:11.608,22121,22127,22125,1,1
2024-09-02 15:08:11.608,22121,22127,22124,1,1
2024-09-02 15:08:11.612,22121,22127,22124,1,1
2024-09-02 15:08:11.612,22121,22127,22128,1,1
2024-09-02 15:08:11.647,22121,22127,22124,1,1
2024-09-02 15:08:11.647,22121,22127,22123,1,-1
2024-09-02 15:08:11.647,22121,22127,22126,1,1
2024-09-02 15:08:11.648,22121,22127,22124,2,2
2024-09-02 15:08:11.649,22121,22127,22127,1,1
2024-09-02 15:08:11.652,22121,22127,22123,1,-1
2024-09-02 15:08:11.652,22121,22127,22120,1,-1
2024-09-02 15:08:11.652,22121,22127,22120,1,-1
2024-09-02 15:08:11.652,22121,22127,22119,1,-1
2024-09-02 15:08:11.702,22119,22127,22125,1,1
2024-09-02 15:08:11.708,22119,22127,22127,1,1
2024-09-02 15:08:11.710,22119,22127,22129,1,1
2024-09-02 15:08:11.710,22119,22127,22130,2,2
2024-09-02 15:08:11.711,22119,22127,22131,1,1
2024-09-02 15:08:11.713,22119,22127,22132,2,2
2024-09-02 15:08:11.713,22119,22127,22133,1,1
2024-09-02 15:08:11.713,22119,22127,22134,2,2
2024-09-02 15:08:11.713,22119,22127,22135,1,1
2024-09-02 15:08:11.713,22119,22127,22135,1,1
2024-09-02 15:08:11.714,22119,22127,22136,1,1
2024-09-02 15:08:11.726,22119,22127,22126,1,1
2024-09-02 15:08:11.726,22119,22127,22127,2,2
2024-09-02 15:08:11.726,22119,22127,22125,2,2
2024-09-02 15:08:11.726,22119,22127,22129,2,2
2024-09-02 15:08:11.726,22119,22127,22130,2,2
2024-09-02 15:08:11.726,22119,22127,22128,1,1
2024-09-02 15:08:11.847,22120,22134,22131,1,1
2024-09-02 15:08:11.885,22120,22134,22128,1,1
2024-09-02 15:08:11.885,22120,22134,22127,2,2
2024-09-02 15:08:11.887,22120,22134,22123,1,-1
2024-09-02 15:08:11.887,22120,22134,22122,1,-1
2024-09-02 15:08:11.887,22120,22134,22121,1,-1
2024-09-02 15:08:11.893,22120,22134,22120,1,-1
2024-09-02 15:08:11.893,22120,22134,22119,1,-1
2024-09-02 15:08:11.893,22120,22134,22118,1,-1
2024-09-02 15:08:11.895,22120,22134,22130,1,1
2024-09-02 15:08:11.896,22120,22134,22119,1,-1
2024-09-02 15:08:11.900,22120,22134,22115,1,-1
2024-09-02 15:08:11.900,22120,22134,22116,1,-1
2024-09-02 15:08:11.900,22120,22134,22118,1,-1
2024-09-02 15:08:12.053,22113,22129,22113,2,-2
2024-09-02 15:08:12.157,22113,22129,22113,2,-2
2024-09-02 15:08:12.157,22113,22129,22112,1,-1
2024-09-02 15:08:12.157,22113,22129,22111,3,-3
2024-09-02 15:08:12.157,22113,22129,22111,2,-2
2024-09-02 15:08:12.157,22113,22129,22111,2,-2
2024-09-02 15:08:12.158,22113,22129,22111,2,-2
2024-09-02 15:08:12.198,22111,22128,22111,1,-1
2024-09-02 15:08:12.198,22111,22128,22110,1,-1
2024-09-02 15:08:12.198,22111,22128,22110,2,-2
2024-09-02 15:08:12.217,22111,22128,22110,1,-1
2024-09-02 15:08:12.217,22111,22128,22108,1,-1
2024-09-02 15:08:12.238,22111,22128,22122,1,1
2024-09-02 15:08:12.238,22111,22128,22121,1,1
2024-09-02 15:08:12.265,22111,22128,22108,1,-1
2024-09-02 15:08:12.276,22111,22128,22107,1,-1
2024-09-02 15:08:12.283,22107,22121,22106,1,-1
2024-09-02 15:08:12.291,22111,22128,22106,2,-2
2024-09-02 15:08:12.292,22111,22128,22112,1,-1
2024-09-02 15:08:12.296,22111,22128,22113,1,-1
2024-09-02 15:08:12.351,22107,22121,22107,1,-1
2024-09-02 15:08:12.352,22107,22121,22107,1,-1
2024-09-02 15:08:12.371,22107,22121,22106,15,-15
2024-09-02 15:08:12.371,22107,22121,22105,7,-7
2024-09-02 15:08:12.371,22107,22121,22104,2,-2
2024-09-02 15:08:12.373,22107,22121,22104,1,-1
2024-09-02 15:08:12.389,22107,22121,22104,1,-1
2024-09-02 15:08:12.407,22107,22121,22109,1,-1
2024-09-02 15:08:12.445,22107,22121,22103,1,-1
2024-09-02 15:08:12.495,22107,22121,22107,1,-1
2024-09-02 15:08:12.546,22107,22121,22102,1,-1
2024-09-02 15:08:12.546,22107,22121,22103,1,-1
2024-09-02 15:08:12.559,22101,22109,22101,1,-1
2024-09-02 15:08:12.570,22101,22109,22109,1,1
2024-09-02 15:08:12.614,22101,22109,22105,1,1
2024-09-02 15:08:12.651,22101,22109,22108,1,1
2024-09-02 15:08:12.718,22102,22111,22111,1,1
2024-09-02 15:08:12.719,22102,22111,22112,1,1
2024-09-02 15:08:12.785,22102,22111,22112,2,2
2024-09-02 15:08:12.785,22102,22111,22111,2,2
2024-09-02 15:08:12.790,22102,22111,22107,1,1
2024-09-02 15:08:12.790,22102,22111,22106,1,-1
2024-09-02 15:08:12.799,22102,22111,22102,2,-2
2024-09-02 15:08:12.812,22102,22121,22115,1,1
2024-09-02 15:08:12.812,22102,22121,22116,1,1
2024-09-02 15:08:12.864,22102,22121,22124,1,1
2024-09-02 15:08:12.994,22121,22127,22127,4,4
2024-09-02 15:08:13.011,22121,22127,22128,1,1
2024-09-02 15:08:13.012,22121,22127,22133,1,1
2024-09-02 15:08:13.024,22121,22127,22132,1,1
2024-09-02 15:08:13.048,22121,22127,22133,2,2
2024-09-02 15:08:13.082,22133,22137,22135,1,1
2024-09-02 15:08:13.118,22133,22137,22132,1,-1
2024-09-02 15:08:13.158,22133,22137,22132,1,-1
2024-09-02 15:08:13.162,22133,22137,22133,1,-1
2024-09-02 15:08:13.164,22133,22137,22132,1,-1
2024-09-02 15:08:13.170,22133,22137,22133,1,-1
2024-09-02 15:08:13.170,22133,22137,22134,1,-1
2024-09-02 15:08:13.174,22133,22137,22135,1,-1
2024-09-02 15:08:13.176,22133,22137,22136,1,1
2024-09-02 15:08:13.178,22134,22139,22137,1,1
2024-09-02 15:08:13.191,22134,22139,22137,1,1
2024-09-02 15:08:13.198,22134,22139,22134,2,-2
2024-09-02 15:08:13.378,22131,22137,22131,1,-1
2024-09-02 15:08:13.378,22131,22137,22130,1,-1
2024-09-02 15:08:13.378,22131,22137,22129,1,-1
2024-09-02 15:08:13.378,22131,22137,22128,1,-1
2024-09-02 15:08:13.378,22131,22137,22127,2,-2
2024-09-02 15:08:13.420,22131,22137,22131,1,-1
2024-09-02 15:08:13.423,22131,22137,22132,1,-1
2024-09-02 15:08:13.423,22131,22137,22133,1,-1
2024-09-02 15:08:13.430,22133,22137,22137,1,1
2024-09-02 15:08:13.503,22133,22137,22137,1,1
2024-09-02 15:08:13.511,22133,22137,22137,1,1
2024-09-02 15:08:13.618,22138,22140,22140,1,1
2024-09-02 15:08:13.630,22138,22140,22138,1,-1
2024-09-02 15:08:13.726,22137,22145,22144,1,1
2024-09-02 15:08:14.103,22140,22144,22144,1,1
2024-09-02 15:08:14.123,22140,22144,22146,1,1
2024-09-02 15:08:14.123,22140,22144,22144,1,1
2024-09-02 15:08:14.124,22140,22144,22144,1,1
2024-09-02 15:08:14.139,22140,22144,22142,1,1
2024-09-02 15:08:14.140,22140,22144,22141,1,-1
2024-09-02 15:08:14.202,22141,22145,22141,1,-1
2024-09-02 15:08:14.266,22141,22145,22139,1,-1
2024-09-02 15:08:14.300,22141,22145,22142,1,-1
2024-09-02 15:08:14.348,22140,22143,22143,1,1
2024-09-02 15:08:14.448,22141,22145,22146,1,1
2024-09-02 15:08:14.450,22141,22145,22147,1,1
2024-09-02 15:08:14.473,22141,22145,22148,1,1
2024-09-02 15:08:14.473,22141,22145,22147,1,1
2024-09-02 15:08:14.474,22141,22145,22149,1,1
2024-09-02 15:08:14.474,22141,22145,22150,2,2
2024-09-02 15:08:14.474,22141,22145,22152,1,1
2024-09-02 15:08:14.658,22147,22155,22147,1,-1
2024-09-02 15:08:14.944,22148,22153,22148,1,-1
2024-09-02 15:08:14.944,22148,22153,22147,2,-2
2024-09-02 15:08:14.945,22148,22153,22146,1,-1
2024-09-02 15:08:14.945,22148,22153,22145,1,-1
2024-09-02 15:08:14.945,22148,22153,22144,2,-2
2024-09-02 15:08:14.945,22148,22153,22143,1,-1
2024-09-02 15:08:14.948,22148,22153,22146,1,-1
2024-09-02 15:08:15.131,22145,22148,22148,1,1
2024-09-02 15:08:15.359,22145,22149,22149,1,1
2024-09-02 15:08:15.467,22146,22150,22150,1,1
2024-09-02 15:08:15.468,22146,22150,22152,1,1
2024-09-02 15:08:15.468,22146,22150,22151,1,1
2024-09-02 15:08:15.510,22146,22150,22154,1,1
2024-09-02 15:08:15.521,22146,22150,22155,1,1
2024-09-02 15:08:15.778,22148,22153,22134,3,-3
2024-09-02 15:08:15.778,22148,22153,22139,2,-2
2024-09-02 15:08:15.778,22148,22153,22140,4,-4
2024-09-02 15:08:15.778,22148,22153,22141,3,-3
2024-09-02 15:08:15.778,22148,22153,22142,3,-3
2024-09-02 15:08:15.778,22148,22153,22132,1,-1
2024-09-02 15:08:15.778,22148,22153,22144,2,-2
2024-09-02 15:08:15.778,22148,22153,22145,1,-1
2024-09-02 15:08:15.778,22148,22153,22146,5,-5
2024-09-02 15:08:15.778,22148,22153,22147,2,-2
2024-09-02 15:08:15.778,22148,22153,22148,1,-1
2024-09-02 15:08:15.778,22148,22153,22143,2,-2
2024-09-02 15:08:15.782,22148,22153,22142,1,-1
2024-09-02 15:08:15.786,22148,22153,22143,1,-1
2024-09-02 15:08:15.797,22148,22153,22147,1,-1
2024-09-02 15:08:15.799,22148,22153,22151,1,1
2024-09-02 15:08:15.857,22149,22154,22149,2,-2
2024-09-02 15:08:15.857,22149,22154,22148,1,-1
2024-09-02 15:08:15.857,22149,22154,22145,1,-1
2024-09-02 15:08:15.907,22149,22154,22146,2,-2
2024-09-02 15:08:15.940,22145,22148,22145,1,-1
2024-09-02 15:08:15.940,22145,22148,22144,1,-1
2024-09-02 15:08:16.284,22142,22147,22147,1,1
2024-09-02 15:08:16.465,22141,22145,22142,2,-2
2024-09-02 15:08:16.473,22142,22148,22142,1,-1
2024-09-02 15:08:17.443,22142,22145,22146,2,2
2024-09-02 15:08:17.443,22142,22145,22145,3,3
2024-09-02 15:08:18.259,22144,22148,22144,1,-1
2024-09-02 15:08:19.053,22144,22148,22144,1,-1
2024-09-02 15:08:19.355,22146,22148,22148,1,1
2024-09-02 15:08:19.355,22146,22148,22148,1,1
2024-09-02 15:08:20.293,22146,22148,22146,1,-1
2024-09-02 15:08:20.349,22145,22148,22148,1,1
2024-09-02 15:08:20.377,22145,22148,22148,1,1
2024-09-02 15:08:20.423,22145,22148,22146,1,-1
2024-09-02 15:08:20.434,22146,22149,22146,1,-1
2024-09-02 15:08:20.434,22146,22149,22145,1,-1
2024-09-02 15:08:20.493,22146,22149,22149,1,1
2024-09-02 15:08:20.552,22145,22149,22149,1,1
2024-09-02 15:08:20.755,22146,22149,22149,1,1
2024-09-02 15:08:20.855,22146,22150,22150,3,3
2024-09-02 15:08:20.916,22146,22150,22150,1,1
2024-09-02 15:08:20.916,22146,22150,22151,1,1
2024-09-02 15:08:21.357,22149,22153,22153,1,1
2024-09-02 15:08:21.906,22151,22157,22151,1,-1
2024-09-02 15:08:21.906,22151,22157,22149,1,-1
2024-09-02 15:08:22.085,22149,22151,22151,1,1
2024-09-02 15:08:22.823,22149,22151,22149,1,-1
2024-09-02 15:08:22.827,22149,22151,22149,1,-1
2024-09-02 15:08:22.968,22147,22150,22147,2,-2
2024-09-02 15:08:22.981,22147,22150,22149,1,1
2024-09-02 15:08:23.061,22148,22149,22148,1,-1
2024-09-02 15:08:23.376,22147,22149,22149,1,1
2024-09-02 15:08:23.577,22147,22150,22147,1,-1
2024-09-02 15:08:23.632,22147,22150,22151,1,1
2024-09-02 15:08:23.632,22147,22150,22150,1,1
2024-09-02 15:08:23.632,22147,22150,22149,1,1
2024-09-02 15:08:23.898,22148,22151,22149,1,-1
2024-09-02 15:08:23.913,22148,22151,22147,1,-1
2024-09-02 15:08:24.326,22149,22150,22150,1,1
2024-09-02 15:08:24.628,22149,22151,22151,1,1
2024-09-02 15:08:24.906,22150,22153,22151,1,-1
2024-09-02 15:08:25.242,22149,22151,22149,1,-1
2024-09-02 15:08:25.626,22148,22150,22148,2,-2
2024-09-02 15:08:25.764,22146,22149,22150,1,1
2024-09-02 15:08:25.785,22146,22149,22148,1,1
2024-09-02 15:08:25.821,22147,22150,22150,1,1
2024-09-02 15:08:25.821,22147,22150,22151,4,4
2024-09-02 15:08:25.821,22147,22150,22152,1,1
2024-09-02 15:08:25.923,22147,22150,22153,2,2
2024-09-02 15:08:25.923,22147,22150,22152,1,1
2024-09-02 15:08:25.924,22147,22150,22153,1,1
2024-09-02 15:08:25.924,22147,22150,22154,1,1
2024-09-02 15:08:27.001,22152,22157,22152,2,-2
2024-09-02 15:08:27.093,22151,22157,22155,1,1
2024-09-02 15:08:27.093,22151,22157,22155,1,1
2024-09-02 15:08:27.094,22151,22157,22155,1,1
2024-09-02 15:08:27.203,22152,22158,22158,2,2
2024-09-02 15:08:27.203,22152,22158,22159,1,1
2024-09-02 15:08:27.771,22155,22159,22158,1,1
2024-09-02 15:08:27.976,22156,22159,22159,1,1
2024-09-02 15:08:28.108,22156,22159,22154,1,-1
2024-09-02 15:08:28.108,22156,22159,22156,1,-1
2024-09-02 15:08:28.108,22156,22159,22155,4,-4
2024-09-02 15:08:28.136,22156,22159,22152,1,-1
2024-09-02 15:08:28.136,22156,22159,22154,2,-2
2024-09-02 15:08:29.150,22152,22156,22152,1,-1
2024-09-02 15:08:29.283,22151,22154,22151,2,-2
2024-09-02 15:08:29.420,22151,22154,22151,1,-1
2024-09-02 15:08:29.546,22150,22153,22150,1,-1
2024-09-02 15:08:29.730,22149,22152,22149,1,-1
2024-09-02 15:08:29.804,22149,22152,22152,1,1
2024-09-02 15:08:29.978,22148,22152,22148,1,-1
2024-09-02 15:08:30.092,22147,22150,22150,1,1
2024-09-02 15:08:30.092,22147,22150,22151,3,3
2024-09-02 15:08:30.092,22147,22150,22152,3,3
2024-09-02 15:08:30.092,22147,22150,22153,5,5
2024-09-02 15:08:30.092,22147,22150,22154,3,3
2024-09-02 15:08:30.307,22151,22154,22151,1,-1
2024-09-02 15:08:30.542,22151,22154,22152,1,-1
2024-09-02 15:08:30.975,22152,22155,22152,1,-1
2024-09-02 15:08:30.985,22152,22155,22152,1,-1
2024-09-02 15:08:32.288,22152,22154,22153,1,-1
2024-09-02 15:08:32.293,22152,22154,22152,1,-1
2024-09-02 15:08:32.758,22151,22154,22151,1,-1
2024-09-02 15:08:32.850,22151,22153,22151,1,-1
2024-09-02 15:08:32.855,22151,22153,22149,1,-1
2024-09-02 15:08:33.131,22149,22153,22149,1,-1
2024-09-02 15:08:33.214,22148,22152,22148,1,-1
2024-09-02 15:08:33.247,22148,22152,22150,1,-1
2024-09-02 15:08:33.272,22148,22152,22148,1,-1
2024-09-02 15:08:33.408,22147,22150,22145,2,-2
2024-09-02 15:08:33.408,22147,22150,22144,1,-1
2024-09-02 15:08:33.408,22147,22150,22147,1,-1
2024-09-02 15:08:33.408,22147,22150,22146,2,-2
2024-09-02 15:08:33.718,22145,22148,22149,1,1
2024-09-02 15:08:33.718,22145,22148,22150,1,1
2024-09-02 15:08:33.855,22147,22150,22149,1,1
2024-09-02 15:08:33.855,22147,22150,22150,1,1
2024-09-02 15:08:34.057,22148,22151,22151,1,1
2024-09-02 15:08:34.082,22148,22151,22152,3,3
2024-09-02 15:08:34.341,22152,22154,22154,2,2
2024-09-02 15:08:34.341,22152,22154,22155,1,1
2024-09-02 15:08:34.513,22154,22156,22154,1,-1
2024-09-02 15:08:35.264,22153,22157,22153,2,-2
2024-09-02 15:08:35.264,22153,22157,22152,1,-1
2024-09-02 15:08:35.397,22152,22156,22152,1,-1
2024-09-02 15:08:35.397,22152,22156,22152,1,-1
2024-09-02 15:08:36.089,22152,22156,22152,2,-2
2024-09-02 15:08:36.743,22152,22156,22156,3,3
2024-09-02 15:08:37.072,22153,22157,22153,3,-3
2024-09-02 15:08:37.073,22153,22157,22152,1,-1
2024-09-02 15:08:37.073,22153,22157,22152,1,-1
2024-09-02 15:08:37.074,22153,22157,22151,1,-1
2024-09-02 15:08:37.808,22149,22153,22149,1,-1
2024-09-02 15:08:37.810,22149,22153,22148,2,-2
2024-09-02 15:08:37.812,22149,22153,22146,1,-1
2024-09-02 15:08:37.920,22149,22153,22149,1,-1
2024-09-02 15:08:38.883,22148,22150,22148,1,-1
2024-09-02 15:08:39.348,22144,22148,22144,1,-1
2024-09-02 15:08:39.837,22144,22148,22144,1,-1
2024-09-02 15:08:39.837,22144,22148,22143,1,-1
2024-09-02 15:08:40.090,22145,22146,22145,1,-1
2024-09-02 15:08:40.090,22145,22146,22144,1,-1
2024-09-02 15:08:40.342,22143,22146,22146,1,1
2024-09-02 15:08:40.811,22143,22146,22146,1,1
2024-09-02 15:08:41.011,22143,22148,22143,1,-1
2024-09-02 15:08:41.522,22143,22148,22148,2,2
2024-09-02 15:08:41.522,22143,22148,22149,1,1
2024-09-02 15:08:42.340,22144,22148,22144,1,-1
2024-09-02 15:08:42.516,22144,22148,22148,1,1
2024-09-02 15:08:42.516,22144,22148,22149,1,1
2024-09-02 15:08:43.487,22146,22150,22150,2,2
2024-09-02 15:08:43.487,22146,22150,22150,1,1
2024-09-02 15:08:44.366,22150,22152,22150,1,-1
2024-09-02 15:08:44.366,22150,22152,22150,1,-1
2024-09-02 15:08:44.366,22150,22152,22149,1,-1
2024-09-02 15:08:44.367,22150,22152,22149,1,-1
2024-09-02 15:08:44.368,22150,22152,22148,1,-1
2024-09-02 15:08:44.370,22150,22152,22147,1,-1
2024-09-02 15:08:44.375,22150,22152,22146,2,-2
2024-09-02 15:08:44.376,22150,22152,22146,1,-1
2024-09-02 15:08:44.376,22150,22152,22145,1,-1
2024-09-02 15:08:44.376,22150,22152,22144,1,-1
2024-09-02 15:08:44.377,22150,22152,22144,1,-1
2024-09-02 15:08:44.381,22150,22152,22143,1,-1
2024-09-02 15:08:44.382,22150,22152,22142,1,-1
2024-09-02 15:08:44.386,22150,22152,22142,1,-1
2024-09-02 15:08:44.462,22142,22146,22146,1,1
2024-09-02 15:08:46.124,22144,22146,22144,1,-1
2024-09-02 15:08:46.697,22142,22145,22142,1,-1
2024-09-02 15:08:46.697,22142,22145,22142,1,-1
2024-09-02 15:08:46.698,22142,22145,22140,1,-1
2024-09-02 15:08:46.700,22142,22145,22140,1,-1
2024-09-02 15:08:46.740,22142,22145,22140,1,-1
2024-09-02 15:08:46.740,22142,22145,22140,1,-1
2024-09-02 15:08:47.141,22139,22141,22141,1,1
2024-09-02 15:08:49.270,22140,22141,22141,1,1
2024-09-02 15:08:49.659,22140,22144,22144,1,1
2024-09-02 15:08:49.729,22140,22144,22140,2,-2
2024-09-02 15:08:50.176,22141,22144,22143,1,1
2024-09-02 15:08:50.660,22141,22144,22144,1,1
2024-09-02 15:08:51.807,22142,22145,22142,1,-1
2024-09-02 15:08:53.314,22142,22145,22142,1,-1
2024-09-02 15:08:53.371,22142,22145,22142,1,-1
2024-09-02 15:08:53.372,22142,22145,22142,1,-1
2024-09-02 15:08:55.103,22141,22144,22144,1,1
2024-09-02 15:08:56.514,22141,22144,22141,1,-1
2024-09-02 15:08:58.074,22142,22143,22142,2,-2
2024-09-02 15:08:58.076,22142,22143,22141,1,-1
2024-09-02 15:08:58.076,22142,22143,22141,1,-1
2024-09-02 15:08:58.495,22139,22142,22142,1,1
2024-09-02 15:08:58.835,22140,22142,22142,1,1
2024-09-02 15:09:00.215,22141,22144,22144,1,1
2024-09-02 15:09:00.305,22141,22144,22141,1,-1
2024-09-02 15:09:00.305,22141,22144,22140,1,-1
2024-09-02 15:09:00.305,22141,22144,22139,2,-2
2024-09-02 15:09:00.307,22141,22144,22140,1,-1
2024-09-02 15:09:00.311,22141,22144,22139,1,-1
2024-09-02 15:09:00.321,22141,22144,22141,1,-1
2024-09-02 15:09:00.328,22141,22144,22138,1,-1
2024-09-02 15:09:00.331,22141,22144,22138,1,-1
2024-09-02 15:09:00.390,22141,22144,22136,1,-1
2024-09-02 15:09:00.591,22135,22137,22136,1,-1
2024-09-02 15:09:00.606,22135,22137,22137,1,1
2024-09-02 15:09:00.622,22135,22137,22139,1,1
2024-09-02 15:09:00.628,22135,22137,22140,1,1
2024-09-02 15:09:00.663,22135,22137,22136,1,1
2024-09-02 15:09:00.689,22135,22140,22135,1,-1
2024-09-02 15:09:00.798,22135,22140,22133,1,-1
2024-09-02 15:09:00.848,22132,22138,22132,1,-1
2024-09-02 15:09:00.973,22131,22138,22131,1,-1
2024-09-02 15:09:01.004,22131,22138,22131,1,-1
2024-09-02 15:09:01.148,22130,22134,22130,1,-1
2024-09-02 15:09:01.172,22130,22134,22130,1,-1
2024-09-02 15:09:01.186,22129,22134,22134,1,1
2024-09-02 15:09:01.235,22129,22134,22129,1,-1
2024-09-02 15:09:01.298,22129,22134,22129,1,-1
2024-09-02 15:09:01.344,22128,22132,22129,1,-1
2024-09-02 15:09:01.449,22129,22134,22129,1,-1
2024-09-02 15:09:01.608,22129,22133,22129,1,-1
2024-09-02 15:09:01.778,22128,22133,22128,1,-1
2024-09-02 15:09:01.917,22124,22133,22124,1,-1
2024-09-02 15:09:02.082,22121,22131,22121,1,-1
2024-09-02 15:09:02.226,22120,22129,22120,1,-1
2024-09-02 15:09:02.248,22120,22129,22129,1,1
2024-09-02 15:09:02.386,22121,22129,22121,1,-1
2024-09-02 15:09:02.521,22120,22128,22120,1,-1
2024-09-02 15:09:02.672,22120,22128,22120,1,-1
2024-09-02 15:09:02.832,22120,22128,22120,1,-1
2024-09-02 15:09:02.953,22119,22128,22119,1,-1
2024-09-02 15:09:02.984,22119,22128,22118,1,-1
2024-09-02 15:09:03.140,22115,22125,22115,1,-1
2024-09-02 15:09:03.242,22114,22125,22114,1,-1
2024-09-02 15:09:03.299,22114,22125,22114,1,-1
2024-09-02 15:09:03.448,22112,22123,22112,1,-1
2024-09-02 15:09:03.601,22112,22122,22112,1,-1
2024-09-02 15:09:03.892,22113,22122,22122,1,1
2024-09-02 15:09:04.207,22116,22121,22121,1,1
2024-09-02 15:09:04.346,22118,22124,22118,1,-1
2024-09-02 15:09:04.494,22118,22123,22125,1,1
2024-09-02 15:09:04.587,22121,22127,22128,1,1
2024-09-02 15:09:04.711,22127,22131,22131,1,1
2024-09-02 15:09:05.852,22121,22134,22134,1,1
2024-09-02 15:09:05.852,22121,22134,22135,1,1
2024-09-02 15:09:06.031,22126,22136,22136,1,1
2024-09-02 15:09:06.318,22127,22136,22136,1,1
2024-09-02 15:09:06.631,22127,22138,22138,2,2
2024-09-02 15:09:06.731,22132,22140,22135,1,-1
2024-09-02 15:09:08.129,22132,22139,22139,1,1
2024-09-02 15:09:08.180,22132,22139,22132,1,-1
2024-09-02 15:09:08.181,22132,22139,22133,1,-1
2024-09-02 15:09:08.181,22132,22139,22132,1,-1
2024-09-02 15:09:08.181,22132,22139,22132,1,-1
2024-09-02 15:09:08.184,22132,22139,22134,1,-1
2024-09-02 15:09:08.219,22132,22139,22137,1,1
2024-09-02 15:09:08.219,22132,22139,22138,1,1
2024-09-02 15:09:08.224,22132,22139,22134,1,-1
2024-09-02 15:09:08.269,22132,22139,22133,1,-1
2024-09-02 15:09:08.943,22135,22137,22137,1,1
2024-09-02 15:09:09.313,22135,22140,22144,3,3
2024-09-02 15:09:09.354,22135,22140,22145,1,1
2024-09-02 15:09:09.354,22135,22140,22145,1,1
2024-09-02 15:09:09.354,22135,22140,22145,1,1
2024-09-02 15:09:09.355,22135,22140,22145,1,1
2024-09-02 15:09:09.394,22135,22140,22147,1,1
2024-09-02 15:09:09.395,22135,22140,22145,2,2
2024-09-02 15:09:09.396,22135,22140,22144,2,2
2024-09-02 15:09:09.396,22135,22140,22144,1,1
2024-09-02 15:09:09.397,22135,22140,22143,1,1
2024-09-02 15:09:09.445,22141,22145,22144,2,2
2024-09-02 15:09:09.497,22141,22145,22146,1,1
2024-09-02 15:09:09.501,22141,22145,22146,2,2
2024-09-02 15:09:09.519,22141,22145,22148,1,1
2024-09-02 15:09:09.631,22144,22148,22146,2,2
2024-09-02 15:09:09.632,22144,22148,22147,2,2
2024-09-02 15:09:09.786,22144,22147,22145,1,-1
2024-09-02 15:09:09.942,22141,22144,22144,1,1
2024-09-02 15:09:10.007,22141,22144,22143,1,1
2024-09-02 15:09:10.030,22141,22144,22144,1,1
2024-09-02 15:09:10.105,22141,22145,22145,1,1
2024-09-02 15:09:10.107,22141,22145,22146,1,1
2024-09-02 15:09:12.183,22141,22143,22141,1,-1
2024-09-02 15:09:12.392,22140,22142,22142,3,3
2024-09-02 15:09:12.572,22140,22142,22142,1,1
2024-09-02 15:09:13.069,22141,22143,22141,1,-1
2024-09-02 15:09:14.493,22140,22143,22142,1,1
2024-09-02 15:09:15.470,22140,22143,22143,1,1
2024-09-02 15:09:15.557,22140,22143,22140,3,-3
2024-09-02 15:09:16.093,22137,22140,22137,1,-1
2024-09-02 15:09:16.145,22137,22140,22139,1,1
2024-09-02 15:09:16.353,22140,22143,22139,1,-1
2024-09-02 15:09:16.353,22140,22143,22140,2,-2
2024-09-02 15:09:16.715,22139,22142,22139,1,-1
2024-09-02 15:09:16.790,22139,22142,22142,3,3
2024-09-02 15:09:17.645,22139,22142,22139,1,-1
2024-09-02 15:09:17.724,22139,22142,22142,1,1
2024-09-02 15:09:18.145,22140,22143,22142,1,1
2024-09-02 15:09:18.181,22140,22143,22140,1,-1
2024-09-02 15:09:18.181,22140,22143,22139,1,-1
2024-09-02 15:09:18.181,22140,22143,22138,1,-1
2024-09-02 15:09:18.181,22140,22143,22138,1,-1
2024-09-02 15:09:18.566,22138,22141,22138,1,-1
2024-09-02 15:09:18.716,22138,22141,22141,1,1
2024-09-02 15:09:20.427,22141,22144,22141,1,-1
2024-09-02 15:09:20.560,22140,22143,22143,3,3
2024-09-02 15:09:21.966,22141,22144,22144,1,1
2024-09-02 15:09:23.296,22142,22144,22144,1,1
2024-09-02 15:09:24.674,22143,22145,22144,1,1
2024-09-02 15:09:24.730,22143,22145,22143,1,-1
2024-09-02 15:09:26.395,22141,22144,22141,2,-2
2024-09-02 15:09:26.397,22141,22144,22140,1,-1
2024-09-02 15:09:26.397,22141,22144,22139,3,-3
2024-09-02 15:09:26.417,22141,22144,22141,2,-2
2024-09-02 15:09:27.877,22138,22140,22140,1,1
2024-09-02 15:09:27.930,22138,22140,22138,1,-1
2024-09-02 15:09:27.930,22138,22140,22138,1,-1
2024-09-02 15:09:27.930,22138,22140,22138,1,-1
2024-09-02 15:09:27.931,22138,22140,22138,4,-4
2024-09-02 15:09:27.934,22138,22140,22137,1,-1
2024-09-02 15:09:29.430,22138,22141,22141,1,1
2024-09-02 15:09:29.896,22139,22142,22138,1,-1
2024-09-02 15:09:30.646,22140,22142,22142,1,1
2024-09-02 15:09:30.662,22140,22142,22143,2,2
2024-09-02 15:09:33.367,22140,22142,22140,1,-1
2024-09-02 15:09:33.674,22140,22142,22142,1,1
2024-09-02 15:09:33.674,22140,22142,22143,2,2
2024-09-02 15:09:36.625,22141,22143,22143,1,1
2024-09-02 15:09:36.625,22141,22143,22143,1,1
2024-09-02 15:09:36.627,22141,22143,22145,1,1
2024-09-02 15:09:36.915,22144,22146,22144,1,-1
2024-09-02 15:09:38.392,22144,22146,22145,1,-1
2024-09-02 15:09:38.429,22144,22146,22144,1,-1
2024-09-02 15:09:38.430,22144,22146,22144,1,-1
2024-09-02 15:09:39.347,22143,22145,22143,1,-1
2024-09-02 15:09:39.347,22143,22145,22143,4,-4
2024-09-02 15:09:39.347,22143,22145,22143,2,-2
2024-09-02 15:09:39.348,22143,22145,22142,1,-1
2024-09-02 15:09:39.351,22143,22145,22140,2,-2
2024-09-02 15:09:40.751,22143,22145,22145,3,3
2024-09-02 15:09:40.751,22143,22145,22146,4,4
2024-09-02 15:09:40.751,22143,22145,22147,1,1
2024-09-02 15:09:42.475,22144,22145,22145,1,1
2024-09-02 15:09:43.216,22144,22146,22146,1,1
2024-09-02 15:09:44.621,22143,22147,22147,1,1
2024-09-02 15:09:46.821,22144,22147,22147,1,1
2024-09-02 15:09:46.930,22144,22147,22144,1,-1
2024-09-02 15:09:46.930,22144,22147,22143,1,-1
2024-09-02 15:09:47.186,22143,22146,22143,2,-2
2024-09-02 15:09:50.167,22140,22142,22140,1,-1
2024-09-02 15:09:50.168,22140,22142,22140,3,-3
2024-09-02 15:09:50.489,22139,22141,22139,1,-1
2024-09-02 15:09:52.103,22137,22140,22140,1,1
2024-09-02 15:09:52.913,22138,22140,22140,1,1
2024-09-02 15:09:54.635,22140,22143,22141,1,-1
2024-09-02 15:09:55.754,22141,22143,22141,1,-1
2024-09-02 15:09:57.678,22141,22144,22144,1,1
2024-09-02 15:09:58.160,22143,22145,22143,1,-1
2024-09-02 15:09:58.293,22142,22145,22142,1,-1
2024-09-02 15:10:00.202,22141,22145,22142,1,-1
2024-09-02 15:10:00.233,22141,22145,22143,1,-1
2024-09-02 15:10:00.386,22141,22145,22141,1,-1
2024-09-02 15:10:00.464,22141,22145,22141,2,-2
2024-09-02 15:10:00.474,22141,22145,22140,3,-3
2024-09-02 15:10:00.486,22141,22145,22138,1,-1
2024-09-02 15:10:00.486,22141,22145,22139,1,-1
2024-09-02 15:10:00.486,22141,22145,22140,3,-3
2024-09-02 15:10:00.699,22139,22142,22139,1,-1
2024-09-02 15:10:00.706,22139,22142,22138,1,-1
2024-09-02 15:10:00.744,22139,22142,22138,1,-1
2024-09-02 15:10:00.756,22139,22142,22138,1,-1
2024-09-02 15:10:00.873,22137,22140,22137,1,-1
2024-09-02 15:10:01.028,22137,22140,22142,1,1
2024-09-02 15:10:01.045,22137,22140,22138,1,-1
2024-09-02 15:10:01.089,22137,22141,22141,1,1
2024-09-02 15:10:01.217,22138,22141,22138,1,-1
2024-09-02 15:10:01.332,22137,22141,22137,2,-2
2024-09-02 15:10:01.561,22138,22140,22138,1,-1
2024-09-02 15:10:01.561,22138,22140,22137,1,-1
2024-09-02 15:10:01.660,22138,22140,22139,2,-2
2024-09-02 15:10:01.982,22137,22138,22138,1,1
2024-09-02 15:10:02.058,22137,22140,22140,1,1
2024-09-02 15:10:02.253,22137,22140,22137,3,-3
2024-09-02 15:10:02.255,22137,22140,22137,1,-1
2024-09-02 15:10:02.255,22137,22140,22137,1,-1
2024-09-02 15:10:02.255,22137,22140,22137,1,-1
2024-09-02 15:10:02.255,22137,22140,22137,1,-1
2024-09-02 15:10:02.255,22137,22140,22137,3,-3
2024-09-02 15:10:02.255,22137,22140,22137,1,-1
2024-09-02 15:10:02.255,22137,22140,22137,4,-4
2024-09-02 15:10:02.804,22135,22137,22135,1,-1
2024-09-02 15:10:03.378,22133,22135,22135,1,1
2024-09-02 15:10:03.435,22133,22137,22134,1,-1
2024-09-02 15:10:03.676,22134,22137,22140,1,1
2024-09-02 15:10:03.676,22134,22137,22139,6,6
2024-09-02 15:10:03.676,22134,22137,22138,2,2
2024-09-02 15:10:03.676,22134,22137,22137,1,1
2024-09-02 15:10:03.885,22138,22141,22140,1,1
2024-09-02 15:10:04.492,22140,22141,22141,3,3
2024-09-02 15:10:05.153,22143,22145,22143,1,-1
2024-09-02 15:10:05.878,22143,22145,22145,5,5
2024-09-02 15:10:05.878,22143,22145,22145,1,1
2024-09-02 15:10:06.865,22146,22147,22147,1,1
2024-09-02 15:10:07.711,22146,22147,22146,2,-2
2024-09-02 15:10:11.717,22144,22147,22144,1,-1
2024-09-02 15:10:13.260,22144,22146,22144,1,-1
2024-09-02 15:10:14.336,22145,22146,22145,1,-1
2024-09-02 15:10:19.320,22144,22146,22146,1,1
2024-09-02 15:10:19.638,22144,22147,22147,2,2
2024-09-02 15:10:25.170,22144,22147,22147,1,1
2024-09-02 15:10:26.365,22145,22147,22147,1,1
2024-09-02 15:10:26.603,22145,22147,22145,3,-3
2024-09-02 15:10:28.251,22145,22147,22147,3,3
2024-09-02 15:10:28.380,22147,22148,22147,1,-1
2024-09-02 15:10:33.064,22146,22147,22146,1,-1
2024-09-02 15:10:33.065,22146,22147,22145,3,-3
2024-09-02 15:10:33.066,22146,22147,22144,1,-1
2024-09-02 15:10:33.297,22142,22145,22142,1,-1
2024-09-02 15:10:33.760,22142,22144,22142,1,-1
2024-09-02 15:10:34.042,22141,22142,22141,1,-1
2024-09-02 15:10:34.538,22140,22141,22141,2,2
2024-09-02 15:10:34.538,22140,22141,22142,1,1
2024-09-02 15:10:35.675,22140,22142,22140,1,-1
2024-09-02 15:10:37.172,22140,22142,22142,1,1
2024-09-02 15:10:37.214,22141,22143,22143,1,1
2024-09-02 15:10:37.520,22142,22144,22144,2,2
2024-09-02 15:10:37.520,22142,22144,22145,1,1
2024-09-02 15:10:39.862,22144,22146,22146,1,1
2024-09-02 15:10:41.528,22146,22147,22146,1,-1
2024-09-02 15:10:44.152,22144,22146,22144,1,-1
2024-09-02 15:10:44.152,22144,22146,22143,1,-1
2024-09-02 15:10:44.388,22142,22145,22145,1,1
2024-09-02 15:10:44.388,22142,22145,22146,2,2
2024-09-02 15:10:44.388,22142,22145,22147,5,5
2024-09-02 15:10:44.389,22142,22145,22147,2,2
2024-09-02 15:10:45.992,22143,22146,22146,1,1
2024-09-02 15:10:46.761,22143,22145,22145,1,1
2024-09-02 15:10:47.305,22143,22146,22146,1,1
2024-09-02 15:10:48.639,22143,22144,22144,2,2
2024-09-02 15:10:48.640,22143,22144,22142,1,-1
2024-09-02 15:10:48.755,22142,22144,22142,1,-1
2024-09-02 15:10:49.368,22141,22144,22141,2,-2
2024-09-02 15:10:49.777,22141,22143,22141,2,-2
2024-09-02 15:10:50.540,22140,22142,22140,2,-2
2024-09-02 15:10:50.540,22140,22142,22140,1,-1
2024-09-02 15:10:50.541,22140,22142,22139,1,-1
2024-09-02 15:10:50.541,22140,22142,22139,1,-1
2024-09-02 15:10:50.541,22140,22142,22139,2,-2
2024-09-02 15:10:50.562,22137,22140,22140,1,1
2024-09-02 15:10:51.503,22137,22139,22139,1,1
2024-09-02 15:10:52.439,22137,22139,22137,1,-1
2024-09-02 15:10:52.731,22136,22139,22136,2,-2
2024-09-02 15:10:52.894,22136,22138,22136,1,-1
2024-09-02 15:10:53.169,22136,22138,22135,1,-1
2024-09-02 15:10:53.169,22136,22138,22136,1,-1
2024-09-02 15:10:53.336,22135,22137,22135,1,-1
2024-09-02 15:10:53.336,22135,22137,22134,1,-1
2024-09-02 15:10:53.712,22134,22137,22134,1,-1
2024-09-02 15:10:53.931,22133,22136,22136,4,4
2024-09-02 15:10:53.931,22133,22136,22137,3,3
2024-09-02 15:10:53.931,22133,22136,22138,3,3
2024-09-02 15:10:54.861,22137,22139,22137,1,-1
2024-09-02 15:10:54.952,22136,22139,22136,1,-1
2024-09-02 15:10:56.100,22136,22139,22136,1,-1
2024-09-02 15:10:57.550,22136,22139,22139,1,1
2024-09-02 15:10:57.870,22139,22142,22139,1,-1
2024-09-02 15:10:59.384,22139,22142,22140,1,-1
2024-09-02 15:11:00.238,22139,22142,22138,3,-3
2024-09-02 15:11:00.238,22139,22142,22139,1,-1
2024-09-02 15:11:00.656,22138,22141,22138,1,-1
2024-09-02 15:11:01.316,22137,22140,22137,1,-1
2024-09-02 15:11:01.318,22137,22140,22136,1,-1
2024-09-02 15:11:01.540,22135,22137,22135,1,-1
2024-09-02 15:11:01.540,22135,22137,22135,1,-1
2024-09-02 15:11:01.982,22134,22138,22134,1,-1
2024-09-02 15:11:02.070,22134,22137,22134,2,-2
2024-09-02 15:11:02.070,22134,22137,22133,1,-1
2024-09-02 15:11:03.781,22131,22133,22133,1,1
2024-09-02 15:11:03.781,22131,22133,22134,1,1
2024-09-02 15:11:03.912,22132,22136,22132,1,-1
2024-09-02 15:11:04.066,22134,22137,22134,1,-1
2024-09-02 15:11:04.248,22134,22137,22133,1,-1
2024-09-02 15:11:04.320,22133,22136,22132,2,-2
2024-09-02 15:11:04.320,22133,22136,22133,1,-1
2024-09-02 15:11:04.321,22133,22136,22131,2,-2
2024-09-02 15:11:04.521,22130,22132,22130,5,-5
2024-09-02 15:11:04.673,22127,22131,22129,1,-1
2024-09-02 15:11:04.686,22127,22129,22127,1,-1
2024-09-02 15:11:05.031,22127,22129,22127,2,-2
2024-09-02 15:11:07.067,22129,22130,22130,2,2
2024-09-02 15:11:07.407,22131,22133,22131,2,-2
2024-09-02 15:11:07.789,22129,22132,22129,1,-1
2024-09-02 15:11:08.478,22130,22133,22133,1,1
2024-09-02 15:11:09.115,22131,22133,22133,2,2
2024-09-02 15:11:09.115,22131,22133,22133,11,11
2024-09-02 15:11:09.220,22132,22135,22132,1,-1
2024-09-02 15:11:09.722,22132,22135,22132,2,-2
2024-09-02 15:11:09.722,22132,22135,22131,1,-1
2024-09-02 15:11:09.833,22131,22134,22134,2,2
2024-09-02 15:11:10.294,22133,22135,22133,2,-2
2024-09-02 15:11:10.294,22133,22135,22132,1,-1
2024-09-02 15:11:11.419,22133,22135,22133,2,-2
2024-09-02 15:11:11.502,22131,22134,22132,1,-1
2024-09-02 15:11:11.802,22131,22132,22131,1,-1
2024-09-02 15:11:11.911,22131,22132,22132,1,1
2024-09-02 15:11:12.234,22130,22132,22132,1,1
2024-09-02 15:11:14.364,22127,22128,22128,1,1
2024-09-02 15:11:14.392,22127,22128,22127,2,-2
2024-09-02 15:11:14.530,22126,22128,22128,1,1
2024-09-02 15:11:14.619,22127,22130,22127,2,-2
2024-09-02 15:11:14.693,22126,22129,22129,3,3
2024-09-02 15:11:14.745,22126,22129,22126,1,-1
2024-09-02 15:11:14.745,22126,22129,22127,1,-1
2024-09-02 15:11:14.798,22126,22129,22128,1,1
2024-09-02 15:11:14.816,22126,22129,22129,1,1
2024-09-02 15:11:14.904,22126,22129,22126,2,-2
2024-09-02 15:11:16.173,22127,22128,22127,1,-1
2024-09-02 15:11:16.801,22127,22128,22127,2,-2
2024-09-02 15:11:18.786,22125,22127,22125,2,-2
2024-09-02 15:11:18.884,22123,22126,22123,1,-1
2024-09-02 15:11:19.015,22123,22126,22126,1,1
2024-09-02 15:11:19.242,22123,22125,22125,1,1
2024-09-02 15:11:19.242,22123,22125,22126,1,1
2024-09-02 15:11:19.674,22125,22127,22127,1,1
2024-09-02 15:11:19.675,22125,22127,22127,2,2
2024-09-02 15:11:19.847,22126,22127,22127,1,1
2024-09-02 15:11:20.196,22126,22127,22127,1,1
2024-09-02 15:11:20.227,22126,22127,22126,1,-1
2024-09-02 15:11:20.419,22126,22128,22126,1,-1
2024-09-02 15:11:21.548,22126,22128,22128,2,2
2024-09-02 15:11:21.548,22126,22128,22128,1,1
2024-09-02 15:11:21.548,22126,22128,22128,2,2
2024-09-02 15:11:21.548,22126,22128,22128,9,9
2024-09-02 15:11:21.549,22126,22128,22128,3,3
2024-09-02 15:11:21.549,22126,22128,22128,2,2
2024-09-02 15:11:21.549,22126,22128,22128,1,1
2024-09-02 15:11:21.549,22126,22128,22128,4,4
2024-09-02 15:11:22.397,22127,22129,22127,1,-1
2024-09-02 15:11:22.397,22127,22129,22126,1,-1
2024-09-02 15:11:22.398,22127,22129,22125,1,-1
2024-09-02 15:11:22.398,22127,22129,22124,1,-1
2024-09-02 15:11:22.808,22123,22125,22125,2,2
2024-09-02 15:11:22.810,22123,22125,22123,1,-1
2024-09-02 15:11:23.268,22123,22125,22123,4,-4
2024-09-02 15:11:23.268,22123,22125,22122,3,-3
2024-09-02 15:11:23.717,22121,22122,22121,2,-2
2024-09-02 15:11:23.997,22120,22122,22120,1,-1
2024-09-02 15:11:24.261,22120,22122,22120,1,-1
2024-09-02 15:11:24.295,22120,22122,22122,1,1
2024-09-02 15:11:24.295,22120,22122,22123,1,1
2024-09-02 15:11:24.296,22120,22122,22123,1,1
2024-09-02 15:11:26.790,22121,22123,22121,1,-1
2024-09-02 15:11:27.631,22121,22123,22121,1,-1
2024-09-02 15:11:27.858,22120,22123,22120,1,-1
2024-09-02 15:11:28.020,22120,22123,22120,1,-1
2024-09-02 15:11:28.186,22120,22122,22120,1,-1
2024-09-02 15:11:28.313,22119,22122,22119,1,-1
2024-09-02 15:11:28.449,22118,22122,22118,1,-1
2024-09-02 15:11:28.553,22120,22122,22120,1,-1
2024-09-02 15:11:28.598,22120,22122,22122,1,1
2024-09-02 15:11:28.599,22120,22122,22123,5,5
2024-09-02 15:11:28.599,22120,22122,22124,1,1
2024-09-02 15:11:28.603,22120,22122,22123,2,2
2024-09-02 15:11:28.666,22120,22122,22122,1,1
2024-09-02 15:11:29.282,22122,22125,22124,1,1
2024-09-02 15:11:29.285,22122,22125,22125,1,1
2024-09-02 15:11:29.565,22123,22126,22126,1,1
2024-09-02 15:11:29.569,22123,22126,22127,2,2
2024-09-02 15:11:29.569,22123,22126,22128,1,1
2024-09-02 15:11:29.571,22123,22126,22129,1,1
2024-09-02 15:11:29.857,22127,22130,22127,3,-3
2024-09-02 15:11:29.857,22127,22130,22126,4,-4
2024-09-02 15:11:30.589,22127,22130,22130,2,2
2024-09-02 15:11:31.160,22128,22133,22130,1,-1
2024-09-02 15:11:31.420,22128,22132,22128,3,-3
2024-09-02 15:11:31.420,22128,22132,22127,3,-3
2024-09-02 15:11:31.420,22128,22132,22126,2,-2
2024-09-02 15:11:32.326,22126,22128,22128,1,1
2024-09-02 15:11:34.577,22125,22128,22128,1,1
2024-09-02 15:11:34.577,22125,22128,22129,1,1
2024-09-02 15:11:34.577,22125,22128,22130,1,1
2024-09-02 15:11:36.744,22127,22131,22127,1,-1
2024-09-02 15:11:38.977,22129,22131,22129,1,-1
2024-09-02 15:11:41.995,22128,22131,22128,2,-2
2024-09-02 15:11:42.654,22127,22131,22131,2,2
2024-09-02 15:11:42.654,22127,22131,22132,1,1
2024-09-02 15:11:43.143,22129,22133,22127,2,-2
2024-09-02 15:11:43.143,22129,22133,22129,1,-1
2024-09-02 15:11:43.143,22129,22133,22128,1,-1
2024-09-02 15:11:48.920,22128,22130,22130,1,1
2024-09-02 15:11:50.886,22129,22131,22131,1,1
2024-09-02 15:11:54.246,22130,22133,22133,4,4
2024-09-02 15:11:54.246,22130,22133,22133,2,2
2024-09-02 15:11:54.246,22130,22133,22133,2,2
2024-09-02 15:11:54.259,22130,22133,22134,1,1
2024-09-02 15:11:58.507,22130,22132,22130,2,-2
2024-09-02 15:11:58.507,22130,22132,22128,4,-4
2024-09-02 15:11:58.507,22130,22132,22127,2,-2
2024-09-02 15:12:00.932,22124,22126,22124,2,-2
2024-09-02 15:12:01.366,22123,22126,22127,2,2
2024-09-02 15:12:01.366,22123,22126,22127,1,1
2024-09-02 15:12:01.366,22123,22126,22126,2,2
2024-09-02 15:12:01.423,22123,22126,22128,1,1
2024-09-02 15:12:01.643,22125,22129,22126,1,-1
2024-09-02 15:12:01.662,22125,22129,22126,1,-1
2024-09-02 15:12:01.662,22125,22129,22125,1,-1
2024-09-02 15:12:01.685,22125,22128,22125,1,-1
2024-09-02 15:12:02.139,22127,22129,22127,3,-3
2024-09-02 15:12:02.139,22127,22129,22126,1,-1
2024-09-02 15:12:02.139,22127,22129,22125,2,-2
2024-09-02 15:12:03.137,22125,22127,22125,1,-1
2024-09-02 15:12:03.137,22125,22127,22124,1,-1
2024-09-02 15:12:03.892,22124,22128,22128,1,1
2024-09-02 15:12:08.042,22128,22132,22132,1,1
2024-09-02 15:12:08.232,22129,22134,22129,1,-1
2024-09-02 15:12:08.492,22129,22135,22128,3,-3
2024-09-02 15:12:08.492,22129,22135,22129,1,-1
2024-09-02 15:12:08.519,22129,22135,22127,1,-1
2024-09-02 15:12:09.084,22127,22131,22131,1,1
2024-09-02 15:12:10.517,22128,22132,22132,1,1
2024-09-02 15:12:12.846,22130,22133,22130,1,-1
2024-09-02 15:12:13.668,22129,22133,22132,1,1
2024-09-02 15:12:13.732,22129,22133,22133,1,1
2024-09-02 15:12:13.733,22129,22133,22134,1,1
2024-09-02 15:12:13.855,22131,22136,22136,1,1
2024-09-02 15:12:13.882,22131,22136,22136,1,1
2024-09-02 15:12:13.883,22131,22136,22136,1,1
2024-09-02 15:12:13.886,22131,22136,22137,1,1
2024-09-02 15:12:13.901,22131,22136,22137,1,1
2024-09-02 15:12:13.907,22131,22136,22138,1,1
2024-09-02 15:12:14.226,22135,22138,22138,1,1
2024-09-02 15:12:14.775,22135,22139,22135,1,-1
2024-09-02 15:12:14.775,22135,22139,22134,1,-1
2024-09-02 15:12:14.775,22135,22139,22132,1,-1
2024-09-02 15:12:17.787,22130,22133,22130,1,-1
2024-09-02 15:12:17.961,22129,22132,22132,3,3
2024-09-02 15:12:19.212,22129,22132,22132,1,1
2024-09-02 15:12:19.213,22129,22132,22133,1,1
2024-09-02 15:12:21.235,22130,22134,22134,1,1
2024-09-02 15:12:21.236,22130,22134,22135,1,1
2024-09-02 15:12:23.671,22131,22134,22134,2,2
2024-09-02 15:12:26.248,22131,22134,22134,1,1
2024-09-02 15:12:26.613,22134,22136,22136,2,2
2024-09-02 15:12:26.614,22134,22136,22136,1,1
2024-09-02 15:12:26.615,22134,22136,22137,1,1
2024-09-02 15:12:29.822,22136,22139,22139,1,1
2024-09-02 15:12:30.542,22136,22140,22140,2,2
2024-09-02 15:12:30.542,22136,22140,22141,1,1
2024-09-02 15:12:31.202,22140,22142,22142,1,1
2024-09-02 15:12:31.202,22140,22142,22142,2,2
2024-09-02 15:12:31.399,22141,22143,22143,1,1
2024-09-02 15:12:31.399,22141,22143,22144,1,1
2024-09-02 15:12:31.399,22141,22143,22145,3,3
2024-09-02 15:12:31.644,22142,22144,22142,1,-1
2024-09-02 15:12:31.645,22142,22144,22141,1,-1
2024-09-02 15:12:31.702,22139,22142,22142,1,1
2024-09-02 15:12:33.252,22136,22139,22136,2,-2
2024-09-02 15:12:33.300,22136,22139,22138,1,1
2024-09-02 15:12:33.624,22136,22140,22140,3,3
2024-09-02 15:12:34.980,22136,22138,22136,4,-4
2024-09-02 15:12:35.380,22134,22136,22136,1,1
2024-09-02 15:12:37.209,22134,22137,22137,2,2
2024-09-02 15:12:38.795,22135,22138,22135,1,-1
2024-09-02 15:12:38.795,22135,22138,22134,2,-2
2024-09-02 15:12:38.795,22135,22138,22133,1,-1
2024-09-02 15:12:38.796,22135,22138,22133,4,-4
2024-09-02 15:12:39.321,22132,22136,22136,1,1
2024-09-02 15:12:40.076,22133,22136,22136,1,1
2024-09-02 15:12:41.134,22135,22139,22139,1,1
2024-09-02 15:12:41.421,22135,22138,22135,1,-1
2024-09-02 15:12:44.667,22135,22138,22138,1,1
2024-09-02 15:12:46.405,22135,22138,22138,2,2
2024-09-02 15:12:46.406,22135,22138,22138,3,3
2024-09-02 15:12:48.004,22136,22138,22138,1,1
2024-09-02 15:12:48.957,22136,22138,22136,1,-1
2024-09-02 15:12:48.958,22136,22138,22135,1,-1
2024-09-02 15:12:51.284,22135,22137,22135,1,-1
2024-09-02 15:12:51.476,22134,22136,22134,1,-1
2024-09-02 15:12:52.690,22131,22135,22135,1,1
2024-09-02 15:12:53.530,22132,22134,22134,1,1
2024-09-02 15:12:56.256,22132,22134,22132,2,-2
2024-09-02 15:12:58.780,22132,22134,22132,1,-1
2024-09-02 15:12:58.781,22132,22134,22131,1,-1
2024-09-02 15:12:58.821,22130,22131,22131,1,1
2024-09-02 15:13:01.225,22131,22134,22134,3,3
2024-09-02 15:13:01.225,22131,22134,22135,2,2
2024-09-02 15:13:01.642,22132,22135,22132,2,-2
2024-09-02 15:13:01.911,22133,22135,22133,1,-1
2024-09-02 15:13:02.560,22133,22135,22133,1,-1
2024-09-02 15:13:04.005,22133,22135,22135,1,1
2024-09-02 15:13:04.462,22135,22138,22138,1,1
2024-09-02 15:13:04.744,22137,22140,22140,1,1
2024-09-02 15:13:04.744,22137,22140,22141,1,1
2024-09-02 15:13:04.744,22137,22140,22142,1,1
2024-09-02 15:13:11.667,22133,22136,22136,1,1
2024-09-02 15:13:23.540,22133,22135,22135,1,1
2024-09-02 15:13:27.193,22135,22136,22135,3,-3
2024-09-02 15:13:27.229,22135,22136,22136,1,1
2024-09-02 15:13:40.579,22136,22139,22136,3,-3
2024-09-02 15:13:40.579,22136,22139,22135,2,-2
2024-09-02 15:13:40.580,22136,22139,22134,1,-1
2024-09-02 15:13:40.621,22136,22139,22133,2,-2
2024-09-02 15:13:43.782,22132,22135,22132,2,-2
2024-09-02 15:13:43.782,22132,22135,22132,4,-4
2024-09-02 15:13:43.783,22132,22135,22131,1,-1
2024-09-02 15:13:43.784,22132,22135,22130,4,-4
2024-09-02 15:13:43.785,22132,22135,22130,2,-2
2024-09-02 15:13:46.149,22129,22131,22131,1,1
2024-09-02 15:13:47.437,22129,22130,22129,1,-1
2024-09-02 15:13:47.437,22129,22130,22129,1,-1
2024-09-02 15:13:47.609,22127,22129,22129,1,1
2024-09-02 15:13:49.168,22127,22130,22127,1,-1
2024-09-02 15:13:49.603,22127,22130,22130,1,1
2024-09-02 15:13:51.076,22128,22130,22130,3,3
2024-09-02 15:13:53.244,22135,22137,22137,2,2
2024-09-02 15:13:53.244,22135,22137,22140,3,3
2024-09-02 15:13:53.866,22139,22141,22141,1,1
2024-09-02 15:13:55.505,22140,22142,22140,2,-2
2024-09-02 15:13:56.193,22139,22141,22141,1,1
2024-09-02 15:13:57.277,22140,22142,22140,1,-1
2024-09-02 15:13:58.444,22138,22141,22137,1,-1
2024-09-02 15:13:58.444,22138,22141,22138,2,-2
2024-09-02 15:13:59.547,22135,22139,22139,1,1
2024-09-02 15:14:01.789,22137,22139,22139,1,1
2024-09-02 15:14:01.790,22137,22139,22139,1,1
2024-09-02 15:14:01.848,22137,22140,22140,1,1
2024-09-02 15:14:01.969,22138,22141,22138,1,-1
2024-09-02 15:14:01.970,22138,22141,22137,2,-2
2024-09-02 15:14:01.970,22138,22141,22136,4,-4
2024-09-02 15:14:01.970,22138,22141,22135,1,-1
2024-09-02 15:14:01.972,22138,22141,22134,1,-1
2024-09-02 15:14:01.976,22138,22141,22133,1,-1
2024-09-02 15:14:01.986,22138,22141,22133,1,-1
2024-09-02 15:14:01.995,22138,22141,22133,1,-1
2024-09-02 15:14:02.097,22132,22135,22132,1,-1
2024-09-02 15:14:02.097,22132,22135,22132,1,-1
2024-09-02 15:14:03.245,22131,22134,22134,2,2
2024-09-02 15:14:03.245,22131,22134,22135,2,2
2024-09-02 15:14:03.245,22131,22134,22136,1,1
2024-09-02 15:14:03.414,22133,22135,22134,1,1
2024-09-02 15:14:06.858,22134,22137,22137,1,1
2024-09-02 15:14:07.612,22136,22139,22136,1,-1
2024-09-02 15:14:08.085,22135,22139,22136,1,-1
2024-09-02 15:14:11.457,22137,22139,22137,1,-1
2024-09-02 15:14:11.714,22137,22139,22139,1,1
2024-09-02 15:14:11.714,22137,22139,22139,1,1
2024-09-02 15:14:11.785,22137,22139,22139,1,1
2024-09-02 15:14:14.918,22138,22140,22140,1,1
2024-09-02 15:14:16.833,22140,22142,22142,2,2
2024-09-02 15:14:16.834,22140,22142,22143,1,1
2024-09-02 15:14:16.834,22140,22142,22143,3,3
2024-09-02 15:14:16.836,22140,22142,22144,2,2
2024-09-02 15:14:17.047,22144,22145,22144,1,-1
2024-09-02 15:14:17.813,22142,22144,22142,11,-11
2024-09-02 15:14:18.650,22140,22141,22140,1,-1
2024-09-02 15:14:18.651,22140,22141,22140,1,-1
2024-09-02 15:14:22.276,22136,22139,22139,1,1
2024-09-02 15:14:23.095,22137,22139,22139,1,1
2024-09-02 15:14:24.265,22140,22142,22140,1,-1
2024-09-02 15:14:27.667,22140,22141,22141,1,1
2024-09-02 15:14:29.195,22139,22142,22139,3,-3
2024-09-02 15:14:29.195,22139,22142,22138,1,-1
2024-09-02 15:14:29.195,22139,22142,22137,3,-3
2024-09-02 15:14:29.196,22139,22142,22136,1,-1
2024-09-02 15:14:29.196,22139,22142,22136,1,-1
2024-09-02 15:14:29.196,22139,22142,22136,3,-3
2024-09-02 15:14:29.429,22134,22137,22134,1,-1
2024-09-02 15:14:33.451,22134,22137,22137,1,1
2024-09-02 15:14:40.287,22134,22137,22137,1,1
2024-09-02 15:14:43.448,22135,22138,22135,3,-3
2024-09-02 15:14:44.469,22134,22137,22134,3,-3
2024-09-02 15:14:47.214,22134,22137,22134,1,-1
2024-09-02 15:14:47.268,22134,22137,22135,1,-1
2024-09-02 15:14:47.326,22133,22135,22135,1,1
2024-09-02 15:14:50.825,22135,22138,22138,1,1
2024-09-02 15:14:56.981,22137,22140,22140,1,1
2024-09-02 15:14:57.850,22138,22140,22140,2,2
2024-09-02 15:14:57.850,22138,22140,22140,6,6
2024-09-02 15:14:57.850,22138,22140,22140,1,1
2024-09-02 15:14:57.851,22138,22140,22141,1,1
2024-09-02 15:14:58.742,22139,22142,22139,1,-1
2024-09-02 15:15:01.221,22139,22140,22139,2,-2
2024-09-02 15:15:01.238,22139,22140,22137,2,-2
2024-09-02 15:15:01.312,22136,22139,22136,1,-1
2024-09-02 15:15:01.684,22135,22138,22138,1,1
2024-09-02 15:15:02.655,22134,22137,22134,2,-2
2024-09-02 15:15:02.655,22134,22137,22133,1,-1
2024-09-02 15:15:06.343,22133,22136,22133,2,-2
2024-09-02 15:15:06.344,22133,22136,22133,2,-2
2024-09-02 15:15:08.291,22131,22133,22133,1,1
2024-09-02 15:15:08.305,22131,22133,22131,1,-1
2024-09-02 15:15:09.514,22130,22132,22130,2,-2
2024-09-02 15:15:09.853,22129,22132,22132,1,1
2024-09-02 15:15:11.465,22131,22134,22131,1,-1
2024-09-02 15:15:14.603,22132,22134,22132,3,-3
2024-09-02 15:15:14.606,22132,22134,22131,1,-1
2024-09-02 15:15:16.833,22130,22133,22133,1,1
2024-09-02 15:15:21.765,22130,22133,22130,1,-1
2024-09-02 15:15:21.765,22130,22133,22130,2,-2
2024-09-02 15:15:21.805,22129,22132,22129,1,-1
2024-09-02 15:15:21.805,22129,22132,22129,1,-1
2024-09-02 15:15:25.245,22126,22128,22126,1,-1
2024-09-02 15:15:25.246,22126,22128,22125,21,-21
2024-09-02 15:15:25.247,22126,22128,22125,1,-1
2024-09-02 15:15:25.247,22126,22128,22124,1,-1
2024-09-02 15:15:25.247,22126,22128,22124,1,-1
2024-09-02 15:15:25.248,22126,22128,22123,1,-1
2024-09-02 15:15:25.248,22126,22128,22123,2,-2
2024-09-02 15:15:25.249,22126,22128,22123,1,-1
2024-09-02 15:15:25.249,22126,22128,22122,1,-1
2024-09-02 15:15:25.305,22121,22123,22121,1,-1
2024-09-02 15:15:25.348,22121,22123,22123,1,1
2024-09-02 15:15:25.465,22122,22125,22125,1,1
2024-09-02 15:15:26.166,22123,22125,22123,1,-1
2024-09-02 15:15:29.872,22123,22125,22123,1,-1
2024-09-02 15:15:31.750,22123,22125,22125,1,1
2024-09-02 15:15:31.751,22123,22125,22125,4,4
2024-09-02 15:15:32.388,22125,22128,22125,1,-1
2024-09-02 15:15:38.236,22124,22127,22124,1,-1
2024-09-02 15:15:38.751,22124,22127,22124,1,-1
2024-09-02 15:15:39.267,22125,22128,22125,2,-2
2024-09-02 15:15:40.204,22125,22127,22127,1,1
2024-09-02 15:15:40.401,22125,22127,22125,1,-1
2024-09-02 15:15:40.458,22124,22127,22127,1,1
2024-09-02 15:15:41.710,22125,22128,22125,1,-1
2024-09-02 15:15:44.263,22125,22127,22127,1,1
2024-09-02 15:15:47.788,22125,22127,22127,1,1
2024-09-02 15:15:49.550,22126,22128,22126,1,-1
2024-09-02 15:15:49.609,22125,22127,22127,1,1
2024-09-02 15:15:50.303,22125,22127,22127,1,1
2024-09-02 15:15:53.128,22125,22128,22125,1,-1
2024-09-02 15:15:54.647,22124,22126,22124,3,-3
2024-09-02 15:15:54.647,22124,22126,22123,1,-1
2024-09-02 15:15:58.778,22123,22126,22123,1,-1
2024-09-02 15:16:00.952,22122,22125,22121,3,-3
2024-09-02 15:16:01.059,22121,22124,22124,1,1
2024-09-02 15:16:01.060,22121,22124,22124,1,1
2024-09-02 15:16:01.060,22121,22124,22125,1,1
2024-09-02 15:16:01.060,22121,22124,22125,1,1
2024-09-02 15:16:01.060,22121,22124,22126,1,1
2024-09-02 15:16:01.065,22121,22124,22127,1,1
2024-09-02 15:16:01.164,22121,22124,22124,1,1
2024-09-02 15:16:01.180,22123,22126,22126,1,1
2024-09-02 15:16:01.180,22123,22126,22127,1,1
2024-09-02 15:16:01.180,22123,22126,22127,1,1
2024-09-02 15:16:01.481,22125,22126,22126,1,1
2024-09-02 15:16:03.551,22127,22129,22127,3,-3
2024-09-02 15:16:05.991,22126,22128,22126,1,-1
2024-09-02 15:16:05.991,22126,22128,22126,1,-1
2024-09-02 15:16:08.480,22125,22128,22125,2,-2
2024-09-02 15:16:08.480,22125,22128,22124,1,-1
2024-09-02 15:16:10.041,22125,22129,22126,1,-1
2024-09-02 15:16:10.055,22125,22129,22129,1,1
2024-09-02 15:16:10.055,22125,22129,22129,1,1
2024-09-02 15:16:10.055,22125,22129,22130,1,1
2024-09-02 15:16:10.056,22125,22129,22130,1,1
2024-09-02 15:16:10.056,22125,22129,22130,1,1
2024-09-02 15:16:10.056,22125,22129,22130,1,1
2024-09-02 15:16:10.056,22125,22129,22130,1,1
2024-09-02 15:16:10.056,22125,22129,22130,1,1
2024-09-02 15:16:10.057,22125,22129,22130,1,1
2024-09-02 15:16:10.057,22125,22129,22130,1,1
2024-09-02 15:16:10.057,22125,22129,22131,1,1
2024-09-02 15:16:10.057,22125,22129,22131,1,1
2024-09-02 15:16:10.057,22125,22129,22131,1,1
2024-09-02 15:16:10.059,22125,22129,22132,1,1
2024-09-02 15:16:10.060,22125,22129,22132,1,1
2024-09-02 15:16:11.192,22129,22132,22132,1,1
2024-09-02 15:16:11.192,22129,22132,22133,2,2
2024-09-02 15:16:11.345,22130,22134,22131,2,-2
2024-09-02 15:16:13.892,22130,22133,22133,1,1
2024-09-02 15:16:17.466,22132,22135,22136,1,1
2024-09-02 15:16:17.814,22133,22136,22133,2,-2
2024-09-02 15:16:20.598,22131,22134,22134,3,3
2024-09-02 15:16:20.680,22132,22135,22135,1,1
2024-09-02 15:16:20.680,22132,22135,22135,1,1
2024-09-02 15:16:20.680,22132,22135,22135,1,1
2024-09-02 15:16:20.681,22132,22135,22136,1,1
2024-09-02 15:16:20.681,22132,22135,22136,1,1
2024-09-02 15:16:20.681,22132,22135,22136,1,1
2024-09-02 15:16:20.681,22132,22135,22137,1,1
2024-09-02 15:16:20.682,22132,22135,22138,1,1
2024-09-02 15:16:22.784,22135,22136,22136,1,1
2024-09-02 15:16:22.811,22135,22137,22135,1,-1
2024-09-02 15:16:22.862,22135,22137,22139,1,1
2024-09-02 15:16:22.862,22135,22137,22138,1,1
2024-09-02 15:16:22.862,22135,22137,22137,1,1
2024-09-02 15:16:23.893,22135,22138,22136,1,-1
2024-09-02 15:16:25.105,22133,22136,22136,2,2
2024-09-02 15:16:25.106,22133,22136,22136,2,2
2024-09-02 15:16:25.944,22133,22136,22133,2,-2
2024-09-02 15:16:27.539,22132,22135,22135,1,1
2024-09-02 15:16:33.846,22132,22135,22134,1,1
2024-09-02 15:16:33.930,22132,22134,22134,1,1
2024-09-02 15:16:33.931,22132,22134,22136,1,1
2024-09-02 15:16:33.931,22132,22134,22136,1,1
2024-09-02 15:16:33.931,22132,22134,22135,1,1
2024-09-02 15:16:33.931,22132,22134,22136,1,1
2024-09-02 15:16:33.931,22132,22134,22135,1,1
2024-09-02 15:16:33.931,22132,22134,22135,1,1
2024-09-02 15:16:33.931,22132,22134,22135,1,1
2024-09-02 15:16:33.932,22132,22134,22136,1,1
2024-09-02 15:16:33.932,22132,22134,22137,1,1
2024-09-02 15:16:33.932,22132,22134,22137,1,1
2024-09-02 15:16:35.074,22133,22135,22133,1,-1
2024-09-02 15:16:35.159,22133,22135,22132,1,-1
2024-09-02 15:16:35.197,22131,22134,22134,1,1
2024-09-02 15:16:35.198,22131,22134,22132,1,-1
2024-09-02 15:16:35.198,22131,22134,22131,2,-2
2024-09-02 15:16:36.422,22130,22133,22131,1,-1
2024-09-02 15:16:36.430,22130,22133,22133,1,1
2024-09-02 15:16:36.430,22130,22133,22133,1,1
2024-09-02 15:16:36.431,22130,22133,22133,1,1
2024-09-02 15:16:36.431,22130,22133,22134,1,1
2024-09-02 15:16:43.970,22133,22135,22135,1,1
2024-09-02 15:16:44.475,22133,22135,22135,2,2
2024-09-02 15:16:44.475,22133,22135,22135,6,6
2024-09-02 15:16:44.475,22133,22135,22136,3,3
2024-09-02 15:16:44.845,22134,22137,22134,1,-1
2024-09-02 15:16:48.588,22132,22135,22134,2,2
2024-09-02 15:16:48.715,22132,22134,22132,1,-1
2024-09-02 15:16:49.305,22130,22133,22133,2,2
2024-09-02 15:16:50.282,22130,22132,22130,2,-2
2024-09-02 15:16:50.284,22130,22132,22129,1,-1
2024-09-02 15:16:53.632,22128,22131,22128,1,-1
2024-09-02 15:16:53.634,22128,22131,22127,1,-1
2024-09-02 15:16:53.771,22126,22128,22126,6,-6
2024-09-02 15:16:53.772,22126,22128,22125,2,-2
2024-09-02 15:16:54.150,22123,22127,22123,1,-1
2024-09-02 15:17:01.045,22121,22123,22123,1,1
2024-09-02 15:17:02.777,22121,22122,22122,1,1
2024-09-02 15:17:02.911,22121,22123,22122,1,1
2024-09-02 15:17:03.361,22121,22124,22123,1,1
2024-09-02 15:17:03.951,22121,22124,22121,1,-1
2024-09-02 15:17:04.372,22120,22124,22124,1,1
2024-09-02 15:17:05.120,22122,22124,22122,1,-1
2024-09-02 15:17:05.134,22122,22124,22122,1,-1
2024-09-02 15:17:06.532,22122,22124,22122,1,-1
2024-09-02 15:17:08.981,22123,22126,22123,1,-1
2024-09-02 15:17:09.626,22123,22124,22123,2,-2
2024-09-02 15:17:09.906,22122,22124,22122,2,-2
2024-09-02 15:17:10.559,22121,22123,22121,1,-1
2024-09-02 15:17:10.561,22121,22123,22120,3,-3
2024-09-02 15:17:10.561,22121,22123,22120,1,-1
2024-09-02 15:17:10.561,22121,22123,22120,2,-2
2024-09-02 15:17:10.562,22121,22123,22119,1,-1
2024-09-02 15:17:10.563,22121,22123,22118,9,-9
2024-09-02 15:17:10.565,22121,22123,22117,1,-1
2024-09-02 15:17:10.709,22116,22119,22116,1,-1
2024-09-02 15:17:10.981,22117,22119,22119,1,1
2024-09-02 15:17:14.832,22118,22119,22119,1,1
2024-09-02 15:17:18.511,22120,22122,22122,1,1
2024-09-02 15:17:20.135,22121,22124,22121,2,-2
2024-09-02 15:17:20.135,22121,22124,22120,2,-2
2024-09-02 15:17:23.607,22120,22122,22120,1,-1
2024-09-02 15:17:28.609,22121,22123,22121,1,-1
2024-09-02 15:17:36.427,22122,22123,22123,1,1
2024-09-02 15:17:36.428,22122,22123,22123,1,1
2024-09-02 15:17:36.637,22122,22124,22122,1,-1
2024-09-02 15:17:38.667,22121,22124,22124,1,1
2024-09-02 15:17:41.042,22121,22123,22123,1,1
2024-09-02 15:17:46.192,22122,22124,22122,1,-1
2024-09-02 15:17:46.192,22122,22124,22121,1,-1
2024-09-02 15:17:46.192,22122,22124,22120,1,-1
2024-09-02 15:17:51.238,22121,22123,22123,1,1
2024-09-02 15:17:51.870,22122,22123,22122,1,-1
2024-09-02 15:17:51.941,22120,22123,22122,1,1
2024-09-02 15:17:52.441,22120,22123,22120,1,-1
2024-09-02 15:17:54.169,22120,22122,22120,1,-1
2024-09-02 15:17:55.692,22120,22122,22122,1,1
2024-09-02 15:17:56.094,22121,22124,22121,1,-1
2024-09-02 15:17:56.746,22121,22124,22121,1,-1
2024-09-02 15:18:04.017,22123,22124,22124,1,1
2024-09-02 15:18:04.018,22123,22124,22124,1,1
2024-09-02 15:18:04.053,22123,22125,22123,2,-2
2024-09-02 15:18:05.129,22123,22125,22123,1,-1
2024-09-02 15:18:17.351,22121,22123,22121,1,-1
2024-09-02 15:18:18.714,22122,22123,22122,2,-2
2024-09-02 15:18:18.735,22122,22123,22121,2,-2
2024-09-02 15:18:21.474,22120,22122,22122,1,1
2024-09-02 15:18:21.474,22120,22122,22122,2,2
2024-09-02 15:18:21.483,22120,22122,22123,2,2
2024-09-02 15:18:27.520,22123,22125,22125,3,3
2024-09-02 15:18:27.522,22123,22125,22126,1,1
2024-09-02 15:18:27.578,22124,22128,22128,1,1
2024-09-02 15:18:28.028,22126,22128,22128,3,3
2024-09-02 15:18:29.188,22127,22129,22129,1,1
2024-09-02 15:18:30.188,22127,22130,22130,1,1
2024-09-02 15:18:30.245,22127,22130,22130,1,1
2024-09-02 15:18:30.245,22127,22130,22130,1,1
2024-09-02 15:18:30.245,22127,22130,22130,1,1
2024-09-02 15:18:30.568,22129,22131,22129,1,-1
2024-09-02 15:18:33.431,22129,22131,22129,1,-1
2024-09-02 15:18:33.606,22129,22131,22131,1,1
2024-09-02 15:18:33.652,22129,22131,22129,1,-1
2024-09-02 15:18:33.652,22129,22131,22128,3,-3
2024-09-02 15:18:37.937,22128,22130,22130,1,1
2024-09-02 15:18:41.019,22129,22131,22129,1,-1
2024-09-02 15:18:41.022,22129,22131,22129,1,-1
2024-09-02 15:18:43.133,22129,22131,22131,2,2
2024-09-02 15:18:45.363,22131,22133,22133,1,1
2024-09-02 15:18:46.267,22132,22134,22134,1,1
2024-09-02 15:18:47.843,22133,22135,22133,1,-1
2024-09-02 15:18:48.143,22133,22135,22134,1,-1
2024-09-02 15:18:50.284,22133,22134,22134,1,1
2024-09-02 15:18:50.285,22133,22134,22133,2,-2
2024-09-02 15:18:50.285,22133,22134,22132,2,-2
2024-09-02 15:18:50.286,22133,22134,22132,1,-1
2024-09-02 15:18:50.286,22133,22134,22131,2,-2
2024-09-02 15:18:50.287,22133,22134,22131,1,-1
2024-09-02 15:18:50.287,22133,22134,22131,2,-2
2024-09-02 15:18:51.237,22131,22133,22131,1,-1
2024-09-02 15:18:56.238,22129,22130,22129,1,-1
2024-09-02 15:18:56.265,22129,22130,22130,2,2
2024-09-02 15:18:56.265,22129,22130,22131,1,1
2024-09-02 15:18:56.991,22128,22131,22128,1,-1
2024-09-02 15:18:57.189,22128,22131,22131,1,1
2024-09-02 15:19:00.132,22129,22130,22130,1,1
2024-09-02 15:19:00.183,22129,22130,22129,1,-1
2024-09-02 15:19:01.132,22126,22129,22129,1,1
2024-09-02 15:19:01.496,22127,22130,22127,1,-1
2024-09-02 15:19:01.640,22126,22129,22126,1,-1
2024-09-02 15:19:01.642,22126,22129,22126,1,-1
2024-09-02 15:19:04.469,22126,22127,22126,1,-1
2024-09-02 15:19:05.276,22125,22127,22125,1,-1
2024-09-02 15:19:07.317,22122,22125,22122,1,-1
2024-09-02 15:19:09.088,22122,22123,22122,3,-3
2024-09-02 15:19:09.089,22122,22123,22121,2,-2
2024-09-02 15:19:09.089,22122,22123,22121,2,-2
2024-09-02 15:19:09.090,22122,22123,22120,3,-3
2024-09-02 15:19:09.090,22122,22123,22120,1,-1
2024-09-02 15:19:12.315,22119,22122,22122,1,1
2024-09-02 15:19:14.538,22120,22122,22120,1,-1
2024-09-02 15:19:14.573,22119,22121,22119,2,-2
2024-09-02 15:19:14.574,22119,22121,22119,1,-1
2024-09-02 15:19:15.268,22117,22119,22117,1,-1
2024-09-02 15:19:16.501,22117,22119,22117,1,-1
2024-09-02 15:19:16.503,22117,22119,22116,9,-9
2024-09-02 15:19:16.948,22115,22116,22115,1,-1
