2019-08-13 15:00:00.052,10330,10331,10330,125
2019-08-13 15:00:00.071,10329,10330,10329,1
2019-08-13 15:00:00.204,10328,10330,10329,4
2019-08-13 15:00:00.449,10328,10330,10329,1
2019-08-13 15:00:00.499,10328,10330,10328,5
2019-08-13 15:00:00.499,10328,10330,10327,3
2019-08-13 15:00:00.546,10328,10330,10327,1
2019-08-13 15:00:00.558,10327,10329,10327,1
2019-08-13 15:00:00.559,10327,10329,10327,2
2019-08-13 15:00:00.607,10327,10329,10326,1
2019-08-13 15:00:00.607,10327,10329,10325,10
2019-08-13 15:00:00.696,10324,10327,10326,3
2019-08-13 15:00:00.701,10324,10327,10324,2
2019-08-13 15:00:00.727,10324,10327,10326,1
2019-08-13 15:00:00.756,10324,10327,10324,2
2019-08-13 15:00:00.760,10324,10327,10324,2
2019-08-13 15:00:00.777,10324,10327,10324,1
2019-08-13 15:00:00.803,10324,10327,10323,2
2019-08-13 15:00:00.803,10324,10327,10322,6
2019-08-13 15:00:00.804,10322,10326,10322,2
2019-08-13 15:00:00.907,10322,10326,10323,1
2019-08-13 15:00:01.054,10322,10323,10323,1
2019-08-13 15:00:01.058,10322,10323,10322,1
2019-08-13 15:00:01.061,10322,10323,10323,1
2019-08-13 15:00:01.064,10322,10323,10323,1
2019-08-13 15:00:01.067,10322,10323,10323,2
2019-08-13 15:00:01.179,10322,10323,10322,1
2019-08-13 15:00:01.185,10322,10323,10322,1
2019-08-13 15:00:01.185,10322,10323,10323,12
2019-08-13 15:00:01.190,10322,10323,10323,1
2019-08-13 15:00:01.265,10322,10323,10323,1
2019-08-13 15:00:01.299,10322,10323,10323,1
2019-08-13 15:00:01.304,10322,10323,10323,9
2019-08-13 15:00:01.352,10322,10323,10323,1
2019-08-13 15:00:01.409,10322,10323,10323,1
2019-08-13 15:00:01.434,10323,10326,10324,1
2019-08-13 15:00:01.534,10323,10326,10324,5
2019-08-13 15:00:01.628,10324,10327,10325,1
2019-08-13 15:00:01.654,10324,10327,10325,1
2019-08-13 15:00:01.687,10324,10327,10324,1
2019-08-13 15:00:01.786,10324,10327,10324,2
2019-08-13 15:00:01.787,10324,10327,10324,2
2019-08-13 15:00:01.787,10324,10327,10324,1
2019-08-13 15:00:01.787,10324,10327,10323,1
2019-08-13 15:00:01.787,10324,10327,10327,1
2019-08-13 15:00:01.787,10324,10327,10323,1
2019-08-13 15:00:01.790,10324,10327,10323,1
2019-08-13 15:00:01.889,10323,10327,10323,1
2019-08-13 15:00:02.060,10323,10324,10324,1
2019-08-13 15:00:02.096,10323,10324,10324,1
2019-08-13 15:00:02.234,10323,10327,10323,1
2019-08-13 15:00:02.477,10323,10326,10326,1
2019-08-13 15:00:02.748,10324,10326,10326,1
2019-08-13 15:00:02.822,10325,10326,10326,1
2019-08-13 15:00:02.829,10325,10326,10326,1
2019-08-13 15:00:03.315,10325,10326,10325,1
2019-08-13 15:00:03.732,10325,10326,10325,1
2019-08-13 15:00:03.888,10325,10327,10325,3
2019-08-13 15:00:03.888,10325,10327,10324,4
2019-08-13 15:00:04.077,10324,10325,10325,1
2019-08-13 15:00:04.226,10324,10325,10325,1
2019-08-13 15:00:04.244,10324,10325,10326,1
2019-08-13 15:00:04.482,10325,10326,10325,1
2019-08-13 15:00:04.742,10324,10326,10324,4
2019-08-13 15:00:06.676,10325,10326,10326,2
2019-08-13 15:00:06.794,10325,10326,10325,2
2019-08-13 15:00:06.807,10325,10326,10325,2
2019-08-13 15:00:07.051,10325,10326,10324,2
2019-08-13 15:00:07.466,10324,10326,10326,1
2019-08-13 15:00:07.478,10324,10326,10326,1
2019-08-13 15:00:07.668,10324,10326,10325,1
2019-08-13 15:00:07.668,10324,10326,10324,1
2019-08-13 15:00:07.670,10324,10326,10326,1
2019-08-13 15:00:07.691,10324,10326,10324,2
2019-08-13 15:00:07.725,10324,10326,10324,4
2019-08-13 15:00:07.758,10324,10326,10326,1
2019-08-13 15:00:08.044,10325,10326,10326,2
2019-08-13 15:00:09.230,10325,10326,10325,1
2019-08-13 15:00:09.515,10325,10326,10325,2
2019-08-13 15:00:09.597,10325,10326,10325,2
2019-08-13 15:00:09.754,10325,10326,10325,2
2019-08-13 15:00:09.795,10325,10326,10325,1
2019-08-13 15:00:09.795,10325,10326,10325,1
2019-08-13 15:00:09.865,10324,10326,10324,3
2019-08-13 15:00:09.900,10324,10326,10324,2
2019-08-13 15:00:10.045,10324,10326,10325,2
2019-08-13 15:00:10.253,10325,10326,10325,2
2019-08-13 15:00:10.253,10325,10326,10324,2
2019-08-13 15:00:10.382,10324,10326,10324,1
2019-08-13 15:00:10.439,10324,10326,10324,4
2019-08-13 15:00:10.625,10324,10325,10325,1
2019-08-13 15:00:10.646,10324,10325,10324,2
2019-08-13 15:00:10.872,10325,10326,10325,2
2019-08-13 15:00:10.872,10325,10326,10324,2
2019-08-13 15:00:10.949,10324,10326,10325,2
2019-08-13 15:00:11.227,10325,10326,10325,6
2019-08-13 15:00:11.523,10324,10326,10324,2
2019-08-13 15:00:11.807,10325,10326,10325,1
2019-08-13 15:00:12.017,10325,10326,10325,1
2019-08-13 15:00:12.017,10325,10326,10324,3
2019-08-13 15:00:12.463,10325,10326,10326,2
2019-08-13 15:00:12.467,10325,10326,10326,1
2019-08-13 15:00:12.877,10325,10326,10325,1
2019-08-13 15:00:13.783,10325,10326,10325,1
2019-08-13 15:00:13.998,10325,10326,10326,1
2019-08-13 15:00:14.409,10325,10326,10325,1
2019-08-13 15:00:14.932,10325,10326,10326,1
2019-08-13 15:00:15.038,10325,10326,10326,2
2019-08-13 15:00:15.679,10326,10327,10327,2
2019-08-13 15:00:17.676,10327,10328,10327,1
2019-08-13 15:00:18.319,10326,10327,10326,2
2019-08-13 15:00:21.657,10326,10327,10326,1
2019-08-13 15:00:22.180,10326,10327,10327,1
2019-08-13 15:00:22.327,10326,10327,10327,1
2019-08-13 15:00:22.972,10326,10327,10326,2
2019-08-13 15:00:23.180,10326,10327,10327,1
2019-08-13 15:00:25.425,10326,10327,10326,1
2019-08-13 15:00:26.090,10326,10327,10327,1
2019-08-13 15:00:26.164,10326,10327,10327,1
2019-08-13 15:00:26.259,10326,10327,10326,1
2019-08-13 15:00:26.737,10326,10327,10326,1
2019-08-13 15:00:26.771,10326,10327,10327,1
2019-08-13 15:00:27.010,10326,10327,10326,4
2019-08-13 15:00:27.754,10326,10327,10327,1
2019-08-13 15:00:27.767,10326,10327,10326,2
2019-08-13 15:00:28.487,10326,10327,10327,4
2019-08-13 15:00:30.060,10327,10328,10327,1
2019-08-13 15:00:30.060,10327,10328,10326,4
2019-08-13 15:00:31.241,10327,10328,10327,1
2019-08-13 15:00:32.342,10327,10328,10327,1
2019-08-13 15:00:32.342,10327,10328,10326,5
2019-08-13 15:00:36.556,10327,10328,10327,1
2019-08-13 15:00:38.908,10327,10328,10327,3
2019-08-13 15:00:39.413,10327,10328,10328,1
2019-08-13 15:00:40.481,10327,10328,10328,5
2019-08-13 15:00:40.686,10327,10328,10328,1
2019-08-13 15:00:40.772,10327,10328,10327,3
2019-08-13 15:00:41.678,10327,10328,10327,1
2019-08-13 15:00:42.009,10327,10328,10327,13
2019-08-13 15:00:42.054,10327,10328,10327,1
2019-08-13 15:00:43.571,10326,10327,10327,1
2019-08-13 15:00:43.885,10326,10327,10327,1
2019-08-13 15:00:46.537,10326,10327,10327,1
2019-08-13 15:00:47.217,10326,10327,10327,1
2019-08-13 15:00:47.734,10326,10327,10327,1
2019-08-13 15:00:48.335,10326,10327,10327,1
2019-08-13 15:00:50.185,10326,10327,10327,2
2019-08-13 15:00:51.552,10326,10327,10327,1
2019-08-13 15:00:52.886,10326,10327,10326,2
2019-08-13 15:00:53.068,10326,10327,10327,1
2019-08-13 15:00:53.257,10326,10327,10326,1
2019-08-13 15:00:53.425,10326,10327,10327,1
2019-08-13 15:00:54.614,10326,10327,10327,1
2019-08-13 15:00:54.894,10326,10327,10327,4
2019-08-13 15:00:55.739,10326,10327,10327,5
2019-08-13 15:00:57.357,10326,10327,10326,12
2019-08-13 15:00:57.357,10326,10327,10326,5
2019-08-13 15:00:57.496,10325,10327,10326,1
2019-08-13 15:00:58.098,10325,10326,10325,4
2019-08-13 15:00:59.500,10325,10326,10325,1
2019-08-13 15:00:59.698,10325,10326,10326,1
2019-08-13 15:01:00.601,10325,10326,10326,5
2019-08-13 15:01:01.072,10325,10326,10325,5
2019-08-13 15:01:01.218,10325,10326,10326,1
2019-08-13 15:01:01.420,10325,10326,10325,1
2019-08-13 15:01:01.432,10325,10326,10325,2
2019-08-13 15:01:01.447,10325,10326,10325,10
2019-08-13 15:01:01.554,10324,10325,10325,1
2019-08-13 15:01:01.554,10324,10325,10325,2
2019-08-13 15:01:01.679,10324,10325,10325,2
2019-08-13 15:01:02.146,10324,10325,10324,1
2019-08-13 15:01:02.170,10324,10325,10324,1
2019-08-13 15:01:02.179,10324,10325,10324,2
2019-08-13 15:01:02.179,10324,10325,10324,1
2019-08-13 15:01:02.216,10324,10325,10324,1
2019-08-13 15:01:02.507,10324,10325,10324,6
2019-08-13 15:01:02.554,10324,10325,10324,1
2019-08-13 15:01:02.642,10324,10325,10324,1
2019-08-13 15:01:02.642,10324,10325,10325,9
2019-08-13 15:01:02.697,10323,10325,10324,1
2019-08-13 15:01:02.877,10323,10324,10323,5
2019-08-13 15:01:02.897,10323,10324,10324,1
2019-08-13 15:01:02.993,10323,10324,10324,1
2019-08-13 15:01:03.054,10323,10324,10324,1
2019-08-13 15:01:03.168,10323,10324,10323,1
2019-08-13 15:01:03.587,10323,10324,10323,5
2019-08-13 15:01:03.742,10323,10324,10323,1
2019-08-13 15:01:04.013,10323,10324,10324,1
2019-08-13 15:01:04.209,10323,10324,10323,1
2019-08-13 15:01:04.551,10323,10324,10323,5
2019-08-13 15:01:05.032,10323,10324,10323,2
2019-08-13 15:01:05.209,10323,10324,10323,1
2019-08-13 15:01:05.212,10323,10324,10323,3
2019-08-13 15:01:05.212,10323,10324,10322,2
2019-08-13 15:01:06.067,10322,10323,10322,1
2019-08-13 15:01:07.140,10322,10323,10322,3
2019-08-13 15:01:07.707,10322,10323,10322,1
2019-08-13 15:01:07.771,10322,10323,10322,9
2019-08-13 15:01:08.046,10321,10322,10322,2
2019-08-13 15:01:08.061,10321,10322,10321,3
2019-08-13 15:01:08.147,10321,10322,10322,1
2019-08-13 15:01:08.148,10321,10322,10321,1
2019-08-13 15:01:08.152,10321,10322,10322,1
2019-08-13 15:01:09.775,10321,10322,10321,1
2019-08-13 15:01:09.922,10321,10322,10322,1
2019-08-13 15:01:10.341,10321,10322,10321,1
2019-08-13 15:01:11.410,10321,10322,10321,4
2019-08-13 15:01:11.620,10321,10322,10321,1
2019-08-13 15:01:11.744,10321,10322,10321,1
2019-08-13 15:01:12.522,10321,10322,10322,1
2019-08-13 15:01:12.723,10321,10322,10321,3
2019-08-13 15:01:14.195,10321,10322,10321,1
2019-08-13 15:01:14.415,10321,10322,10321,1
2019-08-13 15:01:15.368,10321,10322,10321,2
2019-08-13 15:01:15.458,10321,10322,10321,1
2019-08-13 15:01:16.769,10321,10322,10321,5
2019-08-13 15:01:16.821,10321,10322,10321,5
2019-08-13 15:01:17.266,10321,10322,10321,3
2019-08-13 15:01:17.435,10321,10322,10322,1
2019-08-13 15:01:17.754,10321,10322,10322,3
2019-08-13 15:01:18.030,10321,10322,10321,1
2019-08-13 15:01:18.101,10321,10322,10321,1
2019-08-13 15:01:18.178,10321,10322,10321,5
2019-08-13 15:01:18.641,10321,10322,10321,4
2019-08-13 15:01:19.559,10321,10322,10321,2
2019-08-13 15:01:21.257,10321,10322,10321,1
2019-08-13 15:01:21.359,10321,10322,10321,1
2019-08-13 15:01:21.466,10321,10322,10321,1
2019-08-13 15:01:21.578,10321,10322,10321,1
2019-08-13 15:01:22.773,10321,10322,10322,1
2019-08-13 15:01:23.203,10321,10322,10321,2
2019-08-13 15:01:23.591,10321,10322,10321,1
2019-08-13 15:01:23.972,10321,10322,10322,1
2019-08-13 15:01:24.264,10321,10322,10321,1
2019-08-13 15:01:24.355,10321,10322,10321,1
2019-08-13 15:01:24.874,10321,10322,10321,2
2019-08-13 15:01:24.966,10321,10322,10322,2
2019-08-13 15:01:25.507,10321,10322,10321,1
2019-08-13 15:01:25.651,10321,10322,10322,1
2019-08-13 15:01:25.802,10321,10322,10322,1
2019-08-13 15:01:30.320,10321,10322,10322,1
2019-08-13 15:01:31.471,10321,10322,10322,2
2019-08-13 15:01:31.482,10321,10322,10322,1
2019-08-13 15:01:31.491,10321,10322,10322,1
2019-08-13 15:01:32.150,10321,10322,10321,1
2019-08-13 15:01:32.150,10321,10322,10321,1
2019-08-13 15:01:32.526,10321,10322,10322,4
2019-08-13 15:01:32.628,10321,10322,10322,2
2019-08-13 15:01:32.728,10321,10322,10321,3
2019-08-13 15:01:32.804,10321,10322,10321,1
2019-08-13 15:01:33.038,10321,10322,10321,1
2019-08-13 15:01:33.046,10321,10322,10321,1
2019-08-13 15:01:33.050,10321,10322,10321,8
2019-08-13 15:01:33.050,10321,10322,10321,2
2019-08-13 15:01:33.179,10320,10321,10321,10
2019-08-13 15:01:33.605,10321,10322,10321,1
2019-08-13 15:01:33.683,10321,10322,10322,1
2019-08-13 15:01:34.314,10321,10322,10321,1
2019-08-13 15:01:34.729,10321,10322,10321,2
2019-08-13 15:01:35.349,10321,10322,10321,1
2019-08-13 15:01:35.420,10321,10322,10321,1
2019-08-13 15:01:36.259,10320,10321,10321,2
2019-08-13 15:01:36.261,10320,10321,10321,2
2019-08-13 15:01:36.262,10320,10321,10321,2
2019-08-13 15:01:36.436,10320,10321,10321,1
2019-08-13 15:01:36.644,10320,10321,10320,3
2019-08-13 15:01:36.662,10320,10321,10321,1
2019-08-13 15:01:36.747,10320,10321,10320,2
2019-08-13 15:01:38.073,10320,10321,10320,40
2019-08-13 15:01:38.162,10320,10321,10320,1
2019-08-13 15:01:38.361,10319,10320,10319,2
2019-08-13 15:01:38.362,10319,10320,10319,2
2019-08-13 15:01:38.368,10319,10320,10319,2
2019-08-13 15:01:38.371,10319,10320,10319,2
2019-08-13 15:01:38.429,10319,10320,10319,2
2019-08-13 15:01:38.432,10319,10320,10319,2
2019-08-13 15:01:38.432,10319,10320,10318,1
2019-08-13 15:01:38.458,10319,10320,10318,1
2019-08-13 15:01:38.585,10318,10320,10318,5
2019-08-13 15:01:38.604,10318,10320,10318,5
2019-08-13 15:01:38.612,10318,10320,10317,2
2019-08-13 15:01:38.651,10318,10320,10317,3
2019-08-13 15:01:38.664,10318,10320,10317,3
2019-08-13 15:01:38.710,10317,10318,10317,2
2019-08-13 15:01:38.745,10317,10318,10316,1
2019-08-13 15:01:38.752,10317,10318,10316,3
2019-08-13 15:01:38.757,10317,10318,10316,2
2019-08-13 15:01:38.786,10317,10318,10316,1
2019-08-13 15:01:38.793,10317,10318,10316,1
2019-08-13 15:01:38.799,10317,10318,10316,1
2019-08-13 15:01:38.805,10316,10317,10317,1
2019-08-13 15:01:38.806,10316,10317,10316,2
2019-08-13 15:01:38.865,10316,10317,10316,1
2019-08-13 15:01:38.888,10316,10317,10315,1
2019-08-13 15:01:38.911,10316,10317,10315,2
2019-08-13 15:01:38.918,10316,10317,10315,1
2019-08-13 15:01:38.922,10316,10317,10315,1
2019-08-13 15:01:38.925,10316,10317,10315,1
2019-08-13 15:01:38.993,10315,10317,10315,1
2019-08-13 15:01:39.005,10315,10317,10314,1
2019-08-13 15:01:39.012,10315,10317,10314,1
2019-08-13 15:01:39.057,10314,10316,10315,1
2019-08-13 15:01:39.057,10314,10316,10314,15
2019-08-13 15:01:39.058,10314,10316,10314,1
2019-08-13 15:01:39.058,10314,10316,10314,1
2019-08-13 15:01:39.058,10314,10316,10314,1
2019-08-13 15:01:39.059,10314,10316,10314,1
2019-08-13 15:01:39.059,10314,10316,10314,1
2019-08-13 15:01:39.059,10314,10316,10314,1
2019-08-13 15:01:39.068,10314,10316,10315,1
2019-08-13 15:01:39.071,10314,10316,10313,1
2019-08-13 15:01:39.097,10314,10316,10314,1
2019-08-13 15:01:39.099,10314,10316,10314,1
2019-08-13 15:01:39.111,10314,10316,10313,3
2019-08-13 15:01:39.115,10314,10316,10315,1
2019-08-13 15:01:39.120,10314,10316,10315,1
2019-08-13 15:01:39.130,10314,10316,10315,2
2019-08-13 15:01:39.147,10314,10316,10315,1
2019-08-13 15:01:39.296,10313,10316,10315,1
2019-08-13 15:01:39.308,10314,10316,10314,2
2019-08-13 15:01:39.344,10314,10316,10314,4
2019-08-13 15:01:39.365,10314,10316,10314,1
2019-08-13 15:01:39.550,10314,10316,10315,1
2019-08-13 15:01:39.554,10314,10315,10315,1
2019-08-13 15:01:39.865,10314,10316,10315,5
2019-08-13 15:01:39.881,10314,10316,10315,1
2019-08-13 15:01:39.946,10315,10316,10316,8
2019-08-13 15:01:40.472,10316,10317,10316,1
2019-08-13 15:01:40.895,10316,10318,10318,1
2019-08-13 15:01:41.692,10317,10318,10317,1
2019-08-13 15:01:41.697,10317,10318,10317,1
2019-08-13 15:01:41.745,10317,10318,10318,1
2019-08-13 15:01:41.801,10317,10318,10317,1
2019-08-13 15:01:41.852,10317,10318,10317,4
2019-08-13 15:01:41.852,10317,10318,10318,2
2019-08-13 15:01:41.939,10317,10318,10318,1
2019-08-13 15:01:41.957,10317,10318,10317,1
2019-08-13 15:01:42.055,10317,10318,10317,1
2019-08-13 15:01:42.187,10317,10318,10318,1
2019-08-13 15:01:42.560,10317,10318,10318,1
2019-08-13 15:01:42.832,10317,10318,10317,1
2019-08-13 15:01:43.052,10317,10318,10317,5
2019-08-13 15:01:44.094,10317,10318,10317,1
2019-08-13 15:01:45.055,10317,10318,10318,2
2019-08-13 15:01:45.060,10317,10318,10317,5
2019-08-13 15:01:45.563,10317,10318,10318,1
2019-08-13 15:01:46.048,10317,10318,10317,1
2019-08-13 15:01:46.167,10317,10318,10317,1
2019-08-13 15:01:46.486,10317,10318,10317,4
2019-08-13 15:01:47.610,10317,10318,10318,2
2019-08-13 15:01:47.679,10317,10318,10318,6
2019-08-13 15:01:47.978,10318,10319,10319,2
2019-08-13 15:01:48.040,10318,10319,10318,1
2019-08-13 15:01:48.119,10318,10319,10318,1
2019-08-13 15:01:49.560,10318,10319,10319,1
2019-08-13 15:01:50.316,10319,10320,10319,3
2019-08-13 15:01:50.403,10319,10320,10319,2
2019-08-13 15:01:50.801,10318,10319,10318,1
2019-08-13 15:01:50.847,10318,10319,10319,1
2019-08-13 15:01:51.439,10318,10320,10320,3
2019-08-13 15:01:53.103,10319,10320,10319,2
2019-08-13 15:01:53.220,10319,10320,10319,1
2019-08-13 15:01:54.145,10318,10320,10318,1
2019-08-13 15:01:54.709,10318,10320,10318,1
2019-08-13 15:01:55.278,10318,10320,10318,4
2019-08-13 15:01:56.039,10318,10320,10318,1
2019-08-13 15:01:56.668,10318,10319,10318,1
2019-08-13 15:01:57.142,10318,10319,10318,1
2019-08-13 15:01:58.275,10318,10319,10319,1
2019-08-13 15:01:59.355,10318,10319,10319,1
2019-08-13 15:01:59.457,10318,10320,10318,13
2019-08-13 15:01:59.457,10318,10320,10317,4
2019-08-13 15:02:02.385,10317,10318,10317,1
2019-08-13 15:02:02.630,10317,10318,10317,2
2019-08-13 15:02:04.042,10317,10318,10317,1
2019-08-13 15:02:04.763,10317,10318,10318,2
2019-08-13 15:02:04.792,10317,10318,10318,1
2019-08-13 15:02:04.809,10317,10318,10317,3
2019-08-13 15:02:04.907,10317,10318,10317,1
2019-08-13 15:02:05.669,10317,10318,10318,1
2019-08-13 15:02:06.239,10317,10318,10318,1
2019-08-13 15:02:06.787,10317,10318,10317,1
2019-08-13 15:02:06.825,10317,10318,10318,2
2019-08-13 15:02:06.914,10317,10318,10318,1
2019-08-13 15:02:07.004,10317,10318,10318,4
2019-08-13 15:02:07.547,10318,10319,10318,1
2019-08-13 15:02:07.614,10318,10319,10319,1
2019-08-13 15:02:07.876,10318,10319,10319,1
2019-08-13 15:02:08.633,10318,10319,10319,1
2019-08-13 15:02:08.836,10318,10319,10319,1
2019-08-13 15:02:09.786,10318,10319,10319,1
2019-08-13 15:02:11.471,10318,10319,10318,6
2019-08-13 15:02:11.834,10318,10319,10318,1
2019-08-13 15:02:12.431,10318,10319,10319,2
2019-08-13 15:02:13.745,10318,10319,10319,3
2019-08-13 15:02:14.398,10318,10320,10318,4
2019-08-13 15:02:15.566,10318,10319,10318,1
2019-08-13 15:02:15.994,10318,10319,10318,1
2019-08-13 15:02:16.093,10318,10319,10318,2
2019-08-13 15:02:16.582,10317,10319,10317,1
2019-08-13 15:02:18.687,10318,10319,10319,1
2019-08-13 15:02:19.087,10318,10319,10318,1
2019-08-13 15:02:20.845,10318,10319,10318,1
2019-08-13 15:02:21.195,10318,10319,10318,1
2019-08-13 15:02:22.115,10318,10319,10318,2
2019-08-13 15:02:24.853,10317,10319,10318,1
2019-08-13 15:02:25.234,10317,10318,10318,1
2019-08-13 15:02:26.271,10317,10318,10318,1
2019-08-13 15:02:26.596,10318,10319,10318,2
2019-08-13 15:02:30.276,10318,10319,10318,1
2019-08-13 15:02:30.698,10318,10319,10318,1
2019-08-13 15:02:30.869,10318,10319,10319,6
2019-08-13 15:02:33.484,10318,10319,10319,2
2019-08-13 15:02:33.650,10318,10319,10319,5
2019-08-13 15:02:34.142,10318,10319,10319,1
2019-08-13 15:02:34.281,10319,10320,10320,1
2019-08-13 15:02:34.643,10319,10320,10319,1
2019-08-13 15:02:35.278,10319,10320,10319,2
2019-08-13 15:02:37.493,10319,10320,10319,1
2019-08-13 15:02:38.089,10319,10320,10319,1
2019-08-13 15:02:38.791,10319,10320,10320,1
2019-08-13 15:02:40.964,10319,10320,10320,1
2019-08-13 15:02:43.135,10319,10320,10319,1
2019-08-13 15:02:46.854,10319,10320,10320,1
2019-08-13 15:02:48.087,10319,10320,10319,1
2019-08-13 15:02:48.207,10319,10320,10320,1
2019-08-13 15:02:48.305,10319,10320,10319,1
2019-08-13 15:02:50.543,10319,10320,10319,1
2019-08-13 15:02:52.256,10319,10320,10319,3
2019-08-13 15:02:53.403,10319,10320,10319,5
2019-08-13 15:02:54.859,10319,10320,10320,4
2019-08-13 15:02:54.929,10319,10320,10320,2
2019-08-13 15:02:55.013,10319,10320,10319,15
2019-08-13 15:02:55.402,10319,10320,10320,32
2019-08-13 15:02:56.934,10320,10321,10321,1
2019-08-13 15:02:56.935,10320,10321,10321,2
2019-08-13 15:02:57.054,10320,10321,10321,15
2019-08-13 15:02:57.631,10321,10322,10321,1
2019-08-13 15:02:59.144,10321,10322,10321,1
2019-08-13 15:03:00.002,10321,10322,10322,1
2019-08-13 15:03:00.404,10321,10322,10321,3
2019-08-13 15:03:00.728,10321,10322,10322,1
2019-08-13 15:03:01.279,10321,10322,10322,2
2019-08-13 15:03:01.581,10321,10322,10322,5
2019-08-13 15:03:01.749,10321,10322,10322,5
2019-08-13 15:03:02.325,10321,10322,10322,2
2019-08-13 15:03:02.504,10322,10323,10322,1
2019-08-13 15:03:03.173,10322,10323,10322,1
2019-08-13 15:03:03.500,10322,10323,10323,1
2019-08-13 15:03:04.125,10322,10323,10322,1
2019-08-13 15:03:05.795,10322,10323,10323,1
2019-08-13 15:03:07.808,10322,10323,10323,1
2019-08-13 15:03:09.790,10322,10323,10322,2
2019-08-13 15:03:10.308,10322,10323,10323,12
2019-08-13 15:03:10.437,10323,10324,10323,2
2019-08-13 15:03:10.473,10323,10324,10323,3
2019-08-13 15:03:10.530,10323,10324,10324,2
2019-08-13 15:03:10.629,10323,10324,10324,1
2019-08-13 15:03:11.654,10323,10324,10324,1
2019-08-13 15:03:12.030,10323,10324,10324,3
2019-08-13 15:03:12.030,10323,10324,10325,2
2019-08-13 15:03:12.693,10323,10324,10324,1
2019-08-13 15:03:14.955,10324,10325,10325,2
2019-08-13 15:03:15.406,10324,10325,10325,4
2019-08-13 15:03:16.315,10324,10325,10324,1
2019-08-13 15:03:16.417,10324,10325,10325,5
2019-08-13 15:03:16.571,10324,10325,10324,2
2019-08-13 15:03:19.118,10324,10325,10324,1
2019-08-13 15:03:19.499,10324,10325,10325,3
2019-08-13 15:03:20.099,10324,10325,10324,3
2019-08-13 15:03:20.176,10324,10325,10324,3
2019-08-13 15:03:21.266,10323,10324,10324,1
2019-08-13 15:03:22.834,10323,10324,10324,2
2019-08-13 15:03:22.977,10323,10324,10324,1
2019-08-13 15:03:23.138,10323,10324,10324,1
2019-08-13 15:03:23.417,10323,10324,10324,1
2019-08-13 15:03:24.625,10323,10324,10324,2
2019-08-13 15:03:24.744,10324,10325,10324,1
2019-08-13 15:03:24.809,10323,10325,10323,1
2019-08-13 15:03:26.556,10324,10325,10324,1
2019-08-13 15:03:26.572,10324,10325,10324,1
2019-08-13 15:03:26.606,10324,10325,10324,1
2019-08-13 15:03:30.534,10323,10324,10324,2
2019-08-13 15:03:32.429,10323,10324,10323,16
2019-08-13 15:03:32.554,10323,10324,10323,4
2019-08-13 15:03:32.554,10323,10324,10323,2
2019-08-13 15:03:32.554,10323,10324,10323,2
2019-08-13 15:03:35.859,10322,10323,10322,11
2019-08-13 15:03:38.184,10321,10322,10322,1
2019-08-13 15:03:40.974,10321,10322,10322,1
2019-08-13 15:03:43.026,10321,10322,10322,1
2019-08-13 15:03:48.507,10321,10322,10322,1
2019-08-13 15:03:50.018,10321,10322,10322,2
2019-08-13 15:03:50.170,10321,10323,10321,7
2019-08-13 15:03:51.070,10322,10323,10323,1
2019-08-13 15:03:56.182,10322,10323,10322,1
2019-08-13 15:03:57.762,10322,10323,10322,4
2019-08-13 15:04:01.138,10321,10322,10322,1
2019-08-13 15:04:01.404,10321,10322,10321,2
2019-08-13 15:04:03.924,10321,10322,10321,5
2019-08-13 15:04:03.929,10321,10322,10321,2
2019-08-13 15:04:04.714,10320,10321,10321,1
2019-08-13 15:04:05.961,10320,10321,10321,1
2019-08-13 15:04:07.253,10320,10321,10321,2
2019-08-13 15:04:07.304,10320,10321,10321,1
2019-08-13 15:04:07.364,10320,10321,10321,1
2019-08-13 15:04:07.621,10320,10321,10321,1
2019-08-13 15:04:14.059,10321,10322,10321,1
2019-08-13 15:04:15.057,10321,10322,10321,1
2019-08-13 15:04:15.120,10321,10322,10321,9
2019-08-13 15:04:17.846,10320,10322,10322,2
2019-08-13 15:04:18.876,10321,10322,10321,1
2019-08-13 15:04:19.607,10320,10321,10320,1
2019-08-13 15:04:20.077,10320,10321,10321,1
2019-08-13 15:04:20.400,10320,10321,10321,1
2019-08-13 15:04:20.939,10320,10322,10320,2
2019-08-13 15:04:21.292,10320,10321,10320,1
2019-08-13 15:04:23.107,10320,10322,10320,1
2019-08-13 15:04:24.151,10320,10322,10321,1
2019-08-13 15:04:25.022,10321,10322,10321,2
2019-08-13 15:04:25.222,10320,10322,10320,1
2019-08-13 15:04:30.808,10320,10321,10320,3
2019-08-13 15:04:30.864,10320,10321,10321,1
2019-08-13 15:04:30.877,10320,10321,10321,1
2019-08-13 15:04:31.660,10320,10322,10320,1
2019-08-13 15:04:32.993,10321,10322,10321,2
2019-08-13 15:04:33.451,10321,10322,10321,1
2019-08-13 15:04:37.822,10321,10322,10322,3
2019-08-13 15:04:37.929,10321,10322,10322,18
2019-08-13 15:04:41.966,10322,10323,10322,1
2019-08-13 15:04:47.148,10322,10323,10322,3
2019-08-13 15:04:48.833,10322,10323,10323,1
2019-08-13 15:04:49.845,10322,10323,10322,4
2019-08-13 15:04:50.184,10321,10322,10321,1
2019-08-13 15:04:50.821,10321,10322,10322,2
2019-08-13 15:04:52.572,10321,10322,10322,1
2019-08-13 15:04:52.957,10321,10322,10322,1
2019-08-13 15:04:56.232,10321,10322,10322,1
2019-08-13 15:05:00.210,10321,10322,10322,1
2019-08-13 15:05:00.511,10321,10323,10321,3
2019-08-13 15:05:02.736,10322,10323,10322,1
2019-08-13 15:05:02.903,10322,10323,10323,1
2019-08-13 15:05:03.865,10322,10323,10322,2
2019-08-13 15:05:03.875,10322,10323,10322,1
2019-08-13 15:05:03.917,10322,10323,10323,5
2019-08-13 15:05:03.935,10322,10323,10323,14
2019-08-13 15:05:04.178,10322,10324,10323,1
2019-08-13 15:05:05.765,10323,10324,10324,10
2019-08-13 15:05:06.124,10323,10324,10323,1
2019-08-13 15:05:07.172,10323,10324,10324,1
2019-08-13 15:05:07.802,10323,10324,10324,1
2019-08-13 15:05:08.038,10323,10324,10323,1
2019-08-13 15:05:08.479,10323,10324,10324,1
2019-08-13 15:05:12.836,10323,10324,10323,4
2019-08-13 15:05:12.868,10323,10324,10324,1
2019-08-13 15:05:20.180,10323,10324,10324,1
2019-08-13 15:05:22.960,10323,10324,10323,14
2019-08-13 15:05:23.054,10323,10324,10323,2
2019-08-13 15:05:23.398,10322,10323,10323,1
2019-08-13 15:05:23.450,10322,10323,10322,1
2019-08-13 15:05:24.064,10322,10323,10322,2
2019-08-13 15:05:30.802,10322,10323,10323,1
2019-08-13 15:05:38.402,10322,10323,10323,1
2019-08-13 15:05:38.556,10322,10323,10322,1
2019-08-13 15:05:38.734,10322,10323,10322,1
2019-08-13 15:05:38.959,10322,10323,10322,1
2019-08-13 15:05:39.593,10322,10323,10322,2
2019-08-13 15:05:39.938,10322,10323,10323,1
2019-08-13 15:05:42.882,10322,10323,10322,5
2019-08-13 15:05:49.804,10322,10323,10323,1
2019-08-13 15:05:49.929,10322,10323,10323,11
2019-08-13 15:05:55.304,10322,10323,10322,6
2019-08-13 15:06:00.050,10321,10322,10321,1
2019-08-13 15:06:00.059,10321,10322,10321,1
2019-08-13 15:06:00.082,10321,10322,10321,1
2019-08-13 15:06:00.093,10321,10322,10321,1
2019-08-13 15:06:00.179,10321,10322,10321,10
2019-08-13 15:06:00.179,10321,10322,10321,1
2019-08-13 15:06:00.304,10321,10322,10321,7
2019-08-13 15:06:01.158,10320,10321,10321,1
2019-08-13 15:06:02.211,10320,10321,10320,1
2019-08-13 15:06:04.566,10320,10321,10320,4
2019-08-13 15:06:05.024,10320,10321,10320,4
2019-08-13 15:06:07.033,10320,10321,10320,1
2019-08-13 15:06:07.721,10320,10321,10321,6
2019-08-13 15:06:08.692,10321,10322,10321,7
2019-08-13 15:06:12.168,10320,10321,10321,5
2019-08-13 15:06:12.168,10320,10321,10321,3
2019-08-13 15:06:12.168,10320,10321,10321,5
2019-08-13 15:06:12.175,10320,10321,10321,1
2019-08-13 15:06:13.870,10322,10323,10323,5
2019-08-13 15:06:13.983,10322,10323,10322,1
2019-08-13 15:06:16.390,10322,10323,10323,2
2019-08-13 15:06:16.391,10322,10323,10323,2
2019-08-13 15:06:16.391,10322,10323,10323,3
2019-08-13 15:06:21.890,10323,10324,10323,1
2019-08-13 15:06:25.365,10323,10324,10323,1
2019-08-13 15:06:25.825,10323,10324,10323,2
2019-08-13 15:06:25.827,10323,10324,10323,1
2019-08-13 15:06:27.579,10322,10323,10323,1
2019-08-13 15:06:29.144,10322,10323,10322,5
2019-08-13 15:06:30.856,10322,10323,10322,5
2019-08-13 15:06:31.776,10322,10323,10322,1
2019-08-13 15:06:41.909,10322,10323,10323,4
2019-08-13 15:06:44.031,10323,10324,10323,1
2019-08-13 15:06:47.054,10323,10324,10323,1
2019-08-13 15:06:47.101,10323,10324,10323,3
2019-08-13 15:06:47.572,10323,10324,10323,1
2019-08-13 15:06:47.695,10323,10324,10323,1
2019-08-13 15:06:47.777,10323,10324,10323,1
2019-08-13 15:06:48.019,10322,10323,10323,1
2019-08-13 15:06:50.941,10322,10323,10322,14
2019-08-13 15:06:51.186,10321,10323,10323,10
2019-08-13 15:06:53.153,10322,10323,10323,2
2019-08-13 15:06:56.702,10322,10323,10322,1
2019-08-13 15:06:56.702,10322,10323,10321,2
2019-08-13 15:06:56.946,10321,10323,10322,1
2019-08-13 15:06:56.971,10321,10323,10322,1
2019-08-13 15:06:56.979,10321,10323,10322,1
2019-08-13 15:06:58.685,10321,10322,10322,4
2019-08-13 15:07:00.043,10321,10322,10322,1
2019-08-13 15:07:00.054,10322,10323,10322,1
2019-08-13 15:07:01.392,10322,10323,10322,1
2019-08-13 15:07:06.234,10321,10322,10322,2
2019-08-13 15:07:07.862,10322,10323,10322,1
2019-08-13 15:07:24.320,10322,10323,10322,2
2019-08-13 15:07:29.210,10322,10323,10322,1
2019-08-13 15:07:29.215,10322,10323,10322,1
2019-08-13 15:07:29.215,10322,10323,10322,4
2019-08-13 15:07:29.237,10322,10323,10322,1
2019-08-13 15:07:29.247,10322,10323,10322,3
2019-08-13 15:07:29.254,10322,10323,10322,2
2019-08-13 15:07:29.304,10322,10323,10322,2
2019-08-13 15:07:29.304,10322,10323,10322,4
2019-08-13 15:07:30.131,10321,10322,10321,1
2019-08-13 15:07:31.107,10321,10322,10321,1
2019-08-13 15:07:34.305,10321,10322,10321,12
2019-08-13 15:07:40.560,10320,10321,10320,1
2019-08-13 15:07:41.270,10320,10321,10321,1
2019-08-13 15:07:42.570,10320,10321,10320,1
2019-08-13 15:07:42.953,10320,10321,10321,1
2019-08-13 15:07:43.054,10320,10321,10321,1
2019-08-13 15:07:43.161,10320,10321,10321,1
2019-08-13 15:07:46.809,10321,10322,10321,1
2019-08-13 15:07:48.266,10321,10322,10321,2
2019-08-13 15:07:51.226,10321,10322,10321,6
2019-08-13 15:07:52.897,10321,10322,10321,2
2019-08-13 15:07:55.504,10321,10322,10321,1
2019-08-13 15:07:56.347,10321,10322,10322,15
2019-08-13 15:08:01.111,10322,10323,10323,9
2019-08-13 15:08:01.112,10322,10323,10323,3
2019-08-13 15:08:01.112,10322,10323,10323,3
2019-08-13 15:08:01.179,10322,10323,10323,21
2019-08-13 15:08:01.258,10322,10323,10323,3
2019-08-13 15:08:01.304,10322,10323,10323,2
2019-08-13 15:08:01.304,10322,10323,10323,2
2019-08-13 15:08:03.086,10323,10324,10324,4
2019-08-13 15:08:04.136,10323,10324,10323,1
2019-08-13 15:08:04.266,10323,10324,10323,1
2019-08-13 15:08:09.119,10323,10324,10324,1
2019-08-13 15:08:11.810,10323,10324,10324,1
2019-08-13 15:08:14.147,10323,10324,10323,1
2019-08-13 15:08:16.150,10323,10324,10324,15
2019-08-13 15:08:17.727,10324,10325,10324,1
2019-08-13 15:08:25.537,10324,10325,10325,1
2019-08-13 15:08:27.040,10324,10325,10325,1
2019-08-13 15:08:28.668,10324,10325,10325,1
2019-08-13 15:08:29.065,10324,10325,10324,1
2019-08-13 15:08:31.241,10324,10325,10325,1
2019-08-13 15:08:33.924,10324,10325,10324,6
2019-08-13 15:08:34.290,10324,10325,10325,1
2019-08-13 15:08:38.476,10324,10325,10324,1
2019-08-13 15:08:39.235,10324,10325,10324,1
2019-08-13 15:08:42.869,10324,10325,10325,5
2019-08-13 15:08:43.414,10324,10325,10325,2
2019-08-13 15:08:45.794,10324,10325,10325,24
2019-08-13 15:08:46.409,10325,10326,10325,4
2019-08-13 15:08:47.867,10325,10326,10325,4
2019-08-13 15:08:49.013,10325,10326,10325,2
2019-08-13 15:08:50.937,10325,10326,10325,7
2019-08-13 15:08:51.233,10324,10325,10325,2
2019-08-13 15:08:51.948,10324,10325,10325,1
2019-08-13 15:08:52.846,10324,10325,10325,1
2019-08-13 15:08:54.040,10324,10325,10325,3
2019-08-13 15:08:54.982,10324,10325,10325,2
2019-08-13 15:08:55.135,10324,10325,10324,2
2019-08-13 15:08:56.046,10324,10325,10325,1
2019-08-13 15:08:57.520,10324,10325,10325,2
2019-08-13 15:09:00.194,10325,10326,10326,1
2019-08-13 15:09:00.335,10325,10326,10326,1
2019-08-13 15:09:03.349,10325,10326,10325,2
2019-08-13 15:09:03.847,10325,10326,10325,2
2019-08-13 15:09:07.756,10325,10326,10326,3
2019-08-13 15:09:08.432,10325,10326,10326,1
2019-08-13 15:09:09.289,10325,10326,10326,1
2019-08-13 15:09:13.543,10325,10326,10326,5
2019-08-13 15:09:13.590,10325,10326,10326,1
2019-08-13 15:09:15.059,10325,10326,10326,2
2019-08-13 15:09:16.555,10325,10326,10326,2
2019-08-13 15:09:16.999,10325,10326,10326,2
2019-08-13 15:09:17.054,10325,10326,10326,2
2019-08-13 15:09:20.615,10326,10327,10326,2
2019-08-13 15:09:22.174,10326,10327,10327,15
2019-08-13 15:09:26.982,10326,10327,10327,1
2019-08-13 15:09:29.047,10326,10327,10327,5
2019-08-13 15:09:30.297,10326,10327,10327,1
2019-08-13 15:09:32.854,10327,10328,10327,1
2019-08-13 15:09:36.428,10327,10328,10328,6
2019-08-13 15:09:36.741,10327,10328,10327,2
2019-08-13 15:09:38.716,10327,10328,10327,1
2019-08-13 15:09:39.060,10327,10328,10328,10
2019-08-13 15:09:39.907,10327,10328,10328,1
2019-08-13 15:09:40.889,10327,10328,10328,3
2019-08-13 15:09:41.441,10327,10328,10328,1
2019-08-13 15:09:41.746,10327,10328,10328,1
2019-08-13 15:09:44.327,10328,10329,10328,3
2019-08-13 15:09:44.629,10328,10329,10328,1
2019-08-13 15:09:44.650,10328,10329,10329,2
2019-08-13 15:09:45.670,10328,10329,10329,2
2019-08-13 15:09:46.793,10328,10329,10329,2
2019-08-13 15:09:46.793,10328,10329,10329,18
2019-08-13 15:09:46.998,10329,10330,10329,1
2019-08-13 15:09:47.218,10329,10330,10329,1
2019-08-13 15:09:47.338,10329,10330,10330,1
2019-08-13 15:09:47.465,10329,10330,10330,1
2019-08-13 15:09:47.475,10329,10330,10329,1
2019-08-13 15:09:48.536,10329,10330,10330,1
2019-08-13 15:09:49.887,10329,10330,10330,4
2019-08-13 15:09:51.216,10329,10330,10330,5
2019-08-13 15:09:52.121,10329,10330,10330,17
2019-08-13 15:09:55.004,10330,10331,10330,2
2019-08-13 15:09:56.686,10330,10331,10330,1
2019-08-13 15:09:58.476,10330,10331,10330,1
2019-08-13 15:09:59.067,10330,10331,10331,5
2019-08-13 15:09:59.212,10330,10331,10331,1
2019-08-13 15:09:59.285,10330,10331,10331,1
2019-08-13 15:09:59.407,10330,10331,10330,1
2019-08-13 15:10:01.373,10330,10331,10331,1
2019-08-13 15:10:04.755,10330,10331,10330,1
2019-08-13 15:10:05.614,10330,10331,10330,1
2019-08-13 15:10:05.713,10330,10331,10330,1
2019-08-13 15:10:05.764,10330,10331,10331,4
2019-08-13 15:10:06.839,10330,10331,10331,3
2019-08-13 15:10:08.030,10330,10331,10331,1
2019-08-13 15:10:08.495,10330,10331,10331,5
2019-08-13 15:10:08.507,10330,10331,10331,1
2019-08-13 15:10:09.973,10331,10332,10331,2
2019-08-13 15:10:11.440,10331,10332,10331,1
2019-08-13 15:10:14.381,10331,10332,10331,1
2019-08-13 15:10:17.580,10331,10332,10332,1
2019-08-13 15:10:18.288,10331,10332,10332,1
2019-08-13 15:10:18.682,10331,10332,10331,1
2019-08-13 15:10:23.323,10331,10332,10331,1
2019-08-13 15:10:23.570,10331,10332,10331,1
2019-08-13 15:10:24.040,10331,10332,10331,1
2019-08-13 15:10:24.960,10331,10332,10331,1
2019-08-13 15:10:26.840,10331,10332,10331,1
2019-08-13 15:10:27.002,10331,10332,10331,1
2019-08-13 15:10:27.334,10331,10332,10331,4
2019-08-13 15:10:27.575,10330,10331,10331,2
2019-08-13 15:10:27.811,10330,10331,10331,2
2019-08-13 15:10:28.661,10330,10331,10331,1
2019-08-13 15:10:28.704,10330,10331,10331,3
2019-08-13 15:10:28.704,10330,10331,10332,2
2019-08-13 15:10:29.748,10330,10331,10331,2
2019-08-13 15:10:31.118,10330,10331,10331,3
2019-08-13 15:10:31.118,10330,10331,10332,1
2019-08-13 15:10:31.500,10330,10332,10330,1
2019-08-13 15:10:33.740,10330,10331,10331,1
2019-08-13 15:10:35.574,10330,10331,10331,1
2019-08-13 15:10:35.648,10330,10331,10330,1
2019-08-13 15:10:36.369,10330,10331,10331,1
2019-08-13 15:10:39.571,10331,10332,10331,2
2019-08-13 15:10:41.796,10331,10332,10331,1
2019-08-13 15:10:46.929,10330,10331,10330,24
2019-08-13 15:10:47.054,10330,10331,10330,5
2019-08-13 15:10:47.054,10330,10331,10330,1
2019-08-13 15:10:47.468,10329,10330,10330,1
2019-08-13 15:10:49.476,10329,10330,10330,3
2019-08-13 15:10:50.071,10329,10330,10330,1
2019-08-13 15:10:54.184,10329,10330,10329,3
2019-08-13 15:10:54.304,10329,10330,10329,3
2019-08-13 15:11:05.770,10328,10329,10329,1
2019-08-13 15:11:08.617,10328,10329,10329,10
2019-08-13 15:11:12.382,10328,10329,10328,2
2019-08-13 15:11:12.456,10328,10329,10328,1
2019-08-13 15:11:18.582,10328,10329,10328,2
2019-08-13 15:11:19.261,10328,10329,10329,2
2019-08-13 15:11:22.195,10328,10329,10329,2
2019-08-13 15:11:26.267,10328,10329,10329,2
2019-08-13 15:11:32.371,10328,10329,10329,1
2019-08-13 15:11:33.805,10328,10329,10328,20
2019-08-13 15:11:35.359,10327,10328,10327,2
2019-08-13 15:11:35.369,10327,10328,10327,1
2019-08-13 15:11:37.297,10326,10327,10327,1
2019-08-13 15:11:39.816,10326,10327,10327,1
2019-08-13 15:11:40.099,10326,10327,10327,1
2019-08-13 15:11:43.667,10326,10327,10327,3
2019-08-13 15:11:44.007,10326,10327,10327,1
2019-08-13 15:11:47.253,10326,10327,10327,1
2019-08-13 15:11:47.854,10326,10327,10327,1
2019-08-13 15:11:48.929,10326,10327,10327,7
2019-08-13 15:11:51.669,10327,10328,10328,4
2019-08-13 15:11:57.304,10328,10329,10329,3
2019-08-13 15:11:57.429,10328,10329,10329,12
2019-08-13 15:11:58.052,10329,10330,10329,1
2019-08-13 15:11:59.047,10329,10330,10329,5
2019-08-13 15:11:59.448,10329,10330,10329,1
2019-08-13 15:12:00.724,10328,10330,10329,1
2019-08-13 15:12:00.724,10328,10330,10328,1
2019-08-13 15:12:04.007,10328,10330,10329,1
2019-08-13 15:12:04.303,10328,10330,10329,1
2019-08-13 15:12:04.317,10328,10330,10329,1
2019-08-13 15:12:04.765,10328,10330,10328,1
2019-08-13 15:12:08.298,10328,10330,10329,1
2019-08-13 15:12:09.717,10328,10329,10329,1
2019-08-13 15:12:21.775,10328,10329,10329,1
2019-08-13 15:12:21.775,10328,10329,10330,3
2019-08-13 15:12:25.329,10328,10329,10329,1
2019-08-13 15:12:27.292,10328,10329,10328,6
2019-08-13 15:12:27.429,10327,10329,10328,1
2019-08-13 15:12:27.694,10327,10329,10328,1
2019-08-13 15:12:32.736,10327,10328,10328,1
2019-08-13 15:12:34.093,10327,10328,10328,1
2019-08-13 15:12:34.297,10327,10328,10328,1
2019-08-13 15:12:35.934,10327,10328,10327,1
2019-08-13 15:12:37.024,10327,10328,10328,1
2019-08-13 15:12:37.725,10327,10328,10327,4
2019-08-13 15:12:38.276,10326,10327,10327,1
2019-08-13 15:12:41.295,10326,10327,10326,1
2019-08-13 15:12:41.399,10326,10327,10327,1
2019-08-13 15:12:46.511,10326,10327,10326,8
2019-08-13 15:12:49.714,10325,10326,10325,1
2019-08-13 15:12:54.641,10325,10326,10325,1
2019-08-13 15:13:00.841,10325,10326,10326,2
2019-08-13 15:13:00.929,10325,10326,10326,4
2019-08-13 15:13:01.468,10326,10327,10326,3
2019-08-13 15:13:02.887,10326,10327,10327,1
2019-08-13 15:13:17.980,10326,10327,10326,1
2019-08-13 15:13:19.437,10326,10327,10327,1
2019-08-13 15:13:22.911,10326,10327,10327,2
2019-08-13 15:13:25.252,10327,10328,10328,3
2019-08-13 15:13:32.769,10327,10328,10328,1
2019-08-13 15:13:39.947,10328,10329,10328,1
2019-08-13 15:13:43.174,10327,10328,10328,5
2019-08-13 15:13:54.867,10327,10328,10328,1
2019-08-13 15:13:59.262,10327,10328,10328,10
2019-08-13 15:14:03.022,10327,10328,10328,3
2019-08-13 15:14:04.042,10327,10328,10328,1
2019-08-13 15:14:09.530,10327,10328,10328,1
2019-08-13 15:14:14.054,10327,10328,10328,5
2019-08-13 15:14:17.310,10327,10328,10328,2
2019-08-13 15:14:25.909,10328,10329,10328,2
2019-08-13 15:14:34.087,10327,10328,10328,2
2019-08-13 15:14:36.863,10328,10329,10328,1
2019-08-13 15:14:40.840,10328,10329,10329,1
2019-08-13 15:14:44.786,10328,10329,10329,3
2019-08-13 15:14:44.804,10328,10329,10329,3
2019-08-13 15:14:51.835,10328,10329,10329,1
2019-08-13 15:14:51.960,10328,10329,10329,1
2019-08-13 15:15:03.098,10329,10330,10330,8
2019-08-13 15:15:04.804,10329,10330,10330,1
2019-08-13 15:15:04.837,10329,10330,10330,4
2019-08-13 15:15:04.915,10329,10330,10329,1
2019-08-13 15:15:04.926,10329,10330,10330,2
2019-08-13 15:15:04.929,10329,10330,10330,4
2019-08-13 15:15:06.121,10330,10331,10331,1
2019-08-13 15:15:06.842,10330,10331,10331,5
2019-08-13 15:15:07.770,10330,10331,10331,9
2019-08-13 15:15:10.415,10331,10332,10332,5
2019-08-13 15:15:11.172,10331,10332,10332,15
2019-08-13 15:15:11.304,10332,10333,10333,4
2019-08-13 15:15:11.498,10332,10333,10333,2
2019-08-13 15:15:11.562,10332,10333,10333,1
2019-08-13 15:15:11.638,10332,10333,10333,2
2019-08-13 15:15:11.742,10332,10333,10333,1
2019-08-13 15:15:12.261,10332,10333,10333,1
2019-08-13 15:15:12.771,10332,10333,10333,12
2019-08-13 15:15:14.169,10333,10334,10334,2
2019-08-13 15:15:14.203,10333,10334,10334,2
2019-08-13 15:15:16.985,10333,10334,10334,2
2019-08-13 15:15:17.367,10333,10334,10333,1
2019-08-13 15:15:19.302,10333,10334,10334,1
2019-08-13 15:15:19.474,10333,10334,10333,1
2019-08-13 15:15:22.026,10333,10334,10334,2
2019-08-13 15:15:22.591,10333,10334,10334,1
2019-08-13 15:15:23.411,10333,10334,10334,2
2019-08-13 15:15:23.411,10333,10334,10335,3
2019-08-13 15:15:23.517,10333,10334,10334,1
2019-08-13 15:15:23.517,10333,10334,10335,4
2019-08-13 15:15:23.702,10334,10335,10334,1
2019-08-13 15:15:24.265,10334,10335,10334,1
2019-08-13 15:15:26.283,10334,10335,10334,1
2019-08-13 15:15:26.682,10334,10335,10335,2
2019-08-13 15:15:27.470,10334,10335,10335,5
2019-08-13 15:15:27.712,10334,10335,10334,4
2019-08-13 15:15:27.801,10334,10335,10334,1
2019-08-13 15:15:28.002,10334,10335,10335,1
2019-08-13 15:15:28.087,10334,10335,10335,3
2019-08-13 15:15:30.076,10333,10334,10333,5
2019-08-13 15:15:30.246,10333,10335,10335,1
2019-08-13 15:15:31.934,10333,10335,10335,5
2019-08-13 15:15:32.054,10333,10335,10335,1
2019-08-13 15:15:33.370,10334,10335,10335,5
2019-08-13 15:15:34.384,10334,10335,10335,1
2019-08-13 15:15:37.333,10335,10336,10336,1
2019-08-13 15:15:39.941,10335,10336,10335,1
2019-08-13 15:15:40.781,10335,10336,10336,19
2019-08-13 15:15:43.409,10335,10337,10335,1
2019-08-13 15:15:43.935,10336,10337,10336,1
2019-08-13 15:15:49.491,10335,10336,10335,3
2019-08-13 15:15:49.706,10335,10336,10336,1
2019-08-13 15:15:50.712,10335,10336,10336,3
2019-08-13 15:15:52.460,10335,10336,10336,1
2019-08-13 15:15:52.974,10335,10336,10336,2
2019-08-13 15:15:53.114,10336,10337,10336,1
2019-08-13 15:15:53.176,10336,10337,10336,1
2019-08-13 15:15:53.890,10336,10337,10336,2
2019-08-13 15:15:54.643,10336,10337,10336,3
2019-08-13 15:15:59.799,10336,10337,10337,2
2019-08-13 15:16:02.544,10336,10337,10337,6
2019-08-13 15:16:07.839,10336,10337,10337,2
2019-08-13 15:16:08.397,10336,10337,10337,1
2019-08-13 15:16:10.483,10336,10337,10337,1
2019-08-13 15:16:10.519,10336,10337,10337,3
2019-08-13 15:16:11.611,10336,10337,10337,1
2019-08-13 15:16:11.893,10337,10338,10337,2
2019-08-13 15:16:12.172,10337,10338,10337,1
2019-08-13 15:16:12.898,10337,10338,10338,1
2019-08-13 15:16:12.981,10337,10338,10338,1
2019-08-13 15:16:13.030,10337,10338,10338,3
2019-08-13 15:16:13.044,10337,10338,10338,1
2019-08-13 15:16:13.158,10337,10338,10338,1
2019-08-13 15:16:13.160,10337,10338,10338,1
2019-08-13 15:16:13.181,10337,10338,10338,1
2019-08-13 15:16:13.267,10337,10338,10338,3
2019-08-13 15:16:13.411,10337,10338,10338,1
2019-08-13 15:16:13.415,10337,10338,10338,4
2019-08-13 15:16:13.522,10337,10338,10337,1
2019-08-13 15:16:14.250,10337,10338,10338,1
2019-08-13 15:16:16.423,10337,10338,10338,2
2019-08-13 15:16:16.491,10337,10338,10338,1
2019-08-13 15:16:16.511,10337,10338,10338,10
2019-08-13 15:16:16.554,10337,10338,10338,2
2019-08-13 15:16:16.555,10337,10338,10338,2
2019-08-13 15:16:17.203,10338,10339,10338,2
2019-08-13 15:16:18.149,10338,10339,10338,3
2019-08-13 15:16:18.285,10338,10339,10338,1
2019-08-13 15:16:18.583,10338,10339,10338,1
2019-08-13 15:16:19.192,10338,10339,10338,3
2019-08-13 15:16:21.165,10338,10339,10338,3
2019-08-13 15:16:22.761,10338,10339,10338,3
2019-08-13 15:16:23.054,10338,10339,10338,17
2019-08-13 15:16:23.179,10338,10339,10338,1
2019-08-13 15:16:23.646,10337,10338,10337,4
2019-08-13 15:16:23.978,10337,10338,10337,6
2019-08-13 15:16:24.179,10336,10337,10337,1
2019-08-13 15:16:25.200,10336,10337,10337,1
2019-08-13 15:16:26.686,10336,10337,10337,1
2019-08-13 15:16:30.035,10336,10337,10337,2
2019-08-13 15:16:30.890,10336,10337,10337,1
2019-08-13 15:16:31.145,10336,10337,10337,1
2019-08-13 15:16:31.361,10336,10337,10337,1
2019-08-13 15:16:31.546,10336,10337,10337,1
2019-08-13 15:16:32.036,10336,10337,10336,2
2019-08-13 15:16:32.036,10336,10337,10336,5
2019-08-13 15:16:32.054,10336,10337,10336,9
2019-08-13 15:16:34.030,10335,10336,10336,3
2019-08-13 15:16:35.851,10335,10336,10336,4
2019-08-13 15:16:39.297,10336,10337,10336,5
2019-08-13 15:16:40.310,10336,10337,10336,1
2019-08-13 15:16:41.993,10336,10337,10337,1
2019-08-13 15:16:42.660,10336,10337,10337,2
2019-08-13 15:16:44.017,10336,10337,10336,1
2019-08-13 15:16:48.923,10336,10337,10336,2
2019-08-13 15:16:50.182,10336,10337,10337,2
2019-08-13 15:16:51.526,10336,10337,10337,1
2019-08-13 15:16:52.382,10336,10337,10336,2
2019-08-13 15:16:53.729,10336,10337,10336,3
2019-08-13 15:16:53.781,10336,10337,10336,6
2019-08-13 15:16:54.000,10335,10336,10336,2
2019-08-13 15:17:01.754,10335,10336,10336,3
2019-08-13 15:17:02.149,10335,10337,10335,2
2019-08-13 15:17:02.289,10335,10337,10335,2
2019-08-13 15:17:04.273,10336,10337,10336,2
2019-08-13 15:17:07.115,10336,10337,10336,3
2019-08-13 15:17:09.533,10335,10336,10335,1
2019-08-13 15:17:09.608,10335,10336,10335,2
2019-08-13 15:17:10.258,10335,10336,10336,2
2019-08-13 15:17:12.367,10336,10337,10336,1
2019-08-13 15:17:14.753,10336,10337,10336,5
2019-08-13 15:17:23.830,10336,10337,10336,2
2019-08-13 15:17:24.552,10336,10337,10336,2
2019-08-13 15:17:24.552,10336,10337,10336,2
2019-08-13 15:17:24.554,10336,10337,10336,4
2019-08-13 15:17:24.587,10336,10337,10336,11
2019-08-13 15:17:25.805,10335,10336,10336,1
2019-08-13 15:17:26.381,10335,10336,10336,1
2019-08-13 15:17:27.953,10335,10336,10335,2
2019-08-13 15:17:34.841,10335,10336,10335,1
2019-08-13 15:17:34.987,10335,10336,10335,1
2019-08-13 15:17:35.055,10335,10336,10336,3
2019-08-13 15:17:36.840,10335,10336,10335,5
2019-08-13 15:17:37.703,10335,10336,10336,1
2019-08-13 15:17:39.188,10335,10336,10336,1
2019-08-13 15:17:40.884,10335,10336,10336,10
2019-08-13 15:17:42.054,10336,10337,10337,9
2019-08-13 15:17:43.672,10336,10338,10338,2
2019-08-13 15:17:48.442,10337,10338,10337,1
2019-08-13 15:17:49.180,10337,10338,10337,1
2019-08-13 15:17:56.560,10336,10337,10336,4
2019-08-13 15:17:57.417,10336,10337,10336,1
2019-08-13 15:17:58.377,10336,10337,10337,1
2019-08-13 15:17:59.051,10336,10337,10336,1
2019-08-13 15:18:03.056,10336,10337,10337,1
2019-08-13 15:18:03.411,10336,10337,10336,2
2019-08-13 15:18:04.669,10336,10337,10336,1
2019-08-13 15:18:04.892,10336,10337,10336,1
2019-08-13 15:18:10.141,10335,10336,10335,15
2019-08-13 15:18:10.984,10335,10336,10336,1
2019-08-13 15:18:14.433,10335,10336,10336,1
2019-08-13 15:18:21.691,10335,10336,10336,1
2019-08-13 15:18:28.458,10335,10336,10336,1
2019-08-13 15:18:28.466,10335,10336,10336,1
2019-08-13 15:18:35.161,10335,10336,10335,2
2019-08-13 15:18:36.581,10335,10336,10335,1
2019-08-13 15:18:39.092,10335,10336,10335,2
2019-08-13 15:18:39.821,10335,10336,10335,4
2019-08-13 15:18:44.382,10335,10336,10335,1
2019-08-13 15:18:46.855,10335,10336,10335,1
2019-08-13 15:18:47.305,10335,10336,10335,13
2019-08-13 15:18:49.261,10334,10335,10334,4
2019-08-13 15:18:58.341,10333,10334,10334,1
2019-08-13 15:19:02.491,10333,10334,10334,1
2019-08-13 15:19:02.612,10333,10334,10333,1
2019-08-13 15:19:02.782,10333,10334,10333,1
2019-08-13 15:19:04.462,10333,10334,10334,1
2019-08-13 15:19:09.724,10333,10334,10334,3
2019-08-13 15:19:09.804,10333,10334,10334,2
2019-08-13 15:19:14.469,10334,10335,10334,1
2019-08-13 15:19:14.840,10334,10335,10335,5
2019-08-13 15:19:17.429,10334,10335,10334,10
2019-08-13 15:19:17.810,10333,10334,10333,2
2019-08-13 15:19:20.276,10333,10334,10333,1
2019-08-13 15:19:22.806,10333,10334,10333,11
2019-08-13 15:19:22.881,10333,10334,10332,1
2019-08-13 15:19:22.981,10332,10333,10332,1
2019-08-13 15:19:23.856,10332,10333,10333,1
2019-08-13 15:19:29.397,10332,10333,10333,1
2019-08-13 15:19:29.679,10332,10333,10333,4
2019-08-13 15:19:29.954,10332,10334,10332,2
2019-08-13 15:19:42.506,10333,10334,10333,1
2019-08-13 15:19:43.626,10333,10334,10333,1
2019-08-13 15:19:43.870,10333,10334,10333,5
2019-08-13 15:19:51.047,10333,10334,10334,5
2019-08-13 15:19:52.678,10333,10334,10333,1
2019-08-13 15:19:53.217,10332,10333,10333,3
2019-08-13 15:19:56.680,10333,10334,10333,1
2019-08-13 15:19:57.621,10333,10334,10334,9
2019-08-13 15:19:57.679,10333,10334,10334,8
2019-08-13 15:19:57.679,10333,10334,10334,3
2019-08-13 15:20:00.057,10334,10335,10335,5
2019-08-13 15:20:01.761,10334,10335,10334,4
2019-08-13 15:20:01.879,10334,10335,10335,1
2019-08-13 15:20:06.036,10334,10335,10335,21
2019-08-13 15:20:06.132,10335,10336,10335,1
2019-08-13 15:20:16.815,10335,10336,10336,1
2019-08-13 15:20:20.558,10335,10336,10335,6
2019-08-13 15:20:21.944,10334,10335,10335,1
2019-08-13 15:20:24.053,10334,10335,10334,5
2019-08-13 15:20:32.382,10333,10334,10334,1
2019-08-13 15:20:32.804,10333,10334,10334,1
2019-08-13 15:20:33.154,10333,10334,10334,1
2019-08-13 15:20:33.154,10333,10334,10335,3
2019-08-13 15:20:36.322,10333,10335,10333,1
2019-08-13 15:20:43.610,10334,10335,10335,1
2019-08-13 15:20:47.957,10334,10335,10335,1
2019-08-13 15:20:54.607,10334,10335,10335,1
2019-08-13 15:20:54.670,10334,10335,10335,5
2019-08-13 15:20:57.282,10335,10336,10336,3
2019-08-13 15:20:57.304,10335,10336,10336,12
2019-08-13 15:20:58.367,10336,10337,10337,1
2019-08-13 15:21:00.040,10336,10337,10336,2
2019-08-13 15:21:00.238,10336,10337,10336,2
2019-08-13 15:21:01.607,10336,10337,10336,1
2019-08-13 15:21:01.725,10336,10337,10337,4
2019-08-13 15:21:02.053,10337,10338,10337,1
2019-08-13 15:21:02.053,10337,10338,10336,1
2019-08-13 15:21:05.905,10337,10338,10337,3
2019-08-13 15:21:07.062,10336,10338,10338,2
2019-08-13 15:21:07.087,10336,10338,10337,2
2019-08-13 15:21:09.802,10335,10337,10337,2
2019-08-13 15:21:10.740,10336,10337,10337,4
2019-08-13 15:21:10.825,10337,10338,10337,1
2019-08-13 15:21:26.190,10336,10337,10337,1
2019-08-13 15:21:26.330,10336,10337,10337,1
2019-08-13 15:21:27.844,10336,10337,10337,2
2019-08-13 15:21:29.455,10336,10337,10337,1
2019-08-13 15:21:32.675,10336,10337,10336,2
2019-08-13 15:21:37.436,10336,10337,10336,1
2019-08-13 15:21:57.819,10336,10337,10337,1
2019-08-13 15:22:00.047,10336,10337,10336,1
2019-08-13 15:22:02.635,10336,10337,10336,10
2019-08-13 15:22:08.475,10336,10337,10336,1
2019-08-13 15:22:13.703,10336,10337,10336,1
2019-08-13 15:22:16.026,10336,10337,10336,1
2019-08-13 15:22:33.700,10335,10336,10336,1
2019-08-13 15:22:35.089,10335,10336,10335,9
2019-08-13 15:22:35.173,10335,10336,10336,3
2019-08-13 15:22:36.591,10334,10335,10335,1
2019-08-13 15:22:41.921,10334,10335,10335,1
2019-08-13 15:22:41.967,10334,10335,10334,1
2019-08-13 15:22:45.941,10334,10335,10334,10
2019-08-13 15:22:51.238,10334,10335,10334,1
2019-08-13 15:22:54.050,10334,10335,10334,19
2019-08-13 15:22:54.054,10334,10335,10334,1
2019-08-13 15:22:54.146,10334,10335,10334,16
2019-08-13 15:23:07.222,10333,10334,10333,3
2019-08-13 15:23:21.782,10332,10333,10332,1
2019-08-13 15:23:22.155,10332,10333,10333,1
2019-08-13 15:23:22.985,10332,10333,10333,2
2019-08-13 15:23:23.221,10332,10333,10333,2
2019-08-13 15:23:27.634,10333,10334,10334,2
2019-08-13 15:23:35.982,10333,10334,10334,26
2019-08-13 15:23:36.054,10333,10334,10334,9
2019-08-13 15:23:42.385,10334,10335,10335,2
2019-08-13 15:23:44.400,10335,10336,10335,2
2019-08-13 15:23:51.977,10334,10335,10335,2
2019-08-13 15:23:52.350,10335,10336,10336,1
2019-08-13 15:24:03.176,10335,10336,10335,8
2019-08-13 15:24:13.101,10334,10335,10334,3
2019-08-13 15:24:15.466,10334,10335,10335,1
2019-08-13 15:24:15.617,10334,10335,10335,2
2019-08-13 15:24:16.322,10334,10335,10335,1
2019-08-13 15:24:16.322,10334,10335,10336,1
2019-08-13 15:24:17.154,10335,10336,10335,1
2019-08-13 15:24:17.481,10334,10336,10335,1
2019-08-13 15:24:20.015,10334,10335,10334,5
2019-08-13 15:24:22.406,10334,10335,10335,1
2019-08-13 15:24:24.076,10334,10335,10335,1
2019-08-13 15:24:27.139,10335,10336,10335,1
2019-08-13 15:24:29.741,10335,10336,10335,1
2019-08-13 15:24:32.440,10335,10336,10335,1
2019-08-13 15:24:35.560,10335,10336,10335,2
2019-08-13 15:24:35.615,10335,10336,10335,2
2019-08-13 15:24:40.293,10334,10335,10334,4
2019-08-13 15:24:40.356,10334,10335,10334,12
2019-08-13 15:24:40.429,10334,10335,10334,5
2019-08-13 15:24:40.631,10334,10335,10334,2
2019-08-13 15:24:42.565,10334,10335,10335,2
2019-08-13 15:24:43.751,10334,10335,10335,1
2019-08-13 15:24:49.245,10334,10335,10335,1
2019-08-13 15:24:56.905,10334,10335,10334,1
2019-08-13 15:25:17.311,10334,10335,10334,1
2019-08-13 15:25:17.429,10334,10335,10334,1
2019-08-13 15:25:17.555,10334,10335,10334,51
2019-08-13 15:25:17.804,10333,10334,10333,4
2019-08-13 15:25:17.804,10333,10334,10333,5
2019-08-13 15:25:23.182,10332,10333,10332,1
2019-08-13 15:25:24.728,10332,10333,10332,1
2019-08-13 15:25:25.663,10332,10333,10332,1
2019-08-13 15:25:28.377,10332,10333,10332,1
2019-08-13 15:25:28.805,10332,10333,10332,4
2019-08-13 15:25:30.510,10331,10332,10331,1
2019-08-13 15:25:32.813,10331,10332,10331,2
2019-08-13 15:25:33.650,10331,10332,10331,1
2019-08-13 15:25:33.656,10331,10332,10331,1
2019-08-13 15:25:33.753,10331,10332,10331,1
2019-08-13 15:25:33.962,10331,10332,10331,4
2019-08-13 15:25:37.843,10330,10331,10330,30
2019-08-13 15:25:38.179,10329,10330,10329,1
2019-08-13 15:25:38.345,10329,10330,10329,1
2019-08-13 15:25:38.835,10329,10330,10330,1
2019-08-13 15:25:38.900,10329,10330,10330,1
2019-08-13 15:25:39.543,10329,10330,10329,1
2019-08-13 15:25:43.053,10329,10330,10329,3
2019-08-13 15:25:43.331,10328,10329,10329,1
2019-08-13 15:25:48.643,10329,10330,10329,1
2019-08-13 15:25:51.659,10328,10329,10328,1
2019-08-13 15:25:54.869,10328,10329,10328,1
2019-08-13 15:25:55.628,10328,10329,10329,2
2019-08-13 15:25:56.059,10328,10329,10328,1
2019-08-13 15:25:56.403,10328,10329,10329,7
2019-08-13 15:25:57.551,10329,10330,10329,1
2019-08-13 15:26:01.813,10329,10330,10330,2
2019-08-13 15:26:02.877,10329,10330,10329,1
2019-08-13 15:26:02.932,10329,10330,10329,1
2019-08-13 15:26:05.220,10329,10330,10329,2
2019-08-13 15:26:05.960,10328,10329,10328,1
2019-08-13 15:26:06.178,10328,10329,10329,1
2019-08-13 15:26:06.543,10328,10329,10329,1
2019-08-13 15:26:12.151,10328,10329,10329,1
2019-08-13 15:26:16.996,10328,10329,10329,1
2019-08-13 15:26:21.351,10329,10330,10329,1
2019-08-13 15:26:29.894,10329,10330,10329,2
2019-08-13 15:26:33.038,10328,10329,10329,1
2019-08-13 15:26:43.288,10328,10329,10328,1
2019-08-13 15:26:45.764,10328,10329,10328,9
2019-08-13 15:26:45.804,10328,10329,10328,6
2019-08-13 15:26:46.496,10328,10329,10328,1
2019-08-13 15:26:46.613,10328,10329,10328,5
2019-08-13 15:26:46.679,10328,10329,10328,1
2019-08-13 15:27:00.669,10327,10328,10327,1
2019-08-13 15:27:04.597,10327,10328,10327,1
2019-08-13 15:27:06.059,10327,10328,10327,3
2019-08-13 15:27:06.724,10327,10328,10327,5
2019-08-13 15:27:08.031,10327,10328,10327,1
2019-08-13 15:27:09.320,10327,10328,10327,1
2019-08-13 15:27:09.361,10327,10328,10328,1
2019-08-13 15:27:10.047,10327,10328,10327,2
2019-08-13 15:27:10.152,10327,10328,10327,1
2019-08-13 15:27:12.386,10327,10328,10327,1
2019-08-13 15:27:13.697,10327,10328,10328,1
2019-08-13 15:27:14.569,10327,10328,10327,2
2019-08-13 15:27:20.115,10327,10328,10327,15
2019-08-13 15:27:20.311,10326,10327,10326,2
2019-08-13 15:27:20.438,10326,10327,10327,2
2019-08-13 15:27:20.551,10326,10327,10327,1
2019-08-13 15:27:20.680,10326,10327,10327,4
2019-08-13 15:27:21.149,10326,10327,10326,1
2019-08-13 15:27:21.733,10326,10327,10327,2
2019-08-13 15:27:23.563,10326,10327,10326,1
2019-08-13 15:27:24.422,10326,10327,10326,1
2019-08-13 15:27:25.044,10325,10326,10325,1
2019-08-13 15:27:25.088,10325,10326,10325,1
2019-08-13 15:27:26.113,10325,10326,10325,1
2019-08-13 15:27:28.064,10325,10326,10325,5
2019-08-13 15:27:28.657,10325,10326,10325,1
2019-08-13 15:27:32.406,10325,10326,10325,4
2019-08-13 15:27:33.860,10325,10326,10325,1
2019-08-13 15:27:34.617,10325,10326,10325,1
2019-08-13 15:27:35.899,10325,10326,10325,2
2019-08-13 15:27:35.997,10325,10326,10325,1
2019-08-13 15:27:37.209,10325,10326,10325,1
2019-08-13 15:27:37.677,10324,10325,10324,1
2019-08-13 15:27:38.710,10324,10325,10325,1
2019-08-13 15:27:38.928,10324,10325,10324,5
2019-08-13 15:27:39.800,10324,10325,10325,1
2019-08-13 15:27:42.240,10324,10325,10324,1
2019-08-13 15:27:43.293,10324,10325,10324,1
2019-08-13 15:27:45.179,10324,10325,10325,15
2019-08-13 15:27:48.679,10325,10326,10326,14
2019-08-13 15:27:48.790,10325,10326,10325,1
2019-08-13 15:27:50.896,10325,10327,10327,3
2019-08-13 15:27:51.678,10326,10327,10325,1
2019-08-13 15:27:52.970,10326,10327,10327,1
2019-08-13 15:27:57.048,10326,10327,10326,1
2019-08-13 15:28:00.493,10326,10327,10326,1
2019-08-13 15:28:01.925,10326,10327,10326,1
2019-08-13 15:28:02.870,10326,10327,10326,1
2019-08-13 15:28:06.354,10326,10327,10327,1
2019-08-13 15:28:06.482,10326,10327,10327,1
2019-08-13 15:28:07.626,10326,10327,10326,1
2019-08-13 15:28:09.398,10326,10327,10326,2
2019-08-13 15:28:16.212,10326,10327,10327,1
2019-08-13 15:28:16.215,10326,10327,10327,1
2019-08-13 15:28:16.216,10326,10327,10327,3
2019-08-13 15:28:16.216,10326,10327,10327,7
2019-08-13 15:28:16.241,10326,10327,10327,2
2019-08-13 15:28:16.243,10326,10327,10327,6
2019-08-13 15:28:16.243,10326,10327,10327,1
2019-08-13 15:28:16.451,10327,10328,10328,2
2019-08-13 15:28:20.595,10327,10328,10328,1
2019-08-13 15:28:34.916,10327,10328,10328,1
2019-08-13 15:28:35.675,10327,10328,10327,1
2019-08-13 15:28:40.539,10327,10328,10327,2
2019-08-13 15:28:43.204,10327,10328,10327,2
2019-08-13 15:28:57.122,10327,10328,10328,4
2019-08-13 15:28:58.167,10327,10328,10328,1
2019-08-13 15:28:58.168,10327,10328,10328,4
2019-08-13 15:28:58.168,10327,10328,10328,2
2019-08-13 15:28:58.709,10328,10329,10329,1
2019-08-13 15:29:01.175,10328,10329,10329,2
2019-08-13 15:29:08.093,10327,10328,10328,1
2019-08-13 15:29:18.385,10327,10328,10328,3
2019-08-13 15:29:30.737,10328,10329,10329,1
2019-08-13 15:29:36.345,10328,10329,10329,3
2019-08-13 15:29:37.432,10329,10330,10329,1
2019-08-13 15:29:40.103,10329,10330,10329,1
2019-08-13 15:29:43.321,10329,10330,10329,1
2019-08-13 15:29:51.454,10329,10330,10329,1
2019-08-13 15:29:53.766,10329,10330,10329,2
2019-08-13 15:29:57.234,10329,10330,10329,2
2019-08-13 15:29:59.776,10329,10330,10329,6
2019-08-13 15:30:01.073,10328,10329,10328,2
2019-08-13 15:30:01.075,10328,10329,10328,2
2019-08-13 15:30:01.281,10328,10329,10328,5
2019-08-13 15:30:02.069,10327,10329,10327,1
2019-08-13 15:30:02.180,10327,10329,10327,3
2019-08-13 15:30:02.556,10327,10328,10328,2
2019-08-13 15:30:02.557,10327,10328,10328,2
2019-08-13 15:30:02.817,10328,10329,10329,1
2019-08-13 15:30:11.970,10328,10329,10329,1
2019-08-13 15:30:11.970,10328,10329,10329,1
2019-08-13 15:30:17.742,10328,10329,10329,1
2019-08-13 15:30:18.276,10328,10329,10328,1
2019-08-13 15:30:24.304,10328,10329,10328,3
2019-08-13 15:30:25.805,10327,10328,10328,1
2019-08-13 15:30:31.452,10327,10328,10327,15
2019-08-13 15:30:31.554,10327,10328,10327,18
2019-08-13 15:30:32.285,10326,10327,10326,5
2019-08-13 15:30:33.182,10326,10327,10327,1
2019-08-13 15:30:34.222,10326,10327,10326,1
2019-08-13 15:30:36.572,10326,10327,10326,1
2019-08-13 15:30:39.190,10326,10327,10326,2
2019-08-13 15:30:41.006,10326,10327,10326,1
2019-08-13 15:30:42.381,10326,10327,10326,2
2019-08-13 15:30:45.865,10325,10326,10325,2
2019-08-13 15:30:47.455,10325,10326,10326,6
2019-08-13 15:30:54.236,10327,10328,10328,3
2019-08-13 15:30:54.860,10328,10329,10328,1
2019-08-13 15:30:58.106,10328,10329,10329,9
2019-08-13 15:31:01.310,10329,10330,10329,2
2019-08-13 15:31:06.001,10329,10330,10329,1
2019-08-13 15:31:08.082,10328,10329,10328,2
2019-08-13 15:31:08.671,10328,10329,10329,1
2019-08-13 15:31:08.671,10328,10329,10330,1
2019-08-13 15:31:08.720,10328,10330,10330,1
2019-08-13 15:31:14.854,10329,10330,10329,1
2019-08-13 15:31:15.421,10329,10330,10329,1
2019-08-13 15:31:15.421,10329,10330,10328,1
2019-08-13 15:31:20.742,10329,10330,10329,2
2019-08-13 15:31:26.179,10328,10329,10328,3
2019-08-13 15:31:28.099,10328,10329,10329,1
2019-08-13 15:31:29.644,10328,10329,10328,2
2019-08-13 15:31:34.765,10328,10329,10328,1
2019-08-13 15:31:35.799,10327,10329,10327,2
2019-08-13 15:31:41.679,10327,10328,10328,1
2019-08-13 15:31:45.396,10327,10328,10328,1
2019-08-13 15:31:47.319,10327,10328,10327,1
2019-08-13 15:31:48.234,10327,10328,10328,2
2019-08-13 15:32:02.205,10328,10329,10328,1
2019-08-13 15:32:03.689,10328,10329,10328,3
2019-08-13 15:32:03.689,10328,10329,10327,1
2019-08-13 15:32:07.389,10328,10329,10329,2
2019-08-13 15:32:13.439,10329,10330,10329,1
2019-08-13 15:32:15.971,10329,10330,10329,5
2019-08-13 15:32:18.098,10329,10330,10329,1
2019-08-13 15:32:20.319,10329,10330,10329,1
2019-08-13 15:32:25.303,10329,10330,10330,1
2019-08-13 15:32:25.709,10329,10330,10329,1
2019-08-13 15:32:35.169,10329,10330,10330,1
2019-08-13 15:32:35.179,10329,10330,10330,1
2019-08-13 15:32:35.179,10329,10330,10330,16
2019-08-13 15:32:35.304,10329,10330,10330,2
2019-08-13 15:32:35.304,10329,10330,10330,3
2019-08-13 15:32:35.304,10329,10330,10330,2
2019-08-13 15:32:35.304,10329,10330,10330,4
2019-08-13 15:32:35.305,10329,10330,10330,4
2019-08-13 15:32:35.326,10329,10330,10330,1
2019-08-13 15:32:35.326,10329,10330,10330,3
2019-08-13 15:32:35.329,10329,10330,10330,1
2019-08-13 15:32:37.121,10330,10331,10331,1
2019-08-13 15:32:37.658,10330,10331,10331,1
2019-08-13 15:32:39.123,10330,10331,10331,4
2019-08-13 15:32:43.230,10331,10332,10332,3
2019-08-13 15:32:43.779,10331,10332,10332,2
2019-08-13 15:32:48.661,10331,10332,10332,2
2019-08-13 15:32:48.661,10331,10332,10333,3
2019-08-13 15:32:48.698,10331,10332,10333,1
2019-08-13 15:32:49.371,10331,10332,10331,1
2019-08-13 15:32:49.399,10331,10332,10332,2
2019-08-13 15:32:49.544,10330,10332,10331,1
2019-08-13 15:32:50.999,10331,10332,10332,5
2019-08-13 15:32:51.945,10331,10332,10332,5
2019-08-13 15:32:53.879,10331,10332,10331,10
2019-08-13 15:32:54.400,10331,10332,10331,1
2019-08-13 15:32:55.927,10330,10331,10331,1
2019-08-13 15:32:58.031,10329,10331,10329,2
2019-08-13 15:33:06.129,10329,10330,10330,1
2019-08-13 15:33:07.929,10329,10330,10329,21
2019-08-13 15:33:08.406,10329,10330,10329,3
2019-08-13 15:33:08.541,10329,10330,10329,2
2019-08-13 15:33:08.554,10329,10330,10329,2
2019-08-13 15:33:08.679,10329,10330,10329,1
2019-08-13 15:33:10.484,10328,10329,10329,1
2019-08-13 15:33:15.480,10328,10329,10329,1
2019-08-13 15:33:23.991,10328,10329,10329,3
2019-08-13 15:33:24.540,10328,10329,10329,1
2019-08-13 15:33:27.462,10328,10329,10328,1
2019-08-13 15:33:40.508,10328,10329,10328,1
2019-08-13 15:33:41.534,10328,10329,10329,1
2019-08-13 15:33:43.140,10328,10329,10329,1
2019-08-13 15:33:44.356,10328,10329,10329,1
2019-08-13 15:33:48.165,10328,10329,10329,1
2019-08-13 15:33:49.109,10328,10329,10329,1
2019-08-13 15:33:49.929,10328,10329,10329,6
2019-08-13 15:34:01.177,10329,10330,10330,1
2019-08-13 15:34:04.220,10329,10330,10330,5
2019-08-13 15:34:04.304,10329,10330,10330,6
2019-08-13 15:34:04.919,10330,10331,10330,4
2019-08-13 15:34:08.005,10330,10331,10331,1
2019-08-13 15:34:10.957,10330,10331,10331,1
2019-08-13 15:34:13.185,10330,10331,10330,1
2019-08-13 15:34:13.260,10330,10331,10331,2
2019-08-13 15:34:14.413,10330,10331,10331,1
2019-08-13 15:34:22.906,10330,10331,10331,4
2019-08-13 15:34:24.372,10330,10331,10331,1
2019-08-13 15:34:25.034,10330,10331,10330,3
2019-08-13 15:34:25.054,10330,10331,10330,8
2019-08-13 15:34:25.375,10330,10331,10330,2
2019-08-13 15:34:25.433,10329,10330,10330,1
2019-08-13 15:34:26.348,10329,10330,10330,1
2019-08-13 15:34:31.405,10330,10331,10331,1
2019-08-13 15:34:32.930,10331,10332,10332,4
2019-08-13 15:34:32.977,10331,10332,10332,1
2019-08-13 15:34:33.068,10331,10333,10331,1
2019-08-13 15:34:43.281,10331,10332,10331,2
2019-08-13 15:34:47.698,10330,10331,10331,2
2019-08-13 15:34:48.163,10331,10332,10331,5
2019-08-13 15:35:07.571,10330,10331,10330,1
2019-08-13 15:35:07.571,10330,10331,10330,9
2019-08-13 15:35:07.571,10330,10331,10330,4
2019-08-13 15:35:07.900,10329,10330,10329,1
2019-08-13 15:35:08.027,10329,10330,10330,1
2019-08-13 15:35:09.338,10329,10330,10329,9
2019-08-13 15:35:09.391,10329,10330,10330,1
2019-08-13 15:35:09.429,10329,10330,10329,7
2019-08-13 15:35:18.648,10328,10329,10329,1
2019-08-13 15:35:29.865,10328,10329,10329,2
2019-08-13 15:35:43.361,10328,10329,10328,1
2019-08-13 15:35:43.362,10328,10329,10328,3
2019-08-13 15:35:43.362,10328,10329,10328,4
2019-08-13 15:35:43.362,10328,10329,10328,4
2019-08-13 15:35:43.363,10328,10329,10328,2
2019-08-13 15:35:43.363,10328,10329,10328,1
2019-08-13 15:35:43.455,10327,10328,10328,1
2019-08-13 15:35:43.478,10327,10328,10327,1
2019-08-13 15:35:43.545,10327,10328,10327,4
2019-08-13 15:35:43.757,10327,10328,10327,1
2019-08-13 15:35:43.777,10327,10328,10327,2
2019-08-13 15:35:43.791,10327,10328,10327,2
2019-08-13 15:35:43.804,10327,10328,10327,7
2019-08-13 15:35:43.808,10327,10328,10327,1
2019-08-13 15:35:43.830,10327,10328,10327,4
2019-08-13 15:35:43.854,10327,10328,10327,1
2019-08-13 15:35:43.929,10327,10328,10327,1
2019-08-13 15:35:46.032,10326,10327,10326,7
2019-08-13 15:35:52.841,10326,10327,10327,2
2019-08-13 15:35:53.646,10327,10328,10327,1
2019-08-13 15:35:54.008,10326,10327,10326,1
2019-08-13 15:36:02.507,10326,10327,10327,2
2019-08-13 15:36:04.661,10327,10328,10328,1
2019-08-13 15:36:04.791,10327,10329,10329,1
2019-08-13 15:36:07.452,10328,10329,10328,1
2019-08-13 15:36:10.066,10328,10329,10328,1
2019-08-13 15:36:10.322,10328,10329,10328,1
2019-08-13 15:36:12.575,10328,10329,10329,4
2019-08-13 15:36:12.724,10328,10329,10329,1
2019-08-13 15:36:14.925,10329,10330,10329,1
2019-08-13 15:36:25.424,10329,10330,10329,2
2019-08-13 15:36:26.431,10328,10330,10328,1
2019-08-13 15:36:40.874,10328,10329,10328,1
2019-08-13 15:36:43.461,10328,10329,10328,1
2019-08-13 15:36:47.423,10328,10329,10329,3
2019-08-13 15:36:50.482,10329,10330,10329,5
2019-08-13 15:36:53.759,10328,10329,10328,7
2019-08-13 15:36:53.770,10328,10329,10328,1
2019-08-13 15:36:53.770,10328,10329,10328,1
2019-08-13 15:36:53.771,10328,10329,10328,1
2019-08-13 15:36:55.262,10328,10329,10328,10
2019-08-13 15:37:00.713,10327,10328,10327,1
2019-08-13 15:37:02.176,10327,10328,10328,1
2019-08-13 15:37:03.563,10327,10329,10327,1
2019-08-13 15:37:08.730,10327,10328,10327,1
2019-08-13 15:37:10.190,10327,10328,10327,1
2019-08-13 15:37:17.802,10327,10328,10327,2
2019-08-13 15:37:17.803,10327,10328,10327,4
2019-08-13 15:37:17.955,10326,10328,10327,1
2019-08-13 15:37:18.106,10326,10327,10326,4
2019-08-13 15:37:19.868,10326,10327,10327,1
2019-08-13 15:37:22.065,10326,10327,10326,5
2019-08-13 15:37:22.808,10326,10327,10326,50
2019-08-13 15:37:22.929,10326,10327,10326,5
2019-08-13 15:37:22.929,10326,10327,10326,3
2019-08-13 15:37:23.057,10325,10326,10325,1
2019-08-13 15:37:29.126,10325,10326,10325,1
2019-08-13 15:37:29.126,10325,10326,10325,4
2019-08-13 15:37:29.179,10325,10326,10325,3
2019-08-13 15:37:29.535,10325,10326,10325,2
2019-08-13 15:37:30.522,10325,10326,10326,2
2019-08-13 15:37:30.564,10325,10326,10325,2
2019-08-13 15:37:31.468,10325,10326,10325,4
2019-08-13 15:37:32.171,10325,10326,10325,1
2019-08-13 15:37:33.078,10325,10326,10325,1
2019-08-13 15:37:35.793,10325,10326,10326,1
2019-08-13 15:37:37.330,10325,10326,10325,1
2019-08-13 15:37:38.192,10325,10326,10325,1
2019-08-13 15:37:43.436,10325,10326,10326,1
2019-08-13 15:37:51.537,10326,10327,10326,1
2019-08-13 15:38:02.215,10326,10327,10327,1
2019-08-13 15:38:02.670,10326,10327,10327,2
2019-08-13 15:38:02.671,10326,10327,10327,4
2019-08-13 15:38:07.086,10326,10327,10326,1
2019-08-13 15:38:12.846,10326,10327,10326,1
2019-08-13 15:38:15.614,10326,10327,10326,1
2019-08-13 15:38:20.877,10326,10327,10327,4
2019-08-13 15:38:30.300,10326,10327,10327,1
2019-08-13 15:38:30.703,10326,10327,10326,1
2019-08-13 15:38:31.472,10326,10327,10327,1
2019-08-13 15:38:32.182,10327,10328,10327,2
2019-08-13 15:38:33.912,10327,10328,10328,7
2019-08-13 15:38:34.745,10327,10328,10328,1
2019-08-13 15:38:36.985,10327,10328,10327,1
2019-08-13 15:38:41.325,10327,10328,10328,2
2019-08-13 15:38:41.326,10327,10328,10328,1
2019-08-13 15:38:42.652,10328,10329,10328,1
2019-08-13 15:38:44.674,10328,10329,10328,1
2019-08-13 15:38:46.028,10328,10329,10328,3
2019-08-13 15:38:47.207,10327,10328,10328,1
2019-08-13 15:38:49.657,10327,10328,10327,2
2019-08-13 15:38:54.093,10327,10328,10327,1
2019-08-13 15:38:56.512,10326,10327,10327,1
2019-08-13 15:38:56.513,10326,10327,10327,1
2019-08-13 15:38:56.513,10326,10327,10327,1
2019-08-13 15:38:56.513,10326,10327,10327,2
2019-08-13 15:39:00.211,10327,10328,10327,5
2019-08-13 15:39:00.722,10327,10328,10327,1
2019-08-13 15:39:04.826,10327,10328,10328,1
2019-08-13 15:39:05.321,10327,10328,10328,1
2019-08-13 15:39:08.863,10327,10328,10327,4
2019-08-13 15:39:17.556,10326,10327,10326,1
2019-08-13 15:39:17.567,10326,10327,10326,1
2019-08-13 15:39:17.582,10326,10327,10326,1
2019-08-13 15:39:17.630,10326,10327,10327,1
2019-08-13 15:39:17.679,10327,10328,10327,1
2019-08-13 15:39:20.316,10326,10327,10327,4
2019-08-13 15:39:20.316,10326,10327,10328,21
2019-08-13 15:39:32.274,10327,10328,10327,1
2019-08-13 15:39:38.860,10327,10328,10328,1
2019-08-13 15:39:38.860,10327,10328,10328,3
2019-08-13 15:39:42.227,10328,10329,10328,1
2019-08-13 15:39:43.244,10328,10329,10328,2
2019-08-13 15:39:45.466,10327,10329,10329,1
2019-08-13 15:39:50.166,10328,10329,10329,1
2019-08-13 15:39:50.753,10328,10329,10328,2
2019-08-13 15:40:43.179,10328,10329,10328,10
2019-08-13 15:40:45.751,10327,10328,10327,1
2019-08-13 15:40:48.568,10327,10328,10328,1
2019-08-13 15:40:48.589,10327,10328,10328,2
2019-08-13 15:40:59.933,10327,10328,10328,1
2019-08-13 15:41:05.755,10327,10328,10327,1
2019-08-13 15:41:07.228,10327,10328,10328,3
2019-08-13 15:41:11.041,10327,10328,10327,1
2019-08-13 15:41:11.086,10327,10328,10327,6
2019-08-13 15:41:11.086,10327,10328,10327,2
2019-08-13 15:41:17.167,10326,10327,10326,1
2019-08-13 15:41:17.585,10326,10327,10326,2
2019-08-13 15:41:17.761,10326,10327,10326,2
2019-08-13 15:41:18.655,10326,10327,10326,4
2019-08-13 15:41:31.716,10326,10327,10326,1
2019-08-13 15:41:32.634,10326,10327,10326,2
2019-08-13 15:41:32.671,10326,10327,10326,3
2019-08-13 15:41:32.805,10325,10326,10326,1
2019-08-13 15:41:35.336,10325,10326,10325,4
2019-08-13 15:41:39.885,10325,10326,10325,1
2019-08-13 15:41:42.955,10325,10326,10325,1
2019-08-13 15:41:44.199,10325,10326,10325,6
2019-08-13 15:41:44.199,10325,10326,10325,2
2019-08-13 15:41:44.199,10325,10326,10325,2
2019-08-13 15:41:44.200,10325,10326,10325,3
2019-08-13 15:41:44.200,10325,10326,10325,2
2019-08-13 15:41:44.201,10325,10326,10325,2
2019-08-13 15:41:44.201,10325,10326,10325,1
2019-08-13 15:41:44.201,10325,10326,10325,1
2019-08-13 15:41:44.201,10325,10326,10325,1
2019-08-13 15:41:46.827,10324,10325,10325,1
2019-08-13 15:41:48.576,10324,10325,10325,2
2019-08-13 15:41:48.992,10324,10325,10325,1
2019-08-13 15:41:49.054,10324,10325,10325,1
2019-08-13 15:41:49.805,10324,10325,10325,1
2019-08-13 15:41:52.428,10325,10326,10325,1
2019-08-13 15:41:52.429,10325,10326,10325,2
2019-08-13 15:42:02.034,10324,10325,10325,1
2019-08-13 15:42:09.425,10324,10325,10325,5
2019-08-13 15:42:09.429,10324,10325,10325,3
2019-08-13 15:42:14.494,10324,10325,10325,2
2019-08-13 15:42:15.609,10325,10326,10325,1
2019-08-13 15:42:16.304,10325,10326,10326,3
2019-08-13 15:42:17.297,10325,10327,10325,1
2019-08-13 15:42:19.307,10325,10327,10325,1
2019-08-13 15:42:25.434,10325,10326,10326,3
2019-08-13 15:42:25.434,10325,10326,10326,2
2019-08-13 15:42:25.634,10326,10327,10326,2
2019-08-13 15:42:36.158,10326,10327,10326,2
2019-08-13 15:42:54.352,10326,10327,10327,2
2019-08-13 15:42:54.379,10326,10327,10327,2
2019-08-13 15:42:54.396,10326,10327,10327,1
2019-08-13 15:42:54.406,10326,10327,10327,1
2019-08-13 15:42:54.429,10326,10327,10327,3
2019-08-13 15:43:04.061,10326,10327,10326,9
2019-08-13 15:43:04.778,10325,10326,10325,5
2019-08-13 15:43:05.058,10325,10326,10325,1
2019-08-13 15:43:05.059,10325,10326,10325,2
2019-08-13 15:43:05.292,10325,10326,10325,7
2019-08-13 15:43:05.337,10324,10326,10326,2
2019-08-13 15:43:05.602,10324,10326,10326,1
2019-08-13 15:43:19.039,10325,10326,10325,1
2019-08-13 15:43:26.676,10325,10327,10326,1
2019-08-13 15:43:27.620,10325,10326,10326,2
2019-08-13 15:43:28.072,10325,10326,10326,1
2019-08-13 15:43:32.987,10325,10326,10326,2
2019-08-13 15:43:34.581,10326,10327,10326,1
2019-08-13 15:43:43.907,10325,10327,10325,2
2019-08-13 15:44:08.610,10325,10326,10325,1
2019-08-13 15:44:22.466,10325,10326,10326,2
2019-08-13 15:44:33.557,10325,10326,10325,1
2019-08-13 15:44:49.267,10325,10326,10326,2
2019-08-13 15:44:58.436,10325,10326,10326,1
2019-08-13 15:45:00.824,10325,10326,10326,3
2019-08-13 15:45:00.826,10325,10326,10326,1
2019-08-13 15:45:03.701,10326,10327,10327,2
2019-08-13 15:45:03.748,10326,10327,10327,5
2019-08-13 15:45:03.748,10326,10327,10327,2
2019-08-13 15:45:03.976,10327,10328,10328,1
2019-08-13 15:45:04.054,10327,10328,10328,6
2019-08-13 15:45:04.054,10327,10328,10328,1
2019-08-13 15:45:04.806,10328,10329,10329,2
2019-08-13 15:45:05.253,10328,10329,10328,2
2019-08-13 15:45:05.254,10328,10329,10328,2
2019-08-13 15:45:05.255,10328,10329,10328,1
2019-08-13 15:45:08.156,10327,10329,10327,1
2019-08-13 15:45:09.072,10327,10328,10327,1
2019-08-13 15:45:18.950,10327,10328,10327,1
2019-08-13 15:45:28.781,10327,10328,10327,1
2019-08-13 15:45:44.080,10326,10327,10326,8
2019-08-13 15:45:45.223,10325,10326,10326,1
2019-08-13 15:45:46.726,10325,10326,10325,11
2019-08-13 15:46:00.773,10324,10325,10325,1
2019-08-13 15:46:01.536,10324,10325,10325,1
2019-08-13 15:46:03.088,10324,10325,10324,1
2019-08-13 15:46:03.088,10324,10325,10324,4
2019-08-13 15:46:03.090,10324,10325,10324,2
2019-08-13 15:46:03.090,10324,10325,10324,1
2019-08-13 15:46:03.090,10324,10325,10324,2
2019-08-13 15:46:03.179,10324,10325,10324,2
2019-08-13 15:46:03.202,10324,10325,10323,4
2019-08-13 15:46:03.347,10323,10324,10323,1
2019-08-13 15:46:03.579,10323,10324,10323,1
2019-08-13 15:46:05.195,10323,10324,10323,3
2019-08-13 15:46:05.807,10323,10324,10324,1
2019-08-13 15:46:11.229,10323,10324,10324,1
2019-08-13 15:46:18.078,10323,10324,10323,2
2019-08-13 15:46:18.512,10323,10324,10324,2
2019-08-13 15:46:19.666,10323,10324,10324,3
2019-08-13 15:46:19.804,10323,10324,10324,1
2019-08-13 15:46:21.004,10324,10325,10324,1
2019-08-13 15:46:21.593,10324,10325,10325,1
2019-08-13 15:46:21.852,10324,10325,10324,1
2019-08-13 15:46:30.035,10323,10324,10324,1
2019-08-13 15:46:30.035,10323,10324,10324,1
2019-08-13 15:46:42.317,10324,10325,10325,6
2019-08-13 15:46:47.254,10325,10326,10325,1
2019-08-13 15:46:48.847,10325,10326,10326,1
2019-08-13 15:46:53.929,10325,10326,10325,2
2019-08-13 15:46:56.892,10324,10325,10324,1
2019-08-13 15:46:56.934,10324,10325,10324,2
2019-08-13 15:46:59.819,10324,10325,10325,10
2019-08-13 15:47:00.514,10324,10325,10324,1
2019-08-13 15:47:02.109,10324,10325,10324,3
2019-08-13 15:47:02.110,10324,10325,10324,2
2019-08-13 15:47:02.110,10324,10325,10324,4
2019-08-13 15:47:02.367,10323,10324,10323,2
2019-08-13 15:47:02.393,10323,10324,10323,1
2019-08-13 15:47:02.764,10323,10324,10324,1
2019-08-13 15:47:03.407,10324,10325,10324,2
2019-08-13 15:47:03.420,10324,10325,10324,1
2019-08-13 15:47:04.371,10323,10325,10323,1
2019-08-13 15:47:05.358,10323,10325,10323,1
2019-08-13 15:47:09.219,10323,10324,10324,4
2019-08-13 15:47:11.323,10324,10325,10324,1
2019-08-13 15:47:13.180,10324,10325,10324,1
2019-08-13 15:47:19.910,10323,10324,10323,4
2019-08-13 15:47:19.929,10323,10324,10323,21
2019-08-13 15:47:20.054,10323,10324,10323,2
2019-08-13 15:47:20.809,10323,10324,10324,1
2019-08-13 15:47:24.548,10323,10324,10323,1
2019-08-13 15:47:24.644,10323,10324,10323,8
2019-08-13 15:47:27.332,10322,10323,10323,1
2019-08-13 15:47:29.099,10322,10323,10323,1
2019-08-13 15:47:31.219,10322,10324,10322,1
2019-08-13 15:47:31.407,10322,10324,10322,1
2019-08-13 15:47:34.137,10322,10324,10322,1
2019-08-13 15:47:41.669,10322,10323,10322,1
2019-08-13 15:47:45.928,10322,10323,10322,1
2019-08-13 15:47:48.672,10322,10323,10323,2
2019-08-13 15:47:49.487,10322,10323,10322,10
2019-08-13 15:47:49.802,10322,10323,10323,1
2019-08-13 15:47:52.008,10322,10323,10322,4
2019-08-13 15:47:52.427,10322,10323,10323,1
2019-08-13 15:47:52.709,10323,10324,10323,4
2019-08-13 15:47:56.337,10323,10324,10324,1
2019-08-13 15:48:00.066,10323,10324,10323,2
2019-08-13 15:48:02.767,10323,10324,10323,2
2019-08-13 15:48:03.396,10322,10323,10322,1
2019-08-13 15:48:03.428,10322,10323,10322,1
2019-08-13 15:48:03.937,10322,10323,10322,2
2019-08-13 15:48:06.384,10322,10323,10323,1
2019-08-13 15:48:07.207,10322,10323,10323,1
2019-08-13 15:48:07.669,10322,10323,10322,10
2019-08-13 15:48:08.635,10322,10323,10323,1
2019-08-13 15:48:09.535,10322,10323,10322,1
2019-08-13 15:48:14.096,10322,10323,10322,1
2019-08-13 15:48:18.305,10322,10323,10323,4
2019-08-13 15:48:18.835,10322,10324,10322,2
2019-08-13 15:48:19.567,10323,10324,10323,1
2019-08-13 15:48:19.799,10323,10324,10323,1
2019-08-13 15:48:20.275,10323,10324,10323,1
2019-08-13 15:48:21.428,10322,10323,10322,3
2019-08-13 15:48:21.569,10322,10323,10323,1
2019-08-13 15:48:21.611,10322,10323,10323,2
2019-08-13 15:48:25.286,10323,10324,10323,1
2019-08-13 15:48:38.472,10323,10324,10323,1
2019-08-13 15:48:39.931,10323,10324,10323,2
2019-08-13 15:48:41.450,10322,10323,10322,1
2019-08-13 15:48:41.467,10322,10323,10323,11
2019-08-13 15:48:46.168,10323,10324,10323,1
2019-08-13 15:48:53.811,10323,10324,10323,1
2019-08-13 15:48:54.008,10323,10324,10323,1
2019-08-13 15:48:56.149,10323,10324,10323,2
2019-08-13 15:48:58.152,10322,10324,10323,1
2019-08-13 15:49:03.378,10322,10323,10322,1
2019-08-13 15:49:07.897,10322,10323,10323,1
2019-08-13 15:49:10.224,10322,10324,10322,1
2019-08-13 15:49:14.625,10322,10323,10322,1
2019-08-13 15:49:19.254,10322,10323,10323,1
2019-08-13 15:49:19.374,10322,10324,10324,3
2019-08-13 15:49:21.101,10322,10324,10322,2
2019-08-13 15:49:39.292,10322,10323,10322,14
2019-08-13 15:49:42.544,10321,10322,10321,1
2019-08-13 15:49:42.576,10321,10322,10321,1
2019-08-13 15:49:42.807,10321,10322,10321,1
2019-08-13 15:49:43.713,10321,10322,10322,9
2019-08-13 15:49:48.156,10321,10322,10322,4
2019-08-13 15:49:48.511,10321,10322,10322,9
2019-08-13 15:49:48.512,10321,10322,10322,2
2019-08-13 15:49:48.554,10321,10322,10322,4
2019-08-13 15:49:48.554,10321,10322,10322,2
2019-08-13 15:49:48.555,10321,10322,10322,2
2019-08-13 15:49:48.564,10321,10322,10322,1
2019-08-13 15:49:48.564,10321,10322,10322,2
2019-08-13 15:49:48.564,10321,10322,10322,5
2019-08-13 15:49:48.566,10321,10322,10322,2
2019-08-13 15:49:48.582,10321,10322,10322,15
2019-08-13 15:49:48.585,10321,10322,10322,1
2019-08-13 15:49:48.585,10321,10322,10322,18
2019-08-13 15:49:48.670,10321,10322,10322,2
2019-08-13 15:49:48.671,10321,10322,10322,2
2019-08-13 15:49:48.673,10321,10322,10322,3
2019-08-13 15:49:48.679,10321,10322,10322,8
2019-08-13 15:49:49.077,10322,10323,10322,1
2019-08-13 15:49:50.069,10322,10323,10323,2
2019-08-13 15:49:51.387,10322,10323,10322,1
2019-08-13 15:49:52.820,10322,10323,10323,1
2019-08-13 15:49:54.422,10322,10323,10322,1
2019-08-13 15:49:57.658,10322,10323,10323,1
2019-08-13 15:50:03.542,10322,10323,10323,1
2019-08-13 15:50:08.212,10322,10323,10322,2
2019-08-13 15:50:11.746,10322,10323,10323,1
2019-08-13 15:50:22.437,10322,10323,10323,2
2019-08-13 15:50:22.649,10322,10323,10323,1
2019-08-13 15:50:44.955,10322,10323,10323,4
2019-08-13 15:50:44.955,10322,10323,10323,4
2019-08-13 15:50:45.054,10322,10323,10323,6
2019-08-13 15:50:51.111,10322,10323,10323,1
2019-08-13 15:50:52.237,10323,10324,10323,2
2019-08-13 15:50:52.512,10322,10323,10323,1
2019-08-13 15:50:52.662,10322,10323,10323,1
2019-08-13 15:51:02.892,10322,10323,10322,14
2019-08-13 15:51:02.929,10322,10323,10322,3
2019-08-13 15:51:03.114,10321,10323,10322,1
2019-08-13 15:51:03.743,10321,10322,10322,1
2019-08-13 15:51:07.900,10321,10322,10321,4
2019-08-13 15:51:19.392,10321,10322,10322,20
2019-08-13 15:51:20.945,10321,10322,10321,3
2019-08-13 15:51:20.986,10321,10322,10321,2
2019-08-13 15:51:27.003,10321,10322,10321,2
2019-08-13 15:51:27.841,10321,10322,10322,1
2019-08-13 15:51:38.275,10321,10322,10321,1
2019-08-13 15:51:38.275,10321,10322,10321,5
2019-08-13 15:51:38.279,10321,10322,10321,1
2019-08-13 15:51:38.279,10321,10322,10321,3
2019-08-13 15:51:38.281,10321,10322,10321,3
2019-08-13 15:51:38.299,10321,10322,10321,2
2019-08-13 15:51:38.304,10321,10322,10321,2
2019-08-13 15:51:38.304,10321,10322,10321,18
2019-08-13 15:51:38.304,10321,10322,10321,3
2019-08-13 15:51:38.304,10321,10322,10321,4
2019-08-13 15:51:38.304,10321,10322,10321,2
2019-08-13 15:51:38.858,10320,10321,10321,3
2019-08-13 15:51:40.357,10320,10321,10321,1
2019-08-13 15:51:44.511,10320,10321,10320,1
2019-08-13 15:51:44.597,10320,10321,10321,2
2019-08-13 15:51:44.608,10320,10321,10320,5
2019-08-13 15:51:44.822,10320,10321,10320,30
2019-08-13 15:51:45.657,10319,10320,10319,2
2019-08-13 15:51:45.792,10319,10320,10319,1
2019-08-13 15:51:45.830,10319,10320,10319,1
2019-08-13 15:51:45.859,10319,10320,10319,1
2019-08-13 15:51:46.135,10319,10320,10319,2
2019-08-13 15:51:46.998,10319,10320,10319,5
2019-08-13 15:51:48.061,10319,10320,10319,1
2019-08-13 15:51:52.620,10319,10320,10319,1
2019-08-13 15:51:52.792,10319,10320,10319,2
2019-08-13 15:51:53.530,10319,10320,10319,1
2019-08-13 15:51:53.855,10319,10320,10319,2
2019-08-13 15:51:54.345,10319,10320,10319,1
2019-08-13 15:51:55.558,10318,10319,10318,1
2019-08-13 15:51:55.711,10318,10319,10318,5
2019-08-13 15:51:56.423,10318,10319,10319,1
2019-08-13 15:52:04.098,10318,10319,10319,2
2019-08-13 15:52:04.668,10318,10319,10319,1
2019-08-13 15:52:05.419,10318,10319,10318,2
2019-08-13 15:52:06.285,10318,10319,10319,5
2019-08-13 15:52:07.978,10319,10320,10319,1
2019-08-13 15:52:10.867,10318,10319,10318,2
2019-08-13 15:52:11.725,10318,10319,10319,1
2019-08-13 15:52:12.286,10319,10320,10319,6
2019-08-13 15:52:15.032,10319,10320,10319,1
2019-08-13 15:52:15.204,10319,10320,10319,2
2019-08-13 15:52:17.997,10319,10320,10319,1
2019-08-13 15:52:18.193,10319,10320,10320,4
2019-08-13 15:52:18.194,10319,10320,10320,2
2019-08-13 15:52:18.194,10319,10320,10320,1
2019-08-13 15:52:18.198,10319,10320,10320,1
2019-08-13 15:52:19.729,10320,10321,10320,5
2019-08-13 15:52:20.187,10320,10321,10320,1
2019-08-13 15:52:20.759,10320,10321,10320,2
2019-08-13 15:52:21.196,10320,10321,10321,5
2019-08-13 15:52:21.771,10321,10322,10322,9
2019-08-13 15:52:24.084,10321,10322,10321,1
2019-08-13 15:52:32.291,10321,10322,10321,5
2019-08-13 15:52:33.563,10321,10322,10321,1
2019-08-13 15:52:37.097,10321,10322,10322,1
2019-08-13 15:52:43.342,10321,10322,10321,4
2019-08-13 15:52:43.342,10321,10322,10321,2
2019-08-13 15:52:43.344,10321,10322,10321,2
2019-08-13 15:52:46.791,10320,10322,10322,1
2019-08-13 15:52:49.945,10321,10322,10322,2
2019-08-13 15:52:52.886,10321,10322,10322,1
2019-08-13 15:52:54.163,10321,10322,10321,1
2019-08-13 15:53:00.042,10321,10322,10321,5
2019-08-13 15:53:03.221,10321,10322,10321,4
2019-08-13 15:53:08.134,10320,10321,10321,1
2019-08-13 15:53:08.378,10320,10321,10321,1
2019-08-13 15:53:09.278,10320,10321,10320,1
2019-08-13 15:53:09.451,10320,10321,10320,1
2019-08-13 15:53:09.564,10319,10321,10319,1
2019-08-13 15:53:09.584,10319,10321,10319,1
2019-08-13 15:53:17.700,10319,10320,10319,1
2019-08-13 15:53:19.534,10319,10320,10320,1
2019-08-13 15:53:19.781,10319,10320,10319,1
2019-08-13 15:53:21.711,10319,10320,10319,1
2019-08-13 15:53:25.832,10319,10320,10319,2
2019-08-13 15:53:26.818,10319,10320,10319,2
2019-08-13 15:53:29.228,10319,10320,10320,2
2019-08-13 15:53:29.399,10319,10320,10319,5
2019-08-13 15:53:32.103,10319,10320,10319,1
2019-08-13 15:53:33.311,10319,10320,10320,1
2019-08-13 15:53:33.600,10319,10320,10320,5
2019-08-13 15:53:35.303,10319,10320,10320,5
2019-08-13 15:53:39.588,10319,10320,10320,1
2019-08-13 15:53:40.200,10319,10320,10320,1
2019-08-13 15:53:41.284,10319,10321,10319,2
2019-08-13 15:53:47.780,10319,10320,10319,4
2019-08-13 15:53:47.804,10319,10320,10319,15
2019-08-13 15:53:47.929,10319,10320,10319,2
2019-08-13 15:53:53.040,10318,10319,10319,1
2019-08-13 15:53:55.670,10318,10319,10319,1
2019-08-13 15:53:59.014,10318,10319,10318,1
2019-08-13 15:54:00.748,10318,10319,10318,1
2019-08-13 15:54:00.748,10318,10319,10318,3
2019-08-13 15:54:00.812,10318,10319,10318,38
2019-08-13 15:54:01.407,10317,10318,10318,1
2019-08-13 15:54:01.630,10317,10318,10317,1
2019-08-13 15:54:01.731,10317,10318,10317,10
2019-08-13 15:54:01.732,10317,10318,10317,1
2019-08-13 15:54:01.883,10317,10318,10318,2
2019-08-13 15:54:01.902,10317,10318,10317,1
2019-08-13 15:54:01.943,10317,10318,10317,1
2019-08-13 15:54:02.014,10317,10318,10317,1
2019-08-13 15:54:02.255,10317,10318,10318,5
2019-08-13 15:54:02.462,10317,10318,10317,1
2019-08-13 15:54:03.526,10317,10318,10318,5
2019-08-13 15:54:03.599,10317,10318,10317,3
2019-08-13 15:54:03.967,10317,10318,10317,3
2019-08-13 15:54:04.930,10317,10318,10317,3
2019-08-13 15:54:08.349,10316,10317,10317,1
2019-08-13 15:54:09.569,10316,10317,10316,1
2019-08-13 15:54:09.569,10316,10317,10316,4
2019-08-13 15:54:09.591,10316,10317,10316,1
2019-08-13 15:54:09.722,10316,10317,10316,5
2019-08-13 15:54:11.147,10316,10317,10316,1
2019-08-13 15:54:12.103,10316,10317,10316,1
2019-08-13 15:54:13.918,10316,10317,10316,1
2019-08-13 15:54:15.646,10316,10317,10316,1
2019-08-13 15:54:15.650,10316,10317,10316,1
2019-08-13 15:54:16.954,10316,10317,10317,1
2019-08-13 15:54:17.641,10316,10317,10316,2
2019-08-13 15:54:19.829,10316,10317,10316,1
2019-08-13 15:54:21.889,10316,10317,10316,8
2019-08-13 15:54:22.204,10316,10317,10316,2
2019-08-13 15:54:22.663,10316,10317,10316,1
2019-08-13 15:54:23.122,10316,10317,10316,1
2019-08-13 15:54:23.399,10316,10317,10316,1
2019-08-13 15:54:24.153,10316,10317,10316,2
2019-08-13 15:54:24.499,10316,10317,10316,2
2019-08-13 15:54:25.194,10316,10317,10316,4
2019-08-13 15:54:25.194,10316,10317,10315,36
2019-08-13 15:54:26.289,10315,10316,10316,1
2019-08-13 15:54:26.657,10315,10316,10315,1
2019-08-13 15:54:28.279,10315,10316,10315,1
2019-08-13 15:54:28.375,10315,10316,10316,1
2019-08-13 15:54:28.656,10315,10316,10315,3
2019-08-13 15:54:30.862,10315,10316,10315,1
2019-08-13 15:54:31.453,10315,10316,10316,1
2019-08-13 15:54:31.511,10315,10316,10315,2
2019-08-13 15:54:32.704,10315,10316,10315,2
2019-08-13 15:54:32.793,10315,10316,10315,1
2019-08-13 15:54:33.694,10315,10316,10315,1
2019-08-13 15:54:33.783,10315,10316,10315,1
2019-08-13 15:54:34.633,10315,10316,10315,1
2019-08-13 15:54:34.711,10314,10316,10315,1
2019-08-13 15:54:35.768,10315,10316,10315,2
2019-08-13 15:54:36.224,10314,10316,10316,5
2019-08-13 15:54:36.761,10315,10316,10315,3
2019-08-13 15:54:39.392,10314,10315,10315,1
2019-08-13 15:54:43.161,10314,10315,10315,1
2019-08-13 15:54:43.179,10314,10315,10315,5
2019-08-13 15:54:43.425,10314,10316,10315,1
2019-08-13 15:54:44.010,10315,10316,10315,4
2019-08-13 15:54:44.524,10315,10316,10315,1
2019-08-13 15:54:46.202,10315,10316,10315,1
2019-08-13 15:54:46.313,10315,10316,10315,1
2019-08-13 15:54:47.075,10315,10316,10315,1
2019-08-13 15:54:48.692,10315,10316,10315,1
2019-08-13 15:54:51.147,10315,10316,10315,1
2019-08-13 15:54:53.344,10315,10316,10315,1
2019-08-13 15:54:54.489,10315,10316,10315,1
2019-08-13 15:54:54.518,10315,10316,10316,1
2019-08-13 15:54:54.532,10315,10316,10315,1
2019-08-13 15:54:54.736,10315,10316,10315,5
2019-08-13 15:54:55.008,10315,10316,10315,2
2019-08-13 15:54:56.551,10315,10316,10315,1
2019-08-13 15:54:56.551,10315,10316,10314,1
2019-08-13 15:54:56.681,10314,10315,10314,1
2019-08-13 15:54:56.831,10314,10315,10314,1
2019-08-13 15:54:57.060,10314,10315,10314,1
2019-08-13 15:54:57.625,10314,10315,10314,6
2019-08-13 15:54:58.480,10314,10315,10314,4
2019-08-13 15:54:59.481,10314,10315,10314,2
2019-08-13 15:55:00.175,10314,10315,10314,1
2019-08-13 15:55:00.831,10314,10315,10315,1
2019-08-13 15:55:00.978,10314,10315,10314,12
2019-08-13 15:55:00.979,10314,10315,10314,12
2019-08-13 15:55:01.057,10314,10315,10314,1
2019-08-13 15:55:02.598,10313,10315,10313,1
2019-08-13 15:55:02.697,10313,10315,10313,5
2019-08-13 15:55:02.728,10313,10315,10313,2
2019-08-13 15:55:02.803,10313,10315,10313,5
2019-08-13 15:55:02.816,10313,10315,10313,5
2019-08-13 15:55:02.819,10313,10315,10313,5
2019-08-13 15:55:02.866,10313,10315,10313,3
2019-08-13 15:55:02.971,10313,10315,10313,2
2019-08-13 15:55:03.006,10313,10315,10313,1
2019-08-13 15:55:03.056,10313,10314,10312,1
2019-08-13 15:55:03.169,10313,10314,10313,1
2019-08-13 15:55:03.181,10313,10314,10313,1
2019-08-13 15:55:03.266,10313,10314,10312,1
2019-08-13 15:55:03.307,10312,10313,10312,17
2019-08-13 15:55:03.314,10312,10313,10312,7
2019-08-13 15:55:03.316,10312,10313,10312,1
2019-08-13 15:55:03.320,10312,10313,10312,3
2019-08-13 15:55:03.351,10312,10313,10311,1
2019-08-13 15:55:03.362,10312,10313,10311,2
2019-08-13 15:55:03.398,10312,10313,10311,2
2019-08-13 15:55:03.398,10312,10313,10311,1
2019-08-13 15:55:03.398,10312,10313,10311,2
2019-08-13 15:55:03.416,10312,10313,10312,1
2019-08-13 15:55:03.434,10311,10312,10311,1
2019-08-13 15:55:03.436,10311,10312,10312,1
2019-08-13 15:55:03.625,10311,10312,10311,1
2019-08-13 15:55:03.902,10311,10312,10312,2
2019-08-13 15:55:03.995,10312,10313,10313,1
2019-08-13 15:55:04.166,10312,10313,10313,1
2019-08-13 15:55:04.661,10312,10313,10313,2
2019-08-13 15:55:04.661,10312,10313,10313,3
2019-08-13 15:55:04.883,10313,10314,10313,6
2019-08-13 15:55:05.642,10313,10315,10313,1
2019-08-13 15:55:06.254,10313,10314,10313,1
2019-08-13 15:55:06.302,10313,10314,10313,1
2019-08-13 15:55:07.676,10313,10314,10313,2
2019-08-13 15:55:07.682,10313,10314,10314,1
2019-08-13 15:55:08.564,10313,10314,10314,4
2019-08-13 15:55:09.418,10314,10315,10315,14
2019-08-13 15:55:09.429,10314,10315,10315,10
2019-08-13 15:55:09.554,10314,10315,10315,5
2019-08-13 15:55:09.554,10314,10315,10315,2
2019-08-13 15:55:09.554,10314,10315,10315,7
2019-08-13 15:55:09.679,10314,10315,10315,2
2019-08-13 15:55:09.804,10315,10316,10315,2
2019-08-13 15:55:09.919,10315,10316,10315,1
2019-08-13 15:55:10.823,10315,10316,10315,2
2019-08-13 15:55:11.535,10315,10316,10316,1
2019-08-13 15:55:12.130,10315,10316,10315,1
2019-08-13 15:55:12.427,10314,10315,10314,3
2019-08-13 15:55:12.960,10314,10316,10314,1
2019-08-13 15:55:16.158,10314,10315,10314,1
2019-08-13 15:55:18.090,10314,10315,10315,3
2019-08-13 15:55:19.956,10315,10316,10315,2
2019-08-13 15:55:21.276,10315,10316,10315,2
2019-08-13 15:55:22.858,10315,10316,10316,1
2019-08-13 15:55:23.320,10315,10316,10316,2
2019-08-13 15:55:23.534,10316,10317,10317,1
2019-08-13 15:55:23.672,10316,10317,10317,1
2019-08-13 15:55:23.929,10316,10317,10316,4
2019-08-13 15:55:27.095,10316,10317,10316,1
2019-08-13 15:55:32.334,10316,10317,10316,1
2019-08-13 15:55:33.683,10316,10317,10316,1
2019-08-13 15:55:37.704,10316,10317,10316,2
2019-08-13 15:55:38.899,10316,10317,10316,1
2019-08-13 15:55:41.310,10316,10317,10316,5
2019-08-13 15:55:41.441,10316,10317,10316,1
2019-08-13 15:55:43.730,10315,10316,10316,1
2019-08-13 15:55:43.730,10315,10316,10317,6
2019-08-13 15:55:43.946,10316,10317,10317,2
2019-08-13 15:55:44.165,10316,10317,10316,1
2019-08-13 15:55:44.656,10315,10317,10317,4
2019-08-13 15:55:45.648,10315,10317,10317,2
2019-08-13 15:55:48.015,10315,10317,10317,1
2019-08-13 15:55:50.297,10315,10317,10317,1
2019-08-13 15:55:51.259,10315,10317,10317,1
2019-08-13 15:55:52.920,10316,10317,10316,1
2019-08-13 15:55:57.607,10315,10316,10316,3
2019-08-13 15:55:57.926,10315,10316,10315,1
2019-08-13 15:56:00.707,10315,10316,10316,2
2019-08-13 15:56:01.212,10316,10317,10317,1
2019-08-13 15:56:01.336,10316,10317,10316,1
2019-08-13 15:56:02.254,10316,10317,10317,1
2019-08-13 15:56:04.557,10316,10317,10316,1
2019-08-13 15:56:04.855,10316,10317,10317,4
2019-08-13 15:56:05.785,10316,10317,10317,3
2019-08-13 15:56:06.616,10316,10317,10317,1
2019-08-13 15:56:06.996,10316,10317,10316,1
2019-08-13 15:56:07.413,10316,10317,10317,1
2019-08-13 15:56:07.870,10316,10317,10317,1
2019-08-13 15:56:10.933,10316,10317,10317,1
2019-08-13 15:56:12.426,10316,10317,10316,7
2019-08-13 15:56:14.465,10315,10316,10316,1
2019-08-13 15:56:20.106,10315,10316,10316,1
2019-08-13 15:56:23.133,10315,10316,10315,10
2019-08-13 15:56:27.685,10315,10316,10316,1
2019-08-13 15:56:30.507,10315,10316,10315,2
2019-08-13 15:56:32.089,10315,10316,10316,1
2019-08-13 15:56:36.858,10315,10316,10316,1
2019-08-13 15:56:37.786,10315,10316,10316,1
2019-08-13 15:56:38.459,10315,10316,10316,2
2019-08-13 15:56:38.459,10315,10316,10317,3
2019-08-13 15:56:43.609,10316,10317,10317,1
2019-08-13 15:56:44.932,10316,10317,10316,4
2019-08-13 15:56:54.725,10316,10317,10316,5
2019-08-13 15:56:56.729,10316,10317,10317,1
2019-08-13 15:56:57.245,10316,10317,10316,1
2019-08-13 15:57:00.031,10316,10317,10317,1
2019-08-13 15:57:00.211,10316,10317,10316,2
2019-08-13 15:57:00.239,10316,10317,10317,2
2019-08-13 15:57:09.976,10316,10317,10317,1
2019-08-13 15:57:11.410,10316,10317,10317,2
2019-08-13 15:57:13.902,10316,10317,10317,1
2019-08-13 15:57:15.103,10316,10317,10317,1
2019-08-13 15:57:16.519,10316,10317,10317,1
2019-08-13 15:57:18.427,10316,10317,10317,2
2019-08-13 15:57:19.582,10316,10317,10317,1
2019-08-13 15:57:20.381,10316,10317,10317,2
2019-08-13 15:57:20.382,10316,10317,10317,1
2019-08-13 15:57:20.382,10316,10317,10317,2
2019-08-13 15:57:21.990,10317,10318,10318,1
2019-08-13 15:57:21.993,10317,10318,10318,7
2019-08-13 15:57:22.054,10317,10318,10318,2
2019-08-13 15:57:22.087,10317,10318,10319,1
2019-08-13 15:57:22.281,10318,10319,10319,1
2019-08-13 15:57:22.476,10318,10319,10319,1
2019-08-13 15:57:23.119,10318,10319,10319,1
2019-08-13 15:57:24.317,10318,10319,10318,1
2019-08-13 15:57:25.572,10318,10319,10319,5
2019-08-13 15:57:28.548,10318,10319,10318,1
2019-08-13 15:57:29.070,10318,10319,10319,1
2019-08-13 15:57:30.230,10318,10319,10319,1
2019-08-13 15:57:32.626,10318,10319,10318,1
2019-08-13 15:57:32.808,10318,10319,10318,1
2019-08-13 15:57:38.487,10318,10319,10319,2
2019-08-13 15:57:38.554,10318,10319,10319,2
2019-08-13 15:57:39.039,10318,10320,10318,1
2019-08-13 15:57:39.971,10318,10320,10318,1
2019-08-13 15:57:43.270,10318,10319,10318,1
2019-08-13 15:57:44.949,10318,10319,10319,3
2019-08-13 15:57:45.513,10319,10320,10320,1
2019-08-13 15:57:45.589,10319,10320,10320,1
2019-08-13 15:57:45.817,10319,10320,10319,1
2019-08-13 15:57:46.052,10319,10320,10319,2
2019-08-13 15:57:49.677,10319,10320,10319,1
2019-08-13 15:57:50.499,10319,10320,10319,1
2019-08-13 15:57:58.420,10319,10320,10320,1
2019-08-13 15:58:00.940,10319,10320,10320,1
2019-08-13 15:58:01.796,10319,10320,10319,1
2019-08-13 15:58:02.846,10319,10320,10320,3
2019-08-13 15:58:04.473,10319,10320,10320,1
2019-08-13 15:58:05.732,10319,10320,10319,2
2019-08-13 15:58:06.180,10319,10320,10319,3
2019-08-13 15:58:06.930,10318,10319,10318,9
2019-08-13 15:58:09.750,10317,10318,10318,1
2019-08-13 15:58:12.883,10317,10318,10318,1
2019-08-13 15:58:13.220,10318,10319,10318,1
2019-08-13 15:58:16.447,10318,10319,10318,1
2019-08-13 15:58:18.022,10318,10319,10318,1
2019-08-13 15:58:28.082,10318,10319,10319,1
2019-08-13 15:58:35.890,10318,10319,10319,4
2019-08-13 15:58:35.890,10318,10319,10319,2
2019-08-13 15:58:35.891,10318,10319,10319,2
2019-08-13 15:58:35.891,10318,10319,10319,2
2019-08-13 15:58:35.891,10318,10319,10319,3
2019-08-13 15:58:40.131,10319,10320,10319,1
2019-08-13 15:58:43.399,10318,10320,10320,1
2019-08-13 15:58:44.757,10318,10320,10319,3
2019-08-13 15:58:48.336,10318,10319,10319,2
2019-08-13 15:59:12.198,10318,10319,10319,1
2019-08-13 15:59:27.741,10318,10319,10318,13
2019-08-13 15:59:27.804,10318,10319,10318,3
2019-08-13 15:59:27.804,10318,10319,10318,7
2019-08-13 15:59:28.005,10317,10318,10318,1
2019-08-13 15:59:28.989,10317,10318,10318,1
2019-08-13 15:59:29.084,10317,10318,10318,1
2019-08-13 15:59:30.023,10318,10319,10319,1
2019-08-13 15:59:37.984,10318,10319,10319,2
2019-08-13 15:59:37.984,10318,10319,10319,4
2019-08-13 15:59:37.984,10318,10319,10319,2
2019-08-13 15:59:39.180,10319,10320,10319,1
2019-08-13 15:59:48.188,10319,10320,10320,5
2019-08-13 16:00:00.422,10319,10320,10320,10
2019-08-13 16:00:00.613,10320,10321,10320,1
2019-08-13 16:00:00.722,10320,10321,10321,1
2019-08-13 16:00:00.722,10320,10321,10321,1
2019-08-13 16:00:00.790,10320,10321,10321,1
2019-08-13 16:00:00.822,10320,10321,10321,2
2019-08-13 16:00:00.822,10320,10321,10321,9
2019-08-13 16:00:00.822,10320,10321,10321,1
2019-08-13 16:00:00.843,10320,10321,10322,2
2019-08-13 16:00:00.929,10321,10322,10322,22
2019-08-13 16:00:01.004,10321,10322,10322,1
2019-08-13 16:00:01.071,10321,10322,10322,1
2019-08-13 16:00:01.179,10322,10323,10322,1
2019-08-13 16:00:01.730,10321,10322,10321,1
2019-08-13 16:00:02.619,10321,10322,10321,1
2019-08-13 16:00:03.772,10321,10322,10322,3
2019-08-13 16:00:03.772,10321,10322,10322,1
2019-08-13 16:00:05.084,10322,10323,10322,1
2019-08-13 16:00:05.881,10322,10323,10322,1
2019-08-13 16:00:07.122,10322,10323,10321,1
2019-08-13 16:00:07.181,10321,10323,10321,1
2019-08-13 16:00:08.567,10322,10323,10323,1
2019-08-13 16:00:08.568,10322,10323,10323,1
2019-08-13 16:00:08.568,10322,10323,10323,1
2019-08-13 16:00:08.644,10322,10323,10323,2
2019-08-13 16:00:08.645,10322,10323,10323,4
2019-08-13 16:00:08.679,10322,10323,10323,3
2019-08-13 16:00:08.679,10322,10323,10323,4
2019-08-13 16:00:08.813,10323,10324,10324,2
2019-08-13 16:00:08.866,10323,10324,10324,1
2019-08-13 16:00:08.869,10323,10324,10324,4
2019-08-13 16:00:08.870,10323,10324,10324,10
2019-08-13 16:00:08.872,10323,10324,10324,1
2019-08-13 16:00:08.929,10323,10324,10324,4
2019-08-13 16:00:08.930,10323,10324,10324,2
2019-08-13 16:00:09.186,10324,10325,10324,3
2019-08-13 16:00:09.193,10324,10325,10325,2
2019-08-13 16:00:09.367,10324,10325,10325,4
2019-08-13 16:00:09.392,10324,10325,10325,1
2019-08-13 16:00:09.558,10324,10325,10325,1
2019-08-13 16:00:09.659,10324,10325,10325,1
2019-08-13 16:00:09.898,10324,10325,10325,1
2019-08-13 16:00:10.319,10324,10325,10325,1
2019-08-13 16:00:13.091,10323,10324,10324,1
2019-08-13 16:00:13.158,10323,10324,10324,1
2019-08-13 16:00:14.154,10323,10324,10323,10
2019-08-13 16:00:16.118,10322,10323,10323,2
2019-08-13 16:00:18.376,10322,10323,10323,1
2019-08-13 16:00:19.337,10322,10324,10324,1
2019-08-13 16:00:21.561,10323,10324,10323,1
2019-08-13 16:00:23.557,10323,10324,10323,1
2019-08-13 16:00:23.733,10323,10324,10323,1
2019-08-13 16:00:24.289,10322,10323,10323,1
2019-08-13 16:00:28.848,10322,10323,10323,1
2019-08-13 16:00:31.851,10322,10323,10323,1
2019-08-13 16:00:31.925,10322,10323,10323,3
2019-08-13 16:00:35.578,10322,10323,10322,1
2019-08-13 16:00:48.445,10322,10323,10322,1
2019-08-13 16:00:50.097,10322,10323,10322,14
2019-08-13 16:00:52.033,10321,10322,10321,7
2019-08-13 16:00:55.337,10320,10321,10321,1
2019-08-13 16:00:57.014,10320,10321,10321,1
2019-08-13 16:00:57.371,10321,10322,10321,1
2019-08-13 16:00:57.504,10321,10322,10321,1
2019-08-13 16:01:00.124,10321,10322,10322,1
2019-08-13 16:01:01.045,10321,10323,10321,2
2019-08-13 16:01:05.201,10322,10323,10323,10
2019-08-13 16:01:09.130,10322,10323,10323,4
2019-08-13 16:01:13.779,10322,10323,10323,1
2019-08-13 16:01:16.938,10322,10323,10323,1
2019-08-13 16:01:17.301,10322,10323,10323,1
2019-08-13 16:01:19.679,10322,10323,10322,3
2019-08-13 16:01:19.804,10322,10323,10322,5
2019-08-13 16:01:19.994,10321,10323,10323,1
2019-08-13 16:01:23.196,10321,10323,10323,2
2019-08-13 16:01:25.115,10322,10323,10323,1
2019-08-13 16:01:25.770,10322,10323,10322,1
2019-08-13 16:01:30.893,10321,10323,10323,1
2019-08-13 16:01:31.368,10322,10323,10323,1
2019-08-13 16:01:41.343,10322,10323,10323,1
2019-08-13 16:01:46.361,10322,10323,10322,1
2019-08-13 16:01:46.875,10322,10323,10322,1
2019-08-13 16:01:58.090,10322,10323,10323,1
2019-08-13 16:02:00.188,10322,10323,10323,2
2019-08-13 16:02:02.254,10322,10323,10323,6
2019-08-13 16:02:07.765,10322,10323,10323,1
2019-08-13 16:02:20.013,10322,10323,10323,2
2019-08-13 16:02:20.657,10322,10323,10323,1
2019-08-13 16:02:22.132,10322,10323,10323,1
2019-08-13 16:02:24.753,10323,10324,10323,1
2019-08-13 16:02:25.930,10323,10324,10323,2
2019-08-13 16:02:26.658,10322,10323,10322,2
2019-08-13 16:02:30.413,10322,10323,10323,1
2019-08-13 16:02:30.483,10323,10324,10324,10
2019-08-13 16:02:30.554,10323,10324,10324,19
2019-08-13 16:02:30.592,10323,10324,10324,1
2019-08-13 16:02:31.091,10323,10324,10324,1
2019-08-13 16:02:31.124,10323,10324,10324,1
2019-08-13 16:02:33.069,10323,10324,10323,1
2019-08-13 16:02:35.941,10323,10324,10324,1
2019-08-13 16:02:37.651,10323,10324,10324,1
2019-08-13 16:02:44.706,10323,10324,10324,1
2019-08-13 16:02:52.067,10323,10324,10324,1
2019-08-13 16:02:58.006,10323,10324,10323,1
2019-08-13 16:03:01.240,10323,10324,10324,6
2019-08-13 16:03:02.364,10323,10324,10324,5
2019-08-13 16:03:07.124,10323,10324,10323,6
2019-08-13 16:03:08.679,10322,10323,10322,15
2019-08-13 16:03:09.055,10321,10322,10322,2
2019-08-13 16:03:10.071,10321,10322,10322,19
2019-08-13 16:03:10.071,10321,10322,10323,1
2019-08-13 16:03:11.145,10321,10323,10321,1
2019-08-13 16:03:14.405,10322,10323,10322,1
2019-08-13 16:03:14.433,10322,10323,10322,1
2019-08-13 16:03:14.702,10322,10323,10322,1
2019-08-13 16:03:18.858,10321,10323,10321,19
2019-08-13 16:03:21.015,10321,10322,10321,1
2019-08-13 16:03:24.692,10321,10322,10321,3
2019-08-13 16:03:26.395,10321,10322,10321,9
2019-08-13 16:03:32.330,10321,10322,10321,3
2019-08-13 16:03:42.729,10320,10321,10321,1
2019-08-13 16:03:55.539,10320,10321,10321,8
2019-08-13 16:03:55.539,10320,10321,10321,7
2019-08-13 16:03:58.693,10320,10321,10321,3
2019-08-13 16:04:12.797,10320,10321,10321,2
2019-08-13 16:04:13.508,10320,10321,10321,1
2019-08-13 16:04:28.792,10320,10321,10321,1
2019-08-13 16:04:36.514,10320,10321,10320,1
2019-08-13 16:04:45.201,10320,10321,10320,1
2019-08-13 16:04:47.561,10320,10321,10320,12
2019-08-13 16:04:47.572,10320,10321,10320,5
2019-08-13 16:04:47.931,10319,10320,10319,3
