2022-11-16 15:00:00,14515,14515,14515,138,0
2022-11-16 15:00:00,14514,14514,14514,2,-2
2022-11-16 15:00:00,14514,14514,14514,10,0
2022-11-16 15:00:00,14515,14515,14515,10,10
2022-11-16 15:00:00,14514,14514,14514,2,-2
2022-11-16 15:00:00,14514,14514,14514,2,0
2022-11-16 15:00:00,14515,14515,14515,12,12
2022-11-16 15:00:00,14513,14513,14513,2,-2
2022-11-16 15:00:00,14516,14516,14516,4,4
2022-11-16 15:00:00,14514,14514,14514,2,-2
2022-11-16 15:00:00,14513,14513,14513,2,-2
2022-11-16 15:00:00,14513,14513,14513,4,0
2022-11-16 15:00:00,14513,14513,14513,4,0
2022-11-16 15:00:00,14516,14516,14516,2,2
2022-11-16 15:00:00,14513,14513,14513,4,-4
2022-11-16 15:00:00,14513,14513,14513,4,0
2022-11-16 15:00:00,14516,14516,14516,6,6
2022-11-16 15:00:00,14514,14514,14514,2,-2
2022-11-16 15:00:00,14514,14514,14514,2,0
2022-11-16 15:00:00,14514,14514,14514,2,0
2022-11-16 15:00:00,14513,14513,14513,2,-2
2022-11-16 15:00:00,14515,14515,14515,8,8
2022-11-16 15:00:00,14516,14516,14516,10,10
2022-11-16 15:00:00,14517,14517,14517,2,2
2022-11-16 15:00:01,14517,14517,14517,2,0
2022-11-16 15:00:01,14516,14516,14516,2,-2
2022-11-16 15:00:01,14515,14515,14515,4,-4
2022-11-16 15:00:01,14515,14515,14515,4,0
2022-11-16 15:00:01,14515,14515,14515,4,0
2022-11-16 15:00:01,14515,14515,14515,2,0
2022-11-16 15:00:01,14515,14515,14515,4,0
2022-11-16 15:00:01,14515,14515,14515,4,0
2022-11-16 15:00:02,14515,14515,14515,2,0
2022-11-16 15:00:02,14516,14516,14516,2,2
2022-11-16 15:00:02,14517,14517,14517,4,4
2022-11-16 15:00:02,14516,14516,14516,4,-4
2022-11-16 15:00:03,14517,14517,14517,10,10
2022-11-16 15:00:03,14516,14516,14516,6,-6
2022-11-16 15:00:03,14517,14517,14517,4,4
2022-11-16 15:00:03,14516,14516,14516,2,-2
2022-11-16 15:00:03,14515,14515,14515,4,-4
2022-11-16 15:00:03,14517,14517,14517,4,4
2022-11-16 15:00:03,14517,14517,14517,6,0
2022-11-16 15:00:03,14515,14515,14515,2,-2
2022-11-16 15:00:04,14517,14517,14517,2,2
2022-11-16 15:00:04,14518,14518,14518,2,2
2022-11-16 15:00:04,14515,14515,14515,2,-2
2022-11-16 15:00:04,14515,14515,14515,2,0
2022-11-16 15:00:05,14517,14517,14517,2,2
2022-11-16 15:00:05,14518,14518,14518,2,2
2022-11-16 15:00:05,14518,14518,14518,2,0
2022-11-16 15:00:05,14516,14516,14516,2,-2
2022-11-16 15:00:05,14518,14518,14518,2,2
2022-11-16 15:00:06,14516,14516,14516,2,-2
2022-11-16 15:00:07,14518,14518,14518,2,2
2022-11-16 15:00:07,14518,14518,14518,2,0
2022-11-16 15:00:08,14517,14517,14517,2,-2
2022-11-16 15:00:08,14517,14517,14517,4,0
2022-11-16 15:00:08,14519,14519,14519,2,2
2022-11-16 15:00:09,14517,14517,14517,2,-2
2022-11-16 15:00:09,14518,14518,14518,2,2
2022-11-16 15:00:09,14519,14519,14519,14,14
2022-11-16 15:00:09,14520,14520,14520,42,42
2022-11-16 15:00:09,14521,14521,14521,4,4
2022-11-16 15:00:10,14523,14523,14523,8,8
2022-11-16 15:00:11,14523,14523,14523,2,0
2022-11-16 15:00:11,14521,14521,14521,2,-2
2022-11-16 15:00:11,14521,14521,14521,2,0
2022-11-16 15:00:11,14520,14520,14520,2,-2
2022-11-16 15:00:11,14520,14520,14520,2,0
2022-11-16 15:00:11,14520,14520,14520,2,0
2022-11-16 15:00:11,14520,14520,14520,2,0
2022-11-16 15:00:11,14520,14520,14520,6,0
2022-11-16 15:00:11,14520,14520,14520,2,0
2022-11-16 15:00:11,14521,14521,14521,2,2
2022-11-16 15:00:11,14522,14522,14522,2,2
2022-11-16 15:00:11,14519,14519,14519,4,-4
2022-11-16 15:00:11,14519,14519,14519,2,0
2022-11-16 15:00:11,14519,14519,14519,2,0
2022-11-16 15:00:11,14519,14519,14519,2,0
2022-11-16 15:00:11,14519,14519,14519,10,0
2022-11-16 15:00:11,14521,14521,14521,2,2
2022-11-16 15:00:12,14518,14518,14518,2,-2
2022-11-16 15:00:12,14518,14518,14518,2,0
2022-11-16 15:00:12,14518,14518,14518,2,0
2022-11-16 15:00:14,14518,14518,14518,2,0
2022-11-16 15:00:14,14518,14518,14518,2,0
2022-11-16 15:00:14,14518,14518,14518,2,0
2022-11-16 15:00:14,14519,14519,14519,2,2
2022-11-16 15:00:14,14517,14517,14517,2,-2
2022-11-16 15:00:14,14517,14517,14517,2,0
2022-11-16 15:00:14,14517,14517,14517,2,0
2022-11-16 15:00:14,14517,14517,14517,2,0
2022-11-16 15:00:14,14517,14517,14517,2,0
2022-11-16 15:00:15,14517,14517,14517,2,0
2022-11-16 15:00:15,14516,14516,14516,2,-2
2022-11-16 15:00:16,14517,14517,14517,2,2
2022-11-16 15:00:16,14518,14518,14518,2,2
2022-11-16 15:00:17,14516,14516,14516,2,-2
2022-11-16 15:00:18,14517,14517,14517,2,2
2022-11-16 15:00:18,14517,14517,14517,2,0
2022-11-16 15:00:19,14516,14516,14516,10,-10
2022-11-16 15:00:19,14515,14515,14515,2,-2
2022-11-16 15:00:19,14516,14516,14516,2,2
2022-11-16 15:00:19,14515,14515,14515,28,-28
2022-11-16 15:00:19,14515,14515,14515,2,0
2022-11-16 15:00:20,14515,14515,14515,2,0
2022-11-16 15:00:20,14515,14515,14515,2,0
2022-11-16 15:00:20,14515,14515,14515,6,0
2022-11-16 15:00:20,14515,14515,14515,2,0
2022-11-16 15:00:20,14515,14515,14515,2,0
2022-11-16 15:00:20,14515,14515,14515,4,0
2022-11-16 15:00:20,14515,14515,14515,2,0
2022-11-16 15:00:20,14515,14515,14515,2,0
2022-11-16 15:00:20,14515,14515,14515,12,0
2022-11-16 15:00:20,14515,14515,14515,2,0
2022-11-16 15:00:20,14514,14514,14514,10,-10
2022-11-16 15:00:20,14514,14514,14514,2,0
2022-11-16 15:00:20,14514,14514,14514,2,0
2022-11-16 15:00:20,14515,14515,14515,6,6
2022-11-16 15:00:20,14516,14516,14516,6,6
2022-11-16 15:00:20,14516,14516,14516,8,0
2022-11-16 15:00:20,14515,14515,14515,4,-4
2022-11-16 15:00:20,14516,14516,14516,2,2
2022-11-16 15:00:21,14516,14516,14516,10,0
2022-11-16 15:00:21,14516,14516,14516,2,0
2022-11-16 15:00:21,14517,14517,14517,2,2
2022-11-16 15:00:21,14515,14515,14515,2,-2
2022-11-16 15:00:22,14517,14517,14517,2,2
2022-11-16 15:00:22,14517,14517,14517,4,0
2022-11-16 15:00:22,14514,14514,14514,2,-2
2022-11-16 15:00:23,14515,14515,14515,2,2
2022-11-16 15:00:23,14515,14515,14515,2,0
2022-11-16 15:00:23,14514,14514,14514,2,-2
2022-11-16 15:00:23,14516,14516,14516,2,2
2022-11-16 15:00:23,14514,14514,14514,2,-2
2022-11-16 15:00:23,14513,14513,14513,2,-2
2022-11-16 15:00:25,14516,14516,14516,2,2
2022-11-16 15:00:26,14515,14515,14515,2,-2
2022-11-16 15:00:26,14516,14516,14516,4,4
2022-11-16 15:00:26,14516,14516,14516,2,0
2022-11-16 15:00:27,14516,14516,14516,2,0
2022-11-16 15:00:28,14515,14515,14515,2,-2
2022-11-16 15:00:28,14515,14515,14515,2,0
2022-11-16 15:00:29,14516,14516,14516,2,2
2022-11-16 15:00:29,14516,14516,14516,6,0
2022-11-16 15:00:29,14515,14515,14515,2,-2
2022-11-16 15:00:29,14515,14515,14515,2,0
2022-11-16 15:00:29,14515,14515,14515,2,0
2022-11-16 15:00:30,14515,14515,14515,2,0
2022-11-16 15:00:30,14516,14516,14516,2,2
2022-11-16 15:00:30,14515,14515,14515,2,-2
2022-11-16 15:00:30,14515,14515,14515,2,0
2022-11-16 15:00:30,14515,14515,14515,2,0
2022-11-16 15:00:31,14515,14515,14515,2,0
2022-11-16 15:00:31,14514,14514,14514,2,-2
2022-11-16 15:00:31,14515,14515,14515,2,2
2022-11-16 15:00:31,14515,14515,14515,6,0
2022-11-16 15:00:33,14515,14515,14515,2,0
2022-11-16 15:00:34,14514,14514,14514,2,-2
2022-11-16 15:00:34,14514,14514,14514,2,0
2022-11-16 15:00:34,14514,14514,14514,2,0
2022-11-16 15:00:34,14514,14514,14514,2,0
2022-11-16 15:00:34,14514,14514,14514,2,0
2022-11-16 15:00:34,14516,14516,14516,2,2
2022-11-16 15:00:35,14516,14516,14516,8,0
2022-11-16 15:00:35,14516,14516,14516,2,0
2022-11-16 15:00:36,14516,14516,14516,2,0
2022-11-16 15:00:36,14515,14515,14515,2,-2
2022-11-16 15:00:37,14516,14516,14516,2,2
2022-11-16 15:00:38,14515,14515,14515,2,-2
2022-11-16 15:00:38,14516,14516,14516,2,2
2022-11-16 15:00:38,14516,14516,14516,2,0
2022-11-16 15:00:39,14517,14517,14517,12,12
2022-11-16 15:00:40,14517,14517,14517,2,0
2022-11-16 15:00:40,14518,14518,14518,24,24
2022-11-16 15:00:41,14519,14519,14519,2,2
2022-11-16 15:00:43,14518,14518,14518,2,-2
2022-11-16 15:00:43,14518,14518,14518,2,0
2022-11-16 15:00:43,14518,14518,14518,2,0
2022-11-16 15:00:44,14520,14520,14520,4,4
2022-11-16 15:00:44,14520,14520,14520,10,0
2022-11-16 15:00:45,14520,14520,14520,2,0
2022-11-16 15:00:46,14519,14519,14519,2,-2
2022-11-16 15:00:46,14520,14520,14520,2,2
2022-11-16 15:00:47,14518,14518,14518,2,-2
2022-11-16 15:00:47,14518,14518,14518,2,0
2022-11-16 15:00:47,14518,14518,14518,2,0
2022-11-16 15:00:47,14518,14518,14518,2,0
2022-11-16 15:00:47,14518,14518,14518,2,0
2022-11-16 15:00:47,14518,14518,14518,6,0
2022-11-16 15:00:47,14518,14518,14518,2,0
2022-11-16 15:00:47,14518,14518,14518,2,0
2022-11-16 15:00:47,14517,14517,14517,2,-2
2022-11-16 15:00:47,14517,14517,14517,2,0
2022-11-16 15:00:47,14517,14517,14517,2,0
2022-11-16 15:00:47,14517,14517,14517,2,0
2022-11-16 15:00:47,14517,14517,14517,6,0
2022-11-16 15:00:47,14517,14517,14517,2,0
2022-11-16 15:00:47,14517,14517,14517,2,0
2022-11-16 15:00:47,14517,14517,14517,2,0
2022-11-16 15:00:47,14518,14518,14518,2,2
2022-11-16 15:00:47,14519,14519,14519,2,2
2022-11-16 15:00:48,14519,14519,14519,2,0
2022-11-16 15:00:48,14519,14519,14519,4,0
2022-11-16 15:00:49,14520,14520,14520,2,2
2022-11-16 15:00:50,14519,14519,14519,4,-4
2022-11-16 15:00:51,14519,14519,14519,2,0
2022-11-16 15:00:52,14520,14520,14520,8,8
2022-11-16 15:00:52,14520,14520,14520,2,0
2022-11-16 15:00:52,14520,14520,14520,38,0
2022-11-16 15:00:52,14521,14521,14521,2,2
2022-11-16 15:00:52,14521,14521,14521,10,0
2022-11-16 15:00:52,14520,14520,14520,2,-2
2022-11-16 15:00:53,14520,14520,14520,2,0
2022-11-16 15:00:53,14520,14520,14520,2,0
2022-11-16 15:00:53,14520,14520,14520,2,0
2022-11-16 15:00:53,14519,14519,14519,2,-2
2022-11-16 15:00:53,14519,14519,14519,2,0
2022-11-16 15:00:53,14519,14519,14519,2,0
2022-11-16 15:00:54,14518,14518,14518,2,-2
2022-11-16 15:00:54,14518,14518,14518,2,0
2022-11-16 15:00:54,14518,14518,14518,2,0
2022-11-16 15:00:54,14519,14519,14519,2,2
2022-11-16 15:00:54,14519,14519,14519,2,0
2022-11-16 15:00:56,14519,14519,14519,2,0
2022-11-16 15:00:56,14519,14519,14519,4,0
2022-11-16 15:00:56,14519,14519,14519,2,0
2022-11-16 15:00:56,14519,14519,14519,2,0
2022-11-16 15:00:58,14519,14519,14519,4,0
2022-11-16 15:00:59,14519,14519,14519,2,0
2022-11-16 15:01:00,14518,14518,14518,2,-2
2022-11-16 15:01:00,14518,14518,14518,2,0
2022-11-16 15:01:00,14518,14518,14518,2,0
2022-11-16 15:01:00,14518,14518,14518,2,0
2022-11-16 15:01:00,14518,14518,14518,2,0
2022-11-16 15:01:00,14518,14518,14518,2,0
2022-11-16 15:01:00,14517,14517,14517,2,-2
2022-11-16 15:01:00,14520,14520,14520,8,8
2022-11-16 15:01:00,14520,14520,14520,2,0
2022-11-16 15:01:00,14520,14520,14520,2,0
2022-11-16 15:01:00,14520,14520,14520,8,0
2022-11-16 15:01:00,14521,14521,14521,16,16
2022-11-16 15:01:00,14519,14519,14519,2,-2
2022-11-16 15:01:00,14519,14519,14519,2,0
2022-11-16 15:01:00,14519,14519,14519,6,0
2022-11-16 15:01:00,14519,14519,14519,2,0
2022-11-16 15:01:00,14519,14519,14519,2,0
2022-11-16 15:01:00,14519,14519,14519,2,0
2022-11-16 15:01:00,14521,14521,14521,2,2
2022-11-16 15:01:00,14519,14519,14519,2,-2
2022-11-16 15:01:00,14521,14521,14521,2,2
2022-11-16 15:01:00,14521,14521,14521,6,0
2022-11-16 15:01:01,14521,14521,14521,2,0
2022-11-16 15:01:01,14521,14521,14521,2,0
2022-11-16 15:01:01,14521,14521,14521,2,0
2022-11-16 15:01:01,14520,14520,14520,2,-2
2022-11-16 15:01:01,14519,14519,14519,2,-2
2022-11-16 15:01:01,14519,14519,14519,6,0
2022-11-16 15:01:01,14519,14519,14519,2,0
2022-11-16 15:01:01,14519,14519,14519,2,0
2022-11-16 15:01:01,14519,14519,14519,2,0
2022-11-16 15:01:01,14519,14519,14519,2,0
2022-11-16 15:01:01,14520,14520,14520,10,10
2022-11-16 15:01:01,14518,14518,14518,2,-2
2022-11-16 15:01:01,14518,14518,14518,2,0
2022-11-16 15:01:01,14518,14518,14518,2,0
2022-11-16 15:01:01,14518,14518,14518,2,0
2022-11-16 15:01:01,14518,14518,14518,2,0
2022-11-16 15:01:02,14518,14518,14518,2,0
2022-11-16 15:01:02,14518,14518,14518,2,0
2022-11-16 15:01:02,14517,14517,14517,2,-2
2022-11-16 15:01:02,14517,14517,14517,2,0
2022-11-16 15:01:02,14517,14517,14517,2,0
2022-11-16 15:01:02,14517,14517,14517,2,0
2022-11-16 15:01:02,14517,14517,14517,2,0
2022-11-16 15:01:02,14517,14517,14517,2,0
2022-11-16 15:01:02,14517,14517,14517,4,0
2022-11-16 15:01:02,14517,14517,14517,2,0
2022-11-16 15:01:02,14517,14517,14517,2,0
2022-11-16 15:01:03,14516,14516,14516,4,-4
2022-11-16 15:01:03,14516,14516,14516,2,0
2022-11-16 15:01:03,14515,14515,14515,2,-2
2022-11-16 15:01:03,14515,14515,14515,2,0
2022-11-16 15:01:03,14515,14515,14515,2,0
2022-11-16 15:01:03,14515,14515,14515,10,0
2022-11-16 15:01:03,14515,14515,14515,2,0
2022-11-16 15:01:03,14515,14515,14515,2,0
2022-11-16 15:01:03,14515,14515,14515,4,0
2022-11-16 15:01:03,14515,14515,14515,2,0
2022-11-16 15:01:03,14515,14515,14515,2,0
2022-11-16 15:01:03,14516,14516,14516,2,2
2022-11-16 15:01:03,14515,14515,14515,2,-2
2022-11-16 15:01:03,14514,14514,14514,2,-2
2022-11-16 15:01:03,14515,14515,14515,2,2
2022-11-16 15:01:03,14514,14514,14514,2,-2
2022-11-16 15:01:04,14516,14516,14516,2,2
2022-11-16 15:01:04,14516,14516,14516,4,0
2022-11-16 15:01:04,14514,14514,14514,4,-4
2022-11-16 15:01:04,14514,14514,14514,2,0
2022-11-16 15:01:05,14515,14515,14515,2,2
2022-11-16 15:01:05,14516,14516,14516,2,2
2022-11-16 15:01:05,14514,14514,14514,2,-2
2022-11-16 15:01:05,14516,14516,14516,2,2
2022-11-16 15:01:07,14518,14518,14518,4,4
2022-11-16 15:01:07,14519,14519,14519,4,4
2022-11-16 15:01:09,14517,14517,14517,2,-2
2022-11-16 15:01:09,14518,14518,14518,2,2
2022-11-16 15:01:09,14519,14519,14519,8,8
2022-11-16 15:01:09,14517,14517,14517,2,-2
2022-11-16 15:01:09,14517,14517,14517,2,0
2022-11-16 15:01:10,14518,14518,14518,8,8
2022-11-16 15:01:10,14518,14518,14518,4,0
2022-11-16 15:01:10,14517,14517,14517,2,-2
2022-11-16 15:01:10,14517,14517,14517,2,0
2022-11-16 15:01:12,14516,14516,14516,2,-2
2022-11-16 15:01:12,14515,14515,14515,4,-4
2022-11-16 15:01:12,14515,14515,14515,2,0
2022-11-16 15:01:12,14515,14515,14515,2,0
2022-11-16 15:01:12,14515,14515,14515,2,0
2022-11-16 15:01:14,14517,14517,14517,4,4
2022-11-16 15:01:14,14515,14515,14515,2,-2
2022-11-16 15:01:15,14517,14517,14517,2,2
2022-11-16 15:01:16,14517,14517,14517,2,0
2022-11-16 15:01:16,14515,14515,14515,6,-6
2022-11-16 15:01:17,14517,14517,14517,2,2
2022-11-16 15:01:17,14515,14515,14515,2,-2
2022-11-16 15:01:17,14515,14515,14515,4,0
2022-11-16 15:01:17,14515,14515,14515,2,0
2022-11-16 15:01:17,14515,14515,14515,2,0
2022-11-16 15:01:17,14515,14515,14515,2,0
2022-11-16 15:01:17,14515,14515,14515,2,0
2022-11-16 15:01:17,14514,14514,14514,2,-2
2022-11-16 15:01:18,14516,14516,14516,2,2
2022-11-16 15:01:18,14517,14517,14517,2,2
2022-11-16 15:01:20,14516,14516,14516,2,-2
2022-11-16 15:01:22,14515,14515,14515,2,-2
2022-11-16 15:01:22,14514,14514,14514,4,-4
2022-11-16 15:01:22,14516,14516,14516,2,2
2022-11-16 15:01:23,14517,14517,14517,2,2
2022-11-16 15:01:23,14517,14517,14517,4,0
2022-11-16 15:01:23,14517,14517,14517,4,0
2022-11-16 15:01:23,14517,14517,14517,4,0
2022-11-16 15:01:23,14515,14515,14515,2,-2
2022-11-16 15:01:24,14517,14517,14517,2,2
2022-11-16 15:01:24,14517,14517,14517,2,0
2022-11-16 15:01:27,14516,14516,14516,2,-2
2022-11-16 15:01:27,14517,14517,14517,4,4
2022-11-16 15:01:27,14515,14515,14515,2,-2
2022-11-16 15:01:27,14515,14515,14515,2,0
2022-11-16 15:01:27,14515,14515,14515,2,0
2022-11-16 15:01:28,14515,14515,14515,2,0
2022-11-16 15:01:28,14515,14515,14515,4,0
2022-11-16 15:01:28,14516,14516,14516,2,2
2022-11-16 15:01:28,14515,14515,14515,6,-6
2022-11-16 15:01:28,14516,14516,14516,2,2
2022-11-16 15:01:28,14516,14516,14516,2,0
2022-11-16 15:01:31,14515,14515,14515,2,-2
2022-11-16 15:01:31,14515,14515,14515,2,0
2022-11-16 15:01:32,14516,14516,14516,2,2
2022-11-16 15:01:33,14515,14515,14515,2,-2
2022-11-16 15:01:33,14515,14515,14515,4,0
2022-11-16 15:01:34,14516,14516,14516,2,2
2022-11-16 15:01:34,14516,14516,14516,2,0
2022-11-16 15:01:34,14515,14515,14515,2,-2
2022-11-16 15:01:35,14517,14517,14517,2,2
2022-11-16 15:01:37,14516,14516,14516,2,-2
2022-11-16 15:01:37,14516,14516,14516,2,0
2022-11-16 15:01:39,14518,14518,14518,2,2
2022-11-16 15:01:39,14516,14516,14516,4,-4
2022-11-16 15:01:39,14516,14516,14516,2,0
2022-11-16 15:01:39,14518,14518,14518,2,2
2022-11-16 15:01:39,14516,14516,14516,4,-4
2022-11-16 15:01:39,14516,14516,14516,2,0
2022-11-16 15:01:39,14516,14516,14516,4,0
2022-11-16 15:01:41,14515,14515,14515,4,-4
2022-11-16 15:01:42,14516,14516,14516,2,2
2022-11-16 15:01:44,14515,14515,14515,2,-2
2022-11-16 15:01:44,14515,14515,14515,2,0
2022-11-16 15:01:44,14515,14515,14515,2,0
2022-11-16 15:01:44,14517,14517,14517,2,2
2022-11-16 15:01:44,14517,14517,14517,2,0
2022-11-16 15:01:45,14518,14518,14518,2,2
2022-11-16 15:01:45,14518,14518,14518,2,0
2022-11-16 15:01:45,14517,14517,14517,2,-2
2022-11-16 15:01:45,14519,14519,14519,12,12
2022-11-16 15:01:45,14518,14518,14518,2,-2
2022-11-16 15:01:46,14520,14520,14520,20,20
2022-11-16 15:01:46,14519,14519,14519,4,-4
2022-11-16 15:01:47,14521,14521,14521,10,10
2022-11-16 15:01:48,14521,14521,14521,2,0
2022-11-16 15:01:48,14521,14521,14521,4,0
2022-11-16 15:01:49,14520,14520,14520,2,-2
2022-11-16 15:01:50,14519,14519,14519,2,-2
2022-11-16 15:01:50,14519,14519,14519,2,0
2022-11-16 15:01:50,14518,14518,14518,2,-2
2022-11-16 15:01:50,14518,14518,14518,2,0
2022-11-16 15:01:53,14521,14521,14521,4,4
2022-11-16 15:01:54,14521,14521,14521,2,0
2022-11-16 15:01:55,14520,14520,14520,2,-2
2022-11-16 15:01:55,14519,14519,14519,2,-2
2022-11-16 15:01:55,14519,14519,14519,2,0
2022-11-16 15:01:55,14519,14519,14519,2,0
2022-11-16 15:01:58,14518,14518,14518,2,-2
2022-11-16 15:01:58,14518,14518,14518,2,0
2022-11-16 15:01:59,14518,14518,14518,6,0
2022-11-16 15:02:00,14519,14519,14519,2,2
2022-11-16 15:02:00,14519,14519,14519,2,0
2022-11-16 15:02:00,14519,14519,14519,2,0
2022-11-16 15:02:01,14520,14520,14520,22,22
2022-11-16 15:02:01,14520,14520,14520,2,0
2022-11-16 15:02:01,14520,14520,14520,20,0
2022-11-16 15:02:02,14520,14520,14520,2,0
2022-11-16 15:02:03,14521,14521,14521,2,2
2022-11-16 15:02:03,14521,14521,14521,4,0
2022-11-16 15:02:03,14521,14521,14521,2,0
2022-11-16 15:02:03,14521,14521,14521,2,0
2022-11-16 15:02:03,14521,14521,14521,2,0
2022-11-16 15:02:03,14522,14522,14522,14,14
2022-11-16 15:02:04,14523,14523,14523,16,16
2022-11-16 15:02:04,14524,14524,14524,10,10
2022-11-16 15:02:04,14524,14524,14524,2,0
2022-11-16 15:02:04,14524,14524,14524,10,0
2022-11-16 15:02:04,14525,14525,14525,16,16
2022-11-16 15:02:04,14525,14525,14525,4,0
2022-11-16 15:02:04,14523,14523,14523,2,-2
2022-11-16 15:02:04,14525,14525,14525,10,10
2022-11-16 15:02:04,14525,14525,14525,8,0
2022-11-16 15:02:05,14524,14524,14524,2,-2
2022-11-16 15:02:06,14525,14525,14525,12,12
2022-11-16 15:02:06,14524,14524,14524,4,-4
2022-11-16 15:02:06,14524,14524,14524,2,0
2022-11-16 15:02:08,14524,14524,14524,2,0
2022-11-16 15:02:08,14523,14523,14523,2,-2
2022-11-16 15:02:08,14524,14524,14524,2,2
2022-11-16 15:02:08,14525,14525,14525,2,2
2022-11-16 15:02:09,14525,14525,14525,10,0
2022-11-16 15:02:10,14525,14525,14525,10,0
2022-11-16 15:02:11,14524,14524,14524,2,-2
2022-11-16 15:02:12,14524,14524,14524,2,0
2022-11-16 15:02:13,14524,14524,14524,4,0
2022-11-16 15:02:13,14523,14523,14523,2,-2
2022-11-16 15:02:13,14522,14522,14522,2,-2
2022-11-16 15:02:13,14524,14524,14524,4,4
2022-11-16 15:02:14,14523,14523,14523,2,-2
2022-11-16 15:02:14,14522,14522,14522,2,-2
2022-11-16 15:02:15,14524,14524,14524,18,18
2022-11-16 15:02:15,14525,14525,14525,2,2
2022-11-16 15:02:17,14523,14523,14523,2,-2
2022-11-16 15:02:17,14524,14524,14524,6,6
2022-11-16 15:02:17,14523,14523,14523,2,-2
2022-11-16 15:02:17,14523,14523,14523,4,0
2022-11-16 15:02:17,14523,14523,14523,6,0
2022-11-16 15:02:17,14523,14523,14523,2,0
2022-11-16 15:02:17,14523,14523,14523,2,0
2022-11-16 15:02:18,14525,14525,14525,2,2
2022-11-16 15:02:18,14524,14524,14524,2,-2
2022-11-16 15:02:19,14523,14523,14523,2,-2
2022-11-16 15:02:19,14523,14523,14523,2,0
2022-11-16 15:02:19,14523,14523,14523,2,0
2022-11-16 15:02:20,14525,14525,14525,2,2
2022-11-16 15:02:21,14525,14525,14525,10,0
2022-11-16 15:02:21,14525,14525,14525,2,0
2022-11-16 15:02:22,14525,14525,14525,10,0
2022-11-16 15:02:23,14524,14524,14524,2,-2
2022-11-16 15:02:24,14524,14524,14524,2,0
2022-11-16 15:02:25,14524,14524,14524,4,0
2022-11-16 15:02:25,14523,14523,14523,2,-2
2022-11-16 15:02:25,14523,14523,14523,2,0
2022-11-16 15:02:25,14523,14523,14523,2,0
2022-11-16 15:02:26,14524,14524,14524,2,2
2022-11-16 15:02:27,14524,14524,14524,2,0
2022-11-16 15:02:30,14524,14524,14524,10,0
2022-11-16 15:02:33,14524,14524,14524,8,0
2022-11-16 15:02:33,14525,14525,14525,18,18
2022-11-16 15:02:33,14526,14526,14526,32,32
2022-11-16 15:02:33,14527,14527,14527,2,2
2022-11-16 15:02:34,14525,14525,14525,4,-4
2022-11-16 15:02:34,14525,14525,14525,2,0
2022-11-16 15:02:36,14526,14526,14526,2,2
2022-11-16 15:02:36,14526,14526,14526,6,0
2022-11-16 15:02:36,14526,14526,14526,2,0
2022-11-16 15:02:36,14527,14527,14527,2,2
2022-11-16 15:02:38,14526,14526,14526,2,-2
2022-11-16 15:02:38,14525,14525,14525,2,-2
2022-11-16 15:02:40,14527,14527,14527,4,4
2022-11-16 15:02:40,14527,14527,14527,10,0
2022-11-16 15:02:41,14526,14526,14526,2,-2
2022-11-16 15:02:41,14526,14526,14526,2,0
2022-11-16 15:02:41,14525,14525,14525,2,-2
2022-11-16 15:02:41,14525,14525,14525,2,0
2022-11-16 15:02:41,14524,14524,14524,4,-4
2022-11-16 15:02:41,14524,14524,14524,2,0
2022-11-16 15:02:45,14526,14526,14526,2,2
2022-11-16 15:02:45,14525,14525,14525,2,-2
2022-11-16 15:02:45,14525,14525,14525,2,0
2022-11-16 15:02:45,14524,14524,14524,2,-2
2022-11-16 15:02:45,14524,14524,14524,2,0
2022-11-16 15:02:45,14524,14524,14524,2,0
2022-11-16 15:02:46,14525,14525,14525,4,4
2022-11-16 15:02:46,14525,14525,14525,10,0
2022-11-16 15:02:46,14524,14524,14524,6,-6
2022-11-16 15:02:47,14523,14523,14523,2,-2
2022-11-16 15:02:47,14523,14523,14523,2,0
2022-11-16 15:02:47,14523,14523,14523,2,0
2022-11-16 15:02:47,14523,14523,14523,4,0
2022-11-16 15:02:47,14523,14523,14523,2,0
2022-11-16 15:02:47,14523,14523,14523,2,0
2022-11-16 15:02:47,14523,14523,14523,2,0
2022-11-16 15:02:49,14524,14524,14524,24,24
2022-11-16 15:02:49,14525,14525,14525,12,12
2022-11-16 15:02:50,14523,14523,14523,4,-4
2022-11-16 15:02:50,14523,14523,14523,6,0
2022-11-16 15:02:50,14523,14523,14523,2,0
2022-11-16 15:02:50,14524,14524,14524,2,2
2022-11-16 15:02:50,14522,14522,14522,2,-2
2022-11-16 15:02:50,14522,14522,14522,2,0
2022-11-16 15:02:50,14522,14522,14522,2,0
2022-11-16 15:02:50,14523,14523,14523,10,10
2022-11-16 15:02:55,14522,14522,14522,2,-2
2022-11-16 15:02:56,14524,14524,14524,2,2
2022-11-16 15:02:57,14522,14522,14522,2,-2
2022-11-16 15:02:57,14522,14522,14522,4,0
2022-11-16 15:02:57,14522,14522,14522,4,0
2022-11-16 15:02:58,14523,14523,14523,2,2
2022-11-16 15:02:58,14523,14523,14523,4,0
2022-11-16 15:03:00,14523,14523,14523,4,0
2022-11-16 15:03:00,14523,14523,14523,10,0
2022-11-16 15:03:00,14523,14523,14523,4,0
2022-11-16 15:03:00,14524,14524,14524,2,2
2022-11-16 15:03:01,14524,14524,14524,4,0
2022-11-16 15:03:01,14523,14523,14523,2,-2
2022-11-16 15:03:03,14524,14524,14524,2,2
2022-11-16 15:03:07,14524,14524,14524,4,0
2022-11-16 15:03:09,14524,14524,14524,2,0
2022-11-16 15:03:09,14525,14525,14525,24,24
2022-11-16 15:03:09,14524,14524,14524,2,-2
2022-11-16 15:03:09,14524,14524,14524,2,0
2022-11-16 15:03:10,14524,14524,14524,2,0
2022-11-16 15:03:10,14525,14525,14525,2,2
2022-11-16 15:03:11,14524,14524,14524,4,-4
2022-11-16 15:03:11,14524,14524,14524,2,0
2022-11-16 15:03:11,14524,14524,14524,2,0
2022-11-16 15:03:11,14524,14524,14524,2,0
2022-11-16 15:03:11,14525,14525,14525,2,2
2022-11-16 15:03:12,14526,14526,14526,2,2
2022-11-16 15:03:12,14526,14526,14526,6,0
2022-11-16 15:03:13,14526,14526,14526,4,0
2022-11-16 15:03:13,14526,14526,14526,18,0
2022-11-16 15:03:15,14526,14526,14526,2,0
2022-11-16 15:03:16,14526,14526,14526,2,0
2022-11-16 15:03:16,14527,14527,14527,2,2
2022-11-16 15:03:17,14527,14527,14527,2,0
2022-11-16 15:03:17,14527,14527,14527,28,0
2022-11-16 15:03:17,14528,14528,14528,2,2
2022-11-16 15:03:17,14527,14527,14527,2,-2
2022-11-16 15:03:18,14527,14527,14527,4,0
2022-11-16 15:03:18,14527,14527,14527,2,0
2022-11-16 15:03:19,14528,14528,14528,8,8
2022-11-16 15:03:19,14528,14528,14528,4,0
2022-11-16 15:03:19,14528,14528,14528,2,0
2022-11-16 15:03:19,14528,14528,14528,2,0
2022-11-16 15:03:20,14529,14529,14529,4,4
2022-11-16 15:03:20,14529,14529,14529,4,0
2022-11-16 15:03:22,14529,14529,14529,6,0
2022-11-16 15:03:22,14529,14529,14529,2,0
2022-11-16 15:03:23,14529,14529,14529,2,0
2022-11-16 15:03:23,14529,14529,14529,2,0
2022-11-16 15:03:23,14530,14530,14530,2,2
2022-11-16 15:03:24,14530,14530,14530,2,0
2022-11-16 15:03:24,14530,14530,14530,2,0
2022-11-16 15:03:24,14530,14530,14530,2,0
2022-11-16 15:03:24,14530,14530,14530,2,0
2022-11-16 15:03:24,14530,14530,14530,4,0
2022-11-16 15:03:25,14530,14530,14530,2,0
2022-11-16 15:03:25,14530,14530,14530,2,0
2022-11-16 15:03:28,14531,14531,14531,4,4
2022-11-16 15:03:28,14531,14531,14531,2,0
2022-11-16 15:03:29,14531,14531,14531,2,0
2022-11-16 15:03:29,14532,14532,14532,2,2
2022-11-16 15:03:31,14531,14531,14531,2,-2
2022-11-16 15:03:32,14531,14531,14531,2,0
2022-11-16 15:03:33,14531,14531,14531,2,0
2022-11-16 15:03:34,14531,14531,14531,10,0
2022-11-16 15:03:34,14531,14531,14531,10,0
2022-11-16 15:03:35,14531,14531,14531,2,0
2022-11-16 15:03:37,14531,14531,14531,2,0
2022-11-16 15:03:37,14531,14531,14531,2,0
2022-11-16 15:03:37,14531,14531,14531,2,0
2022-11-16 15:03:38,14531,14531,14531,2,0
2022-11-16 15:03:39,14532,14532,14532,2,2
2022-11-16 15:03:43,14532,14532,14532,2,0
2022-11-16 15:03:44,14531,14531,14531,2,-2
2022-11-16 15:03:44,14532,14532,14532,8,8
2022-11-16 15:03:44,14533,14533,14533,2,2
2022-11-16 15:03:44,14533,14533,14533,4,0
2022-11-16 15:03:44,14533,14533,14533,4,0
2022-11-16 15:03:45,14531,14531,14531,4,-4
2022-11-16 15:03:45,14533,14533,14533,2,2
2022-11-16 15:03:45,14533,14533,14533,2,0
2022-11-16 15:03:46,14532,14532,14532,2,-2
2022-11-16 15:03:46,14533,14533,14533,2,2
2022-11-16 15:03:46,14533,14533,14533,2,0
2022-11-16 15:03:46,14534,14534,14534,4,4
2022-11-16 15:03:46,14534,14534,14534,6,0
2022-11-16 15:03:47,14534,14534,14534,2,0
2022-11-16 15:03:47,14532,14532,14532,2,-2
2022-11-16 15:03:48,14534,14534,14534,4,4
2022-11-16 15:03:48,14533,14533,14533,2,-2
2022-11-16 15:03:50,14533,14533,14533,2,0
2022-11-16 15:03:50,14534,14534,14534,4,4
2022-11-16 15:03:50,14534,14534,14534,2,0
2022-11-16 15:03:53,14533,14533,14533,2,-2
2022-11-16 15:03:53,14533,14533,14533,2,0
2022-11-16 15:03:53,14534,14534,14534,2,2
2022-11-16 15:03:53,14533,14533,14533,2,-2
2022-11-16 15:03:54,14532,14532,14532,2,-2
2022-11-16 15:03:54,14531,14531,14531,2,-2
2022-11-16 15:03:54,14531,14531,14531,2,0
2022-11-16 15:03:54,14531,14531,14531,2,0
2022-11-16 15:03:54,14530,14530,14530,2,-2
2022-11-16 15:03:54,14532,14532,14532,2,2
2022-11-16 15:03:55,14532,14532,14532,2,0
2022-11-16 15:03:55,14532,14532,14532,2,0
2022-11-16 15:03:56,14531,14531,14531,2,-2
2022-11-16 15:03:56,14531,14531,14531,2,0
2022-11-16 15:03:58,14530,14530,14530,2,-2
2022-11-16 15:03:58,14530,14530,14530,2,0
2022-11-16 15:03:58,14530,14530,14530,2,0
2022-11-16 15:03:58,14530,14530,14530,2,0
2022-11-16 15:03:58,14530,14530,14530,2,0
2022-11-16 15:03:58,14530,14530,14530,8,0
2022-11-16 15:03:58,14530,14530,14530,2,0
2022-11-16 15:03:58,14530,14530,14530,6,0
2022-11-16 15:03:58,14530,14530,14530,2,0
2022-11-16 15:03:58,14530,14530,14530,2,0
2022-11-16 15:03:58,14530,14530,14530,2,0
2022-11-16 15:03:58,14530,14530,14530,2,0
2022-11-16 15:03:58,14530,14530,14530,2,0
2022-11-16 15:03:59,14531,14531,14531,10,10
2022-11-16 15:04:00,14531,14531,14531,2,0
2022-11-16 15:04:01,14531,14531,14531,2,0
2022-11-16 15:04:01,14529,14529,14529,10,-10
2022-11-16 15:04:04,14532,14532,14532,4,4
2022-11-16 15:04:04,14532,14532,14532,6,0
2022-11-16 15:04:04,14531,14531,14531,2,-2
2022-11-16 15:04:05,14531,14531,14531,2,0
2022-11-16 15:04:07,14531,14531,14531,2,0
2022-11-16 15:04:08,14531,14531,14531,2,0
2022-11-16 15:04:10,14533,14533,14533,8,8
2022-11-16 15:04:15,14532,14532,14532,4,-4
2022-11-16 15:04:17,14533,14533,14533,2,2
2022-11-16 15:04:19,14532,14532,14532,2,-2
2022-11-16 15:04:19,14531,14531,14531,2,-2
2022-11-16 15:04:19,14531,14531,14531,4,0
2022-11-16 15:04:19,14531,14531,14531,2,0
2022-11-16 15:04:20,14533,14533,14533,4,4
2022-11-16 15:04:24,14532,14532,14532,2,-2
2022-11-16 15:04:25,14532,14532,14532,2,0
2022-11-16 15:04:25,14531,14531,14531,2,-2
2022-11-16 15:04:27,14532,14532,14532,4,4
2022-11-16 15:04:27,14530,14530,14530,2,-2
2022-11-16 15:04:27,14530,14530,14530,4,0
2022-11-16 15:04:27,14530,14530,14530,2,0
2022-11-16 15:04:27,14530,14530,14530,6,0
2022-11-16 15:04:27,14530,14530,14530,2,0
2022-11-16 15:04:27,14530,14530,14530,4,0
2022-11-16 15:04:27,14530,14530,14530,2,0
2022-11-16 15:04:27,14530,14530,14530,2,0
2022-11-16 15:04:27,14530,14530,14530,2,0
2022-11-16 15:04:27,14530,14530,14530,6,0
2022-11-16 15:04:28,14530,14530,14530,2,0
2022-11-16 15:04:28,14530,14530,14530,2,0
2022-11-16 15:04:28,14530,14530,14530,4,0
2022-11-16 15:04:28,14530,14530,14530,2,0
2022-11-16 15:04:28,14530,14530,14530,2,0
2022-11-16 15:04:29,14531,14531,14531,2,2
2022-11-16 15:04:29,14531,14531,14531,4,0
2022-11-16 15:04:31,14530,14530,14530,2,-2
2022-11-16 15:04:31,14529,14529,14529,2,-2
2022-11-16 15:04:31,14529,14529,14529,2,0
2022-11-16 15:04:34,14531,14531,14531,4,4
2022-11-16 15:04:36,14529,14529,14529,6,-6
2022-11-16 15:04:36,14529,14529,14529,2,0
2022-11-16 15:04:36,14529,14529,14529,2,0
2022-11-16 15:04:36,14529,14529,14529,2,0
2022-11-16 15:04:36,14529,14529,14529,2,0
2022-11-16 15:04:36,14528,14528,14528,2,-2
2022-11-16 15:04:36,14528,14528,14528,2,0
2022-11-16 15:04:36,14528,14528,14528,4,0
2022-11-16 15:04:36,14528,14528,14528,2,0
2022-11-16 15:04:36,14528,14528,14528,6,0
2022-11-16 15:04:36,14528,14528,14528,2,0
2022-11-16 15:04:36,14529,14529,14529,2,2
2022-11-16 15:04:37,14528,14528,14528,2,-2
2022-11-16 15:04:37,14528,14528,14528,2,0
2022-11-16 15:04:37,14528,14528,14528,2,0
2022-11-16 15:04:37,14528,14528,14528,2,0
2022-11-16 15:04:38,14528,14528,14528,6,0
2022-11-16 15:04:38,14527,14527,14527,2,-2
2022-11-16 15:04:38,14527,14527,14527,2,0
2022-11-16 15:04:38,14526,14526,14526,6,-6
2022-11-16 15:04:38,14526,14526,14526,2,0
2022-11-16 15:04:38,14526,14526,14526,4,0
2022-11-16 15:04:39,14528,14528,14528,2,2
2022-11-16 15:04:40,14526,14526,14526,2,-2
2022-11-16 15:04:40,14526,14526,14526,2,0
2022-11-16 15:04:40,14526,14526,14526,6,0
2022-11-16 15:04:41,14526,14526,14526,2,0
2022-11-16 15:04:45,14526,14526,14526,2,0
2022-11-16 15:04:46,14526,14526,14526,2,0
2022-11-16 15:04:56,14528,14528,14528,2,2
2022-11-16 15:04:56,14529,14529,14529,2,2
2022-11-16 15:04:56,14530,14530,14530,2,2
2022-11-16 15:04:56,14530,14530,14530,26,0
2022-11-16 15:04:56,14530,14530,14530,2,0
2022-11-16 15:04:59,14529,14529,14529,2,-2
2022-11-16 15:05:00,14531,14531,14531,2,2
2022-11-16 15:05:00,14532,14532,14532,12,12
2022-11-16 15:05:04,14533,14533,14533,12,12
2022-11-16 15:05:04,14533,14533,14533,2,0
2022-11-16 15:05:04,14533,14533,14533,6,0
2022-11-16 15:05:04,14533,14533,14533,2,0
2022-11-16 15:05:04,14533,14533,14533,4,0
2022-11-16 15:05:04,14534,14534,14534,6,6
2022-11-16 15:05:04,14534,14534,14534,2,0
2022-11-16 15:05:04,14535,14535,14535,22,22
2022-11-16 15:05:04,14536,14536,14536,2,2
2022-11-16 15:05:04,14536,14536,14536,4,0
2022-11-16 15:05:04,14534,14534,14534,2,-2
2022-11-16 15:05:04,14534,14534,14534,2,0
2022-11-16 15:05:04,14534,14534,14534,2,0
2022-11-16 15:05:04,14534,14534,14534,4,0
2022-11-16 15:05:04,14534,14534,14534,2,0
2022-11-16 15:05:05,14536,14536,14536,2,2
2022-11-16 15:05:05,14534,14534,14534,2,-2
2022-11-16 15:05:09,14536,14536,14536,2,2
2022-11-16 15:05:10,14535,14535,14535,2,-2
2022-11-16 15:05:10,14536,14536,14536,2,2
2022-11-16 15:05:11,14536,14536,14536,26,0
2022-11-16 15:05:11,14537,14537,14537,14,14
2022-11-16 15:05:12,14536,14536,14536,10,-10
2022-11-16 15:05:12,14537,14537,14537,2,2
2022-11-16 15:05:14,14534,14534,14534,2,-2
2022-11-16 15:05:15,14536,14536,14536,2,2
2022-11-16 15:05:16,14534,14534,14534,2,-2
2022-11-16 15:05:16,14536,14536,14536,2,2
2022-11-16 15:05:16,14534,14534,14534,2,-2
2022-11-16 15:05:17,14536,14536,14536,2,2
2022-11-16 15:05:17,14536,14536,14536,2,0
2022-11-16 15:05:18,14536,14536,14536,2,0
2022-11-16 15:05:18,14534,14534,14534,2,-2
2022-11-16 15:05:20,14534,14534,14534,2,0
2022-11-16 15:05:20,14534,14534,14534,20,0
2022-11-16 15:05:20,14535,14535,14535,2,2
2022-11-16 15:05:22,14535,14535,14535,2,0
2022-11-16 15:05:22,14534,14534,14534,2,-2
2022-11-16 15:05:22,14535,14535,14535,10,10
2022-11-16 15:05:23,14535,14535,14535,16,0
2022-11-16 15:05:25,14535,14535,14535,14,0
2022-11-16 15:05:25,14535,14535,14535,8,0
2022-11-16 15:05:26,14534,14534,14534,2,-2
2022-11-16 15:05:27,14533,14533,14533,2,-2
2022-11-16 15:05:28,14533,14533,14533,2,0
2022-11-16 15:05:28,14533,14533,14533,2,0
2022-11-16 15:05:28,14533,14533,14533,2,0
2022-11-16 15:05:28,14533,14533,14533,2,0
2022-11-16 15:05:28,14533,14533,14533,2,0
2022-11-16 15:05:28,14532,14532,14532,2,-2
2022-11-16 15:05:28,14531,14531,14531,2,-2
2022-11-16 15:05:29,14531,14531,14531,2,0
2022-11-16 15:05:30,14531,14531,14531,2,0
2022-11-16 15:05:30,14533,14533,14533,4,4
2022-11-16 15:05:31,14531,14531,14531,4,-4
2022-11-16 15:05:32,14531,14531,14531,2,0
2022-11-16 15:05:36,14531,14531,14531,2,0
2022-11-16 15:05:39,14533,14533,14533,2,2
2022-11-16 15:05:39,14533,14533,14533,2,0
2022-11-16 15:05:40,14533,14533,14533,2,0
2022-11-16 15:05:40,14533,14533,14533,2,0
2022-11-16 15:05:41,14534,14534,14534,4,4
2022-11-16 15:05:42,14533,14533,14533,2,-2
2022-11-16 15:05:42,14534,14534,14534,4,4
2022-11-16 15:05:42,14534,14534,14534,2,0
2022-11-16 15:05:42,14534,14534,14534,2,0
2022-11-16 15:05:42,14534,14534,14534,2,0
2022-11-16 15:05:43,14533,14533,14533,4,-4
2022-11-16 15:05:44,14533,14533,14533,2,0
2022-11-16 15:05:44,14533,14533,14533,2,0
2022-11-16 15:05:44,14533,14533,14533,6,0
2022-11-16 15:05:46,14533,14533,14533,2,0
2022-11-16 15:05:46,14533,14533,14533,2,0
2022-11-16 15:05:46,14533,14533,14533,6,0
2022-11-16 15:05:46,14533,14533,14533,2,0
2022-11-16 15:05:47,14534,14534,14534,6,6
2022-11-16 15:05:47,14535,14535,14535,14,14
2022-11-16 15:05:48,14533,14533,14533,4,-4
2022-11-16 15:05:48,14533,14533,14533,2,0
2022-11-16 15:05:48,14533,14533,14533,2,0
2022-11-16 15:05:49,14533,14533,14533,2,0
2022-11-16 15:05:50,14534,14534,14534,4,4
2022-11-16 15:05:50,14535,14535,14535,4,4
2022-11-16 15:05:50,14535,14535,14535,2,0
2022-11-16 15:05:51,14533,14533,14533,2,-2
2022-11-16 15:05:54,14533,14533,14533,2,0
2022-11-16 15:05:56,14533,14533,14533,2,0
2022-11-16 15:05:56,14533,14533,14533,2,0
2022-11-16 15:05:56,14533,14533,14533,4,0
2022-11-16 15:05:56,14534,14534,14534,2,2
2022-11-16 15:05:58,14534,14534,14534,2,0
2022-11-16 15:06:00,14534,14534,14534,2,0
2022-11-16 15:06:02,14533,14533,14533,4,-4
2022-11-16 15:06:02,14532,14532,14532,2,-2
2022-11-16 15:06:02,14532,14532,14532,2,0
2022-11-16 15:06:02,14532,14532,14532,8,0
2022-11-16 15:06:02,14532,14532,14532,2,0
2022-11-16 15:06:02,14532,14532,14532,2,0
2022-11-16 15:06:02,14532,14532,14532,4,0
2022-11-16 15:06:02,14532,14532,14532,2,0
2022-11-16 15:06:02,14532,14532,14532,2,0
2022-11-16 15:06:02,14532,14532,14532,2,0
2022-11-16 15:06:02,14532,14532,14532,2,0
2022-11-16 15:06:02,14531,14531,14531,2,-2
2022-11-16 15:06:02,14531,14531,14531,2,0
2022-11-16 15:06:02,14531,14531,14531,2,0
2022-11-16 15:06:02,14531,14531,14531,2,0
2022-11-16 15:06:02,14531,14531,14531,2,0
2022-11-16 15:06:06,14532,14532,14532,2,2
2022-11-16 15:06:08,14530,14530,14530,2,-2
2022-11-16 15:06:08,14530,14530,14530,2,0
2022-11-16 15:06:08,14531,14531,14531,2,2
2022-11-16 15:06:08,14531,14531,14531,2,0
2022-11-16 15:06:09,14530,14530,14530,2,-2
2022-11-16 15:06:09,14530,14530,14530,2,0
2022-11-16 15:06:09,14530,14530,14530,6,0
2022-11-16 15:06:10,14531,14531,14531,10,10
2022-11-16 15:06:11,14531,14531,14531,2,0
2022-11-16 15:06:11,14531,14531,14531,2,0
2022-11-16 15:06:11,14532,14532,14532,2,2
2022-11-16 15:06:12,14530,14530,14530,2,-2
2022-11-16 15:06:15,14530,14530,14530,2,0
2022-11-16 15:06:15,14531,14531,14531,2,2
2022-11-16 15:06:16,14529,14529,14529,2,-2
2022-11-16 15:06:16,14529,14529,14529,2,0
2022-11-16 15:06:16,14529,14529,14529,2,0
2022-11-16 15:06:17,14531,14531,14531,2,2
2022-11-16 15:06:23,14530,14530,14530,2,-2
2022-11-16 15:06:23,14530,14530,14530,2,0
2022-11-16 15:06:23,14529,14529,14529,2,-2
2022-11-16 15:06:23,14529,14529,14529,2,0
2022-11-16 15:06:23,14529,14529,14529,6,0
2022-11-16 15:06:23,14529,14529,14529,4,0
2022-11-16 15:06:23,14529,14529,14529,2,0
2022-11-16 15:06:23,14529,14529,14529,2,0
2022-11-16 15:06:23,14529,14529,14529,2,0
2022-11-16 15:06:23,14529,14529,14529,2,0
2022-11-16 15:06:23,14529,14529,14529,2,0
2022-11-16 15:06:23,14529,14529,14529,2,0
2022-11-16 15:06:27,14530,14530,14530,2,2
2022-11-16 15:06:27,14530,14530,14530,4,0
2022-11-16 15:06:30,14529,14529,14529,2,-2
2022-11-16 15:06:30,14528,14528,14528,6,-6
2022-11-16 15:06:31,14530,14530,14530,4,4
2022-11-16 15:06:31,14529,14529,14529,2,-2
2022-11-16 15:06:32,14529,14529,14529,2,0
2022-11-16 15:06:32,14529,14529,14529,2,0
2022-11-16 15:06:33,14529,14529,14529,2,0
2022-11-16 15:06:34,14528,14528,14528,4,-4
2022-11-16 15:06:34,14528,14528,14528,10,0
2022-11-16 15:06:34,14528,14528,14528,2,0
2022-11-16 15:06:34,14528,14528,14528,2,0
2022-11-16 15:06:34,14528,14528,14528,2,0
2022-11-16 15:06:34,14528,14528,14528,2,0
2022-11-16 15:06:34,14527,14527,14527,2,-2
2022-11-16 15:06:34,14527,14527,14527,2,0
2022-11-16 15:06:35,14527,14527,14527,2,0
2022-11-16 15:06:35,14526,14526,14526,2,-2
2022-11-16 15:06:35,14526,14526,14526,2,0
2022-11-16 15:06:35,14526,14526,14526,2,0
2022-11-16 15:06:35,14526,14526,14526,2,0
2022-11-16 15:06:35,14526,14526,14526,2,0
2022-11-16 15:06:37,14526,14526,14526,10,0
2022-11-16 15:06:37,14528,14528,14528,2,2
2022-11-16 15:06:37,14528,14528,14528,2,0
2022-11-16 15:06:37,14526,14526,14526,2,-2
2022-11-16 15:06:38,14526,14526,14526,8,0
2022-11-16 15:06:38,14526,14526,14526,2,0
2022-11-16 15:06:38,14526,14526,14526,2,0
2022-11-16 15:06:41,14526,14526,14526,2,0
2022-11-16 15:06:42,14525,14525,14525,2,-2
2022-11-16 15:06:42,14525,14525,14525,2,0
2022-11-16 15:06:42,14525,14525,14525,2,0
2022-11-16 15:06:42,14525,14525,14525,2,0
2022-11-16 15:06:43,14525,14525,14525,2,0
2022-11-16 15:06:45,14526,14526,14526,2,2
2022-11-16 15:06:46,14526,14526,14526,2,0
2022-11-16 15:06:49,14526,14526,14526,2,0
2022-11-16 15:06:51,14526,14526,14526,2,0
2022-11-16 15:06:52,14525,14525,14525,2,-2
2022-11-16 15:06:53,14525,14525,14525,2,0
2022-11-16 15:06:53,14525,14525,14525,2,0
2022-11-16 15:06:53,14525,14525,14525,10,0
2022-11-16 15:06:53,14525,14525,14525,2,0
2022-11-16 15:06:53,14525,14525,14525,2,0
2022-11-16 15:06:53,14525,14525,14525,2,0
2022-11-16 15:06:56,14523,14523,14523,2,-2
2022-11-16 15:06:56,14523,14523,14523,2,0
2022-11-16 15:06:56,14523,14523,14523,2,0
2022-11-16 15:06:56,14523,14523,14523,4,0
2022-11-16 15:06:56,14523,14523,14523,2,0
2022-11-16 15:06:56,14523,14523,14523,2,0
2022-11-16 15:06:56,14523,14523,14523,2,0
2022-11-16 15:06:56,14523,14523,14523,2,0
2022-11-16 15:06:56,14523,14523,14523,2,0
2022-11-16 15:06:56,14523,14523,14523,2,0
2022-11-16 15:06:57,14523,14523,14523,2,0
2022-11-16 15:06:57,14523,14523,14523,2,0
2022-11-16 15:06:58,14522,14522,14522,2,-2
2022-11-16 15:06:59,14522,14522,14522,2,0
2022-11-16 15:07:00,14523,14523,14523,4,4
2022-11-16 15:07:02,14522,14522,14522,2,-2
2022-11-16 15:07:03,14522,14522,14522,4,0
2022-11-16 15:07:04,14523,14523,14523,4,4
2022-11-16 15:07:07,14522,14522,14522,2,-2
2022-11-16 15:07:07,14522,14522,14522,2,0
2022-11-16 15:07:07,14522,14522,14522,2,0
2022-11-16 15:07:07,14522,14522,14522,2,0
2022-11-16 15:07:07,14522,14522,14522,2,0
2022-11-16 15:07:07,14522,14522,14522,2,0
2022-11-16 15:07:07,14522,14522,14522,2,0
2022-11-16 15:07:07,14522,14522,14522,2,0
2022-11-16 15:07:07,14522,14522,14522,2,0
2022-11-16 15:07:07,14522,14522,14522,2,0
2022-11-16 15:07:07,14522,14522,14522,2,0
2022-11-16 15:07:09,14523,14523,14523,2,2
2022-11-16 15:07:10,14521,14521,14521,2,-2
2022-11-16 15:07:10,14521,14521,14521,2,0
2022-11-16 15:07:10,14521,14521,14521,4,0
2022-11-16 15:07:10,14521,14521,14521,4,0
2022-11-16 15:07:10,14521,14521,14521,2,0
2022-11-16 15:07:10,14521,14521,14521,2,0
2022-11-16 15:07:10,14521,14521,14521,2,0
2022-11-16 15:07:10,14521,14521,14521,2,0
2022-11-16 15:07:12,14521,14521,14521,2,0
2022-11-16 15:07:12,14520,14520,14520,2,-2
2022-11-16 15:07:12,14520,14520,14520,2,0
2022-11-16 15:07:12,14520,14520,14520,2,0
2022-11-16 15:07:16,14521,14521,14521,4,4
2022-11-16 15:07:16,14522,14522,14522,4,4
2022-11-16 15:07:16,14521,14521,14521,2,-2
2022-11-16 15:07:16,14520,14520,14520,2,-2
2022-11-16 15:07:16,14520,14520,14520,2,0
2022-11-16 15:07:16,14520,14520,14520,2,0
2022-11-16 15:07:16,14520,14520,14520,2,0
2022-11-16 15:07:16,14520,14520,14520,2,0
2022-11-16 15:07:18,14520,14520,14520,2,0
2022-11-16 15:07:18,14519,14519,14519,2,-2
2022-11-16 15:07:19,14520,14520,14520,32,32
2022-11-16 15:07:20,14520,14520,14520,2,0
2022-11-16 15:07:20,14522,14522,14522,2,2
2022-11-16 15:07:21,14520,14520,14520,2,-2
2022-11-16 15:07:21,14519,14519,14519,2,-2
2022-11-16 15:07:21,14519,14519,14519,2,0
2022-11-16 15:07:21,14519,14519,14519,2,0
2022-11-16 15:07:21,14519,14519,14519,2,0
2022-11-16 15:07:22,14521,14521,14521,10,10
2022-11-16 15:07:25,14519,14519,14519,2,-2
2022-11-16 15:07:25,14519,14519,14519,2,0
2022-11-16 15:07:26,14519,14519,14519,2,0
2022-11-16 15:07:26,14519,14519,14519,2,0
2022-11-16 15:07:31,14520,14520,14520,2,2
2022-11-16 15:07:31,14519,14519,14519,2,-2
2022-11-16 15:07:31,14519,14519,14519,2,0
2022-11-16 15:07:32,14519,14519,14519,2,0
2022-11-16 15:07:33,14519,14519,14519,2,0
2022-11-16 15:07:33,14519,14519,14519,2,0
2022-11-16 15:07:36,14518,14518,14518,2,-2
2022-11-16 15:07:37,14519,14519,14519,4,4
2022-11-16 15:07:38,14520,14520,14520,4,4
2022-11-16 15:07:38,14519,14519,14519,2,-2
2022-11-16 15:07:40,14521,14521,14521,24,24
2022-11-16 15:07:40,14522,14522,14522,2,2
2022-11-16 15:07:40,14522,14522,14522,2,0
2022-11-16 15:07:41,14521,14521,14521,2,-2
2022-11-16 15:07:42,14521,14521,14521,2,0
2022-11-16 15:07:43,14519,14519,14519,2,-2
2022-11-16 15:07:43,14519,14519,14519,2,0
2022-11-16 15:07:43,14521,14521,14521,2,2
2022-11-16 15:07:43,14521,14521,14521,2,0
2022-11-16 15:07:44,14521,14521,14521,2,0
2022-11-16 15:07:49,14519,14519,14519,2,-2
2022-11-16 15:07:54,14520,14520,14520,2,2
2022-11-16 15:07:54,14520,14520,14520,2,0
2022-11-16 15:07:55,14520,14520,14520,2,0
2022-11-16 15:07:58,14521,14521,14521,2,2
2022-11-16 15:08:01,14520,14520,14520,2,-2
2022-11-16 15:08:02,14521,14521,14521,2,2
2022-11-16 15:08:02,14521,14521,14521,2,0
2022-11-16 15:08:06,14519,14519,14519,2,-2
2022-11-16 15:08:16,14520,14520,14520,2,2
2022-11-16 15:08:17,14519,14519,14519,2,-2
2022-11-16 15:08:17,14519,14519,14519,2,0
2022-11-16 15:08:17,14519,14519,14519,2,0
2022-11-16 15:08:17,14519,14519,14519,2,0
2022-11-16 15:08:17,14519,14519,14519,2,0
2022-11-16 15:08:17,14519,14519,14519,2,0
2022-11-16 15:08:17,14519,14519,14519,2,0
2022-11-16 15:08:17,14519,14519,14519,2,0
2022-11-16 15:08:17,14519,14519,14519,2,0
2022-11-16 15:08:17,14519,14519,14519,2,0
2022-11-16 15:08:17,14519,14519,14519,2,0
2022-11-16 15:08:22,14519,14519,14519,2,0
2022-11-16 15:08:22,14519,14519,14519,2,0
2022-11-16 15:08:24,14519,14519,14519,8,0
2022-11-16 15:08:24,14520,14520,14520,2,2
2022-11-16 15:08:27,14519,14519,14519,2,-2
2022-11-16 15:08:27,14519,14519,14519,2,0
2022-11-16 15:08:28,14518,14518,14518,2,-2
2022-11-16 15:08:28,14518,14518,14518,2,0
2022-11-16 15:08:28,14518,14518,14518,2,0
2022-11-16 15:08:28,14518,14518,14518,2,0
2022-11-16 15:08:28,14518,14518,14518,2,0
2022-11-16 15:08:28,14518,14518,14518,2,0
2022-11-16 15:08:28,14518,14518,14518,2,0
2022-11-16 15:08:28,14518,14518,14518,4,0
2022-11-16 15:08:28,14518,14518,14518,2,0
2022-11-16 15:08:28,14518,14518,14518,4,0
2022-11-16 15:08:28,14518,14518,14518,2,0
2022-11-16 15:08:28,14518,14518,14518,2,0
2022-11-16 15:08:29,14517,14517,14517,2,-2
2022-11-16 15:08:29,14517,14517,14517,2,0
2022-11-16 15:08:29,14517,14517,14517,2,0
2022-11-16 15:08:29,14517,14517,14517,2,0
2022-11-16 15:08:37,14517,14517,14517,2,0
2022-11-16 15:08:37,14517,14517,14517,2,0
2022-11-16 15:08:37,14517,14517,14517,2,0
2022-11-16 15:08:37,14517,14517,14517,2,0
2022-11-16 15:08:40,14518,14518,14518,2,2
2022-11-16 15:08:40,14517,14517,14517,2,-2
2022-11-16 15:08:40,14517,14517,14517,2,0
2022-11-16 15:08:40,14517,14517,14517,2,0
2022-11-16 15:08:40,14517,14517,14517,2,0
2022-11-16 15:08:40,14517,14517,14517,2,0
2022-11-16 15:08:40,14517,14517,14517,2,0
2022-11-16 15:08:40,14517,14517,14517,2,0
2022-11-16 15:08:40,14517,14517,14517,6,0
2022-11-16 15:08:40,14517,14517,14517,2,0
2022-11-16 15:08:43,14518,14518,14518,2,2
2022-11-16 15:08:45,14518,14518,14518,2,0
2022-11-16 15:08:45,14519,14519,14519,12,12
2022-11-16 15:08:49,14519,14519,14519,2,0
2022-11-16 15:08:49,14518,14518,14518,2,-2
2022-11-16 15:08:49,14520,14520,14520,4,4
2022-11-16 15:08:50,14519,14519,14519,2,-2
2022-11-16 15:08:53,14520,14520,14520,20,20
2022-11-16 15:08:53,14520,14520,14520,2,0
2022-11-16 15:08:53,14520,14520,14520,8,0
2022-11-16 15:08:56,14520,14520,14520,2,0
2022-11-16 15:08:56,14520,14520,14520,2,0
2022-11-16 15:08:57,14521,14521,14521,2,2
2022-11-16 15:08:59,14520,14520,14520,2,-2
2022-11-16 15:09:02,14520,14520,14520,4,0
2022-11-16 15:09:04,14520,14520,14520,2,0
2022-11-16 15:09:06,14519,14519,14519,2,-2
2022-11-16 15:09:06,14519,14519,14519,2,0
2022-11-16 15:09:06,14519,14519,14519,2,0
2022-11-16 15:09:06,14519,14519,14519,4,0
2022-11-16 15:09:07,14517,14517,14517,2,-2
2022-11-16 15:09:10,14519,14519,14519,2,2
2022-11-16 15:09:13,14520,14520,14520,2,2
2022-11-16 15:09:14,14521,14521,14521,2,2
2022-11-16 15:09:14,14521,14521,14521,10,0
2022-11-16 15:09:14,14521,14521,14521,10,0
2022-11-16 15:09:14,14521,14521,14521,14,0
2022-11-16 15:09:14,14521,14521,14521,2,0
2022-11-16 15:09:15,14522,14522,14522,4,4
2022-11-16 15:09:15,14523,14523,14523,6,6
2022-11-16 15:09:15,14522,14522,14522,2,-2
2022-11-16 15:09:22,14522,14522,14522,2,0
2022-11-16 15:09:25,14522,14522,14522,10,0
2022-11-16 15:09:26,14522,14522,14522,2,0
2022-11-16 15:09:27,14521,14521,14521,2,-2
2022-11-16 15:09:33,14522,14522,14522,2,2
2022-11-16 15:09:34,14522,14522,14522,2,0
2022-11-16 15:09:35,14522,14522,14522,4,0
2022-11-16 15:09:38,14523,14523,14523,2,2
2022-11-16 15:09:39,14523,14523,14523,2,0
2022-11-16 15:09:39,14522,14522,14522,2,-2
2022-11-16 15:09:41,14522,14522,14522,2,0
2022-11-16 15:09:42,14522,14522,14522,10,0
2022-11-16 15:09:43,14522,14522,14522,2,0
2022-11-16 15:09:46,14523,14523,14523,8,8
2022-11-16 15:09:51,14522,14522,14522,2,-2
2022-11-16 15:09:52,14523,14523,14523,2,2
2022-11-16 15:09:55,14522,14522,14522,2,-2
2022-11-16 15:09:56,14524,14524,14524,2,2
2022-11-16 15:09:56,14523,14523,14523,2,-2
2022-11-16 15:09:56,14523,14523,14523,2,0
2022-11-16 15:09:56,14522,14522,14522,4,-4
2022-11-16 15:09:56,14522,14522,14522,2,0
2022-11-16 15:09:56,14522,14522,14522,2,0
2022-11-16 15:09:56,14523,14523,14523,2,2
2022-11-16 15:09:56,14523,14523,14523,2,0
2022-11-16 15:09:57,14523,14523,14523,2,0
2022-11-16 15:09:59,14524,14524,14524,2,2
2022-11-16 15:10:00,14523,14523,14523,2,-2
2022-11-16 15:10:00,14524,14524,14524,2,2
2022-11-16 15:10:01,14524,14524,14524,2,0
2022-11-16 15:10:01,14522,14522,14522,2,-2
2022-11-16 15:10:06,14523,14523,14523,2,2
2022-11-16 15:10:08,14523,14523,14523,2,0
2022-11-16 15:10:08,14522,14522,14522,2,-2
2022-11-16 15:10:08,14521,14521,14521,2,-2
2022-11-16 15:10:08,14520,14520,14520,2,-2
2022-11-16 15:10:08,14520,14520,14520,2,0
2022-11-16 15:10:08,14520,14520,14520,2,0
2022-11-16 15:10:08,14520,14520,14520,2,0
2022-11-16 15:10:08,14519,14519,14519,2,-2
2022-11-16 15:10:08,14519,14519,14519,2,0
2022-11-16 15:10:12,14521,14521,14521,4,4
2022-11-16 15:10:19,14521,14521,14521,4,0
2022-11-16 15:10:21,14521,14521,14521,2,0
2022-11-16 15:10:22,14521,14521,14521,2,0
2022-11-16 15:10:22,14521,14521,14521,2,0
2022-11-16 15:10:24,14521,14521,14521,2,0
2022-11-16 15:10:33,14522,14522,14522,4,4
2022-11-16 15:10:33,14522,14522,14522,2,0
2022-11-16 15:10:33,14523,14523,14523,2,2
2022-11-16 15:10:36,14523,14523,14523,2,0
2022-11-16 15:10:36,14523,14523,14523,4,0
2022-11-16 15:10:36,14523,14523,14523,6,0
2022-11-16 15:10:39,14524,14524,14524,2,2
2022-11-16 15:10:41,14524,14524,14524,2,0
2022-11-16 15:10:41,14524,14524,14524,2,0
2022-11-16 15:10:44,14524,14524,14524,6,0
2022-11-16 15:10:49,14524,14524,14524,6,0
2022-11-16 15:10:53,14525,14525,14525,10,10
2022-11-16 15:10:57,14525,14525,14525,10,0
2022-11-16 15:10:59,14525,14525,14525,2,0
2022-11-16 15:11:01,14525,14525,14525,2,0
2022-11-16 15:11:01,14524,14524,14524,2,-2
2022-11-16 15:11:01,14525,14525,14525,2,2
2022-11-16 15:11:01,14526,14526,14526,8,8
2022-11-16 15:11:02,14526,14526,14526,2,0
2022-11-16 15:11:06,14526,14526,14526,4,0
2022-11-16 15:11:06,14527,14527,14527,6,6
2022-11-16 15:11:06,14528,14528,14528,4,4
2022-11-16 15:11:06,14526,14526,14526,2,-2
2022-11-16 15:11:08,14528,14528,14528,6,6
2022-11-16 15:11:08,14529,14529,14529,28,28
2022-11-16 15:11:08,14530,14530,14530,6,6
2022-11-16 15:11:08,14528,14528,14528,4,-4
2022-11-16 15:11:08,14528,14528,14528,2,0
2022-11-16 15:11:08,14528,14528,14528,2,0
2022-11-16 15:11:08,14528,14528,14528,2,0
2022-11-16 15:11:08,14528,14528,14528,2,0
2022-11-16 15:11:12,14529,14529,14529,2,2
2022-11-16 15:11:17,14527,14527,14527,2,-2
2022-11-16 15:11:17,14527,14527,14527,2,0
2022-11-16 15:11:17,14527,14527,14527,4,0
2022-11-16 15:11:17,14527,14527,14527,2,0
2022-11-16 15:11:17,14527,14527,14527,2,0
2022-11-16 15:11:17,14527,14527,14527,2,0
2022-11-16 15:11:17,14527,14527,14527,2,0
2022-11-16 15:11:17,14527,14527,14527,2,0
2022-11-16 15:11:17,14526,14526,14526,2,-2
2022-11-16 15:11:19,14527,14527,14527,6,6
2022-11-16 15:11:22,14528,14528,14528,2,2
2022-11-16 15:11:22,14528,14528,14528,2,0
2022-11-16 15:11:22,14528,14528,14528,2,0
2022-11-16 15:11:23,14528,14528,14528,2,0
2022-11-16 15:11:25,14529,14529,14529,2,2
2022-11-16 15:11:26,14529,14529,14529,2,0
2022-11-16 15:11:27,14529,14529,14529,2,0
2022-11-16 15:11:34,14529,14529,14529,2,0
2022-11-16 15:11:36,14529,14529,14529,2,0
2022-11-16 15:11:37,14529,14529,14529,8,0
2022-11-16 15:11:37,14529,14529,14529,10,0
2022-11-16 15:11:38,14529,14529,14529,2,0
2022-11-16 15:11:40,14528,14528,14528,2,-2
2022-11-16 15:11:40,14529,14529,14529,6,6
2022-11-16 15:11:40,14530,14530,14530,6,6
2022-11-16 15:11:41,14529,14529,14529,2,-2
2022-11-16 15:11:41,14529,14529,14529,2,0
2022-11-16 15:11:43,14528,14528,14528,10,-10
2022-11-16 15:11:43,14528,14528,14528,2,0
2022-11-16 15:11:43,14528,14528,14528,2,0
2022-11-16 15:11:43,14528,14528,14528,2,0
2022-11-16 15:11:43,14528,14528,14528,2,0
2022-11-16 15:11:43,14527,14527,14527,2,-2
2022-11-16 15:11:49,14527,14527,14527,2,0
2022-11-16 15:11:50,14527,14527,14527,2,0
2022-11-16 15:11:52,14527,14527,14527,2,0
2022-11-16 15:11:52,14527,14527,14527,2,0
2022-11-16 15:11:56,14527,14527,14527,4,0
2022-11-16 15:11:57,14529,14529,14529,2,2
2022-11-16 15:12:00,14528,14528,14528,2,-2
2022-11-16 15:12:00,14529,14529,14529,2,2
2022-11-16 15:12:00,14529,14529,14529,2,0
2022-11-16 15:12:02,14527,14527,14527,2,-2
2022-11-16 15:12:10,14527,14527,14527,2,0
2022-11-16 15:12:10,14527,14527,14527,2,0
2022-11-16 15:12:13,14528,14528,14528,2,2
2022-11-16 15:12:13,14528,14528,14528,2,0
2022-11-16 15:12:13,14528,14528,14528,2,0
2022-11-16 15:12:14,14528,14528,14528,2,0
2022-11-16 15:12:14,14528,14528,14528,10,0
2022-11-16 15:12:14,14528,14528,14528,2,0
2022-11-16 15:12:14,14528,14528,14528,2,0
2022-11-16 15:12:15,14529,14529,14529,4,4
2022-11-16 15:12:15,14529,14529,14529,2,0
2022-11-16 15:12:20,14528,14528,14528,2,-2
2022-11-16 15:12:20,14528,14528,14528,2,0
2022-11-16 15:12:20,14528,14528,14528,6,0
2022-11-16 15:12:20,14528,14528,14528,2,0
2022-11-16 15:12:20,14528,14528,14528,2,0
2022-11-16 15:12:20,14528,14528,14528,2,0
2022-11-16 15:12:23,14528,14528,14528,2,0
2022-11-16 15:12:24,14528,14528,14528,2,0
2022-11-16 15:12:26,14528,14528,14528,4,0
2022-11-16 15:12:28,14529,14529,14529,4,4
2022-11-16 15:12:31,14529,14529,14529,4,0
2022-11-16 15:12:33,14528,14528,14528,2,-2
2022-11-16 15:12:33,14527,14527,14527,2,-2
2022-11-16 15:12:33,14527,14527,14527,2,0
2022-11-16 15:12:33,14527,14527,14527,14,0
2022-11-16 15:12:33,14527,14527,14527,2,0
2022-11-16 15:12:33,14527,14527,14527,2,0
2022-11-16 15:12:34,14528,14528,14528,6,6
2022-11-16 15:12:34,14528,14528,14528,4,0
2022-11-16 15:12:37,14527,14527,14527,2,-2
2022-11-16 15:12:37,14527,14527,14527,2,0
2022-11-16 15:12:37,14527,14527,14527,2,0
2022-11-16 15:12:37,14527,14527,14527,4,0
2022-11-16 15:12:38,14527,14527,14527,2,0
2022-11-16 15:12:39,14526,14526,14526,2,-2
2022-11-16 15:12:39,14527,14527,14527,2,2
2022-11-16 15:12:39,14527,14527,14527,2,0
2022-11-16 15:12:40,14525,14525,14525,4,-4
2022-11-16 15:12:45,14526,14526,14526,2,2
2022-11-16 15:12:45,14525,14525,14525,2,-2
2022-11-16 15:12:45,14524,14524,14524,2,-2
2022-11-16 15:12:48,14526,14526,14526,4,4
2022-11-16 15:12:50,14525,14525,14525,2,-2
2022-11-16 15:12:50,14527,14527,14527,6,6
2022-11-16 15:12:52,14525,14525,14525,2,-2
2022-11-16 15:12:53,14526,14526,14526,6,6
2022-11-16 15:12:53,14527,14527,14527,2,2
2022-11-16 15:12:54,14525,14525,14525,6,-6
2022-11-16 15:12:55,14526,14526,14526,4,4
2022-11-16 15:12:58,14524,14524,14524,2,-2
2022-11-16 15:13:04,14524,14524,14524,2,0
2022-11-16 15:13:04,14524,14524,14524,2,0
2022-11-16 15:13:04,14524,14524,14524,2,0
2022-11-16 15:13:04,14524,14524,14524,2,0
2022-11-16 15:13:04,14524,14524,14524,2,0
2022-11-16 15:13:04,14524,14524,14524,2,0
2022-11-16 15:13:04,14523,14523,14523,2,-2
2022-11-16 15:13:06,14523,14523,14523,4,0
2022-11-16 15:13:07,14522,14522,14522,2,-2
2022-11-16 15:13:07,14522,14522,14522,2,0
2022-11-16 15:13:07,14522,14522,14522,2,0
2022-11-16 15:13:08,14521,14521,14521,4,-4
2022-11-16 15:13:08,14521,14521,14521,2,0
2022-11-16 15:13:08,14521,14521,14521,2,0
2022-11-16 15:13:08,14521,14521,14521,2,0
2022-11-16 15:13:08,14521,14521,14521,2,0
2022-11-16 15:13:09,14521,14521,14521,2,0
2022-11-16 15:13:10,14522,14522,14522,6,6
2022-11-16 15:13:10,14523,14523,14523,12,12
2022-11-16 15:13:10,14521,14521,14521,2,-2
2022-11-16 15:13:12,14521,14521,14521,2,0
2022-11-16 15:13:14,14521,14521,14521,2,0
2022-11-16 15:13:15,14520,14520,14520,2,-2
2022-11-16 15:13:15,14521,14521,14521,4,4
2022-11-16 15:13:20,14521,14521,14521,2,0
2022-11-16 15:13:20,14521,14521,14521,2,0
2022-11-16 15:13:20,14521,14521,14521,2,0
2022-11-16 15:13:20,14520,14520,14520,4,-4
2022-11-16 15:13:20,14520,14520,14520,2,0
2022-11-16 15:13:20,14520,14520,14520,2,0
2022-11-16 15:13:21,14520,14520,14520,8,0
2022-11-16 15:13:21,14521,14521,14521,2,2
2022-11-16 15:13:21,14519,14519,14519,2,-2
2022-11-16 15:13:21,14519,14519,14519,2,0
2022-11-16 15:13:23,14520,14520,14520,2,2
2022-11-16 15:13:24,14519,14519,14519,2,-2
2022-11-16 15:13:25,14519,14519,14519,2,0
2022-11-16 15:13:25,14520,14520,14520,2,2
2022-11-16 15:13:30,14519,14519,14519,2,-2
2022-11-16 15:13:34,14520,14520,14520,4,4
2022-11-16 15:13:34,14520,14520,14520,2,0
2022-11-16 15:13:39,14520,14520,14520,2,0
2022-11-16 15:13:43,14520,14520,14520,4,0
2022-11-16 15:13:44,14519,14519,14519,2,-2
2022-11-16 15:13:44,14519,14519,14519,2,0
2022-11-16 15:13:45,14519,14519,14519,4,0
2022-11-16 15:13:45,14518,14518,14518,2,-2
2022-11-16 15:13:46,14518,14518,14518,2,0
2022-11-16 15:13:47,14519,14519,14519,2,2
2022-11-16 15:13:47,14518,14518,14518,2,-2
2022-11-16 15:13:47,14518,14518,14518,2,0
2022-11-16 15:13:49,14518,14518,14518,2,0
2022-11-16 15:13:50,14519,14519,14519,2,2
2022-11-16 15:13:58,14518,14518,14518,2,-2
2022-11-16 15:14:01,14518,14518,14518,2,0
2022-11-16 15:14:01,14518,14518,14518,2,0
2022-11-16 15:14:01,14518,14518,14518,2,0
2022-11-16 15:14:01,14518,14518,14518,2,0
2022-11-16 15:14:01,14518,14518,14518,2,0
2022-11-16 15:14:01,14518,14518,14518,2,0
2022-11-16 15:14:01,14518,14518,14518,6,0
2022-11-16 15:14:01,14518,14518,14518,2,0
2022-11-16 15:14:01,14518,14518,14518,4,0
2022-11-16 15:14:04,14518,14518,14518,2,0
2022-11-16 15:14:04,14518,14518,14518,2,0
2022-11-16 15:14:05,14519,14519,14519,4,4
2022-11-16 15:14:05,14520,14520,14520,6,6
2022-11-16 15:14:10,14520,14520,14520,2,0
2022-11-16 15:14:11,14521,14521,14521,2,2
2022-11-16 15:14:11,14521,14521,14521,2,0
2022-11-16 15:14:12,14521,14521,14521,2,0
2022-11-16 15:14:23,14520,14520,14520,2,-2
2022-11-16 15:14:26,14519,14519,14519,4,-4
2022-11-16 15:14:26,14519,14519,14519,2,0
2022-11-16 15:14:35,14519,14519,14519,4,0
2022-11-16 15:14:36,14519,14519,14519,2,0
2022-11-16 15:14:36,14519,14519,14519,14,0
2022-11-16 15:14:36,14518,14518,14518,2,-2
2022-11-16 15:14:36,14518,14518,14518,2,0
2022-11-16 15:14:36,14518,14518,14518,2,0
2022-11-16 15:14:37,14519,14519,14519,2,2
2022-11-16 15:14:40,14517,14517,14517,2,-2
2022-11-16 15:14:52,14517,14517,14517,2,0
2022-11-16 15:14:52,14517,14517,14517,2,0
2022-11-16 15:14:52,14517,14517,14517,2,0
2022-11-16 15:14:52,14517,14517,14517,2,0
2022-11-16 15:14:52,14517,14517,14517,14,0
2022-11-16 15:14:52,14517,14517,14517,2,0
2022-11-16 15:14:52,14517,14517,14517,2,0
2022-11-16 15:14:52,14517,14517,14517,2,0
2022-11-16 15:14:52,14517,14517,14517,2,0
2022-11-16 15:14:52,14517,14517,14517,2,0
2022-11-16 15:14:56,14516,14516,14516,2,-2
2022-11-16 15:14:56,14516,14516,14516,2,0
2022-11-16 15:14:56,14516,14516,14516,2,0
2022-11-16 15:14:56,14516,14516,14516,2,0
2022-11-16 15:14:56,14516,14516,14516,2,0
2022-11-16 15:14:56,14516,14516,14516,4,0
2022-11-16 15:14:57,14516,14516,14516,6,0
2022-11-16 15:15:00,14516,14516,14516,2,0
2022-11-16 15:15:00,14516,14516,14516,2,0
2022-11-16 15:15:00,14516,14516,14516,6,0
2022-11-16 15:15:00,14516,14516,14516,2,0
2022-11-16 15:15:00,14516,14516,14516,6,0
2022-11-16 15:15:00,14516,14516,14516,4,0
2022-11-16 15:15:00,14516,14516,14516,2,0
2022-11-16 15:15:00,14516,14516,14516,2,0
2022-11-16 15:15:00,14516,14516,14516,2,0
2022-11-16 15:15:00,14516,14516,14516,2,0
2022-11-16 15:15:00,14515,14515,14515,2,-2
2022-11-16 15:15:02,14515,14515,14515,2,0
2022-11-16 15:15:02,14515,14515,14515,2,0
2022-11-16 15:15:03,14516,14516,14516,2,2
2022-11-16 15:15:03,14515,14515,14515,2,-2
2022-11-16 15:15:03,14515,14515,14515,2,0
2022-11-16 15:15:03,14515,14515,14515,2,0
2022-11-16 15:15:03,14515,14515,14515,2,0
2022-11-16 15:15:03,14514,14514,14514,2,-2
2022-11-16 15:15:03,14514,14514,14514,2,0
2022-11-16 15:15:03,14514,14514,14514,2,0
2022-11-16 15:15:03,14516,14516,14516,8,8
2022-11-16 15:15:03,14516,14516,14516,2,0
2022-11-16 15:15:03,14516,14516,14516,2,0
2022-11-16 15:15:04,14516,14516,14516,2,0
2022-11-16 15:15:06,14514,14514,14514,2,-2
2022-11-16 15:15:06,14514,14514,14514,2,0
2022-11-16 15:15:06,14516,14516,14516,2,2
2022-11-16 15:15:09,14515,14515,14515,2,-2
2022-11-16 15:15:11,14515,14515,14515,2,0
2022-11-16 15:15:12,14514,14514,14514,2,-2
2022-11-16 15:15:14,14514,14514,14514,2,0
2022-11-16 15:15:14,14514,14514,14514,2,0
2022-11-16 15:15:16,14514,14514,14514,2,0
2022-11-16 15:15:16,14514,14514,14514,2,0
2022-11-16 15:15:16,14514,14514,14514,2,0
2022-11-16 15:15:16,14515,14515,14515,4,4
2022-11-16 15:15:16,14515,14515,14515,16,0
2022-11-16 15:15:19,14515,14515,14515,4,0
2022-11-16 15:15:21,14516,14516,14516,4,4
2022-11-16 15:15:21,14516,14516,14516,2,0
2022-11-16 15:15:21,14516,14516,14516,4,0
2022-11-16 15:15:21,14516,14516,14516,2,0
2022-11-16 15:15:28,14517,14517,14517,2,2
2022-11-16 15:15:29,14518,14518,14518,2,2
2022-11-16 15:15:29,14518,14518,14518,2,0
2022-11-16 15:15:32,14519,14519,14519,2,2
2022-11-16 15:15:32,14519,14519,14519,2,0
2022-11-16 15:15:35,14518,14518,14518,2,-2
2022-11-16 15:15:36,14516,14516,14516,2,-2
2022-11-16 15:15:36,14516,14516,14516,4,0
2022-11-16 15:15:38,14516,14516,14516,2,0
2022-11-16 15:15:38,14516,14516,14516,2,0
2022-11-16 15:15:38,14516,14516,14516,2,0
2022-11-16 15:15:38,14516,14516,14516,4,0
2022-11-16 15:15:38,14516,14516,14516,2,0
2022-11-16 15:15:40,14515,14515,14515,4,-4
2022-11-16 15:15:40,14515,14515,14515,2,0
2022-11-16 15:15:40,14515,14515,14515,2,0
2022-11-16 15:15:41,14514,14514,14514,2,-2
2022-11-16 15:15:44,14515,14515,14515,2,2
2022-11-16 15:15:48,14515,14515,14515,2,0
2022-11-16 15:15:52,14515,14515,14515,2,0
2022-11-16 15:16:00,14514,14514,14514,2,-2
2022-11-16 15:16:00,14514,14514,14514,2,0
2022-11-16 15:16:00,14515,14515,14515,2,2
2022-11-16 15:16:03,14514,14514,14514,2,-2
2022-11-16 15:16:03,14515,14515,14515,2,2
2022-11-16 15:16:03,14515,14515,14515,10,0
2022-11-16 15:16:03,14515,14515,14515,2,0
2022-11-16 15:16:03,14515,14515,14515,2,0
2022-11-16 15:16:07,14516,14516,14516,2,2
2022-11-16 15:16:07,14515,14515,14515,2,-2
2022-11-16 15:16:08,14515,14515,14515,2,0
2022-11-16 15:16:08,14515,14515,14515,2,0
2022-11-16 15:16:08,14517,14517,14517,2,2
2022-11-16 15:16:08,14516,14516,14516,2,-2
2022-11-16 15:16:10,14515,14515,14515,2,-2
2022-11-16 15:16:12,14515,14515,14515,8,0
2022-11-16 15:16:16,14515,14515,14515,2,0
2022-11-16 15:16:16,14515,14515,14515,2,0
2022-11-16 15:16:16,14515,14515,14515,4,0
2022-11-16 15:16:16,14515,14515,14515,26,0
2022-11-16 15:16:16,14515,14515,14515,14,0
2022-11-16 15:16:16,14515,14515,14515,2,0
2022-11-16 15:16:16,14515,14515,14515,2,0
2022-11-16 15:16:16,14515,14515,14515,2,0
2022-11-16 15:16:18,14515,14515,14515,2,0
2022-11-16 15:16:20,14514,14514,14514,2,-2
2022-11-16 15:16:20,14515,14515,14515,2,2
2022-11-16 15:16:20,14514,14514,14514,2,-2
2022-11-16 15:16:22,14516,14516,14516,2,2
2022-11-16 15:16:28,14514,14514,14514,2,-2
2022-11-16 15:16:28,14514,14514,14514,2,0
2022-11-16 15:16:28,14514,14514,14514,2,0
2022-11-16 15:16:28,14515,14515,14515,2,2
2022-11-16 15:16:40,14513,14513,14513,2,-2
2022-11-16 15:16:40,14514,14514,14514,2,2
2022-11-16 15:16:40,14514,14514,14514,2,0
2022-11-16 15:16:40,14514,14514,14514,2,0
2022-11-16 15:16:41,14515,14515,14515,2,2
2022-11-16 15:16:41,14515,14515,14515,2,0
2022-11-16 15:16:43,14515,14515,14515,2,0
2022-11-16 15:16:43,14515,14515,14515,2,0
2022-11-16 15:16:48,14514,14514,14514,2,-2
2022-11-16 15:16:48,14514,14514,14514,2,0
2022-11-16 15:16:53,14515,14515,14515,2,2
2022-11-16 15:16:53,14515,14515,14515,20,0
2022-11-16 15:16:53,14515,14515,14515,2,0
2022-11-16 15:16:56,14514,14514,14514,2,-2
2022-11-16 15:16:57,14513,14513,14513,2,-2
2022-11-16 15:16:57,14513,14513,14513,4,0
2022-11-16 15:16:58,14513,14513,14513,2,0
2022-11-16 15:16:58,14513,14513,14513,8,0
2022-11-16 15:16:58,14513,14513,14513,2,0
2022-11-16 15:16:58,14513,14513,14513,2,0
2022-11-16 15:16:58,14513,14513,14513,2,0
2022-11-16 15:16:58,14513,14513,14513,2,0
2022-11-16 15:16:58,14513,14513,14513,2,0
2022-11-16 15:16:58,14513,14513,14513,2,0
2022-11-16 15:16:58,14513,14513,14513,2,0
2022-11-16 15:16:58,14513,14513,14513,2,0
2022-11-16 15:16:58,14513,14513,14513,2,0
2022-11-16 15:16:59,14512,14512,14512,2,-2
2022-11-16 15:16:59,14512,14512,14512,2,0
2022-11-16 15:16:59,14512,14512,14512,2,0
2022-11-16 15:16:59,14512,14512,14512,2,0
2022-11-16 15:17:00,14511,14511,14511,2,-2
2022-11-16 15:17:00,14512,14512,14512,2,2
2022-11-16 15:17:00,14513,14513,14513,4,4
2022-11-16 15:17:01,14511,14511,14511,2,-2
2022-11-16 15:17:01,14511,14511,14511,8,0
2022-11-16 15:17:01,14511,14511,14511,2,0
2022-11-16 15:17:01,14511,14511,14511,4,0
2022-11-16 15:17:01,14511,14511,14511,2,0
2022-11-16 15:17:01,14511,14511,14511,2,0
2022-11-16 15:17:01,14511,14511,14511,2,0
2022-11-16 15:17:02,14510,14510,14510,2,-2
2022-11-16 15:17:02,14510,14510,14510,2,0
2022-11-16 15:17:02,14510,14510,14510,2,0
2022-11-16 15:17:02,14510,14510,14510,2,0
2022-11-16 15:17:02,14510,14510,14510,2,0
2022-11-16 15:17:02,14510,14510,14510,2,0
2022-11-16 15:17:02,14510,14510,14510,2,0
2022-11-16 15:17:02,14510,14510,14510,2,0
2022-11-16 15:17:02,14510,14510,14510,6,0
2022-11-16 15:17:02,14510,14510,14510,2,0
2022-11-16 15:17:02,14510,14510,14510,2,0
2022-11-16 15:17:02,14509,14509,14509,2,-2
2022-11-16 15:17:02,14509,14509,14509,2,0
2022-11-16 15:17:02,14509,14509,14509,2,0
2022-11-16 15:17:02,14508,14508,14508,2,-2
2022-11-16 15:17:03,14510,14510,14510,2,2
2022-11-16 15:17:03,14511,14511,14511,2,2
2022-11-16 15:17:03,14511,14511,14511,2,0
2022-11-16 15:17:03,14511,14511,14511,2,0
2022-11-16 15:17:03,14509,14509,14509,2,-2
2022-11-16 15:17:03,14509,14509,14509,2,0
2022-11-16 15:17:03,14509,14509,14509,2,0
2022-11-16 15:17:04,14508,14508,14508,2,-2
2022-11-16 15:17:04,14508,14508,14508,2,0
2022-11-16 15:17:05,14509,14509,14509,2,2
2022-11-16 15:17:05,14509,14509,14509,2,0
2022-11-16 15:17:06,14509,14509,14509,2,0
2022-11-16 15:17:10,14509,14509,14509,2,0
2022-11-16 15:17:10,14509,14509,14509,2,0
2022-11-16 15:17:10,14509,14509,14509,2,0
2022-11-16 15:17:13,14508,14508,14508,18,-18
2022-11-16 15:17:13,14508,14508,14508,2,0
2022-11-16 15:17:13,14508,14508,14508,2,0
2022-11-16 15:17:13,14508,14508,14508,2,0
2022-11-16 15:17:13,14508,14508,14508,2,0
2022-11-16 15:17:13,14508,14508,14508,2,0
2022-11-16 15:17:13,14508,14508,14508,2,0
2022-11-16 15:17:13,14508,14508,14508,4,0
2022-11-16 15:17:13,14508,14508,14508,2,0
2022-11-16 15:17:13,14508,14508,14508,2,0
2022-11-16 15:17:13,14508,14508,14508,4,0
2022-11-16 15:17:13,14508,14508,14508,2,0
2022-11-16 15:17:13,14508,14508,14508,2,0
2022-11-16 15:17:13,14507,14507,14507,2,-2
2022-11-16 15:17:13,14507,14507,14507,2,0
2022-11-16 15:17:13,14507,14507,14507,2,0
2022-11-16 15:17:14,14509,14509,14509,16,16
2022-11-16 15:17:15,14507,14507,14507,2,-2
2022-11-16 15:17:15,14509,14509,14509,2,2
2022-11-16 15:17:15,14507,14507,14507,2,-2
2022-11-16 15:17:15,14509,14509,14509,2,2
2022-11-16 15:17:16,14507,14507,14507,2,-2
2022-11-16 15:17:17,14506,14506,14506,2,-2
2022-11-16 15:17:18,14506,14506,14506,4,0
2022-11-16 15:17:18,14506,14506,14506,2,0
2022-11-16 15:17:20,14507,14507,14507,2,2
2022-11-16 15:17:21,14508,14508,14508,4,4
2022-11-16 15:17:21,14509,14509,14509,6,6
2022-11-16 15:17:22,14508,14508,14508,2,-2
2022-11-16 15:17:22,14508,14508,14508,4,0
2022-11-16 15:17:22,14508,14508,14508,2,0
2022-11-16 15:17:22,14508,14508,14508,2,0
2022-11-16 15:17:23,14509,14509,14509,2,2
2022-11-16 15:17:25,14508,14508,14508,2,-2
2022-11-16 15:17:26,14508,14508,14508,2,0
2022-11-16 15:17:27,14507,14507,14507,2,-2
2022-11-16 15:17:27,14509,14509,14509,2,2
2022-11-16 15:17:28,14507,14507,14507,2,-2
2022-11-16 15:17:29,14509,14509,14509,4,4
2022-11-16 15:17:29,14507,14507,14507,2,-2
2022-11-16 15:17:29,14507,14507,14507,2,0
2022-11-16 15:17:30,14508,14508,14508,2,2
2022-11-16 15:17:31,14509,14509,14509,2,2
2022-11-16 15:17:31,14509,14509,14509,10,0
2022-11-16 15:17:31,14509,14509,14509,2,0
2022-11-16 15:17:31,14508,14508,14508,2,-2
2022-11-16 15:17:31,14508,14508,14508,2,0
2022-11-16 15:17:32,14510,14510,14510,8,8
2022-11-16 15:17:32,14510,14510,14510,2,0
2022-11-16 15:17:34,14510,14510,14510,2,0
2022-11-16 15:17:34,14509,14509,14509,2,-2
2022-11-16 15:17:35,14510,14510,14510,2,2
2022-11-16 15:17:39,14510,14510,14510,2,0
2022-11-16 15:17:39,14510,14510,14510,4,0
2022-11-16 15:17:40,14511,14511,14511,8,8
2022-11-16 15:17:42,14512,14512,14512,4,4
2022-11-16 15:17:42,14512,14512,14512,2,0
2022-11-16 15:17:42,14511,14511,14511,2,-2
2022-11-16 15:17:42,14511,14511,14511,4,0
2022-11-16 15:17:44,14513,14513,14513,8,8
2022-11-16 15:17:44,14514,14514,14514,2,2
2022-11-16 15:17:44,14512,14512,14512,4,-4
2022-11-16 15:17:45,14512,14512,14512,2,0
2022-11-16 15:17:50,14513,14513,14513,2,2
2022-11-16 15:17:50,14512,14512,14512,2,-2
2022-11-16 15:17:50,14512,14512,14512,2,0
2022-11-16 15:17:51,14512,14512,14512,2,0
2022-11-16 15:17:53,14513,14513,14513,2,2
2022-11-16 15:17:53,14513,14513,14513,2,0
2022-11-16 15:17:54,14515,14515,14515,2,2
2022-11-16 15:17:56,14513,14513,14513,2,-2
2022-11-16 15:17:56,14514,14514,14514,2,2
2022-11-16 15:17:58,14513,14513,14513,2,-2
2022-11-16 15:17:58,14513,14513,14513,2,0
2022-11-16 15:18:00,14514,14514,14514,2,2
2022-11-16 15:18:01,14513,14513,14513,2,-2
2022-11-16 15:18:06,14515,14515,14515,10,10
2022-11-16 15:18:06,14515,14515,14515,2,0
2022-11-16 15:18:06,14515,14515,14515,10,0
2022-11-16 15:18:07,14514,14514,14514,2,-2
2022-11-16 15:18:07,14516,14516,14516,2,2
2022-11-16 15:18:07,14516,14516,14516,2,0
2022-11-16 15:18:10,14516,14516,14516,2,0
2022-11-16 15:18:11,14516,14516,14516,2,0
2022-11-16 15:18:12,14516,14516,14516,2,0
2022-11-16 15:18:12,14517,14517,14517,4,4
2022-11-16 15:18:13,14518,14518,14518,2,2
2022-11-16 15:18:13,14517,14517,14517,2,-2
2022-11-16 15:18:14,14518,14518,14518,2,2
2022-11-16 15:18:17,14518,14518,14518,2,0
2022-11-16 15:18:20,14519,14519,14519,2,2
2022-11-16 15:18:20,14519,14519,14519,2,0
2022-11-16 15:18:21,14520,14520,14520,10,10
2022-11-16 15:18:21,14521,14521,14521,2,2
2022-11-16 15:18:22,14521,14521,14521,2,0
2022-11-16 15:18:23,14520,14520,14520,2,-2
2022-11-16 15:18:24,14521,14521,14521,2,2
2022-11-16 15:18:28,14520,14520,14520,2,-2
2022-11-16 15:18:28,14520,14520,14520,2,0
2022-11-16 15:18:28,14520,14520,14520,2,0
2022-11-16 15:18:28,14520,14520,14520,4,0
2022-11-16 15:18:28,14520,14520,14520,2,0
2022-11-16 15:18:28,14520,14520,14520,2,0
2022-11-16 15:18:30,14519,14519,14519,2,-2
2022-11-16 15:18:32,14519,14519,14519,20,0
2022-11-16 15:18:32,14518,14518,14518,2,-2
2022-11-16 15:18:32,14518,14518,14518,2,0
2022-11-16 15:18:32,14518,14518,14518,2,0
2022-11-16 15:18:32,14518,14518,14518,2,0
2022-11-16 15:18:32,14517,14517,14517,2,-2
2022-11-16 15:18:33,14520,14520,14520,2,2
2022-11-16 15:18:35,14520,14520,14520,2,0
2022-11-16 15:18:36,14520,14520,14520,10,0
2022-11-16 15:18:44,14519,14519,14519,2,-2
2022-11-16 15:18:49,14519,14519,14519,2,0
2022-11-16 15:18:50,14519,14519,14519,4,0
2022-11-16 15:18:51,14519,14519,14519,2,0
2022-11-16 15:19:00,14518,14518,14518,2,-2
2022-11-16 15:19:00,14518,14518,14518,2,0
2022-11-16 15:19:00,14519,14519,14519,2,2
2022-11-16 15:19:00,14518,14518,14518,2,-2
2022-11-16 15:19:01,14518,14518,14518,2,0
2022-11-16 15:19:01,14519,14519,14519,4,4
2022-11-16 15:19:02,14520,14520,14520,2,2
2022-11-16 15:19:04,14519,14519,14519,2,-2
2022-11-16 15:19:04,14520,14520,14520,10,10
2022-11-16 15:19:04,14520,14520,14520,2,0
2022-11-16 15:19:09,14521,14521,14521,6,6
2022-11-16 15:19:09,14521,14521,14521,2,0
2022-11-16 15:19:10,14520,14520,14520,2,-2
2022-11-16 15:19:10,14520,14520,14520,2,0
2022-11-16 15:19:11,14519,14519,14519,2,-2
2022-11-16 15:19:11,14519,14519,14519,2,0
2022-11-16 15:19:17,14520,14520,14520,2,2
2022-11-16 15:19:17,14520,14520,14520,2,0
2022-11-16 15:19:19,14520,14520,14520,2,0
2022-11-16 15:19:20,14520,14520,14520,6,0
2022-11-16 15:19:20,14520,14520,14520,12,0
2022-11-16 15:19:21,14520,14520,14520,2,0
2022-11-16 15:19:21,14520,14520,14520,2,0
2022-11-16 15:19:25,14521,14521,14521,2,2
2022-11-16 15:19:29,14521,14521,14521,2,0
2022-11-16 15:19:29,14521,14521,14521,2,0
2022-11-16 15:19:29,14521,14521,14521,2,0
2022-11-16 15:19:29,14521,14521,14521,4,0
2022-11-16 15:19:29,14520,14520,14520,2,-2
2022-11-16 15:19:29,14520,14520,14520,2,0
2022-11-16 15:19:30,14522,14522,14522,6,6
2022-11-16 15:19:32,14523,14523,14523,4,4
2022-11-16 15:19:32,14524,14524,14524,2,2
2022-11-16 15:19:32,14524,14524,14524,4,0
2022-11-16 15:19:32,14522,14522,14522,2,-2
2022-11-16 15:19:35,14523,14523,14523,2,2
2022-11-16 15:19:36,14524,14524,14524,4,4
2022-11-16 15:19:40,14522,14522,14522,4,-4
2022-11-16 15:19:40,14522,14522,14522,6,0
2022-11-16 15:19:40,14522,14522,14522,2,0
2022-11-16 15:19:40,14522,14522,14522,2,0
2022-11-16 15:19:40,14522,14522,14522,2,0
2022-11-16 15:19:41,14523,14523,14523,2,2
2022-11-16 15:19:43,14523,14523,14523,2,0
2022-11-16 15:19:44,14522,14522,14522,2,-2
2022-11-16 15:19:47,14522,14522,14522,2,0
2022-11-16 15:19:48,14522,14522,14522,8,0
2022-11-16 15:19:48,14523,14523,14523,2,2
2022-11-16 15:19:50,14523,14523,14523,14,0
2022-11-16 15:19:52,14523,14523,14523,2,0
2022-11-16 15:19:53,14523,14523,14523,2,0
2022-11-16 15:19:53,14523,14523,14523,2,0
2022-11-16 15:19:53,14524,14524,14524,4,4
2022-11-16 15:19:56,14524,14524,14524,6,0
2022-11-16 15:19:57,14523,14523,14523,2,-2
2022-11-16 15:19:57,14523,14523,14523,2,0
2022-11-16 15:19:59,14524,14524,14524,2,2
2022-11-16 15:20:01,14524,14524,14524,8,0
2022-11-16 15:20:01,14524,14524,14524,2,0
2022-11-16 15:20:01,14525,14525,14525,4,4
2022-11-16 15:20:02,14525,14525,14525,26,0
2022-11-16 15:20:02,14525,14525,14525,2,0
2022-11-16 15:20:02,14525,14525,14525,10,0
2022-11-16 15:20:02,14525,14525,14525,2,0
2022-11-16 15:20:02,14525,14525,14525,2,0
2022-11-16 15:20:02,14525,14525,14525,2,0
2022-11-16 15:20:03,14524,14524,14524,2,-2
2022-11-16 15:20:05,14524,14524,14524,2,0
2022-11-16 15:20:07,14525,14525,14525,2,2
2022-11-16 15:20:10,14526,14526,14526,10,10
2022-11-16 15:20:10,14526,14526,14526,2,0
2022-11-16 15:20:12,14526,14526,14526,2,0
2022-11-16 15:20:13,14525,14525,14525,2,-2
2022-11-16 15:20:14,14526,14526,14526,2,2
2022-11-16 15:20:14,14525,14525,14525,2,-2
2022-11-16 15:20:15,14525,14525,14525,2,0
2022-11-16 15:20:16,14525,14525,14525,2,0
2022-11-16 15:20:18,14525,14525,14525,2,0
2022-11-16 15:20:18,14526,14526,14526,4,4
2022-11-16 15:20:18,14525,14525,14525,2,-2
2022-11-16 15:20:20,14525,14525,14525,2,0
2022-11-16 15:20:20,14525,14525,14525,2,0
2022-11-16 15:20:21,14525,14525,14525,4,0
2022-11-16 15:20:23,14524,14524,14524,2,-2
2022-11-16 15:20:24,14524,14524,14524,8,0
2022-11-16 15:20:24,14524,14524,14524,2,0
2022-11-16 15:20:24,14524,14524,14524,2,0
2022-11-16 15:20:24,14525,14525,14525,4,4
2022-11-16 15:20:25,14525,14525,14525,2,0
2022-11-16 15:20:25,14525,14525,14525,10,0
2022-11-16 15:20:27,14525,14525,14525,2,0
2022-11-16 15:20:29,14523,14523,14523,2,-2
2022-11-16 15:20:29,14524,14524,14524,2,2
2022-11-16 15:20:29,14525,14525,14525,2,2
2022-11-16 15:20:35,14526,14526,14526,2,2
2022-11-16 15:20:37,14525,14525,14525,2,-2
2022-11-16 15:20:40,14525,14525,14525,6,0
2022-11-16 15:20:41,14524,14524,14524,4,-4
2022-11-16 15:20:42,14523,14523,14523,2,-2
2022-11-16 15:20:42,14523,14523,14523,2,0
2022-11-16 15:20:42,14523,14523,14523,2,0
2022-11-16 15:20:42,14524,14524,14524,2,2
2022-11-16 15:20:42,14522,14522,14522,2,-2
2022-11-16 15:20:45,14524,14524,14524,2,2
2022-11-16 15:20:48,14524,14524,14524,2,0
2022-11-16 15:20:51,14523,14523,14523,2,-2
2022-11-16 15:20:51,14522,14522,14522,2,-2
2022-11-16 15:20:51,14522,14522,14522,2,0
2022-11-16 15:20:52,14522,14522,14522,2,0
2022-11-16 15:20:54,14521,14521,14521,2,-2
2022-11-16 15:20:55,14522,14522,14522,2,2
2022-11-16 15:20:56,14522,14522,14522,2,0
2022-11-16 15:20:56,14522,14522,14522,2,0
2022-11-16 15:20:57,14521,14521,14521,2,-2
2022-11-16 15:20:59,14521,14521,14521,2,0
2022-11-16 15:21:01,14522,14522,14522,2,2
2022-11-16 15:21:05,14522,14522,14522,2,0
2022-11-16 15:21:05,14522,14522,14522,6,0
2022-11-16 15:21:05,14522,14522,14522,2,0
2022-11-16 15:21:05,14522,14522,14522,2,0
2022-11-16 15:21:05,14522,14522,14522,6,0
2022-11-16 15:21:05,14522,14522,14522,2,0
2022-11-16 15:21:06,14523,14523,14523,4,4
2022-11-16 15:21:06,14523,14523,14523,2,0
2022-11-16 15:21:10,14524,14524,14524,4,4
2022-11-16 15:21:10,14523,14523,14523,2,-2
2022-11-16 15:21:21,14522,14522,14522,2,-2
2022-11-16 15:21:26,14523,14523,14523,2,2
2022-11-16 15:21:27,14524,14524,14524,2,2
2022-11-16 15:21:32,14522,14522,14522,2,-2
2022-11-16 15:21:34,14523,14523,14523,4,4
2022-11-16 15:21:36,14523,14523,14523,2,0
2022-11-16 15:21:37,14522,14522,14522,2,-2
2022-11-16 15:21:37,14522,14522,14522,2,0
2022-11-16 15:21:37,14522,14522,14522,2,0
2022-11-16 15:21:37,14522,14522,14522,4,0
2022-11-16 15:21:39,14523,14523,14523,2,2
2022-11-16 15:21:46,14523,14523,14523,2,0
2022-11-16 15:21:47,14523,14523,14523,2,0
2022-11-16 15:21:48,14524,14524,14524,4,4
2022-11-16 15:21:54,14524,14524,14524,2,0
2022-11-16 15:21:54,14525,14525,14525,10,10
2022-11-16 15:21:55,14524,14524,14524,2,-2
2022-11-16 15:21:58,14523,14523,14523,2,-2
2022-11-16 15:22:03,14524,14524,14524,2,2
2022-11-16 15:22:08,14525,14525,14525,2,2
2022-11-16 15:22:12,14525,14525,14525,2,0
2022-11-16 15:22:17,14523,14523,14523,2,-2
2022-11-16 15:22:18,14525,14525,14525,26,26
2022-11-16 15:22:24,14525,14525,14525,2,0
2022-11-16 15:22:24,14525,14525,14525,2,0
2022-11-16 15:22:24,14525,14525,14525,2,0
2022-11-16 15:22:32,14526,14526,14526,2,2
2022-11-16 15:22:32,14526,14526,14526,10,0
2022-11-16 15:22:32,14526,14526,14526,8,0
2022-11-16 15:22:33,14526,14526,14526,2,0
2022-11-16 15:22:36,14526,14526,14526,2,0
2022-11-16 15:22:38,14525,14525,14525,2,-2
2022-11-16 15:22:42,14526,14526,14526,2,2
2022-11-16 15:22:53,14526,14526,14526,2,0
2022-11-16 15:22:58,14527,14527,14527,6,6
2022-11-16 15:22:59,14526,14526,14526,2,-2
2022-11-16 15:22:59,14525,14525,14525,2,-2
2022-11-16 15:22:59,14525,14525,14525,2,0
2022-11-16 15:22:59,14525,14525,14525,4,0
2022-11-16 15:22:59,14525,14525,14525,2,0
2022-11-16 15:22:59,14525,14525,14525,2,0
2022-11-16 15:22:59,14525,14525,14525,28,0
2022-11-16 15:22:59,14525,14525,14525,2,0
2022-11-16 15:22:59,14525,14525,14525,2,0
2022-11-16 15:22:59,14525,14525,14525,4,0
2022-11-16 15:22:59,14525,14525,14525,2,0
2022-11-16 15:22:59,14524,14524,14524,2,-2
2022-11-16 15:22:59,14524,14524,14524,2,0
2022-11-16 15:22:59,14525,14525,14525,2,2
2022-11-16 15:22:59,14524,14524,14524,2,-2
2022-11-16 15:23:01,14525,14525,14525,2,2
2022-11-16 15:23:03,14525,14525,14525,2,0
2022-11-16 15:23:03,14524,14524,14524,2,-2
2022-11-16 15:23:24,14525,14525,14525,2,2
2022-11-16 15:23:24,14525,14525,14525,2,0
2022-11-16 15:23:24,14525,14525,14525,8,0
2022-11-16 15:23:24,14525,14525,14525,2,0
2022-11-16 15:23:29,14525,14525,14525,2,0
2022-11-16 15:23:36,14524,14524,14524,2,-2
2022-11-16 15:23:36,14525,14525,14525,2,2
2022-11-16 15:23:38,14525,14525,14525,2,0
2022-11-16 15:23:38,14526,14526,14526,2,2
2022-11-16 15:23:44,14524,14524,14524,2,-2
2022-11-16 15:23:47,14523,14523,14523,2,-2
2022-11-16 15:23:54,14524,14524,14524,2,2
2022-11-16 15:23:54,14523,14523,14523,2,-2
2022-11-16 15:23:54,14523,14523,14523,2,0
2022-11-16 15:23:56,14523,14523,14523,2,0
2022-11-16 15:24:04,14525,14525,14525,2,2
2022-11-16 15:24:05,14525,14525,14525,2,0
2022-11-16 15:24:10,14525,14525,14525,2,0
2022-11-16 15:24:12,14526,14526,14526,2,2
2022-11-16 15:24:12,14526,14526,14526,18,0
2022-11-16 15:24:12,14526,14526,14526,2,0
2022-11-16 15:24:13,14526,14526,14526,2,0
2022-11-16 15:24:20,14525,14525,14525,2,-2
2022-11-16 15:24:21,14527,14527,14527,12,12
2022-11-16 15:24:21,14528,14528,14528,2,2
2022-11-16 15:24:21,14528,14528,14528,10,0
2022-11-16 15:24:21,14528,14528,14528,8,0
2022-11-16 15:24:21,14528,14528,14528,8,0
2022-11-16 15:24:21,14528,14528,14528,2,0
2022-11-16 15:24:22,14527,14527,14527,4,-4
2022-11-16 15:24:25,14529,14529,14529,2,2
2022-11-16 15:24:31,14528,14528,14528,4,-4
2022-11-16 15:24:36,14527,14527,14527,2,-2
2022-11-16 15:24:39,14526,14526,14526,2,-2
2022-11-16 15:24:45,14527,14527,14527,2,2
2022-11-16 15:24:50,14527,14527,14527,2,0
2022-11-16 15:24:51,14526,14526,14526,2,-2
2022-11-16 15:24:52,14526,14526,14526,2,0
2022-11-16 15:24:54,14527,14527,14527,2,2
2022-11-16 15:24:54,14527,14527,14527,2,0
2022-11-16 15:24:55,14527,14527,14527,2,0
2022-11-16 15:24:55,14527,14527,14527,2,0
2022-11-16 15:24:55,14527,14527,14527,2,0
2022-11-16 15:24:55,14527,14527,14527,2,0
2022-11-16 15:24:55,14527,14527,14527,2,0
2022-11-16 15:24:55,14527,14527,14527,2,0
2022-11-16 15:25:04,14527,14527,14527,2,0
2022-11-16 15:25:04,14527,14527,14527,4,0
2022-11-16 15:25:04,14527,14527,14527,2,0
2022-11-16 15:25:15,14526,14526,14526,4,-4
2022-11-16 15:25:15,14526,14526,14526,2,0
2022-11-16 15:25:15,14526,14526,14526,2,0
2022-11-16 15:25:15,14526,14526,14526,2,0
2022-11-16 15:25:17,14525,14525,14525,2,-2
2022-11-16 15:25:17,14525,14525,14525,20,0
2022-11-16 15:25:17,14525,14525,14525,2,0
2022-11-16 15:25:17,14525,14525,14525,38,0
2022-11-16 15:25:17,14525,14525,14525,2,0
2022-11-16 15:25:17,14525,14525,14525,2,0
2022-11-16 15:25:17,14525,14525,14525,4,0
2022-11-16 15:25:17,14525,14525,14525,2,0
2022-11-16 15:25:18,14525,14525,14525,2,0
2022-11-16 15:25:26,14525,14525,14525,2,0
2022-11-16 15:25:30,14523,14523,14523,2,-2
2022-11-16 15:25:37,14523,14523,14523,2,0
2022-11-16 15:25:40,14523,14523,14523,2,0
2022-11-16 15:25:40,14524,14524,14524,2,2
2022-11-16 15:25:41,14525,14525,14525,2,2
2022-11-16 15:25:41,14525,14525,14525,2,0
2022-11-16 15:25:42,14524,14524,14524,2,-2
2022-11-16 15:25:45,14523,14523,14523,2,-2
2022-11-16 15:25:45,14523,14523,14523,4,0
2022-11-16 15:25:45,14523,14523,14523,2,0
2022-11-16 15:25:45,14523,14523,14523,2,0
2022-11-16 15:25:45,14523,14523,14523,2,0
2022-11-16 15:25:45,14523,14523,14523,2,0
2022-11-16 15:25:47,14522,14522,14522,2,-2
2022-11-16 15:25:48,14522,14522,14522,2,0
2022-11-16 15:25:48,14523,14523,14523,2,2
2022-11-16 15:25:49,14522,14522,14522,2,-2
2022-11-16 15:25:53,14523,14523,14523,4,4
2022-11-16 15:25:53,14523,14523,14523,2,0
2022-11-16 15:26:00,14524,14524,14524,2,2
2022-11-16 15:26:01,14525,14525,14525,2,2
2022-11-16 15:26:01,14525,14525,14525,6,0
2022-11-16 15:26:03,14526,14526,14526,4,4
2022-11-16 15:26:03,14526,14526,14526,2,0
2022-11-16 15:26:05,14527,14527,14527,4,4
2022-11-16 15:26:07,14527,14527,14527,2,0
2022-11-16 15:26:07,14527,14527,14527,8,0
2022-11-16 15:26:07,14528,14528,14528,2,2
2022-11-16 15:26:11,14527,14527,14527,10,-10
2022-11-16 15:26:17,14527,14527,14527,10,0
2022-11-16 15:26:19,14526,14526,14526,2,-2
2022-11-16 15:26:19,14526,14526,14526,2,0
2022-11-16 15:26:24,14525,14525,14525,2,-2
2022-11-16 15:26:24,14525,14525,14525,2,0
2022-11-16 15:26:25,14525,14525,14525,2,0
2022-11-16 15:26:26,14523,14523,14523,2,-2
2022-11-16 15:26:35,14523,14523,14523,2,0
2022-11-16 15:26:38,14523,14523,14523,6,0
2022-11-16 15:26:38,14523,14523,14523,2,0
2022-11-16 15:26:38,14523,14523,14523,2,0
2022-11-16 15:26:38,14523,14523,14523,2,0
2022-11-16 15:26:38,14523,14523,14523,2,0
2022-11-16 15:26:38,14523,14523,14523,4,0
2022-11-16 15:26:39,14524,14524,14524,2,2
2022-11-16 15:26:44,14523,14523,14523,2,-2
2022-11-16 15:26:53,14522,14522,14522,2,-2
2022-11-16 15:26:53,14522,14522,14522,2,0
2022-11-16 15:26:53,14522,14522,14522,2,0
2022-11-16 15:26:53,14522,14522,14522,2,0
2022-11-16 15:26:53,14522,14522,14522,2,0
2022-11-16 15:26:54,14523,14523,14523,2,2
2022-11-16 15:27:01,14522,14522,14522,2,-2
2022-11-16 15:27:10,14522,14522,14522,2,0
2022-11-16 15:27:19,14523,14523,14523,4,4
2022-11-16 15:27:21,14523,14523,14523,2,0
2022-11-16 15:27:26,14523,14523,14523,2,0
2022-11-16 15:27:26,14524,14524,14524,2,2
2022-11-16 15:27:26,14524,14524,14524,4,0
2022-11-16 15:27:28,14523,14523,14523,4,-4
2022-11-16 15:27:28,14523,14523,14523,2,0
2022-11-16 15:27:28,14523,14523,14523,2,0
2022-11-16 15:27:28,14523,14523,14523,2,0
2022-11-16 15:27:28,14524,14524,14524,2,2
2022-11-16 15:27:28,14524,14524,14524,4,0
2022-11-16 15:27:28,14523,14523,14523,4,-4
2022-11-16 15:27:29,14524,14524,14524,2,2
2022-11-16 15:27:29,14524,14524,14524,4,0
2022-11-16 15:27:29,14524,14524,14524,4,0
2022-11-16 15:27:30,14525,14525,14525,2,2
2022-11-16 15:27:30,14525,14525,14525,16,0
2022-11-16 15:27:30,14525,14525,14525,2,0
2022-11-16 15:27:30,14525,14525,14525,2,0
2022-11-16 15:27:30,14525,14525,14525,2,0
2022-11-16 15:27:32,14525,14525,14525,4,0
2022-11-16 15:27:32,14525,14525,14525,2,0
2022-11-16 15:27:32,14525,14525,14525,2,0
2022-11-16 15:27:32,14525,14525,14525,2,0
2022-11-16 15:27:33,14526,14526,14526,2,2
2022-11-16 15:27:33,14526,14526,14526,6,0
2022-11-16 15:27:33,14527,14527,14527,2,2
2022-11-16 15:27:33,14527,14527,14527,2,0
2022-11-16 15:27:34,14528,14528,14528,2,2
2022-11-16 15:27:34,14528,14528,14528,4,0
2022-11-16 15:27:34,14528,14528,14528,6,0
2022-11-16 15:27:34,14528,14528,14528,2,0
2022-11-16 15:27:34,14528,14528,14528,2,0
2022-11-16 15:27:34,14529,14529,14529,4,4
2022-11-16 15:27:34,14529,14529,14529,10,0
2022-11-16 15:27:34,14529,14529,14529,6,0
2022-11-16 15:27:34,14529,14529,14529,38,0
2022-11-16 15:27:34,14530,14530,14530,2,2
2022-11-16 15:27:34,14529,14529,14529,2,-2
2022-11-16 15:27:34,14529,14529,14529,6,0
2022-11-16 15:27:34,14529,14529,14529,2,0
2022-11-16 15:27:34,14530,14530,14530,2,2
2022-11-16 15:27:35,14529,14529,14529,2,-2
2022-11-16 15:27:35,14529,14529,14529,2,0
2022-11-16 15:27:35,14529,14529,14529,2,0
2022-11-16 15:27:35,14529,14529,14529,2,0
2022-11-16 15:27:35,14529,14529,14529,2,0
2022-11-16 15:27:37,14530,14530,14530,10,10
2022-11-16 15:27:37,14530,14530,14530,14,0
2022-11-16 15:27:37,14530,14530,14530,2,0
2022-11-16 15:27:37,14530,14530,14530,8,0
2022-11-16 15:27:38,14529,14529,14529,2,-2
2022-11-16 15:27:39,14530,14530,14530,2,2
2022-11-16 15:27:40,14530,14530,14530,2,0
2022-11-16 15:27:40,14529,14529,14529,4,-4
2022-11-16 15:27:40,14529,14529,14529,2,0
2022-11-16 15:27:40,14529,14529,14529,2,0
2022-11-16 15:27:41,14529,14529,14529,4,0
2022-11-16 15:27:41,14529,14529,14529,2,0
2022-11-16 15:27:44,14529,14529,14529,2,0
2022-11-16 15:27:44,14527,14527,14527,2,-2
2022-11-16 15:27:45,14528,14528,14528,2,2
2022-11-16 15:27:45,14528,14528,14528,2,0
2022-11-16 15:27:51,14528,14528,14528,6,0
2022-11-16 15:27:52,14529,14529,14529,4,4
2022-11-16 15:27:53,14528,14528,14528,4,-4
2022-11-16 15:27:53,14528,14528,14528,2,0
2022-11-16 15:27:55,14528,14528,14528,4,0
2022-11-16 15:27:57,14527,14527,14527,2,-2
2022-11-16 15:27:57,14527,14527,14527,2,0
2022-11-16 15:27:57,14527,14527,14527,2,0
2022-11-16 15:27:57,14527,14527,14527,4,0
2022-11-16 15:27:57,14528,14528,14528,4,4
2022-11-16 15:27:58,14528,14528,14528,2,0
2022-11-16 15:28:10,14528,14528,14528,2,0
2022-11-16 15:28:10,14528,14528,14528,2,0
2022-11-16 15:28:10,14528,14528,14528,2,0
2022-11-16 15:28:11,14528,14528,14528,4,0
2022-11-16 15:28:11,14529,14529,14529,8,8
2022-11-16 15:28:12,14529,14529,14529,14,0
2022-11-16 15:28:12,14529,14529,14529,6,0
2022-11-16 15:28:14,14529,14529,14529,4,0
2022-11-16 15:28:15,14530,14530,14530,2,2
2022-11-16 15:28:16,14529,14529,14529,2,-2
2022-11-16 15:28:17,14529,14529,14529,2,0
2022-11-16 15:28:19,14529,14529,14529,2,0
2022-11-16 15:28:21,14529,14529,14529,6,0
2022-11-16 15:28:21,14530,14530,14530,4,4
2022-11-16 15:28:26,14528,14528,14528,2,-2
2022-11-16 15:28:26,14528,14528,14528,6,0
2022-11-16 15:28:29,14527,14527,14527,10,-10
2022-11-16 15:28:29,14526,14526,14526,2,-2
2022-11-16 15:28:30,14527,14527,14527,2,2
2022-11-16 15:28:32,14526,14526,14526,2,-2
2022-11-16 15:28:37,14525,14525,14525,2,-2
2022-11-16 15:28:37,14525,14525,14525,2,0
2022-11-16 15:28:41,14525,14525,14525,2,0
2022-11-16 15:28:41,14525,14525,14525,8,0
2022-11-16 15:28:46,14525,14525,14525,4,0
2022-11-16 15:28:47,14525,14525,14525,2,0
2022-11-16 15:28:52,14524,14524,14524,2,-2
2022-11-16 15:28:52,14524,14524,14524,4,0
2022-11-16 15:29:01,14525,14525,14525,2,2
2022-11-16 15:29:02,14525,14525,14525,2,0
2022-11-16 15:29:12,14525,14525,14525,2,0
2022-11-16 15:29:21,14525,14525,14525,2,0
2022-11-16 15:29:22,14525,14525,14525,2,0
2022-11-16 15:29:28,14524,14524,14524,2,-2
2022-11-16 15:29:28,14524,14524,14524,2,0
2022-11-16 15:29:28,14524,14524,14524,2,0
2022-11-16 15:29:28,14524,14524,14524,2,0
2022-11-16 15:29:28,14524,14524,14524,2,0
2022-11-16 15:29:28,14524,14524,14524,4,0
2022-11-16 15:29:33,14524,14524,14524,6,0
2022-11-16 15:29:36,14523,14523,14523,2,-2
2022-11-16 15:29:36,14523,14523,14523,2,0
2022-11-16 15:29:36,14523,14523,14523,4,0
2022-11-16 15:29:43,14524,14524,14524,2,2
2022-11-16 15:29:43,14524,14524,14524,2,0
2022-11-16 15:29:43,14524,14524,14524,4,0
2022-11-16 15:29:44,14524,14524,14524,2,0
2022-11-16 15:29:46,14523,14523,14523,2,-2
2022-11-16 15:29:47,14524,14524,14524,4,4
2022-11-16 15:29:48,14523,14523,14523,2,-2
2022-11-16 15:29:57,14523,14523,14523,2,0
2022-11-16 15:29:57,14523,14523,14523,2,0
2022-11-16 15:30:11,14523,14523,14523,2,0
2022-11-16 15:30:11,14523,14523,14523,2,0
2022-11-16 15:30:11,14523,14523,14523,2,0
2022-11-16 15:30:11,14522,14522,14522,2,-2
2022-11-16 15:30:12,14522,14522,14522,2,0
2022-11-16 15:30:12,14524,14524,14524,2,2
2022-11-16 15:30:15,14522,14522,14522,2,-2
2022-11-16 15:30:15,14522,14522,14522,2,0
2022-11-16 15:30:15,14522,14522,14522,2,0
2022-11-16 15:30:15,14522,14522,14522,4,0
2022-11-16 15:30:15,14522,14522,14522,2,0
2022-11-16 15:30:16,14521,14521,14521,2,-2
2022-11-16 15:30:16,14521,14521,14521,2,0
2022-11-16 15:30:16,14521,14521,14521,2,0
2022-11-16 15:30:16,14521,14521,14521,2,0
2022-11-16 15:30:16,14521,14521,14521,2,0
2022-11-16 15:30:16,14521,14521,14521,2,0
2022-11-16 15:30:18,14520,14520,14520,2,-2
2022-11-16 15:30:18,14520,14520,14520,4,0
2022-11-16 15:30:18,14520,14520,14520,2,0
2022-11-16 15:30:18,14520,14520,14520,4,0
2022-11-16 15:30:18,14520,14520,14520,2,0
2022-11-16 15:30:18,14520,14520,14520,2,0
2022-11-16 15:30:18,14520,14520,14520,2,0
2022-11-16 15:30:18,14520,14520,14520,2,0
2022-11-16 15:30:18,14520,14520,14520,2,0
2022-11-16 15:30:18,14520,14520,14520,2,0
2022-11-16 15:30:18,14520,14520,14520,2,0
2022-11-16 15:30:18,14520,14520,14520,2,0
2022-11-16 15:30:18,14520,14520,14520,2,0
2022-11-16 15:30:19,14519,14519,14519,10,-10
2022-11-16 15:30:19,14519,14519,14519,2,0
2022-11-16 15:30:19,14519,14519,14519,2,0
2022-11-16 15:30:20,14519,14519,14519,2,0
2022-11-16 15:30:22,14519,14519,14519,2,0
2022-11-16 15:30:22,14520,14520,14520,2,2
2022-11-16 15:30:24,14520,14520,14520,2,0
2022-11-16 15:30:24,14520,14520,14520,2,0
2022-11-16 15:30:25,14520,14520,14520,2,0
2022-11-16 15:30:27,14519,14519,14519,2,-2
2022-11-16 15:30:30,14520,14520,14520,4,4
2022-11-16 15:30:32,14520,14520,14520,2,0
2022-11-16 15:30:35,14520,14520,14520,6,0
2022-11-16 15:30:35,14521,14521,14521,6,6
2022-11-16 15:30:40,14520,14520,14520,4,-4
2022-11-16 15:30:40,14520,14520,14520,2,0
2022-11-16 15:30:40,14520,14520,14520,2,0
2022-11-16 15:30:41,14519,14519,14519,2,-2
2022-11-16 15:30:41,14519,14519,14519,4,0
2022-11-16 15:30:41,14519,14519,14519,2,0
2022-11-16 15:30:42,14518,14518,14518,4,-4
2022-11-16 15:30:42,14518,14518,14518,2,0
2022-11-16 15:30:42,14518,14518,14518,2,0
2022-11-16 15:30:42,14518,14518,14518,2,0
2022-11-16 15:30:42,14518,14518,14518,2,0
2022-11-16 15:30:42,14518,14518,14518,2,0
2022-11-16 15:30:42,14517,14517,14517,2,-2
2022-11-16 15:30:42,14517,14517,14517,4,0
2022-11-16 15:30:42,14517,14517,14517,2,0
2022-11-16 15:30:42,14517,14517,14517,2,0
2022-11-16 15:30:42,14517,14517,14517,2,0
2022-11-16 15:30:42,14516,14516,14516,2,-2
2022-11-16 15:30:42,14516,14516,14516,2,0
2022-11-16 15:30:42,14516,14516,14516,2,0
2022-11-16 15:30:42,14516,14516,14516,2,0
2022-11-16 15:30:42,14516,14516,14516,6,0
2022-11-16 15:30:42,14516,14516,14516,2,0
2022-11-16 15:30:42,14516,14516,14516,2,0
2022-11-16 15:30:42,14515,14515,14515,2,-2
2022-11-16 15:30:42,14515,14515,14515,2,0
2022-11-16 15:30:42,14515,14515,14515,2,0
2022-11-16 15:30:42,14515,14515,14515,2,0
2022-11-16 15:30:42,14515,14515,14515,2,0
2022-11-16 15:30:42,14515,14515,14515,2,0
2022-11-16 15:30:44,14515,14515,14515,4,0
2022-11-16 15:30:45,14514,14514,14514,2,-2
2022-11-16 15:30:45,14514,14514,14514,2,0
2022-11-16 15:30:48,14515,14515,14515,2,2
2022-11-16 15:30:55,14515,14515,14515,2,0
2022-11-16 15:30:55,14515,14515,14515,10,0
2022-11-16 15:30:58,14514,14514,14514,2,-2
2022-11-16 15:30:58,14514,14514,14514,2,0
2022-11-16 15:30:59,14515,14515,14515,8,8
2022-11-16 15:30:59,14515,14515,14515,2,0
2022-11-16 15:31:00,14516,14516,14516,2,2
2022-11-16 15:31:00,14516,14516,14516,2,0
2022-11-16 15:31:02,14518,14518,14518,2,2
2022-11-16 15:31:09,14516,14516,14516,2,-2
2022-11-16 15:31:12,14516,14516,14516,2,0
2022-11-16 15:31:13,14517,14517,14517,2,2
2022-11-16 15:31:17,14518,14518,14518,6,6
2022-11-16 15:31:19,14518,14518,14518,2,0
2022-11-16 15:31:22,14517,14517,14517,2,-2
2022-11-16 15:31:22,14517,14517,14517,2,0
2022-11-16 15:31:31,14516,14516,14516,2,-2
2022-11-16 15:31:31,14516,14516,14516,2,0
2022-11-16 15:31:31,14516,14516,14516,2,0
2022-11-16 15:31:31,14516,14516,14516,6,0
2022-11-16 15:31:35,14517,14517,14517,4,4
2022-11-16 15:31:37,14517,14517,14517,2,0
2022-11-16 15:31:43,14516,14516,14516,2,-2
2022-11-16 15:31:43,14516,14516,14516,2,0
2022-11-16 15:31:45,14517,14517,14517,2,2
2022-11-16 15:31:49,14517,14517,14517,4,0
2022-11-16 15:31:51,14518,14518,14518,2,2
2022-11-16 15:31:51,14518,14518,14518,4,0
2022-11-16 15:31:54,14517,14517,14517,2,-2
2022-11-16 15:31:55,14518,14518,14518,2,2
2022-11-16 15:32:01,14517,14517,14517,2,-2
2022-11-16 15:32:01,14517,14517,14517,2,0
2022-11-16 15:32:01,14518,14518,14518,2,2
2022-11-16 15:32:02,14518,14518,14518,2,0
2022-11-16 15:32:18,14518,14518,14518,2,0
2022-11-16 15:32:19,14519,14519,14519,18,18
2022-11-16 15:32:26,14520,14520,14520,2,2
2022-11-16 15:32:29,14520,14520,14520,2,0
2022-11-16 15:32:31,14519,14519,14519,2,-2
2022-11-16 15:32:31,14519,14519,14519,2,0
2022-11-16 15:32:32,14520,14520,14520,2,2
2022-11-16 15:32:32,14520,14520,14520,4,0
2022-11-16 15:32:38,14520,14520,14520,2,0
2022-11-16 15:32:38,14520,14520,14520,2,0
2022-11-16 15:32:46,14520,14520,14520,2,0
2022-11-16 15:32:55,14521,14521,14521,4,4
2022-11-16 15:32:57,14522,14522,14522,2,2
2022-11-16 15:33:03,14521,14521,14521,2,-2
2022-11-16 15:33:26,14521,14521,14521,2,0
2022-11-16 15:33:26,14521,14521,14521,2,0
2022-11-16 15:33:34,14520,14520,14520,2,-2
2022-11-16 15:33:36,14520,14520,14520,2,0
2022-11-16 15:33:36,14520,14520,14520,2,0
2022-11-16 15:33:36,14521,14521,14521,10,10
2022-11-16 15:33:36,14521,14521,14521,2,0
2022-11-16 15:33:36,14521,14521,14521,2,0
2022-11-16 15:33:36,14521,14521,14521,2,0
2022-11-16 15:33:36,14521,14521,14521,4,0
2022-11-16 15:33:37,14521,14521,14521,2,0
2022-11-16 15:33:37,14521,14521,14521,2,0
2022-11-16 15:33:39,14521,14521,14521,2,0
2022-11-16 15:33:39,14521,14521,14521,2,0
2022-11-16 15:33:39,14521,14521,14521,2,0
2022-11-16 15:33:39,14521,14521,14521,4,0
2022-11-16 15:33:45,14521,14521,14521,2,0
2022-11-16 15:33:46,14522,14522,14522,24,24
2022-11-16 15:33:47,14523,14523,14523,2,2
2022-11-16 15:33:48,14522,14522,14522,2,-2
2022-11-16 15:34:00,14522,14522,14522,2,0
2022-11-16 15:34:02,14521,14521,14521,2,-2
2022-11-16 15:34:02,14521,14521,14521,2,0
2022-11-16 15:34:02,14521,14521,14521,6,0
2022-11-16 15:34:03,14522,14522,14522,2,2
2022-11-16 15:34:04,14521,14521,14521,2,-2
2022-11-16 15:34:06,14521,14521,14521,8,0
2022-11-16 15:34:06,14521,14521,14521,2,0
2022-11-16 15:34:09,14521,14521,14521,2,0
2022-11-16 15:34:10,14521,14521,14521,2,0
2022-11-16 15:34:10,14521,14521,14521,6,0
2022-11-16 15:34:10,14521,14521,14521,2,0
2022-11-16 15:34:10,14521,14521,14521,2,0
2022-11-16 15:34:12,14521,14521,14521,2,0
2022-11-16 15:34:12,14520,14520,14520,2,-2
2022-11-16 15:34:12,14520,14520,14520,2,0
2022-11-16 15:34:13,14520,14520,14520,2,0
2022-11-16 15:34:13,14520,14520,14520,2,0
2022-11-16 15:34:16,14520,14520,14520,2,0
2022-11-16 15:34:16,14521,14521,14521,2,2
2022-11-16 15:34:16,14520,14520,14520,2,-2
2022-11-16 15:34:16,14520,14520,14520,2,0
2022-11-16 15:34:16,14520,14520,14520,2,0
2022-11-16 15:34:16,14520,14520,14520,2,0
2022-11-16 15:34:16,14520,14520,14520,2,0
2022-11-16 15:34:24,14520,14520,14520,2,0
2022-11-16 15:34:26,14520,14520,14520,2,0
2022-11-16 15:34:31,14520,14520,14520,2,0
2022-11-16 15:34:41,14519,14519,14519,4,-4
2022-11-16 15:34:41,14519,14519,14519,4,0
2022-11-16 15:34:41,14519,14519,14519,2,0
2022-11-16 15:34:50,14519,14519,14519,2,0
2022-11-16 15:34:56,14519,14519,14519,2,0
2022-11-16 15:34:56,14519,14519,14519,2,0
2022-11-16 15:34:59,14520,14520,14520,2,2
2022-11-16 15:34:59,14520,14520,14520,2,0
2022-11-16 15:34:59,14520,14520,14520,10,0
2022-11-16 15:34:59,14520,14520,14520,16,0
2022-11-16 15:34:59,14520,14520,14520,18,0
2022-11-16 15:35:15,14520,14520,14520,2,0
2022-11-16 15:35:15,14521,14521,14521,4,4
2022-11-16 15:35:16,14520,14520,14520,2,-2
2022-11-16 15:35:31,14520,14520,14520,2,0
2022-11-16 15:35:33,14520,14520,14520,10,0
2022-11-16 15:35:34,14519,14519,14519,2,-2
2022-11-16 15:35:34,14519,14519,14519,2,0
2022-11-16 15:35:34,14519,14519,14519,2,0
2022-11-16 15:35:37,14519,14519,14519,2,0
2022-11-16 15:35:46,14519,14519,14519,2,0
2022-11-16 15:35:46,14520,14520,14520,4,4
2022-11-16 15:35:51,14518,14518,14518,2,-2
2022-11-16 15:35:55,14518,14518,14518,2,0
2022-11-16 15:36:08,14519,14519,14519,2,2
2022-11-16 15:36:08,14519,14519,14519,2,0
2022-11-16 15:36:08,14519,14519,14519,2,0
2022-11-16 15:36:23,14520,14520,14520,6,6
2022-11-16 15:36:33,14519,14519,14519,2,-2
2022-11-16 15:36:33,14519,14519,14519,8,0
2022-11-16 15:36:33,14519,14519,14519,2,0
2022-11-16 15:36:34,14520,14520,14520,6,6
2022-11-16 15:36:48,14519,14519,14519,4,-4
2022-11-16 15:37:02,14519,14519,14519,2,0
2022-11-16 15:37:02,14520,14520,14520,8,8
2022-11-16 15:37:03,14522,14522,14522,4,4
2022-11-16 15:37:03,14521,14521,14521,2,-2
2022-11-16 15:37:08,14521,14521,14521,2,0
2022-11-16 15:37:14,14521,14521,14521,2,0
2022-11-16 15:37:24,14519,14519,14519,2,-2
2022-11-16 15:37:45,14521,14521,14521,2,2
2022-11-16 15:37:47,14520,14520,14520,2,-2
2022-11-16 15:37:47,14520,14520,14520,2,0
2022-11-16 15:37:55,14521,14521,14521,2,2
2022-11-16 15:37:56,14522,14522,14522,8,8
2022-11-16 15:37:59,14522,14522,14522,4,0
2022-11-16 15:38:00,14522,14522,14522,2,0
2022-11-16 15:38:00,14522,14522,14522,2,0
2022-11-16 15:38:03,14522,14522,14522,2,0
2022-11-16 15:38:04,14522,14522,14522,2,0
2022-11-16 15:38:05,14523,14523,14523,2,2
2022-11-16 15:38:07,14522,14522,14522,2,-2
2022-11-16 15:38:07,14522,14522,14522,2,0
2022-11-16 15:38:07,14522,14522,14522,2,0
2022-11-16 15:38:07,14522,14522,14522,2,0
2022-11-16 15:38:07,14522,14522,14522,2,0
2022-11-16 15:38:08,14523,14523,14523,2,2
2022-11-16 15:38:10,14523,14523,14523,2,0
2022-11-16 15:38:12,14522,14522,14522,2,-2
2022-11-16 15:38:20,14521,14521,14521,2,-2
2022-11-16 15:38:33,14521,14521,14521,2,0
2022-11-16 15:38:38,14521,14521,14521,2,0
2022-11-16 15:38:39,14521,14521,14521,4,0
2022-11-16 15:38:40,14522,14522,14522,4,4
2022-11-16 15:38:50,14522,14522,14522,2,0
2022-11-16 15:38:50,14522,14522,14522,2,0
2022-11-16 15:38:50,14522,14522,14522,2,0
2022-11-16 15:38:50,14522,14522,14522,2,0
2022-11-16 15:39:03,14523,14523,14523,2,2
2022-11-16 15:39:07,14523,14523,14523,30,0
2022-11-16 15:39:09,14523,14523,14523,2,0
2022-11-16 15:39:10,14523,14523,14523,8,0
2022-11-16 15:39:10,14523,14523,14523,2,0
2022-11-16 15:39:10,14523,14523,14523,24,0
2022-11-16 15:39:10,14523,14523,14523,2,0
2022-11-16 15:39:10,14523,14523,14523,2,0
2022-11-16 15:39:11,14523,14523,14523,12,0
2022-11-16 15:39:11,14523,14523,14523,2,0
2022-11-16 15:39:16,14523,14523,14523,2,0
2022-11-16 15:39:17,14524,14524,14524,10,10
2022-11-16 15:39:24,14524,14524,14524,20,0
2022-11-16 15:39:28,14524,14524,14524,2,0
2022-11-16 15:39:33,14524,14524,14524,2,0
2022-11-16 15:39:44,14525,14525,14525,2,2
2022-11-16 15:39:44,14525,14525,14525,4,0
2022-11-16 15:39:44,14525,14525,14525,2,0
2022-11-16 15:39:44,14525,14525,14525,6,0
2022-11-16 15:39:44,14525,14525,14525,2,0
2022-11-16 15:39:44,14525,14525,14525,2,0
2022-11-16 15:39:44,14525,14525,14525,2,0
2022-11-16 15:39:44,14525,14525,14525,4,0
2022-11-16 15:39:44,14526,14526,14526,6,6
2022-11-16 15:39:45,14526,14526,14526,2,0
2022-11-16 15:39:47,14526,14526,14526,2,0
2022-11-16 15:39:48,14526,14526,14526,2,0
2022-11-16 15:39:51,14527,14527,14527,4,4
2022-11-16 15:39:51,14527,14527,14527,2,0
2022-11-16 15:39:54,14527,14527,14527,2,0
2022-11-16 15:39:54,14527,14527,14527,10,0
2022-11-16 15:39:54,14527,14527,14527,2,0
2022-11-16 15:39:54,14527,14527,14527,6,0
2022-11-16 15:39:54,14527,14527,14527,10,0
2022-11-16 15:39:54,14527,14527,14527,2,0
2022-11-16 15:39:54,14527,14527,14527,2,0
2022-11-16 15:39:54,14527,14527,14527,2,0
2022-11-16 15:39:54,14527,14527,14527,2,0
2022-11-16 15:39:54,14527,14527,14527,4,0
2022-11-16 15:40:01,14528,14528,14528,2,2
2022-11-16 15:40:03,14528,14528,14528,10,0
2022-11-16 15:40:03,14527,14527,14527,2,-2
2022-11-16 15:40:05,14527,14527,14527,2,0
2022-11-16 15:40:06,14527,14527,14527,2,0
2022-11-16 15:40:07,14527,14527,14527,2,0
2022-11-16 15:40:12,14527,14527,14527,2,0
2022-11-16 15:40:20,14528,14528,14528,2,2
2022-11-16 15:40:21,14528,14528,14528,6,0
2022-11-16 15:40:21,14528,14528,14528,14,0
2022-11-16 15:40:30,14529,14529,14529,10,10
2022-11-16 15:40:31,14528,14528,14528,2,-2
2022-11-16 15:40:35,14528,14528,14528,2,0
2022-11-16 15:40:36,14528,14528,14528,2,0
2022-11-16 15:40:39,14529,14529,14529,6,6
2022-11-16 15:40:47,14529,14529,14529,2,0
2022-11-16 15:40:49,14528,14528,14528,2,-2
2022-11-16 15:40:51,14528,14528,14528,2,0
2022-11-16 15:40:56,14528,14528,14528,2,0
2022-11-16 15:40:56,14528,14528,14528,2,0
2022-11-16 15:40:56,14528,14528,14528,2,0
2022-11-16 15:40:56,14528,14528,14528,2,0
2022-11-16 15:40:56,14528,14528,14528,2,0
2022-11-16 15:40:56,14528,14528,14528,4,0
2022-11-16 15:40:57,14527,14527,14527,2,-2
2022-11-16 15:41:00,14528,14528,14528,2,2
2022-11-16 15:41:00,14527,14527,14527,2,-2
2022-11-16 15:41:00,14527,14527,14527,2,0
