2024-12-10 15:00:00.022,23086,23090,23081,30,-30
2024-12-10 15:00:00.029,23081,23086,23086,1,1
2024-12-10 15:00:00.034,23081,23086,23081,1,-1
2024-12-10 15:00:00.034,23081,23086,23081,1,-1
2024-12-10 15:00:00.088,23081,23087,23087,1,1
2024-12-10 15:00:00.088,23081,23087,23088,2,2
2024-12-10 15:00:00.088,23081,23087,23089,1,1
2024-12-10 15:00:00.089,23081,23087,23090,4,4
2024-12-10 15:00:00.100,23082,23091,23091,1,1
2024-12-10 15:00:00.108,23082,23092,23091,1,1
2024-12-10 15:00:00.112,23082,23092,23092,2,2
2024-12-10 15:00:00.120,23082,23092,23093,2,2
2024-12-10 15:00:00.127,23082,23092,23086,1,-1
2024-12-10 15:00:00.128,23082,23092,23092,1,1
2024-12-10 15:00:00.128,23082,23092,23091,1,1
2024-12-10 15:00:00.130,23082,23092,23095,1,1
2024-12-10 15:00:00.130,23082,23092,23095,1,1
2024-12-10 15:00:00.141,23082,23092,23088,1,1
2024-12-10 15:00:00.375,23088,23096,23096,1,1
2024-12-10 15:00:00.464,23088,23096,23096,1,1
2024-12-10 15:00:00.553,23088,23097,23095,1,1
2024-12-10 15:00:00.554,23088,23097,23094,1,1
2024-12-10 15:00:00.632,23091,23096,23096,1,1
2024-12-10 15:00:00.695,23091,23096,23097,1,1
2024-12-10 15:00:00.728,23091,23096,23098,1,1
2024-12-10 15:00:00.754,23091,23099,23099,1,1
2024-12-10 15:00:00.811,23091,23099,23099,1,1
2024-12-10 15:00:01.011,23091,23099,23091,2,-2
2024-12-10 15:00:01.028,23091,23099,23098,1,1
2024-12-10 15:00:01.052,23091,23099,23094,6,-6
2024-12-10 15:00:01.053,23091,23099,23091,1,-1
2024-12-10 15:00:01.073,23091,23099,23092,1,-1
2024-12-10 15:00:01.259,23093,23098,23092,1,-1
2024-12-10 15:00:01.269,23093,23098,23091,1,-1
2024-12-10 15:00:01.269,23093,23098,23090,4,-4
2024-12-10 15:00:01.269,23093,23098,23089,1,-1
2024-12-10 15:00:01.337,23093,23098,23090,1,-1
2024-12-10 15:00:01.338,23093,23098,23090,1,-1
2024-12-10 15:00:01.474,23090,23096,23090,1,-1
2024-12-10 15:00:01.474,23090,23096,23089,1,-1
2024-12-10 15:00:01.482,23090,23096,23090,1,-1
2024-12-10 15:00:01.536,23090,23096,23090,1,-1
2024-12-10 15:00:01.536,23090,23096,23089,1,-1
2024-12-10 15:00:01.536,23090,23096,23088,1,-1
2024-12-10 15:00:01.573,23090,23096,23089,1,-1
2024-12-10 15:00:01.631,23088,23096,23096,1,1
2024-12-10 15:00:01.744,23089,23096,23089,1,-1
2024-12-10 15:00:01.761,23089,23096,23088,1,-1
2024-12-10 15:00:01.779,23089,23096,23089,1,-1
2024-12-10 15:00:01.779,23089,23096,23088,1,-1
2024-12-10 15:00:01.795,23089,23096,23087,1,-1
2024-12-10 15:00:01.914,23087,23096,23087,1,-1
2024-12-10 15:00:01.914,23087,23096,23087,1,-1
2024-12-10 15:00:01.923,23087,23096,23086,1,-1
2024-12-10 15:00:01.931,23087,23096,23086,1,-1
2024-12-10 15:00:01.935,23087,23096,23085,1,-1
2024-12-10 15:00:02.154,23087,23094,23087,1,-1
2024-12-10 15:00:02.293,23087,23094,23087,1,-1
2024-12-10 15:00:02.530,23086,23094,23094,1,1
2024-12-10 15:00:02.620,23089,23096,23093,1,1
2024-12-10 15:00:02.785,23089,23096,23096,1,1
2024-12-10 15:00:02.896,23091,23097,23097,1,1
2024-12-10 15:00:02.973,23091,23097,23096,1,1
2024-12-10 15:00:03.007,23093,23097,23095,1,1
2024-12-10 15:00:03.065,23093,23097,23092,1,-1
2024-12-10 15:00:03.065,23093,23097,23091,1,-1
2024-12-10 15:00:03.129,23091,23095,23095,1,1
2024-12-10 15:00:03.152,23091,23095,23096,1,1
2024-12-10 15:00:03.153,23091,23095,23096,1,1
2024-12-10 15:00:04.091,23092,23096,23096,1,1
2024-12-10 15:00:04.268,23093,23096,23096,1,1
2024-12-10 15:00:04.277,23093,23096,23093,1,-1
2024-12-10 15:00:04.277,23093,23096,23092,1,-1
2024-12-10 15:00:04.278,23093,23096,23096,1,1
2024-12-10 15:00:05.077,23093,23096,23092,1,-1
2024-12-10 15:00:05.077,23093,23096,23091,1,-1
2024-12-10 15:00:05.078,23093,23096,23095,1,1
2024-12-10 15:00:05.363,23091,23096,23096,1,1
2024-12-10 15:00:05.650,23093,23096,23096,1,1
2024-12-10 15:00:05.658,23093,23096,23096,1,1
2024-12-10 15:00:05.684,23093,23096,23093,1,-1
2024-12-10 15:00:05.684,23093,23096,23092,2,-2
2024-12-10 15:00:06.084,23091,23096,23096,1,1
2024-12-10 15:00:06.085,23091,23096,23097,2,2
2024-12-10 15:00:07.372,23095,23098,23098,1,1
2024-12-10 15:00:07.374,23095,23098,23099,1,1
2024-12-10 15:00:07.579,23096,23100,23100,9,9
2024-12-10 15:00:07.635,23098,23103,23102,1,1
2024-12-10 15:00:07.748,23099,23103,23103,2,2
2024-12-10 15:00:07.917,23100,23104,23104,2,2
2024-12-10 15:00:07.917,23100,23104,23104,1,1
2024-12-10 15:00:08.530,23100,23104,23104,2,2
2024-12-10 15:00:08.530,23100,23104,23103,1,1
2024-12-10 15:00:08.531,23100,23104,23101,1,-1
2024-12-10 15:00:11.365,23100,23104,23104,1,1
2024-12-10 15:00:11.365,23100,23104,23102,1,1
2024-12-10 15:00:11.946,23102,23104,23102,1,-1
2024-12-10 15:00:12.062,23100,23104,23104,1,1
2024-12-10 15:00:12.074,23100,23104,23104,1,1
2024-12-10 15:00:12.438,23100,23104,23100,2,-2
2024-12-10 15:00:12.763,23099,23102,23102,1,1
2024-12-10 15:00:12.849,23099,23102,23099,2,-2
2024-12-10 15:00:12.850,23099,23102,23098,2,-2
2024-12-10 15:00:12.851,23099,23102,23097,1,-1
2024-12-10 15:00:13.167,23096,23099,23096,2,-2
2024-12-10 15:00:13.203,23096,23099,23100,1,1
2024-12-10 15:00:14.250,23096,23100,23096,1,-1
2024-12-10 15:00:14.276,23096,23100,23099,1,1
2024-12-10 15:00:15.257,23097,23100,23097,1,-1
2024-12-10 15:00:15.257,23097,23100,23096,1,-1
2024-12-10 15:00:15.404,23097,23100,23097,1,-1
2024-12-10 15:00:18.212,23096,23100,23097,1,-1
2024-12-10 15:00:18.751,23097,23100,23099,1,1
2024-12-10 15:00:20.753,23097,23100,23097,1,-1
2024-12-10 15:00:22.029,23097,23100,23097,2,-2
2024-12-10 15:00:22.030,23097,23100,23096,1,-1
2024-12-10 15:00:22.238,23095,23099,23098,1,1
2024-12-10 15:00:24.713,23095,23099,23095,1,-1
2024-12-10 15:00:24.860,23095,23098,23095,1,-1
2024-12-10 15:00:30.461,23094,23096,23094,1,-1
2024-12-10 15:00:32.409,23091,23096,23091,1,-1
2024-12-10 15:00:41.027,23094,23096,23094,1,-1
2024-12-10 15:00:41.281,23094,23096,23092,4,-4
2024-12-10 15:00:41.281,23094,23096,23094,2,-2
2024-12-10 15:00:42.006,23091,23094,23094,1,1
2024-12-10 15:00:43.440,23092,23094,23094,1,1
2024-12-10 15:00:44.544,23093,23096,23093,1,-1
2024-12-10 15:00:44.742,23092,23096,23092,1,-1
2024-12-10 15:00:46.636,23092,23095,23092,1,-1
2024-12-10 15:00:46.638,23092,23095,23091,2,-2
2024-12-10 15:00:46.638,23092,23095,23091,1,-1
2024-12-10 15:00:46.638,23092,23095,23091,5,-5
2024-12-10 15:00:52.161,23089,23090,23090,1,1
2024-12-10 15:00:53.817,23090,23091,23090,1,-1
2024-12-10 15:00:54.514,23090,23091,23090,1,-1
2024-12-10 15:00:56.597,23089,23091,23089,1,-1
2024-12-10 15:00:56.786,23090,23091,23091,1,1
2024-12-10 15:00:57.721,23089,23092,23092,1,1
2024-12-10 15:00:58.235,23089,23092,23092,1,1
2024-12-10 15:00:58.500,23091,23093,23091,2,-2
2024-12-10 15:00:58.500,23091,23093,23090,2,-2
2024-12-10 15:00:58.500,23091,23093,23089,3,-3
2024-12-10 15:00:58.501,23091,23093,23089,2,-2
2024-12-10 15:00:58.501,23091,23093,23089,1,-1
2024-12-10 15:00:59.143,23088,23092,23092,2,2
2024-12-10 15:01:00.070,23089,23092,23093,2,2
2024-12-10 15:01:00.070,23089,23092,23094,6,6
2024-12-10 15:01:00.357,23091,23094,23094,2,2
2024-12-10 15:01:00.376,23091,23094,23091,2,-2
2024-12-10 15:01:00.792,23091,23095,23091,3,-3
2024-12-10 15:01:00.795,23091,23095,23091,1,-1
2024-12-10 15:01:00.803,23091,23095,23090,3,-3
2024-12-10 15:01:00.805,23091,23095,23089,2,-2
2024-12-10 15:01:00.805,23091,23095,23089,2,-2
2024-12-10 15:01:00.807,23091,23095,23088,2,-2
2024-12-10 15:01:00.809,23091,23095,23086,1,-1
2024-12-10 15:01:00.890,23085,23087,23087,1,1
2024-12-10 15:01:04.764,23088,23090,23090,1,1
2024-12-10 15:01:04.858,23089,23092,23089,1,-1
2024-12-10 15:01:05.045,23089,23092,23089,1,-1
2024-12-10 15:01:05.855,23088,23091,23088,1,-1
2024-12-10 15:01:06.849,23085,23088,23087,1,1
2024-12-10 15:01:09.009,23085,23087,23085,4,-4
2024-12-10 15:01:09.010,23085,23087,23085,1,-1
2024-12-10 15:01:09.010,23085,23087,23084,1,-1
2024-12-10 15:01:09.012,23085,23087,23085,2,-2
2024-12-10 15:01:09.025,23085,23087,23087,2,2
2024-12-10 15:01:09.036,23085,23087,23087,1,1
2024-12-10 15:01:09.036,23085,23087,23087,1,1
2024-12-10 15:01:09.108,23084,23087,23084,1,-1
2024-12-10 15:01:09.109,23084,23087,23084,1,-1
2024-12-10 15:01:09.224,23084,23087,23085,1,-1
2024-12-10 15:01:09.319,23085,23086,23085,1,-1
2024-12-10 15:01:09.361,23085,23086,23085,1,-1
2024-12-10 15:01:09.414,23085,23086,23083,1,-1
2024-12-10 15:01:09.421,23085,23086,23085,1,-1
2024-12-10 15:01:09.430,23085,23086,23085,1,-1
2024-12-10 15:01:09.450,23085,23086,23086,1,1
2024-12-10 15:01:09.467,23085,23086,23083,1,-1
2024-12-10 15:01:09.981,23083,23086,23086,1,1
2024-12-10 15:01:10.457,23083,23086,23083,1,-1
2024-12-10 15:01:10.592,23083,23086,23083,1,-1
2024-12-10 15:01:10.935,23082,23086,23086,1,1
2024-12-10 15:01:14.857,23082,23084,23082,2,-2
2024-12-10 15:01:15.396,23082,23084,23082,1,-1
2024-12-10 15:01:15.397,23082,23084,23082,1,-1
2024-12-10 15:01:15.397,23082,23084,23082,1,-1
2024-12-10 15:01:16.993,23082,23084,23082,1,-1
2024-12-10 15:01:17.685,23082,23084,23084,1,1
2024-12-10 15:01:17.685,23082,23084,23084,1,1
2024-12-10 15:01:17.687,23082,23084,23083,4,4
2024-12-10 15:01:17.762,23082,23084,23084,1,1
2024-12-10 15:01:22.680,23083,23086,23083,1,-1
2024-12-10 15:01:23.329,23082,23085,23085,1,1
2024-12-10 15:01:24.473,23082,23085,23085,1,1
2024-12-10 15:01:24.473,23082,23085,23086,1,1
2024-12-10 15:01:26.762,23083,23085,23085,3,3
2024-12-10 15:01:26.763,23083,23085,23086,3,3
2024-12-10 15:01:29.272,23085,23088,23088,1,1
2024-12-10 15:01:29.359,23085,23088,23085,1,-1
2024-12-10 15:01:32.353,23084,23087,23084,3,-3
2024-12-10 15:01:32.353,23084,23087,23083,1,-1
2024-12-10 15:01:39.531,23082,23084,23084,2,2
2024-12-10 15:01:39.531,23082,23084,23085,1,1
2024-12-10 15:01:43.604,23082,23085,23085,1,1
2024-12-10 15:01:44.013,23082,23085,23082,1,-1
2024-12-10 15:01:45.555,23082,23084,23083,2,-2
2024-12-10 15:01:45.557,23082,23084,23082,1,-1
2024-12-10 15:01:45.557,23082,23084,23082,1,-1
2024-12-10 15:01:45.557,23082,23084,23082,4,-4
2024-12-10 15:01:45.557,23082,23084,23081,1,-1
2024-12-10 15:01:45.688,23082,23084,23082,1,-1
2024-12-10 15:01:47.079,23082,23083,23082,1,-1
2024-12-10 15:01:50.709,23082,23084,23082,1,-1
2024-12-10 15:01:53.019,23082,23084,23082,2,-2
2024-12-10 15:01:54.437,23082,23084,23082,1,-1
2024-12-10 15:01:55.067,23082,23084,23084,1,1
2024-12-10 15:01:56.932,23083,23085,23085,2,2
2024-12-10 15:01:56.932,23083,23085,23085,2,2
2024-12-10 15:01:56.932,23083,23085,23085,2,2
2024-12-10 15:01:57.358,23084,23087,23087,1,1
2024-12-10 15:02:07.137,23085,23088,23085,3,-3
2024-12-10 15:02:07.342,23082,23085,23085,1,1
2024-12-10 15:02:07.830,23083,23085,23085,1,1
2024-12-10 15:02:14.434,23083,23085,23085,4,4
2024-12-10 15:02:23.965,23083,23085,23083,1,-1
2024-12-10 15:02:23.965,23083,23085,23082,5,-5
2024-12-10 15:02:26.911,23081,23083,23080,4,-4
2024-12-10 15:02:26.911,23081,23083,23081,6,-6
2024-12-10 15:02:26.911,23081,23083,23081,5,-5
2024-12-10 15:02:26.911,23081,23083,23081,6,-6
2024-12-10 15:02:26.911,23081,23083,23081,4,-4
2024-12-10 15:02:26.912,23081,23083,23079,3,-3
2024-12-10 15:02:26.913,23081,23083,23079,1,-1
2024-12-10 15:02:26.913,23081,23083,23079,2,-2
2024-12-10 15:02:26.913,23081,23083,23079,1,-1
2024-12-10 15:02:30.473,23078,23079,23078,1,-1
2024-12-10 15:02:35.585,23078,23079,23079,2,2
2024-12-10 15:02:35.585,23078,23079,23080,1,1
2024-12-10 15:02:35.665,23079,23082,23080,1,-1
2024-12-10 15:02:35.917,23080,23082,23080,1,-1
2024-12-10 15:02:35.917,23080,23082,23079,1,-1
2024-12-10 15:02:39.790,23080,23081,23080,1,-1
2024-12-10 15:02:40.610,23079,23081,23079,1,-1
2024-12-10 15:02:44.985,23079,23080,23079,1,-1
2024-12-10 15:02:46.460,23078,23080,23078,1,-1
2024-12-10 15:02:46.460,23078,23080,23078,1,-1
2024-12-10 15:02:46.461,23078,23080,23078,7,-7
2024-12-10 15:02:47.723,23077,23078,23077,1,-1
2024-12-10 15:02:48.032,23077,23078,23077,1,-1
2024-12-10 15:02:48.373,23076,23078,23076,2,-2
2024-12-10 15:02:48.674,23075,23078,23075,1,-1
2024-12-10 15:02:55.401,23075,23076,23075,1,-1
2024-12-10 15:02:55.409,23075,23076,23075,1,-1
2024-12-10 15:02:55.409,23075,23076,23075,11,-11
2024-12-10 15:02:55.410,23075,23076,23074,1,-1
2024-12-10 15:02:55.410,23075,23076,23074,1,-1
2024-12-10 15:02:57.084,23074,23075,23075,1,1
2024-12-10 15:02:57.084,23074,23075,23076,1,1
2024-12-10 15:02:57.928,23074,23076,23074,2,-2
2024-12-10 15:03:00.346,23074,23075,23074,1,-1
2024-12-10 15:03:00.346,23074,23075,23074,1,-1
2024-12-10 15:03:00.346,23074,23075,23074,1,-1
2024-12-10 15:03:00.346,23074,23075,23074,5,-5
2024-12-10 15:03:00.347,23074,23075,23073,4,-4
2024-12-10 15:03:00.347,23074,23075,23073,7,-7
2024-12-10 15:03:00.571,23072,23073,23073,1,1
2024-12-10 15:03:01.322,23072,23074,23074,1,1
2024-12-10 15:03:01.605,23074,23075,23074,1,-1
2024-12-10 15:03:01.728,23074,23075,23072,1,-1
2024-12-10 15:03:04.287,23072,23073,23073,1,1
2024-12-10 15:03:04.392,23072,23073,23072,1,-1
2024-12-10 15:03:04.841,23072,23073,23072,1,-1
2024-12-10 15:03:05.164,23072,23073,23072,1,-1
2024-12-10 15:03:05.165,23072,23073,23072,3,-3
2024-12-10 15:03:05.166,23072,23073,23072,6,-6
2024-12-10 15:03:05.167,23072,23073,23071,10,-10
2024-12-10 15:03:05.167,23072,23073,23071,7,-7
2024-12-10 15:03:05.168,23072,23073,23070,1,-1
2024-12-10 15:03:05.168,23072,23073,23070,2,-2
2024-12-10 15:03:05.169,23072,23073,23070,2,-2
2024-12-10 15:03:05.169,23072,23073,23070,1,-1
2024-12-10 15:03:05.169,23072,23073,23070,1,-1
2024-12-10 15:03:05.169,23072,23073,23070,1,-1
2024-12-10 15:03:05.169,23072,23073,23070,3,-3
2024-12-10 15:03:05.169,23072,23073,23070,2,-2
2024-12-10 15:03:05.632,23068,23071,23071,2,2
2024-12-10 15:03:06.623,23068,23071,23071,1,1
2024-12-10 15:03:07.091,23068,23071,23068,2,-2
2024-12-10 15:03:07.118,23065,23068,23068,1,1
2024-12-10 15:03:07.140,23065,23068,23068,2,2
2024-12-10 15:03:07.140,23065,23068,23068,2,2
2024-12-10 15:03:08.000,23068,23070,23068,3,-3
2024-12-10 15:03:08.028,23068,23070,23068,1,-1
2024-12-10 15:03:08.028,23068,23070,23067,4,-4
2024-12-10 15:03:08.030,23068,23070,23065,1,-1
2024-12-10 15:03:08.059,23068,23070,23065,1,-1
2024-12-10 15:03:08.101,23068,23070,23066,1,-1
2024-12-10 15:03:08.101,23068,23070,23066,1,-1
2024-12-10 15:03:08.218,23064,23066,23063,1,-1
2024-12-10 15:03:08.998,23064,23066,23064,1,-1
2024-12-10 15:03:09.130,23063,23066,23066,2,2
2024-12-10 15:03:09.143,23063,23066,23065,1,1
2024-12-10 15:03:09.308,23065,23067,23067,1,1
2024-12-10 15:03:09.696,23067,23068,23068,2,2
2024-12-10 15:03:10.916,23068,23070,23070,1,1
2024-12-10 15:03:10.958,23068,23070,23071,1,1
2024-12-10 15:03:10.999,23071,23073,23071,1,-1
2024-12-10 15:03:11.682,23072,23075,23072,1,-1
2024-12-10 15:03:12.000,23072,23075,23072,3,-3
2024-12-10 15:03:12.999,23072,23075,23072,1,-1
2024-12-10 15:03:13.024,23072,23075,23071,1,-1
2024-12-10 15:03:13.976,23068,23070,23068,1,-1
2024-12-10 15:03:15.024,23067,23070,23067,1,-1
2024-12-10 15:03:16.038,23067,23069,23067,2,-2
2024-12-10 15:03:16.038,23067,23069,23066,4,-4
2024-12-10 15:03:16.039,23067,23069,23066,4,-4
2024-12-10 15:03:17.021,23065,23068,23065,1,-1
2024-12-10 15:03:17.333,23065,23068,23065,1,-1
2024-12-10 15:03:17.646,23065,23068,23068,1,1
2024-12-10 15:03:18.409,23065,23068,23065,1,-1
2024-12-10 15:03:19.303,23065,23068,23066,2,-2
2024-12-10 15:03:19.562,23065,23066,23066,1,1
2024-12-10 15:03:19.562,23065,23066,23066,3,3
2024-12-10 15:03:19.563,23065,23066,23066,2,2
2024-12-10 15:03:19.563,23065,23066,23066,2,2
2024-12-10 15:03:20.283,23065,23068,23068,2,2
2024-12-10 15:03:20.803,23066,23069,23069,1,1
2024-12-10 15:03:22.392,23066,23069,23068,1,1
2024-12-10 15:03:24.027,23066,23068,23066,2,-2
2024-12-10 15:03:24.890,23065,23067,23065,1,-1
2024-12-10 15:03:25.151,23064,23066,23066,1,1
2024-12-10 15:03:27.309,23064,23066,23066,1,1
2024-12-10 15:03:31.428,23064,23066,23065,1,1
2024-12-10 15:03:32.618,23065,23066,23065,1,-1
2024-12-10 15:03:32.710,23065,23066,23065,1,-1
2024-12-10 15:03:34.097,23064,23066,23064,3,-3
2024-12-10 15:03:34.660,23063,23064,23063,1,-1
2024-12-10 15:03:34.661,23063,23064,23061,1,-1
2024-12-10 15:03:34.661,23063,23064,23062,5,-5
2024-12-10 15:03:34.662,23063,23064,23061,3,-3
2024-12-10 15:03:34.662,23063,23064,23061,4,-4
2024-12-10 15:03:34.818,23060,23061,23060,1,-1
2024-12-10 15:03:34.921,23058,23061,23058,1,-1
2024-12-10 15:03:35.050,23057,23060,23060,1,1
2024-12-10 15:03:35.237,23058,23060,23060,1,1
2024-12-10 15:03:35.349,23058,23060,23058,1,-1
2024-12-10 15:03:35.601,23058,23060,23060,1,1
2024-12-10 15:03:35.875,23058,23061,23058,1,-1
2024-12-10 15:03:38.436,23060,23061,23060,1,-1
2024-12-10 15:03:38.436,23060,23061,23059,1,-1
2024-12-10 15:03:40.317,23059,23061,23061,1,1
2024-12-10 15:03:40.865,23060,23062,23062,2,2
2024-12-10 15:03:41.070,23062,23065,23065,1,1
2024-12-10 15:03:41.508,23064,23067,23067,1,1
2024-12-10 15:03:45.341,23065,23066,23065,1,-1
2024-12-10 15:03:46.797,23063,23066,23063,3,-3
2024-12-10 15:03:49.671,23063,23065,23065,1,1
2024-12-10 15:03:50.649,23063,23065,23063,1,-1
2024-12-10 15:03:54.412,23064,23065,23064,2,-2
2024-12-10 15:03:54.797,23064,23065,23065,2,2
2024-12-10 15:03:54.798,23064,23065,23065,1,1
2024-12-10 15:03:55.129,23064,23066,23064,1,-1
2024-12-10 15:03:55.270,23063,23066,23066,5,5
2024-12-10 15:03:55.372,23066,23067,23066,2,-2
2024-12-10 15:03:56.086,23064,23066,23064,1,-1
2024-12-10 15:03:58.044,23064,23066,23066,1,1
2024-12-10 15:03:59.058,23065,23067,23065,1,-1
2024-12-10 15:04:01.421,23065,23067,23065,1,-1
2024-12-10 15:04:08.173,23064,23065,23065,1,1
2024-12-10 15:04:09.383,23065,23067,23067,1,1
2024-12-10 15:04:09.623,23065,23067,23065,2,-2
2024-12-10 15:04:09.776,23064,23065,23064,1,-1
2024-12-10 15:04:10.113,23063,23065,23065,1,1
2024-12-10 15:04:18.145,23064,23065,23065,5,5
2024-12-10 15:04:18.146,23064,23065,23066,2,2
2024-12-10 15:04:18.428,23066,23068,23066,2,-2
2024-12-10 15:04:18.604,23065,23068,23065,1,-1
2024-12-10 15:04:22.614,23064,23066,23064,1,-1
2024-12-10 15:04:27.541,23064,23066,23066,1,1
2024-12-10 15:04:28.865,23065,23068,23065,1,-1
2024-12-10 15:04:29.205,23065,23068,23065,1,-1
2024-12-10 15:04:29.228,23065,23068,23064,1,-1
2024-12-10 15:04:29.228,23065,23068,23064,4,-4
2024-12-10 15:04:29.228,23065,23068,23065,1,-1
2024-12-10 15:04:30.130,23063,23066,23063,2,-2
2024-12-10 15:04:31.132,23062,23065,23062,2,-2
2024-12-10 15:04:31.132,23062,23065,23061,3,-3
2024-12-10 15:04:31.134,23062,23065,23060,7,-7
2024-12-10 15:04:31.134,23062,23065,23060,1,-1
2024-12-10 15:04:31.400,23059,23060,23060,1,1
2024-12-10 15:04:31.502,23059,23060,23059,2,-2
2024-12-10 15:04:31.502,23059,23060,23059,2,-2
2024-12-10 15:04:31.504,23059,23060,23058,3,-3
2024-12-10 15:04:31.504,23059,23060,23058,1,-1
2024-12-10 15:04:33.111,23057,23060,23060,1,1
2024-12-10 15:04:33.113,23057,23060,23060,1,1
2024-12-10 15:04:34.712,23060,23063,23061,1,-1
2024-12-10 15:04:35.125,23060,23062,23059,4,-4
2024-12-10 15:04:35.125,23060,23062,23060,1,-1
2024-12-10 15:04:35.403,23058,23061,23058,1,-1
2024-12-10 15:04:35.915,23058,23061,23058,1,-1
2024-12-10 15:04:44.470,23058,23060,23058,1,-1
2024-12-10 15:04:50.886,23058,23060,23058,3,-3
2024-12-10 15:04:50.886,23058,23060,23058,3,-3
2024-12-10 15:04:51.700,23056,23058,23056,2,-2
2024-12-10 15:04:51.702,23056,23058,23055,1,-1
2024-12-10 15:04:51.702,23056,23058,23055,2,-2
2024-12-10 15:04:51.702,23056,23058,23055,3,-3
2024-12-10 15:04:51.702,23056,23058,23055,1,-1
2024-12-10 15:04:51.711,23056,23058,23055,1,-1
2024-12-10 15:04:51.840,23054,23056,23055,1,-1
2024-12-10 15:04:52.679,23054,23056,23056,2,2
2024-12-10 15:04:53.122,23056,23059,23056,1,-1
2024-12-10 15:04:53.744,23055,23058,23058,1,1
2024-12-10 15:04:54.857,23056,23059,23056,3,-3
2024-12-10 15:04:54.857,23056,23059,23055,1,-1
2024-12-10 15:04:56.081,23056,23059,23056,1,-1
2024-12-10 15:04:57.496,23056,23057,23057,1,1
2024-12-10 15:04:58.548,23056,23059,23056,2,-2
2024-12-10 15:04:58.548,23056,23059,23055,3,-3
2024-12-10 15:04:59.853,23055,23056,23055,2,-2
2024-12-10 15:04:59.853,23055,23056,23055,1,-1
2024-12-10 15:04:59.906,23054,23056,23056,1,1
2024-12-10 15:04:59.910,23054,23056,23056,1,1
2024-12-10 15:05:00.264,23056,23059,23059,1,1
2024-12-10 15:05:01.539,23058,23060,23060,1,1
2024-12-10 15:05:03.033,23058,23060,23060,7,7
2024-12-10 15:05:03.034,23058,23060,23061,5,5
2024-12-10 15:05:03.348,23061,23063,23060,1,-1
2024-12-10 15:05:03.585,23060,23063,23063,1,1
2024-12-10 15:05:04.335,23061,23064,23064,1,1
2024-12-10 15:05:08.318,23062,23064,23064,1,1
2024-12-10 15:05:08.318,23062,23064,23064,1,1
2024-12-10 15:05:08.350,23062,23064,23063,4,4
2024-12-10 15:05:18.476,23063,23065,23065,1,1
2024-12-10 15:05:20.608,23064,23066,23066,4,4
2024-12-10 15:05:20.609,23064,23066,23066,1,1
2024-12-10 15:05:20.610,23064,23066,23066,1,1
2024-12-10 15:05:23.917,23065,23068,23065,1,-1
2024-12-10 15:05:28.380,23065,23068,23068,1,1
2024-12-10 15:05:28.464,23065,23068,23068,1,1
2024-12-10 15:05:35.639,23067,23069,23069,3,3
2024-12-10 15:05:36.800,23068,23070,23070,4,4
2024-12-10 15:05:36.800,23068,23070,23070,1,1
2024-12-10 15:05:36.800,23068,23070,23070,1,1
2024-12-10 15:05:36.800,23068,23070,23070,3,3
2024-12-10 15:05:36.801,23068,23070,23070,1,1
2024-12-10 15:05:36.867,23068,23071,23071,1,1
2024-12-10 15:05:36.921,23068,23071,23071,1,1
2024-12-10 15:05:36.921,23068,23071,23072,1,1
2024-12-10 15:05:37.104,23069,23072,23069,2,-2
2024-12-10 15:05:38.850,23068,23070,23068,1,-1
2024-12-10 15:05:38.851,23068,23070,23068,4,-4
2024-12-10 15:05:38.852,23068,23070,23067,1,-1
2024-12-10 15:05:38.852,23068,23070,23067,1,-1
2024-12-10 15:05:40.635,23065,23067,23065,2,-2
2024-12-10 15:05:45.221,23063,23066,23066,1,1
2024-12-10 15:05:51.107,23063,23066,23066,5,5
2024-12-10 15:06:01.099,23064,23066,23066,1,1
2024-12-10 15:06:01.270,23064,23066,23066,1,1
2024-12-10 15:06:03.959,23064,23066,23066,1,1
2024-12-10 15:06:06.812,23065,23066,23066,5,5
2024-12-10 15:06:06.813,23065,23066,23066,1,1
2024-12-10 15:06:07.261,23065,23067,23065,1,-1
2024-12-10 15:06:09.437,23066,23069,23066,1,-1
2024-12-10 15:06:14.790,23068,23070,23068,1,-1
2024-12-10 15:06:16.432,23067,23070,23070,1,1
2024-12-10 15:06:17.168,23068,23070,23068,1,-1
2024-12-10 15:06:22.041,23067,23070,23067,1,-1
2024-12-10 15:06:22.042,23067,23070,23066,3,-3
2024-12-10 15:06:25.511,23065,23067,23065,1,-1
2024-12-10 15:06:34.773,23065,23066,23066,1,1
2024-12-10 15:06:35.267,23065,23068,23065,2,-2
2024-12-10 15:06:35.924,23066,23069,23066,1,-1
2024-12-10 15:06:35.979,23066,23069,23066,1,-1
2024-12-10 15:06:38.575,23065,23068,23068,1,1
2024-12-10 15:06:39.403,23065,23067,23065,2,-2
2024-12-10 15:06:39.404,23065,23067,23064,6,-6
2024-12-10 15:06:39.405,23065,23067,23063,2,-2
2024-12-10 15:06:39.715,23062,23063,23062,1,-1
2024-12-10 15:06:39.715,23062,23063,23062,5,-5
2024-12-10 15:06:39.716,23062,23063,23061,2,-2
2024-12-10 15:06:39.716,23062,23063,23061,2,-2
2024-12-10 15:06:39.718,23062,23063,23061,29,-29
2024-12-10 15:06:39.719,23062,23063,23060,1,-1
2024-12-10 15:06:39.719,23062,23063,23060,1,-1
2024-12-10 15:06:39.916,23058,23060,23058,3,-3
2024-12-10 15:06:43.754,23058,23060,23058,5,-5
2024-12-10 15:06:46.620,23055,23058,23055,1,-1
2024-12-10 15:06:47.886,23055,23057,23055,1,-1
2024-12-10 15:06:49.100,23055,23058,23055,2,-2
2024-12-10 15:06:49.355,23055,23056,23056,1,1
2024-12-10 15:06:49.463,23055,23056,23056,1,1
2024-12-10 15:06:49.463,23055,23056,23055,3,-3
2024-12-10 15:06:49.463,23055,23056,23055,1,-1
2024-12-10 15:06:49.464,23055,23056,23055,1,-1
2024-12-10 15:06:49.464,23055,23056,23054,6,-6
2024-12-10 15:06:49.972,23054,23055,23054,1,-1
2024-12-10 15:06:52.793,23053,23055,23055,2,2
2024-12-10 15:06:53.724,23053,23055,23055,2,2
2024-12-10 15:06:54.272,23055,23057,23057,1,1
2024-12-10 15:06:55.886,23056,23057,23057,5,5
2024-12-10 15:06:55.887,23056,23057,23058,2,2
2024-12-10 15:06:55.887,23056,23057,23058,2,2
2024-12-10 15:06:58.837,23057,23060,23057,1,-1
2024-12-10 15:07:01.606,23057,23059,23059,1,1
2024-12-10 15:07:01.606,23057,23059,23059,1,1
2024-12-10 15:07:01.613,23057,23059,23060,2,2
2024-12-10 15:07:06.823,23060,23063,23060,1,-1
2024-12-10 15:07:16.160,23062,23064,23064,1,1
2024-12-10 15:07:22.851,23061,23063,23061,1,-1
2024-12-10 15:07:23.055,23061,23063,23061,1,-1
2024-12-10 15:07:41.670,23060,23063,23060,1,-1
2024-12-10 15:07:43.492,23060,23063,23060,1,-1
2024-12-10 15:07:47.877,23060,23063,23060,2,-2
2024-12-10 15:07:52.384,23058,23059,23058,1,-1
2024-12-10 15:08:06.643,23059,23062,23059,1,-1
2024-12-10 15:08:06.643,23059,23062,23058,1,-1
2024-12-10 15:08:12.063,23057,23059,23057,3,-3
2024-12-10 15:08:13.980,23056,23057,23056,1,-1
2024-12-10 15:08:16.307,23055,23057,23055,1,-1
2024-12-10 15:08:16.383,23055,23057,23057,1,1
2024-12-10 15:08:17.800,23055,23057,23057,1,1
2024-12-10 15:08:20.523,23055,23057,23055,1,-1
2024-12-10 15:08:22.033,23054,23057,23054,3,-3
2024-12-10 15:08:22.034,23054,23057,23053,3,-3
2024-12-10 15:08:22.215,23052,23053,23052,2,-2
2024-12-10 15:08:22.216,23052,23053,23051,2,-2
2024-12-10 15:08:22.216,23052,23053,23051,1,-1
2024-12-10 15:08:22.216,23052,23053,23051,1,-1
2024-12-10 15:08:22.216,23052,23053,23051,1,-1
2024-12-10 15:08:22.216,23052,23053,23051,2,-2
2024-12-10 15:08:22.290,23050,23051,23050,1,-1
2024-12-10 15:08:22.336,23050,23051,23051,1,1
2024-12-10 15:08:22.345,23050,23051,23051,1,1
2024-12-10 15:08:22.740,23051,23053,23051,1,-1
2024-12-10 15:08:22.816,23051,23053,23050,1,-1
2024-12-10 15:08:24.139,23050,23052,23052,1,1
2024-12-10 15:08:26.216,23052,23053,23052,1,-1
2024-12-10 15:08:27.443,23050,23052,23050,10,-10
2024-12-10 15:08:27.443,23050,23052,23049,2,-2
2024-12-10 15:08:27.535,23048,23049,23048,1,-1
2024-12-10 15:08:27.834,23048,23050,23048,4,-4
2024-12-10 15:08:27.834,23048,23050,23047,2,-2
2024-12-10 15:08:27.834,23048,23050,23046,5,-5
2024-12-10 15:08:28.033,23045,23048,23045,3,-3
2024-12-10 15:08:28.033,23045,23048,23044,3,-3
2024-12-10 15:08:28.033,23045,23048,23044,5,-5
2024-12-10 15:08:28.172,23042,23045,23045,3,3
2024-12-10 15:08:28.574,23045,23047,23047,1,1
2024-12-10 15:08:29.361,23045,23047,23047,1,1
2024-12-10 15:08:30.789,23045,23047,23047,1,1
2024-12-10 15:08:31.244,23045,23047,23047,2,2
2024-12-10 15:08:31.400,23045,23048,23048,1,1
2024-12-10 15:08:31.402,23045,23048,23048,2,2
2024-12-10 15:08:32.656,23046,23047,23047,1,1
2024-12-10 15:08:32.862,23047,23048,23048,1,1
2024-12-10 15:08:33.874,23047,23050,23047,1,-1
2024-12-10 15:08:35.819,23047,23048,23047,2,-2
2024-12-10 15:08:37.392,23045,23047,23047,1,1
2024-12-10 15:08:38.714,23045,23047,23047,1,1
2024-12-10 15:08:39.648,23045,23047,23045,2,-2
2024-12-10 15:08:39.763,23042,23045,23042,1,-1
2024-12-10 15:08:39.884,23041,23044,23041,4,-4
2024-12-10 15:08:39.884,23041,23044,23040,1,-1
2024-12-10 15:08:40.019,23040,23043,23043,1,1
2024-12-10 15:08:40.285,23041,23043,23040,1,-1
2024-12-10 15:08:40.285,23041,23043,23041,1,-1
2024-12-10 15:08:40.478,23040,23043,23043,1,1
2024-12-10 15:08:40.576,23041,23044,23044,2,2
2024-12-10 15:08:41.566,23042,23044,23044,1,1
2024-12-10 15:08:44.637,23043,23046,23043,1,-1
2024-12-10 15:08:46.439,23043,23046,23043,3,-3
2024-12-10 15:08:46.439,23043,23046,23042,5,-5
2024-12-10 15:08:46.439,23043,23046,23041,2,-2
2024-12-10 15:08:48.147,23041,23044,23044,1,1
2024-12-10 15:08:48.427,23041,23044,23041,1,-1
2024-12-10 15:08:49.110,23041,23042,23041,2,-2
2024-12-10 15:08:49.110,23041,23042,23040,8,-8
2024-12-10 15:08:49.320,23039,23041,23041,2,2
2024-12-10 15:08:49.615,23041,23042,23040,4,-4
2024-12-10 15:08:49.615,23041,23042,23039,4,-4
2024-12-10 15:08:49.615,23041,23042,23041,1,-1
2024-12-10 15:08:49.616,23041,23042,23039,1,-1
2024-12-10 15:08:50.120,23038,23041,23038,5,-5
2024-12-10 15:08:50.121,23038,23041,23038,5,-5
2024-12-10 15:08:50.123,23038,23041,23039,1,-1
2024-12-10 15:08:50.123,23038,23041,23039,3,-3
2024-12-10 15:08:50.124,23038,23041,23040,5,5
2024-12-10 15:08:50.676,23038,23040,23038,2,-2
2024-12-10 15:08:50.678,23038,23040,23038,6,-6
2024-12-10 15:08:50.678,23038,23040,23038,2,-2
2024-12-10 15:08:50.893,23037,23040,23037,2,-2
2024-12-10 15:08:51.967,23036,23038,23038,1,1
2024-12-10 15:08:52.625,23036,23038,23036,2,-2
2024-12-10 15:08:52.626,23036,23038,23036,8,-8
2024-12-10 15:08:53.146,23037,23038,23037,1,-1
2024-12-10 15:08:54.746,23036,23037,23035,8,-8
2024-12-10 15:08:54.746,23036,23037,23036,1,-1
2024-12-10 15:08:54.788,23036,23037,23033,1,-1
2024-12-10 15:08:54.955,23033,23035,23035,1,1
2024-12-10 15:08:55.044,23034,23037,23037,3,3
2024-12-10 15:08:55.309,23037,23039,23037,1,-1
2024-12-10 15:08:57.301,23037,23039,23037,2,-2
2024-12-10 15:08:57.334,23037,23039,23037,1,-1
2024-12-10 15:08:58.464,23034,23036,23036,1,1
2024-12-10 15:08:58.819,23036,23037,23036,1,-1
2024-12-10 15:09:00.078,23034,23037,23035,1,-1
2024-12-10 15:09:00.473,23034,23037,23036,1,1
2024-12-10 15:09:00.499,23034,23037,23037,1,1
2024-12-10 15:09:00.778,23035,23037,23035,1,-1
2024-12-10 15:09:00.825,23035,23037,23037,1,1
2024-12-10 15:09:01.138,23035,23037,23037,1,1
2024-12-10 15:09:01.141,23035,23037,23037,1,1
2024-12-10 15:09:01.142,23035,23037,23037,4,4
2024-12-10 15:09:01.142,23035,23037,23037,5,5
2024-12-10 15:09:01.195,23035,23037,23040,1,1
2024-12-10 15:09:01.574,23038,23040,23038,1,-1
2024-12-10 15:09:01.958,23038,23040,23038,1,-1
2024-12-10 15:09:02.725,23038,23040,23040,1,1
2024-12-10 15:09:02.725,23038,23040,23040,1,1
2024-12-10 15:09:03.017,23039,23041,23039,1,-1
2024-12-10 15:09:04.454,23036,23038,23037,1,-1
2024-12-10 15:09:06.488,23037,23040,23037,3,-3
2024-12-10 15:09:06.683,23036,23039,23039,1,1
2024-12-10 15:09:10.474,23037,23039,23039,1,1
2024-12-10 15:09:10.474,23037,23039,23040,1,1
2024-12-10 15:09:12.583,23037,23040,23040,1,1
2024-12-10 15:09:13.942,23037,23039,23040,3,3
2024-12-10 15:09:13.942,23037,23039,23039,2,2
2024-12-10 15:09:13.943,23037,23039,23040,1,1
2024-12-10 15:09:13.943,23037,23039,23040,1,1
2024-12-10 15:09:14.798,23040,23042,23042,1,1
2024-12-10 15:09:20.305,23041,23042,23041,2,-2
2024-12-10 15:09:21.794,23040,23042,23042,1,1
2024-12-10 15:09:22.027,23040,23042,23042,1,1
2024-12-10 15:09:22.293,23040,23042,23040,4,-4
2024-12-10 15:09:24.516,23040,23042,23042,1,1
2024-12-10 15:09:25.748,23041,23043,23042,1,1
2024-12-10 15:09:26.902,23041,23043,23041,2,-2
2024-12-10 15:09:26.902,23041,23043,23040,2,-2
2024-12-10 15:09:27.037,23040,23042,23040,1,-1
2024-12-10 15:09:27.809,23040,23042,23040,3,-3
2024-12-10 15:09:27.811,23040,23042,23039,2,-2
2024-12-10 15:09:27.813,23040,23042,23038,1,-1
2024-12-10 15:09:29.012,23037,23039,23037,4,-4
2024-12-10 15:09:29.175,23036,23038,23037,1,-1
2024-12-10 15:09:29.175,23036,23038,23036,1,-1
2024-12-10 15:09:29.240,23036,23038,23038,1,1
2024-12-10 15:09:31.468,23038,23041,23038,1,-1
2024-12-10 15:09:44.178,23038,23041,23038,1,-1
2024-12-10 15:09:45.811,23038,23041,23041,1,1
2024-12-10 15:09:49.501,23038,23041,23041,2,2
2024-12-10 15:09:52.625,23038,23041,23041,1,1
2024-12-10 15:10:00.158,23040,23042,23042,1,1
2024-12-10 15:10:00.582,23041,23043,23043,1,1
2024-12-10 15:10:00.582,23041,23043,23044,1,1
2024-12-10 15:10:00.643,23041,23044,23044,2,2
2024-12-10 15:10:00.643,23041,23044,23045,3,3
2024-12-10 15:10:05.525,23043,23044,23044,1,1
2024-12-10 15:10:05.526,23043,23044,23044,1,1
2024-12-10 15:10:07.211,23043,23045,23045,1,1
2024-12-10 15:10:07.980,23044,23045,23045,1,1
2024-12-10 15:10:08.001,23044,23045,23044,1,-1
2024-12-10 15:10:08.108,23044,23045,23045,1,1
2024-12-10 15:10:08.698,23043,23045,23045,1,1
2024-12-10 15:10:11.077,23044,23047,23046,2,2
2024-12-10 15:10:11.127,23044,23047,23047,5,5
2024-12-10 15:10:11.288,23045,23047,23044,2,-2
2024-12-10 15:10:14.678,23045,23046,23045,2,-2
2024-12-10 15:10:16.791,23044,23046,23044,1,-1
2024-12-10 15:10:20.642,23041,23044,23044,2,2
2024-12-10 15:10:27.351,23043,23045,23045,1,1
2024-12-10 15:10:27.358,23043,23045,23045,1,1
2024-12-10 15:10:27.359,23043,23045,23046,1,1
2024-12-10 15:10:27.359,23043,23045,23046,1,1
2024-12-10 15:10:30.895,23045,23047,23047,1,1
2024-12-10 15:10:30.895,23045,23047,23047,1,1
2024-12-10 15:10:30.983,23045,23048,23048,1,1
2024-12-10 15:10:30.989,23045,23048,23048,1,1
2024-12-10 15:10:32.439,23047,23048,23048,2,2
2024-12-10 15:10:33.850,23047,23049,23049,1,1
2024-12-10 15:10:35.886,23048,23050,23048,1,-1
2024-12-10 15:10:38.421,23048,23050,23050,1,1
2024-12-10 15:10:38.421,23048,23050,23050,1,1
2024-12-10 15:10:38.483,23049,23051,23051,1,1
2024-12-10 15:10:38.484,23049,23051,23052,1,1
2024-12-10 15:10:38.853,23051,23052,23051,1,-1
2024-12-10 15:10:42.046,23051,23052,23052,1,1
2024-12-10 15:10:42.046,23051,23052,23052,1,1
2024-12-10 15:10:43.719,23051,23052,23050,2,-2
2024-12-10 15:10:43.719,23051,23052,23051,1,-1
2024-12-10 15:10:43.720,23051,23052,23049,5,-5
2024-12-10 15:10:43.721,23051,23052,23048,1,-1
2024-12-10 15:10:43.721,23051,23052,23048,1,-1
2024-12-10 15:10:43.721,23051,23052,23048,2,-2
2024-12-10 15:10:43.721,23051,23052,23048,1,-1
2024-12-10 15:10:43.721,23051,23052,23048,5,-5
2024-12-10 15:10:43.722,23051,23052,23048,4,-4
2024-12-10 15:10:43.722,23051,23052,23048,2,-2
2024-12-10 15:10:43.722,23051,23052,23048,1,-1
2024-12-10 15:10:43.793,23045,23048,23048,1,1
2024-12-10 15:10:44.470,23045,23048,23048,1,1
2024-12-10 15:10:47.346,23045,23048,23048,1,1
2024-12-10 15:10:48.634,23045,23048,23048,1,1
2024-12-10 15:10:50.483,23045,23048,23048,1,1
2024-12-10 15:11:02.564,23046,23048,23046,1,-1
2024-12-10 15:11:18.057,23046,23048,23046,1,-1
2024-12-10 15:11:18.057,23046,23048,23045,7,-7
2024-12-10 15:11:18.887,23044,23045,23045,1,1
2024-12-10 15:11:19.394,23044,23045,23044,1,-1
2024-12-10 15:11:19.505,23042,23045,23042,5,-5
2024-12-10 15:11:28.155,23042,23043,23042,1,-1
2024-12-10 15:11:36.123,23041,23042,23042,1,1
2024-12-10 15:11:36.919,23041,23042,23041,1,-1
2024-12-10 15:11:36.919,23041,23042,23041,1,-1
2024-12-10 15:11:39.522,23040,23041,23040,1,-1
2024-12-10 15:11:39.523,23040,23041,23039,1,-1
2024-12-10 15:11:39.523,23040,23041,23038,1,-1
2024-12-10 15:11:39.523,23040,23041,23038,3,-3
2024-12-10 15:11:39.771,23037,23038,23038,1,1
2024-12-10 15:11:41.206,23037,23038,23038,1,1
2024-12-10 15:11:44.301,23037,23039,23037,6,-6
2024-12-10 15:11:45.656,23036,23037,23036,1,-1
2024-12-10 15:11:47.474,23036,23037,23036,1,-1
2024-12-10 15:11:50.613,23037,23040,23037,1,-1
2024-12-10 15:11:53.932,23037,23040,23037,1,-1
2024-12-10 15:11:54.961,23037,23040,23040,1,1
2024-12-10 15:11:58.303,23038,23040,23038,2,-2
2024-12-10 15:11:58.773,23037,23039,23037,1,-1
2024-12-10 15:12:00.218,23036,23037,23037,1,1
2024-12-10 15:12:00.458,23036,23039,23036,2,-2
2024-12-10 15:12:00.604,23036,23039,23036,1,-1
2024-12-10 15:12:09.822,23037,23039,23039,2,2
2024-12-10 15:12:09.824,23037,23039,23040,21,21
2024-12-10 15:12:09.824,23037,23039,23040,1,1
2024-12-10 15:12:09.824,23037,23039,23040,1,1
2024-12-10 15:12:09.824,23037,23039,23040,1,1
2024-12-10 15:12:09.824,23037,23039,23040,3,3
2024-12-10 15:12:09.824,23037,23039,23040,1,1
2024-12-10 15:12:09.825,23037,23039,23041,1,1
2024-12-10 15:12:09.825,23037,23039,23040,2,2
2024-12-10 15:12:09.825,23037,23039,23039,1,1
2024-12-10 15:12:09.825,23037,23039,23040,1,1
2024-12-10 15:12:09.858,23039,23042,23039,1,-1
2024-12-10 15:12:09.858,23039,23042,23039,1,-1
2024-12-10 15:12:10.011,23039,23041,23041,1,1
2024-12-10 15:12:11.197,23039,23042,23042,1,1
2024-12-10 15:12:12.005,23039,23042,23042,4,4
2024-12-10 15:12:12.005,23039,23042,23043,6,6
2024-12-10 15:12:14.761,23041,23044,23044,1,1
2024-12-10 15:12:17.262,23042,23044,23044,1,1
2024-12-10 15:12:17.894,23044,23047,23044,1,-1
2024-12-10 15:12:20.047,23044,23048,23044,2,-2
2024-12-10 15:12:20.109,23044,23047,23044,1,-1
2024-12-10 15:12:20.109,23044,23047,23044,1,-1
2024-12-10 15:12:20.115,23044,23047,23043,1,-1
2024-12-10 15:12:20.960,23043,23047,23047,1,1
2024-12-10 15:12:23.484,23044,23047,23044,1,-1
2024-12-10 15:12:23.487,23044,23047,23042,4,-4
2024-12-10 15:12:23.498,23044,23047,23042,1,-1
2024-12-10 15:12:23.632,23041,23043,23041,1,-1
2024-12-10 15:12:31.959,23041,23042,23041,1,-1
2024-12-10 15:12:33.204,23040,23042,23042,1,1
2024-12-10 15:12:33.234,23040,23043,23040,1,-1
2024-12-10 15:12:33.234,23040,23043,23040,1,-1
2024-12-10 15:12:34.905,23040,23043,23040,1,-1
2024-12-10 15:12:38.769,23038,23040,23040,1,1
2024-12-10 15:12:50.437,23039,23040,23040,1,1
2024-12-10 15:12:52.960,23039,23040,23040,1,1
2024-12-10 15:13:00.419,23039,23040,23039,1,-1
2024-12-10 15:13:02.152,23039,23040,23040,1,1
2024-12-10 15:13:02.772,23039,23040,23039,1,-1
2024-12-10 15:13:02.773,23039,23040,23038,1,-1
2024-12-10 15:13:05.864,23036,23038,23036,2,-2
2024-12-10 15:13:05.979,23036,23038,23035,1,-1
2024-12-10 15:13:06.097,23036,23038,23036,1,-1
2024-12-10 15:13:07.341,23034,23035,23035,1,1
2024-12-10 15:13:07.537,23034,23037,23037,1,1
2024-12-10 15:13:10.132,23036,23038,23036,1,-1
2024-12-10 15:13:11.938,23036,23037,23037,1,1
2024-12-10 15:13:16.522,23036,23038,23036,1,-1
2024-12-10 15:13:17.062,23035,23038,23037,1,1
2024-12-10 15:13:19.179,23035,23038,23038,2,2
2024-12-10 15:13:20.473,23036,23039,23036,1,-1
2024-12-10 15:13:21.893,23037,23039,23039,2,2
2024-12-10 15:13:23.709,23037,23039,23037,3,-3
2024-12-10 15:13:23.709,23037,23039,23036,4,-4
2024-12-10 15:13:23.709,23037,23039,23035,11,-11
2024-12-10 15:13:23.710,23037,23039,23035,1,-1
2024-12-10 15:13:23.710,23037,23039,23034,1,-1
2024-12-10 15:13:23.710,23037,23039,23035,1,-1
2024-12-10 15:13:23.711,23037,23039,23035,1,-1
2024-12-10 15:13:23.711,23037,23039,23034,3,-3
2024-12-10 15:13:23.711,23037,23039,23035,4,-4
2024-12-10 15:13:26.901,23033,23036,23036,1,1
2024-12-10 15:13:27.421,23033,23036,23032,6,-6
2024-12-10 15:13:27.421,23033,23036,23031,6,-6
2024-12-10 15:13:27.421,23033,23036,23033,8,-8
2024-12-10 15:13:27.513,23030,23032,23030,1,-1
2024-12-10 15:13:27.521,23030,23032,23030,3,-3
2024-12-10 15:13:27.522,23030,23032,23030,17,-17
2024-12-10 15:13:27.523,23030,23032,23029,1,-1
2024-12-10 15:13:27.533,23030,23032,23028,5,-5
2024-12-10 15:13:27.533,23030,23032,23027,4,-4
2024-12-10 15:13:27.533,23030,23032,23026,7,-7
2024-12-10 15:13:27.533,23030,23032,23025,4,-4
2024-12-10 15:13:27.538,23030,23032,23026,5,-5
2024-12-10 15:13:27.538,23030,23032,23025,15,-15
2024-12-10 15:13:27.548,23030,23032,23026,2,-2
2024-12-10 15:13:27.548,23030,23032,23027,2,-2
2024-12-10 15:13:27.548,23030,23032,23028,4,-4
2024-12-10 15:13:27.548,23030,23032,23029,6,-6
2024-12-10 15:13:27.624,23026,23030,23027,4,-4
2024-12-10 15:13:27.629,23026,23030,23026,1,-1
2024-12-10 15:13:27.641,23026,23030,23026,5,-5
2024-12-10 15:13:27.641,23026,23030,23025,1,-1
2024-12-10 15:13:27.641,23026,23030,23025,1,-1
2024-12-10 15:13:27.670,23026,23030,23026,1,-1
2024-12-10 15:13:27.679,23026,23030,23026,1,-1
2024-12-10 15:13:27.679,23026,23030,23025,1,-1
2024-12-10 15:13:27.684,23026,23030,23025,2,-2
2024-12-10 15:13:27.690,23026,23030,23025,1,-1
2024-12-10 15:13:27.691,23026,23030,23025,1,-1
2024-12-10 15:13:27.707,23026,23030,23025,10,-10
2024-12-10 15:13:27.707,23026,23030,23024,19,-19
2024-12-10 15:13:27.707,23026,23030,23024,1,-1
2024-12-10 15:13:27.710,23026,23030,23024,2,-2
2024-12-10 15:13:27.710,23026,23030,23023,3,-3
2024-12-10 15:13:27.720,23026,23030,23023,3,-3
2024-12-10 15:13:27.735,23023,23025,23023,1,-1
2024-12-10 15:13:27.760,23023,23025,23023,1,-1
2024-12-10 15:13:27.760,23023,23025,23023,1,-1
2024-12-10 15:13:27.760,23023,23025,23023,1,-1
2024-12-10 15:13:27.761,23023,23025,23023,1,-1
2024-12-10 15:13:27.785,23023,23025,23023,1,-1
2024-12-10 15:13:27.785,23023,23025,23023,1,-1
2024-12-10 15:13:27.809,23023,23025,23024,1,-1
2024-12-10 15:13:27.810,23023,23025,23023,1,-1
2024-12-10 15:13:27.850,23023,23025,23023,1,-1
2024-12-10 15:13:27.856,23022,23024,23024,1,1
2024-12-10 15:13:27.856,23022,23024,23024,1,1
2024-12-10 15:13:27.859,23022,23024,23026,1,1
2024-12-10 15:13:27.914,23022,23024,23023,1,1
2024-12-10 15:13:27.942,23022,23024,23027,2,2
2024-12-10 15:13:27.986,23025,23028,23028,1,1
2024-12-10 15:13:27.987,23025,23028,23029,1,1
2024-12-10 15:13:28.005,23025,23028,23027,1,1
2024-12-10 15:13:28.076,23025,23028,23028,1,1
2024-12-10 15:13:28.079,23025,23028,23026,1,-1
2024-12-10 15:13:28.079,23025,23028,23025,1,-1
2024-12-10 15:13:28.081,23025,23028,23025,2,-2
2024-12-10 15:13:28.081,23025,23028,23024,3,-3
2024-12-10 15:13:28.089,23025,23028,23027,1,1
2024-12-10 15:13:28.183,23028,23029,23028,1,-1
2024-12-10 15:13:28.241,23028,23029,23028,3,-3
2024-12-10 15:13:28.251,23028,23029,23028,1,-1
2024-12-10 15:13:28.301,23028,23029,23029,2,2
2024-12-10 15:13:28.301,23028,23029,23030,4,4
2024-12-10 15:13:28.321,23028,23029,23025,1,-1
2024-12-10 15:13:28.363,23028,23029,23029,1,1
2024-12-10 15:13:28.363,23028,23029,23029,1,1
2024-12-10 15:13:28.390,23028,23029,23028,1,-1
2024-12-10 15:13:28.426,23028,23029,23029,1,1
2024-12-10 15:13:28.426,23028,23029,23028,1,-1
2024-12-10 15:13:28.426,23028,23029,23028,1,-1
2024-12-10 15:13:28.474,23028,23029,23028,1,-1
2024-12-10 15:13:28.475,23028,23029,23029,1,1
2024-12-10 15:13:28.582,23026,23030,23026,1,-1
2024-12-10 15:13:28.623,23026,23029,23026,1,-1
2024-12-10 15:13:28.962,23026,23029,23026,1,-1
2024-12-10 15:13:29.123,23026,23029,23026,2,-2
2024-12-10 15:13:29.123,23026,23029,23025,3,-3
2024-12-10 15:13:29.274,23025,23028,23025,1,-1
2024-12-10 15:13:29.507,23024,23027,23024,1,-1
2024-12-10 15:13:29.510,23024,23027,23024,1,-1
2024-12-10 15:13:30.324,23024,23026,23023,2,-2
2024-12-10 15:13:30.324,23024,23026,23024,1,-1
2024-12-10 15:13:30.408,23022,23025,23022,2,-2
2024-12-10 15:13:30.418,23022,23025,23022,1,-1
2024-12-10 15:13:30.418,23022,23025,23022,1,-1
2024-12-10 15:13:30.420,23022,23025,23022,2,-2
2024-12-10 15:13:30.420,23022,23025,23022,7,-7
2024-12-10 15:13:30.420,23022,23025,23022,1,-1
2024-12-10 15:13:30.476,23022,23025,23021,1,-1
2024-12-10 15:13:30.477,23022,23025,23021,1,-1
2024-12-10 15:13:30.486,23021,23022,23021,2,-2
2024-12-10 15:13:30.486,23021,23022,23021,1,-1
2024-12-10 15:13:30.486,23021,23022,23021,4,-4
2024-12-10 15:13:30.486,23021,23022,23021,3,-3
2024-12-10 15:13:30.487,23021,23022,23021,1,-1
2024-12-10 15:13:30.488,23021,23022,23020,2,-2
2024-12-10 15:13:30.491,23021,23022,23020,4,-4
2024-12-10 15:13:30.491,23021,23022,23020,5,-5
2024-12-10 15:13:30.538,23021,23022,23020,1,-1
2024-12-10 15:13:30.553,23021,23022,23019,1,-1
2024-12-10 15:13:30.637,23019,23023,23023,1,1
2024-12-10 15:13:30.662,23019,23023,23020,1,-1
2024-12-10 15:13:30.663,23019,23023,23020,1,-1
2024-12-10 15:13:30.692,23019,23023,23023,1,1
2024-12-10 15:13:30.707,23019,23023,23020,1,-1
2024-12-10 15:13:30.719,23019,23023,23020,2,-2
2024-12-10 15:13:30.759,23019,23022,23023,1,1
2024-12-10 15:13:30.815,23019,23022,23023,3,3
2024-12-10 15:13:30.815,23019,23022,23024,1,1
2024-12-10 15:13:30.906,23022,23025,23025,1,1
2024-12-10 15:13:30.918,23022,23025,23022,1,-1
2024-12-10 15:13:30.953,23022,23025,23025,1,1
2024-12-10 15:13:30.955,23022,23025,23025,1,1
2024-12-10 15:13:30.958,23022,23025,23025,1,1
2024-12-10 15:13:30.970,23022,23025,23022,1,-1
2024-12-10 15:13:31.218,23022,23025,23021,1,-1
2024-12-10 15:13:31.233,23021,23025,23025,1,1
2024-12-10 15:13:32.613,23020,23024,23024,1,1
2024-12-10 15:13:34.092,23023,23026,23025,1,1
2024-12-10 15:13:34.647,23023,23026,23023,1,-1
2024-12-10 15:13:34.647,23023,23026,23022,1,-1
2024-12-10 15:13:35.137,23024,23025,23025,1,1
2024-12-10 15:13:35.340,23025,23026,23026,1,1
2024-12-10 15:13:35.484,23026,23029,23028,1,1
2024-12-10 15:13:35.544,23026,23029,23029,1,1
2024-12-10 15:13:35.921,23026,23029,23025,1,-1
2024-12-10 15:13:35.973,23026,23029,23024,1,-1
2024-12-10 15:13:36.161,23024,23027,23027,2,2
2024-12-10 15:13:37.992,23025,23028,23028,1,1
2024-12-10 15:13:37.993,23025,23028,23025,1,-1
2024-12-10 15:13:38.963,23025,23028,23028,1,1
2024-12-10 15:13:42.420,23027,23028,23028,1,1
2024-12-10 15:13:42.970,23027,23028,23028,2,2
2024-12-10 15:13:42.970,23027,23028,23029,3,3
2024-12-10 15:13:43.542,23029,23032,23030,1,-1
2024-12-10 15:13:43.923,23029,23032,23032,8,8
2024-12-10 15:13:44.033,23030,23032,23032,3,3
2024-12-10 15:13:46.318,23033,23034,23034,1,1
2024-12-10 15:13:46.319,23033,23034,23034,1,1
2024-12-10 15:13:47.650,23032,23035,23032,1,-1
2024-12-10 15:13:47.916,23031,23034,23030,1,-1
2024-12-10 15:13:47.916,23031,23034,23031,3,-3
2024-12-10 15:13:48.791,23030,23033,23033,1,1
2024-12-10 15:13:53.939,23030,23033,23030,2,-2
2024-12-10 15:13:54.150,23027,23030,23030,1,1
2024-12-10 15:13:56.168,23027,23030,23030,1,1
2024-12-10 15:13:56.463,23027,23030,23030,1,1
2024-12-10 15:13:57.510,23030,23033,23033,1,1
2024-12-10 15:13:57.553,23030,23033,23034,1,1
2024-12-10 15:13:59.043,23032,23036,23035,1,1
2024-12-10 15:13:59.104,23032,23036,23036,1,1
2024-12-10 15:13:59.611,23032,23036,23032,1,-1
2024-12-10 15:14:04.622,23033,23036,23034,1,-1
2024-12-10 15:14:06.206,23034,23036,23034,1,-1
2024-12-10 15:14:06.233,23033,23036,23033,1,-1
2024-12-10 15:14:13.884,23032,23035,23032,2,-2
2024-12-10 15:14:18.346,23031,23033,23033,1,1
2024-12-10 15:14:21.601,23031,23033,23033,1,1
2024-12-10 15:14:25.235,23034,23035,23034,1,-1
2024-12-10 15:14:32.551,23032,23034,23032,1,-1
2024-12-10 15:14:32.552,23032,23034,23031,2,-2
2024-12-10 15:14:32.635,23030,23031,23031,1,1
2024-12-10 15:14:34.063,23030,23031,23031,1,1
2024-12-10 15:14:34.063,23030,23031,23032,1,1
2024-12-10 15:14:34.109,23030,23032,23030,1,-1
2024-12-10 15:14:44.073,23033,23034,23034,3,3
2024-12-10 15:14:44.666,23033,23034,23034,1,1
2024-12-10 15:14:47.225,23033,23035,23035,1,1
2024-12-10 15:14:47.233,23033,23035,23034,1,1
2024-12-10 15:14:47.370,23035,23036,23035,1,-1
2024-12-10 15:14:57.215,23031,23033,23033,2,2
2024-12-10 15:15:00.229,23033,23034,23034,1,1
2024-12-10 15:15:00.933,23033,23034,23033,1,-1
2024-12-10 15:15:00.933,23033,23034,23032,3,-3
2024-12-10 15:15:01.260,23031,23034,23034,1,1
2024-12-10 15:15:02.851,23031,23033,23033,1,1
2024-12-10 15:15:03.851,23031,23034,23032,1,-1
2024-12-10 15:15:05.128,23031,23034,23031,1,-1
2024-12-10 15:15:05.238,23031,23034,23031,1,-1
2024-12-10 15:15:05.439,23031,23034,23031,1,-1
2024-12-10 15:15:11.461,23030,23033,23030,3,-3
2024-12-10 15:15:13.139,23030,23032,23030,1,-1
2024-12-10 15:15:13.772,23029,23030,23029,2,-2
2024-12-10 15:15:13.772,23029,23030,23028,1,-1
2024-12-10 15:15:15.085,23028,23030,23028,1,-1
2024-12-10 15:15:15.085,23028,23030,23027,3,-3
2024-12-10 15:15:17.122,23025,23027,23025,1,-1
2024-12-10 15:15:19.505,23025,23029,23025,1,-1
2024-12-10 15:15:19.608,23025,23028,23028,1,1
2024-12-10 15:15:21.744,23025,23029,23026,1,-1
2024-12-10 15:15:22.719,23025,23028,23028,1,1
2024-12-10 15:15:25.542,23028,23032,23028,2,-2
2024-12-10 15:15:31.506,23026,23029,23029,1,1
2024-12-10 15:15:31.739,23027,23030,23027,4,-4
2024-12-10 15:15:31.739,23027,23030,23026,4,-4
2024-12-10 15:15:31.739,23027,23030,23025,11,-11
2024-12-10 15:15:31.740,23027,23030,23025,1,-1
2024-12-10 15:15:31.740,23027,23030,23025,1,-1
2024-12-10 15:15:31.741,23027,23030,23025,4,-4
2024-12-10 15:15:32.035,23025,23026,23025,1,-1
2024-12-10 15:15:32.208,23024,23025,23024,2,-2
2024-12-10 15:15:32.240,23023,23024,23024,1,1
2024-12-10 15:15:32.242,23023,23024,23025,1,1
2024-12-10 15:15:34.204,23025,23027,23028,1,1
2024-12-10 15:15:34.204,23025,23027,23028,4,4
2024-12-10 15:15:39.343,23030,23031,23031,1,1
2024-12-10 15:15:40.222,23030,23032,23030,4,-4
2024-12-10 15:15:40.222,23030,23032,23029,2,-2
2024-12-10 15:15:40.223,23030,23032,23030,1,-1
2024-12-10 15:15:40.225,23030,23032,23028,1,-1
2024-12-10 15:15:41.280,23027,23028,23027,1,-1
2024-12-10 15:15:41.280,23027,23028,23027,1,-1
2024-12-10 15:15:41.280,23027,23028,23027,2,-2
2024-12-10 15:15:41.281,23027,23028,23027,1,-1
2024-12-10 15:15:43.286,23026,23028,23028,1,1
2024-12-10 15:15:44.902,23026,23029,23028,1,1
2024-12-10 15:15:46.681,23027,23028,23028,1,1
2024-12-10 15:15:54.473,23027,23029,23029,1,1
2024-12-10 15:15:56.577,23027,23029,23029,1,1
2024-12-10 15:15:56.734,23027,23029,23029,1,1
2024-12-10 15:16:07.294,23028,23029,23029,1,1
2024-12-10 15:16:07.296,23028,23029,23029,1,1
2024-12-10 15:16:07.297,23028,23029,23029,2,2
2024-12-10 15:16:07.394,23028,23030,23028,1,-1
2024-12-10 15:16:07.404,23028,23030,23028,1,-1
2024-12-10 15:16:07.404,23028,23030,23027,3,-3
2024-12-10 15:16:07.404,23028,23030,23026,1,-1
2024-12-10 15:16:07.451,23028,23030,23025,2,-2
2024-12-10 15:16:07.511,23025,23027,23025,2,-2
2024-12-10 15:16:07.511,23025,23027,23024,8,-8
2024-12-10 15:16:07.732,23023,23025,23025,1,1
2024-12-10 15:16:12.568,23025,23026,23026,1,1
2024-12-10 15:16:12.609,23025,23028,23023,1,-1
2024-12-10 15:16:12.609,23025,23028,23024,1,-1
2024-12-10 15:16:12.609,23025,23028,23025,1,-1
2024-12-10 15:16:12.610,23025,23028,23023,1,-1
2024-12-10 15:16:12.610,23025,23028,23023,1,-1
2024-12-10 15:16:12.610,23025,23028,23022,1,-1
2024-12-10 15:16:12.773,23021,23024,23021,2,-2
2024-12-10 15:16:13.130,23023,23024,23024,1,1
2024-12-10 15:16:13.130,23023,23024,23025,1,1
2024-12-10 15:16:16.248,23023,23025,23023,1,-1
2024-12-10 15:16:16.249,23023,23025,23021,2,-2
2024-12-10 15:16:16.477,23020,23022,23022,1,1
2024-12-10 15:16:19.125,23020,23022,23020,1,-1
2024-12-10 15:16:19.313,23020,23022,23020,1,-1
2024-12-10 15:16:19.338,23020,23022,23020,1,-1
2024-12-10 15:16:19.751,23020,23021,23020,2,-2
2024-12-10 15:16:21.070,23019,23020,23020,1,1
2024-12-10 15:16:21.108,23019,23022,23019,1,-1
2024-12-10 15:16:21.108,23019,23022,23019,1,-1
2024-12-10 15:16:21.109,23019,23022,23019,1,-1
2024-12-10 15:16:21.109,23019,23022,23018,1,-1
2024-12-10 15:16:21.109,23019,23022,23018,1,-1
2024-12-10 15:16:21.109,23019,23022,23018,1,-1
2024-12-10 15:16:21.109,23019,23022,23018,1,-1
2024-12-10 15:16:21.110,23019,23022,23018,1,-1
2024-12-10 15:16:21.244,23017,23020,23020,1,1
2024-12-10 15:16:21.299,23017,23020,23017,1,-1
2024-12-10 15:16:21.345,23017,23020,23017,1,-1
2024-12-10 15:16:21.462,23017,23019,23017,2,-2
2024-12-10 15:16:21.462,23017,23019,23016,1,-1
2024-12-10 15:16:21.504,23016,23018,23016,1,-1
2024-12-10 15:16:21.504,23016,23018,23015,1,-1
2024-12-10 15:16:21.536,23016,23018,23018,1,1
2024-12-10 15:16:21.628,23016,23018,23016,1,-1
2024-12-10 15:16:21.628,23016,23018,23015,2,-2
2024-12-10 15:16:21.637,23016,23018,23015,4,-4
2024-12-10 15:16:21.657,23016,23018,23015,1,-1
2024-12-10 15:16:21.657,23016,23018,23014,3,-3
2024-12-10 15:16:21.673,23016,23018,23014,1,-1
2024-12-10 15:16:21.707,23016,23018,23014,3,-3
2024-12-10 15:16:21.707,23016,23018,23013,1,-1
2024-12-10 15:16:21.818,23013,23016,23013,1,-1
2024-12-10 15:16:21.859,23013,23016,23016,1,1
2024-12-10 15:16:22.402,23016,23018,23016,2,-2
2024-12-10 15:16:22.434,23016,23018,23013,1,-1
2024-12-10 15:16:22.435,23016,23018,23013,2,-2
2024-12-10 15:16:22.438,23016,23018,23012,1,-1
2024-12-10 15:16:22.445,23016,23018,23012,2,-2
2024-12-10 15:16:22.446,23016,23018,23012,1,-1
2024-12-10 15:16:22.521,23012,23014,23012,1,-1
2024-12-10 15:16:22.562,23012,23014,23012,1,-1
2024-12-10 15:16:22.767,23012,23015,23015,1,1
2024-12-10 15:16:22.772,23012,23015,23012,1,-1
2024-12-10 15:16:22.792,23012,23015,23015,1,1
2024-12-10 15:16:23.069,23013,23016,23013,1,-1
2024-12-10 15:16:23.734,23013,23015,23013,1,-1
2024-12-10 15:16:23.795,23013,23015,23015,1,1
2024-12-10 15:16:24.571,23013,23014,23014,1,1
2024-12-10 15:16:24.571,23013,23014,23014,3,3
2024-12-10 15:16:25.154,23014,23017,23017,1,1
2024-12-10 15:16:29.201,23016,23017,23016,1,-1
2024-12-10 15:16:31.140,23014,23017,23014,1,-1
2024-12-10 15:16:31.233,23014,23017,23014,1,-1
2024-12-10 15:16:31.234,23014,23017,23013,1,-1
2024-12-10 15:16:31.234,23014,23017,23013,1,-1
2024-12-10 15:16:31.320,23014,23017,23016,1,1
2024-12-10 15:16:32.182,23015,23017,23015,2,-2
2024-12-10 15:16:33.039,23014,23016,23016,3,3
2024-12-10 15:16:33.039,23014,23016,23016,2,2
2024-12-10 15:16:34.574,23016,23017,23016,2,-2
2024-12-10 15:16:34.758,23015,23017,23017,1,1
2024-12-10 15:16:34.911,23015,23017,23015,2,-2
2024-12-10 15:16:34.911,23015,23017,23014,1,-1
2024-12-10 15:16:38.047,23015,23017,23015,2,-2
2024-12-10 15:16:40.142,23016,23017,23016,1,-1
2024-12-10 15:16:40.234,23014,23017,23014,1,-1
2024-12-10 15:16:40.234,23014,23017,23013,1,-1
2024-12-10 15:16:40.234,23014,23017,23013,1,-1
2024-12-10 15:16:40.238,23014,23017,23013,1,-1
2024-12-10 15:16:43.305,23013,23015,23012,4,-4
2024-12-10 15:16:43.305,23013,23015,23013,1,-1
2024-12-10 15:16:44.343,23012,23014,23012,2,-2
2024-12-10 15:16:44.897,23012,23014,23012,1,-1
2024-12-10 15:16:45.751,23012,23014,23012,1,-1
2024-12-10 15:16:45.751,23012,23014,23011,4,-4
2024-12-10 15:16:45.859,23011,23013,23011,1,-1
2024-12-10 15:16:45.900,23011,23013,23011,2,-2
2024-12-10 15:16:45.901,23011,23013,23010,8,-8
2024-12-10 15:16:45.901,23011,23013,23010,1,-1
2024-12-10 15:16:45.901,23011,23013,23010,1,-1
2024-12-10 15:16:45.901,23011,23013,23010,7,-7
2024-12-10 15:16:45.901,23011,23013,23009,1,-1
2024-12-10 15:16:45.902,23011,23013,23009,2,-2
2024-12-10 15:16:45.902,23011,23013,23009,2,-2
2024-12-10 15:16:45.902,23011,23013,23008,3,-3
2024-12-10 15:16:45.903,23011,23013,23008,1,-1
2024-12-10 15:16:45.903,23011,23013,23008,4,-4
2024-12-10 15:16:45.903,23011,23013,23008,1,-1
2024-12-10 15:16:45.903,23011,23013,23009,2,-2
2024-12-10 15:16:45.939,23011,23013,23007,1,-1
2024-12-10 15:16:45.941,23011,23013,23007,1,-1
2024-12-10 15:16:45.968,23011,23013,23007,1,-1
2024-12-10 15:16:45.973,23011,23013,23007,1,-1
2024-12-10 15:16:45.973,23011,23013,23007,1,-1
2024-12-10 15:16:46.017,23006,23007,23006,1,-1
2024-12-10 15:16:46.035,23006,23007,23006,3,-3
2024-12-10 15:16:46.039,23006,23007,23006,1,-1
2024-12-10 15:16:46.067,23006,23007,23006,1,-1
2024-12-10 15:16:46.067,23006,23007,23006,1,-1
2024-12-10 15:16:46.206,23005,23006,23006,1,1
2024-12-10 15:16:46.207,23005,23006,23006,1,1
2024-12-10 15:16:46.209,23005,23006,23007,3,3
2024-12-10 15:16:46.254,23006,23008,23006,2,-2
2024-12-10 15:16:46.254,23006,23008,23005,2,-2
2024-12-10 15:16:46.290,23006,23008,23005,1,-1
2024-12-10 15:16:46.305,23006,23008,23005,1,-1
2024-12-10 15:16:46.389,23005,23007,23005,1,-1
2024-12-10 15:16:46.399,23005,23007,23007,1,1
2024-12-10 15:16:46.408,23005,23007,23005,1,-1
2024-12-10 15:16:46.475,23005,23007,23005,1,-1
2024-12-10 15:16:46.584,23005,23008,23005,1,-1
2024-12-10 15:16:46.657,23005,23008,23008,3,3
2024-12-10 15:16:46.976,23006,23009,23009,1,1
2024-12-10 15:16:47.018,23007,23009,23009,1,1
2024-12-10 15:16:47.021,23007,23009,23009,1,1
2024-12-10 15:16:47.024,23007,23009,23009,1,1
2024-12-10 15:16:47.164,23008,23009,23010,3,3
2024-12-10 15:16:47.164,23008,23009,23009,2,2
2024-12-10 15:16:47.166,23008,23009,23010,24,24
2024-12-10 15:16:47.167,23008,23009,23011,1,1
2024-12-10 15:16:47.182,23008,23009,23013,2,2
2024-12-10 15:16:47.186,23008,23009,23013,1,1
2024-12-10 15:16:47.199,23008,23009,23013,1,1
2024-12-10 15:16:49.505,23011,23014,23014,1,1
2024-12-10 15:16:50.202,23013,23014,23013,1,-1
2024-12-10 15:16:51.879,23012,23013,23013,2,2
2024-12-10 15:16:52.472,23013,23014,23012,1,-1
2024-12-10 15:16:52.507,23012,23014,23014,1,1
2024-12-10 15:16:53.891,23012,23015,23015,3,3
2024-12-10 15:16:55.775,23015,23017,23017,2,2
2024-12-10 15:16:55.775,23015,23017,23017,10,10
2024-12-10 15:16:57.042,23017,23019,23015,9,-9
2024-12-10 15:16:57.042,23017,23019,23017,3,-3
2024-12-10 15:16:57.042,23017,23019,23016,4,-4
2024-12-10 15:16:57.043,23017,23019,23015,1,-1
2024-12-10 15:16:57.044,23017,23019,23015,1,-1
2024-12-10 15:16:57.044,23017,23019,23015,5,-5
2024-12-10 15:16:57.044,23017,23019,23015,1,-1
2024-12-10 15:16:57.044,23017,23019,23015,1,-1
2024-12-10 15:16:57.508,23013,23017,23017,1,1
2024-12-10 15:17:00.251,23015,23017,23015,2,-2
2024-12-10 15:17:00.358,23014,23017,23014,1,-1
2024-12-10 15:17:00.360,23014,23017,23014,1,-1
2024-12-10 15:17:00.360,23014,23017,23014,1,-1
2024-12-10 15:17:00.362,23014,23017,23013,1,-1
2024-12-10 15:17:00.409,23014,23017,23012,3,-3
2024-12-10 15:17:00.633,23012,23015,23012,1,-1
2024-12-10 15:17:00.635,23012,23015,23012,1,-1
2024-12-10 15:17:00.663,23012,23015,23012,2,-2
2024-12-10 15:17:00.663,23012,23015,23011,2,-2
2024-12-10 15:17:00.664,23012,23015,23011,1,-1
2024-12-10 15:17:00.686,23012,23015,23011,1,-1
2024-12-10 15:17:00.770,23011,23012,23011,1,-1
2024-12-10 15:17:00.775,23011,23012,23009,1,-1
2024-12-10 15:17:00.825,23011,23012,23009,1,-1
2024-12-10 15:17:00.863,23008,23011,23008,1,-1
2024-12-10 15:17:00.863,23008,23011,23008,1,-1
2024-12-10 15:17:02.794,23008,23012,23010,1,-1
2024-12-10 15:17:03.313,23008,23012,23008,2,-2
2024-12-10 15:17:03.314,23008,23012,23008,1,-1
2024-12-10 15:17:03.332,23008,23012,23008,1,-1
2024-12-10 15:17:03.367,23008,23010,23008,2,-2
2024-12-10 15:17:05.584,23008,23010,23008,1,-1
2024-12-10 15:17:05.675,23007,23009,23009,1,1
2024-12-10 15:17:05.676,23007,23009,23009,1,1
2024-12-10 15:17:08.296,23008,23010,23010,1,1
2024-12-10 15:17:08.296,23008,23010,23011,4,4
2024-12-10 15:17:09.419,23009,23012,23010,1,-1
2024-12-10 15:17:09.483,23009,23012,23009,1,-1
2024-12-10 15:17:09.759,23008,23012,23008,1,-1
2024-12-10 15:17:09.931,23008,23011,23009,2,-2
2024-12-10 15:17:09.988,23008,23011,23009,1,-1
2024-12-10 15:17:10.551,23008,23011,23011,2,2
2024-12-10 15:17:10.620,23009,23013,23009,1,-1
2024-12-10 15:17:12.129,23009,23013,23011,1,-1
2024-12-10 15:17:14.787,23010,23013,23011,1,-1
2024-12-10 15:17:15.678,23010,23013,23010,2,-2
2024-12-10 15:17:15.696,23010,23013,23012,1,1
2024-12-10 15:17:16.849,23009,23012,23012,1,1
2024-12-10 15:17:16.850,23009,23012,23012,2,2
2024-12-10 15:17:17.486,23009,23013,23012,3,3
2024-12-10 15:17:17.862,23009,23013,23011,1,1
2024-12-10 15:17:19.749,23009,23011,23009,3,-3
2024-12-10 15:17:21.459,23009,23010,23010,1,1
2024-12-10 15:17:22.919,23009,23011,23009,1,-1
2024-12-10 15:17:23.298,23010,23011,23011,2,2
2024-12-10 15:17:23.298,23010,23011,23011,5,5
2024-12-10 15:17:23.922,23010,23013,23010,3,-3
2024-12-10 15:17:23.922,23010,23013,23009,1,-1
2024-12-10 15:17:24.045,23009,23012,23009,3,-3
2024-12-10 15:17:24.046,23009,23012,23009,1,-1
2024-12-10 15:17:25.347,23010,23012,23010,1,-1
2024-12-10 15:17:26.976,23008,23010,23009,1,-1
2024-12-10 15:17:27.861,23008,23009,23009,1,1
2024-12-10 15:17:28.003,23008,23009,23008,1,-1
2024-12-10 15:17:28.262,23007,23008,23008,2,2
2024-12-10 15:17:32.610,23008,23010,23008,1,-1
2024-12-10 15:17:32.703,23008,23010,23009,2,-2
2024-12-10 15:17:33.458,23007,23010,23009,1,1
2024-12-10 15:17:33.458,23007,23010,23009,1,1
2024-12-10 15:17:33.459,23007,23010,23009,1,1
2024-12-10 15:17:33.727,23007,23010,23008,1,-1
2024-12-10 15:17:33.729,23007,23010,23009,4,4
2024-12-10 15:17:33.872,23007,23009,23007,3,-3
2024-12-10 15:17:33.927,23007,23009,23009,3,3
2024-12-10 15:17:33.927,23007,23009,23009,1,1
2024-12-10 15:17:33.929,23007,23009,23010,21,21
2024-12-10 15:17:34.165,23010,23011,23011,1,1
2024-12-10 15:17:35.306,23010,23012,23012,1,1
2024-12-10 15:17:39.607,23008,23011,23008,1,-1
2024-12-10 15:17:39.734,23008,23010,23008,1,-1
2024-12-10 15:17:40.122,23007,23010,23007,1,-1
2024-12-10 15:17:40.122,23007,23010,23006,2,-2
2024-12-10 15:17:40.491,23006,23009,23009,2,2
2024-12-10 15:17:42.023,23008,23010,23010,1,1
2024-12-10 15:17:44.424,23008,23010,23010,1,1
2024-12-10 15:17:45.355,23008,23010,23010,2,2
2024-12-10 15:17:47.323,23008,23009,23008,1,-1
2024-12-10 15:17:47.560,23008,23009,23008,1,-1
2024-12-10 15:17:48.811,23007,23009,23009,1,1
2024-12-10 15:17:50.323,23007,23008,23007,1,-1
2024-12-10 15:17:50.976,23006,23008,23008,1,1
2024-12-10 15:17:53.829,23006,23008,23006,2,-2
2024-12-10 15:17:53.878,23006,23008,23006,1,-1
2024-12-10 15:17:55.506,23006,23008,23008,1,1
2024-12-10 15:17:55.605,23006,23008,23006,2,-2
2024-12-10 15:17:58.289,23006,23009,23006,2,-2
2024-12-10 15:18:00.197,23006,23009,23009,1,1
2024-12-10 15:18:00.197,23006,23009,23009,2,2
2024-12-10 15:18:00.198,23006,23009,23010,1,1
2024-12-10 15:18:00.198,23006,23009,23010,1,1
2024-12-10 15:18:00.198,23006,23009,23010,1,1
2024-12-10 15:18:00.276,23009,23011,23009,2,-2
2024-12-10 15:18:00.611,23008,23011,23011,3,3
2024-12-10 15:18:00.647,23008,23011,23009,1,-1
2024-12-10 15:18:00.820,23009,23012,23009,1,-1
2024-12-10 15:18:01.004,23009,23011,23009,1,-1
2024-12-10 15:18:01.173,23008,23011,23008,1,-1
2024-12-10 15:18:01.320,23008,23011,23008,1,-1
2024-12-10 15:18:01.479,23008,23011,23008,1,-1
2024-12-10 15:18:01.619,23007,23010,23007,1,-1
2024-12-10 15:18:01.838,23007,23011,23007,1,-1
2024-12-10 15:18:02.023,23007,23009,23007,1,-1
2024-12-10 15:18:02.197,23006,23009,23006,1,-1
2024-12-10 15:18:02.370,23006,23009,23006,1,-1
2024-12-10 15:18:02.564,23006,23009,23006,1,-1
2024-12-10 15:18:02.702,23006,23009,23009,2,2
2024-12-10 15:18:02.750,23007,23010,23007,1,-1
2024-12-10 15:18:02.913,23007,23010,23007,1,-1
2024-12-10 15:18:03.090,23007,23010,23007,1,-1
2024-12-10 15:18:03.090,23007,23010,23010,1,1
2024-12-10 15:18:03.237,23007,23010,23007,1,-1
2024-12-10 15:18:03.398,23007,23010,23007,1,-1
2024-12-10 15:18:03.547,23007,23010,23007,1,-1
2024-12-10 15:18:03.689,23007,23010,23007,1,-1
2024-12-10 15:18:03.847,23006,23010,23006,1,-1
2024-12-10 15:18:04.172,23006,23009,23009,2,2
2024-12-10 15:18:04.370,23008,23011,23009,1,-1
2024-12-10 15:18:05.285,23008,23011,23011,1,1
2024-12-10 15:18:06.048,23009,23012,23012,1,1
2024-12-10 15:18:06.048,23009,23012,23012,5,5
2024-12-10 15:18:07.106,23010,23013,23013,1,1
2024-12-10 15:18:07.973,23010,23013,23013,1,1
2024-12-10 15:18:10.253,23010,23013,23013,1,1
2024-12-10 15:18:13.005,23010,23012,23010,2,-2
2024-12-10 15:18:13.006,23010,23012,23010,1,-1
2024-12-10 15:18:14.171,23009,23012,23012,1,1
2024-12-10 15:18:14.924,23008,23011,23011,1,1
2024-12-10 15:18:17.212,23008,23012,23012,2,2
2024-12-10 15:18:20.761,23009,23012,23012,1,1
2024-12-10 15:18:22.228,23009,23013,23013,6,6
2024-12-10 15:18:22.228,23009,23013,23014,9,9
2024-12-10 15:18:22.228,23009,23013,23015,25,25
2024-12-10 15:18:22.230,23009,23013,23016,1,1
2024-12-10 15:18:24.941,23012,23015,23015,1,1
2024-12-10 15:18:26.282,23013,23015,23015,1,1
2024-12-10 15:18:26.616,23013,23016,23016,1,1
2024-12-10 15:18:28.158,23013,23016,23013,2,-2
2024-12-10 15:18:28.158,23013,23016,23012,1,-1
2024-12-10 15:18:32.327,23013,23015,23013,1,-1
2024-12-10 15:18:35.594,23013,23015,23013,1,-1
2024-12-10 15:18:39.986,23013,23015,23015,1,1
2024-12-10 15:18:39.986,23013,23015,23016,1,1
2024-12-10 15:18:42.385,23014,23016,23014,1,-1
2024-12-10 15:18:51.635,23014,23016,23016,2,2
2024-12-10 15:18:55.007,23014,23015,23015,1,1
2024-12-10 15:18:55.008,23014,23015,23015,1,1
2024-12-10 15:18:56.421,23015,23016,23016,2,2
2024-12-10 15:18:56.421,23015,23016,23017,1,1
2024-12-10 15:18:58.528,23015,23016,23015,1,-1
2024-12-10 15:18:58.529,23015,23016,23015,4,-4
2024-12-10 15:18:58.610,23014,23016,23015,1,-1
2024-12-10 15:19:02.519,23014,23015,23014,5,-5
2024-12-10 15:19:03.430,23012,23014,23012,1,-1
2024-12-10 15:19:03.430,23012,23014,23012,1,-1
2024-12-10 15:19:03.431,23012,23014,23012,1,-1
2024-12-10 15:19:04.546,23011,23012,23011,2,-2
2024-12-10 15:19:04.546,23011,23012,23010,1,-1
2024-12-10 15:19:04.972,23009,23011,23011,1,1
2024-12-10 15:19:05.435,23009,23012,23009,1,-1
2024-12-10 15:19:06.666,23009,23012,23009,3,-3
2024-12-10 15:19:12.005,23010,23011,23010,1,-1
2024-12-10 15:19:12.365,23008,23011,23008,1,-1
2024-12-10 15:19:15.871,23008,23010,23008,1,-1
2024-12-10 15:19:17.446,23007,23009,23007,1,-1
2024-12-10 15:19:17.447,23007,23009,23009,1,1
2024-12-10 15:19:25.642,23007,23010,23007,4,-4
2024-12-10 15:19:26.784,23007,23010,23007,6,-6
2024-12-10 15:19:26.785,23007,23010,23007,1,-1
2024-12-10 15:19:31.170,23008,23010,23010,1,1
2024-12-10 15:19:31.305,23008,23010,23010,1,1
2024-12-10 15:19:31.305,23008,23010,23010,1,1
2024-12-10 15:19:31.305,23008,23010,23010,1,1
2024-12-10 15:19:31.854,23009,23012,23010,1,-1
2024-12-10 15:19:31.854,23009,23012,23010,1,-1
2024-12-10 15:19:33.874,23009,23010,23010,1,1
2024-12-10 15:19:51.039,23010,23012,23010,2,-2
2024-12-10 15:19:51.062,23010,23012,23010,1,-1
2024-12-10 15:19:57.508,23009,23012,23009,3,-3
2024-12-10 15:19:57.509,23009,23012,23009,1,-1
2024-12-10 15:19:57.509,23009,23012,23009,2,-2
2024-12-10 15:19:59.841,23008,23010,23008,3,-3
2024-12-10 15:19:59.841,23008,23010,23007,7,-7
2024-12-10 15:19:59.841,23008,23010,23006,4,-4
2024-12-10 15:19:59.841,23008,23010,23005,23,-23
2024-12-10 15:19:59.843,23008,23010,23004,1,-1
2024-12-10 15:19:59.843,23008,23010,23005,1,-1
2024-12-10 15:19:59.844,23008,23010,23005,2,-2
2024-12-10 15:19:59.844,23008,23010,23004,5,-5
2024-12-10 15:19:59.844,23008,23010,23004,1,-1
2024-12-10 15:19:59.888,23003,23005,23005,10,10
2024-12-10 15:19:59.917,23003,23005,23004,2,2
2024-12-10 15:19:59.920,23003,23005,23003,1,-1
2024-12-10 15:19:59.927,23003,23005,23003,1,-1
2024-12-10 15:20:00.032,23004,23005,23004,1,-1
2024-12-10 15:20:00.078,23004,23005,23003,1,-1
2024-12-10 15:20:00.105,23004,23005,23003,1,-1
2024-12-10 15:20:00.259,23003,23005,23005,1,1
2024-12-10 15:20:00.259,23003,23005,23006,1,1
2024-12-10 15:20:00.295,23003,23005,23006,3,3
2024-12-10 15:20:00.297,23003,23005,23004,1,1
2024-12-10 15:20:00.297,23003,23005,23003,1,-1
2024-12-10 15:20:00.307,23003,23005,23003,1,-1
2024-12-10 15:20:00.372,23003,23006,23003,2,-2
2024-12-10 15:20:00.418,23003,23006,23006,1,1
2024-12-10 15:20:00.588,23003,23006,23003,1,-1
2024-12-10 15:20:00.734,23003,23006,23006,1,1
2024-12-10 15:20:00.751,23003,23006,23003,1,-1
2024-12-10 15:20:01.303,23003,23005,23005,1,1
2024-12-10 15:20:01.358,23003,23005,23003,1,-1
2024-12-10 15:20:01.358,23003,23005,23002,1,-1
2024-12-10 15:20:01.358,23003,23005,23002,1,-1
2024-12-10 15:20:01.359,23003,23005,23002,1,-1
2024-12-10 15:20:01.717,23002,23004,23002,1,-1
2024-12-10 15:20:01.796,23002,23004,23004,1,1
2024-12-10 15:20:02.753,23002,23005,23005,1,1
2024-12-10 15:20:12.462,23003,23005,23003,2,-2
2024-12-10 15:20:14.833,23002,23005,23002,15,-15
2024-12-10 15:20:14.833,23002,23005,23001,35,-35
2024-12-10 15:20:14.834,23002,23005,23001,10,-10
2024-12-10 15:20:14.834,23002,23005,23001,6,-6
2024-12-10 15:20:14.834,23002,23005,23001,6,-6
2024-12-10 15:20:14.834,23002,23005,23001,7,-7
2024-12-10 15:20:14.834,23002,23005,23001,1,-1
2024-12-10 15:20:14.834,23002,23005,23001,3,-3
2024-12-10 15:20:14.835,23002,23005,23001,1,-1
2024-12-10 15:20:14.835,23002,23005,23001,1,-1
2024-12-10 15:20:14.835,23002,23005,23001,1,-1
2024-12-10 15:20:14.837,23002,23005,23000,21,-21
2024-12-10 15:20:14.837,23002,23005,23000,1,-1
2024-12-10 15:20:14.837,23002,23005,23000,1,-1
2024-12-10 15:20:14.837,23002,23005,23000,1,-1
2024-12-10 15:20:14.837,23002,23005,23000,1,-1
2024-12-10 15:20:14.838,23002,23005,22999,1,-1
2024-12-10 15:20:14.839,23002,23005,22999,2,-2
2024-12-10 15:20:14.858,22998,23000,22998,1,-1
2024-12-10 15:20:14.858,22998,23000,22998,1,-1
2024-12-10 15:20:14.858,22998,23000,22998,1,-1
2024-12-10 15:20:14.859,22998,23000,22998,1,-1
2024-12-10 15:20:14.859,22998,23000,22998,1,-1
2024-12-10 15:20:14.859,22998,23000,22998,1,-1
2024-12-10 15:20:14.860,22998,23000,22998,1,-1
2024-12-10 15:20:14.861,22998,23000,22998,1,-1
2024-12-10 15:20:14.861,22998,23000,22998,1,-1
2024-12-10 15:20:14.861,22998,23000,22998,1,-1
2024-12-10 15:20:14.862,22998,23000,22998,4,-4
2024-12-10 15:20:14.866,22998,23000,22996,1,-1
2024-12-10 15:20:14.876,22998,23000,22996,2,-2
2024-12-10 15:20:14.876,22998,23000,22995,1,-1
2024-12-10 15:20:14.891,22998,23000,22995,1,-1
2024-12-10 15:20:14.902,22998,23000,22995,1,-1
2024-12-10 15:20:14.914,22998,23000,22995,1,-1
2024-12-10 15:20:14.915,22998,23000,22996,1,-1
2024-12-10 15:20:14.915,22998,23000,22996,1,-1
2024-12-10 15:20:14.926,22998,23000,22997,1,-1
2024-12-10 15:20:14.938,22998,23000,22994,2,-2
2024-12-10 15:20:14.940,22998,23000,22994,1,-1
2024-12-10 15:20:14.966,22998,23000,22994,1,-1
2024-12-10 15:20:14.970,22998,23000,22997,3,-3
2024-12-10 15:20:14.980,22998,23000,22997,1,-1
2024-12-10 15:20:14.998,22994,22997,22996,1,1
2024-12-10 15:20:14.998,22994,22997,22998,1,1
2024-12-10 15:20:15.023,22994,22997,22997,1,1
2024-12-10 15:20:15.030,22994,22997,22997,2,2
2024-12-10 15:20:15.030,22994,22997,22996,1,1
2024-12-10 15:20:15.036,22994,22997,22999,1,1
2024-12-10 15:20:15.050,22994,22997,22999,1,1
2024-12-10 15:20:15.063,22994,22997,22998,1,1
2024-12-10 15:20:15.068,22994,22997,22998,1,1
2024-12-10 15:20:15.098,22994,22997,23000,1,1
2024-12-10 15:20:15.126,22997,23000,22997,1,-1
2024-12-10 15:20:15.145,22997,23000,23000,1,1
2024-12-10 15:20:15.148,22997,23000,23000,1,1
2024-12-10 15:20:15.166,22997,23000,22997,1,-1
2024-12-10 15:20:15.175,22997,23000,23000,1,1
2024-12-10 15:20:15.267,23000,23001,23001,1,1
2024-12-10 15:20:15.267,23000,23001,23001,1,1
2024-12-10 15:20:15.865,23000,23002,23002,3,3
2024-12-10 15:20:15.866,23000,23002,23002,1,1
2024-12-10 15:20:16.014,23001,23003,23003,1,1
2024-12-10 15:20:16.348,23003,23004,23004,1,1
2024-12-10 15:20:16.400,23003,23004,23006,1,1
2024-12-10 15:20:16.408,23003,23004,23006,1,1
2024-12-10 15:20:16.563,23006,23007,23006,2,-2
2024-12-10 15:20:16.664,23004,23007,23007,1,1
2024-12-10 15:20:17.105,23007,23010,23010,1,1
2024-12-10 15:20:17.105,23007,23010,23011,2,2
2024-12-10 15:20:17.494,23009,23011,23011,1,1
2024-12-10 15:20:17.494,23009,23011,23012,3,3
2024-12-10 15:20:17.999,23009,23012,23012,1,1
2024-12-10 15:20:18.015,23009,23012,23010,3,-3
2024-12-10 15:20:18.109,23010,23013,23008,1,-1
2024-12-10 15:20:18.109,23010,23013,23008,1,-1
2024-12-10 15:20:18.109,23010,23013,23009,1,-1
2024-12-10 15:20:18.109,23010,23013,23008,1,-1
2024-12-10 15:20:18.109,23010,23013,23009,1,-1
2024-12-10 15:20:18.109,23010,23013,23010,1,-1
2024-12-10 15:20:18.109,23010,23013,23010,1,-1
2024-12-10 15:20:18.109,23010,23013,23009,1,-1
2024-12-10 15:20:18.110,23010,23013,23007,1,-1
2024-12-10 15:20:18.110,23010,23013,23008,1,-1
2024-12-10 15:20:18.111,23010,23013,23007,3,-3
2024-12-10 15:20:18.675,23007,23009,23007,1,-1
2024-12-10 15:20:19.306,23005,23008,23008,1,1
2024-12-10 15:20:20.623,23005,23008,23008,1,1
2024-12-10 15:20:21.132,23006,23009,23006,1,-1
2024-12-10 15:20:24.486,23005,23008,23005,1,-1
2024-12-10 15:20:24.687,23006,23007,23007,1,1
2024-12-10 15:20:25.211,23006,23007,23007,1,1
2024-12-10 15:20:25.211,23006,23007,23008,1,1
2024-12-10 15:20:26.966,23007,23009,23009,1,1
2024-12-10 15:20:28.086,23008,23012,23009,2,-2
2024-12-10 15:20:28.086,23008,23012,23008,4,-4
2024-12-10 15:20:28.086,23008,23012,23007,2,-2
2024-12-10 15:20:28.109,23007,23010,23006,1,-1
2024-12-10 15:20:28.109,23007,23010,23006,1,-1
2024-12-10 15:20:28.109,23007,23010,23006,1,-1
2024-12-10 15:20:28.109,23007,23010,23007,1,-1
2024-12-10 15:20:28.109,23007,23010,23007,1,-1
2024-12-10 15:20:28.109,23007,23010,23006,1,-1
2024-12-10 15:20:28.114,23007,23010,23006,1,-1
2024-12-10 15:20:32.480,23004,23006,23006,3,3
2024-12-10 15:20:36.747,23006,23009,23006,1,-1
2024-12-10 15:20:38.458,23006,23009,23006,1,-1
2024-12-10 15:20:38.458,23006,23009,23005,3,-3
2024-12-10 15:20:38.483,23005,23008,23005,1,-1
2024-12-10 15:20:38.483,23005,23008,23005,1,-1
2024-12-10 15:20:38.483,23005,23008,23005,1,-1
2024-12-10 15:20:38.484,23005,23008,23004,1,-1
2024-12-10 15:20:44.134,23006,23008,23006,1,-1
2024-12-10 15:20:48.378,23006,23008,23008,1,1
2024-12-10 15:20:48.483,23007,23010,23007,1,-1
2024-12-10 15:20:49.222,23007,23010,23010,1,1
2024-12-10 15:20:51.990,23008,23010,23010,13,13
2024-12-10 15:20:51.991,23008,23010,23011,1,1
2024-12-10 15:20:52.813,23010,23012,23010,1,-1
2024-12-10 15:20:52.813,23010,23012,23009,4,-4
2024-12-10 15:20:59.181,23009,23010,23009,1,-1
2024-12-10 15:21:01.950,23009,23010,23010,1,1
2024-12-10 15:21:02.657,23009,23010,23009,1,-1
2024-12-10 15:21:02.657,23009,23010,23007,1,-1
2024-12-10 15:21:08.618,23008,23009,23008,1,-1
2024-12-10 15:21:14.789,23007,23009,23009,1,1
2024-12-10 15:21:14.845,23007,23009,23010,1,1
2024-12-10 15:21:16.534,23009,23012,23012,1,1
2024-12-10 15:21:16.921,23009,23012,23012,1,1
2024-12-10 15:21:16.952,23009,23012,23012,1,1
2024-12-10 15:21:19.401,23010,23012,23012,1,1
2024-12-10 15:21:19.545,23010,23012,23012,1,1
2024-12-10 15:21:23.131,23012,23013,23013,2,2
2024-12-10 15:21:24.614,23012,23014,23014,3,3
2024-12-10 15:21:26.496,23012,23014,23014,1,1
2024-12-10 15:21:27.106,23012,23014,23014,3,3
2024-12-10 15:21:27.106,23012,23014,23015,17,17
2024-12-10 15:21:27.106,23012,23014,23015,4,4
2024-12-10 15:21:27.323,23014,23016,23016,2,2
2024-12-10 15:21:35.542,23015,23017,23017,1,1
2024-12-10 15:21:36.357,23015,23017,23017,1,1
2024-12-10 15:21:37.237,23015,23016,23015,3,-3
2024-12-10 15:21:37.237,23015,23016,23014,2,-2
2024-12-10 15:21:40.679,23011,23013,23013,1,1
2024-12-10 15:21:41.475,23011,23013,23011,1,-1
2024-12-10 15:21:45.822,23010,23012,23010,1,-1
2024-12-10 15:21:51.030,23010,23011,23011,1,1
2024-12-10 15:21:52.326,23010,23011,23011,1,1
2024-12-10 15:21:54.071,23010,23012,23012,2,2
2024-12-10 15:21:58.604,23011,23012,23012,1,1
2024-12-10 15:22:02.370,23011,23013,23013,1,1
2024-12-10 15:22:12.646,23013,23015,23013,1,-1
2024-12-10 15:22:30.774,23012,23013,23013,1,1
2024-12-10 15:22:33.945,23012,23013,23013,1,1
2024-12-10 15:22:35.725,23012,23015,23012,1,-1
2024-12-10 15:22:39.635,23012,23014,23014,1,1
2024-12-10 15:22:39.641,23012,23014,23012,1,-1
2024-12-10 15:22:45.434,23012,23014,23012,2,-2
2024-12-10 15:22:46.964,23011,23013,23011,2,-2
2024-12-10 15:22:46.964,23011,23013,23011,5,-5
2024-12-10 15:22:46.966,23011,23013,23010,1,-1
2024-12-10 15:22:46.966,23011,23013,23010,1,-1
2024-12-10 15:22:46.966,23011,23013,23010,3,-3
2024-12-10 15:22:46.967,23011,23013,23010,3,-3
2024-12-10 15:22:51.035,23007,23009,23007,1,-1
2024-12-10 15:22:51.035,23007,23009,23007,1,-1
2024-12-10 15:22:51.035,23007,23009,23007,1,-1
2024-12-10 15:22:51.847,23006,23009,23006,1,-1
2024-12-10 15:23:07.643,23010,23013,23012,2,2
2024-12-10 15:23:13.781,23007,23010,23010,2,2
2024-12-10 15:23:23.234,23011,23012,23012,1,1
2024-12-10 15:23:23.235,23011,23012,23012,1,1
2024-12-10 15:23:29.431,23011,23014,23014,7,7
2024-12-10 15:23:29.431,23011,23014,23015,1,1
2024-12-10 15:23:30.101,23013,23015,23012,3,-3
2024-12-10 15:23:30.101,23013,23015,23013,2,-2
2024-12-10 15:23:32.325,23011,23014,23014,1,1
2024-12-10 15:23:34.326,23011,23013,23013,2,2
2024-12-10 15:23:47.623,23011,23013,23013,1,1
2024-12-10 15:23:48.566,23011,23014,23013,1,1
2024-12-10 15:23:50.669,23012,23014,23014,3,3
2024-12-10 15:23:51.687,23013,23015,23013,1,-1
2024-12-10 15:23:56.891,23013,23015,23015,1,1
2024-12-10 15:24:03.626,23013,23015,23015,9,9
2024-12-10 15:24:03.627,23013,23015,23016,2,2
2024-12-10 15:24:04.162,23014,23016,23014,3,-3
2024-12-10 15:24:04.162,23014,23016,23013,6,-6
2024-12-10 15:24:04.163,23014,23016,23013,1,-1
2024-12-10 15:24:05.205,23012,23015,23015,3,3
2024-12-10 15:24:05.311,23012,23015,23015,1,1
2024-12-10 15:24:18.456,23012,23013,23012,1,-1
2024-12-10 15:24:18.986,23011,23012,23011,2,-2
2024-12-10 15:24:20.301,23010,23012,23012,1,1
2024-12-10 15:24:21.457,23010,23012,23012,1,1
2024-12-10 15:24:23.411,23010,23012,23010,3,-3
2024-12-10 15:24:24.489,23008,23010,23010,1,1
2024-12-10 15:24:29.474,23010,23013,23010,3,-3
2024-12-10 15:24:33.287,23009,23012,23012,1,1
2024-12-10 15:24:35.562,23011,23013,23013,1,1
2024-12-10 15:24:42.924,23012,23013,23012,1,-1
2024-12-10 15:24:42.924,23012,23013,23011,2,-2
2024-12-10 15:24:42.924,23012,23013,23010,2,-2
2024-12-10 15:24:45.335,23008,23011,23011,1,1
2024-12-10 15:25:13.968,23010,23013,23011,1,-1
2024-12-10 15:25:14.115,23012,23013,23012,1,-1
2024-12-10 15:25:14.260,23012,23013,23012,1,-1
2024-12-10 15:25:14.339,23012,23013,23012,1,-1
2024-12-10 15:25:21.755,23012,23013,23012,1,-1
2024-12-10 15:25:27.222,23011,23013,23011,1,-1
2024-12-10 15:25:27.301,23010,23012,23010,4,-4
2024-12-10 15:25:27.301,23010,23012,23010,2,-2
2024-12-10 15:25:32.984,23008,23010,23008,4,-4
2024-12-10 15:25:32.988,23008,23010,23007,2,-2
2024-12-10 15:25:32.990,23008,23010,23006,2,-2
2024-12-10 15:25:34.168,23005,23007,23007,1,1
2024-12-10 15:25:34.743,23005,23007,23005,1,-1
2024-12-10 15:25:34.743,23005,23007,23005,1,-1
2024-12-10 15:25:34.744,23005,23007,23005,3,-3
2024-12-10 15:25:34.881,23004,23006,23006,1,1
2024-12-10 15:25:35.394,23004,23006,23004,2,-2
2024-12-10 15:25:35.394,23004,23006,23003,3,-3
2024-12-10 15:25:35.414,23004,23006,23005,1,-1
2024-12-10 15:25:36.058,23003,23005,23003,2,-2
2024-12-10 15:25:36.694,23002,23003,23002,3,-3
2024-12-10 15:25:37.137,23001,23002,23001,1,-1
2024-12-10 15:25:37.194,23001,23002,23001,3,-3
2024-12-10 15:25:37.583,23000,23001,23000,4,-4
2024-12-10 15:25:37.755,22999,23000,23000,1,1
2024-12-10 15:25:38.431,22999,23001,23000,1,1
2024-12-10 15:25:40.386,23000,23003,23000,3,-3
2024-12-10 15:25:40.386,23000,23003,23000,1,-1
2024-12-10 15:25:40.387,23000,23003,23000,1,-1
2024-12-10 15:25:41.013,23000,23002,23000,1,-1
2024-12-10 15:25:41.020,23000,23002,22999,3,-3
2024-12-10 15:25:41.985,22998,22999,22999,1,1
2024-12-10 15:25:42.169,22998,22999,22999,1,1
2024-12-10 15:25:42.383,22998,22999,22998,4,-4
2024-12-10 15:25:42.602,22997,22998,22998,1,1
2024-12-10 15:25:42.768,22997,22998,22997,4,-4
2024-12-10 15:25:43.555,22996,22997,22997,1,1
2024-12-10 15:25:44.053,22996,22998,22998,1,1
2024-12-10 15:25:44.217,22996,22998,22996,1,-1
2024-12-10 15:25:44.244,22995,22997,22995,1,-1
2024-12-10 15:25:44.341,22995,22997,22996,1,-1
2024-12-10 15:25:44.471,22995,22998,22995,1,-1
2024-12-10 15:25:44.498,22995,22997,22995,1,-1
2024-12-10 15:25:45.288,22996,22999,22996,1,-1
2024-12-10 15:25:47.416,22998,23000,22998,1,-1
2024-12-10 15:25:47.730,22998,23000,23004,2,2
2024-12-10 15:25:47.730,22998,23000,23002,9,9
2024-12-10 15:25:47.730,22998,23000,23003,5,5
2024-12-10 15:25:47.730,22998,23000,23000,2,2
2024-12-10 15:25:47.730,22998,23000,23001,2,2
2024-12-10 15:25:47.925,23004,23006,23006,1,1
2024-12-10 15:25:47.990,23006,23008,23008,1,1
2024-12-10 15:25:48.349,23004,23007,23005,1,-1
2024-12-10 15:25:48.731,23005,23006,23005,1,-1
2024-12-10 15:25:48.731,23005,23006,23004,1,-1
2024-12-10 15:25:50.467,23004,23006,23003,1,-1
2024-12-10 15:25:51.021,23003,23006,23003,1,-1
2024-12-10 15:25:52.338,23002,23005,23005,1,1
2024-12-10 15:25:54.639,23002,23004,23002,1,-1
2024-12-10 15:25:56.057,23000,23002,23002,1,1
2024-12-10 15:25:58.690,23000,23003,23000,2,-2
2024-12-10 15:26:00.985,23001,23003,23003,1,1
2024-12-10 15:26:02.319,23001,23003,23001,2,-2
2024-12-10 15:26:03.325,23002,23003,23004,1,1
2024-12-10 15:26:03.325,23002,23003,23003,1,1
2024-12-10 15:26:07.697,23002,23004,23002,3,-3
2024-12-10 15:26:12.383,23002,23004,23002,2,-2
2024-12-10 15:26:15.524,23002,23004,23004,2,2
2024-12-10 15:26:16.833,23003,23005,23005,1,1
2024-12-10 15:26:19.354,23005,23006,23006,1,1
2024-12-10 15:26:19.354,23005,23006,23007,3,3
2024-12-10 15:26:19.512,23005,23007,23005,1,-1
2024-12-10 15:26:21.060,23006,23007,23007,6,6
2024-12-10 15:26:21.062,23006,23007,23007,5,5
2024-12-10 15:26:21.378,23007,23008,23007,1,-1
2024-12-10 15:26:22.607,23007,23008,23008,1,1
2024-12-10 15:26:22.972,23007,23009,23007,1,-1
2024-12-10 15:26:23.365,23007,23009,23009,4,4
2024-12-10 15:26:24.410,23008,23010,23010,1,1
2024-12-10 15:26:24.410,23008,23010,23010,4,4
2024-12-10 15:26:24.410,23008,23010,23010,2,2
2024-12-10 15:26:24.410,23008,23010,23010,2,2
2024-12-10 15:26:24.410,23008,23010,23010,2,2
2024-12-10 15:26:24.410,23008,23010,23010,1,1
2024-12-10 15:26:26.666,23010,23011,23011,1,1
2024-12-10 15:26:29.341,23010,23011,23010,1,-1
2024-12-10 15:26:29.599,23008,23011,23011,3,3
2024-12-10 15:26:29.599,23008,23011,23012,2,2
2024-12-10 15:26:29.599,23008,23011,23013,5,5
2024-12-10 15:26:29.599,23008,23011,23014,8,8
2024-12-10 15:26:29.599,23008,23011,23015,2,2
2024-12-10 15:26:30.729,23010,23014,23010,1,-1
2024-12-10 15:26:31.448,23010,23011,23011,1,1
2024-12-10 15:26:31.604,23010,23014,23010,2,-2
2024-12-10 15:26:39.338,23011,23014,23011,1,-1
2024-12-10 15:26:42.466,23009,23010,23010,1,1
2024-12-10 15:26:42.466,23009,23010,23011,2,2
2024-12-10 15:26:44.213,23011,23012,23012,1,1
2024-12-10 15:26:45.220,23011,23012,23012,1,1
2024-12-10 15:26:46.794,23011,23013,23011,3,-3
2024-12-10 15:26:46.795,23011,23013,23010,1,-1
2024-12-10 15:26:46.997,23007,23010,23010,1,1
2024-12-10 15:26:49.239,23006,23009,23006,1,-1
2024-12-10 15:26:49.426,23006,23009,23009,1,1
2024-12-10 15:26:49.628,23006,23007,23007,1,1
2024-12-10 15:26:52.145,23005,23007,23007,2,2
2024-12-10 15:26:54.786,23009,23012,23009,1,-1
2024-12-10 15:26:57.987,23010,23012,23014,17,17
2024-12-10 15:26:57.987,23010,23012,23013,2,2
2024-12-10 15:26:57.987,23010,23012,23012,1,1
2024-12-10 15:26:58.145,23013,23015,23015,1,1
2024-12-10 15:26:58.853,23013,23015,23013,2,-2
2024-12-10 15:27:05.341,23011,23013,23013,1,1
2024-12-10 15:27:05.341,23011,23013,23014,2,2
2024-12-10 15:27:11.932,23014,23015,23015,2,2
2024-12-10 15:27:14.178,23014,23015,23014,1,-1
2024-12-10 15:27:14.200,23014,23015,23015,1,1
2024-12-10 15:27:15.166,23014,23015,23015,1,1
2024-12-10 15:27:15.167,23014,23015,23015,1,1
2024-12-10 15:27:16.174,23015,23016,23015,1,-1
2024-12-10 15:27:16.578,23015,23016,23015,1,-1
2024-12-10 15:27:17.229,23015,23016,23015,1,-1
2024-12-10 15:27:22.085,23015,23016,23016,1,1
2024-12-10 15:27:22.085,23015,23016,23016,5,5
2024-12-10 15:27:22.085,23015,23016,23016,3,3
2024-12-10 15:27:22.085,23015,23016,23016,6,6
2024-12-10 15:27:23.483,23016,23017,23017,2,2
2024-12-10 15:27:23.826,23017,23018,23017,1,-1
2024-12-10 15:27:23.840,23016,23017,23017,4,4
2024-12-10 15:27:23.845,23016,23017,23017,1,1
2024-12-10 15:27:23.845,23017,23018,23017,7,-7
2024-12-10 15:27:23.913,23017,23018,23018,1,1
2024-12-10 15:27:23.918,23017,23018,23018,1,1
2024-12-10 15:27:23.919,23017,23018,23018,1,1
2024-12-10 15:27:23.923,23017,23018,23019,1,1
2024-12-10 15:27:23.963,23017,23018,23019,1,1
2024-12-10 15:27:24.154,23017,23019,23017,1,-1
2024-12-10 15:27:26.027,23018,23019,23018,2,-2
2024-12-10 15:27:26.655,23017,23018,23017,1,-1
2024-12-10 15:27:26.898,23015,23018,23018,1,1
2024-12-10 15:27:30.373,23016,23018,23018,1,1
2024-12-10 15:27:31.269,23016,23018,23018,1,1
2024-12-10 15:27:31.394,23016,23018,23018,4,4
2024-12-10 15:27:31.395,23016,23018,23019,3,3
2024-12-10 15:27:31.398,23016,23018,23019,1,1
2024-12-10 15:27:31.398,23016,23018,23019,1,1
2024-12-10 15:27:36.927,23018,23019,23018,1,-1
2024-12-10 15:27:40.271,23018,23019,23018,5,-5
2024-12-10 15:27:42.293,23018,23019,23019,1,1
2024-12-10 15:27:43.043,23018,23019,23019,1,1
2024-12-10 15:27:43.197,23018,23019,23018,1,-1
2024-12-10 15:27:44.734,23017,23019,23017,1,-1
2024-12-10 15:27:44.734,23017,23019,23017,1,-1
2024-12-10 15:27:44.734,23017,23019,23017,1,-1
2024-12-10 15:27:44.734,23017,23019,23017,2,-2
2024-12-10 15:27:48.766,23016,23018,23018,1,1
2024-12-10 15:27:50.910,23016,23018,23020,34,34
2024-12-10 15:27:50.910,23016,23018,23018,1,1
2024-12-10 15:27:50.910,23016,23018,23019,5,5
2024-12-10 15:27:50.911,23016,23018,23020,1,1
2024-12-10 15:27:50.911,23016,23018,23020,2,2
2024-12-10 15:27:51.607,23020,23021,23021,1,1
2024-12-10 15:27:51.646,23020,23021,23022,3,3
2024-12-10 15:27:51.646,23020,23021,23022,1,1
2024-12-10 15:27:52.038,23022,23023,23023,1,1
2024-12-10 15:27:52.039,23022,23023,23023,3,3
2024-12-10 15:27:52.364,23023,23024,23023,1,-1
2024-12-10 15:27:52.365,23023,23024,23022,3,-3
2024-12-10 15:27:52.366,23023,23024,23021,1,-1
2024-12-10 15:27:52.405,23023,23024,23022,1,-1
2024-12-10 15:27:55.603,23021,23024,23022,1,-1
2024-12-10 15:27:55.667,23021,23024,23024,2,2
2024-12-10 15:27:56.216,23022,23024,23024,1,1
2024-12-10 15:27:56.530,23022,23025,23024,1,1
2024-12-10 15:27:57.402,23022,23025,23025,1,1
2024-12-10 15:27:57.810,23022,23025,23025,1,1
2024-12-10 15:27:58.097,23023,23025,23025,1,1
2024-12-10 15:27:58.543,23023,23025,23025,1,1
2024-12-10 15:27:58.551,23023,23025,23023,1,-1
2024-12-10 15:27:59.270,23022,23025,23025,1,1
2024-12-10 15:28:00.011,23022,23025,23025,1,1
2024-12-10 15:28:00.154,23022,23025,23025,1,1
2024-12-10 15:28:00.257,23022,23025,23025,1,1
2024-12-10 15:28:00.360,23022,23025,23025,1,1
2024-12-10 15:28:00.788,23023,23025,23023,3,-3
2024-12-10 15:28:00.852,23023,23025,23023,2,-2
2024-12-10 15:28:00.852,23023,23025,23022,1,-1
2024-12-10 15:28:02.209,23022,23024,23022,1,-1
2024-12-10 15:28:02.365,23020,23023,23023,1,1
2024-12-10 15:28:02.609,23021,23024,23024,1,1
2024-12-10 15:28:04.883,23020,23023,23023,1,1
2024-12-10 15:28:09.345,23022,23023,23023,1,1
2024-12-10 15:28:10.085,23022,23023,23022,1,-1
2024-12-10 15:28:11.924,23021,23023,23021,2,-2
2024-12-10 15:28:13.107,23020,23022,23020,1,-1
2024-12-10 15:28:13.107,23020,23022,23020,1,-1
2024-12-10 15:28:13.107,23020,23022,23020,1,-1
2024-12-10 15:28:14.483,23018,23020,23018,1,-1
2024-12-10 15:28:14.634,23017,23020,23017,1,-1
2024-12-10 15:28:19.063,23019,23020,23020,1,1
2024-12-10 15:28:19.508,23019,23022,23022,2,2
2024-12-10 15:28:21.622,23020,23023,23020,5,-5
2024-12-10 15:28:27.205,23020,23022,23022,1,1
2024-12-10 15:28:30.061,23021,23023,23023,3,3
2024-12-10 15:28:30.108,23021,23024,23024,1,1
2024-12-10 15:28:30.258,23022,23024,23022,1,-1
2024-12-10 15:28:31.125,23022,23024,23024,2,2
2024-12-10 15:28:37.893,23023,23025,23025,23,23
2024-12-10 15:28:37.893,23023,23025,23026,1,1
2024-12-10 15:28:37.894,23023,23025,23026,1,1
2024-12-10 15:28:37.894,23023,23025,23026,1,1
2024-12-10 15:28:37.894,23023,23025,23026,1,1
2024-12-10 15:28:38.045,23025,23027,23027,1,1
2024-12-10 15:28:38.117,23025,23027,23027,2,2
2024-12-10 15:28:38.117,23025,23027,23028,8,8
2024-12-10 15:28:38.205,23025,23027,23028,1,1
2024-12-10 15:28:38.219,23025,23027,23028,1,1
2024-12-10 15:28:38.219,23025,23027,23029,1,1
2024-12-10 15:28:38.227,23025,23027,23029,1,1
2024-12-10 15:28:38.304,23026,23029,23029,1,1
2024-12-10 15:28:38.437,23026,23029,23029,1,1
2024-12-10 15:28:39.268,23027,23029,23027,1,-1
2024-12-10 15:28:39.651,23026,23028,23026,1,-1
2024-12-10 15:28:39.694,23026,23028,23026,2,-2
2024-12-10 15:28:40.281,23024,23027,23027,1,1
2024-12-10 15:28:44.834,23026,23027,23026,2,-2
2024-12-10 15:28:45.766,23026,23027,23027,1,1
2024-12-10 15:28:46.418,23026,23028,23026,1,-1
2024-12-10 15:28:46.990,23024,23026,23026,1,1
2024-12-10 15:28:47.266,23024,23026,23024,1,-1
2024-12-10 15:28:49.760,23022,23025,23025,4,4
2024-12-10 15:28:50.353,23024,23025,23025,1,1
2024-12-10 15:28:52.997,23025,23026,23024,5,-5
2024-12-10 15:28:52.997,23025,23026,23025,3,-3
2024-12-10 15:28:53.489,23025,23026,23025,1,-1
2024-12-10 15:28:58.764,23025,23026,23026,1,1
2024-12-10 15:29:00.481,23025,23027,23027,1,1
2024-12-10 15:29:02.293,23026,23027,23027,1,1
2024-12-10 15:29:03.286,23026,23027,23026,1,-1
2024-12-10 15:29:03.287,23026,23027,23026,1,-1
2024-12-10 15:29:04.480,23025,23027,23027,1,1
2024-12-10 15:29:07.091,23027,23028,23028,1,1
2024-12-10 15:29:10.742,23028,23029,23029,3,3
2024-12-10 15:29:10.962,23028,23030,23029,3,3
2024-12-10 15:29:12.465,23028,23029,23029,1,1
2024-12-10 15:29:12.465,23028,23029,23030,4,4
2024-12-10 15:29:12.493,23028,23030,23030,2,2
2024-12-10 15:29:12.989,23028,23030,23030,1,1
2024-12-10 15:29:13.730,23028,23030,23030,4,4
2024-12-10 15:29:13.756,23028,23030,23030,23,23
2024-12-10 15:29:13.757,23028,23030,23031,1,1
2024-12-10 15:29:13.757,23028,23030,23031,2,2
2024-12-10 15:29:13.803,23028,23030,23030,1,1
2024-12-10 15:29:14.445,23030,23032,23030,1,-1
2024-12-10 15:29:14.614,23030,23032,23032,1,1
2024-12-10 15:29:14.741,23030,23032,23032,9,9
2024-12-10 15:29:14.741,23030,23032,23033,1,1
2024-12-10 15:29:14.864,23030,23033,23033,2,2
2024-12-10 15:29:15.259,23031,23033,23031,1,-1
2024-12-10 15:29:15.272,23031,23033,23033,2,2
2024-12-10 15:29:19.450,23032,23034,23032,1,-1
2024-12-10 15:29:20.110,23031,23033,23031,1,-1
2024-12-10 15:29:20.129,23031,23033,23030,1,-1
2024-12-10 15:29:20.177,23031,23033,23031,2,-2
2024-12-10 15:29:22.352,23029,23032,23032,2,2
2024-12-10 15:29:22.352,23029,23032,23031,2,2
2024-12-10 15:29:22.419,23029,23032,23032,1,1
2024-12-10 15:29:23.937,23030,23032,23032,1,1
2024-12-10 15:29:25.195,23030,23031,23031,1,1
2024-12-10 15:29:26.226,23032,23033,23032,1,-1
2024-12-10 15:29:26.226,23032,23033,23032,1,-1
2024-12-10 15:29:26.431,23031,23032,23033,1,1
2024-12-10 15:29:26.920,23032,23033,23033,1,1
2024-12-10 15:29:27.369,23032,23033,23033,1,1
2024-12-10 15:29:28.548,23032,23034,23032,1,-1
2024-12-10 15:29:29.765,23032,23034,23032,1,-1
2024-12-10 15:29:30.948,23033,23034,23033,1,-1
2024-12-10 15:29:31.431,23032,23034,23033,1,-1
2024-12-10 15:29:32.233,23031,23034,23031,1,-1
2024-12-10 15:29:36.009,23033,23034,23034,1,1
2024-12-10 15:29:36.010,23033,23034,23034,3,3
2024-12-10 15:29:36.125,23034,23035,23034,1,-1
2024-12-10 15:29:36.125,23034,23035,23033,1,-1
2024-12-10 15:29:36.126,23034,23035,23034,1,-1
2024-12-10 15:29:36.241,23034,23035,23035,2,2
2024-12-10 15:29:36.244,23034,23035,23035,1,1
2024-12-10 15:29:36.509,23034,23035,23034,1,-1
2024-12-10 15:29:44.370,23034,23035,23034,1,-1
2024-12-10 15:29:45.075,23034,23035,23035,1,1
2024-12-10 15:29:46.901,23034,23035,23034,1,-1
2024-12-10 15:29:48.126,23034,23035,23034,1,-1
2024-12-10 15:29:48.941,23034,23035,23034,1,-1
2024-12-10 15:29:48.942,23034,23035,23034,1,-1
2024-12-10 15:29:49.027,23033,23035,23033,1,-1
2024-12-10 15:29:49.452,23033,23034,23033,1,-1
2024-12-10 15:29:49.453,23033,23034,23033,1,-1
2024-12-10 15:29:49.563,23032,23033,23034,1,1
2024-12-10 15:29:50.171,23032,23034,23032,1,-1
2024-12-10 15:29:50.171,23032,23034,23032,1,-1
2024-12-10 15:29:50.229,23032,23034,23031,1,-1
2024-12-10 15:29:50.234,23031,23032,23032,1,1
2024-12-10 15:29:51.019,23031,23033,23031,1,-1
2024-12-10 15:29:51.247,23031,23033,23033,3,3
2024-12-10 15:29:51.247,23031,23033,23034,1,1
2024-12-10 15:29:51.372,23032,23035,23032,1,-1
2024-12-10 15:29:51.618,23031,23034,23031,1,-1
2024-12-10 15:29:51.858,23032,23034,23032,1,-1
2024-12-10 15:29:54.616,23032,23034,23032,1,-1
2024-12-10 15:29:55.971,23031,23034,23034,1,1
2024-12-10 15:29:57.532,23032,23034,23032,1,-1
2024-12-10 15:29:59.088,23032,23034,23032,1,-1
2024-12-10 15:30:01.476,23032,23034,23032,1,-1
2024-12-10 15:30:01.572,23032,23034,23032,3,-3
2024-12-10 15:30:01.572,23032,23034,23031,5,-5
2024-12-10 15:30:01.678,23031,23033,23033,1,1
2024-12-10 15:30:02.038,23031,23034,23034,4,4
2024-12-10 15:30:02.062,23031,23034,23035,1,1
2024-12-10 15:30:02.069,23031,23034,23035,1,1
2024-12-10 15:30:02.196,23034,23035,23035,1,1
2024-12-10 15:30:02.196,23034,23035,23036,1,1
2024-12-10 15:30:02.211,23034,23035,23036,1,1
2024-12-10 15:30:02.219,23034,23035,23036,2,2
2024-12-10 15:30:02.279,23034,23036,23036,1,1
2024-12-10 15:30:02.296,23034,23036,23035,1,1
2024-12-10 15:30:02.339,23034,23036,23035,1,1
2024-12-10 15:30:02.376,23033,23036,23036,2,2
2024-12-10 15:30:02.384,23033,23036,23034,1,-1
2024-12-10 15:30:02.399,23033,23036,23036,1,1
2024-12-10 15:30:02.401,23033,23036,23036,1,1
2024-12-10 15:30:02.406,23033,23036,23037,1,1
2024-12-10 15:30:02.407,23033,23036,23035,1,1
2024-12-10 15:30:02.411,23033,23036,23037,2,2
2024-12-10 15:30:02.412,23033,23036,23035,1,1
2024-12-10 15:30:02.417,23033,23036,23037,1,1
2024-12-10 15:30:02.429,23033,23036,23037,2,2
2024-12-10 15:30:02.432,23033,23036,23035,1,1
2024-12-10 15:30:02.547,23035,23037,23034,3,-3
2024-12-10 15:30:02.741,23033,23035,23033,1,-1
2024-12-10 15:30:02.741,23033,23035,23032,1,-1
2024-12-10 15:30:03.264,23031,23034,23034,1,1
2024-12-10 15:30:04.045,23032,23034,23034,1,1
2024-12-10 15:30:04.545,23032,23035,23032,1,-1
2024-12-10 15:30:07.383,23031,23033,23031,2,-2
2024-12-10 15:30:07.598,23030,23032,23032,1,1
2024-12-10 15:30:07.600,23030,23032,23032,1,1
2024-12-10 15:30:10.525,23032,23033,23032,2,-2
2024-12-10 15:30:11.339,23030,23032,23032,1,1
2024-12-10 15:30:12.083,23031,23033,23032,1,1
2024-12-10 15:30:12.972,23031,23033,23031,1,-1
2024-12-10 15:30:13.205,23030,23033,23030,1,-1
2024-12-10 15:30:13.207,23030,23033,23032,1,1
2024-12-10 15:30:13.423,23030,23033,23031,1,-1
2024-12-10 15:30:13.766,23030,23033,23032,1,1
2024-12-10 15:30:16.520,23030,23031,23030,2,-2
2024-12-10 15:30:17.300,23028,23030,23030,1,1
2024-12-10 15:30:20.128,23028,23030,23030,3,3
2024-12-10 15:30:21.432,23029,23031,23031,5,5
2024-12-10 15:30:21.434,23029,23031,23032,3,3
2024-12-10 15:30:21.434,23029,23031,23032,2,2
2024-12-10 15:30:22.015,23031,23033,23031,2,-2
2024-12-10 15:30:22.230,23030,23032,23032,1,1
2024-12-10 15:30:22.556,23030,23032,23030,1,-1
2024-12-10 15:30:29.631,23032,23033,23033,2,2
2024-12-10 15:30:29.631,23032,23033,23033,3,3
2024-12-10 15:30:29.631,23032,23033,23033,6,6
2024-12-10 15:30:30.314,23033,23035,23035,1,1
2024-12-10 15:30:30.345,23033,23035,23035,1,1
2024-12-10 15:30:30.346,23033,23035,23035,1,1
2024-12-10 15:30:30.376,23033,23036,23036,1,1
2024-12-10 15:30:31.549,23033,23035,23035,1,1
2024-12-10 15:30:33.010,23033,23035,23035,1,1
2024-12-10 15:30:37.077,23032,23035,23035,3,3
2024-12-10 15:30:37.078,23032,23035,23035,1,1
2024-12-10 15:30:39.937,23033,23035,23032,1,-1
2024-12-10 15:30:39.937,23033,23035,23033,1,-1
2024-12-10 15:30:48.136,23034,23035,23035,1,1
2024-12-10 15:30:48.137,23034,23035,23035,1,1
2024-12-10 15:30:49.126,23035,23036,23036,1,1
2024-12-10 15:30:51.227,23036,23037,23036,1,-1
2024-12-10 15:30:53.646,23036,23037,23037,1,1
2024-12-10 15:30:53.772,23036,23038,23038,3,3
2024-12-10 15:30:53.975,23038,23039,23038,2,-2
2024-12-10 15:30:54.185,23038,23039,23039,5,5
2024-12-10 15:30:54.520,23039,23040,23040,1,1
2024-12-10 15:30:54.521,23039,23040,23040,31,31
2024-12-10 15:30:54.521,23039,23040,23041,1,1
2024-12-10 15:30:54.524,23039,23040,23042,1,1
2024-12-10 15:30:57.083,23041,23042,23042,1,1
2024-12-10 15:30:57.287,23041,23042,23042,1,1
2024-12-10 15:30:57.392,23041,23042,23041,2,-2
2024-12-10 15:30:57.497,23040,23042,23040,1,-1
2024-12-10 15:30:57.497,23040,23042,23040,1,-1
2024-12-10 15:30:57.979,23038,23041,23038,1,-1
2024-12-10 15:31:00.202,23039,23041,23041,2,2
2024-12-10 15:31:00.202,23039,23041,23042,1,1
2024-12-10 15:31:00.285,23039,23042,23042,2,2
2024-12-10 15:31:00.317,23039,23042,23043,1,1
2024-12-10 15:31:00.512,23040,23041,23040,1,-1
2024-12-10 15:31:00.648,23039,23041,23041,1,1
2024-12-10 15:31:00.820,23039,23041,23041,1,1
2024-12-10 15:31:00.967,23039,23042,23041,1,1
2024-12-10 15:31:01.009,23039,23040,23040,1,1
2024-12-10 15:31:01.129,23039,23040,23040,1,1
2024-12-10 15:31:01.142,23039,23040,23038,1,-1
2024-12-10 15:31:01.142,23039,23040,23039,1,-1
2024-12-10 15:31:01.265,23038,23040,23040,1,1
2024-12-10 15:31:01.427,23038,23040,23040,1,1
2024-12-10 15:31:01.567,23038,23040,23040,1,1
2024-12-10 15:31:01.639,23038,23039,23038,1,-1
2024-12-10 15:31:01.720,23038,23039,23039,1,1
2024-12-10 15:31:01.989,23036,23039,23039,1,1
2024-12-10 15:31:02.175,23036,23039,23039,1,1
2024-12-10 15:31:02.328,23036,23038,23038,1,1
2024-12-10 15:31:02.355,23036,23039,23039,1,1
2024-12-10 15:31:02.485,23037,23039,23039,1,1
2024-12-10 15:31:02.632,23037,23040,23040,1,1
2024-12-10 15:31:02.805,23037,23040,23040,1,1
2024-12-10 15:31:02.945,23037,23040,23040,1,1
2024-12-10 15:31:02.953,23037,23040,23040,1,1
2024-12-10 15:31:03.107,23037,23040,23040,1,1
2024-12-10 15:31:03.275,23037,23040,23040,1,1
2024-12-10 15:31:03.450,23037,23041,23041,1,1
2024-12-10 15:31:03.628,23038,23041,23041,1,1
2024-12-10 15:31:03.768,23039,23040,23040,1,1
2024-12-10 15:31:04.186,23039,23040,23040,1,1
2024-12-10 15:31:05.430,23040,23041,23040,1,-1
2024-12-10 15:31:05.436,23040,23041,23040,11,-11
2024-12-10 15:31:05.501,23037,23040,23040,1,1
2024-12-10 15:31:05.756,23039,23041,23041,1,1
2024-12-10 15:31:06.829,23038,23040,23038,1,-1
2024-12-10 15:31:06.862,23038,23040,23038,1,-1
2024-12-10 15:31:11.495,23039,23040,23039,1,-1
2024-12-10 15:31:11.608,23038,23040,23040,1,1
2024-12-10 15:31:11.609,23038,23040,23040,1,1
2024-12-10 15:31:11.876,23039,23041,23039,3,-3
2024-12-10 15:31:12.182,23038,23039,23039,7,7
2024-12-10 15:31:12.183,23038,23039,23040,4,4
2024-12-10 15:31:13.062,23038,23041,23041,1,1
2024-12-10 15:31:20.116,23038,23040,23038,6,-6
2024-12-10 15:31:20.116,23038,23040,23038,3,-3
2024-12-10 15:31:20.117,23038,23040,23037,1,-1
2024-12-10 15:31:20.320,23035,23038,23037,1,1
2024-12-10 15:31:22.565,23035,23037,23037,1,1
2024-12-10 15:31:26.894,23035,23037,23035,1,-1
2024-12-10 15:31:26.948,23035,23037,23037,2,2
2024-12-10 15:31:26.950,23035,23037,23037,3,3
2024-12-10 15:31:26.950,23035,23037,23037,1,1
2024-12-10 15:31:27.984,23037,23038,23037,1,-1
2024-12-10 15:31:28.109,23035,23038,23038,1,1
2024-12-10 15:31:28.109,23035,23038,23038,1,1
2024-12-10 15:31:28.111,23035,23038,23039,1,1
2024-12-10 15:31:28.114,23035,23038,23039,1,1
2024-12-10 15:31:33.326,23037,23039,23037,1,-1
2024-12-10 15:31:35.601,23037,23039,23037,2,-2
2024-12-10 15:31:37.665,23037,23039,23039,1,1
2024-12-10 15:31:37.734,23037,23039,23039,1,1
2024-12-10 15:31:39.596,23037,23039,23037,2,-2
2024-12-10 15:31:39.596,23037,23039,23036,2,-2
2024-12-10 15:31:40.092,23036,23038,23036,1,-1
2024-12-10 15:31:41.426,23036,23037,23037,2,2
2024-12-10 15:31:41.426,23036,23037,23038,1,1
2024-12-10 15:31:41.456,23036,23037,23036,1,-1
2024-12-10 15:31:42.864,23035,23038,23038,1,1
2024-12-10 15:31:50.461,23036,23037,23037,1,1
2024-12-10 15:31:51.932,23037,23039,23037,1,-1
2024-12-10 15:31:52.211,23037,23039,23037,1,-1
2024-12-10 15:31:57.151,23037,23039,23037,1,-1
2024-12-10 15:31:57.860,23036,23039,23039,2,2
2024-12-10 15:31:57.860,23036,23039,23040,3,3
2024-12-10 15:31:59.695,23038,23040,23040,1,1
2024-12-10 15:32:10.321,23038,23039,23038,2,-2
2024-12-10 15:32:10.321,23038,23039,23038,3,-3
2024-12-10 15:32:17.029,23035,23038,23035,1,-1
2024-12-10 15:32:19.832,23035,23037,23035,1,-1
2024-12-10 15:32:20.919,23035,23037,23035,1,-1
2024-12-10 15:32:46.784,23033,23035,23035,4,4
2024-12-10 15:32:48.378,23035,23036,23036,1,1
2024-12-10 15:33:00.105,23036,23038,23038,1,1
2024-12-10 15:33:00.109,23036,23039,23039,1,1
2024-12-10 15:33:00.355,23038,23040,23040,1,1
2024-12-10 15:33:00.356,23038,23040,23040,1,1
2024-12-10 15:33:00.637,23037,23040,23037,1,-1
2024-12-10 15:33:03.635,23037,23039,23039,1,1
2024-12-10 15:33:03.635,23037,23039,23040,10,10
2024-12-10 15:33:03.733,23038,23041,23041,1,1
2024-12-10 15:33:03.733,23038,23041,23041,1,1
2024-12-10 15:33:03.733,23038,23041,23041,1,1
2024-12-10 15:33:05.243,23039,23040,23040,1,1
2024-12-10 15:33:08.981,23037,23040,23037,2,-2
2024-12-10 15:33:12.204,23037,23039,23037,1,-1
2024-12-10 15:33:12.233,23036,23038,23038,1,1
2024-12-10 15:33:12.234,23036,23038,23038,1,1
2024-12-10 15:33:12.234,23036,23038,23039,1,1
2024-12-10 15:33:12.234,23036,23038,23039,1,1
2024-12-10 15:33:12.234,23036,23038,23039,1,1
2024-12-10 15:33:12.234,23036,23038,23040,1,1
2024-12-10 15:33:20.635,23038,23040,23040,1,1
2024-12-10 15:33:22.179,23039,23040,23040,2,2
2024-12-10 15:33:22.180,23039,23040,23040,5,5
2024-12-10 15:33:22.234,23040,23042,23042,1,1
2024-12-10 15:33:22.234,23040,23042,23042,1,1
2024-12-10 15:33:22.235,23040,23042,23042,1,1
2024-12-10 15:33:22.323,23040,23042,23040,1,-1
2024-12-10 15:33:26.727,23040,23042,23040,1,-1
2024-12-10 15:33:26.857,23040,23042,23042,1,1
2024-12-10 15:33:26.923,23040,23042,23042,1,1
2024-12-10 15:33:27.170,23041,23043,23043,1,1
2024-12-10 15:33:27.233,23041,23043,23043,1,1
2024-12-10 15:33:27.233,23041,23043,23043,1,1
2024-12-10 15:33:27.233,23041,23043,23043,1,1
2024-12-10 15:33:27.233,23041,23043,23043,1,1
2024-12-10 15:33:27.233,23041,23043,23043,1,1
2024-12-10 15:33:27.234,23041,23043,23044,1,1
2024-12-10 15:33:27.234,23041,23043,23044,1,1
2024-12-10 15:33:28.838,23043,23044,23043,1,-1
2024-12-10 15:33:29.275,23042,23044,23042,1,-1
2024-12-10 15:33:29.275,23042,23044,23041,1,-1
2024-12-10 15:33:31.693,23040,23043,23043,1,1
2024-12-10 15:33:32.294,23041,23043,23043,1,1
2024-12-10 15:33:40.827,23041,23044,23041,3,-3
2024-12-10 15:33:40.827,23041,23044,23040,1,-1
2024-12-10 15:33:51.809,23040,23043,23040,1,-1
2024-12-10 15:33:57.571,23041,23042,23042,1,1
2024-12-10 15:34:10.554,23042,23044,23042,1,-1
2024-12-10 15:34:13.453,23041,23043,23043,1,1
2024-12-10 15:34:18.453,23041,23044,23044,2,2
2024-12-10 15:34:23.295,23041,23043,23039,2,-2
2024-12-10 15:34:23.295,23041,23043,23040,3,-3
2024-12-10 15:34:23.295,23041,23043,23041,2,-2
2024-12-10 15:34:25.680,23038,23040,23040,1,1
2024-12-10 15:34:25.680,23038,23040,23041,1,1
2024-12-10 15:34:31.331,23039,23041,23039,2,-2
2024-12-10 15:34:31.331,23039,23041,23038,3,-3
2024-12-10 15:34:31.559,23038,23041,23038,1,-1
2024-12-10 15:34:32.759,23037,23039,23037,2,-2
2024-12-10 15:34:32.759,23037,23039,23036,5,-5
2024-12-10 15:34:33.809,23036,23038,23038,1,1
2024-12-10 15:34:35.422,23036,23039,23036,1,-1
2024-12-10 15:34:36.861,23036,23038,23036,1,-1
2024-12-10 15:34:47.901,23036,23037,23036,1,-1
2024-12-10 15:34:47.901,23036,23037,23035,4,-4
2024-12-10 15:34:53.989,23035,23037,23037,2,2
2024-12-10 15:34:59.280,23035,23037,23037,1,1
2024-12-10 15:34:59.671,23036,23038,23038,1,1
2024-12-10 15:34:59.799,23036,23039,23039,1,1
2024-12-10 15:35:10.724,23037,23039,23038,1,1
2024-12-10 15:35:19.878,23038,23040,23040,1,1
