2019-03-28,15:00:00.027000,10500,10500,10500,70
2019-03-28,15:00:00.629000,10500,10500,10500,2
2019-03-28,15:00:00.873000,10501,10501,10501,5
2019-03-28,15:00:00.898000,10500,10500,10500,1
2019-03-28,15:00:00.916000,10500,10500,10500,1
2019-03-28,15:00:01.345000,10501,10501,10501,1
2019-03-28,15:00:01.418000,10500,10500,10500,1
2019-03-28,15:00:01.426000,10500,10500,10500,1
2019-03-28,15:00:01.466000,10501,10501,10501,2
2019-03-28,15:00:01.938000,10501,10501,10501,2
2019-03-28,15:00:02.016000,10501,10501,10501,1
2019-03-28,15:00:02.260000,10500,10500,10500,1
2019-03-28,15:00:02.778000,10500,10500,10500,1
2019-03-28,15:00:03.317000,10501,10501,10501,1
2019-03-28,15:00:03.449000,10500,10500,10500,2
2019-03-28,15:00:03.577000,10501,10501,10501,4
2019-03-28,15:00:03.643000,10501,10501,10501,1
2019-03-28,15:00:04.613000,10501,10501,10501,4
2019-03-28,15:00:04.624000,10500,10500,10500,2
2019-03-28,15:00:05.287000,10501,10501,10501,4
2019-03-28,15:00:06.635000,10501,10501,10501,12
2019-03-28,15:00:06.670000,10502,10502,10502,4
2019-03-28,15:00:06.671000,10502,10502,10502,4
2019-03-28,15:00:07.485000,10501,10501,10501,2
2019-03-28,15:00:07.684000,10502,10502,10502,2
2019-03-28,15:00:07.756000,10502,10502,10502,3
2019-03-28,15:00:07.800000,10502,10502,10502,1
2019-03-28,15:00:09.463000,10503,10503,10503,5
2019-03-28,15:00:09.861000,10503,10503,10503,15
2019-03-28,15:00:11.040000,10504,10504,10504,5
2019-03-28,15:00:11.294000,10503,10503,10503,5
2019-03-28,15:00:11.650000,10504,10504,10504,2
2019-03-28,15:00:11.949000,10504,10504,10504,1
2019-03-28,15:00:12.722000,10503,10503,10503,1
2019-03-28,15:00:13.011000,10503,10503,10503,1
2019-03-28,15:00:14.154000,10504,10504,10504,3
2019-03-28,15:00:14.462000,10504,10504,10504,3
2019-03-28,15:00:14.463000,10504,10504,10504,1
2019-03-28,15:00:14.489000,10504,10504,10504,3
2019-03-28,15:00:14.597000,10504,10504,10504,2
2019-03-28,15:00:14.848000,10503,10503,10503,1
2019-03-28,15:00:15.047000,10504,10504,10504,3
2019-03-28,15:00:15.296000,10504,10504,10504,9
2019-03-28,15:00:15.671000,10505,10505,10505,1
2019-03-28,15:00:15.870000,10504,10504,10504,1
2019-03-28,15:00:16.539000,10505,10505,10505,1
2019-03-28,15:00:17.778000,10505,10505,10505,2
2019-03-28,15:00:18.298000,10505,10505,10505,1
2019-03-28,15:00:18.916000,10504,10504,10504,1
2019-03-28,15:00:18.977000,10504,10504,10504,2
2019-03-28,15:00:19.169000,10504,10504,10504,1
2019-03-28,15:00:19.370000,10504,10504,10504,1
2019-03-28,15:00:19.639000,10504,10504,10504,1
2019-03-28,15:00:19.916000,10505,10505,10505,1
2019-03-28,15:00:22.306000,10505,10505,10505,2
2019-03-28,15:00:23.012000,10505,10505,10505,1
2019-03-28,15:00:24.167000,10505,10505,10505,1
2019-03-28,15:00:24.375000,10505,10505,10505,33
2019-03-28,15:00:25.411000,10505,10505,10505,2
2019-03-28,15:00:25.708000,10506,10506,10506,1
2019-03-28,15:00:27.779000,10506,10506,10506,1
2019-03-28,15:00:27.912000,10506,10506,10506,1
2019-03-28,15:00:27.923000,10506,10506,10506,3
2019-03-28,15:00:27.950000,10506,10506,10506,3
2019-03-28,15:00:27.971000,10506,10506,10506,2
2019-03-28,15:00:28.750000,10506,10506,10506,1
2019-03-28,15:00:29.409000,10506,10506,10506,2
2019-03-28,15:00:30.099000,10505,10505,10505,1
2019-03-28,15:00:30.497000,10505,10505,10505,1
2019-03-28,15:00:30.600000,10505,10505,10505,1
2019-03-28,15:00:31.221000,10506,10506,10506,1
2019-03-28,15:00:31.773000,10506,10506,10506,1
2019-03-28,15:00:31.780000,10506,10506,10506,2
2019-03-28,15:00:31.780000,10507,10507,10507,1
2019-03-28,15:00:31.796000,10507,10507,10507,3
2019-03-28,15:00:31.803000,10505,10505,10505,1
2019-03-28,15:00:31.804000,10507,10507,10507,2
2019-03-28,15:00:31.934000,10506,10506,10506,1
2019-03-28,15:00:31.934000,10507,10507,10507,11
2019-03-28,15:00:32.894000,10507,10507,10507,1
2019-03-28,15:00:35.524000,10506,10506,10506,1
2019-03-28,15:00:36.930000,10507,10507,10507,1
2019-03-28,15:00:37.203000,10507,10507,10507,2
2019-03-28,15:00:37.776000,10507,10507,10507,1
2019-03-28,15:00:38.224000,10506,10506,10506,1
2019-03-28,15:00:38.452000,10506,10506,10506,1
2019-03-28,15:00:38.639000,10507,10507,10507,1
2019-03-28,15:00:38.670000,10507,10507,10507,1
2019-03-28,15:00:39.827000,10507,10507,10507,5
2019-03-28,15:00:40.807000,10507,10507,10507,1
2019-03-28,15:00:42.647000,10506,10506,10506,1
2019-03-28,15:00:42.923000,10507,10507,10507,1
2019-03-28,15:00:44.542000,10507,10507,10507,1
2019-03-28,15:00:44.737000,10507,10507,10507,1
2019-03-28,15:00:44.888000,10507,10507,10507,1
2019-03-28,15:00:44.950000,10507,10507,10507,1
2019-03-28,15:00:45.810000,10507,10507,10507,1
2019-03-28,15:00:46.527000,10507,10507,10507,3
2019-03-28,15:00:46.826000,10507,10507,10507,2
2019-03-28,15:00:47.586000,10507,10507,10507,1
2019-03-28,15:00:47.586000,10507,10507,10507,1
2019-03-28,15:00:47.586000,10507,10507,10507,1
2019-03-28,15:00:47.797000,10507,10507,10507,1
2019-03-28,15:00:48.778000,10507,10507,10507,1
2019-03-28,15:00:49.019000,10507,10507,10507,1
2019-03-28,15:00:49.194000,10506,10506,10506,1
2019-03-28,15:00:49.673000,10507,10507,10507,1
2019-03-28,15:00:50.794000,10507,10507,10507,1
2019-03-28,15:00:52.396000,10507,10507,10507,2
2019-03-28,15:00:52.872000,10507,10507,10507,1
2019-03-28,15:00:55.130000,10507,10507,10507,1
2019-03-28,15:00:56.755000,10506,10506,10506,3
2019-03-28,15:00:56.766000,10506,10506,10506,9
2019-03-28,15:00:58.143000,10506,10506,10506,3
2019-03-28,15:00:58.297000,10506,10506,10506,13
2019-03-28,15:00:58.403000,10505,10505,10505,1
2019-03-28,15:00:58.669000,10506,10506,10506,1
2019-03-28,15:01:00.314000,10506,10506,10506,1
2019-03-28,15:01:00.443000,10506,10506,10506,1
2019-03-28,15:01:01.732000,10506,10506,10506,1
2019-03-28,15:01:02.097000,10506,10506,10506,2
2019-03-28,15:01:04.169000,10505,10505,10505,1
2019-03-28,15:01:04.352000,10505,10505,10505,2
2019-03-28,15:01:05.372000,10506,10506,10506,1
2019-03-28,15:01:05.709000,10505,10505,10505,1
2019-03-28,15:01:07.088000,10505,10505,10505,1
2019-03-28,15:01:07.424000,10505,10505,10505,1
2019-03-28,15:01:10.953000,10505,10505,10505,2
2019-03-28,15:01:11.911000,10505,10505,10505,1
2019-03-28,15:01:17.037000,10505,10505,10505,1
2019-03-28,15:01:19.062000,10506,10506,10506,2
2019-03-28,15:01:20.215000,10505,10505,10505,1
2019-03-28,15:01:20.844000,10506,10506,10506,1
2019-03-28,15:01:22.886000,10506,10506,10506,18
2019-03-28,15:01:24.023000,10506,10506,10506,1
2019-03-28,15:01:24.450000,10506,10506,10506,1
2019-03-28,15:01:24.910000,10506,10506,10506,1
2019-03-28,15:01:25.737000,10506,10506,10506,1
2019-03-28,15:01:27.462000,10506,10506,10506,1
2019-03-28,15:01:31.151000,10506,10506,10506,1
2019-03-28,15:01:32.936000,10507,10507,10507,3
2019-03-28,15:01:33.016000,10507,10507,10507,3
2019-03-28,15:01:33.016000,10507,10507,10507,8
2019-03-28,15:01:38.111000,10507,10507,10507,6
2019-03-28,15:01:38.297000,10507,10507,10507,1
2019-03-28,15:01:39.310000,10507,10507,10507,3
2019-03-28,15:01:39.368000,10508,10508,10508,10
2019-03-28,15:01:40.936000,10508,10508,10508,1
2019-03-28,15:01:42.386000,10508,10508,10508,8
2019-03-28,15:01:43.034000,10508,10508,10508,1
2019-03-28,15:01:44.826000,10508,10508,10508,1
2019-03-28,15:01:45.346000,10507,10507,10507,1
2019-03-28,15:01:46.384000,10508,10508,10508,4
2019-03-28,15:01:46.405000,10508,10508,10508,1
2019-03-28,15:01:46.525000,10508,10508,10508,1
2019-03-28,15:01:48.571000,10508,10508,10508,1
2019-03-28,15:01:48.895000,10508,10508,10508,2
2019-03-28,15:01:50.325000,10508,10508,10508,1
2019-03-28,15:01:50.704000,10508,10508,10508,2
2019-03-28,15:01:50.797000,10508,10508,10508,1
2019-03-28,15:01:50.919000,10508,10508,10508,1
2019-03-28,15:01:51.671000,10508,10508,10508,1
2019-03-28,15:01:52.146000,10508,10508,10508,1
2019-03-28,15:01:56.096000,10507,10507,10507,6
2019-03-28,15:01:56.096000,10507,10507,10507,3
2019-03-28,15:01:56.141000,10507,10507,10507,3
2019-03-28,15:01:56.170000,10506,10506,10506,1
2019-03-28,15:01:57.344000,10506,10506,10506,1
2019-03-28,15:01:57.459000,10507,10507,10507,15
2019-03-28,15:01:57.614000,10507,10507,10507,1
2019-03-28,15:01:58.237000,10507,10507,10507,1
2019-03-28,15:02:00.833000,10508,10508,10508,1
2019-03-28,15:02:03.191000,10507,10507,10507,1
2019-03-28,15:02:06.464000,10507,10507,10507,1
2019-03-28,15:02:11.168000,10508,10508,10508,1
2019-03-28,15:02:11.680000,10507,10507,10507,2
2019-03-28,15:02:11.758000,10508,10508,10508,2
2019-03-28,15:02:15.055000,10508,10508,10508,2
2019-03-28,15:02:15.567000,10507,10507,10507,1
2019-03-28,15:02:16.140000,10507,10507,10507,1
2019-03-28,15:02:21.700000,10508,10508,10508,1
2019-03-28,15:02:21.726000,10507,10507,10507,2
2019-03-28,15:02:22.138000,10508,10508,10508,2
2019-03-28,15:02:23.124000,10507,10507,10507,1
2019-03-28,15:02:25.078000,10507,10507,10507,3
2019-03-28,15:02:26.506000,10507,10507,10507,1
2019-03-28,15:02:28.844000,10507,10507,10507,1
2019-03-28,15:02:32.406000,10507,10507,10507,1
2019-03-28,15:02:35.996000,10507,10507,10507,1
2019-03-28,15:02:36.365000,10507,10507,10507,1
2019-03-28,15:02:37.588000,10507,10507,10507,1
2019-03-28,15:02:37.914000,10507,10507,10507,1
2019-03-28,15:02:39.095000,10507,10507,10507,1
2019-03-28,15:02:40.939000,10507,10507,10507,1
2019-03-28,15:02:42.446000,10507,10507,10507,1
2019-03-28,15:02:42.518000,10507,10507,10507,6
2019-03-28,15:02:47.749000,10507,10507,10507,1
2019-03-28,15:03:04.474000,10507,10507,10507,5
2019-03-28,15:03:08.115000,10507,10507,10507,1
2019-03-28,15:03:14.629000,10506,10506,10506,5
2019-03-28,15:03:15.426000,10507,10507,10507,1
2019-03-28,15:03:15.591000,10507,10507,10507,1
2019-03-28,15:03:19.103000,10506,10506,10506,1
2019-03-28,15:03:21.334000,10507,10507,10507,1
2019-03-28,15:03:21.386000,10506,10506,10506,1
2019-03-28,15:03:21.484000,10506,10506,10506,1
2019-03-28,15:03:24.139000,10507,10507,10507,3
2019-03-28,15:03:25.340000,10506,10506,10506,1
2019-03-28,15:03:26.631000,10507,10507,10507,2
2019-03-28,15:03:26.872000,10507,10507,10507,2
2019-03-28,15:03:26.884000,10507,10507,10507,1
2019-03-28,15:03:27.110000,10507,10507,10507,2
2019-03-28,15:03:27.348000,10507,10507,10507,2
2019-03-28,15:03:27.391000,10507,10507,10507,3
2019-03-28,15:03:27.601000,10508,10508,10508,1
2019-03-28,15:03:28.259000,10507,10507,10507,1
2019-03-28,15:03:34.713000,10507,10507,10507,1
2019-03-28,15:03:35.640000,10507,10507,10507,1
2019-03-28,15:03:51.127000,10508,10508,10508,1
2019-03-28,15:03:51.522000,10508,10508,10508,1
2019-03-28,15:03:57.256000,10508,10508,10508,2
2019-03-28,15:04:00.035000,10508,10508,10508,1
2019-03-28,15:04:00.410000,10508,10508,10508,1
2019-03-28,15:04:01.303000,10508,10508,10508,1
2019-03-28,15:04:02.207000,10508,10508,10508,3
2019-03-28,15:04:06.834000,10508,10508,10508,1
2019-03-28,15:04:12.660000,10508,10508,10508,2
2019-03-28,15:04:12.899000,10508,10508,10508,1
2019-03-28,15:04:13.016000,10508,10508,10508,6
2019-03-28,15:04:13.417000,10508,10508,10508,1
2019-03-28,15:04:14.752000,10509,10509,10509,2
2019-03-28,15:04:15.639000,10509,10509,10509,1
2019-03-28,15:04:18.754000,10508,10508,10508,1
2019-03-28,15:04:20.289000,10509,10509,10509,2
2019-03-28,15:04:20.391000,10509,10509,10509,12
2019-03-28,15:04:20.516000,10509,10509,10509,2
2019-03-28,15:04:20.848000,10509,10509,10509,1
2019-03-28,15:04:21.692000,10509,10509,10509,1
2019-03-28,15:04:23.041000,10509,10509,10509,1
2019-03-28,15:04:24.163000,10509,10509,10509,1
2019-03-28,15:04:25.897000,10509,10509,10509,1
2019-03-28,15:04:27.428000,10509,10509,10509,1
2019-03-28,15:04:28.241000,10510,10510,10510,11
2019-03-28,15:04:28.858000,10510,10510,10510,1
2019-03-28,15:04:31.083000,10510,10510,10510,1
2019-03-28,15:04:31.126000,10510,10510,10510,1
2019-03-28,15:04:31.148000,10510,10510,10510,9
2019-03-28,15:04:31.266000,10510,10510,10510,2
2019-03-28,15:04:31.660000,10510,10510,10510,2
2019-03-28,15:04:32.297000,10509,10509,10509,1
2019-03-28,15:04:34.178000,10510,10510,10510,1
2019-03-28,15:04:35.358000,10509,10509,10509,1
2019-03-28,15:04:36.922000,10510,10510,10510,1
2019-03-28,15:04:37.300000,10509,10509,10509,1
2019-03-28,15:04:41.508000,10510,10510,10510,1
2019-03-28,15:04:42.495000,10510,10510,10510,1
2019-03-28,15:04:43.815000,10510,10510,10510,3
2019-03-28,15:04:45.372000,10510,10510,10510,2
2019-03-28,15:04:48.134000,10510,10510,10510,2
2019-03-28,15:04:50.159000,10510,10510,10510,2
2019-03-28,15:04:50.754000,10510,10510,10510,1
2019-03-28,15:04:50.999000,10510,10510,10510,2
2019-03-28,15:04:51.363000,10510,10510,10510,2
2019-03-28,15:04:51.363000,10510,10510,10510,1
2019-03-28,15:04:51.363000,10510,10510,10510,1
2019-03-28,15:04:53.428000,10510,10510,10510,2
2019-03-28,15:04:53.551000,10510,10510,10510,2
2019-03-28,15:04:53.789000,10510,10510,10510,2
2019-03-28,15:04:54.028000,10510,10510,10510,1
2019-03-28,15:04:57.774000,10510,10510,10510,8
2019-03-28,15:04:57.774000,10509,10509,10509,1
2019-03-28,15:04:58.858000,10510,10510,10510,1
2019-03-28,15:04:59.467000,10510,10510,10510,10
2019-03-28,15:05:01.453000,10510,10510,10510,1
2019-03-28,15:05:02.268000,10510,10510,10510,2
2019-03-28,15:05:02.326000,10510,10510,10510,2
2019-03-28,15:05:02.399000,10510,10510,10510,1
2019-03-28,15:05:02.446000,10510,10510,10510,1
2019-03-28,15:05:02.476000,10510,10510,10510,1
2019-03-28,15:05:02.494000,10510,10510,10510,1
2019-03-28,15:05:02.634000,10510,10510,10510,1
2019-03-28,15:05:03.256000,10510,10510,10510,1
2019-03-28,15:05:03.763000,10511,10511,10511,1
2019-03-28,15:05:04.323000,10510,10510,10510,4
2019-03-28,15:05:05.267000,10511,10511,10511,8
2019-03-28,15:05:05.267000,10511,10511,10511,8
2019-03-28,15:05:05.267000,10511,10511,10511,2
2019-03-28,15:05:05.282000,10511,10511,10511,3
2019-03-28,15:05:05.393000,10512,10512,10512,1
2019-03-28,15:05:07.402000,10511,10511,10511,1
2019-03-28,15:05:07.668000,10512,10512,10512,5
2019-03-28,15:05:08.137000,10512,10512,10512,5
2019-03-28,15:05:08.507000,10512,10512,10512,5
2019-03-28,15:05:09.309000,10512,10512,10512,2
2019-03-28,15:05:09.328000,10512,10512,10512,10
2019-03-28,15:05:09.391000,10512,10512,10512,3
2019-03-28,15:05:09.516000,10512,10512,10512,4
2019-03-28,15:05:09.641000,10512,10512,10512,4
2019-03-28,15:05:10.686000,10513,10513,10513,1
2019-03-28,15:05:11.036000,10513,10513,10513,1
2019-03-28,15:05:12.187000,10512,10512,10512,1
2019-03-28,15:05:12.268000,10513,10513,10513,1
2019-03-28,15:05:13.464000,10513,10513,10513,1
2019-03-28,15:05:13.465000,10512,10512,10512,4
2019-03-28,15:05:13.560000,10512,10512,10512,1
2019-03-28,15:05:17.039000,10512,10512,10512,1
2019-03-28,15:05:17.511000,10513,10513,10513,1
2019-03-28,15:05:17.864000,10512,10512,10512,1
2019-03-28,15:05:17.907000,10513,10513,10513,5
2019-03-28,15:05:18.136000,10513,10513,10513,3
2019-03-28,15:05:19.561000,10513,10513,10513,1
2019-03-28,15:05:20.199000,10513,10513,10513,1
2019-03-28,15:05:21.595000,10513,10513,10513,1
2019-03-28,15:05:23.906000,10513,10513,10513,9
2019-03-28,15:05:24.059000,10514,10514,10514,1
2019-03-28,15:05:24.184000,10514,10514,10514,1
2019-03-28,15:05:26.419000,10514,10514,10514,11
2019-03-28,15:05:26.824000,10513,10513,10513,1
2019-03-28,15:05:27.476000,10514,10514,10514,2
2019-03-28,15:05:27.960000,10513,10513,10513,1
2019-03-28,15:05:28.768000,10513,10513,10513,13
2019-03-28,15:05:30.279000,10513,10513,10513,2
2019-03-28,15:05:30.421000,10513,10513,10513,1
2019-03-28,15:05:30.421000,10513,10513,10513,2
2019-03-28,15:05:32.680000,10513,10513,10513,2
2019-03-28,15:05:34.352000,10513,10513,10513,1
2019-03-28,15:05:36.015000,10513,10513,10513,1
2019-03-28,15:05:36.016000,10513,10513,10513,1
2019-03-28,15:05:36.625000,10513,10513,10513,1
2019-03-28,15:05:36.777000,10513,10513,10513,1
2019-03-28,15:05:37.167000,10513,10513,10513,1
2019-03-28,15:05:38.715000,10513,10513,10513,1
2019-03-28,15:05:39.732000,10513,10513,10513,1
2019-03-28,15:05:39.914000,10513,10513,10513,2
2019-03-28,15:05:40.044000,10514,10514,10514,1
2019-03-28,15:05:41.023000,10514,10514,10514,1
2019-03-28,15:05:43.101000,10514,10514,10514,1
2019-03-28,15:05:44.010000,10513,10513,10513,5
2019-03-28,15:05:50.380000,10513,10513,10513,2
2019-03-28,15:05:50.518000,10513,10513,10513,9
2019-03-28,15:05:50.641000,10513,10513,10513,1
2019-03-28,15:05:50.891000,10513,10513,10513,2
2019-03-28,15:05:50.946000,10513,10513,10513,3
2019-03-28,15:05:51.834000,10513,10513,10513,2
2019-03-28,15:05:51.834000,10513,10513,10513,1
2019-03-28,15:05:51.862000,10513,10513,10513,1
2019-03-28,15:05:51.862000,10514,10514,10514,21
2019-03-28,15:05:52.943000,10513,10513,10513,1
2019-03-28,15:05:53.712000,10513,10513,10513,5
2019-03-28,15:05:53.841000,10513,10513,10513,1
2019-03-28,15:05:56.891000,10513,10513,10513,3
2019-03-28,15:05:58.727000,10514,10514,10514,5
2019-03-28,15:05:58.856000,10514,10514,10514,1
2019-03-28,15:05:58.983000,10514,10514,10514,5
2019-03-28,15:05:59.544000,10513,10513,10513,2
2019-03-28,15:05:59.699000,10514,10514,10514,5
2019-03-28,15:06:02.496000,10514,10514,10514,3
2019-03-28,15:06:02.945000,10514,10514,10514,1
2019-03-28,15:06:05.112000,10514,10514,10514,1
2019-03-28,15:06:05.408000,10514,10514,10514,4
2019-03-28,15:06:06.819000,10514,10514,10514,1
2019-03-28,15:06:07.462000,10514,10514,10514,1
2019-03-28,15:06:08.070000,10514,10514,10514,1
2019-03-28,15:06:08.165000,10514,10514,10514,1
2019-03-28,15:06:08.406000,10514,10514,10514,1
2019-03-28,15:06:08.477000,10515,10515,10515,1
2019-03-28,15:06:08.557000,10515,10515,10515,4
2019-03-28,15:06:08.567000,10515,10515,10515,1
2019-03-28,15:06:08.753000,10515,10515,10515,1
2019-03-28,15:06:08.766000,10515,10515,10515,2
2019-03-28,15:06:08.770000,10515,10515,10515,3
2019-03-28,15:06:08.799000,10515,10515,10515,1
2019-03-28,15:06:08.808000,10515,10515,10515,4
2019-03-28,15:06:08.817000,10515,10515,10515,6
2019-03-28,15:06:08.831000,10515,10515,10515,4
2019-03-28,15:06:08.831000,10515,10515,10515,1
2019-03-28,15:06:08.831000,10515,10515,10515,2
2019-03-28,15:06:08.833000,10515,10515,10515,5
2019-03-28,15:06:08.870000,10515,10515,10515,2
2019-03-28,15:06:08.877000,10515,10515,10515,2
2019-03-28,15:06:08.891000,10515,10515,10515,3
2019-03-28,15:06:08.891000,10515,10515,10515,6
2019-03-28,15:06:08.891000,10515,10515,10515,10
2019-03-28,15:06:08.892000,10515,10515,10515,1
2019-03-28,15:06:08.892000,10515,10515,10515,2
2019-03-28,15:06:08.892000,10515,10515,10515,4
2019-03-28,15:06:08.892000,10515,10515,10515,1
2019-03-28,15:06:08.892000,10515,10515,10515,1
2019-03-28,15:06:08.892000,10515,10515,10515,6
2019-03-28,15:06:08.892000,10515,10515,10515,11
2019-03-28,15:06:08.893000,10516,10516,10516,3
2019-03-28,15:06:08.905000,10516,10516,10516,1
2019-03-28,15:06:08.917000,10516,10516,10516,1
2019-03-28,15:06:08.918000,10516,10516,10516,3
2019-03-28,15:06:08.927000,10516,10516,10516,1
2019-03-28,15:06:08.948000,10516,10516,10516,1
2019-03-28,15:06:08.952000,10516,10516,10516,1
2019-03-28,15:06:08.970000,10516,10516,10516,1
2019-03-28,15:06:08.979000,10516,10516,10516,2
2019-03-28,15:06:08.999000,10516,10516,10516,1
2019-03-28,15:06:09.006000,10516,10516,10516,2
2019-03-28,15:06:09.008000,10516,10516,10516,3
2019-03-28,15:06:09.015000,10517,10517,10517,8
2019-03-28,15:06:09.017000,10517,10517,10517,1
2019-03-28,15:06:09.017000,10517,10517,10517,5
2019-03-28,15:06:09.017000,10517,10517,10517,2
2019-03-28,15:06:09.017000,10517,10517,10517,6
2019-03-28,15:06:09.018000,10517,10517,10517,1
2019-03-28,15:06:09.018000,10518,10518,10518,1
2019-03-28,15:06:09.021000,10518,10518,10518,1
2019-03-28,15:06:09.049000,10518,10518,10518,2
2019-03-28,15:06:09.052000,10518,10518,10518,4
2019-03-28,15:06:09.064000,10518,10518,10518,1
2019-03-28,15:06:09.092000,10518,10518,10518,6
2019-03-28,15:06:09.092000,10519,10519,10519,8
2019-03-28,15:06:09.096000,10519,10519,10519,2
2019-03-28,15:06:09.109000,10519,10519,10519,2
2019-03-28,15:06:09.142000,10518,10518,10518,4
2019-03-28,15:06:09.144000,10518,10518,10518,2
2019-03-28,15:06:09.146000,10518,10518,10518,2
2019-03-28,15:06:09.146000,10519,10519,10519,3
2019-03-28,15:06:09.149000,10519,10519,10519,2
2019-03-28,15:06:09.159000,10519,10519,10519,3
2019-03-28,15:06:09.164000,10519,10519,10519,2
2019-03-28,15:06:09.184000,10518,10518,10518,2
2019-03-28,15:06:09.184000,10519,10519,10519,1
2019-03-28,15:06:09.188000,10519,10519,10519,1
2019-03-28,15:06:09.211000,10520,10520,10520,5
2019-03-28,15:06:09.237000,10519,10519,10519,1
2019-03-28,15:06:09.237000,10518,10518,10518,1
2019-03-28,15:06:09.263000,10520,10520,10520,1
2019-03-28,15:06:09.274000,10520,10520,10520,2
2019-03-28,15:06:09.282000,10520,10520,10520,1
2019-03-28,15:06:09.284000,10520,10520,10520,1
2019-03-28,15:06:09.295000,10520,10520,10520,1
2019-03-28,15:06:09.327000,10519,10519,10519,2
2019-03-28,15:06:09.335000,10519,10519,10519,1
2019-03-28,15:06:09.335000,10518,10518,10518,1
2019-03-28,15:06:09.338000,10520,10520,10520,1
2019-03-28,15:06:09.342000,10520,10520,10520,1
2019-03-28,15:06:09.344000,10520,10520,10520,1
2019-03-28,15:06:09.366000,10520,10520,10520,2
2019-03-28,15:06:09.372000,10520,10520,10520,1
2019-03-28,15:06:09.411000,10519,10519,10519,1
2019-03-28,15:06:09.462000,10520,10520,10520,12
2019-03-28,15:06:09.463000,10520,10520,10520,4
2019-03-28,15:06:09.484000,10520,10520,10520,1
2019-03-28,15:06:09.504000,10520,10520,10520,5
2019-03-28,15:06:09.505000,10520,10520,10520,2
2019-03-28,15:06:09.513000,10520,10520,10520,1
2019-03-28,15:06:09.527000,10520,10520,10520,1
2019-03-28,15:06:09.534000,10520,10520,10520,10
2019-03-28,15:06:09.534000,10521,10521,10521,1
2019-03-28,15:06:09.537000,10521,10521,10521,1
2019-03-28,15:06:09.541000,10521,10521,10521,3
2019-03-28,15:06:09.559000,10520,10520,10520,1
2019-03-28,15:06:09.572000,10520,10520,10520,1
2019-03-28,15:06:09.590000,10519,10519,10519,1
2019-03-28,15:06:09.590000,10520,10520,10520,1
2019-03-28,15:06:09.614000,10520,10520,10520,1
2019-03-28,15:06:09.618000,10520,10520,10520,1
2019-03-28,15:06:09.621000,10520,10520,10520,1
2019-03-28,15:06:09.621000,10521,10521,10521,1
2019-03-28,15:06:09.629000,10521,10521,10521,2
2019-03-28,15:06:09.634000,10522,10522,10522,10
2019-03-28,15:06:09.643000,10522,10522,10522,1
2019-03-28,15:06:09.682000,10522,10522,10522,2
2019-03-28,15:06:09.710000,10522,10522,10522,2
2019-03-28,15:06:09.777000,10521,10521,10521,1
2019-03-28,15:06:09.808000,10522,10522,10522,2
2019-03-28,15:06:09.808000,10522,10522,10522,3
2019-03-28,15:06:09.808000,10522,10522,10522,1
2019-03-28,15:06:09.816000,10521,10521,10521,1
2019-03-28,15:06:09.860000,10521,10521,10521,2
2019-03-28,15:06:09.896000,10521,10521,10521,1
2019-03-28,15:06:09.917000,10522,10522,10522,2
2019-03-28,15:06:09.919000,10522,10522,10522,1
2019-03-28,15:06:09.920000,10522,10522,10522,1
2019-03-28,15:06:09.935000,10522,10522,10522,3
2019-03-28,15:06:09.935000,10523,10523,10523,2
2019-03-28,15:06:09.947000,10521,10521,10521,1
2019-03-28,15:06:10.011000,10523,10523,10523,1
2019-03-28,15:06:10.051000,10522,10522,10522,1
2019-03-28,15:06:10.063000,10521,10521,10521,1
2019-03-28,15:06:10.070000,10522,10522,10522,1
2019-03-28,15:06:10.084000,10522,10522,10522,1
2019-03-28,15:06:10.141000,10521,10521,10521,1
2019-03-28,15:06:10.144000,10521,10521,10521,9
2019-03-28,15:06:10.171000,10522,10522,10522,2
2019-03-28,15:06:10.266000,10521,10521,10521,1
2019-03-28,15:06:10.267000,10521,10521,10521,1
2019-03-28,15:06:10.293000,10522,10522,10522,1
2019-03-28,15:06:10.339000,10522,10522,10522,1
2019-03-28,15:06:10.434000,10521,10521,10521,1
2019-03-28,15:06:10.517000,10520,10520,10520,15
2019-03-28,15:06:10.630000,10520,10520,10520,1
2019-03-28,15:06:10.774000,10520,10520,10520,1
2019-03-28,15:06:10.818000,10520,10520,10520,1
2019-03-28,15:06:10.818000,10521,10521,10521,1
2019-03-28,15:06:10.830000,10521,10521,10521,3
2019-03-28,15:06:10.847000,10521,10521,10521,2
2019-03-28,15:06:10.854000,10521,10521,10521,1
2019-03-28,15:06:10.913000,10521,10521,10521,1
2019-03-28,15:06:11.047000,10521,10521,10521,1
2019-03-28,15:06:11.141000,10520,10520,10520,4
2019-03-28,15:06:11.142000,10520,10520,10520,1
2019-03-28,15:06:11.144000,10520,10520,10520,1
2019-03-28,15:06:11.391000,10520,10520,10520,1
2019-03-28,15:06:11.948000,10521,10521,10521,1
2019-03-28,15:06:12.155000,10521,10521,10521,1
2019-03-28,15:06:12.321000,10521,10521,10521,1
2019-03-28,15:06:12.465000,10520,10520,10520,1
2019-03-28,15:06:12.586000,10520,10520,10520,1
2019-03-28,15:06:12.586000,10521,10521,10521,1
2019-03-28,15:06:12.685000,10521,10521,10521,1
2019-03-28,15:06:12.787000,10519,10519,10519,1
2019-03-28,15:06:12.961000,10521,10521,10521,3
2019-03-28,15:06:12.979000,10521,10521,10521,3
2019-03-28,15:06:13.006000,10521,10521,10521,1
2019-03-28,15:06:13.060000,10521,10521,10521,1
2019-03-28,15:06:13.075000,10521,10521,10521,1
2019-03-28,15:06:13.089000,10521,10521,10521,1
2019-03-28,15:06:13.245000,10521,10521,10521,1
2019-03-28,15:06:13.269000,10522,10522,10522,1
2019-03-28,15:06:13.273000,10522,10522,10522,1
2019-03-28,15:06:13.531000,10520,10520,10520,2
2019-03-28,15:06:14.080000,10521,10521,10521,1
2019-03-28,15:06:14.147000,10520,10520,10520,3
2019-03-28,15:06:14.147000,10520,10520,10520,2
2019-03-28,15:06:14.147000,10520,10520,10520,2
2019-03-28,15:06:15.339000,10519,10519,10519,1
2019-03-28,15:06:17.643000,10519,10519,10519,12
2019-03-28,15:06:17.766000,10519,10519,10519,1
2019-03-28,15:06:17.815000,10520,10520,10520,1
2019-03-28,15:06:18.117000,10519,10519,10519,2
2019-03-28,15:06:18.366000,10519,10519,10519,2
2019-03-28,15:06:18.947000,10519,10519,10519,1
2019-03-28,15:06:18.965000,10518,10518,10518,1
2019-03-28,15:06:20.279000,10519,10519,10519,1
2019-03-28,15:06:20.376000,10518,10518,10518,2
2019-03-28,15:06:21.190000,10519,10519,10519,1
2019-03-28,15:06:25.373000,10519,10519,10519,1
2019-03-28,15:06:26.698000,10519,10519,10519,4
2019-03-28,15:06:27.393000,10519,10519,10519,2
2019-03-28,15:06:27.560000,10519,10519,10519,1
2019-03-28,15:06:27.671000,10519,10519,10519,2
2019-03-28,15:06:29.902000,10519,10519,10519,1
2019-03-28,15:06:30.019000,10519,10519,10519,2
2019-03-28,15:06:30.104000,10519,10519,10519,1
2019-03-28,15:06:30.256000,10520,10520,10520,1
2019-03-28,15:06:30.417000,10518,10518,10518,1
2019-03-28,15:06:30.454000,10519,10519,10519,1
2019-03-28,15:06:31.505000,10519,10519,10519,1
2019-03-28,15:06:32.396000,10519,10519,10519,2
2019-03-28,15:06:33.894000,10519,10519,10519,1
2019-03-28,15:06:34.321000,10519,10519,10519,3
2019-03-28,15:06:34.852000,10519,10519,10519,2
2019-03-28,15:06:35.879000,10519,10519,10519,1
2019-03-28,15:06:35.879000,10519,10519,10519,1
2019-03-28,15:06:36.043000,10519,10519,10519,1
2019-03-28,15:06:36.722000,10519,10519,10519,1
2019-03-28,15:06:37.380000,10520,10520,10520,1
2019-03-28,15:06:37.430000,10518,10518,10518,1
2019-03-28,15:06:40.224000,10518,10518,10518,1
2019-03-28,15:06:42.167000,10519,10519,10519,1
2019-03-28,15:06:42.476000,10519,10519,10519,1
2019-03-28,15:06:47.033000,10519,10519,10519,3
2019-03-28,15:06:48.361000,10519,10519,10519,1
2019-03-28,15:06:52.453000,10518,10518,10518,1
2019-03-28,15:06:54.426000,10519,10519,10519,1
2019-03-28,15:06:55.013000,10519,10519,10519,1
2019-03-28,15:06:56.449000,10519,10519,10519,1
2019-03-28,15:06:59.135000,10519,10519,10519,1
2019-03-28,15:07:02.738000,10519,10519,10519,9
2019-03-28,15:07:03.498000,10519,10519,10519,1
2019-03-28,15:07:03.498000,10520,10520,10520,4
2019-03-28,15:07:05.236000,10519,10519,10519,1
2019-03-28,15:07:05.698000,10519,10519,10519,1
2019-03-28,15:07:06.579000,10519,10519,10519,1
2019-03-28,15:07:07.523000,10519,10519,10519,1
2019-03-28,15:07:09.091000,10518,10518,10518,1
2019-03-28,15:07:09.412000,10519,10519,10519,1
2019-03-28,15:07:09.857000,10519,10519,10519,1
2019-03-28,15:07:09.857000,10519,10519,10519,2
2019-03-28,15:07:09.894000,10519,10519,10519,2
2019-03-28,15:07:11.085000,10519,10519,10519,2
2019-03-28,15:07:15.522000,10519,10519,10519,1
2019-03-28,15:07:17.275000,10519,10519,10519,1
2019-03-28,15:07:17.700000,10519,10519,10519,3
2019-03-28,15:07:19.206000,10519,10519,10519,1
2019-03-28,15:07:20.374000,10519,10519,10519,1
2019-03-28,15:07:20.378000,10519,10519,10519,2
2019-03-28,15:07:21.409000,10519,10519,10519,2
2019-03-28,15:07:21.676000,10519,10519,10519,1
2019-03-28,15:07:21.766000,10519,10519,10519,1
2019-03-28,15:07:22.440000,10519,10519,10519,1
2019-03-28,15:07:24.907000,10519,10519,10519,1
2019-03-28,15:07:26.323000,10519,10519,10519,1
2019-03-28,15:07:27.322000,10519,10519,10519,1
2019-03-28,15:07:27.565000,10519,10519,10519,2
2019-03-28,15:07:30.312000,10519,10519,10519,1
2019-03-28,15:07:31.081000,10519,10519,10519,1
2019-03-28,15:07:31.083000,10519,10519,10519,1
2019-03-28,15:07:33.646000,10519,10519,10519,1
2019-03-28,15:07:36.073000,10519,10519,10519,1
2019-03-28,15:07:36.073000,10519,10519,10519,1
2019-03-28,15:07:36.073000,10519,10519,10519,5
2019-03-28,15:07:36.073000,10519,10519,10519,2
2019-03-28,15:07:45.165000,10519,10519,10519,1
2019-03-28,15:07:47.395000,10518,10518,10518,2
2019-03-28,15:07:50.269000,10519,10519,10519,1
2019-03-28,15:07:50.827000,10518,10518,10518,1
2019-03-28,15:07:50.949000,10519,10519,10519,2
2019-03-28,15:07:57.938000,10519,10519,10519,1
2019-03-28,15:08:01.415000,10518,10518,10518,1
2019-03-28,15:08:02.457000,10518,10518,10518,1
2019-03-28,15:08:06.587000,10518,10518,10518,1
2019-03-28,15:08:08.187000,10518,10518,10518,1
2019-03-28,15:08:11.284000,10518,10518,10518,1
2019-03-28,15:08:18.393000,10519,10519,10519,5
2019-03-28,15:08:21.916000,10519,10519,10519,2
2019-03-28,15:08:22.575000,10519,10519,10519,2
2019-03-28,15:08:23.763000,10519,10519,10519,2
2019-03-28,15:08:30.755000,10519,10519,10519,1
2019-03-28,15:08:37.636000,10519,10519,10519,1
2019-03-28,15:08:38.512000,10518,10518,10518,1
2019-03-28,15:08:38.739000,10519,10519,10519,1
2019-03-28,15:08:41.215000,10519,10519,10519,2
2019-03-28,15:08:45.596000,10518,10518,10518,5
2019-03-28,15:08:45.694000,10518,10518,10518,1
2019-03-28,15:08:47.078000,10519,10519,10519,4
2019-03-28,15:08:48.401000,10519,10519,10519,1
2019-03-28,15:08:48.401000,10519,10519,10519,14
2019-03-28,15:08:48.402000,10519,10519,10519,2
2019-03-28,15:08:48.402000,10519,10519,10519,3
2019-03-28,15:08:48.494000,10519,10519,10519,1
2019-03-28,15:08:53.506000,10519,10519,10519,1
2019-03-28,15:08:59.952000,10519,10519,10519,1
2019-03-28,15:09:03.380000,10520,10520,10520,1
2019-03-28,15:09:03.748000,10520,10520,10520,1
2019-03-28,15:09:05.923000,10519,10519,10519,1
2019-03-28,15:09:08.290000,10519,10519,10519,1
2019-03-28,15:09:10.791000,10519,10519,10519,1
2019-03-28,15:09:11.846000,10519,10519,10519,1
2019-03-28,15:09:13.938000,10519,10519,10519,1
2019-03-28,15:09:15.563000,10520,10520,10520,2
2019-03-28,15:09:16.077000,10519,10519,10519,1
2019-03-28,15:09:18.843000,10519,10519,10519,1
2019-03-28,15:09:20.029000,10520,10520,10520,1
2019-03-28,15:09:22.865000,10519,10519,10519,6
2019-03-28,15:09:25.887000,10519,10519,10519,1
2019-03-28,15:09:26.819000,10519,10519,10519,2
2019-03-28,15:09:27.204000,10519,10519,10519,1
2019-03-28,15:09:28.639000,10520,10520,10520,2
2019-03-28,15:09:30.125000,10519,10519,10519,1
2019-03-28,15:09:30.747000,10520,10520,10520,1
2019-03-28,15:09:31.214000,10519,10519,10519,1
2019-03-28,15:09:32.728000,10519,10519,10519,4
2019-03-28,15:09:34.678000,10519,10519,10519,1
2019-03-28,15:09:36.936000,10520,10520,10520,1
2019-03-28,15:09:37.407000,10519,10519,10519,2
2019-03-28,15:09:37.590000,10519,10519,10519,1
2019-03-28,15:09:38.106000,10519,10519,10519,1
2019-03-28,15:09:38.767000,10520,10520,10520,1
2019-03-28,15:09:38.775000,10519,10519,10519,1
2019-03-28,15:09:39.508000,10519,10519,10519,1
2019-03-28,15:09:40.423000,10519,10519,10519,2
2019-03-28,15:09:41.283000,10519,10519,10519,1
2019-03-28,15:09:42.458000,10519,10519,10519,5
2019-03-28,15:09:43.063000,10519,10519,10519,1
2019-03-28,15:09:43.525000,10519,10519,10519,2
2019-03-28,15:09:44.016000,10519,10519,10519,5
2019-03-28,15:09:44.016000,10519,10519,10519,1
2019-03-28,15:09:44.065000,10519,10519,10519,1
2019-03-28,15:09:44.198000,10520,10520,10520,1
2019-03-28,15:09:44.360000,10519,10519,10519,1
2019-03-28,15:09:44.373000,10519,10519,10519,1
2019-03-28,15:09:46.219000,10518,10518,10518,1
2019-03-28,15:09:46.775000,10519,10519,10519,1
2019-03-28,15:09:50.865000,10519,10519,10519,3
2019-03-28,15:09:53.320000,10519,10519,10519,1
2019-03-28,15:09:57.466000,10519,10519,10519,1
2019-03-28,15:09:57.898000,10518,10518,10518,1
2019-03-28,15:09:58.367000,10518,10518,10518,1
2019-03-28,15:09:58.794000,10518,10518,10518,1
2019-03-28,15:09:58.869000,10518,10518,10518,3
2019-03-28,15:09:58.869000,10518,10518,10518,1
2019-03-28,15:09:58.869000,10518,10518,10518,1
2019-03-28,15:09:58.869000,10518,10518,10518,8
2019-03-28,15:09:58.870000,10518,10518,10518,1
2019-03-28,15:09:58.891000,10518,10518,10518,11
2019-03-28,15:09:58.891000,10518,10518,10518,2
2019-03-28,15:09:59.016000,10518,10518,10518,8
2019-03-28,15:09:59.016000,10518,10518,10518,2
2019-03-28,15:09:59.016000,10518,10518,10518,12
2019-03-28,15:09:59.141000,10518,10518,10518,1
2019-03-28,15:09:59.262000,10517,10517,10517,1
2019-03-28,15:09:59.297000,10517,10517,10517,1
2019-03-28,15:09:59.326000,10517,10517,10517,1
2019-03-28,15:10:00.216000,10518,10518,10518,1
2019-03-28,15:10:00.681000,10518,10518,10518,1
2019-03-28,15:10:00.886000,10518,10518,10518,1
2019-03-28,15:10:01.936000,10518,10518,10518,1
2019-03-28,15:10:01.936000,10519,10519,10519,7
2019-03-28,15:10:02.610000,10519,10519,10519,1
2019-03-28,15:10:02.985000,10518,10518,10518,1
2019-03-28,15:10:02.985000,10519,10519,10519,1
2019-03-28,15:10:03.809000,10518,10518,10518,1
2019-03-28,15:10:03.955000,10518,10518,10518,1
2019-03-28,15:10:04.237000,10519,10519,10519,1
2019-03-28,15:10:13.521000,10518,10518,10518,1
2019-03-28,15:10:14.316000,10518,10518,10518,1
2019-03-28,15:10:18.918000,10518,10518,10518,1
2019-03-28,15:10:23.597000,10518,10518,10518,1
2019-03-28,15:10:26.321000,10518,10518,10518,1
2019-03-28,15:10:29.291000,10518,10518,10518,1
2019-03-28,15:10:42.325000,10518,10518,10518,20
2019-03-28,15:10:45.882000,10518,10518,10518,1
2019-03-28,15:10:46.041000,10518,10518,10518,1
2019-03-28,15:10:46.264000,10518,10518,10518,1
2019-03-28,15:10:46.504000,10519,10519,10519,1
2019-03-28,15:10:49.968000,10519,10519,10519,1
2019-03-28,15:10:52.220000,10518,10518,10518,2
2019-03-28,15:10:52.697000,10519,10519,10519,2
2019-03-28,15:10:54.249000,10518,10518,10518,5
2019-03-28,15:10:56.016000,10518,10518,10518,2
2019-03-28,15:10:59.962000,10518,10518,10518,1
2019-03-28,15:11:03.046000,10518,10518,10518,1
2019-03-28,15:11:06.198000,10518,10518,10518,1
2019-03-28,15:11:07.353000,10518,10518,10518,1
2019-03-28,15:11:18.279000,10518,10518,10518,1
2019-03-28,15:11:19.947000,10518,10518,10518,1
2019-03-28,15:11:21.207000,10518,10518,10518,1
2019-03-28,15:11:22.700000,10518,10518,10518,1
2019-03-28,15:11:24.014000,10518,10518,10518,1
2019-03-28,15:11:24.765000,10518,10518,10518,2
2019-03-28,15:11:26.798000,10518,10518,10518,1
2019-03-28,15:11:26.844000,10518,10518,10518,1
2019-03-28,15:11:31.404000,10519,10519,10519,1
2019-03-28,15:11:31.791000,10519,10519,10519,1
2019-03-28,15:11:32.180000,10519,10519,10519,1
2019-03-28,15:11:32.563000,10519,10519,10519,1
2019-03-28,15:11:36.513000,10519,10519,10519,1
2019-03-28,15:11:41.165000,10519,10519,10519,1
2019-03-28,15:11:42.235000,10519,10519,10519,1
2019-03-28,15:11:51.493000,10519,10519,10519,1
2019-03-28,15:11:53.990000,10518,10518,10518,1
2019-03-28,15:11:55.961000,10518,10518,10518,1
2019-03-28,15:11:56.043000,10519,10519,10519,1
2019-03-28,15:11:57.284000,10518,10518,10518,1
2019-03-28,15:11:58.728000,10519,10519,10519,1
2019-03-28,15:12:00.751000,10518,10518,10518,1
2019-03-28,15:12:01.978000,10518,10518,10518,1
2019-03-28,15:12:02.701000,10519,10519,10519,20
2019-03-28,15:12:04.605000,10519,10519,10519,2
2019-03-28,15:12:04.616000,10519,10519,10519,2
2019-03-28,15:12:05.391000,10519,10519,10519,9
2019-03-28,15:12:05.932000,10519,10519,10519,1
2019-03-28,15:12:08.529000,10520,10520,10520,1
2019-03-28,15:12:10.040000,10519,10519,10519,1
2019-03-28,15:12:12.576000,10519,10519,10519,5
2019-03-28,15:12:13.072000,10519,10519,10519,2
2019-03-28,15:12:17.792000,10520,10520,10520,1
2019-03-28,15:12:19.977000,10519,10519,10519,2
2019-03-28,15:12:19.977000,10518,10518,10518,28
2019-03-28,15:12:30.224000,10519,10519,10519,1
2019-03-28,15:12:30.292000,10518,10518,10518,1
2019-03-28,15:12:32.506000,10518,10518,10518,1
2019-03-28,15:12:33.988000,10518,10518,10518,1
2019-03-28,15:12:34.427000,10518,10518,10518,2
2019-03-28,15:12:36.159000,10519,10519,10519,4
2019-03-28,15:12:36.815000,10518,10518,10518,2
2019-03-28,15:12:37.346000,10518,10518,10518,1
2019-03-28,15:12:44.812000,10518,10518,10518,1
2019-03-28,15:12:58.632000,10518,10518,10518,5
2019-03-28,15:13:01.411000,10518,10518,10518,1
2019-03-28,15:13:06.310000,10518,10518,10518,1
2019-03-28,15:13:09.713000,10518,10518,10518,2
2019-03-28,15:13:11.890000,10518,10518,10518,1
2019-03-28,15:13:15.235000,10518,10518,10518,1
2019-03-28,15:13:16.308000,10519,10519,10519,5
2019-03-28,15:13:17.441000,10518,10518,10518,1
2019-03-28,15:13:28.017000,10518,10518,10518,5
2019-03-28,15:13:34.774000,10518,10518,10518,1
2019-03-28,15:13:37.190000,10518,10518,10518,1
2019-03-28,15:13:37.784000,10518,10518,10518,1
2019-03-28,15:13:37.978000,10518,10518,10518,1
2019-03-28,15:13:38.129000,10518,10518,10518,1
2019-03-28,15:13:46.715000,10519,10519,10519,1
2019-03-28,15:13:46.848000,10519,10519,10519,3
2019-03-28,15:13:51.340000,10519,10519,10519,1
2019-03-28,15:13:51.666000,10519,10519,10519,1
2019-03-28,15:13:53.358000,10519,10519,10519,1
2019-03-28,15:14:01.791000,10518,10518,10518,4
2019-03-28,15:14:06.344000,10519,10519,10519,1
2019-03-28,15:14:12.868000,10518,10518,10518,5
2019-03-28,15:14:12.904000,10518,10518,10518,1
2019-03-28,15:14:13.527000,10518,10518,10518,1
2019-03-28,15:14:13.641000,10518,10518,10518,3
2019-03-28,15:14:13.642000,10518,10518,10518,1
2019-03-28,15:14:20.334000,10517,10517,10517,1
2019-03-28,15:14:20.423000,10517,10517,10517,1
2019-03-28,15:14:32.178000,10517,10517,10517,4
2019-03-28,15:14:37.058000,10517,10517,10517,1
2019-03-28,15:14:46.492000,10517,10517,10517,1
2019-03-28,15:14:54.554000,10517,10517,10517,1
2019-03-28,15:15:00.249000,10517,10517,10517,1
2019-03-28,15:15:00.416000,10518,10518,10518,1
2019-03-28,15:15:00.807000,10518,10518,10518,2
2019-03-28,15:15:00.814000,10518,10518,10518,1
2019-03-28,15:15:01.209000,10518,10518,10518,3
2019-03-28,15:15:01.209000,10518,10518,10518,4
2019-03-28,15:15:01.210000,10518,10518,10518,2
2019-03-28,15:15:01.210000,10518,10518,10518,2
2019-03-28,15:15:01.210000,10518,10518,10518,1
2019-03-28,15:15:01.214000,10519,10519,10519,2
2019-03-28,15:15:01.349000,10519,10519,10519,1
2019-03-28,15:15:01.518000,10519,10519,10519,1
2019-03-28,15:15:01.526000,10519,10519,10519,1
2019-03-28,15:15:02.844000,10519,10519,10519,1
2019-03-28,15:15:04.327000,10518,10518,10518,1
2019-03-28,15:15:10.418000,10518,10518,10518,1
2019-03-28,15:15:10.606000,10518,10518,10518,1
2019-03-28,15:15:10.662000,10519,10519,10519,1
2019-03-28,15:15:19.132000,10518,10518,10518,4
2019-03-28,15:15:23.754000,10518,10518,10518,1
2019-03-28,15:15:24.802000,10518,10518,10518,1
2019-03-28,15:15:26.042000,10518,10518,10518,1
2019-03-28,15:15:29.766000,10518,10518,10518,1
2019-03-28,15:15:29.766000,10518,10518,10518,1
2019-03-28,15:15:29.768000,10518,10518,10518,4
2019-03-28,15:15:30.012000,10518,10518,10518,2
2019-03-28,15:15:32.711000,10518,10518,10518,2
2019-03-28,15:15:40.108000,10518,10518,10518,1
2019-03-28,15:15:40.166000,10517,10517,10517,1
2019-03-28,15:15:42.601000,10518,10518,10518,5
2019-03-28,15:15:46.087000,10518,10518,10518,1
2019-03-28,15:15:46.259000,10518,10518,10518,1
2019-03-28,15:15:56.901000,10518,10518,10518,1
2019-03-28,15:15:58.286000,10518,10518,10518,1
2019-03-28,15:16:03.013000,10518,10518,10518,1
2019-03-28,15:16:03.981000,10518,10518,10518,1
2019-03-28,15:16:04.747000,10518,10518,10518,1
2019-03-28,15:16:11.820000,10518,10518,10518,1
2019-03-28,15:16:17.973000,10518,10518,10518,1
2019-03-28,15:16:21.496000,10517,10517,10517,1
2019-03-28,15:16:25.504000,10517,10517,10517,2
2019-03-28,15:16:25.890000,10518,10518,10518,1
2019-03-28,15:16:27.106000,10518,10518,10518,1
2019-03-28,15:16:42.599000,10518,10518,10518,1
2019-03-28,15:16:45.776000,10517,10517,10517,1
2019-03-28,15:16:55.402000,10517,10517,10517,2
2019-03-28,15:16:58.386000,10517,10517,10517,2
2019-03-28,15:16:58.391000,10517,10517,10517,7
2019-03-28,15:16:58.516000,10517,10517,10517,2
2019-03-28,15:16:58.518000,10517,10517,10517,14
2019-03-28,15:17:06.135000,10517,10517,10517,8
2019-03-28,15:17:09.434000,10517,10517,10517,1
2019-03-28,15:17:10.321000,10517,10517,10517,1
2019-03-28,15:17:12.379000,10517,10517,10517,2
2019-03-28,15:17:13.697000,10517,10517,10517,1
2019-03-28,15:17:15.216000,10517,10517,10517,4
2019-03-28,15:17:21.496000,10517,10517,10517,1
2019-03-28,15:17:25.350000,10517,10517,10517,1
2019-03-28,15:17:27.957000,10517,10517,10517,1
2019-03-28,15:17:28.658000,10517,10517,10517,1
2019-03-28,15:17:29.237000,10517,10517,10517,3
2019-03-28,15:17:33.571000,10517,10517,10517,1
2019-03-28,15:17:34.642000,10517,10517,10517,1
2019-03-28,15:17:34.861000,10517,10517,10517,1
2019-03-28,15:17:36.844000,10517,10517,10517,1
2019-03-28,15:17:37.412000,10517,10517,10517,1
2019-03-28,15:17:45.400000,10517,10517,10517,1
2019-03-28,15:17:46.681000,10517,10517,10517,1
2019-03-28,15:17:46.682000,10517,10517,10517,6
2019-03-28,15:17:46.682000,10517,10517,10517,1
2019-03-28,15:17:46.766000,10517,10517,10517,1
2019-03-28,15:17:47.373000,10517,10517,10517,1
2019-03-28,15:17:47.668000,10517,10517,10517,23
2019-03-28,15:17:47.766000,10517,10517,10517,7
2019-03-28,15:17:48.003000,10517,10517,10517,2
2019-03-28,15:17:48.242000,10517,10517,10517,2
2019-03-28,15:17:48.567000,10516,10516,10516,3
2019-03-28,15:17:48.680000,10516,10516,10516,1
2019-03-28,15:17:54.762000,10517,10517,10517,1
2019-03-28,15:17:54.766000,10517,10517,10517,1
2019-03-28,15:17:56.033000,10517,10517,10517,1
2019-03-28,15:17:58.718000,10517,10517,10517,1
2019-03-28,15:18:01.077000,10517,10517,10517,1
2019-03-28,15:18:04.165000,10517,10517,10517,1
2019-03-28,15:18:04.791000,10517,10517,10517,1
2019-03-28,15:18:12.955000,10517,10517,10517,1
2019-03-28,15:18:13.358000,10517,10517,10517,1
2019-03-28,15:18:13.965000,10517,10517,10517,2
2019-03-28,15:18:16.146000,10517,10517,10517,1
2019-03-28,15:18:18.946000,10517,10517,10517,4
2019-03-28,15:18:18.946000,10518,10518,10518,1
2019-03-28,15:18:23.364000,10517,10517,10517,1
2019-03-28,15:18:24.185000,10517,10517,10517,1
2019-03-28,15:18:32.710000,10516,10516,10516,1
2019-03-28,15:18:32.969000,10516,10516,10516,1
2019-03-28,15:18:42.715000,10517,10517,10517,5
2019-03-28,15:18:42.918000,10517,10517,10517,5
2019-03-28,15:18:49.937000,10517,10517,10517,1
2019-03-28,15:18:50.641000,10516,10516,10516,1
2019-03-28,15:18:50.816000,10517,10517,10517,3
2019-03-28,15:18:51.401000,10517,10517,10517,1
2019-03-28,15:18:57.562000,10517,10517,10517,1
2019-03-28,15:18:57.562000,10517,10517,10517,12
2019-03-28,15:18:57.562000,10517,10517,10517,3
2019-03-28,15:18:57.563000,10517,10517,10517,2
2019-03-28,15:18:57.641000,10517,10517,10517,2
2019-03-28,15:19:07.082000,10517,10517,10517,1
2019-03-28,15:19:13.210000,10517,10517,10517,1
2019-03-28,15:19:14.230000,10517,10517,10517,1
2019-03-28,15:19:15.920000,10518,10518,10518,2
2019-03-28,15:19:18.301000,10517,10517,10517,1
2019-03-28,15:19:18.758000,10517,10517,10517,1
2019-03-28,15:19:21.888000,10517,10517,10517,1
2019-03-28,15:19:22.565000,10517,10517,10517,1
2019-03-28,15:19:23.627000,10517,10517,10517,1
2019-03-28,15:19:26.595000,10517,10517,10517,10
2019-03-28,15:19:37.230000,10517,10517,10517,1
2019-03-28,15:19:43.968000,10517,10517,10517,2
2019-03-28,15:19:44.516000,10517,10517,10517,2
2019-03-28,15:19:45.801000,10517,10517,10517,2
2019-03-28,15:19:50.266000,10517,10517,10517,4
2019-03-28,15:19:54.973000,10517,10517,10517,1
2019-03-28,15:20:01.634000,10517,10517,10517,1
2019-03-28,15:20:01.705000,10518,10518,10518,2
2019-03-28,15:20:11.651000,10518,10518,10518,1
2019-03-28,15:20:24.933000,10518,10518,10518,1
2019-03-28,15:20:36.362000,10517,10517,10517,1
2019-03-28,15:20:42.546000,10517,10517,10517,1
2019-03-28,15:20:45.258000,10517,10517,10517,5
2019-03-28,15:20:46.959000,10517,10517,10517,1
2019-03-28,15:20:54.906000,10517,10517,10517,1
2019-03-28,15:21:15.324000,10517,10517,10517,2
2019-03-28,15:21:34.506000,10517,10517,10517,1
2019-03-28,15:21:40.785000,10517,10517,10517,1
2019-03-28,15:21:50.546000,10517,10517,10517,1
2019-03-28,15:22:04.545000,10516,10516,10516,1
2019-03-28,15:22:13.329000,10516,10516,10516,1
2019-03-28,15:22:14.560000,10516,10516,10516,8
2019-03-28,15:22:18.559000,10516,10516,10516,2
2019-03-28,15:22:21.716000,10516,10516,10516,1
2019-03-28,15:22:40.875000,10516,10516,10516,1
2019-03-28,15:22:48.691000,10516,10516,10516,2
2019-03-28,15:22:54.998000,10516,10516,10516,3
2019-03-28,15:23:03.017000,10517,10517,10517,2
2019-03-28,15:23:03.036000,10516,10516,10516,1
2019-03-28,15:23:04.198000,10517,10517,10517,1
2019-03-28,15:23:11.720000,10516,10516,10516,1
2019-03-28,15:23:16.150000,10516,10516,10516,5
2019-03-28,15:23:23.181000,10517,10517,10517,2
2019-03-28,15:23:26.308000,10516,10516,10516,1
2019-03-28,15:23:28.214000,10517,10517,10517,1
2019-03-28,15:23:29.372000,10516,10516,10516,1
2019-03-28,15:23:32.306000,10516,10516,10516,1
2019-03-28,15:23:35.283000,10516,10516,10516,1
2019-03-28,15:23:46.082000,10517,10517,10517,1
2019-03-28,15:24:11.976000,10516,10516,10516,3
2019-03-28,15:24:14.847000,10517,10517,10517,1
2019-03-28,15:24:20.077000,10516,10516,10516,5
2019-03-28,15:24:21.179000,10516,10516,10516,1
2019-03-28,15:24:26.785000,10516,10516,10516,1
2019-03-28,15:24:45.218000,10516,10516,10516,8
2019-03-28,15:24:45.516000,10516,10516,10516,1
2019-03-28,15:24:48.494000,10516,10516,10516,1
2019-03-28,15:24:49.563000,10516,10516,10516,1
2019-03-28,15:24:49.563000,10516,10516,10516,1
2019-03-28,15:24:49.564000,10516,10516,10516,1
2019-03-28,15:24:49.621000,10516,10516,10516,1
2019-03-28,15:24:49.641000,10516,10516,10516,1
2019-03-28,15:24:49.641000,10516,10516,10516,1
2019-03-28,15:24:49.641000,10516,10516,10516,5
2019-03-28,15:24:49.641000,10516,10516,10516,5
2019-03-28,15:24:49.641000,10516,10516,10516,3
2019-03-28,15:24:49.641000,10516,10516,10516,1
2019-03-28,15:24:50.545000,10515,10515,10515,1
2019-03-28,15:24:50.753000,10515,10515,10515,1
2019-03-28,15:24:51.146000,10516,10516,10516,13
2019-03-28,15:24:53.631000,10515,10515,10515,1
2019-03-28,15:25:00.582000,10516,10516,10516,1
2019-03-28,15:25:00.962000,10516,10516,10516,1
2019-03-28,15:25:07.672000,10516,10516,10516,1
2019-03-28,15:25:08.003000,10516,10516,10516,2
2019-03-28,15:25:08.790000,10515,10515,10515,11
2019-03-28,15:25:15.629000,10516,10516,10516,1
2019-03-28,15:25:17.554000,10516,10516,10516,5
2019-03-28,15:25:18.642000,10516,10516,10516,1
2019-03-28,15:25:19.817000,10516,10516,10516,1
2019-03-28,15:25:20.247000,10516,10516,10516,1
2019-03-28,15:25:21.894000,10516,10516,10516,1
2019-03-28,15:25:28.126000,10516,10516,10516,1
2019-03-28,15:25:28.126000,10516,10516,10516,2
2019-03-28,15:25:28.126000,10516,10516,10516,1
2019-03-28,15:25:28.127000,10516,10516,10516,2
2019-03-28,15:25:28.184000,10516,10516,10516,2
2019-03-28,15:25:31.812000,10516,10516,10516,5
2019-03-28,15:25:32.975000,10516,10516,10516,2
2019-03-28,15:25:36.722000,10516,10516,10516,2
2019-03-28,15:25:37.313000,10516,10516,10516,5
2019-03-28,15:25:37.805000,10516,10516,10516,1
2019-03-28,15:25:39.156000,10516,10516,10516,1
2019-03-28,15:25:43.168000,10516,10516,10516,2
2019-03-28,15:25:50.343000,10515,10515,10515,2
2019-03-28,15:26:02.567000,10515,10515,10515,1
2019-03-28,15:26:08.933000,10515,10515,10515,1
2019-03-28,15:26:14.335000,10515,10515,10515,1
2019-03-28,15:26:15.375000,10515,10515,10515,1
2019-03-28,15:26:21.692000,10515,10515,10515,1
2019-03-28,15:26:34.546000,10515,10515,10515,5
2019-03-28,15:26:35.139000,10515,10515,10515,2
2019-03-28,15:26:52.689000,10516,10516,10516,1
2019-03-28,15:26:53.351000,10515,10515,10515,1
2019-03-28,15:26:56.664000,10515,10515,10515,1
2019-03-28,15:26:58.495000,10515,10515,10515,1
2019-03-28,15:27:06.172000,10516,10516,10516,5
2019-03-28,15:27:12.157000,10516,10516,10516,2
2019-03-28,15:27:24.624000,10516,10516,10516,1
2019-03-28,15:27:25.397000,10515,10515,10515,1
2019-03-28,15:27:30.986000,10515,10515,10515,1
2019-03-28,15:27:33.221000,10515,10515,10515,2
2019-03-28,15:27:33.322000,10515,10515,10515,1
2019-03-28,15:27:33.767000,10515,10515,10515,1
2019-03-28,15:27:34.344000,10515,10515,10515,1
2019-03-28,15:27:38.568000,10515,10515,10515,5
2019-03-28,15:27:43.027000,10515,10515,10515,2
2019-03-28,15:27:46.620000,10515,10515,10515,10
2019-03-28,15:27:49.630000,10515,10515,10515,7
2019-03-28,15:27:53.351000,10515,10515,10515,1
2019-03-28,15:27:56.121000,10514,10514,10514,1
2019-03-28,15:27:56.169000,10514,10514,10514,1
2019-03-28,15:27:56.425000,10514,10514,10514,1
2019-03-28,15:27:56.439000,10514,10514,10514,1
2019-03-28,15:27:56.452000,10514,10514,10514,1
2019-03-28,15:28:02.821000,10515,10515,10515,2
2019-03-28,15:28:03.008000,10515,10515,10515,1
2019-03-28,15:28:03.517000,10516,10516,10516,1
2019-03-28,15:28:03.542000,10516,10516,10516,1
2019-03-28,15:28:05.436000,10515,10515,10515,1
2019-03-28,15:28:05.477000,10515,10515,10515,1
2019-03-28,15:28:08.690000,10515,10515,10515,3
2019-03-28,15:28:08.712000,10515,10515,10515,1
2019-03-28,15:28:09.547000,10515,10515,10515,1
2019-03-28,15:28:18.082000,10515,10515,10515,5
2019-03-28,15:28:18.141000,10515,10515,10515,2
2019-03-28,15:28:19.451000,10515,10515,10515,1
2019-03-28,15:28:19.825000,10514,10514,10514,1
2019-03-28,15:28:26.822000,10515,10515,10515,1
2019-03-28,15:28:32.114000,10515,10515,10515,1
2019-03-28,15:28:35.053000,10515,10515,10515,2
2019-03-28,15:28:44.261000,10515,10515,10515,1
2019-03-28,15:28:48.357000,10515,10515,10515,4
2019-03-28,15:28:53.225000,10515,10515,10515,2
2019-03-28,15:28:56.714000,10515,10515,10515,1
2019-03-28,15:29:01.065000,10515,10515,10515,3
2019-03-28,15:29:06.111000,10515,10515,10515,1
2019-03-28,15:29:18.151000,10515,10515,10515,1
2019-03-28,15:29:23.259000,10515,10515,10515,1
2019-03-28,15:29:27.172000,10515,10515,10515,1
2019-03-28,15:29:38.103000,10515,10515,10515,1
2019-03-28,15:29:50.901000,10515,10515,10515,6
2019-03-28,15:29:53.015000,10515,10515,10515,1
2019-03-28,15:29:59.637000,10515,10515,10515,7
2019-03-28,15:30:00.021000,10515,10515,10515,1
2019-03-28,15:30:00.178000,10515,10515,10515,1
2019-03-28,15:30:00.178000,10516,10516,10516,1
2019-03-28,15:30:00.203000,10516,10516,10516,1
2019-03-28,15:30:01.012000,10515,10515,10515,2
2019-03-28,15:30:01.023000,10515,10515,10515,2
2019-03-28,15:30:01.295000,10516,10516,10516,10
2019-03-28,15:30:01.306000,10516,10516,10516,1
2019-03-28,15:30:01.851000,10515,10515,10515,1
2019-03-28,15:30:01.851000,10516,10516,10516,4
2019-03-28,15:30:02.566000,10516,10516,10516,1
2019-03-28,15:30:02.570000,10516,10516,10516,6
2019-03-28,15:30:02.581000,10515,10515,10515,1
2019-03-28,15:30:02.630000,10515,10515,10515,1
2019-03-28,15:30:02.916000,10516,10516,10516,1
2019-03-28,15:30:02.916000,10516,10516,10516,3
2019-03-28,15:30:03.226000,10515,10515,10515,1
2019-03-28,15:30:07.464000,10515,10515,10515,1
2019-03-28,15:30:09.731000,10515,10515,10515,1
2019-03-28,15:30:12.417000,10516,10516,10516,1
2019-03-28,15:30:14.678000,10515,10515,10515,5
2019-03-28,15:30:17.684000,10515,10515,10515,1
2019-03-28,15:30:21.940000,10515,10515,10515,5
2019-03-28,15:30:23.194000,10515,10515,10515,1
2019-03-28,15:30:23.195000,10515,10515,10515,4
2019-03-28,15:30:24.055000,10515,10515,10515,1
2019-03-28,15:30:32.476000,10515,10515,10515,1
2019-03-28,15:30:44.213000,10514,10514,10514,1
2019-03-28,15:30:59.837000,10515,10515,10515,1
2019-03-28,15:31:00.540000,10514,10514,10514,3
2019-03-28,15:31:00.541000,10514,10514,10514,9
2019-03-28,15:31:00.542000,10514,10514,10514,4
2019-03-28,15:31:00.582000,10514,10514,10514,2
2019-03-28,15:31:00.642000,10514,10514,10514,6
2019-03-28,15:31:03.205000,10514,10514,10514,2
2019-03-28,15:31:07.593000,10514,10514,10514,2
2019-03-28,15:31:14.239000,10513,10513,10513,4
2019-03-28,15:31:14.611000,10513,10513,10513,1
2019-03-28,15:31:20.409000,10513,10513,10513,1
2019-03-28,15:31:21.411000,10513,10513,10513,1
2019-03-28,15:31:23.551000,10514,10514,10514,5
2019-03-28,15:31:25.309000,10513,10513,10513,2
2019-03-28,15:31:28.126000,10513,10513,10513,1
2019-03-28,15:31:39.417000,10513,10513,10513,3
2019-03-28,15:31:39.532000,10513,10513,10513,1
2019-03-28,15:31:40.811000,10514,10514,10514,1
2019-03-28,15:31:42.594000,10513,10513,10513,2
2019-03-28,15:32:02.239000,10513,10513,10513,1
2019-03-28,15:32:09.222000,10513,10513,10513,1
2019-03-28,15:32:14.701000,10513,10513,10513,1
2019-03-28,15:32:28.325000,10513,10513,10513,5
2019-03-28,15:32:33.022000,10513,10513,10513,1
2019-03-28,15:32:40.378000,10513,10513,10513,2
2019-03-28,15:32:42.265000,10514,10514,10514,1
2019-03-28,15:32:43.129000,10513,10513,10513,1
2019-03-28,15:33:02.323000,10513,10513,10513,1
2019-03-28,15:33:33.041000,10514,10514,10514,1
2019-03-28,15:33:36.911000,10513,10513,10513,2
2019-03-28,15:33:38.765000,10514,10514,10514,1
2019-03-28,15:33:43.756000,10514,10514,10514,1
2019-03-28,15:33:44.530000,10514,10514,10514,1
2019-03-28,15:34:01.836000,10514,10514,10514,42
2019-03-28,15:34:07.043000,10514,10514,10514,1
2019-03-28,15:34:14.044000,10515,10515,10515,4
2019-03-28,15:34:14.237000,10515,10515,10515,7
2019-03-28,15:34:17.667000,10515,10515,10515,1
2019-03-28,15:34:20.976000,10515,10515,10515,1
2019-03-28,15:34:23.324000,10515,10515,10515,3
2019-03-28,15:34:23.324000,10515,10515,10515,11
2019-03-28,15:34:31.461000,10515,10515,10515,1
2019-03-28,15:34:32.487000,10515,10515,10515,1
2019-03-28,15:34:37.265000,10515,10515,10515,4
2019-03-28,15:34:40.275000,10515,10515,10515,1
2019-03-28,15:34:43.852000,10515,10515,10515,2
2019-03-28,15:34:47.700000,10515,10515,10515,1
2019-03-28,15:34:47.900000,10515,10515,10515,1
2019-03-28,15:34:49.645000,10515,10515,10515,1
2019-03-28,15:34:55.698000,10515,10515,10515,1
2019-03-28,15:34:59.986000,10515,10515,10515,4
2019-03-28,15:35:07.046000,10515,10515,10515,1
2019-03-28,15:35:08.083000,10515,10515,10515,1
2019-03-28,15:35:08.955000,10515,10515,10515,1
2019-03-28,15:35:11.674000,10515,10515,10515,1
2019-03-28,15:35:12.743000,10515,10515,10515,2
2019-03-28,15:35:17.580000,10515,10515,10515,1
2019-03-28,15:35:28.789000,10515,10515,10515,2
2019-03-28,15:35:30.075000,10515,10515,10515,2
2019-03-28,15:35:33.806000,10516,10516,10516,1
2019-03-28,15:35:42.236000,10515,10515,10515,1
2019-03-28,15:35:58.221000,10516,10516,10516,1
2019-03-28,15:36:00.207000,10516,10516,10516,1
2019-03-28,15:36:02.688000,10515,10515,10515,5
2019-03-28,15:36:26.695000,10515,10515,10515,2
2019-03-28,15:36:27.766000,10516,10516,10516,21
2019-03-28,15:36:27.891000,10516,10516,10516,3
2019-03-28,15:36:45.113000,10516,10516,10516,5
2019-03-28,15:36:49.082000,10516,10516,10516,5
2019-03-28,15:36:50.407000,10517,10517,10517,1
2019-03-28,15:36:50.668000,10517,10517,10517,1
2019-03-28,15:36:50.730000,10517,10517,10517,1
2019-03-28,15:36:50.767000,10517,10517,10517,1
2019-03-28,15:36:58.688000,10517,10517,10517,1
2019-03-28,15:37:01.167000,10517,10517,10517,1
2019-03-28,15:37:02.238000,10517,10517,10517,1
2019-03-28,15:37:07.334000,10517,10517,10517,1
2019-03-28,15:37:10.241000,10517,10517,10517,2
2019-03-28,15:37:11.797000,10517,10517,10517,1
2019-03-28,15:37:13.729000,10517,10517,10517,2
2019-03-28,15:37:15.351000,10517,10517,10517,39
2019-03-28,15:37:16.638000,10518,10518,10518,1
2019-03-28,15:37:16.913000,10518,10518,10518,1
2019-03-28,15:37:25.085000,10518,10518,10518,1
2019-03-28,15:37:25.741000,10518,10518,10518,2
2019-03-28,15:37:36.595000,10518,10518,10518,3
2019-03-28,15:37:40.486000,10517,10517,10517,2
2019-03-28,15:37:42.019000,10517,10517,10517,6
2019-03-28,15:37:42.970000,10518,10518,10518,6
2019-03-28,15:37:46.535000,10517,10517,10517,3
2019-03-28,15:37:48.028000,10517,10517,10517,2
2019-03-28,15:37:49.779000,10517,10517,10517,6
2019-03-28,15:37:49.779000,10517,10517,10517,1
2019-03-28,15:37:49.779000,10517,10517,10517,9
2019-03-28,15:37:49.779000,10517,10517,10517,1
2019-03-28,15:37:49.780000,10517,10517,10517,2
2019-03-28,15:37:50.153000,10517,10517,10517,11
2019-03-28,15:37:58.650000,10516,10516,10516,9
2019-03-28,15:38:02.524000,10516,10516,10516,2
2019-03-28,15:38:03.059000,10516,10516,10516,6
2019-03-28,15:38:03.351000,10516,10516,10516,1
2019-03-28,15:38:07.270000,10516,10516,10516,2
2019-03-28,15:38:08.364000,10516,10516,10516,2
2019-03-28,15:38:09.799000,10516,10516,10516,3
2019-03-28,15:38:13.320000,10516,10516,10516,2
2019-03-28,15:38:13.320000,10515,10515,10515,1
2019-03-28,15:38:13.516000,10516,10516,10516,1
2019-03-28,15:38:14.887000,10515,10515,10515,2
2019-03-28,15:38:15.970000,10516,10516,10516,1
2019-03-28,15:38:17.563000,10515,10515,10515,7
2019-03-28,15:38:18.830000,10515,10515,10515,7
2019-03-28,15:38:21.898000,10515,10515,10515,3
2019-03-28,15:38:24.122000,10515,10515,10515,3
2019-03-28,15:38:24.151000,10516,10516,10516,2
2019-03-28,15:38:25.870000,10515,10515,10515,1
2019-03-28,15:38:26.544000,10514,10514,10514,2
2019-03-28,15:38:28.684000,10514,10514,10514,2
2019-03-28,15:38:29.928000,10514,10514,10514,5
2019-03-28,15:38:55.279000,10514,10514,10514,1
2019-03-28,15:38:59.018000,10514,10514,10514,1
2019-03-28,15:39:08.589000,10514,10514,10514,1
2019-03-28,15:39:08.699000,10514,10514,10514,1
2019-03-28,15:39:08.939000,10514,10514,10514,1
2019-03-28,15:39:18.849000,10514,10514,10514,1
2019-03-28,15:39:30.413000,10515,10515,10515,3
2019-03-28,15:39:48.582000,10515,10515,10515,1
2019-03-28,15:39:59.202000,10515,10515,10515,1
2019-03-28,15:40:15.742000,10515,10515,10515,1
2019-03-28,15:40:19.302000,10515,10515,10515,1
2019-03-28,15:40:25.528000,10515,10515,10515,2
2019-03-28,15:40:41.619000,10514,10514,10514,1
2019-03-28,15:40:43.055000,10514,10514,10514,1
2019-03-28,15:40:43.646000,10514,10514,10514,1
2019-03-28,15:40:47.206000,10514,10514,10514,3
2019-03-28,15:40:47.266000,10514,10514,10514,2
2019-03-28,15:40:47.391000,10514,10514,10514,16
2019-03-28,15:40:47.391000,10514,10514,10514,3
2019-03-28,15:40:47.392000,10514,10514,10514,1
2019-03-28,15:40:47.392000,10514,10514,10514,2
2019-03-28,15:40:47.392000,10514,10514,10514,1
2019-03-28,15:40:47.392000,10514,10514,10514,4
2019-03-28,15:40:47.516000,10514,10514,10514,1
2019-03-28,15:40:47.516000,10514,10514,10514,1
2019-03-28,15:40:47.516000,10514,10514,10514,4
2019-03-28,15:40:47.516000,10514,10514,10514,5
2019-03-28,15:40:47.516000,10514,10514,10514,4
2019-03-28,15:40:51.247000,10513,10513,10513,1
2019-03-28,15:40:51.259000,10514,10514,10514,1
2019-03-28,15:41:00.781000,10513,10513,10513,2
2019-03-28,15:41:01.162000,10513,10513,10513,1
2019-03-28,15:41:01.974000,10513,10513,10513,4
2019-03-28,15:41:02.387000,10513,10513,10513,1
2019-03-28,15:41:11.697000,10512,10512,10512,1
2019-03-28,15:41:11.778000,10512,10512,10512,1
2019-03-28,15:41:13.115000,10512,10512,10512,1
2019-03-28,15:41:13.119000,10512,10512,10512,5
2019-03-28,15:41:13.141000,10512,10512,10512,5
2019-03-28,15:41:13.143000,10512,10512,10512,9
2019-03-28,15:41:16.122000,10511,10511,10511,1
2019-03-28,15:41:16.634000,10511,10511,10511,5
2019-03-28,15:41:17.292000,10511,10511,10511,1
2019-03-28,15:41:17.386000,10511,10511,10511,1
2019-03-28,15:41:17.969000,10511,10511,10511,1
2019-03-28,15:41:18.052000,10511,10511,10511,1
2019-03-28,15:41:19.755000,10512,10512,10512,1
2019-03-28,15:41:21.272000,10511,10511,10511,1
2019-03-28,15:41:21.406000,10511,10511,10511,1
2019-03-28,15:41:21.575000,10511,10511,10511,1
2019-03-28,15:41:23.501000,10511,10511,10511,1
2019-03-28,15:41:25.428000,10511,10511,10511,1
2019-03-28,15:41:27.960000,10511,10511,10511,1
2019-03-28,15:41:29.005000,10511,10511,10511,2
2019-03-28,15:41:29.925000,10511,10511,10511,1
2019-03-28,15:41:31.635000,10511,10511,10511,3
2019-03-28,15:41:32.466000,10511,10511,10511,1
2019-03-28,15:41:33.311000,10511,10511,10511,1
2019-03-28,15:41:33.972000,10511,10511,10511,1
2019-03-28,15:41:36.342000,10512,10512,10512,1
2019-03-28,15:41:37.591000,10511,10511,10511,1
2019-03-28,15:41:38.074000,10511,10511,10511,4
2019-03-28,15:41:39.359000,10511,10511,10511,1
2019-03-28,15:41:41.865000,10511,10511,10511,1
2019-03-28,15:41:43.022000,10511,10511,10511,2
2019-03-28,15:41:44.320000,10512,10512,10512,1
2019-03-28,15:41:45.279000,10511,10511,10511,12
2019-03-28,15:41:45.601000,10511,10511,10511,1
2019-03-28,15:41:46.378000,10511,10511,10511,1
2019-03-28,15:41:46.544000,10511,10511,10511,1
2019-03-28,15:41:52.275000,10511,10511,10511,1
2019-03-28,15:41:52.675000,10512,10512,10512,1
2019-03-28,15:41:53.262000,10511,10511,10511,1
2019-03-28,15:41:54.172000,10511,10511,10511,1
2019-03-28,15:41:54.773000,10511,10511,10511,1
2019-03-28,15:41:55.278000,10511,10511,10511,2
2019-03-28,15:41:55.518000,10511,10511,10511,1
2019-03-28,15:41:57.919000,10511,10511,10511,1
2019-03-28,15:41:58.391000,10511,10511,10511,1
2019-03-28,15:42:01.288000,10511,10511,10511,1
2019-03-28,15:42:02.276000,10511,10511,10511,1
2019-03-28,15:42:02.529000,10512,10512,10512,1
2019-03-28,15:42:03.642000,10511,10511,10511,1
2019-03-28,15:42:05.222000,10511,10511,10511,16
2019-03-28,15:42:05.269000,10511,10511,10511,9
2019-03-28,15:42:16.144000,10511,10511,10511,1
2019-03-28,15:42:18.760000,10512,10512,10512,2
2019-03-28,15:42:23.808000,10511,10511,10511,1
2019-03-28,15:42:24.080000,10511,10511,10511,1
2019-03-28,15:42:25.496000,10512,10512,10512,2
2019-03-28,15:42:27.273000,10511,10511,10511,1
2019-03-28,15:42:33.025000,10511,10511,10511,1
2019-03-28,15:42:33.190000,10511,10511,10511,1
2019-03-28,15:42:40.069000,10511,10511,10511,2
2019-03-28,15:42:44.594000,10511,10511,10511,5
2019-03-28,15:42:46.519000,10511,10511,10511,1
2019-03-28,15:42:49.961000,10511,10511,10511,1
2019-03-28,15:42:54.897000,10511,10511,10511,1
2019-03-28,15:42:57.889000,10511,10511,10511,1
2019-03-28,15:43:01.394000,10511,10511,10511,1
2019-03-28,15:43:01.898000,10512,10512,10512,1
2019-03-28,15:43:02.198000,10511,10511,10511,1
2019-03-28,15:43:08.075000,10511,10511,10511,1
2019-03-28,15:43:11.426000,10511,10511,10511,1
2019-03-28,15:43:20.393000,10511,10511,10511,3
2019-03-28,15:43:22.897000,10511,10511,10511,2
2019-03-28,15:43:36.080000,10512,10512,10512,3
2019-03-28,15:43:43.905000,10512,10512,10512,25
2019-03-28,15:43:43.905000,10512,10512,10512,3
2019-03-28,15:43:46.141000,10513,10513,10513,1
2019-03-28,15:43:48.557000,10513,10513,10513,1
2019-03-28,15:43:55.333000,10513,10513,10513,1
2019-03-28,15:43:55.843000,10513,10513,10513,1
2019-03-28,15:44:01.880000,10513,10513,10513,1
2019-03-28,15:44:02.494000,10513,10513,10513,2
2019-03-28,15:44:16.370000,10513,10513,10513,1
2019-03-28,15:44:23.627000,10513,10513,10513,1
2019-03-28,15:44:26.749000,10512,10512,10512,1
2019-03-28,15:44:32.616000,10513,10513,10513,1
2019-03-28,15:44:40.257000,10513,10513,10513,1
2019-03-28,15:44:47.097000,10513,10513,10513,2
2019-03-28,15:44:48.955000,10512,10512,10512,4
2019-03-28,15:44:56.833000,10512,10512,10512,1
2019-03-28,15:45:00.377000,10512,10512,10512,1
2019-03-28,15:45:01.216000,10512,10512,10512,1
2019-03-28,15:45:01.239000,10513,10513,10513,2
2019-03-28,15:45:01.263000,10513,10513,10513,4
2019-03-28,15:45:01.668000,10512,10512,10512,1
2019-03-28,15:45:01.668000,10511,10511,10511,1
2019-03-28,15:45:01.781000,10511,10511,10511,2
2019-03-28,15:45:02.097000,10511,10511,10511,2
2019-03-28,15:45:02.599000,10511,10511,10511,9
2019-03-28,15:45:08.697000,10512,10512,10512,1
2019-03-28,15:45:09.548000,10511,10511,10511,3
2019-03-28,15:45:14.041000,10512,10512,10512,3
2019-03-28,15:45:34.274000,10512,10512,10512,7
2019-03-28,15:45:49.676000,10511,10511,10511,16
2019-03-28,15:45:59.679000,10511,10511,10511,3
2019-03-28,15:46:13.135000,10511,10511,10511,1
2019-03-28,15:46:14.036000,10511,10511,10511,1
2019-03-28,15:46:20.587000,10511,10511,10511,1
2019-03-28,15:46:22.629000,10511,10511,10511,1
2019-03-28,15:46:49.804000,10512,10512,10512,2
2019-03-28,15:46:50.034000,10511,10511,10511,5
2019-03-28,15:46:53.918000,10511,10511,10511,5
2019-03-28,15:46:56.494000,10512,10512,10512,1
2019-03-28,15:46:58.873000,10512,10512,10512,1
2019-03-28,15:46:58.891000,10512,10512,10512,1
2019-03-28,15:46:58.922000,10512,10512,10512,3
2019-03-28,15:47:02.805000,10511,10511,10511,5
2019-03-28,15:47:16.219000,10511,10511,10511,1
2019-03-28,15:47:26.552000,10512,10512,10512,1
2019-03-28,15:47:26.552000,10512,10512,10512,12
2019-03-28,15:47:26.641000,10513,10513,10513,5
2019-03-28,15:47:26.642000,10513,10513,10513,5
2019-03-28,15:47:26.642000,10513,10513,10513,3
2019-03-28,15:47:26.642000,10513,10513,10513,1
2019-03-28,15:47:26.642000,10513,10513,10513,2
2019-03-28,15:47:26.642000,10513,10513,10513,8
2019-03-28,15:47:26.738000,10513,10513,10513,1
2019-03-28,15:47:26.738000,10513,10513,10513,1
2019-03-28,15:47:26.739000,10513,10513,10513,1
2019-03-28,15:47:26.741000,10513,10513,10513,3
2019-03-28,15:47:26.766000,10513,10513,10513,2
2019-03-28,15:47:26.767000,10513,10513,10513,4
2019-03-28,15:47:26.769000,10513,10513,10513,1
2019-03-28,15:47:26.891000,10513,10513,10513,8
2019-03-28,15:47:26.892000,10513,10513,10513,3
2019-03-28,15:47:27.018000,10514,10514,10514,1
2019-03-28,15:47:30.915000,10512,10512,10512,1
2019-03-28,15:47:35.980000,10513,10513,10513,1
2019-03-28,15:47:36.656000,10513,10513,10513,2
2019-03-28,15:47:54.651000,10513,10513,10513,3
2019-03-28,15:47:54.652000,10513,10513,10513,1
2019-03-28,15:48:11.816000,10513,10513,10513,1
2019-03-28,15:48:30.853000,10513,10513,10513,1
2019-03-28,15:48:38.799000,10513,10513,10513,3
2019-03-28,15:48:43.769000,10513,10513,10513,1
2019-03-28,15:48:53.571000,10512,10512,10512,1
2019-03-28,15:49:08.907000,10512,10512,10512,1
2019-03-28,15:49:09.016000,10512,10512,10512,9
2019-03-28,15:49:09.141000,10512,10512,10512,1
2019-03-28,15:49:15.906000,10511,10511,10511,5
2019-03-28,15:49:23.741000,10511,10511,10511,1
2019-03-28,15:49:27.798000,10511,10511,10511,1
2019-03-28,15:49:32.439000,10511,10511,10511,1
2019-03-28,15:49:35.697000,10511,10511,10511,1
2019-03-28,15:49:57.891000,10512,10512,10512,1
2019-03-28,15:49:58.016000,10512,10512,10512,1
2019-03-28,15:49:58.251000,10512,10512,10512,1
2019-03-28,15:49:58.266000,10512,10512,10512,1
2019-03-28,15:50:03.131000,10511,10511,10511,1
2019-03-28,15:50:03.184000,10512,10512,10512,2
2019-03-28,15:50:05.849000,10511,10511,10511,2
2019-03-28,15:50:29.287000,10511,10511,10511,11
2019-03-28,15:50:49.073000,10510,10510,10510,1
2019-03-28,15:50:55.972000,10511,10511,10511,1
2019-03-28,15:50:58.907000,10511,10511,10511,1
2019-03-28,15:51:03.360000,10511,10511,10511,1
2019-03-28,15:51:13.216000,10510,10510,10510,3
2019-03-28,15:51:15.923000,10510,10510,10510,20
2019-03-28,15:51:16.016000,10510,10510,10510,1
2019-03-28,15:51:16.141000,10510,10510,10510,3
2019-03-28,15:51:16.266000,10510,10510,10510,1
2019-03-28,15:51:16.401000,10510,10510,10510,2
2019-03-28,15:51:17.113000,10510,10510,10510,1
2019-03-28,15:51:22.915000,10510,10510,10510,1
2019-03-28,15:51:25.820000,10510,10510,10510,2
2019-03-28,15:51:27.466000,10511,10511,10511,1
2019-03-28,15:51:50.716000,10510,10510,10510,1
2019-03-28,15:51:51,10511,10511,10511,1
2019-03-28,15:52:02.333000,10510,10510,10510,8
2019-03-28,15:52:04.637000,10510,10510,10510,10
2019-03-28,15:52:07.644000,10510,10510,10510,1
2019-03-28,15:52:17.947000,10510,10510,10510,1
2019-03-28,15:52:32.565000,10510,10510,10510,2
2019-03-28,15:52:33.380000,10510,10510,10510,8
2019-03-28,15:52:33.380000,10510,10510,10510,2
2019-03-28,15:52:33.380000,10510,10510,10510,3
2019-03-28,15:52:34.483000,10510,10510,10510,3
2019-03-28,15:52:34.483000,10511,10511,10511,3
2019-03-28,15:52:35.731000,10509,10509,10509,6
2019-03-28,15:52:35.842000,10509,10509,10509,1
2019-03-28,15:52:35.867000,10509,10509,10509,1
2019-03-28,15:52:36.144000,10509,10509,10509,1
2019-03-28,15:52:41.371000,10509,10509,10509,1
2019-03-28,15:52:43.271000,10509,10509,10509,1
2019-03-28,15:52:52.015000,10510,10510,10510,2
2019-03-28,15:52:57.328000,10509,10509,10509,1
2019-03-28,15:52:57.391000,10509,10509,10509,3
2019-03-28,15:52:57.391000,10509,10509,10509,3
2019-03-28,15:52:57.391000,10509,10509,10509,13
2019-03-28,15:52:57.392000,10509,10509,10509,8
2019-03-28,15:52:57.392000,10509,10509,10509,2
2019-03-28,15:52:58.974000,10509,10509,10509,1
2019-03-28,15:53:00.745000,10508,10508,10508,1
2019-03-28,15:53:00.846000,10508,10508,10508,6
2019-03-28,15:53:00.901000,10508,10508,10508,1
2019-03-28,15:53:02.437000,10508,10508,10508,8
2019-03-28,15:53:03.709000,10508,10508,10508,1
2019-03-28,15:53:04.089000,10508,10508,10508,1
2019-03-28,15:53:06.788000,10508,10508,10508,1
2019-03-28,15:53:06.972000,10508,10508,10508,1
2019-03-28,15:53:09.230000,10508,10508,10508,1
2019-03-28,15:53:21.532000,10508,10508,10508,1
2019-03-28,15:53:21.609000,10508,10508,10508,1
2019-03-28,15:53:21.609000,10508,10508,10508,3
2019-03-28,15:53:22.035000,10508,10508,10508,2
2019-03-28,15:53:22.035000,10508,10508,10508,3
2019-03-28,15:53:22.155000,10507,10507,10507,1
2019-03-28,15:53:22.348000,10508,10508,10508,1
2019-03-28,15:53:22.521000,10507,10507,10507,1
2019-03-28,15:53:24.302000,10507,10507,10507,1
2019-03-28,15:53:24.344000,10507,10507,10507,2
2019-03-28,15:53:24.391000,10507,10507,10507,5
2019-03-28,15:53:24.392000,10507,10507,10507,4
2019-03-28,15:53:24.460000,10507,10507,10507,1
2019-03-28,15:53:26.571000,10507,10507,10507,2
2019-03-28,15:53:28.699000,10507,10507,10507,1
2019-03-28,15:53:28.699000,10507,10507,10507,2
2019-03-28,15:53:30.556000,10507,10507,10507,1
2019-03-28,15:53:31.578000,10507,10507,10507,3
2019-03-28,15:53:38.431000,10507,10507,10507,1
2019-03-28,15:53:42.254000,10507,10507,10507,1
2019-03-28,15:53:47.316000,10507,10507,10507,1
2019-03-28,15:53:49.161000,10507,10507,10507,1
2019-03-28,15:53:52.067000,10507,10507,10507,3
2019-03-28,15:53:52.181000,10507,10507,10507,1
2019-03-28,15:53:52.181000,10507,10507,10507,1
2019-03-28,15:53:53.091000,10506,10506,10506,2
2019-03-28,15:53:53.197000,10508,10508,10508,1
2019-03-28,15:53:53.408000,10506,10506,10506,1
2019-03-28,15:53:57.505000,10507,10507,10507,1
2019-03-28,15:53:57.615000,10507,10507,10507,1
2019-03-28,15:53:57.763000,10507,10507,10507,2
2019-03-28,15:53:57.766000,10507,10507,10507,1
2019-03-28,15:54:01.873000,10507,10507,10507,1
2019-03-28,15:54:05.389000,10507,10507,10507,1
2019-03-28,15:54:10.848000,10507,10507,10507,12
2019-03-28,15:54:13.018000,10508,10508,10508,1
2019-03-28,15:54:17.104000,10507,10507,10507,1
2019-03-28,15:54:17.108000,10507,10507,10507,3
2019-03-28,15:54:28.308000,10507,10507,10507,4
2019-03-28,15:54:30.613000,10507,10507,10507,11
2019-03-28,15:54:30.798000,10507,10507,10507,4
2019-03-28,15:54:35.598000,10507,10507,10507,2
2019-03-28,15:54:36.141000,10507,10507,10507,1
2019-03-28,15:54:37.891000,10507,10507,10507,1
2019-03-28,15:54:39.519000,10507,10507,10507,2
2019-03-28,15:54:44.694000,10507,10507,10507,4
2019-03-28,15:54:49.973000,10507,10507,10507,4
2019-03-28,15:54:57.437000,10507,10507,10507,1
2019-03-28,15:55:02.642000,10507,10507,10507,3
2019-03-28,15:55:04.419000,10507,10507,10507,1
2019-03-28,15:55:04.678000,10507,10507,10507,1
2019-03-28,15:55:11.992000,10507,10507,10507,2
2019-03-28,15:55:29.382000,10507,10507,10507,2
2019-03-28,15:55:37.117000,10508,10508,10508,21
2019-03-28,15:55:37.141000,10508,10508,10508,4
2019-03-28,15:55:48.486000,10509,10509,10509,1
2019-03-28,15:55:50.811000,10509,10509,10509,1
2019-03-28,15:55:51.711000,10509,10509,10509,1
2019-03-28,15:55:52.671000,10508,10508,10508,2
2019-03-28,15:56:00.421000,10508,10508,10508,1
2019-03-28,15:56:07.254000,10508,10508,10508,1
2019-03-28,15:56:07.596000,10509,10509,10509,1
2019-03-28,15:56:09.063000,10509,10509,10509,3
2019-03-28,15:56:09.141000,10509,10509,10509,21
2019-03-28,15:56:13.562000,10510,10510,10510,1
2019-03-28,15:56:21.663000,10509,10509,10509,1
2019-03-28,15:56:39.109000,10509,10509,10509,1
2019-03-28,15:56:42.249000,10509,10509,10509,3
2019-03-28,15:56:50.543000,10509,10509,10509,1
2019-03-28,15:56:53,10510,10510,10510,1
2019-03-28,15:57:03.236000,10509,10509,10509,7
2019-03-28,15:57:03.236000,10509,10509,10509,7
2019-03-28,15:57:03.267000,10508,10508,10508,6
2019-03-28,15:57:03.268000,10508,10508,10508,2
2019-03-28,15:57:03.269000,10508,10508,10508,2
2019-03-28,15:57:03.270000,10508,10508,10508,2
2019-03-28,15:57:03.273000,10508,10508,10508,4
2019-03-28,15:57:03.273000,10508,10508,10508,1
2019-03-28,15:57:03.396000,10507,10507,10507,1
2019-03-28,15:57:03.443000,10507,10507,10507,23
2019-03-28,15:57:03.516000,10507,10507,10507,8
2019-03-28,15:57:03.516000,10507,10507,10507,13
2019-03-28,15:57:03.769000,10507,10507,10507,2
2019-03-28,15:57:03.891000,10507,10507,10507,1
2019-03-28,15:57:04.707000,10507,10507,10507,1
2019-03-28,15:57:04.707000,10507,10507,10507,1
2019-03-28,15:57:04.707000,10507,10507,10507,4
2019-03-28,15:57:11.850000,10508,10508,10508,1
2019-03-28,15:57:20.160000,10508,10508,10508,1
2019-03-28,15:57:22.918000,10507,10507,10507,2
2019-03-28,15:57:24,10507,10507,10507,1
2019-03-28,15:57:33.375000,10508,10508,10508,4
2019-03-28,15:57:33.592000,10508,10508,10508,9
2019-03-28,15:57:35.410000,10508,10508,10508,1
2019-03-28,15:57:35.849000,10508,10508,10508,1
2019-03-28,15:57:40.337000,10507,10507,10507,13
2019-03-28,15:57:49.992000,10508,10508,10508,1
2019-03-28,15:57:54.383000,10508,10508,10508,1
2019-03-28,15:57:54.679000,10508,10508,10508,1
2019-03-28,15:57:59.221000,10508,10508,10508,5
2019-03-28,15:58:02.176000,10508,10508,10508,1
2019-03-28,15:58:04.088000,10508,10508,10508,2
2019-03-28,15:58:05.004000,10508,10508,10508,4
2019-03-28,15:58:09.083000,10508,10508,10508,1
2019-03-28,15:58:09.465000,10508,10508,10508,1
2019-03-28,15:58:09.518000,10508,10508,10508,7
2019-03-28,15:58:14.634000,10508,10508,10508,1
2019-03-28,15:58:32.430000,10508,10508,10508,1
2019-03-28,15:58:33.278000,10509,10509,10509,8
2019-03-28,15:58:33.278000,10509,10509,10509,8
2019-03-28,15:58:33.278000,10509,10509,10509,4
2019-03-28,15:58:33.308000,10509,10509,10509,2
2019-03-28,15:58:33.309000,10509,10509,10509,2
2019-03-28,15:58:33.311000,10509,10509,10509,2
2019-03-28,15:58:33.393000,10510,10510,10510,2
2019-03-28,15:58:33.394000,10510,10510,10510,1
2019-03-28,15:58:33.394000,10510,10510,10510,3
2019-03-28,15:58:33.394000,10510,10510,10510,3
2019-03-28,15:58:43.608000,10510,10510,10510,10
2019-03-28,15:58:47.727000,10510,10510,10510,1
2019-03-28,15:58:50.266000,10511,10511,10511,1
2019-03-28,15:58:51.229000,10510,10510,10510,1
2019-03-28,15:58:53.832000,10510,10510,10510,1
2019-03-28,15:58:55.572000,10510,10510,10510,1
2019-03-28,15:59:01.860000,10510,10510,10510,1
2019-03-28,15:59:03.115000,10510,10510,10510,1
2019-03-28,15:59:05.577000,10510,10510,10510,1
2019-03-28,15:59:13.092000,10511,10511,10511,1
2019-03-28,15:59:26.381000,10511,10511,10511,9
2019-03-28,15:59:26.381000,10511,10511,10511,13
2019-03-28,15:59:26.776000,10511,10511,10511,1
2019-03-28,15:59:31.831000,10511,10511,10511,2
2019-03-28,15:59:34.868000,10511,10511,10511,1
2019-03-28,15:59:39.693000,10511,10511,10511,1
2019-03-28,15:59:45.702000,10512,10512,10512,1
2019-03-28,15:59:45.796000,10512,10512,10512,1
2019-03-28,15:59:45.800000,10512,10512,10512,1
2019-03-28,15:59:48.942000,10512,10512,10512,1
2019-03-28,15:59:55.307000,10512,10512,10512,1
2019-03-28,15:59:56.940000,10512,10512,10512,1
2019-03-28,16:00:01.256000,10511,10511,10511,3
2019-03-28,16:00:01.256000,10511,10511,10511,2
2019-03-28,16:00:02.852000,10511,10511,10511,1
2019-03-28,16:00:02.853000,10511,10511,10511,1
2019-03-28,16:00:02.891000,10512,10512,10512,1
2019-03-28,16:00:02.898000,10512,10512,10512,1
2019-03-28,16:00:03.294000,10512,10512,10512,1
2019-03-28,16:00:03.548000,10511,10511,10511,1
2019-03-28,16:00:05.970000,10511,10511,10511,1
2019-03-28,16:00:08.561000,10511,10511,10511,3
2019-03-28,16:00:14.025000,10511,10511,10511,1
2019-03-28,16:00:16.177000,10511,10511,10511,5
2019-03-28,16:00:18.865000,10512,10512,10512,1
2019-03-28,16:00:18.891000,10512,10512,10512,5
2019-03-28,16:00:18.948000,10512,10512,10512,1
2019-03-28,16:00:18.948000,10512,10512,10512,3
2019-03-28,16:00:18.949000,10512,10512,10512,2
2019-03-28,16:00:18.949000,10512,10512,10512,8
2019-03-28,16:00:18.949000,10512,10512,10512,1
2019-03-28,16:00:27.301000,10512,10512,10512,1
2019-03-28,16:00:28.266000,10512,10512,10512,1
2019-03-28,16:00:30.332000,10512,10512,10512,5
2019-03-28,16:00:32.147000,10512,10512,10512,1
2019-03-28,16:00:39.669000,10512,10512,10512,3
2019-03-28,16:00:40.441000,10512,10512,10512,1
2019-03-28,16:00:42.543000,10512,10512,10512,2
2019-03-28,16:00:58.200000,10512,10512,10512,3
2019-03-28,16:01:00.432000,10512,10512,10512,1
2019-03-28,16:01:12.892000,10512,10512,10512,1
2019-03-28,16:01:13.071000,10512,10512,10512,1
2019-03-28,16:01:17.662000,10512,10512,10512,1
2019-03-28,16:01:18.212000,10512,10512,10512,2
2019-03-28,16:01:18.335000,10512,10512,10512,1
2019-03-28,16:01:20.924000,10512,10512,10512,1
2019-03-28,16:01:21.062000,10512,10512,10512,1
2019-03-28,16:01:21.331000,10512,10512,10512,1
2019-03-28,16:01:22.406000,10512,10512,10512,1
2019-03-28,16:01:24.848000,10512,10512,10512,1
2019-03-28,16:01:44.391000,10512,10512,10512,2
2019-03-28,16:01:45.063000,10512,10512,10512,2
2019-03-28,16:01:57.719000,10512,10512,10512,1
2019-03-28,16:02:00.446000,10512,10512,10512,1
2019-03-28,16:02:00.628000,10512,10512,10512,1
2019-03-28,16:02:46.464000,10512,10512,10512,1
2019-03-28,16:02:47.123000,10512,10512,10512,5
2019-03-28,16:02:47.871000,10512,10512,10512,1
2019-03-28,16:03:00.030000,10512,10512,10512,2
2019-03-28,16:03:05.636000,10512,10512,10512,5
2019-03-28,16:03:09.314000,10513,10513,10513,1
2019-03-28,16:03:30.568000,10513,10513,10513,1
2019-03-28,16:03:32.278000,10513,10513,10513,1
2019-03-28,16:03:44.967000,10512,10512,10512,1
2019-03-28,16:03:45.157000,10512,10512,10512,1
2019-03-28,16:04:04.766000,10513,10513,10513,2
2019-03-28,16:04:08.341000,10513,10513,10513,15
2019-03-28,16:04:08.391000,10513,10513,10513,1
2019-03-28,16:04:12.947000,10514,10514,10514,2
2019-03-28,16:04:12.947000,10514,10514,10514,2
2019-03-28,16:04:12.956000,10514,10514,10514,6
2019-03-28,16:04:15.695000,10514,10514,10514,1
2019-03-28,16:04:17.132000,10515,10515,10515,3
2019-03-28,16:04:17.171000,10515,10515,10515,1
2019-03-28,16:04:18.120000,10515,10515,10515,3
2019-03-28,16:04:20.437000,10514,10514,10514,1
2019-03-28,16:04:23.535000,10514,10514,10514,1
2019-03-28,16:04:25.244000,10514,10514,10514,1
2019-03-28,16:04:28.036000,10514,10514,10514,2
2019-03-28,16:04:29.865000,10513,10513,10513,1
2019-03-28,16:04:30.978000,10514,10514,10514,1
2019-03-28,16:04:40.668000,10514,10514,10514,1
2019-03-28,16:04:44.029000,10514,10514,10514,1
2019-03-28,16:04:48.582000,10514,10514,10514,3
2019-03-28,16:04:58.908000,10515,10515,10515,7
2019-03-28,16:05:01.208000,10515,10515,10515,2
2019-03-28,16:05:07.095000,10515,10515,10515,1
2019-03-28,16:05:08.801000,10515,10515,10515,2
2019-03-28,16:05:09.738000,10514,10514,10514,1
2019-03-28,16:05:10.941000,10515,10515,10515,1
2019-03-28,16:05:27.126000,10515,10515,10515,2
2019-03-28,16:05:32.978000,10515,10515,10515,1
2019-03-28,16:05:35.386000,10515,10515,10515,13
2019-03-28,16:05:35.544000,10515,10515,10515,2
2019-03-28,16:05:38.334000,10515,10515,10515,1
2019-03-28,16:05:40.588000,10515,10515,10515,1
2019-03-28,16:05:41.826000,10515,10515,10515,1
2019-03-28,16:05:43.055000,10515,10515,10515,1
2019-03-28,16:05:53.287000,10515,10515,10515,1
2019-03-28,16:05:55.405000,10515,10515,10515,1
2019-03-28,16:06:00.341000,10515,10515,10515,1
2019-03-28,16:06:02.021000,10515,10515,10515,3
2019-03-28,16:06:03.122000,10515,10515,10515,1
2019-03-28,16:06:03.122000,10516,10516,10516,3
2019-03-28,16:06:03.177000,10516,10516,10516,8
2019-03-28,16:06:03.807000,10516,10516,10516,1
2019-03-28,16:06:08.505000,10515,10515,10515,1
2019-03-28,16:06:13.088000,10516,10516,10516,1
2019-03-28,16:06:18.090000,10515,10515,10515,1
2019-03-28,16:06:21.211000,10515,10515,10515,2
2019-03-28,16:06:22.866000,10514,10514,10514,29
2019-03-28,16:06:22.891000,10514,10514,10514,2
2019-03-28,16:06:24.014000,10514,10514,10514,1
2019-03-28,16:06:30.397000,10514,10514,10514,1
2019-03-28,16:06:33.171000,10514,10514,10514,1
2019-03-28,16:06:39.409000,10514,10514,10514,1
2019-03-28,16:06:42.058000,10514,10514,10514,1
2019-03-28,16:06:42.059000,10514,10514,10514,3
2019-03-28,16:06:42.563000,10514,10514,10514,5
2019-03-28,16:06:43.167000,10514,10514,10514,1
2019-03-28,16:06:52.524000,10514,10514,10514,1
2019-03-28,16:06:55.020000,10514,10514,10514,1
2019-03-28,16:06:55.672000,10515,10515,10515,15
2019-03-28,16:07:11.274000,10516,10516,10516,5
2019-03-28,16:07:11.274000,10516,10516,10516,2
2019-03-28,16:07:11.274000,10516,10516,10516,2
2019-03-28,16:07:33.481000,10516,10516,10516,2
2019-03-28,16:07:34.110000,10516,10516,10516,2
2019-03-28,16:07:37.792000,10516,10516,10516,1
2019-03-28,16:07:40.377000,10517,10517,10517,1
2019-03-28,16:07:41.382000,10517,10517,10517,1
2019-03-28,16:07:47.382000,10517,10517,10517,1
2019-03-28,16:07:49.367000,10517,10517,10517,1
2019-03-28,16:08:01.366000,10517,10517,10517,8
2019-03-28,16:08:01.366000,10517,10517,10517,4
2019-03-28,16:08:01.391000,10517,10517,10517,2
2019-03-28,16:08:01.391000,10517,10517,10517,2
2019-03-28,16:08:01.391000,10517,10517,10517,1
2019-03-28,16:08:01.391000,10517,10517,10517,4
2019-03-28,16:08:01.393000,10517,10517,10517,2
2019-03-28,16:08:06.168000,10517,10517,10517,1
2019-03-28,16:08:06.965000,10517,10517,10517,2
2019-03-28,16:08:12.647000,10517,10517,10517,1
2019-03-28,16:08:13.822000,10517,10517,10517,1
2019-03-28,16:08:15.643000,10517,10517,10517,4
2019-03-28,16:08:20.715000,10517,10517,10517,3
2019-03-28,16:08:23.165000,10517,10517,10517,3
2019-03-28,16:08:27.766000,10517,10517,10517,6
2019-03-28,16:08:33.791000,10517,10517,10517,1
2019-03-28,16:08:35.246000,10516,10516,10516,5
2019-03-28,16:08:35.247000,10516,10516,10516,12
2019-03-28,16:08:40.972000,10516,10516,10516,1
2019-03-28,16:08:54.695000,10516,10516,10516,1
2019-03-28,16:09:16.887000,10516,10516,10516,1
2019-03-28,16:09:30.165000,10516,10516,10516,5
2019-03-28,16:09:41.274000,10517,10517,10517,3
2019-03-28,16:09:41.322000,10517,10517,10517,8
2019-03-28,16:09:41.490000,10517,10517,10517,5
2019-03-28,16:09:41.793000,10517,10517,10517,1
2019-03-28,16:09:59.660000,10517,10517,10517,5
2019-03-28,16:10:01.262000,10518,10518,10518,1
2019-03-28,16:10:01.601000,10518,10518,10518,1
2019-03-28,16:10:01.896000,10518,10518,10518,2
2019-03-28,16:10:01.925000,10518,10518,10518,1
2019-03-28,16:10:02.838000,10518,10518,10518,1
2019-03-28,16:10:07.016000,10517,10517,10517,3
2019-03-28,16:10:07.254000,10517,10517,10517,1
2019-03-28,16:10:07.279000,10517,10517,10517,1
2019-03-28,16:10:11.753000,10517,10517,10517,1
2019-03-28,16:10:12.780000,10517,10517,10517,2
2019-03-28,16:10:15.390000,10517,10517,10517,1
2019-03-28,16:10:18.558000,10517,10517,10517,1
2019-03-28,16:10:20.253000,10517,10517,10517,2
2019-03-28,16:10:28.032000,10517,10517,10517,1
2019-03-28,16:10:32.512000,10517,10517,10517,1
2019-03-28,16:10:35.153000,10516,10516,10516,21
2019-03-28,16:10:35.155000,10516,10516,10516,1
2019-03-28,16:10:36.605000,10516,10516,10516,1
2019-03-28,16:10:38.254000,10516,10516,10516,1
2019-03-28,16:10:46.559000,10516,10516,10516,3
2019-03-28,16:10:51.406000,10516,10516,10516,1
2019-03-28,16:10:56.755000,10516,10516,10516,5
2019-03-28,16:11:00.206000,10516,10516,10516,2
2019-03-28,16:11:00.473000,10516,10516,10516,1
2019-03-28,16:11:12.044000,10516,10516,10516,1
2019-03-28,16:11:14.492000,10517,10517,10517,3
2019-03-28,16:11:26.467000,10517,10517,10517,4
2019-03-28,16:11:27.751000,10517,10517,10517,1
2019-03-28,16:11:37.626000,10517,10517,10517,1
2019-03-28,16:11:52.656000,10517,10517,10517,1
2019-03-28,16:11:52.828000,10517,10517,10517,6
2019-03-28,16:11:52.828000,10518,10518,10518,4
2019-03-28,16:11:55.266000,10517,10517,10517,1
2019-03-28,16:11:55.311000,10517,10517,10517,1
2019-03-28,16:11:59.384000,10517,10517,10517,1
2019-03-28,16:12:02.600000,10517,10517,10517,1
2019-03-28,16:12:16.664000,10517,10517,10517,1
2019-03-28,16:12:20.947000,10517,10517,10517,1
2019-03-28,16:12:37.592000,10517,10517,10517,7
2019-03-28,16:12:40.454000,10517,10517,10517,6
2019-03-28,16:12:44.407000,10517,10517,10517,3
2019-03-28,16:12:46.766000,10517,10517,10517,1
2019-03-28,16:12:46.766000,10517,10517,10517,1
2019-03-28,16:12:46.769000,10517,10517,10517,1
2019-03-28,16:12:47.934000,10517,10517,10517,1
2019-03-28,16:12:52.496000,10517,10517,10517,1
2019-03-28,16:12:53.247000,10517,10517,10517,1
2019-03-28,16:12:56.182000,10517,10517,10517,1
2019-03-28,16:13:01.949000,10517,10517,10517,1
2019-03-28,16:13:04.669000,10518,10518,10518,2
2019-03-28,16:13:04.670000,10518,10518,10518,4
2019-03-28,16:13:04.673000,10518,10518,10518,1
2019-03-28,16:13:04.673000,10518,10518,10518,6
2019-03-28,16:13:04.673000,10518,10518,10518,6
2019-03-28,16:13:04.673000,10518,10518,10518,1
2019-03-28,16:13:04.673000,10518,10518,10518,3
2019-03-28,16:13:04.673000,10518,10518,10518,1
2019-03-28,16:13:04.674000,10518,10518,10518,4
2019-03-28,16:13:04.766000,10518,10518,10518,5
2019-03-28,16:13:04.766000,10518,10518,10518,2
2019-03-28,16:13:07.734000,10518,10518,10518,1
2019-03-28,16:13:17.174000,10517,10517,10517,2
2019-03-28,16:13:17.803000,10517,10517,10517,4
2019-03-28,16:13:20.516000,10517,10517,10517,2
2019-03-28,16:13:24.408000,10517,10517,10517,10
2019-03-28,16:13:24.408000,10518,10518,10518,13
2019-03-28,16:13:39.301000,10517,10517,10517,1
2019-03-28,16:13:47.178000,10517,10517,10517,1
2019-03-28,16:13:48.281000,10517,10517,10517,3
2019-03-28,16:13:48.429000,10516,10516,10516,1
2019-03-28,16:14:05.118000,10517,10517,10517,1
2019-03-28,16:14:05.733000,10516,10516,10516,1
2019-03-28,16:14:26.215000,10516,10516,10516,1
2019-03-28,16:14:31.714000,10516,10516,10516,1
2019-03-28,16:14:36.826000,10516,10516,10516,1
2019-03-28,16:14:38.906000,10516,10516,10516,2
2019-03-28,16:14:48.136000,10516,10516,10516,1
2019-03-28,16:14:48.509000,10516,10516,10516,1
2019-03-28,16:14:56.262000,10516,10516,10516,1
2019-03-28,16:14:58.162000,10517,10517,10517,5
2019-03-28,16:14:58.514000,10517,10517,10517,1
2019-03-28,16:15:00.717000,10518,10518,10518,2
2019-03-28,16:15:00.956000,10518,10518,10518,2
2019-03-28,16:15:01.016000,10518,10518,10518,4
2019-03-28,16:15:01.526000,10519,10519,10519,1
2019-03-28,16:15:01.844000,10517,10517,10517,1
2019-03-28,16:15:02.994000,10519,10519,10519,2
2019-03-28,16:15:07.109000,10518,10518,10518,1
2019-03-28,16:15:07.345000,10518,10518,10518,4
2019-03-28,16:15:07.345000,10518,10518,10518,1
2019-03-28,16:15:09.483000,10517,10517,10517,1
2019-03-28,16:15:17.994000,10516,10516,10516,1
2019-03-28,16:15:19.590000,10518,10518,10518,1
2019-03-28,16:15:27.439000,10516,10516,10516,5
2019-03-28,16:15:29.023000,10518,10518,10518,1
2019-03-28,16:15:31.566000,10518,10518,10518,1
2019-03-28,16:15:39.507000,10516,10516,10516,1
2019-03-28,16:15:59.997000,10517,10517,10517,3
2019-03-28,16:16:02.190000,10516,10516,10516,1
2019-03-28,16:16:05.925000,10517,10517,10517,1
2019-03-28,16:16:06.399000,10517,10517,10517,1
2019-03-28,16:16:51.629000,10517,10517,10517,1
2019-03-28,16:16:51.630000,10517,10517,10517,2
2019-03-28,16:16:51.630000,10517,10517,10517,8
2019-03-28,16:17:05.835000,10517,10517,10517,3
2019-03-28,16:17:07.100000,10517,10517,10517,3
2019-03-28,16:17:08.167000,10517,10517,10517,3
2019-03-28,16:17:11.500000,10517,10517,10517,2
2019-03-28,16:17:11.500000,10517,10517,10517,1
2019-03-28,16:17:11.500000,10517,10517,10517,1
2019-03-28,16:17:19.805000,10517,10517,10517,2
2019-03-28,16:17:30.922000,10518,10518,10518,7
2019-03-28,16:17:38.447000,10518,10518,10518,1
2019-03-28,16:17:43.995000,10518,10518,10518,1
2019-03-28,16:17:45.348000,10518,10518,10518,2
2019-03-28,16:17:52.462000,10518,10518,10518,5
2019-03-28,16:17:55.134000,10517,10517,10517,1
2019-03-28,16:18:06.345000,10518,10518,10518,2
2019-03-28,16:18:07.789000,10518,10518,10518,1
2019-03-28,16:18:26.395000,10518,10518,10518,19
2019-03-28,16:19:17.295000,10518,10518,10518,1
2019-03-28,16:19:17.421000,10518,10518,10518,1
2019-03-28,16:19:17.422000,10518,10518,10518,3
2019-03-28,16:19:17.423000,10518,10518,10518,12
2019-03-28,16:19:17.423000,10518,10518,10518,1
2019-03-28,16:19:23.833000,10518,10518,10518,1
2019-03-28,16:19:25.925000,10518,10518,10518,1
2019-03-28,16:19:29.839000,10518,10518,10518,1
2019-03-28,16:19:36.766000,10517,10517,10517,7
2019-03-28,16:19:36.891000,10517,10517,10517,8
2019-03-28,16:19:39.479000,10518,10518,10518,1
2019-03-28,16:19:53.145000,10518,10518,10518,6
2019-03-28,16:19:53.814000,10518,10518,10518,1
2019-03-28,16:19:57.142000,10518,10518,10518,1
2019-03-28,16:20:00.006000,10518,10518,10518,1
2019-03-28,16:20:01.147000,10518,10518,10518,6
2019-03-28,16:20:01.266000,10518,10518,10518,2
2019-03-28,16:20:06.560000,10518,10518,10518,1
2019-03-28,16:20:18.346000,10518,10518,10518,1
2019-03-28,16:20:18.347000,10518,10518,10518,1
2019-03-28,16:20:34.846000,10517,10517,10517,6
2019-03-28,16:20:34.891000,10517,10517,10517,7
2019-03-28,16:20:50.999000,10517,10517,10517,5
2019-03-28,16:20:50.999000,10517,10517,10517,4
2019-03-28,16:20:51.643000,10517,10517,10517,1
2019-03-28,16:21:19.641000,10517,10517,10517,4
2019-03-28,16:21:22.891000,10516,10516,10516,6
2019-03-28,16:21:23.016000,10516,10516,10516,3
2019-03-28,16:21:23.016000,10516,10516,10516,2
2019-03-28,16:21:23.171000,10516,10516,10516,1
2019-03-28,16:21:23.171000,10516,10516,10516,18
2019-03-28,16:21:23.172000,10516,10516,10516,3
2019-03-28,16:21:23.172000,10516,10516,10516,2
2019-03-28,16:21:32.463000,10516,10516,10516,1
2019-03-28,16:21:36.902000,10515,10515,10515,1
2019-03-28,16:21:37.048000,10515,10515,10515,1
2019-03-28,16:21:37.052000,10515,10515,10515,1
2019-03-28,16:21:37.361000,10515,10515,10515,1
2019-03-28,16:21:50.235000,10515,10515,10515,1
2019-03-28,16:21:52.995000,10516,10516,10516,1
2019-03-28,16:21:59.815000,10516,10516,10516,1
2019-03-28,16:21:59.818000,10516,10516,10516,1
2019-03-28,16:21:59.818000,10516,10516,10516,1
2019-03-28,16:22:00.933000,10516,10516,10516,2
2019-03-28,16:22:02.147000,10517,10517,10517,1
2019-03-28,16:22:06.458000,10516,10516,10516,41
2019-03-28,16:22:13.292000,10516,10516,10516,1
2019-03-28,16:22:16.842000,10516,10516,10516,1
2019-03-28,16:22:23.841000,10516,10516,10516,1
2019-03-28,16:22:25.314000,10516,10516,10516,2
2019-03-28,16:22:35.504000,10516,10516,10516,1
2019-03-28,16:22:39.565000,10516,10516,10516,1
2019-03-28,16:22:41.338000,10516,10516,10516,1
2019-03-28,16:22:52.901000,10515,10515,10515,1
2019-03-28,16:22:53.074000,10515,10515,10515,6
2019-03-28,16:23:07.195000,10515,10515,10515,5
2019-03-28,16:23:19.992000,10515,10515,10515,1
2019-03-28,16:23:20.348000,10516,10516,10516,2
2019-03-28,16:23:23.046000,10516,10516,10516,1
2019-03-28,16:23:23.573000,10515,10515,10515,1
2019-03-28,16:23:53.407000,10516,10516,10516,1
2019-03-28,16:23:53.436000,10516,10516,10516,1
2019-03-28,16:23:53.504000,10516,10516,10516,1
2019-03-28,16:23:53.535000,10516,10516,10516,1
2019-03-28,16:23:53.555000,10516,10516,10516,1
2019-03-28,16:24:08.309000,10516,10516,10516,1
2019-03-28,16:24:09.803000,10516,10516,10516,1
2019-03-28,16:24:14.766000,10516,10516,10516,2
2019-03-28,16:24:14.923000,10516,10516,10516,3
2019-03-28,16:24:14.923000,10516,10516,10516,1
2019-03-28,16:24:14.925000,10516,10516,10516,1
2019-03-28,16:24:16.167000,10516,10516,10516,1
2019-03-28,16:24:32.092000,10516,10516,10516,1
2019-03-28,16:24:46.467000,10516,10516,10516,1
2019-03-28,16:25:01.583000,10517,10517,10517,1
2019-03-28,16:25:01.583000,10517,10517,10517,1
2019-03-28,16:25:04.117000,10517,10517,10517,7
2019-03-28,16:25:04.577000,10518,10518,10518,1
2019-03-28,16:25:07.699000,10518,10518,10518,1
2019-03-28,16:25:18.469000,10518,10518,10518,1
2019-03-28,16:25:26.154000,10518,10518,10518,1
2019-03-28,16:25:37.703000,10518,10518,10518,1
2019-03-28,16:26:18.590000,10517,10517,10517,1
2019-03-28,16:26:18.591000,10517,10517,10517,1
2019-03-28,16:26:21.455000,10517,10517,10517,1
2019-03-28,16:26:39.652000,10517,10517,10517,1
2019-03-28,16:26:45.956000,10517,10517,10517,3
2019-03-28,16:27:29.611000,10516,10516,10516,1
2019-03-28,16:27:29.620000,10516,10516,10516,1
2019-03-28,16:27:29.621000,10516,10516,10516,12
2019-03-28,16:27:40.030000,10516,10516,10516,1
2019-03-28,16:27:41.660000,10515,10515,10515,1
2019-03-28,16:27:43.306000,10515,10515,10515,1
2019-03-28,16:27:49.141000,10515,10515,10515,8
2019-03-28,16:27:49.303000,10515,10515,10515,1
2019-03-28,16:28:30.074000,10515,10515,10515,1
2019-03-28,16:28:32.200000,10514,10514,10514,3
2019-03-28,16:28:32.302000,10513,10513,10513,1
2019-03-28,16:28:32.393000,10514,10514,10514,3
2019-03-28,16:28:32.398000,10514,10514,10514,2
2019-03-28,16:28:35.933000,10514,10514,10514,5
2019-03-28,16:28:35.933000,10514,10514,10514,1
2019-03-28,16:28:35.933000,10514,10514,10514,2
2019-03-28,16:28:41.259000,10514,10514,10514,1
2019-03-28,16:28:49.997000,10514,10514,10514,1
2019-03-28,16:28:56.352000,10514,10514,10514,1
2019-03-28,16:28:58.135000,10514,10514,10514,4
2019-03-28,16:28:58.566000,10514,10514,10514,1
2019-03-28,16:29:22.667000,10514,10514,10514,1
2019-03-28,16:29:59.369000,10515,10515,10515,2
2019-03-28,16:30:02.669000,10515,10515,10515,1
2019-03-28,16:30:03.714000,10515,10515,10515,1
2019-03-28,16:30:10.069000,10515,10515,10515,1
2019-03-28,16:30:13.571000,10515,10515,10515,1
2019-03-28,16:30:16.358000,10516,10516,10516,1
2019-03-28,16:30:21.596000,10515,10515,10515,1
2019-03-28,16:30:23.836000,10515,10515,10515,1
2019-03-28,16:30:35.543000,10515,10515,10515,1
2019-03-28,16:30:45.840000,10514,10514,10514,1
2019-03-28,16:30:54.990000,10515,10515,10515,5
2019-03-28,16:30:55.674000,10515,10515,10515,10
2019-03-28,16:30:57.461000,10515,10515,10515,2
2019-03-28,16:31:03.350000,10515,10515,10515,3
2019-03-28,16:31:03.391000,10515,10515,10515,1
2019-03-28,16:31:04.546000,10515,10515,10515,1
2019-03-28,16:31:04.546000,10515,10515,10515,1
2019-03-28,16:31:04.575000,10515,10515,10515,1
2019-03-28,16:31:04.575000,10515,10515,10515,2
2019-03-28,16:31:04.576000,10515,10515,10515,1
2019-03-28,16:31:04.576000,10515,10515,10515,2
2019-03-28,16:31:04.576000,10515,10515,10515,2
2019-03-28,16:31:04.576000,10515,10515,10515,1
2019-03-28,16:31:04.604000,10515,10515,10515,2
2019-03-28,16:31:04.604000,10515,10515,10515,2
2019-03-28,16:31:05.562000,10514,10514,10514,1
2019-03-28,16:31:06.462000,10515,10515,10515,1
2019-03-28,16:31:31.444000,10515,10515,10515,1
2019-03-28,16:31:32.943000,10515,10515,10515,1
2019-03-28,16:31:33.927000,10515,10515,10515,1
2019-03-28,16:31:37.005000,10515,10515,10515,1
2019-03-28,16:31:54.705000,10515,10515,10515,1
2019-03-28,16:31:54.766000,10515,10515,10515,1
2019-03-28,16:32:02.288000,10515,10515,10515,1
2019-03-28,16:32:34.386000,10515,10515,10515,1
2019-03-28,16:32:39.439000,10515,10515,10515,3
2019-03-28,16:33:00.373000,10515,10515,10515,2
2019-03-28,16:33:00.373000,10515,10515,10515,1
2019-03-28,16:33:00.581000,10516,10516,10516,1
2019-03-28,16:33:06.741000,10515,10515,10515,1
2019-03-28,16:33:18.016000,10515,10515,10515,1
2019-03-28,16:33:18.016000,10515,10515,10515,2
2019-03-28,16:33:19.181000,10515,10515,10515,1
2019-03-28,16:33:22.577000,10515,10515,10515,1
2019-03-28,16:33:46.616000,10514,10514,10514,1
2019-03-28,16:33:46.620000,10514,10514,10514,15
2019-03-28,16:33:46.641000,10514,10514,10514,1
2019-03-28,16:33:46.641000,10514,10514,10514,1
2019-03-28,16:33:52.555000,10514,10514,10514,1
2019-03-28,16:34:21.391000,10515,10515,10515,1
2019-03-28,16:34:27.752000,10515,10515,10515,7
2019-03-28,16:34:50.097000,10516,10516,10516,1
2019-03-28,16:34:50.141000,10516,10516,10516,1
2019-03-28,16:34:50.142000,10516,10516,10516,10
2019-03-28,16:34:55.903000,10517,10517,10517,2
2019-03-28,16:34:55.903000,10517,10517,10517,7
2019-03-28,16:34:59.632000,10518,10518,10518,1
2019-03-28,16:34:59.721000,10518,10518,10518,1
2019-03-28,16:35:00.694000,10518,10518,10518,1
2019-03-28,16:35:01.151000,10518,10518,10518,1
2019-03-28,16:35:01.172000,10518,10518,10518,1
2019-03-28,16:35:01.611000,10518,10518,10518,1
2019-03-28,16:35:05.373000,10518,10518,10518,1
2019-03-28,16:35:05.614000,10518,10518,10518,1
2019-03-28,16:35:22.274000,10518,10518,10518,5
2019-03-28,16:35:25.843000,10518,10518,10518,18
2019-03-28,16:35:25.843000,10518,10518,10518,2
2019-03-28,16:35:25.891000,10518,10518,10518,3
2019-03-28,16:35:25.891000,10518,10518,10518,4
2019-03-28,16:35:28.998000,10518,10518,10518,10
2019-03-28,16:35:30.077000,10519,10519,10519,1
2019-03-28,16:35:30.077000,10519,10519,10519,1
2019-03-28,16:35:30.090000,10519,10519,10519,2
2019-03-28,16:35:30.092000,10519,10519,10519,4
2019-03-28,16:35:30.092000,10519,10519,10519,11
2019-03-28,16:35:30.093000,10519,10519,10519,5
2019-03-28,16:35:30.098000,10519,10519,10519,1
2019-03-28,16:35:30.099000,10519,10519,10519,2
2019-03-28,16:35:30.099000,10519,10519,10519,4
2019-03-28,16:35:30.100000,10519,10519,10519,7
2019-03-28,16:35:30.100000,10519,10519,10519,1
2019-03-28,16:35:30.101000,10519,10519,10519,3
2019-03-28,16:35:30.101000,10519,10519,10519,5
2019-03-28,16:35:30.101000,10519,10519,10519,4
2019-03-28,16:35:30.103000,10519,10519,10519,2
2019-03-28,16:35:30.104000,10519,10519,10519,1
2019-03-28,16:35:30.143000,10520,10520,10520,1
2019-03-28,16:35:30.257000,10519,10519,10519,1
2019-03-28,16:35:30.257000,10519,10519,10519,5
2019-03-28,16:35:30.257000,10519,10519,10519,4
2019-03-28,16:35:30.257000,10519,10519,10519,1
2019-03-28,16:35:30.257000,10519,10519,10519,1
2019-03-28,16:35:30.269000,10519,10519,10519,7
2019-03-28,16:35:30.335000,10520,10520,10520,1
2019-03-28,16:35:30.455000,10520,10520,10520,5
2019-03-28,16:35:30.724000,10520,10520,10520,1
2019-03-28,16:35:31.841000,10520,10520,10520,13
2019-03-28,16:35:32.196000,10519,10519,10519,1
2019-03-28,16:35:32.467000,10519,10519,10519,2
2019-03-28,16:35:33.334000,10520,10520,10520,8
2019-03-28,16:35:33.334000,10520,10520,10520,8
2019-03-28,16:35:33.334000,10520,10520,10520,7
2019-03-28,16:35:33.334000,10520,10520,10520,7
2019-03-28,16:35:33.391000,10520,10520,10520,8
2019-03-28,16:35:33.391000,10520,10520,10520,4
2019-03-28,16:35:33.392000,10520,10520,10520,3
2019-03-28,16:35:33.392000,10520,10520,10520,2
2019-03-28,16:35:33.392000,10520,10520,10520,4
2019-03-28,16:35:33.516000,10520,10520,10520,2
2019-03-28,16:35:33.516000,10520,10520,10520,2
2019-03-28,16:35:33.517000,10520,10520,10520,4
2019-03-28,16:35:33.571000,10520,10520,10520,4
2019-03-28,16:35:40.286000,10520,10520,10520,2
2019-03-28,16:35:40.321000,10520,10520,10520,2
2019-03-28,16:35:40.382000,10520,10520,10520,4
2019-03-28,16:35:40.382000,10520,10520,10520,3
2019-03-28,16:35:40.382000,10520,10520,10520,2
2019-03-28,16:35:40.644000,10520,10520,10520,4
2019-03-28,16:35:41.598000,10521,10521,10521,1
2019-03-28,16:35:41.682000,10521,10521,10521,1
2019-03-28,16:35:41.760000,10521,10521,10521,1
2019-03-28,16:35:42.607000,10521,10521,10521,1
2019-03-28,16:35:42.862000,10521,10521,10521,1
2019-03-28,16:35:43.710000,10520,10520,10520,1
2019-03-28,16:35:45.214000,10520,10520,10520,1
2019-03-28,16:35:47.340000,10521,10521,10521,45
2019-03-28,16:35:47.394000,10521,10521,10521,5
2019-03-28,16:35:53.374000,10522,10522,10522,1
2019-03-28,16:35:53.456000,10521,10521,10521,1
2019-03-28,16:35:54.791000,10522,10522,10522,4
2019-03-28,16:35:55.479000,10522,10522,10522,1
2019-03-28,16:35:55.734000,10522,10522,10522,3
2019-03-28,16:36:01.770000,10522,10522,10522,40
2019-03-28,16:36:01.891000,10522,10522,10522,2
2019-03-28,16:36:01.892000,10522,10522,10522,2
2019-03-28,16:36:01.892000,10522,10522,10522,1
2019-03-28,16:36:02.392000,10522,10522,10522,1
2019-03-28,16:36:04.145000,10522,10522,10522,2
2019-03-28,16:36:04.475000,10523,10523,10523,1
2019-03-28,16:36:04.544000,10523,10523,10523,1
2019-03-28,16:36:04.568000,10523,10523,10523,2
2019-03-28,16:36:04.583000,10522,10522,10522,1
2019-03-28,16:36:04.584000,10523,10523,10523,2
2019-03-28,16:36:04.619000,10523,10523,10523,2
2019-03-28,16:36:04.621000,10523,10523,10523,2
2019-03-28,16:36:04.638000,10523,10523,10523,1
2019-03-28,16:36:04.639000,10523,10523,10523,1
2019-03-28,16:36:04.652000,10523,10523,10523,1
2019-03-28,16:36:04.689000,10523,10523,10523,1
2019-03-28,16:36:04.729000,10523,10523,10523,1
2019-03-28,16:36:04.731000,10523,10523,10523,1
2019-03-28,16:36:04.741000,10523,10523,10523,1
2019-03-28,16:36:04.745000,10523,10523,10523,1
