2021-10-18 15:00:00.092,16696,16699,16699,65,65
2021-10-18 15:00:00.093,16699,16700,16700,12,12
2021-10-18 15:00:00.160,16700,16705,16701,1,1
2021-10-18 15:00:00.160,16700,16705,16700,1,-1
2021-10-18 15:00:00.160,16700,16705,16699,1,-1
2021-10-18 15:00:00.260,16700,16705,16699,1,-1
2021-10-18 15:00:00.263,16699,16700,16699,1,-1
2021-10-18 15:00:00.265,16699,16700,16699,1,-1
2021-10-18 15:00:00.279,16699,16700,16699,1,-1
2021-10-18 15:00:00.307,16699,16700,16699,1,-1
2021-10-18 15:00:00.307,16699,16700,16699,1,-1
2021-10-18 15:00:00.341,16699,16700,16699,1,-1
2021-10-18 15:00:00.343,16699,16700,16699,4,-4
2021-10-18 15:00:00.364,16699,16700,16699,2,-2
2021-10-18 15:00:00.388,16699,16700,16699,1,-1
2021-10-18 15:00:00.388,16699,16700,16698,7,-7
2021-10-18 15:00:00.431,16699,16700,16698,1,-1
2021-10-18 15:00:00.449,16699,16700,16698,1,-1
2021-10-18 15:00:00.449,16699,16700,16697,1,-1
2021-10-18 15:00:00.477,16699,16700,16698,1,1
2021-10-18 15:00:00.499,16699,16700,16699,1,1
2021-10-18 15:00:00.501,16699,16700,16699,2,-2
2021-10-18 15:00:00.501,16699,16700,16699,2,-2
2021-10-18 15:00:00.503,16699,16700,16698,2,-2
2021-10-18 15:00:00.528,16696,16700,16700,1,1
2021-10-18 15:00:00.539,16696,16700,16700,1,1
2021-10-18 15:00:00.539,16696,16700,16701,1,1
2021-10-18 15:00:00.539,16696,16700,16702,2,2
2021-10-18 15:00:00.539,16696,16700,16705,1,1
2021-10-18 15:00:00.539,16696,16700,16706,1,1
2021-10-18 15:00:00.546,16696,16700,16698,1,-1
2021-10-18 15:00:00.546,16696,16700,16696,1,-1
2021-10-18 15:00:00.548,16696,16700,16696,2,-2
2021-10-18 15:00:00.553,16696,16700,16695,1,-1
2021-10-18 15:00:00.556,16696,16700,16706,1,1
2021-10-18 15:00:00.566,16696,16700,16695,2,-2
2021-10-18 15:00:00.567,16696,16700,16695,1,-1
2021-10-18 15:00:00.568,16696,16700,16695,2,-2
2021-10-18 15:00:00.577,16696,16700,16694,1,-1
2021-10-18 15:00:00.582,16696,16700,16693,1,-1
2021-10-18 15:00:00.586,16696,16700,16693,1,-1
2021-10-18 15:00:00.602,16696,16700,16706,1,1
2021-10-18 15:00:00.619,16696,16700,16693,2,-2
2021-10-18 15:00:00.623,16696,16700,16693,2,-2
2021-10-18 15:00:00.649,16692,16707,16692,2,-2
2021-10-18 15:00:00.663,16692,16707,16692,2,-2
2021-10-18 15:00:00.663,16692,16707,16692,2,-2
2021-10-18 15:00:00.677,16692,16707,16698,1,1
2021-10-18 15:00:00.677,16692,16707,16692,1,-1
2021-10-18 15:00:00.688,16692,16707,16693,1,1
2021-10-18 15:00:00.690,16692,16707,16693,2,-2
2021-10-18 15:00:00.691,16692,16707,16707,1,1
2021-10-18 15:00:00.704,16692,16707,16693,1,-1
2021-10-18 15:00:00.704,16692,16707,16692,1,-1
2021-10-18 15:00:00.710,16692,16707,16701,1,1
2021-10-18 15:00:00.713,16692,16707,16697,1,-1
2021-10-18 15:00:00.713,16692,16707,16696,1,-1
2021-10-18 15:00:00.713,16692,16707,16695,1,-1
2021-10-18 15:00:00.728,16692,16707,16692,1,-1
2021-10-18 15:00:00.728,16692,16707,16691,1,-1
2021-10-18 15:00:00.775,16691,16697,16691,1,-1
2021-10-18 15:00:00.803,16691,16697,16691,2,-2
2021-10-18 15:00:00.816,16691,16697,16691,3,-3
2021-10-18 15:00:00.818,16691,16697,16697,1,1
2021-10-18 15:00:00.843,16691,16697,16697,1,1
2021-10-18 15:00:00.844,16691,16697,16691,1,-1
2021-10-18 15:00:00.858,16691,16697,16691,3,-3
2021-10-18 15:00:00.878,16691,16697,16697,1,1
2021-10-18 15:00:00.881,16691,16697,16698,1,1
2021-10-18 15:00:00.881,16691,16697,16699,1,1
2021-10-18 15:00:00.892,16694,16700,16694,1,-1
2021-10-18 15:00:00.892,16694,16700,16700,1,1
2021-10-18 15:00:00.892,16694,16700,16701,1,1
2021-10-18 15:00:00.892,16694,16700,16702,1,1
2021-10-18 15:00:00.893,16694,16700,16692,1,-1
2021-10-18 15:00:00.900,16694,16700,16699,1,1
2021-10-18 15:00:00.920,16694,16700,16703,1,1
2021-10-18 15:00:00.929,16694,16700,16695,1,-1
2021-10-18 15:00:00.953,16694,16700,16691,4,-4
2021-10-18 15:00:00.953,16694,16700,16690,2,-2
2021-10-18 15:00:01.021,16691,16696,16691,1,1
2021-10-18 15:00:01.071,16691,16696,16691,1,-1
2021-10-18 15:00:01.115,16691,16696,16691,3,-3
2021-10-18 15:00:01.115,16691,16696,16690,4,-4
2021-10-18 15:00:01.141,16691,16695,16691,1,1
2021-10-18 15:00:01.141,16691,16695,16690,1,-1
2021-10-18 15:00:01.142,16691,16695,16690,1,-1
2021-10-18 15:00:01.184,16691,16695,16695,1,1
2021-10-18 15:00:01.184,16691,16695,16696,1,1
2021-10-18 15:00:01.322,16691,16694,16691,1,-1
2021-10-18 15:00:01.405,16690,16694,16693,1,1
2021-10-18 15:00:01.510,16690,16694,16691,1,-1
2021-10-18 15:00:01.513,16690,16694,16694,1,1
2021-10-18 15:00:01.514,16691,16694,16694,2,2
2021-10-18 15:00:01.514,16691,16694,16694,1,1
2021-10-18 15:00:01.598,16691,16694,16692,1,-1
2021-10-18 15:00:01.752,16691,16695,16695,2,2
2021-10-18 15:00:01.758,16691,16695,16692,1,-1
2021-10-18 15:00:01.762,16691,16695,16691,1,-1
2021-10-18 15:00:01.838,16691,16696,16693,1,1
2021-10-18 15:00:01.921,16691,16695,16691,1,-1
2021-10-18 15:00:02.072,16693,16696,16693,1,1
2021-10-18 15:00:02.182,16693,16695,16693,1,-1
2021-10-18 15:00:02.277,16692,16695,16692,1,-1
2021-10-18 15:00:02.704,16691,16695,16695,1,1
2021-10-18 15:00:03.214,16691,16696,16692,1,-1
2021-10-18 15:00:03.214,16691,16696,16696,3,3
2021-10-18 15:00:03.355,16694,16697,16697,2,2
2021-10-18 15:00:03.389,16694,16697,16697,1,1
2021-10-18 15:00:03.389,16694,16697,16697,6,6
2021-10-18 15:00:03.476,16694,16697,16698,2,2
2021-10-18 15:00:03.535,16695,16699,16699,1,1
2021-10-18 15:00:03.601,16695,16699,16695,1,-1
2021-10-18 15:00:03.601,16695,16699,16694,1,-1
2021-10-18 15:00:03.717,16694,16699,16694,1,-1
2021-10-18 15:00:03.742,16694,16699,16699,2,2
2021-10-18 15:00:03.814,16694,16699,16699,1,1
2021-10-18 15:00:03.919,16694,16700,16699,1,-1
2021-10-18 15:00:03.919,16694,16700,16700,1,1
2021-10-18 15:00:04.091,16694,16700,16700,2,2
2021-10-18 15:00:04.190,16695,16701,16695,1,-1
2021-10-18 15:00:04.190,16695,16701,16694,2,-2
2021-10-18 15:00:04.190,16695,16701,16693,5,-5
2021-10-18 15:00:04.190,16695,16701,16692,2,-2
2021-10-18 15:00:04.216,16695,16701,16699,2,2
2021-10-18 15:00:04.249,16695,16701,16702,1,1
2021-10-18 15:00:04.249,16695,16701,16703,1,1
2021-10-18 15:00:04.323,16698,16704,16704,1,1
2021-10-18 15:00:04.397,16699,16705,16705,2,2
2021-10-18 15:00:04.551,16702,16705,16705,2,2
2021-10-18 15:00:04.636,16702,16705,16702,1,-1
2021-10-18 15:00:05.128,16702,16706,16706,1,1
2021-10-18 15:00:06.743,16702,16705,16705,2,2
2021-10-18 15:00:06.871,16702,16706,16706,2,2
2021-10-18 15:00:07.029,16703,16706,16706,2,2
2021-10-18 15:00:07.142,16703,16707,16703,1,-1
2021-10-18 15:00:07.179,16703,16707,16705,1,1
2021-10-18 15:00:07.179,16703,16707,16706,1,1
2021-10-18 15:00:07.199,16703,16707,16703,1,-1
2021-10-18 15:00:07.199,16703,16707,16702,2,-2
2021-10-18 15:00:07.553,16703,16705,16705,1,1
2021-10-18 15:00:08.082,16702,16704,16702,2,-2
2021-10-18 15:00:08.086,16702,16704,16702,2,-2
2021-10-18 15:00:09.184,16700,16703,16701,1,-1
2021-10-18 15:00:09.399,16700,16703,16703,3,3
2021-10-18 15:00:09.401,16700,16703,16703,1,1
2021-10-18 15:00:09.717,16701,16705,16704,1,1
2021-10-18 15:00:09.718,16701,16705,16704,2,-2
2021-10-18 15:00:09.773,16702,16704,16704,1,1
2021-10-18 15:00:09.837,16702,16704,16704,1,1
2021-10-18 15:00:09.838,16702,16704,16703,1,-1
2021-10-18 15:00:09.873,16702,16704,16703,1,-1
2021-10-18 15:00:09.902,16701,16704,16703,1,-1
2021-10-18 15:00:09.940,16701,16704,16703,1,-1
2021-10-18 15:00:09.982,16701,16704,16703,1,-1
2021-10-18 15:00:10.354,16702,16704,16704,1,1
2021-10-18 15:00:10.394,16703,16706,16706,2,2
2021-10-18 15:00:10.620,16704,16705,16704,1,-1
2021-10-18 15:00:10.623,16704,16705,16704,1,-1
2021-10-18 15:00:10.829,16702,16704,16705,1,1
2021-10-18 15:00:10.829,16702,16704,16706,1,1
2021-10-18 15:00:10.955,16703,16705,16705,1,1
2021-10-18 15:00:10.955,16703,16705,16706,1,1
2021-10-18 15:00:12.154,16702,16706,16702,2,-2
2021-10-18 15:00:12.508,16701,16703,16702,1,-1
2021-10-18 15:00:12.938,16701,16704,16704,1,1
2021-10-18 15:00:13.496,16701,16704,16701,3,-3
2021-10-18 15:00:13.496,16701,16704,16700,1,-1
2021-10-18 15:00:14.435,16700,16702,16700,10,-10
2021-10-18 15:00:14.556,16700,16701,16701,1,1
2021-10-18 15:00:14.718,16700,16701,16701,1,1
2021-10-18 15:00:15.230,16701,16702,16701,1,-1
2021-10-18 15:00:15.231,16701,16702,16701,1,-1
2021-10-18 15:00:15.231,16701,16702,16701,2,-2
2021-10-18 15:00:15.997,16700,16703,16703,1,1
2021-10-18 15:00:16.044,16703,16704,16704,1,1
2021-10-18 15:00:16.271,16703,16704,16704,1,1
2021-10-18 15:00:17.493,16703,16704,16704,2,2
2021-10-18 15:00:17.517,16704,16705,16704,1,-1
2021-10-18 15:00:17.517,16704,16705,16704,1,-1
2021-10-18 15:00:17.517,16704,16705,16704,1,-1
2021-10-18 15:00:18.507,16703,16705,16704,1,-1
2021-10-18 15:00:19.092,16704,16705,16704,2,-2
2021-10-18 15:00:19.871,16703,16705,16705,1,1
2021-10-18 15:00:20.402,16703,16705,16703,1,-1
2021-10-18 15:00:20.985,16704,16705,16704,5,5
2021-10-18 15:00:20.985,16704,16705,16703,1,-1
2021-10-18 15:00:21.381,16704,16705,16705,1,1
2021-10-18 15:00:21.505,16704,16705,16704,2,-2
2021-10-18 15:00:22.162,16703,16704,16704,1,1
2021-10-18 15:00:22.377,16704,16705,16704,1,-1
2021-10-18 15:00:22.471,16703,16705,16705,2,2
2021-10-18 15:00:22.696,16703,16705,16705,1,1
2021-10-18 15:00:22.906,16704,16705,16705,1,1
2021-10-18 15:00:23.395,16704,16705,16705,1,1
2021-10-18 15:00:23.395,16704,16705,16706,1,1
2021-10-18 15:00:23.650,16704,16705,16705,1,1
2021-10-18 15:00:23.698,16704,16705,16704,1,-1
2021-10-18 15:00:23.943,16704,16706,16704,1,-1
2021-10-18 15:00:24.340,16703,16706,16706,1,1
2021-10-18 15:00:24.682,16703,16705,16703,2,-2
2021-10-18 15:00:25.411,16704,16705,16705,1,1
2021-10-18 15:00:25.411,16704,16705,16705,2,2
2021-10-18 15:00:25.537,16704,16706,16704,1,-1
2021-10-18 15:00:27.468,16703,16705,16705,1,1
2021-10-18 15:00:28.012,16704,16706,16704,1,-1
2021-10-18 15:00:28.016,16704,16705,16704,1,-1
2021-10-18 15:00:28.016,16704,16705,16703,1,-1
2021-10-18 15:00:28.016,16704,16705,16703,1,-1
2021-10-18 15:00:28.167,16703,16705,16705,2,2
2021-10-18 15:00:28.167,16703,16705,16706,3,3
2021-10-18 15:00:28.190,16703,16705,16706,1,1
2021-10-18 15:00:28.236,16703,16705,16706,1,1
2021-10-18 15:00:28.510,16704,16706,16704,1,-1
2021-10-18 15:00:28.761,16704,16705,16704,1,-1
2021-10-18 15:00:29.201,16703,16704,16703,1,-1
2021-10-18 15:00:29.474,16703,16704,16704,1,1
2021-10-18 15:00:29.645,16704,16705,16704,1,-1
2021-10-18 15:00:30.000,16703,16705,16703,7,-7
2021-10-18 15:00:30.001,16703,16705,16702,5,-5
2021-10-18 15:00:30.329,16701,16703,16702,1,-1
2021-10-18 15:00:31.193,16701,16703,16703,1,1
2021-10-18 15:00:31.327,16702,16703,16702,1,-1
2021-10-18 15:00:32.919,16701,16702,16701,1,-1
2021-10-18 15:00:34.775,16701,16702,16701,1,-1
2021-10-18 15:00:34.802,16701,16702,16701,1,-1
2021-10-18 15:00:34.802,16701,16702,16701,4,-4
2021-10-18 15:00:35.010,16700,16702,16702,1,1
2021-10-18 15:00:36.080,16701,16702,16702,1,1
2021-10-18 15:00:36.194,16701,16703,16701,2,-2
2021-10-18 15:00:36.237,16701,16703,16700,1,-1
2021-10-18 15:00:36.251,16701,16703,16703,4,4
2021-10-18 15:00:36.252,16701,16703,16703,3,3
2021-10-18 15:00:36.252,16701,16703,16703,1,1
2021-10-18 15:00:36.252,16701,16703,16703,12,12
2021-10-18 15:00:36.254,16701,16703,16703,1,1
2021-10-18 15:00:36.846,16702,16704,16702,1,-1
2021-10-18 15:00:38.067,16702,16703,16703,2,2
2021-10-18 15:00:38.141,16702,16703,16702,1,-1
2021-10-18 15:00:38.226,16702,16703,16702,4,-4
2021-10-18 15:00:39.465,16702,16703,16702,1,-1
2021-10-18 15:00:42.633,16700,16702,16702,1,1
2021-10-18 15:00:43.603,16700,16703,16700,10,-10
2021-10-18 15:00:43.733,16700,16702,16700,2,-2
2021-10-18 15:00:43.733,16700,16702,16699,2,-2
2021-10-18 15:00:44.067,16699,16701,16699,1,-1
2021-10-18 15:00:44.358,16700,16701,16701,1,1
2021-10-18 15:00:44.384,16700,16701,16702,3,3
2021-10-18 15:00:48.843,16700,16701,16701,1,1
2021-10-18 15:00:49.065,16701,16702,16701,1,-1
2021-10-18 15:00:49.996,16700,16702,16702,1,1
2021-10-18 15:00:50.304,16700,16702,16700,1,-1
2021-10-18 15:00:51.316,16700,16701,16701,1,1
2021-10-18 15:00:54.370,16701,16702,16702,1,1
2021-10-18 15:00:56.240,16701,16702,16701,1,-1
2021-10-18 15:00:56.264,16701,16702,16702,1,1
2021-10-18 15:00:56.582,16701,16702,16702,2,2
2021-10-18 15:00:56.583,16701,16702,16702,1,1
2021-10-18 15:00:56.583,16701,16702,16702,15,15
2021-10-18 15:00:56.764,16701,16702,16702,7,7
2021-10-18 15:00:56.766,16701,16702,16702,1,1
2021-10-18 15:00:56.766,16701,16702,16701,1,-1
2021-10-18 15:00:56.907,16702,16703,16702,1,1
2021-10-18 15:00:57.425,16702,16703,16702,1,-1
2021-10-18 15:00:57.519,16701,16703,16701,1,-1
2021-10-18 15:00:57.841,16702,16703,16703,3,3
2021-10-18 15:00:57.850,16702,16703,16702,1,-1
2021-10-18 15:00:57.890,16702,16703,16702,1,-1
2021-10-18 15:00:57.928,16702,16703,16702,1,-1
2021-10-18 15:00:57.969,16702,16703,16702,1,-1
2021-10-18 15:00:59.083,16701,16702,16701,1,-1
2021-10-18 15:00:59.869,16701,16702,16701,2,-2
2021-10-18 15:00:59.879,16701,16702,16702,1,1
2021-10-18 15:01:00.000,16701,16703,16701,1,-1
2021-10-18 15:01:00.007,16701,16703,16701,2,-2
2021-10-18 15:01:00.056,16701,16703,16701,1,-1
2021-10-18 15:01:00.062,16701,16703,16701,2,-2
2021-10-18 15:01:00.062,16701,16703,16700,2,-2
2021-10-18 15:01:00.070,16701,16703,16700,1,-1
2021-10-18 15:01:00.117,16701,16703,16700,1,-1
2021-10-18 15:01:00.117,16701,16703,16700,1,-1
2021-10-18 15:01:00.204,16700,16702,16700,1,-1
2021-10-18 15:01:00.239,16700,16702,16702,1,1
2021-10-18 15:01:00.256,16700,16702,16700,1,-1
2021-10-18 15:01:00.484,16700,16702,16702,2,2
2021-10-18 15:01:00.484,16700,16702,16703,3,3
2021-10-18 15:01:01.271,16701,16703,16703,1,1
2021-10-18 15:01:01.391,16701,16703,16701,1,-1
2021-10-18 15:01:01.391,16701,16703,16701,1,-1
2021-10-18 15:01:01.391,16701,16703,16701,1,-1
2021-10-18 15:01:01.394,16701,16703,16701,1,-1
2021-10-18 15:01:01.421,16701,16703,16701,1,-1
2021-10-18 15:01:01.646,16700,16702,16702,2,2
2021-10-18 15:01:01.646,16700,16702,16703,3,3
2021-10-18 15:01:01.918,16701,16702,16702,1,1
2021-10-18 15:01:02.781,16701,16703,16702,1,-1
2021-10-18 15:01:04.129,16702,16703,16702,1,-1
2021-10-18 15:01:04.129,16702,16703,16703,2,2
2021-10-18 15:01:04.365,16702,16703,16703,1,1
2021-10-18 15:01:04.365,16702,16703,16703,1,1
2021-10-18 15:01:04.365,16702,16703,16703,1,1
2021-10-18 15:01:04.366,16702,16703,16703,1,1
2021-10-18 15:01:04.366,16702,16703,16703,9,9
2021-10-18 15:01:04.967,16703,16704,16703,2,-2
2021-10-18 15:01:04.967,16703,16704,16702,5,-5
2021-10-18 15:01:04.967,16703,16704,16701,3,-3
2021-10-18 15:01:05.175,16702,16704,16702,1,1
2021-10-18 15:01:05.175,16702,16704,16702,2,-2
2021-10-18 15:01:07.965,16702,16703,16702,1,-1
2021-10-18 15:01:08.489,16701,16704,16701,1,-1
2021-10-18 15:01:08.516,16701,16704,16701,2,-2
2021-10-18 15:01:08.516,16701,16704,16701,1,-1
2021-10-18 15:01:08.516,16701,16704,16701,1,-1
2021-10-18 15:01:08.516,16701,16704,16701,1,-1
2021-10-18 15:01:08.516,16701,16704,16701,2,-2
2021-10-18 15:01:08.516,16701,16704,16701,1,-1
2021-10-18 15:01:08.517,16701,16704,16701,1,-1
2021-10-18 15:01:08.517,16701,16704,16701,1,-1
2021-10-18 15:01:08.517,16701,16704,16701,1,-1
2021-10-18 15:01:08.732,16701,16702,16702,1,1
2021-10-18 15:01:10.273,16702,16704,16702,1,-1
2021-10-18 15:01:11.530,16701,16703,16701,1,-1
2021-10-18 15:01:12.257,16701,16702,16702,1,1
2021-10-18 15:01:15.062,16701,16702,16702,1,1
2021-10-18 15:01:15.231,16701,16702,16702,1,1
2021-10-18 15:01:17.553,16701,16702,16701,1,-1
2021-10-18 15:01:18.591,16701,16702,16701,1,-1
2021-10-18 15:01:18.591,16701,16702,16701,2,-2
2021-10-18 15:01:18.591,16701,16702,16701,2,-2
2021-10-18 15:01:18.595,16701,16702,16700,2,-2
2021-10-18 15:01:18.639,16699,16700,16699,2,-2
2021-10-18 15:01:18.639,16699,16700,16699,1,-1
2021-10-18 15:01:18.641,16699,16700,16698,1,-1
2021-10-18 15:01:18.641,16699,16700,16698,1,-1
2021-10-18 15:01:18.641,16699,16700,16698,1,-1
2021-10-18 15:01:18.641,16699,16700,16698,1,-1
2021-10-18 15:01:18.641,16699,16700,16698,1,-1
2021-10-18 15:01:18.641,16699,16700,16698,1,-1
2021-10-18 15:01:18.641,16699,16700,16698,8,-8
2021-10-18 15:01:18.641,16699,16700,16697,1,-1
2021-10-18 15:01:18.641,16699,16700,16697,1,-1
2021-10-18 15:01:18.641,16699,16700,16697,1,-1
2021-10-18 15:01:18.641,16699,16700,16697,1,-1
2021-10-18 15:01:18.642,16699,16700,16696,1,-1
2021-10-18 15:01:18.642,16699,16700,16696,1,-1
2021-10-18 15:01:18.642,16699,16700,16696,1,-1
2021-10-18 15:01:18.643,16699,16700,16696,1,-1
2021-10-18 15:01:18.643,16699,16700,16695,1,-1
2021-10-18 15:01:18.643,16699,16700,16695,1,-1
2021-10-18 15:01:18.643,16699,16700,16695,1,-1
2021-10-18 15:01:18.643,16699,16700,16695,1,-1
2021-10-18 15:01:18.644,16699,16700,16694,1,-1
2021-10-18 15:01:18.874,16693,16695,16695,1,1
2021-10-18 15:01:18.977,16694,16696,16694,1,-1
2021-10-18 15:01:19.296,16695,16696,16695,1,1
2021-10-18 15:01:19.296,16695,16696,16695,1,-1
2021-10-18 15:01:19.974,16694,16696,16693,1,-1
2021-10-18 15:01:20.300,16693,16694,16693,1,-1
2021-10-18 15:01:21.630,16693,16694,16694,1,1
2021-10-18 15:01:21.742,16693,16694,16694,1,1
2021-10-18 15:01:22.617,16693,16694,16694,2,2
2021-10-18 15:01:22.914,16693,16694,16693,1,-1
2021-10-18 15:01:23.384,16693,16694,16693,3,-3
2021-10-18 15:01:23.384,16693,16694,16692,2,-2
2021-10-18 15:01:25.349,16693,16694,16693,1,1
2021-10-18 15:01:25.569,16693,16694,16693,1,-1
2021-10-18 15:01:26.788,16693,16694,16694,1,1
2021-10-18 15:01:27.255,16693,16694,16694,1,1
2021-10-18 15:01:27.265,16693,16695,16693,1,-1
2021-10-18 15:01:27.265,16693,16695,16693,1,-1
2021-10-18 15:01:27.265,16693,16695,16693,1,-1
2021-10-18 15:01:27.266,16693,16695,16693,1,-1
2021-10-18 15:01:27.266,16693,16695,16693,1,-1
2021-10-18 15:01:27.266,16693,16695,16692,1,-1
2021-10-18 15:01:27.266,16693,16695,16692,1,-1
2021-10-18 15:01:27.266,16693,16695,16692,1,-1
2021-10-18 15:01:27.267,16693,16695,16692,1,-1
2021-10-18 15:01:27.267,16693,16695,16692,1,-1
2021-10-18 15:01:27.267,16693,16695,16692,1,-1
2021-10-18 15:01:27.267,16693,16695,16692,1,-1
2021-10-18 15:01:27.541,16693,16695,16693,1,1
2021-10-18 15:01:28.603,16692,16694,16694,1,1
2021-10-18 15:01:29.629,16693,16694,16694,1,1
2021-10-18 15:01:29.752,16694,16696,16694,1,-1
2021-10-18 15:01:29.801,16694,16696,16694,2,-2
2021-10-18 15:01:31.010,16695,16696,16695,1,1
2021-10-18 15:01:31.365,16693,16694,16694,1,1
2021-10-18 15:01:31.593,16693,16694,16693,4,-4
2021-10-18 15:01:31.776,16691,16693,16693,2,2
2021-10-18 15:01:31.776,16691,16693,16694,1,1
2021-10-18 15:01:31.781,16691,16693,16692,1,-1
2021-10-18 15:01:31.781,16691,16693,16691,1,-1
2021-10-18 15:01:32.066,16691,16693,16693,1,1
2021-10-18 15:01:32.132,16691,16693,16691,5,-5
2021-10-18 15:01:32.835,16690,16691,16690,4,-4
2021-10-18 15:01:33.337,16690,16691,16690,1,-1
2021-10-18 15:01:33.354,16690,16691,16690,16,-16
2021-10-18 15:01:33.355,16690,16691,16690,3,-3
2021-10-18 15:01:33.355,16690,16691,16690,2,-2
2021-10-18 15:01:33.355,16690,16691,16690,1,-1
2021-10-18 15:01:33.355,16690,16691,16690,1,-1
2021-10-18 15:01:33.355,16690,16691,16690,1,-1
2021-10-18 15:01:33.627,16690,16691,16690,2,-2
2021-10-18 15:01:33.996,16690,16691,16691,2,2
2021-10-18 15:01:34.122,16690,16691,16691,1,1
2021-10-18 15:01:34.247,16690,16691,16690,12,-12
2021-10-18 15:01:35.920,16688,16689,16688,2,-2
2021-10-18 15:01:36.014,16688,16689,16688,1,-1
2021-10-18 15:01:36.077,16688,16689,16688,1,-1
2021-10-18 15:01:36.084,16688,16689,16688,1,-1
2021-10-18 15:01:36.127,16688,16689,16688,1,-1
2021-10-18 15:01:36.147,16688,16689,16688,4,-4
2021-10-18 15:01:36.148,16688,16689,16688,4,-4
2021-10-18 15:01:36.496,16687,16688,16687,3,-3
2021-10-18 15:01:36.529,16686,16687,16686,3,-3
2021-10-18 15:01:36.704,16686,16687,16687,1,1
2021-10-18 15:01:36.879,16686,16687,16686,1,-1
2021-10-18 15:01:36.879,16686,16687,16686,4,-4
2021-10-18 15:01:36.891,16685,16687,16685,2,-2
2021-10-18 15:01:37.172,16685,16686,16685,1,-1
2021-10-18 15:01:37.192,16685,16686,16685,1,-1
2021-10-18 15:01:37.192,16685,16686,16685,1,-1
2021-10-18 15:01:37.193,16685,16686,16684,1,-1
2021-10-18 15:01:37.193,16685,16686,16684,1,-1
2021-10-18 15:01:37.196,16685,16686,16684,1,-1
2021-10-18 15:01:37.201,16685,16686,16684,1,-1
2021-10-18 15:01:37.247,16685,16686,16683,1,-1
2021-10-18 15:01:37.248,16685,16686,16683,1,-1
2021-10-18 15:01:37.254,16685,16686,16683,1,-1
2021-10-18 15:01:37.266,16683,16684,16683,1,-1
2021-10-18 15:01:37.266,16683,16684,16683,1,-1
2021-10-18 15:01:37.267,16683,16684,16683,1,-1
2021-10-18 15:01:37.267,16683,16684,16683,1,-1
2021-10-18 15:01:37.268,16683,16684,16682,1,-1
2021-10-18 15:01:37.354,16683,16684,16682,2,-2
2021-10-18 15:01:37.375,16683,16684,16682,1,-1
2021-10-18 15:01:37.375,16683,16684,16681,1,-1
2021-10-18 15:01:37.376,16683,16684,16683,1,1
2021-10-18 15:01:37.418,16682,16684,16682,2,-2
2021-10-18 15:01:37.474,16682,16684,16682,1,-1
2021-10-18 15:01:37.484,16682,16684,16681,1,-1
2021-10-18 15:01:37.495,16682,16684,16681,2,-2
2021-10-18 15:01:37.511,16682,16684,16681,5,-5
2021-10-18 15:01:37.516,16681,16683,16681,1,-1
2021-10-18 15:01:37.543,16681,16683,16681,3,-3
2021-10-18 15:01:37.544,16681,16683,16680,13,-13
2021-10-18 15:01:37.547,16681,16683,16680,1,-1
2021-10-18 15:01:37.548,16681,16683,16680,8,-8
2021-10-18 15:01:37.548,16681,16683,16680,1,-1
2021-10-18 15:01:37.549,16681,16683,16680,1,-1
2021-10-18 15:01:37.549,16681,16683,16680,1,-1
2021-10-18 15:01:37.549,16681,16683,16679,1,-1
2021-10-18 15:01:37.550,16681,16683,16679,1,-1
2021-10-18 15:01:37.550,16681,16683,16679,2,-2
2021-10-18 15:01:37.550,16681,16683,16679,2,-2
2021-10-18 15:01:37.550,16681,16683,16679,1,-1
2021-10-18 15:01:37.550,16681,16683,16679,1,-1
2021-10-18 15:01:37.551,16681,16683,16678,1,-1
2021-10-18 15:01:37.553,16681,16683,16679,2,2
2021-10-18 15:01:37.575,16681,16683,16680,1,1
2021-10-18 15:01:37.583,16681,16683,16678,2,-2
2021-10-18 15:01:37.645,16678,16680,16680,2,2
2021-10-18 15:01:37.645,16678,16680,16681,1,1
2021-10-18 15:01:37.681,16678,16680,16680,1,1
2021-10-18 15:01:37.693,16678,16680,16679,2,-2
2021-10-18 15:01:37.693,16678,16680,16678,3,-3
2021-10-18 15:01:37.731,16678,16680,16678,1,-1
2021-10-18 15:01:37.733,16678,16680,16678,2,-2
2021-10-18 15:01:37.741,16678,16680,16678,1,-1
2021-10-18 15:01:37.764,16678,16680,16680,1,1
2021-10-18 15:01:37.802,16678,16680,16681,2,2
2021-10-18 15:01:37.803,16678,16680,16682,1,1
2021-10-18 15:01:37.803,16678,16680,16682,2,2
2021-10-18 15:01:37.805,16678,16680,16680,1,1
2021-10-18 15:01:37.813,16678,16680,16683,1,1
2021-10-18 15:01:37.923,16680,16683,16683,1,1
2021-10-18 15:01:37.950,16680,16683,16682,1,-1
2021-10-18 15:01:38.037,16682,16684,16682,3,-3
2021-10-18 15:01:39.716,16682,16684,16684,2,2
2021-10-18 15:01:39.947,16684,16686,16684,1,-1
2021-10-18 15:01:40.690,16683,16686,16686,1,1
2021-10-18 15:01:41.737,16684,16686,16687,4,4
2021-10-18 15:01:41.737,16684,16686,16688,1,1
2021-10-18 15:01:41.982,16686,16689,16686,2,-2
2021-10-18 15:01:42.573,16687,16689,16687,1,1
2021-10-18 15:01:42.965,16687,16689,16687,2,-2
2021-10-18 15:01:42.965,16687,16689,16686,3,-3
2021-10-18 15:01:44.872,16687,16689,16687,1,1
2021-10-18 15:01:45.104,16687,16689,16687,1,-1
2021-10-18 15:01:45.104,16687,16689,16686,6,-6
2021-10-18 15:01:45.105,16687,16689,16686,1,-1
2021-10-18 15:01:45.110,16687,16689,16686,1,-1
2021-10-18 15:01:45.470,16684,16686,16684,1,-1
2021-10-18 15:01:45.561,16684,16685,16685,1,1
2021-10-18 15:01:45.619,16684,16685,16684,1,-1
2021-10-18 15:01:45.638,16684,16685,16685,2,2
2021-10-18 15:01:45.739,16684,16685,16684,1,-1
2021-10-18 15:01:47.099,16683,16685,16684,1,-1
2021-10-18 15:01:47.396,16683,16685,16685,1,1
2021-10-18 15:01:48.300,16684,16685,16685,1,1
2021-10-18 15:01:48.392,16684,16685,16684,1,-1
2021-10-18 15:01:49.875,16684,16685,16685,2,2
2021-10-18 15:01:50.052,16685,16686,16685,1,-1
2021-10-18 15:01:50.750,16685,16686,16686,3,3
2021-10-18 15:01:50.750,16685,16686,16686,17,17
2021-10-18 15:01:50.933,16687,16688,16687,5,5
2021-10-18 15:01:50.933,16687,16688,16686,5,-5
2021-10-18 15:01:52.657,16686,16688,16686,1,-1
2021-10-18 15:01:54.487,16685,16686,16686,1,1
2021-10-18 15:01:55.614,16685,16687,16685,6,-6
2021-10-18 15:01:56.601,16684,16685,16685,1,1
2021-10-18 15:01:56.639,16684,16685,16685,1,1
2021-10-18 15:01:56.639,16684,16685,16685,1,1
2021-10-18 15:01:56.759,16684,16685,16685,1,1
2021-10-18 15:01:57.215,16686,16687,16687,1,1
2021-10-18 15:01:57.604,16685,16687,16685,1,-1
2021-10-18 15:01:59.771,16685,16687,16687,1,1
2021-10-18 15:02:00.015,16685,16687,16685,1,-1
2021-10-18 15:02:00.141,16685,16687,16687,1,1
2021-10-18 15:02:00.210,16685,16687,16685,2,-2
2021-10-18 15:02:00.610,16685,16687,16685,1,-1
2021-10-18 15:02:00.803,16684,16686,16686,1,1
2021-10-18 15:02:01.684,16686,16687,16686,2,-2
2021-10-18 15:02:01.684,16686,16687,16685,4,-4
2021-10-18 15:02:01.685,16686,16687,16685,1,-1
2021-10-18 15:02:01.685,16686,16687,16685,3,-3
2021-10-18 15:02:02.462,16684,16687,16687,1,1
2021-10-18 15:02:03.002,16684,16687,16687,1,1
2021-10-18 15:02:03.254,16685,16687,16685,1,-1
2021-10-18 15:02:06.739,16685,16686,16685,1,-1
2021-10-18 15:02:07.684,16685,16687,16685,1,-1
2021-10-18 15:02:07.768,16685,16687,16684,1,-1
2021-10-18 15:02:09.999,16685,16687,16685,1,1
2021-10-18 15:02:11.912,16685,16687,16685,3,-3
2021-10-18 15:02:11.913,16685,16687,16685,7,-7
2021-10-18 15:02:13.599,16685,16686,16686,1,1
2021-10-18 15:02:14.374,16685,16686,16686,1,1
2021-10-18 15:02:15.223,16685,16686,16685,1,-1
2021-10-18 15:02:16.457,16685,16686,16685,5,-5
2021-10-18 15:02:16.926,16684,16685,16685,1,1
2021-10-18 15:02:17.791,16684,16685,16684,2,-2
2021-10-18 15:02:17.891,16684,16685,16684,1,-1
2021-10-18 15:02:17.891,16684,16685,16684,1,-1
2021-10-18 15:02:17.891,16684,16685,16684,1,-1
2021-10-18 15:02:17.891,16684,16685,16684,1,-1
2021-10-18 15:02:17.891,16684,16685,16684,2,-2
2021-10-18 15:02:18.581,16683,16685,16683,4,-4
2021-10-18 15:02:18.751,16683,16685,16683,1,-1
2021-10-18 15:02:18.752,16683,16685,16683,10,-10
2021-10-18 15:02:18.752,16683,16685,16683,3,-3
2021-10-18 15:02:18.778,16682,16684,16684,3,3
2021-10-18 15:02:20.889,16684,16685,16684,1,-1
2021-10-18 15:02:21.962,16684,16685,16685,1,1
2021-10-18 15:02:21.962,16684,16685,16685,4,4
2021-10-18 15:02:22.064,16684,16686,16684,2,-2
2021-10-18 15:02:22.207,16684,16686,16684,1,-1
2021-10-18 15:02:23.505,16685,16686,16686,1,1
2021-10-18 15:02:27.930,16685,16686,16685,1,-1
2021-10-18 15:02:27.965,16685,16686,16686,1,1
2021-10-18 15:02:28.606,16686,16687,16686,2,-2
2021-10-18 15:02:28.606,16686,16687,16685,7,-7
2021-10-18 15:02:29.639,16686,16687,16686,1,1
2021-10-18 15:02:29.989,16685,16686,16685,1,-1
2021-10-18 15:02:32.761,16684,16686,16686,1,1
2021-10-18 15:02:33.539,16685,16686,16685,1,-1
2021-10-18 15:02:33.709,16684,16686,16685,1,-1
2021-10-18 15:02:34.267,16685,16686,16685,1,-1
2021-10-18 15:02:34.268,16685,16686,16686,5,5
2021-10-18 15:02:34.783,16685,16687,16685,1,-1
2021-10-18 15:02:35.169,16686,16687,16686,2,2
2021-10-18 15:02:35.169,16686,16687,16685,3,-3
2021-10-18 15:02:38.360,16685,16687,16685,1,-1
2021-10-18 15:02:39.244,16685,16687,16687,2,2
2021-10-18 15:02:39.244,16685,16687,16687,2,2
2021-10-18 15:02:39.267,16686,16688,16686,1,-1
2021-10-18 15:02:40.067,16686,16688,16688,2,2
2021-10-18 15:02:40.067,16686,16688,16688,2,2
2021-10-18 15:02:40.067,16686,16688,16688,6,6
2021-10-18 15:02:40.421,16687,16689,16687,1,-1
2021-10-18 15:02:41.397,16687,16689,16687,4,-4
2021-10-18 15:02:41.397,16687,16689,16686,1,-1
2021-10-18 15:02:42.017,16687,16689,16689,2,2
2021-10-18 15:02:44.201,16687,16689,16689,2,2
2021-10-18 15:02:44.824,16687,16689,16689,1,1
2021-10-18 15:02:45.758,16687,16688,16688,1,1
2021-10-18 15:02:46.183,16687,16689,16689,1,1
2021-10-18 15:02:46.764,16687,16689,16688,1,-1
2021-10-18 15:02:52.406,16686,16688,16688,1,1
2021-10-18 15:02:54.140,16687,16688,16688,1,1
2021-10-18 15:02:55.094,16687,16688,16688,1,1
2021-10-18 15:02:56.103,16687,16688,16688,2,2
2021-10-18 15:02:59.165,16688,16689,16689,1,1
2021-10-18 15:03:00.033,16688,16689,16688,2,-2
2021-10-18 15:03:00.132,16688,16689,16688,1,-1
2021-10-18 15:03:00.153,16688,16689,16688,1,-1
2021-10-18 15:03:00.172,16688,16689,16687,2,-2
2021-10-18 15:03:00.586,16687,16688,16687,1,-1
2021-10-18 15:03:00.924,16686,16687,16687,1,1
2021-10-18 15:03:00.992,16686,16687,16686,1,-1
2021-10-18 15:03:01.338,16686,16687,16687,1,1
2021-10-18 15:03:01.391,16686,16687,16686,1,-1
2021-10-18 15:03:01.391,16686,16687,16686,1,-1
2021-10-18 15:03:01.512,16686,16687,16687,4,4
2021-10-18 15:03:01.512,16686,16687,16688,1,1
2021-10-18 15:03:02.244,16686,16688,16686,1,-1
2021-10-18 15:03:03.865,16687,16688,16688,1,1
2021-10-18 15:03:03.865,16687,16688,16688,4,4
2021-10-18 15:03:04.467,16688,16689,16689,1,1
2021-10-18 15:03:04.694,16688,16690,16688,1,-1
2021-10-18 15:03:04.796,16688,16690,16688,1,-1
2021-10-18 15:03:07.173,16688,16689,16688,1,-1
2021-10-18 15:03:07.879,16687,16689,16689,1,1
2021-10-18 15:03:08.486,16687,16688,16687,2,-2
2021-10-18 15:03:08.516,16687,16688,16687,1,-1
2021-10-18 15:03:08.517,16687,16688,16687,1,-1
2021-10-18 15:03:08.517,16687,16688,16687,1,-1
2021-10-18 15:03:08.517,16687,16688,16687,1,-1
2021-10-18 15:03:08.740,16687,16688,16688,1,1
2021-10-18 15:03:08.872,16687,16689,16689,1,1
2021-10-18 15:03:10.184,16687,16688,16688,1,1
2021-10-18 15:03:13.376,16687,16689,16688,1,-1
2021-10-18 15:03:18.021,16687,16688,16687,4,-4
2021-10-18 15:03:28.309,16686,16688,16687,2,-2
2021-10-18 15:03:28.373,16686,16688,16686,1,-1
2021-10-18 15:03:28.391,16686,16687,16686,1,-1
2021-10-18 15:03:28.392,16686,16687,16686,1,-1
2021-10-18 15:03:32.261,16686,16687,16687,6,6
2021-10-18 15:03:32.266,16687,16688,16687,1,-1
2021-10-18 15:03:32.266,16687,16688,16687,1,-1
2021-10-18 15:03:32.332,16687,16688,16688,1,1
2021-10-18 15:03:33.335,16687,16688,16688,1,1
2021-10-18 15:03:33.547,16688,16689,16688,1,-1
2021-10-18 15:03:33.708,16688,16689,16689,1,1
2021-10-18 15:03:35.318,16688,16690,16690,6,6
2021-10-18 15:03:35.319,16688,16690,16690,4,4
2021-10-18 15:03:35.319,16688,16690,16690,3,3
2021-10-18 15:03:35.322,16688,16690,16691,1,1
2021-10-18 15:03:35.480,16691,16692,16692,2,2
2021-10-18 15:03:36.584,16692,16693,16693,1,1
2021-10-18 15:03:36.584,16692,16693,16693,1,1
2021-10-18 15:03:36.584,16692,16693,16693,1,1
2021-10-18 15:03:36.584,16692,16693,16693,2,2
2021-10-18 15:03:36.584,16692,16693,16693,1,1
2021-10-18 15:03:36.584,16692,16693,16693,1,1
2021-10-18 15:03:36.585,16692,16693,16693,1,1
2021-10-18 15:03:36.585,16692,16693,16693,2,2
2021-10-18 15:03:36.626,16692,16693,16693,3,3
2021-10-18 15:03:36.626,16692,16693,16695,2,2
2021-10-18 15:03:36.889,16694,16695,16694,2,-2
2021-10-18 15:03:36.909,16694,16695,16695,1,1
2021-10-18 15:03:39.044,16693,16694,16694,1,1
2021-10-18 15:03:39.142,16693,16695,16693,1,-1
2021-10-18 15:03:40.474,16692,16695,16692,1,-1
2021-10-18 15:03:40.578,16692,16695,16695,1,1
2021-10-18 15:03:43.111,16694,16695,16694,1,-1
2021-10-18 15:03:45.058,16693,16694,16693,1,-1
2021-10-18 15:03:46.144,16692,16694,16694,1,1
2021-10-18 15:03:48.635,16692,16694,16692,5,-5
2021-10-18 15:03:48.994,16691,16694,16694,1,1
2021-10-18 15:03:53.522,16692,16694,16694,1,1
2021-10-18 15:03:54.806,16692,16694,16694,1,1
2021-10-18 15:03:57.866,16693,16694,16694,3,3
2021-10-18 15:03:58.639,16694,16695,16694,1,-1
2021-10-18 15:03:59.995,16693,16695,16693,1,-1
2021-10-18 15:03:59.995,16693,16695,16693,2,-2
2021-10-18 15:04:00.035,16692,16694,16692,2,-2
2021-10-18 15:04:00.041,16692,16694,16693,1,1
2021-10-18 15:04:00.107,16692,16694,16692,1,-1
2021-10-18 15:04:00.170,16692,16693,16693,1,1
2021-10-18 15:04:00.746,16692,16693,16692,2,-2
2021-10-18 15:04:02.526,16690,16692,16690,4,-4
2021-10-18 15:04:02.526,16690,16692,16689,1,-1
2021-10-18 15:04:03.880,16690,16692,16690,1,1
2021-10-18 15:04:04.808,16690,16691,16690,2,-2
2021-10-18 15:04:04.808,16690,16691,16689,1,-1
2021-10-18 15:04:06.369,16690,16691,16691,1,1
2021-10-18 15:04:06.370,16690,16691,16691,1,1
2021-10-18 15:04:08.272,16690,16691,16690,1,-1
2021-10-18 15:04:08.273,16690,16691,16690,4,-4
2021-10-18 15:04:15.545,16689,16691,16689,4,-4
2021-10-18 15:04:15.545,16689,16691,16688,1,-1
2021-10-18 15:04:20.408,16689,16691,16689,1,1
2021-10-18 15:04:24.445,16688,16689,16688,5,-5
2021-10-18 15:04:24.446,16688,16689,16688,4,-4
2021-10-18 15:04:24.661,16687,16689,16689,1,1
2021-10-18 15:04:26.001,16687,16689,16687,1,-1
2021-10-18 15:04:31.812,16687,16689,16689,1,1
2021-10-18 15:04:36.185,16688,16689,16689,1,1
2021-10-18 15:04:36.551,16688,16690,16690,2,2
2021-10-18 15:04:39.306,16688,16690,16688,6,-6
2021-10-18 15:04:39.332,16688,16690,16687,2,-2
2021-10-18 15:04:39.357,16688,16690,16687,2,-2
2021-10-18 15:04:39.357,16688,16690,16687,7,-7
2021-10-18 15:04:39.357,16688,16690,16686,6,-6
2021-10-18 15:04:39.382,16688,16690,16686,3,-3
2021-10-18 15:04:39.407,16686,16687,16686,2,-2
2021-10-18 15:04:39.432,16686,16687,16686,3,-3
2021-10-18 15:04:39.433,16686,16687,16686,4,-4
2021-10-18 15:04:39.433,16686,16687,16686,1,-1
2021-10-18 15:04:39.433,16686,16687,16686,18,-18
2021-10-18 15:04:39.459,16686,16687,16685,1,-1
2021-10-18 15:04:39.484,16686,16687,16685,3,-3
2021-10-18 15:04:39.484,16686,16687,16685,1,-1
2021-10-18 15:04:39.509,16686,16687,16685,3,-3
2021-10-18 15:04:39.509,16686,16687,16685,1,-1
2021-10-18 15:04:39.509,16686,16687,16685,1,-1
2021-10-18 15:04:39.510,16686,16687,16685,1,-1
2021-10-18 15:04:39.548,16685,16686,16685,1,-1
2021-10-18 15:04:39.600,16685,16686,16685,1,-1
2021-10-18 15:04:39.625,16685,16686,16685,1,-1
2021-10-18 15:04:40.083,16684,16685,16685,2,2
2021-10-18 15:04:40.083,16684,16685,16685,2,2
2021-10-18 15:04:41.888,16684,16685,16684,6,-6
2021-10-18 15:04:43.762,16683,16684,16684,1,1
2021-10-18 15:04:44.701,16683,16684,16684,1,1
2021-10-18 15:04:45.235,16683,16684,16684,1,1
2021-10-18 15:04:45.280,16683,16684,16684,1,1
2021-10-18 15:04:46.426,16683,16684,16684,2,2
2021-10-18 15:04:46.466,16683,16684,16684,1,1
2021-10-18 15:04:47.440,16683,16685,16685,5,5
2021-10-18 15:04:48.083,16684,16686,16685,1,-1
2021-10-18 15:04:48.371,16685,16687,16687,1,1
2021-10-18 15:04:54.949,16688,16690,16689,1,1
2021-10-18 15:04:55.187,16689,16690,16689,1,-1
2021-10-18 15:04:57.194,16689,16690,16690,2,2
2021-10-18 15:04:57.194,16689,16690,16690,3,3
2021-10-18 15:05:00.094,16689,16690,16689,1,-1
2021-10-18 15:05:00.153,16689,16690,16690,1,1
2021-10-18 15:05:00.298,16689,16690,16690,3,3
2021-10-18 15:05:00.298,16689,16690,16691,4,4
2021-10-18 15:05:00.438,16690,16692,16690,4,-4
2021-10-18 15:05:00.550,16690,16692,16692,1,1
2021-10-18 15:05:00.552,16690,16692,16690,1,-1
2021-10-18 15:05:00.803,16689,16691,16689,1,-1
2021-10-18 15:05:02.397,16688,16691,16688,1,-1
2021-10-18 15:05:03.037,16688,16690,16688,2,-2
2021-10-18 15:05:03.053,16688,16690,16688,2,-2
2021-10-18 15:05:06.768,16687,16689,16689,1,1
2021-10-18 15:05:06.772,16687,16689,16690,1,1
2021-10-18 15:05:12.748,16689,16690,16690,1,1
2021-10-18 15:05:13.235,16689,16690,16690,1,1
2021-10-18 15:05:14.992,16689,16690,16690,1,1
2021-10-18 15:05:19.188,16688,16689,16688,1,-1
2021-10-18 15:05:21.426,16687,16689,16687,1,-1
2021-10-18 15:05:21.704,16687,16689,16689,2,2
2021-10-18 15:05:27.238,16689,16690,16690,1,1
2021-10-18 15:05:27.239,16689,16690,16690,1,1
2021-10-18 15:05:27.586,16690,16691,16690,1,-1
2021-10-18 15:05:28.372,16690,16691,16691,3,3
2021-10-18 15:05:28.623,16691,16692,16691,1,-1
2021-10-18 15:05:40.173,16691,16692,16691,1,-1
2021-10-18 15:05:42.153,16690,16692,16691,1,-1
2021-10-18 15:05:42.289,16690,16692,16692,1,1
2021-10-18 15:05:44.114,16691,16692,16691,1,-1
2021-10-18 15:05:46.048,16690,16692,16692,1,1
2021-10-18 15:05:46.519,16690,16692,16692,2,2
2021-10-18 15:05:53.894,16691,16692,16692,1,1
2021-10-18 15:06:07.094,16692,16693,16693,3,3
2021-10-18 15:06:08.457,16693,16694,16694,2,2
2021-10-18 15:06:09.223,16693,16695,16695,1,1
2021-10-18 15:06:09.373,16693,16695,16695,1,1
2021-10-18 15:06:09.980,16693,16695,16695,3,3
2021-10-18 15:06:09.980,16693,16695,16695,4,4
2021-10-18 15:06:09.987,16693,16695,16696,1,1
2021-10-18 15:06:11.612,16695,16696,16695,1,-1
2021-10-18 15:06:12.016,16694,16696,16695,1,-1
2021-10-18 15:06:14.267,16695,16696,16695,3,-3
2021-10-18 15:06:14.267,16695,16696,16694,2,-2
2021-10-18 15:06:18.256,16694,16696,16696,1,1
2021-10-18 15:06:20.757,16695,16696,16695,1,-1
2021-10-18 15:06:24.725,16694,16696,16696,1,1
2021-10-18 15:06:29.321,16694,16695,16694,1,-1
2021-10-18 15:06:29.321,16694,16695,16694,2,-2
2021-10-18 15:06:29.955,16692,16694,16694,1,1
2021-10-18 15:06:31.057,16693,16695,16693,2,-2
2021-10-18 15:06:31.057,16693,16695,16692,3,-3
2021-10-18 15:06:40.919,16691,16694,16691,1,-1
2021-10-18 15:06:56.525,16691,16693,16691,1,-1
2021-10-18 15:06:58.353,16691,16693,16693,1,1
2021-10-18 15:06:58.353,16691,16693,16693,2,2
2021-10-18 15:07:02.029,16692,16694,16694,2,2
2021-10-18 15:07:02.029,16692,16694,16695,1,1
2021-10-18 15:07:06.291,16694,16695,16695,2,2
2021-10-18 15:07:10.324,16694,16695,16695,2,2
2021-10-18 15:07:14.836,16694,16695,16694,1,-1
2021-10-18 15:07:17.845,16694,16695,16694,1,-1
2021-10-18 15:07:29.416,16693,16694,16694,2,2
2021-10-18 15:07:29.517,16693,16695,16695,1,1
2021-10-18 15:07:37.503,16693,16694,16694,1,1
2021-10-18 15:07:44.685,16694,16695,16694,3,-3
2021-10-18 15:07:46.924,16694,16695,16694,1,-1
2021-10-18 15:07:46.924,16694,16695,16694,1,-1
2021-10-18 15:07:46.932,16694,16695,16693,2,-2
2021-10-18 15:07:50.252,16692,16694,16694,1,1
2021-10-18 15:07:54.202,16692,16693,16693,1,1
2021-10-18 15:07:55.835,16692,16693,16693,1,1
2021-10-18 15:07:55.835,16692,16693,16694,2,2
2021-10-18 15:08:02.450,16692,16694,16694,1,1
2021-10-18 15:08:02.778,16692,16694,16694,4,4
2021-10-18 15:08:02.820,16692,16694,16693,2,-2
2021-10-18 15:08:06.623,16693,16695,16693,1,-1
2021-10-18 15:08:11.461,16693,16694,16693,1,-1
2021-10-18 15:08:14.168,16692,16694,16692,1,-1
2021-10-18 15:08:14.169,16692,16694,16692,2,-2
2021-10-18 15:08:14.169,16692,16694,16692,9,-9
2021-10-18 15:08:16.818,16691,16692,16691,3,-3
2021-10-18 15:08:25.852,16690,16691,16690,1,-1
2021-10-18 15:08:27.317,16690,16691,16690,1,-1
2021-10-18 15:08:27.853,16690,16691,16690,1,-1
2021-10-18 15:08:31.940,16690,16691,16690,5,-5
2021-10-18 15:08:35.539,16689,16690,16689,1,-1
2021-10-18 15:08:35.539,16689,16690,16689,1,-1
2021-10-18 15:08:35.669,16688,16689,16688,1,-1
2021-10-18 15:08:40.199,16688,16689,16689,1,1
2021-10-18 15:08:42.487,16688,16689,16688,1,-1
2021-10-18 15:08:43.773,16688,16689,16689,1,1
2021-10-18 15:08:44.319,16688,16689,16688,1,-1
2021-10-18 15:08:48.605,16688,16689,16689,1,1
2021-10-18 15:08:52.768,16688,16689,16689,1,1
2021-10-18 15:08:52.769,16688,16689,16689,1,1
2021-10-18 15:08:56.361,16689,16690,16690,1,1
2021-10-18 15:09:04.771,16691,16692,16692,1,1
2021-10-18 15:09:16.097,16691,16693,16691,1,-1
2021-10-18 15:09:28.349,16690,16691,16691,1,1
2021-10-18 15:09:28.353,16690,16691,16691,2,2
2021-10-18 15:09:40.196,16691,16692,16691,1,-1
2021-10-18 15:09:47.282,16691,16692,16691,1,-1
2021-10-18 15:09:47.472,16691,16692,16692,1,1
2021-10-18 15:09:50.273,16693,16694,16694,5,5
2021-10-18 15:09:54.564,16693,16695,16695,2,2
2021-10-18 15:09:58.696,16694,16695,16695,2,2
2021-10-18 15:10:02.629,16694,16695,16695,2,2
2021-10-18 15:10:03.091,16694,16695,16695,1,1
2021-10-18 15:10:05.486,16694,16695,16695,4,4
2021-10-18 15:10:05.487,16694,16695,16695,1,1
2021-10-18 15:10:05.487,16694,16695,16695,3,3
2021-10-18 15:10:07.968,16695,16696,16696,2,2
2021-10-18 15:10:08.236,16695,16696,16696,4,4
2021-10-18 15:10:09.121,16696,16697,16697,1,1
2021-10-18 15:10:09.279,16696,16697,16697,1,1
2021-10-18 15:10:09.695,16696,16697,16697,1,1
2021-10-18 15:10:12.667,16696,16697,16697,1,1
2021-10-18 15:10:14.767,16696,16697,16696,1,-1
2021-10-18 15:10:14.856,16696,16697,16696,1,-1
2021-10-18 15:10:15.183,16696,16697,16696,1,-1
2021-10-18 15:10:16.304,16695,16696,16695,1,-1
2021-10-18 15:10:16.727,16694,16695,16694,2,-2
2021-10-18 15:10:22.944,16692,16694,16694,1,1
2021-10-18 15:10:42.426,16694,16695,16695,1,1
2021-10-18 15:10:42.427,16694,16695,16695,1,1
2021-10-18 15:10:46.481,16695,16696,16695,2,-2
2021-10-18 15:10:47.130,16695,16696,16695,1,-1
2021-10-18 15:10:47.738,16695,16696,16695,1,-1
2021-10-18 15:10:52.149,16695,16696,16696,1,1
2021-10-18 15:10:52.170,16695,16696,16696,1,1
2021-10-18 15:11:00.086,16696,16697,16696,1,-1
2021-10-18 15:11:00.086,16696,16697,16696,1,-1
2021-10-18 15:11:00.086,16696,16697,16696,1,-1
2021-10-18 15:11:00.091,16696,16697,16695,1,-1
2021-10-18 15:11:00.781,16694,16696,16694,2,-2
2021-10-18 15:11:00.932,16693,16695,16693,2,-2
2021-10-18 15:11:01.053,16693,16695,16693,2,-2
2021-10-18 15:11:01.166,16693,16695,16693,3,-3
2021-10-18 15:11:01.166,16693,16695,16692,1,-1
2021-10-18 15:11:01.298,16692,16694,16692,2,-2
2021-10-18 15:11:01.611,16692,16694,16692,1,-1
2021-10-18 15:11:08.621,16694,16695,16695,1,1
2021-10-18 15:11:10.185,16695,16696,16695,1,-1
2021-10-18 15:11:13.723,16695,16696,16696,1,1
2021-10-18 15:11:15.225,16696,16697,16697,1,1
2021-10-18 15:11:15.225,16696,16697,16697,3,3
2021-10-18 15:11:17.956,16696,16698,16696,1,-1
2021-10-18 15:11:23.984,16696,16698,16696,1,-1
2021-10-18 15:11:31.107,16697,16698,16698,1,1
2021-10-18 15:11:31.107,16697,16698,16698,1,1
2021-10-18 15:11:31.756,16697,16699,16699,8,8
2021-10-18 15:11:31.756,16697,16699,16700,21,21
2021-10-18 15:11:31.771,16700,16701,16701,1,1
2021-10-18 15:11:31.813,16700,16701,16701,1,1
2021-10-18 15:11:31.920,16700,16701,16701,1,1
2021-10-18 15:11:31.922,16700,16701,16701,1,1
2021-10-18 15:11:31.932,16700,16701,16701,1,1
2021-10-18 15:11:31.981,16700,16701,16701,1,1
2021-10-18 15:11:32.065,16700,16701,16701,1,1
2021-10-18 15:11:35.431,16700,16701,16701,2,2
2021-10-18 15:11:38.970,16700,16702,16702,2,2
2021-10-18 15:11:40.177,16702,16703,16702,1,-1
2021-10-18 15:11:41.178,16701,16703,16703,1,1
2021-10-18 15:11:41.528,16701,16703,16703,1,1
2021-10-18 15:11:41.959,16701,16703,16703,1,1
2021-10-18 15:11:42.859,16701,16703,16703,2,2
2021-10-18 15:11:43.076,16701,16703,16703,1,1
2021-10-18 15:11:43.778,16702,16703,16703,1,1
2021-10-18 15:11:44.220,16702,16703,16703,3,3
2021-10-18 15:11:44.292,16702,16704,16704,2,2
2021-10-18 15:11:44.766,16702,16704,16704,2,2
2021-10-18 15:11:44.830,16702,16704,16704,1,1
2021-10-18 15:11:45.810,16702,16704,16704,1,1
2021-10-18 15:11:45.811,16702,16704,16704,1,1
2021-10-18 15:11:46.019,16702,16704,16704,1,1
2021-10-18 15:11:47.226,16702,16703,16702,3,-3
2021-10-18 15:11:47.425,16701,16703,16703,1,1
2021-10-18 15:11:47.725,16703,16704,16703,1,-1
2021-10-18 15:11:49.150,16702,16703,16703,3,3
2021-10-18 15:11:51.201,16702,16704,16704,1,1
2021-10-18 15:11:53.097,16703,16705,16705,10,10
2021-10-18 15:11:53.174,16703,16706,16706,1,1
2021-10-18 15:11:53.483,16703,16706,16703,1,-1
2021-10-18 15:11:54.700,16703,16706,16703,1,-1
2021-10-18 15:11:56.540,16703,16705,16703,1,-1
2021-10-18 15:11:57.982,16703,16705,16703,1,-1
2021-10-18 15:11:58.233,16703,16705,16705,1,1
2021-10-18 15:11:58.922,16703,16705,16705,1,1
2021-10-18 15:12:01.073,16704,16705,16704,1,-1
2021-10-18 15:12:01.812,16703,16705,16703,2,-2
2021-10-18 15:12:01.959,16703,16705,16703,1,-1
2021-10-18 15:12:01.959,16703,16705,16702,1,-1
2021-10-18 15:12:02.311,16702,16705,16705,1,1
2021-10-18 15:12:03.577,16704,16705,16704,1,-1
2021-10-18 15:12:03.670,16704,16705,16704,1,-1
2021-10-18 15:12:03.670,16704,16705,16704,1,-1
2021-10-18 15:12:03.672,16704,16705,16704,2,-2
2021-10-18 15:12:07.914,16704,16705,16705,1,1
2021-10-18 15:12:08.887,16704,16705,16704,2,-2
2021-10-18 15:12:10.718,16704,16705,16705,1,1
2021-10-18 15:12:14.481,16704,16705,16704,1,-1
2021-10-18 15:12:14.628,16704,16705,16704,1,-1
2021-10-18 15:12:16.110,16704,16705,16704,1,-1
2021-10-18 15:12:19.607,16703,16704,16704,1,1
2021-10-18 15:12:33.047,16703,16704,16704,1,1
2021-10-18 15:12:33.591,16703,16704,16703,5,-5
2021-10-18 15:12:40.501,16702,16704,16702,1,-1
2021-10-18 15:12:42.400,16703,16704,16703,1,1
2021-10-18 15:12:42.400,16703,16704,16702,4,-4
2021-10-18 15:12:43.408,16702,16703,16703,1,1
2021-10-18 15:12:45.306,16702,16703,16702,1,-1
2021-10-18 15:12:48.169,16701,16702,16701,4,-4
2021-10-18 15:12:49.157,16701,16702,16701,1,-1
2021-10-18 15:12:52.556,16700,16701,16700,1,-1
2021-10-18 15:12:54.079,16700,16701,16700,1,-1
2021-10-18 15:12:57.471,16699,16700,16699,1,-1
2021-10-18 15:12:57.471,16699,16700,16698,1,-1
2021-10-18 15:13:03.360,16698,16700,16698,1,-1
2021-10-18 15:13:03.360,16698,16700,16698,4,-4
2021-10-18 15:13:07.568,16697,16700,16697,1,-1
2021-10-18 15:13:07.658,16697,16699,16697,1,-1
2021-10-18 15:13:15.739,16698,16700,16700,1,1
2021-10-18 15:13:15.740,16698,16700,16700,1,1
2021-10-18 15:13:15.740,16698,16700,16700,1,1
2021-10-18 15:13:15.741,16698,16700,16700,9,9
2021-10-18 15:13:16.410,16700,16702,16700,2,-2
2021-10-18 15:13:26.422,16701,16702,16702,1,1
2021-10-18 15:13:26.935,16701,16702,16701,2,-2
2021-10-18 15:13:29.879,16701,16702,16702,2,2
2021-10-18 15:13:31.750,16701,16702,16702,2,2
2021-10-18 15:13:37.122,16701,16703,16702,1,-1
2021-10-18 15:13:37.123,16701,16703,16702,1,-1
2021-10-18 15:13:48.462,16702,16703,16702,1,-1
2021-10-18 15:13:50.722,16702,16703,16703,1,1
2021-10-18 15:13:59.163,16702,16703,16703,1,1
2021-10-18 15:13:59.941,16702,16703,16702,2,-2
2021-10-18 15:14:10.689,16702,16703,16702,1,-1
2021-10-18 15:14:10.689,16702,16703,16702,4,-4
2021-10-18 15:14:15.988,16701,16702,16701,1,-1
2021-10-18 15:14:15.989,16701,16702,16701,1,-1
2021-10-18 15:14:21.602,16701,16703,16701,1,-1
2021-10-18 15:14:26.618,16701,16702,16702,1,1
2021-10-18 15:14:39.159,16702,16703,16702,1,-1
2021-10-18 15:14:50.972,16700,16701,16701,1,1
2021-10-18 15:14:55.839,16700,16703,16700,1,-1
2021-10-18 15:14:57.863,16702,16703,16702,1,1
2021-10-18 15:15:00.163,16700,16702,16702,1,1
2021-10-18 15:15:00.373,16700,16702,16700,2,-2
2021-10-18 15:15:00.416,16700,16702,16700,2,-2
2021-10-18 15:15:00.548,16700,16702,16700,2,-2
2021-10-18 15:15:00.593,16700,16702,16700,2,-2
2021-10-18 15:15:00.602,16700,16702,16700,2,-2
2021-10-18 15:15:00.647,16700,16701,16700,2,-2
2021-10-18 15:15:00.660,16700,16701,16700,1,-1
2021-10-18 15:15:00.660,16700,16701,16699,1,-1
2021-10-18 15:15:00.862,16698,16700,16698,1,-1
2021-10-18 15:15:00.938,16698,16700,16698,2,-2
2021-10-18 15:15:01.055,16698,16700,16698,1,-1
2021-10-18 15:15:01.545,16698,16701,16698,2,-2
2021-10-18 15:15:01.561,16698,16701,16701,2,2
2021-10-18 15:15:01.605,16698,16701,16699,1,-1
2021-10-18 15:15:01.818,16699,16701,16701,2,2
2021-10-18 15:15:01.988,16699,16702,16702,1,1
2021-10-18 15:15:02.201,16699,16702,16701,1,-1
2021-10-18 15:15:02.597,16699,16701,16701,2,2
2021-10-18 15:15:07.365,16700,16702,16702,1,1
2021-10-18 15:15:10.023,16702,16704,16702,1,-1
2021-10-18 15:15:10.410,16702,16704,16702,2,-2
2021-10-18 15:15:10.464,16702,16704,16702,1,-1
2021-10-18 15:15:11.891,16702,16704,16704,6,6
2021-10-18 15:15:11.891,16702,16704,16704,4,4
2021-10-18 15:15:18.352,16702,16704,16704,1,1
2021-10-18 15:15:19.570,16702,16704,16702,1,-1
2021-10-18 15:15:20.089,16702,16705,16704,1,1
2021-10-18 15:15:26.014,16703,16704,16703,1,-1
2021-10-18 15:15:37.791,16703,16705,16703,4,-4
2021-10-18 15:15:39.274,16702,16703,16703,3,3
2021-10-18 15:15:45.552,16702,16703,16703,1,1
2021-10-18 15:15:46.930,16703,16704,16704,4,4
2021-10-18 15:15:46.930,16703,16704,16705,14,14
2021-10-18 15:15:47.175,16705,16706,16705,1,-1
2021-10-18 15:15:47.264,16705,16706,16705,13,-13
2021-10-18 15:15:49.171,16703,16705,16705,2,2
2021-10-18 15:15:51.527,16703,16705,16705,2,2
2021-10-18 15:15:55.583,16704,16705,16705,5,5
2021-10-18 15:15:58.726,16704,16705,16705,1,1
2021-10-18 15:15:59.320,16704,16705,16705,1,1
2021-10-18 15:16:00.445,16704,16705,16704,1,-1
2021-10-18 15:16:03.415,16703,16704,16704,1,1
2021-10-18 15:16:03.516,16704,16705,16705,1,1
2021-10-18 15:16:03.516,16704,16705,16705,1,1
2021-10-18 15:16:03.516,16704,16705,16706,1,1
2021-10-18 15:16:05.132,16703,16706,16706,1,1
2021-10-18 15:16:05.358,16704,16706,16706,1,1
2021-10-18 15:16:07.116,16703,16705,16705,1,1
2021-10-18 15:16:10.802,16703,16704,16703,21,-21
2021-10-18 15:16:10.892,16701,16702,16702,1,1
2021-10-18 15:16:10.892,16701,16702,16703,1,1
2021-10-18 15:16:10.892,16701,16702,16703,1,1
2021-10-18 15:16:10.892,16701,16702,16703,1,1
2021-10-18 15:16:10.892,16701,16702,16703,1,1
2021-10-18 15:16:10.893,16701,16702,16703,1,1
2021-10-18 15:16:10.894,16701,16702,16703,1,1
2021-10-18 15:16:10.894,16701,16702,16704,1,1
2021-10-18 15:16:17.772,16701,16704,16701,1,-1
2021-10-18 15:16:22.807,16703,16704,16704,1,1
2021-10-18 15:16:22.807,16703,16704,16704,1,1
2021-10-18 15:16:22.807,16703,16704,16704,2,2
2021-10-18 15:16:22.891,16704,16705,16705,1,1
2021-10-18 15:16:22.891,16704,16705,16705,1,1
2021-10-18 15:16:22.891,16704,16705,16706,1,1
2021-10-18 15:16:22.891,16704,16705,16706,1,1
2021-10-18 15:16:22.892,16704,16705,16706,1,1
2021-10-18 15:16:27.343,16704,16705,16705,1,1
2021-10-18 15:16:28.306,16705,16706,16706,2,2
2021-10-18 15:16:28.391,16705,16706,16706,1,1
2021-10-18 15:16:28.391,16705,16706,16706,1,1
2021-10-18 15:16:28.392,16705,16706,16706,1,1
2021-10-18 15:16:28.707,16705,16706,16706,1,1
2021-10-18 15:16:29.183,16705,16706,16706,2,2
2021-10-18 15:16:31.493,16705,16707,16707,2,2
2021-10-18 15:16:31.609,16705,16707,16707,1,1
2021-10-18 15:16:31.646,16705,16707,16707,2,2
2021-10-18 15:16:31.747,16705,16707,16708,1,1
2021-10-18 15:16:31.982,16707,16708,16708,1,1
2021-10-18 15:16:33.540,16707,16708,16707,1,-1
2021-10-18 15:16:35.845,16707,16708,16708,2,2
2021-10-18 15:16:36.096,16707,16708,16707,4,-4
2021-10-18 15:16:36.161,16707,16708,16708,1,1
2021-10-18 15:16:36.579,16707,16708,16708,2,2
2021-10-18 15:16:37.882,16707,16709,16709,1,1
2021-10-18 15:16:37.891,16707,16709,16709,1,1
2021-10-18 15:16:37.891,16707,16709,16709,1,1
2021-10-18 15:16:37.892,16707,16709,16709,1,1
2021-10-18 15:16:37.892,16707,16709,16709,1,1
2021-10-18 15:16:37.892,16707,16709,16709,1,1
2021-10-18 15:16:37.893,16707,16709,16709,2,2
2021-10-18 15:16:40.354,16709,16710,16710,2,2
2021-10-18 15:16:40.354,16709,16710,16710,6,6
2021-10-18 15:16:40.414,16709,16711,16711,1,1
2021-10-18 15:16:40.499,16709,16711,16710,1,-1
2021-10-18 15:16:40.559,16710,16711,16711,1,1
2021-10-18 15:16:41.021,16710,16711,16711,1,1
2021-10-18 15:16:41.189,16710,16711,16711,1,1
2021-10-18 15:16:41.189,16710,16711,16712,4,4
2021-10-18 15:16:41.914,16711,16712,16712,1,1
2021-10-18 15:16:42.037,16711,16712,16712,3,3
2021-10-18 15:16:42.184,16711,16713,16711,4,-4
2021-10-18 15:16:42.521,16710,16712,16710,1,-1
2021-10-18 15:16:45.156,16711,16713,16711,5,5
2021-10-18 15:16:47.211,16712,16713,16712,1,1
2021-10-18 15:16:47.599,16712,16713,16712,1,-1
2021-10-18 15:16:47.599,16712,16713,16711,1,-1
2021-10-18 15:16:47.761,16711,16713,16713,8,8
2021-10-18 15:16:48.218,16713,16714,16713,1,-1
2021-10-18 15:16:48.266,16712,16714,16714,1,1
2021-10-18 15:16:49.982,16713,16714,16714,1,1
2021-10-18 15:16:50.814,16712,16714,16714,1,1
2021-10-18 15:16:51.401,16712,16714,16714,2,2
2021-10-18 15:16:52.441,16712,16714,16712,1,-1
2021-10-18 15:16:52.514,16712,16713,16712,1,-1
2021-10-18 15:16:52.721,16711,16713,16712,2,-2
2021-10-18 15:16:54.638,16712,16713,16712,1,-1
2021-10-18 15:16:54.641,16712,16713,16712,1,-1
2021-10-18 15:16:57.796,16712,16713,16713,3,3
2021-10-18 15:16:58.705,16712,16713,16713,2,2
2021-10-18 15:16:58.705,16712,16713,16713,1,1
2021-10-18 15:16:58.762,16712,16713,16713,3,3
2021-10-18 15:17:01.673,16713,16714,16713,3,-3
2021-10-18 15:17:01.673,16713,16714,16712,2,-2
2021-10-18 15:17:02.514,16713,16714,16714,1,1
2021-10-18 15:17:02.641,16713,16714,16714,1,1
2021-10-18 15:17:02.641,16713,16714,16714,1,1
2021-10-18 15:17:02.642,16713,16714,16714,1,1
2021-10-18 15:17:05.438,16713,16714,16714,1,1
2021-10-18 15:17:05.438,16713,16714,16714,1,1
2021-10-18 15:17:05.569,16713,16714,16714,2,2
2021-10-18 15:17:05.659,16713,16714,16713,1,-1
2021-10-18 15:17:07.346,16713,16714,16713,1,-1
2021-10-18 15:17:07.921,16713,16714,16713,1,-1
2021-10-18 15:17:09.584,16712,16714,16712,5,-5
2021-10-18 15:17:12.014,16712,16713,16712,1,-1
2021-10-18 15:17:14.781,16711,16712,16711,1,-1
2021-10-18 15:17:15.220,16710,16712,16712,1,1
2021-10-18 15:17:28.733,16711,16712,16712,3,3
2021-10-18 15:17:30.387,16712,16714,16712,1,-1
2021-10-18 15:17:30.391,16712,16714,16714,1,1
2021-10-18 15:17:30.391,16712,16714,16714,1,1
2021-10-18 15:17:30.392,16712,16714,16714,1,1
2021-10-18 15:17:30.392,16712,16714,16714,1,1
2021-10-18 15:17:30.393,16712,16714,16714,1,1
2021-10-18 15:17:31.338,16713,16715,16713,2,-2
2021-10-18 15:17:35.051,16713,16714,16713,1,-1
2021-10-18 15:17:35.591,16713,16714,16713,1,-1
2021-10-18 15:17:36.017,16713,16714,16713,1,-1
2021-10-18 15:17:40.389,16710,16711,16710,4,-4
2021-10-18 15:17:40.389,16710,16711,16710,1,-1
2021-10-18 15:17:40.517,16709,16710,16710,1,1
2021-10-18 15:17:40.517,16709,16710,16710,1,1
2021-10-18 15:17:40.517,16709,16710,16711,1,1
2021-10-18 15:17:45.105,16709,16711,16711,1,1
2021-10-18 15:17:46.230,16709,16711,16709,1,-1
2021-10-18 15:17:46.405,16709,16711,16711,1,1
2021-10-18 15:17:47.746,16710,16711,16710,1,-1
2021-10-18 15:17:47.766,16709,16711,16711,1,1
2021-10-18 15:17:47.766,16709,16711,16711,1,1
2021-10-18 15:17:47.766,16709,16711,16711,1,1
2021-10-18 15:17:47.766,16709,16711,16711,1,1
2021-10-18 15:17:47.766,16709,16711,16711,1,1
2021-10-18 15:17:47.767,16709,16711,16711,1,1
2021-10-18 15:17:47.767,16709,16711,16712,1,1
2021-10-18 15:17:47.767,16709,16711,16712,1,1
2021-10-18 15:17:51.946,16709,16711,16709,1,-1
2021-10-18 15:17:52.770,16709,16711,16711,1,1
2021-10-18 15:17:53.559,16709,16711,16711,1,1
2021-10-18 15:17:57.792,16709,16711,16711,4,4
2021-10-18 15:18:04.896,16710,16711,16711,2,2
2021-10-18 15:18:08.142,16710,16711,16710,1,-1
2021-10-18 15:18:15.660,16709,16711,16709,1,-1
2021-10-18 15:18:22.349,16709,16710,16709,4,-4
2021-10-18 15:18:22.465,16708,16709,16709,4,4
2021-10-18 15:18:25.755,16708,16709,16708,1,-1
2021-10-18 15:18:27.088,16708,16709,16709,1,1
2021-10-18 15:18:32.210,16709,16711,16711,2,2
2021-10-18 15:18:36.804,16710,16711,16710,1,-1
2021-10-18 15:18:40.546,16709,16710,16709,2,-2
2021-10-18 15:18:59.549,16708,16709,16708,1,-1
2021-10-18 15:19:00.219,16708,16709,16708,9,-9
2021-10-18 15:19:00.264,16707,16708,16707,3,-3
2021-10-18 15:19:04.756,16706,16708,16708,1,1
2021-10-18 15:19:12.276,16706,16707,16706,1,-1
2021-10-18 15:19:13.104,16706,16707,16706,1,-1
2021-10-18 15:19:13.104,16706,16707,16706,12,-12
2021-10-18 15:19:13.105,16706,16707,16705,1,-1
2021-10-18 15:19:13.471,16705,16706,16705,1,-1
2021-10-18 15:19:17.508,16705,16706,16705,1,-1
2021-10-18 15:19:19.376,16705,16706,16705,2,-2
2021-10-18 15:19:21.260,16705,16706,16705,1,-1
2021-10-18 15:19:21.853,16705,16706,16705,1,-1
2021-10-18 15:19:28.514,16704,16705,16705,1,1
2021-10-18 15:19:30.417,16704,16706,16704,1,-1
2021-10-18 15:19:35.482,16704,16705,16704,1,-1
2021-10-18 15:19:37.533,16704,16705,16704,3,-3
2021-10-18 15:19:37.589,16704,16705,16704,1,-1
2021-10-18 15:19:37.711,16703,16704,16703,1,-1
2021-10-18 15:19:38.273,16702,16704,16704,1,1
2021-10-18 15:19:40.235,16702,16703,16702,1,-1
2021-10-18 15:19:40.608,16702,16703,16702,2,-2
2021-10-18 15:19:41.199,16701,16702,16701,4,-4
2021-10-18 15:19:43.724,16700,16701,16700,3,-3
2021-10-18 15:19:43.724,16700,16701,16699,2,-2
2021-10-18 15:19:43.774,16700,16701,16701,2,2
2021-10-18 15:19:43.774,16700,16701,16702,3,3
2021-10-18 15:19:44.014,16700,16702,16700,2,-2
2021-10-18 15:19:46.316,16700,16701,16700,3,-3
2021-10-18 15:19:46.316,16700,16701,16699,2,-2
2021-10-18 15:19:50.550,16699,16700,16700,1,1
2021-10-18 15:19:50.550,16699,16700,16700,3,3
2021-10-18 15:19:50.550,16699,16700,16700,2,2
2021-10-18 15:19:51.832,16699,16701,16701,1,1
2021-10-18 15:19:53.735,16700,16701,16700,1,-1
2021-10-18 15:19:54.691,16700,16701,16700,1,-1
2021-10-18 15:19:57.707,16699,16701,16701,5,5
2021-10-18 15:20:00.016,16700,16701,16700,1,-1
2021-10-18 15:20:04.858,16700,16701,16700,1,-1
2021-10-18 15:20:10.237,16699,16700,16699,1,-1
2021-10-18 15:20:12.264,16699,16700,16699,4,-4
2021-10-18 15:20:12.621,16698,16700,16698,3,-3
2021-10-18 15:20:12.639,16697,16698,16697,5,-5
2021-10-18 15:20:14.063,16696,16698,16696,1,-1
2021-10-18 15:20:14.848,16696,16698,16696,2,-2
2021-10-18 15:20:15.630,16695,16697,16695,1,-1
2021-10-18 15:20:15.732,16695,16697,16695,1,-1
2021-10-18 15:20:15.976,16695,16697,16695,1,-1
2021-10-18 15:20:16.408,16695,16696,16695,1,-1
2021-10-18 15:20:17.376,16695,16696,16696,3,3
2021-10-18 15:20:17.376,16695,16696,16697,2,2
2021-10-18 15:20:20.531,16695,16697,16695,1,-1
2021-10-18 15:20:21.914,16695,16697,16695,1,-1
2021-10-18 15:20:24.513,16695,16696,16696,1,1
2021-10-18 15:20:25.931,16695,16696,16695,1,-1
2021-10-18 15:20:26.883,16695,16696,16696,1,1
2021-10-18 15:20:26.883,16695,16696,16697,4,4
2021-10-18 15:20:31.691,16695,16696,16695,4,-4
2021-10-18 15:20:31.794,16694,16696,16694,3,-3
2021-10-18 15:20:34.111,16693,16695,16695,1,1
2021-10-18 15:20:34.528,16693,16695,16693,2,-2
2021-10-18 15:20:34.729,16693,16695,16694,1,1
2021-10-18 15:20:35.834,16693,16695,16694,2,-2
2021-10-18 15:20:35.834,16693,16695,16695,3,3
2021-10-18 15:20:36.924,16693,16695,16694,1,-1
2021-10-18 15:20:37.004,16693,16695,16693,2,-2
2021-10-18 15:20:37.702,16692,16694,16692,9,-9
2021-10-18 15:20:41.016,16692,16693,16692,5,-5
2021-10-18 15:20:41.350,16691,16692,16692,1,1
2021-10-18 15:20:42.275,16691,16692,16692,1,1
2021-10-18 15:20:43.021,16691,16693,16693,4,4
2021-10-18 15:20:43.021,16691,16693,16694,1,1
2021-10-18 15:20:45.946,16691,16693,16693,1,1
2021-10-18 15:20:45.946,16691,16693,16694,4,4
2021-10-18 15:20:45.951,16691,16693,16692,1,-1
2021-10-18 15:20:47.361,16692,16694,16692,3,-3
2021-10-18 15:20:49.024,16692,16693,16693,3,3
2021-10-18 15:20:49.024,16692,16693,16694,2,2
2021-10-18 15:20:53.830,16692,16693,16693,1,1
2021-10-18 15:20:54.642,16693,16694,16693,1,-1
2021-10-18 15:20:56.491,16693,16694,16693,2,-2
2021-10-18 15:20:56.491,16693,16694,16692,1,-1
2021-10-18 15:20:56.916,16692,16694,16694,5,5
2021-10-18 15:20:58.652,16692,16694,16694,1,1
2021-10-18 15:20:59.784,16692,16694,16692,1,-1
2021-10-18 15:20:59.784,16692,16694,16691,1,-1
2021-10-18 15:21:00.113,16691,16694,16691,2,-2
2021-10-18 15:21:01.048,16691,16693,16693,1,1
2021-10-18 15:21:01.742,16691,16693,16691,2,-2
2021-10-18 15:21:01.942,16690,16692,16692,2,2
2021-10-18 15:21:07.128,16691,16692,16691,2,-2
2021-10-18 15:21:07.128,16691,16692,16690,3,-3
2021-10-18 15:21:07.381,16690,16692,16690,1,-1
2021-10-18 15:21:07.455,16690,16692,16690,1,-1
2021-10-18 15:21:07.508,16690,16692,16690,1,-1
2021-10-18 15:21:07.635,16690,16692,16691,1,1
2021-10-18 15:21:07.754,16690,16691,16690,1,-1
2021-10-18 15:21:07.755,16690,16691,16690,5,-5
2021-10-18 15:21:07.796,16689,16691,16689,1,-1
2021-10-18 15:21:07.900,16689,16691,16689,2,-2
2021-10-18 15:21:07.956,16689,16691,16688,1,-1
2021-10-18 15:21:08.133,16688,16691,16688,2,-2
2021-10-18 15:21:08.627,16688,16690,16688,5,-5
2021-10-18 15:21:09.192,16687,16688,16688,1,1
2021-10-18 15:21:09.699,16687,16689,16687,1,-1
2021-10-18 15:21:09.840,16687,16689,16689,4,4
2021-10-18 15:21:15.514,16687,16688,16687,3,-3
2021-10-18 15:21:18.117,16687,16688,16688,2,2
2021-10-18 15:21:19.134,16687,16688,16687,2,-2
2021-10-18 15:21:19.162,16686,16688,16686,1,-1
2021-10-18 15:21:20.916,16687,16689,16687,1,1
2021-10-18 15:21:21.607,16687,16689,16689,1,1
2021-10-18 15:21:25.532,16687,16689,16687,1,-1
2021-10-18 15:21:26.674,16686,16688,16686,1,-1
2021-10-18 15:21:27.149,16686,16688,16688,1,1
2021-10-18 15:21:27.787,16686,16688,16686,1,-1
2021-10-18 15:21:29.365,16686,16688,16686,2,-2
2021-10-18 15:21:29.985,16686,16687,16686,2,-2
2021-10-18 15:21:29.998,16686,16687,16685,1,-1
2021-10-18 15:21:29.999,16686,16687,16685,7,-7
2021-10-18 15:21:29.999,16686,16687,16685,6,-6
2021-10-18 15:21:30.013,16684,16685,16684,7,-7
2021-10-18 15:21:30.013,16684,16685,16684,1,-1
2021-10-18 15:21:30.013,16684,16685,16684,1,-1
2021-10-18 15:21:30.246,16683,16684,16683,2,-2
2021-10-18 15:21:30.259,16683,16684,16682,1,-1
2021-10-18 15:21:30.411,16682,16684,16682,2,-2
2021-10-18 15:21:31.511,16682,16684,16684,1,1
2021-10-18 15:21:33.489,16682,16684,16684,1,1
2021-10-18 15:21:33.735,16682,16684,16682,2,-2
2021-10-18 15:21:33.787,16682,16684,16684,1,1
2021-10-18 15:21:33.893,16682,16683,16683,2,2
2021-10-18 15:21:34.683,16682,16683,16682,14,-14
2021-10-18 15:21:35.764,16681,16682,16681,1,-1
2021-10-18 15:21:36.010,16681,16682,16681,1,-1
2021-10-18 15:21:36.386,16681,16682,16682,1,1
2021-10-18 15:21:36.592,16681,16682,16682,1,1
2021-10-18 15:21:36.627,16681,16682,16681,1,-1
2021-10-18 15:21:38.235,16681,16682,16682,1,1
2021-10-18 15:21:39.013,16681,16682,16682,1,1
2021-10-18 15:21:40.517,16682,16683,16682,1,-1
2021-10-18 15:21:40.519,16682,16683,16683,1,1
2021-10-18 15:21:40.750,16682,16684,16682,1,-1
2021-10-18 15:21:41.342,16682,16684,16684,1,1
2021-10-18 15:21:42.032,16684,16685,16685,1,1
2021-10-18 15:21:42.032,16684,16685,16685,2,2
2021-10-18 15:21:42.235,16685,16686,16686,1,1
2021-10-18 15:21:42.446,16684,16686,16686,1,1
2021-10-18 15:21:42.675,16685,16686,16686,1,1
2021-10-18 15:21:43.437,16685,16687,16687,1,1
2021-10-18 15:21:43.950,16686,16688,16686,1,-1
2021-10-18 15:21:44.700,16686,16688,16688,5,5
2021-10-18 15:21:45.884,16687,16689,16687,12,-12
2021-10-18 15:21:45.884,16687,16689,16686,18,-18
2021-10-18 15:21:45.886,16687,16689,16686,3,-3
2021-10-18 15:21:46.322,16685,16686,16685,1,-1
2021-10-18 15:21:46.347,16685,16686,16685,1,-1
2021-10-18 15:21:47.654,16683,16685,16683,1,-1
2021-10-18 15:21:48.032,16684,16685,16684,1,1
2021-10-18 15:21:50.506,16684,16685,16684,1,-1
2021-10-18 15:21:51.053,16683,16685,16683,1,-1
2021-10-18 15:21:51.218,16682,16683,16682,2,-2
2021-10-18 15:21:51.510,16682,16683,16683,1,1
2021-10-18 15:21:53.082,16682,16683,16683,4,4
2021-10-18 15:21:53.082,16682,16683,16684,1,1
2021-10-18 15:21:56.487,16682,16684,16684,2,2
2021-10-18 15:21:59.130,16683,16684,16684,3,3
2021-10-18 15:21:59.130,16683,16684,16685,2,2
2021-10-18 15:21:59.312,16683,16685,16685,1,1
2021-10-18 15:22:00.710,16683,16685,16685,1,1
2021-10-18 15:22:00.710,16683,16685,16686,1,1
2021-10-18 15:22:03.315,16683,16684,16684,3,3
2021-10-18 15:22:03.786,16683,16685,16685,5,5
2021-10-18 15:22:09.017,16683,16685,16685,1,1
2021-10-18 15:22:12.529,16683,16685,16685,1,1
2021-10-18 15:22:12.641,16683,16685,16683,1,-1
2021-10-18 15:22:12.641,16683,16685,16683,1,-1
2021-10-18 15:22:12.641,16683,16685,16683,1,-1
2021-10-18 15:22:12.641,16683,16685,16683,1,-1
2021-10-18 15:22:12.641,16683,16685,16683,1,-1
2021-10-18 15:22:12.642,16683,16685,16683,1,-1
2021-10-18 15:22:12.642,16683,16685,16683,1,-1
2021-10-18 15:22:12.642,16683,16685,16682,1,-1
2021-10-18 15:22:12.770,16682,16685,16682,1,-1
2021-10-18 15:22:14.129,16682,16684,16682,4,-4
2021-10-18 15:22:14.342,16682,16685,16682,1,-1
2021-10-18 15:22:17.596,16682,16685,16684,1,1
2021-10-18 15:22:19.594,16682,16683,16682,1,-1
2021-10-18 15:22:19.641,16682,16683,16682,1,-1
2021-10-18 15:22:22.083,16681,16682,16682,1,1
2021-10-18 15:22:24.305,16681,16682,16681,3,-3
2021-10-18 15:22:24.309,16681,16682,16681,3,-3
2021-10-18 15:22:24.316,16681,16682,16681,4,-4
2021-10-18 15:22:25.775,16680,16681,16681,1,1
2021-10-18 15:22:26.672,16680,16681,16681,1,1
2021-10-18 15:22:28.117,16680,16682,16680,1,-1
2021-10-18 15:22:28.168,16680,16682,16680,1,-1
2021-10-18 15:22:28.186,16680,16682,16680,1,-1
2021-10-18 15:22:28.747,16680,16681,16680,1,-1
2021-10-18 15:22:29.033,16680,16681,16681,1,1
2021-10-18 15:22:31.799,16680,16681,16680,4,-4
2021-10-18 15:22:32.140,16680,16681,16680,2,-2
2021-10-18 15:22:34.177,16680,16681,16680,1,-1
2021-10-18 15:22:34.629,16680,16681,16681,2,2
2021-10-18 15:22:35.866,16680,16681,16680,1,-1
2021-10-18 15:22:35.868,16680,16681,16680,1,-1
2021-10-18 15:22:36.276,16680,16681,16681,1,1
2021-10-18 15:22:38.149,16680,16681,16681,1,1
2021-10-18 15:22:38.165,16680,16681,16681,1,1
2021-10-18 15:22:38.257,16680,16681,16681,1,1
2021-10-18 15:22:38.394,16681,16682,16682,2,2
2021-10-18 15:22:38.437,16681,16682,16682,1,1
2021-10-18 15:22:38.546,16682,16683,16682,2,-2
2021-10-18 15:22:38.870,16682,16684,16682,3,-3
2021-10-18 15:22:45.019,16681,16682,16681,2,-2
2021-10-18 15:22:45.336,16681,16682,16682,1,1
2021-10-18 15:22:49.799,16681,16682,16682,1,1
2021-10-18 15:22:50.735,16681,16682,16681,1,-1
2021-10-18 15:22:52.821,16681,16682,16681,1,-1
2021-10-18 15:22:54.371,16681,16682,16682,1,1
2021-10-18 15:22:55.159,16681,16682,16682,1,1
2021-10-18 15:22:55.604,16681,16682,16681,2,-2
2021-10-18 15:22:56.808,16681,16682,16681,2,-2
2021-10-18 15:22:57.255,16680,16681,16681,5,5
2021-10-18 15:22:57.255,16680,16681,16681,1,1
2021-10-18 15:22:57.566,16680,16681,16681,1,1
2021-10-18 15:22:58.258,16680,16681,16680,60,-60
2021-10-18 15:22:58.259,16680,16681,16679,3,-3
2021-10-18 15:22:58.260,16680,16681,16678,8,-8
2021-10-18 15:22:58.262,16680,16681,16677,6,-6
2021-10-18 15:22:58.262,16680,16681,16677,1,-1
2021-10-18 15:22:58.262,16680,16681,16677,1,-1
2021-10-18 15:22:58.262,16680,16681,16677,1,-1
2021-10-18 15:22:58.262,16680,16681,16677,2,-2
2021-10-18 15:22:58.311,16676,16677,16676,1,-1
2021-10-18 15:22:58.320,16676,16677,16676,2,-2
2021-10-18 15:22:58.320,16676,16677,16676,1,-1
2021-10-18 15:22:58.320,16676,16677,16676,3,-3
2021-10-18 15:22:58.340,16676,16677,16676,2,-2
2021-10-18 15:22:58.395,16676,16677,16676,3,-3
2021-10-18 15:22:58.516,16675,16677,16675,1,-1
2021-10-18 15:22:58.548,16675,16677,16677,1,1
2021-10-18 15:22:58.569,16675,16677,16676,2,-2
2021-10-18 15:22:58.569,16675,16677,16675,3,-3
2021-10-18 15:22:58.573,16675,16677,16675,1,-1
2021-10-18 15:22:58.581,16675,16677,16675,1,-1
2021-10-18 15:22:58.598,16675,16677,16675,2,-2
2021-10-18 15:22:58.646,16675,16677,16675,3,-3
2021-10-18 15:22:58.654,16675,16677,16675,2,-2
2021-10-18 15:22:58.701,16675,16677,16675,1,-1
2021-10-18 15:22:58.729,16675,16677,16675,1,-1
2021-10-18 15:22:58.749,16675,16677,16675,1,-1
2021-10-18 15:22:58.757,16675,16677,16675,1,-1
2021-10-18 15:22:58.773,16675,16677,16675,1,-1
2021-10-18 15:22:58.800,16675,16677,16675,1,-1
2021-10-18 15:22:58.810,16675,16677,16675,1,-1
2021-10-18 15:22:58.875,16675,16677,16674,1,-1
2021-10-18 15:22:58.979,16674,16676,16674,1,-1
2021-10-18 15:22:58.984,16674,16676,16674,1,-1
2021-10-18 15:22:58.997,16674,16676,16674,2,-2
2021-10-18 15:22:59.084,16674,16676,16674,4,-4
2021-10-18 15:22:59.092,16674,16676,16674,1,-1
2021-10-18 15:22:59.164,16674,16676,16674,3,-3
2021-10-18 15:22:59.181,16674,16676,16674,3,-3
2021-10-18 15:22:59.296,16674,16676,16674,4,-4
2021-10-18 15:22:59.298,16674,16676,16674,1,-1
2021-10-18 15:22:59.379,16674,16676,16675,3,3
2021-10-18 15:22:59.578,16674,16677,16674,1,-1
2021-10-18 15:22:59.626,16674,16677,16674,1,-1
2021-10-18 15:22:59.646,16674,16677,16674,1,-1
2021-10-18 15:22:59.668,16674,16677,16674,1,-1
2021-10-18 15:22:59.743,16674,16677,16674,2,-2
2021-10-18 15:22:59.761,16674,16677,16674,1,-1
2021-10-18 15:22:59.765,16674,16677,16674,2,-2
2021-10-18 15:22:59.796,16674,16677,16674,1,-1
2021-10-18 15:23:00.433,16675,16677,16677,1,1
2021-10-18 15:23:00.519,16676,16678,16676,1,-1
2021-10-18 15:23:00.640,16676,16678,16678,1,1
2021-10-18 15:23:02.807,16676,16677,16676,1,-1
2021-10-18 15:23:02.892,16675,16677,16675,1,-1
2021-10-18 15:23:02.892,16675,16677,16675,1,-1
2021-10-18 15:23:03.413,16675,16676,16675,2,-2
2021-10-18 15:23:03.553,16675,16676,16675,1,-1
2021-10-18 15:23:03.582,16675,16676,16676,1,1
2021-10-18 15:23:04.367,16675,16676,16676,1,1
2021-10-18 15:23:04.980,16675,16677,16675,1,-1
2021-10-18 15:23:05.920,16675,16677,16675,4,-4
2021-10-18 15:23:06.172,16675,16676,16675,2,-2
2021-10-18 15:23:07.318,16675,16677,16675,1,-1
2021-10-18 15:23:07.320,16675,16677,16675,1,-1
2021-10-18 15:23:07.390,16674,16676,16674,1,-1
2021-10-18 15:23:07.391,16674,16676,16674,1,-1
2021-10-18 15:23:07.391,16674,16676,16674,1,-1
2021-10-18 15:23:07.392,16674,16676,16674,1,-1
2021-10-18 15:23:09.549,16674,16676,16676,1,1
2021-10-18 15:23:10.860,16675,16676,16676,1,1
2021-10-18 15:23:11.107,16675,16677,16675,1,-1
2021-10-18 15:23:11.223,16675,16677,16677,5,5
2021-10-18 15:23:11.548,16676,16678,16676,3,-3
2021-10-18 15:23:13.465,16676,16678,16676,2,-2
2021-10-18 15:23:13.644,16676,16678,16678,9,9
2021-10-18 15:23:14.181,16679,16680,16679,2,2
2021-10-18 15:23:15.018,16679,16680,16680,1,1
2021-10-18 15:23:15.139,16679,16680,16680,2,2
2021-10-18 15:23:15.139,16679,16680,16680,1,1
2021-10-18 15:23:15.634,16680,16682,16682,1,1
2021-10-18 15:23:15.634,16680,16682,16683,4,4
2021-10-18 15:23:16.744,16681,16684,16683,1,-1
2021-10-18 15:23:16.969,16681,16683,16681,1,-1
2021-10-18 15:23:17.764,16681,16682,16681,3,-3
2021-10-18 15:23:17.946,16680,16682,16682,1,1
2021-10-18 15:23:19.532,16680,16681,16681,1,1
2021-10-18 15:23:20.819,16680,16681,16680,5,-5
2021-10-18 15:23:22.161,16678,16680,16680,2,2
2021-10-18 15:23:25.243,16678,16680,16680,1,1
2021-10-18 15:23:28.954,16678,16679,16679,1,1
2021-10-18 15:23:29.239,16678,16679,16678,2,-2
2021-10-18 15:23:29.266,16678,16679,16678,1,-1
2021-10-18 15:23:29.266,16678,16679,16678,1,-1
2021-10-18 15:23:29.267,16678,16679,16677,1,-1
2021-10-18 15:23:29.489,16678,16679,16678,1,1
2021-10-18 15:23:30.658,16678,16679,16678,1,-1
2021-10-18 15:23:30.658,16678,16679,16677,1,-1
2021-10-18 15:23:30.979,16678,16679,16679,1,1
2021-10-18 15:23:31.445,16678,16679,16679,1,1
2021-10-18 15:23:31.461,16678,16679,16680,3,3
2021-10-18 15:23:32.510,16679,16681,16679,1,-1
2021-10-18 15:23:35.087,16680,16681,16680,1,1
2021-10-18 15:23:35.205,16680,16681,16681,3,3
2021-10-18 15:23:36.206,16681,16682,16681,2,-2
2021-10-18 15:23:36.290,16680,16682,16680,1,-1
2021-10-18 15:23:36.825,16680,16681,16680,1,-1
2021-10-18 15:23:38.845,16679,16681,16681,1,1
2021-10-18 15:23:39.147,16679,16681,16681,1,1
2021-10-18 15:23:40.419,16679,16681,16679,5,-5
2021-10-18 15:23:40.885,16678,16680,16680,1,1
2021-10-18 15:23:41.979,16679,16681,16680,1,-1
2021-10-18 15:23:45.628,16679,16680,16680,1,1
2021-10-18 15:23:48.490,16679,16680,16679,1,-1
2021-10-18 15:23:49.333,16679,16680,16680,1,1
2021-10-18 15:23:49.333,16679,16680,16680,1,1
2021-10-18 15:23:49.333,16679,16680,16680,2,2
2021-10-18 15:23:49.333,16679,16680,16680,1,1
2021-10-18 15:23:49.391,16679,16681,16679,1,-1
2021-10-18 15:23:49.503,16679,16681,16681,2,2
2021-10-18 15:23:50.061,16680,16681,16680,1,-1
2021-10-18 15:23:51.606,16678,16679,16678,1,-1
2021-10-18 15:23:53.005,16677,16678,16678,1,1
2021-10-18 15:23:53.397,16677,16678,16677,3,-3
2021-10-18 15:23:57.877,16677,16678,16678,1,1
2021-10-18 15:23:58.868,16677,16678,16678,1,1
2021-10-18 15:23:58.904,16678,16679,16678,1,-1
2021-10-18 15:24:02.439,16679,16680,16679,4,4
2021-10-18 15:24:02.439,16679,16680,16678,1,-1
2021-10-18 15:24:03.322,16679,16680,16679,1,1
2021-10-18 15:24:03.383,16679,16680,16680,1,1
2021-10-18 15:24:04.516,16679,16680,16679,3,-3
2021-10-18 15:24:04.516,16679,16680,16678,7,-7
2021-10-18 15:24:04.559,16679,16680,16680,1,1
2021-10-18 15:24:04.666,16678,16680,16680,1,1
2021-10-18 15:24:04.685,16678,16680,16681,1,1
2021-10-18 15:24:10.258,16679,16680,16680,2,2
2021-10-18 15:24:12.035,16679,16680,16680,4,4
2021-10-18 15:24:12.035,16679,16680,16681,1,1
2021-10-18 15:24:13.382,16680,16681,16680,1,-1
2021-10-18 15:24:15.074,16680,16681,16681,1,1
2021-10-18 15:24:15.957,16680,16681,16681,2,2
2021-10-18 15:24:16.762,16681,16682,16682,1,1
2021-10-18 15:24:16.762,16681,16682,16683,2,2
2021-10-18 15:24:17.314,16681,16683,16681,1,-1
2021-10-18 15:24:17.556,16681,16683,16681,1,-1
2021-10-18 15:24:20.564,16681,16683,16681,1,-1
2021-10-18 15:24:23.165,16679,16680,16680,1,1
2021-10-18 15:24:24.894,16679,16680,16680,1,1
2021-10-18 15:24:24.894,16679,16680,16681,2,2
2021-10-18 15:24:25.748,16679,16680,16680,1,1
2021-10-18 15:24:27.870,16679,16681,16679,3,-3
2021-10-18 15:24:28.065,16679,16681,16681,1,1
2021-10-18 15:24:28.287,16681,16683,16681,1,-1
2021-10-18 15:24:35.218,16681,16683,16681,1,-1
2021-10-18 15:24:40.591,16681,16682,16681,1,-1
2021-10-18 15:24:41.213,16680,16681,16680,1,-1
2021-10-18 15:24:41.213,16680,16681,16680,1,-1
2021-10-18 15:24:43.987,16680,16682,16680,1,-1
2021-10-18 15:24:50.148,16680,16682,16680,1,-1
2021-10-18 15:25:02.798,16681,16682,16682,4,4
2021-10-18 15:25:02.798,16681,16682,16682,1,1
2021-10-18 15:25:03.308,16682,16683,16683,1,1
2021-10-18 15:25:03.308,16682,16683,16683,6,6
2021-10-18 15:25:05.994,16683,16684,16684,1,1
2021-10-18 15:25:07.155,16683,16684,16684,3,3
2021-10-18 15:25:07.800,16684,16685,16684,1,-1
2021-10-18 15:25:09.179,16684,16685,16684,5,-5
2021-10-18 15:25:09.179,16684,16685,16683,8,-8
2021-10-18 15:25:09.180,16684,16685,16683,4,-4
2021-10-18 15:25:09.180,16684,16685,16683,6,-6
2021-10-18 15:25:09.180,16684,16685,16683,1,-1
2021-10-18 15:25:09.180,16684,16685,16683,2,-2
2021-10-18 15:25:09.180,16684,16685,16683,1,-1
2021-10-18 15:25:09.447,16683,16684,16683,1,-1
2021-10-18 15:25:17.109,16683,16684,16683,1,-1
2021-10-18 15:25:18.774,16683,16684,16683,1,-1
2021-10-18 15:25:20.288,16682,16683,16682,1,-1
2021-10-18 15:25:20.434,16681,16683,16683,1,1
2021-10-18 15:25:21.621,16681,16683,16683,1,1
2021-10-18 15:25:24.312,16681,16683,16683,2,2
2021-10-18 15:25:28.430,16683,16684,16684,4,4
2021-10-18 15:25:28.430,16683,16684,16685,1,1
2021-10-18 15:25:28.811,16683,16685,16683,4,-4
2021-10-18 15:25:33.929,16683,16685,16685,1,1
2021-10-18 15:25:34.256,16683,16685,16683,1,-1
2021-10-18 15:25:38.868,16683,16684,16683,1,-1
2021-10-18 15:25:40.585,16683,16684,16683,1,-1
2021-10-18 15:25:40.660,16683,16684,16683,2,-2
2021-10-18 15:25:42.175,16683,16684,16684,2,2
2021-10-18 15:25:46.561,16683,16685,16683,4,-4
2021-10-18 15:25:59.520,16683,16685,16683,1,-1
2021-10-18 15:26:01.103,16683,16685,16684,1,1
2021-10-18 15:26:01.372,16683,16685,16683,1,-1
2021-10-18 15:26:01.424,16683,16684,16683,1,-1
2021-10-18 15:26:01.711,16682,16684,16682,2,-2
2021-10-18 15:26:02.559,16683,16684,16683,1,1
2021-10-18 15:26:03.421,16683,16684,16683,1,-1
2021-10-18 15:26:03.798,16683,16684,16683,3,-3
2021-10-18 15:26:05.784,16683,16684,16683,1,-1
2021-10-18 15:26:12.830,16683,16684,16683,1,-1
2021-10-18 15:26:16.237,16682,16683,16683,1,1
2021-10-18 15:26:17.541,16683,16684,16684,1,1
2021-10-18 15:26:17.541,16683,16684,16684,1,1
2021-10-18 15:26:24.497,16684,16685,16685,3,3
2021-10-18 15:26:24.497,16684,16685,16685,1,1
2021-10-18 15:26:28.964,16685,16686,16686,3,3
2021-10-18 15:26:29.116,16686,16687,16687,2,2
2021-10-18 15:26:29.722,16686,16688,16688,5,5
2021-10-18 15:26:30.475,16686,16688,16688,1,1
2021-10-18 15:26:31.942,16686,16688,16688,1,1
2021-10-18 15:26:33.676,16687,16689,16689,5,5
2021-10-18 15:26:33.936,16687,16689,16688,1,-1
2021-10-18 15:26:36.386,16687,16689,16689,1,1
2021-10-18 15:26:39.526,16688,16689,16688,1,-1
2021-10-18 15:26:40.203,16688,16689,16688,1,-1
2021-10-18 15:26:40.204,16688,16689,16688,3,-3
2021-10-18 15:26:40.752,16687,16688,16688,1,1
2021-10-18 15:26:45.705,16687,16688,16688,2,2
2021-10-18 15:26:46.548,16687,16689,16687,1,-1
2021-10-18 15:26:46.619,16687,16689,16688,1,1
2021-10-18 15:26:46.746,16688,16689,16689,1,1
2021-10-18 15:26:52.621,16688,16689,16689,1,1
2021-10-18 15:26:52.762,16688,16689,16689,1,1
2021-10-18 15:26:53.156,16689,16690,16690,1,1
2021-10-18 15:26:53.289,16689,16690,16690,1,1
2021-10-18 15:26:57.416,16689,16690,16690,1,1
2021-10-18 15:26:58.185,16689,16690,16690,1,1
2021-10-18 15:26:58.764,16689,16690,16689,2,-2
2021-10-18 15:27:01.495,16688,16690,16688,2,-2
2021-10-18 15:27:02.345,16687,16688,16688,3,3
2021-10-18 15:27:02.345,16687,16688,16689,1,1
2021-10-18 15:27:02.600,16687,16688,16688,1,1
2021-10-18 15:27:02.600,16687,16688,16689,3,3
2021-10-18 15:27:04.935,16687,16690,16687,1,-1
2021-10-18 15:27:06.204,16687,16689,16689,2,2
2021-10-18 15:27:09.830,16687,16689,16689,1,1
2021-10-18 15:27:16.423,16688,16689,16688,3,-3
2021-10-18 15:27:16.423,16688,16689,16688,1,-1
2021-10-18 15:27:27.203,16687,16688,16687,2,-2
2021-10-18 15:27:27.619,16687,16688,16688,3,3
2021-10-18 15:27:28.175,16688,16689,16689,3,3
2021-10-18 15:27:30.847,16688,16689,16688,2,-2
2021-10-18 15:27:36.778,16688,16689,16689,6,6
2021-10-18 15:27:49.925,16689,16690,16690,6,6
2021-10-18 15:27:49.925,16689,16690,16690,1,1
2021-10-18 15:27:49.925,16689,16690,16690,1,1
2021-10-18 15:27:50.140,16690,16692,16690,1,-1
2021-10-18 15:27:53.580,16690,16692,16690,1,-1
2021-10-18 15:27:55.793,16691,16692,16691,1,1
2021-10-18 15:28:10.758,16691,16692,16692,1,1
2021-10-18 15:28:11.356,16691,16692,16691,2,-2
2021-10-18 15:28:11.414,16691,16692,16691,1,-1
2021-10-18 15:28:11.482,16691,16692,16691,1,-1
2021-10-18 15:28:11.547,16691,16692,16691,1,-1
2021-10-18 15:28:12.072,16691,16692,16691,2,-2
2021-10-18 15:28:17.504,16690,16692,16692,1,1
2021-10-18 15:28:20.762,16690,16692,16692,1,1
2021-10-18 15:28:23.414,16690,16692,16692,1,1
2021-10-18 15:28:23.414,16690,16692,16692,1,1
2021-10-18 15:28:23.418,16690,16692,16692,2,2
2021-10-18 15:28:23.421,16690,16692,16692,2,2
2021-10-18 15:28:23.422,16690,16692,16692,2,2
2021-10-18 15:28:24.673,16692,16693,16693,2,2
2021-10-18 15:28:24.673,16692,16693,16693,2,2
2021-10-18 15:28:24.789,16693,16694,16694,2,2
2021-10-18 15:28:24.864,16693,16694,16694,1,1
2021-10-18 15:28:24.864,16693,16694,16695,2,2
2021-10-18 15:28:24.919,16693,16695,16695,1,1
2021-10-18 15:28:26.126,16693,16695,16693,2,-2
2021-10-18 15:28:30.097,16692,16693,16692,1,-1
2021-10-18 15:28:32.147,16692,16693,16693,1,1
2021-10-18 15:28:33.582,16693,16694,16693,1,-1
2021-10-18 15:28:33.582,16693,16694,16692,4,-4
2021-10-18 15:28:36.055,16692,16694,16694,3,3
2021-10-18 15:28:47.277,16693,16694,16693,2,-2
2021-10-18 15:28:47.357,16693,16694,16692,2,-2
2021-10-18 15:28:47.357,16693,16694,16691,3,-3
2021-10-18 15:28:53.348,16691,16692,16691,1,-1
2021-10-18 15:29:08.044,16691,16692,16692,1,1
2021-10-18 15:29:08.900,16691,16692,16692,1,1
2021-10-18 15:29:13.047,16691,16692,16691,1,-1
2021-10-18 15:29:19.361,16690,16692,16690,1,-1
2021-10-18 15:29:24.344,16690,16691,16690,2,-2
2021-10-18 15:29:25.642,16690,16691,16690,1,-1
2021-10-18 15:29:25.643,16690,16691,16690,1,-1
2021-10-18 15:29:25.643,16690,16691,16690,3,-3
2021-10-18 15:29:25.909,16689,16690,16690,1,1
2021-10-18 15:29:26.304,16689,16691,16690,1,-1
2021-10-18 15:29:29.753,16689,16690,16689,2,-2
2021-10-18 15:29:30.853,16689,16690,16690,1,1
2021-10-18 15:29:33.119,16688,16690,16688,1,-1
2021-10-18 15:29:41.388,16689,16690,16689,2,2
2021-10-18 15:29:41.389,16689,16690,16689,3,-3
2021-10-18 15:29:42.159,16687,16690,16690,1,1
2021-10-18 15:30:04.394,16689,16690,16690,2,2
2021-10-18 15:30:04.416,16689,16690,16690,1,1
2021-10-18 15:30:04.529,16690,16691,16691,1,1
2021-10-18 15:30:04.668,16690,16691,16691,1,1
2021-10-18 15:30:04.814,16690,16692,16690,2,-2
2021-10-18 15:30:04.826,16690,16692,16690,2,-2
2021-10-18 15:30:04.866,16690,16692,16689,2,-2
2021-10-18 15:30:04.896,16689,16691,16689,1,-1
2021-10-18 15:30:04.914,16689,16691,16689,2,-2
2021-10-18 15:30:04.954,16689,16691,16688,2,-2
2021-10-18 15:30:05.029,16688,16690,16688,1,-1
2021-10-18 15:30:05.030,16688,16690,16688,3,-3
2021-10-18 15:30:05.030,16688,16690,16687,1,-1
2021-10-18 15:30:05.053,16688,16690,16689,2,2
2021-10-18 15:30:05.053,16688,16690,16687,4,-4
2021-10-18 15:30:05.072,16688,16690,16687,1,-1
2021-10-18 15:30:05.141,16687,16689,16689,1,1
2021-10-18 15:30:05.479,16687,16689,16689,1,1
2021-10-18 15:30:06.777,16687,16689,16687,1,-1
2021-10-18 15:30:11.274,16687,16689,16689,3,3
2021-10-18 15:30:11.391,16688,16691,16691,1,1
2021-10-18 15:30:11.391,16688,16691,16691,1,1
2021-10-18 15:30:11.391,16688,16691,16691,1,1
2021-10-18 15:30:11.392,16688,16691,16691,1,1
2021-10-18 15:30:11.392,16688,16691,16691,1,1
2021-10-18 15:30:11.392,16688,16691,16692,1,1
2021-10-18 15:30:11.393,16688,16691,16692,1,1
2021-10-18 15:30:11.403,16688,16691,16691,1,1
2021-10-18 15:30:11.752,16689,16691,16691,1,1
2021-10-18 15:30:12.093,16689,16691,16691,1,1
2021-10-18 15:30:12.406,16689,16691,16691,1,1
2021-10-18 15:30:13.735,16688,16691,16689,1,-1
2021-10-18 15:30:13.791,16688,16691,16691,1,1
2021-10-18 15:30:16.220,16688,16689,16688,1,-1
2021-10-18 15:30:16.990,16686,16688,16688,1,1
2021-10-18 15:30:17.335,16686,16688,16686,1,-1
2021-10-18 15:30:17.391,16686,16688,16688,1,1
2021-10-18 15:30:17.391,16686,16688,16688,1,1
2021-10-18 15:30:17.391,16686,16688,16688,1,1
2021-10-18 15:30:17.391,16686,16688,16689,1,1
2021-10-18 15:30:17.391,16686,16688,16689,1,1
2021-10-18 15:30:17.391,16686,16688,16689,1,1
2021-10-18 15:30:17.391,16686,16688,16689,1,1
2021-10-18 15:30:17.391,16686,16688,16689,1,1
2021-10-18 15:30:17.392,16686,16688,16689,1,1
2021-10-18 15:30:17.392,16686,16688,16689,1,1
2021-10-18 15:30:17.392,16686,16688,16689,1,1
2021-10-18 15:30:17.392,16686,16688,16689,1,1
2021-10-18 15:30:17.392,16686,16688,16690,1,1
2021-10-18 15:30:17.393,16686,16688,16690,1,1
2021-10-18 15:30:17.393,16686,16688,16690,1,1
2021-10-18 15:30:17.393,16686,16688,16690,1,1
2021-10-18 15:30:17.811,16687,16690,16690,2,2
2021-10-18 15:30:17.906,16688,16690,16690,2,2
2021-10-18 15:30:19.664,16687,16690,16687,1,-1
2021-10-18 15:30:25.418,16688,16690,16690,1,1
2021-10-18 15:30:26.295,16689,16692,16690,1,-1
2021-10-18 15:30:30.749,16690,16692,16690,1,-1
2021-10-18 15:30:30.767,16690,16692,16692,1,1
2021-10-18 15:30:30.889,16690,16692,16692,2,2
2021-10-18 15:30:31.791,16691,16692,16692,1,1
2021-10-18 15:30:32.342,16692,16693,16692,2,-2
2021-10-18 15:30:33.065,16692,16693,16693,1,1
2021-10-18 15:30:34.881,16692,16693,16692,1,-1
2021-10-18 15:30:35.597,16692,16693,16692,1,-1
2021-10-18 15:30:45.634,16689,16691,16691,1,1
2021-10-18 15:30:46.505,16689,16691,16691,2,2
2021-10-18 15:30:46.517,16689,16691,16691,1,1
2021-10-18 15:30:47.883,16689,16691,16691,1,1
2021-10-18 15:30:52.851,16689,16690,16689,1,-1
2021-10-18 15:30:54.641,16688,16689,16688,5,-5
2021-10-18 15:31:02.051,16687,16688,16687,1,-1
2021-10-18 15:31:02.051,16687,16688,16687,1,-1
2021-10-18 15:31:02.052,16687,16688,16687,1,-1
2021-10-18 15:31:02.052,16687,16688,16687,1,-1
2021-10-18 15:31:02.052,16687,16688,16687,1,-1
2021-10-18 15:31:02.052,16687,16688,16687,1,-1
2021-10-18 15:31:12.824,16687,16688,16687,1,-1
2021-10-18 15:31:12.892,16687,16688,16688,1,1
2021-10-18 15:31:16.325,16687,16688,16687,1,-1
2021-10-18 15:31:24.852,16686,16688,16688,3,3
2021-10-18 15:31:24.891,16686,16688,16688,1,1
2021-10-18 15:31:42.886,16687,16689,16687,1,-1
2021-10-18 15:31:48.660,16687,16689,16687,2,-2
2021-10-18 15:31:48.766,16687,16689,16689,1,1
2021-10-18 15:31:48.766,16687,16689,16689,1,1
2021-10-18 15:31:48.766,16687,16689,16689,1,1
2021-10-18 15:31:50.392,16688,16690,16690,2,2
2021-10-18 15:32:01.319,16689,16690,16689,1,-1
2021-10-18 15:32:01.319,16689,16690,16689,1,-1
2021-10-18 15:32:08.173,16688,16689,16688,2,-2
2021-10-18 15:32:08.420,16687,16688,16688,1,1
2021-10-18 15:32:09.269,16687,16688,16687,1,-1
2021-10-18 15:32:10.947,16686,16687,16686,10,-10
2021-10-18 15:32:16.227,16686,16687,16687,1,1
2021-10-18 15:32:16.227,16686,16687,16687,5,5
2021-10-18 15:32:16.227,16686,16687,16687,2,2
2021-10-18 15:32:16.227,16686,16687,16687,5,5
2021-10-18 15:32:22.675,16686,16688,16688,2,2
2021-10-18 15:32:24.122,16686,16688,16688,2,2
2021-10-18 15:32:32.561,16686,16688,16686,1,-1
2021-10-18 15:32:48.691,16686,16687,16686,1,-1
2021-10-18 15:32:50.047,16686,16687,16686,3,-3
2021-10-18 15:32:50.273,16686,16687,16687,1,1
2021-10-18 15:32:50.273,16686,16687,16687,1,1
2021-10-18 15:32:50.273,16686,16687,16687,1,1
2021-10-18 15:32:55.144,16686,16687,16687,1,1
2021-10-18 15:32:55.202,16686,16687,16687,1,1
2021-10-18 15:32:56.647,16687,16688,16688,2,2
2021-10-18 15:32:59.781,16686,16688,16686,2,-2
2021-10-18 15:33:05.301,16687,16688,16687,1,1
2021-10-18 15:33:06.594,16687,16688,16688,2,2
2021-10-18 15:33:06.594,16687,16688,16688,1,1
2021-10-18 15:33:06.940,16687,16688,16688,1,1
2021-10-18 15:33:15.878,16688,16689,16688,1,-1
2021-10-18 15:33:25.106,16688,16689,16689,1,1
2021-10-18 15:33:26.641,16689,16690,16690,2,2
2021-10-18 15:33:30.414,16689,16690,16690,5,5
2021-10-18 15:33:58.817,16689,16690,16689,2,-2
2021-10-18 15:34:14.529,16689,16690,16689,4,-4
2021-10-18 15:34:15.190,16687,16689,16687,1,-1
2021-10-18 15:34:23.354,16689,16690,16689,1,1
2021-10-18 15:34:24.209,16688,16690,16690,1,1
2021-10-18 15:34:28.244,16689,16690,16689,1,-1
2021-10-18 15:34:34.409,16688,16689,16689,1,1
2021-10-18 15:34:48.864,16688,16689,16689,1,1
2021-10-18 15:34:50.893,16689,16690,16690,3,3
2021-10-18 15:34:52.096,16690,16691,16691,1,1
2021-10-18 15:34:54.984,16690,16692,16692,9,9
2021-10-18 15:34:54.985,16690,16692,16692,1,1
2021-10-18 15:35:05.698,16691,16693,16693,1,1
2021-10-18 15:35:06.032,16691,16693,16693,2,2
2021-10-18 15:35:15.581,16691,16692,16692,1,1
2021-10-18 15:35:16.051,16691,16692,16691,6,-6
2021-10-18 15:35:16.051,16691,16692,16690,1,-1
2021-10-18 15:35:36.176,16690,16692,16690,1,-1
2021-10-18 15:35:38.705,16691,16692,16691,2,2
2021-10-18 15:35:38.705,16691,16692,16690,3,-3
2021-10-18 15:35:40.730,16691,16692,16691,1,1
2021-10-18 15:35:48.671,16691,16692,16691,3,-3
2021-10-18 15:35:48.671,16691,16692,16690,2,-2
2021-10-18 15:35:50.238,16690,16692,16692,1,1
2021-10-18 15:35:59.388,16692,16693,16693,2,2
2021-10-18 15:36:00.170,16692,16694,16694,1,1
2021-10-18 15:36:01.231,16693,16694,16694,2,2
2021-10-18 15:36:07.620,16693,16694,16693,1,-1
2021-10-18 15:36:10.952,16693,16694,16693,1,-1
2021-10-18 15:36:11.730,16692,16694,16693,1,-1
2021-10-18 15:36:12.204,16692,16693,16693,1,1
2021-10-18 15:36:15.084,16693,16694,16693,1,-1
2021-10-18 15:36:15.084,16693,16694,16692,4,-4
2021-10-18 15:36:18.785,16691,16693,16691,3,-3
2021-10-18 15:36:26.922,16691,16693,16692,1,1
2021-10-18 15:36:26.975,16691,16693,16691,4,-4
2021-10-18 15:36:26.975,16691,16693,16690,1,-1
2021-10-18 15:36:31.424,16691,16693,16693,1,1
2021-10-18 15:36:34.882,16691,16693,16691,5,-5
2021-10-18 15:36:41.706,16690,16691,16690,5,-5
2021-10-18 15:36:43.123,16689,16690,16689,1,-1
2021-10-18 15:37:00.878,16690,16691,16690,1,1
2021-10-18 15:37:05.596,16690,16691,16690,1,-1
2021-10-18 15:37:07.883,16690,16691,16690,1,-1
2021-10-18 15:37:12.223,16689,16691,16689,1,-1
2021-10-18 15:37:29.185,16689,16690,16690,1,1
2021-10-18 15:37:29.605,16689,16691,16689,1,-1
2021-10-18 15:37:33.064,16689,16690,16689,1,-1
2021-10-18 15:37:36.295,16689,16690,16689,2,-2
2021-10-18 15:37:37.753,16688,16690,16690,1,1
2021-10-18 15:37:58.476,16688,16689,16689,1,1
2021-10-18 15:37:58.480,16688,16689,16689,2,2
2021-10-18 15:37:58.481,16688,16689,16689,1,1
2021-10-18 15:38:08.961,16688,16689,16688,2,-2
2021-10-18 15:38:15.075,16688,16689,16688,2,-2
2021-10-18 15:38:19.717,16688,16689,16688,1,-1
2021-10-18 15:38:37.252,16688,16689,16688,1,-1
2021-10-18 15:38:40.109,16687,16689,16689,2,2
2021-10-18 15:38:55.829,16688,16689,16689,2,2
2021-10-18 15:38:57.140,16688,16690,16690,5,5
2021-10-18 15:38:57.291,16688,16690,16690,3,3
2021-10-18 15:39:06.588,16688,16690,16690,2,2
2021-10-18 15:39:35.567,16688,16689,16689,1,1
2021-10-18 15:39:36.627,16688,16690,16688,1,-1
2021-10-18 15:39:40.675,16688,16689,16688,3,-3
2021-10-18 15:39:48.735,16687,16688,16687,1,-1
2021-10-18 15:39:53.904,16687,16688,16687,2,-2
2021-10-18 15:39:55.510,16687,16688,16687,1,-1
2021-10-18 15:39:58.385,16687,16688,16687,1,-1
2021-10-18 15:40:00.511,16687,16688,16687,2,-2
2021-10-18 15:40:00.899,16686,16687,16686,2,-2
2021-10-18 15:40:04.045,16686,16687,16686,2,-2
2021-10-18 15:40:04.233,16686,16687,16686,1,-1
2021-10-18 15:40:06.188,16685,16687,16685,1,-1
2021-10-18 15:40:07.862,16685,16687,16685,1,-1
2021-10-18 15:40:11.714,16686,16687,16686,1,1
2021-10-18 15:40:21.792,16685,16687,16687,2,2
2021-10-18 15:40:22.283,16686,16687,16686,1,-1
2021-10-18 15:40:25.838,16686,16687,16686,1,-1
2021-10-18 15:40:28.285,16685,16686,16685,5,-5
2021-10-18 15:40:29.177,16685,16686,16686,5,5
2021-10-18 15:40:30.680,16685,16687,16685,2,-2
2021-10-18 15:40:31.543,16685,16687,16685,1,-1
2021-10-18 15:40:34.281,16685,16687,16687,1,1
2021-10-18 15:40:41.182,16686,16688,16688,4,4
2021-10-18 15:40:41.182,16686,16688,16689,1,1
2021-10-18 15:40:43.869,16687,16689,16687,1,-1
2021-10-18 15:40:44.329,16687,16689,16687,2,-2
2021-10-18 15:40:49.395,16687,16689,16688,1,1
2021-10-18 15:41:07.624,16688,16690,16690,1,1
2021-10-18 15:41:15.409,16688,16690,16690,1,1
2021-10-18 15:41:15.811,16688,16690,16688,1,-1
2021-10-18 15:41:21.379,16687,16688,16688,3,3
2021-10-18 15:41:21.379,16687,16688,16689,6,6
2021-10-18 15:41:24.328,16687,16688,16687,2,-2
2021-10-18 15:41:24.467,16687,16688,16687,1,-1
2021-10-18 15:41:36.869,16687,16688,16687,1,-1
2021-10-18 15:41:40.780,16686,16687,16686,1,-1
2021-10-18 15:41:48.597,16685,16687,16687,5,5
2021-10-18 15:41:52.156,16686,16687,16686,1,-1
2021-10-18 15:42:00.837,16686,16687,16687,1,1
2021-10-18 15:42:14.956,16686,16688,16688,5,5
2021-10-18 15:42:15.480,16686,16689,16687,1,-1
2021-10-18 15:42:34.183,16689,16690,16689,1,1
2021-10-18 15:42:36.125,16689,16690,16690,1,1
2021-10-18 15:42:36.125,16689,16690,16690,1,1
2021-10-18 15:42:37.533,16689,16690,16690,2,2
2021-10-18 15:42:44.145,16688,16691,16689,1,-1
2021-10-18 15:43:11.139,16689,16690,16689,1,-1
2021-10-18 15:43:11.139,16689,16690,16689,1,-1
2021-10-18 15:43:16.318,16688,16689,16688,1,-1
2021-10-18 15:43:24.853,16688,16689,16689,2,2
2021-10-18 15:43:29.229,16689,16690,16690,1,1
2021-10-18 15:43:29.229,16689,16690,16690,3,3
2021-10-18 15:43:29.230,16689,16690,16690,3,3
2021-10-18 15:43:40.017,16690,16691,16690,1,-1
2021-10-18 15:43:40.104,16690,16691,16689,1,-1
2021-10-18 15:43:44.988,16689,16690,16689,1,-1
2021-10-18 15:44:05.365,16689,16690,16690,1,1
2021-10-18 15:44:07.286,16690,16691,16691,1,1
2021-10-18 15:44:12.537,16690,16691,16691,1,1
2021-10-18 15:44:13.961,16690,16691,16691,1,1
2021-10-18 15:44:14.403,16690,16691,16691,5,5
2021-10-18 15:44:57.315,16690,16691,16690,1,-1
2021-10-18 15:45:00.735,16689,16690,16689,1,-1
2021-10-18 15:45:01.151,16688,16689,16689,1,1
2021-10-18 15:45:17.358,16691,16692,16692,1,1
2021-10-18 15:45:17.358,16691,16692,16692,1,1
2021-10-18 15:45:17.358,16691,16692,16692,1,1
2021-10-18 15:45:23.164,16690,16692,16692,1,1
2021-10-18 15:45:25.207,16690,16692,16692,2,2
2021-10-18 15:45:25.207,16690,16692,16692,1,1
2021-10-18 15:45:29.207,16691,16692,16692,1,1
2021-10-18 15:45:31.139,16692,16693,16693,1,1
2021-10-18 15:45:33.020,16692,16693,16693,1,1
2021-10-18 15:45:33.536,16692,16694,16694,1,1
2021-10-18 15:45:33.756,16692,16694,16694,1,1
2021-10-18 15:45:34.035,16693,16694,16694,1,1
2021-10-18 15:45:34.144,16693,16695,16695,1,1
2021-10-18 15:45:34.487,16693,16695,16695,1,1
2021-10-18 15:45:34.703,16693,16694,16694,1,1
2021-10-18 15:45:35.519,16693,16695,16695,1,1
2021-10-18 15:45:36.587,16693,16694,16694,1,1
2021-10-18 15:45:37.562,16693,16695,16695,5,5
2021-10-18 15:45:37.562,16693,16695,16695,8,8
2021-10-18 15:45:37.563,16693,16695,16695,7,7
2021-10-18 15:45:38.451,16695,16696,16696,1,1
2021-10-18 15:45:39.973,16694,16695,16695,1,1
2021-10-18 15:45:40.187,16695,16696,16695,1,-1
2021-10-18 15:45:41.400,16694,16696,16696,1,1
2021-10-18 15:45:42.154,16695,16696,16696,5,5
2021-10-18 15:45:42.371,16695,16696,16695,1,-1
2021-10-18 15:45:42.951,16695,16696,16696,2,2
2021-10-18 15:45:44.262,16696,16697,16696,1,-1
2021-10-18 15:45:49.285,16694,16696,16696,4,4
2021-10-18 15:45:51.211,16694,16696,16695,1,-1
2021-10-18 15:45:52.670,16694,16696,16696,1,1
2021-10-18 15:45:56.330,16694,16696,16694,1,-1
2021-10-18 15:46:01.864,16694,16695,16694,1,-1
2021-10-18 15:46:05.414,16694,16695,16694,7,-7
2021-10-18 15:46:05.516,16693,16694,16694,1,1
2021-10-18 15:46:07.741,16693,16694,16693,1,-1
2021-10-18 15:46:08.170,16692,16693,16692,1,-1
2021-10-18 15:46:14.115,16692,16694,16692,1,-1
2021-10-18 15:46:37.887,16693,16694,16694,1,1
2021-10-18 15:46:56.565,16694,16695,16695,1,1
2021-10-18 15:46:56.642,16694,16695,16695,1,1
2021-10-18 15:47:02.050,16694,16695,16695,1,1
2021-10-18 15:47:02.050,16694,16695,16695,1,1
2021-10-18 15:47:02.991,16694,16695,16695,1,1
2021-10-18 15:47:23.225,16694,16695,16695,1,1
2021-10-18 15:47:29.474,16694,16696,16695,1,-1
2021-10-18 15:47:32.167,16695,16696,16695,1,-1
2021-10-18 15:47:32.167,16695,16696,16695,1,-1
2021-10-18 15:47:32.505,16694,16695,16695,1,1
2021-10-18 15:47:32.971,16694,16696,16695,1,-1
2021-10-18 15:47:38.165,16694,16695,16695,1,1
2021-10-18 15:47:41.218,16694,16696,16694,6,-6
2021-10-18 15:47:43.088,16693,16694,16694,2,2
2021-10-18 15:47:43.385,16693,16694,16693,1,-1
2021-10-18 15:47:43.385,16693,16694,16693,1,-1
2021-10-18 15:47:43.421,16692,16693,16693,1,1
2021-10-18 15:47:47.599,16692,16694,16694,1,1
2021-10-18 15:47:49.690,16692,16694,16692,5,-5
2021-10-18 15:48:06.798,16692,16694,16692,2,-2
2021-10-18 15:48:06.798,16692,16694,16692,3,-3
2021-10-18 15:48:09.329,16692,16695,16692,1,-1
2021-10-18 15:48:21.099,16694,16695,16695,1,1
2021-10-18 15:48:25.149,16694,16695,16695,1,1
2021-10-18 15:48:31.745,16693,16695,16695,1,1
2021-10-18 15:48:37.016,16693,16694,16693,1,-1
2021-10-18 15:48:38.799,16692,16694,16692,1,-1
2021-10-18 15:49:00.522,16692,16693,16692,1,-1
2021-10-18 15:49:02.645,16691,16692,16691,2,-2
2021-10-18 15:49:02.645,16691,16692,16690,3,-3
2021-10-18 15:49:06.284,16690,16692,16690,4,-4
2021-10-18 15:49:06.284,16690,16692,16689,1,-1
2021-10-18 15:49:06.412,16689,16691,16689,1,-1
2021-10-18 15:49:13.453,16689,16691,16689,1,-1
2021-10-18 15:49:14.407,16689,16691,16689,1,-1
2021-10-18 15:49:21.001,16689,16690,16689,1,-1
2021-10-18 15:49:21.056,16689,16690,16689,3,-3
2021-10-18 15:49:23.898,16689,16690,16689,1,-1
2021-10-18 15:49:24.245,16689,16690,16690,1,1
2021-10-18 15:49:35.713,16691,16692,16692,1,1
2021-10-18 15:49:42.328,16691,16693,16691,1,-1
2021-10-18 15:49:58.291,16692,16693,16693,1,1
2021-10-18 15:49:58.291,16692,16693,16693,1,1
2021-10-18 15:49:58.681,16693,16694,16694,1,1
2021-10-18 15:50:05.234,16692,16693,16693,1,1
2021-10-18 15:50:05.569,16692,16693,16693,2,2
2021-10-18 15:50:13.627,16692,16694,16692,1,-1
2021-10-18 15:50:27.863,16692,16693,16693,1,1
2021-10-18 15:50:27.863,16692,16693,16693,1,1
2021-10-18 15:50:39.634,16693,16694,16694,1,1
2021-10-18 15:50:40.205,16694,16695,16695,1,1
2021-10-18 15:50:42.781,16694,16695,16695,3,3
2021-10-18 15:50:44.759,16695,16696,16696,2,2
2021-10-18 15:50:49.142,16696,16697,16696,1,-1
2021-10-18 15:50:49.494,16696,16697,16697,1,1
2021-10-18 15:50:49.671,16696,16697,16697,1,1
2021-10-18 15:50:52.832,16696,16697,16697,5,5
2021-10-18 15:50:57.619,16696,16697,16697,1,1
2021-10-18 15:50:57.619,16696,16697,16697,2,2
2021-10-18 15:50:58.834,16697,16698,16698,1,1
2021-10-18 15:50:58.834,16697,16698,16698,9,9
2021-10-18 15:50:58.834,16697,16698,16698,1,1
2021-10-18 15:50:58.835,16697,16698,16698,3,3
2021-10-18 15:50:58.835,16697,16698,16698,1,1
2021-10-18 15:50:59.864,16698,16699,16699,5,5
2021-10-18 15:50:59.864,16698,16699,16699,1,1
2021-10-18 15:51:00.030,16699,16700,16700,1,1
2021-10-18 15:51:00.031,16699,16700,16700,1,1
2021-10-18 15:51:00.031,16699,16700,16700,1,1
2021-10-18 15:51:00.032,16699,16700,16700,2,2
2021-10-18 15:51:00.102,16699,16700,16700,1,1
2021-10-18 15:51:00.102,16699,16700,16700,1,1
2021-10-18 15:51:00.102,16699,16700,16700,1,1
2021-10-18 15:51:00.103,16699,16700,16700,1,1
2021-10-18 15:51:00.190,16700,16701,16700,2,-2
2021-10-18 15:51:00.190,16700,16701,16701,1,1
2021-10-18 15:51:00.271,16700,16701,16701,3,3
2021-10-18 15:51:00.271,16700,16701,16701,1,1
2021-10-18 15:51:00.458,16700,16702,16702,1,1
2021-10-18 15:51:00.458,16700,16702,16702,1,1
2021-10-18 15:51:00.501,16700,16702,16702,1,1
2021-10-18 15:51:00.763,16700,16702,16702,1,1
2021-10-18 15:51:01.173,16700,16702,16700,2,-2
2021-10-18 15:51:01.173,16700,16702,16700,1,-1
2021-10-18 15:51:01.174,16700,16702,16701,1,1
2021-10-18 15:51:01.174,16700,16702,16700,2,-2
2021-10-18 15:51:01.301,16699,16701,16701,1,1
2021-10-18 15:51:01.452,16699,16701,16701,5,5
2021-10-18 15:51:01.452,16699,16701,16701,1,1
2021-10-18 15:51:02.871,16699,16701,16701,1,1
2021-10-18 15:51:04.546,16700,16701,16701,1,1
2021-10-18 15:51:06.494,16700,16701,16700,1,-1
2021-10-18 15:51:06.987,16700,16701,16701,1,1
2021-10-18 15:51:08.132,16700,16701,16701,1,1
2021-10-18 15:51:08.322,16700,16701,16701,1,1
2021-10-18 15:51:11.269,16700,16701,16701,3,3
2021-10-18 15:51:11.270,16700,16701,16701,1,1
2021-10-18 15:51:13.222,16700,16701,16701,2,2
2021-10-18 15:51:13.222,16700,16701,16701,1,1
2021-10-18 15:51:16.151,16700,16701,16701,1,1
2021-10-18 15:51:16.151,16700,16701,16701,1,1
2021-10-18 15:51:17.847,16700,16701,16701,2,2
2021-10-18 15:51:19.340,16701,16702,16702,1,1
2021-10-18 15:51:19.340,16701,16702,16702,1,1
2021-10-18 15:51:19.340,16701,16702,16702,1,1
2021-10-18 15:51:30.988,16701,16702,16701,1,-1
2021-10-18 15:51:30.988,16701,16702,16701,8,-8
2021-10-18 15:51:31.233,16700,16701,16700,1,-1
2021-10-18 15:51:31.233,16700,16701,16700,3,-3
2021-10-18 15:51:31.668,16699,16700,16699,1,-1
2021-10-18 15:51:31.668,16699,16700,16699,3,-3
2021-10-18 15:51:32.726,16697,16699,16699,1,1
2021-10-18 15:51:47.928,16699,16700,16699,1,-1
2021-10-18 15:51:50.998,16699,16700,16700,1,1
2021-10-18 15:51:50.999,16699,16700,16700,3,3
2021-10-18 15:51:54.004,16700,16701,16701,1,1
2021-10-18 15:51:56.930,16701,16702,16701,3,-3
2021-10-18 15:51:58.282,16700,16701,16701,1,1
2021-10-18 15:52:00.938,16701,16702,16701,1,-1
2021-10-18 15:52:05.122,16700,16702,16702,1,1
2021-10-18 15:52:07.015,16700,16702,16700,1,-1
2021-10-18 15:52:17.855,16701,16702,16701,1,1
2021-10-18 15:52:19.437,16700,16702,16702,3,3
2021-10-18 15:52:22.322,16700,16702,16700,2,-2
2021-10-18 15:52:35.318,16700,16702,16702,2,2
2021-10-18 15:52:39.496,16701,16702,16702,1,1
2021-10-18 15:52:45.727,16701,16702,16702,1,1
2021-10-18 15:52:46.470,16701,16702,16702,1,1
2021-10-18 15:52:46.470,16701,16702,16703,1,1
2021-10-18 15:52:48.101,16701,16703,16701,1,-1
2021-10-18 15:52:48.343,16701,16703,16701,1,-1
2021-10-18 15:52:50.272,16701,16702,16701,5,-5
2021-10-18 15:52:54.649,16700,16702,16700,1,-1
2021-10-18 15:52:54.649,16700,16702,16700,1,-1
2021-10-18 15:52:54.649,16700,16702,16700,11,-11
2021-10-18 15:53:00.466,16697,16698,16697,1,-1
2021-10-18 15:53:00.466,16697,16698,16696,4,-4
2021-10-18 15:53:00.559,16696,16697,16696,1,-1
2021-10-18 15:53:09.720,16696,16697,16696,1,-1
2021-10-18 15:53:09.723,16696,16697,16696,1,-1
2021-10-18 15:53:18.570,16697,16699,16697,4,4
2021-10-18 15:53:18.570,16697,16699,16696,1,-1
2021-10-18 15:53:34.638,16696,16698,16696,2,-2
2021-10-18 15:53:34.638,16696,16698,16695,3,-3
2021-10-18 15:53:34.641,16695,16698,16697,1,1
2021-10-18 15:53:52.894,16697,16698,16697,2,-2
2021-10-18 15:53:55.114,16696,16698,16698,1,1
2021-10-18 15:53:55.115,16696,16698,16698,1,1
2021-10-18 15:54:03.046,16698,16699,16699,1,1
2021-10-18 15:54:03.046,16698,16699,16699,3,3
2021-10-18 15:54:03.583,16698,16699,16699,1,1
2021-10-18 15:54:12.068,16700,16701,16700,1,1
2021-10-18 15:54:15.298,16699,16701,16701,1,1
2021-10-18 15:54:20.105,16700,16702,16702,5,5
2021-10-18 15:54:24.758,16701,16702,16702,2,2
2021-10-18 15:54:24.798,16701,16702,16701,2,-2
2021-10-18 15:54:24.809,16701,16702,16701,1,-1
2021-10-18 15:54:26.319,16700,16701,16701,2,2
2021-10-18 15:54:31.053,16700,16701,16701,2,2
2021-10-18 15:54:31.202,16700,16701,16701,2,2
2021-10-18 15:54:34.728,16701,16702,16702,1,1
2021-10-18 15:54:46.327,16701,16702,16701,1,-1
2021-10-18 15:55:15.931,16701,16702,16702,7,7
2021-10-18 15:55:16.321,16702,16703,16703,1,1
2021-10-18 15:55:16.376,16702,16703,16703,4,4
2021-10-18 15:55:16.398,16703,16704,16704,1,1
2021-10-18 15:55:16.546,16703,16704,16704,1,1
2021-10-18 15:55:16.564,16703,16704,16704,1,1
2021-10-18 15:55:16.576,16703,16704,16704,1,1
2021-10-18 15:55:16.892,16703,16704,16704,1,1
2021-10-18 15:55:16.896,16703,16704,16705,1,1
2021-10-18 15:55:17.061,16703,16705,16705,1,1
2021-10-18 15:55:17.102,16703,16705,16705,1,1
2021-10-18 15:55:17.739,16704,16705,16705,1,1
2021-10-18 15:55:19.061,16704,16705,16705,1,1
2021-10-18 15:55:20.481,16704,16705,16705,1,1
2021-10-18 15:55:20.509,16704,16705,16705,1,1
2021-10-18 15:55:21.847,16703,16705,16705,2,2
2021-10-18 15:55:23.043,16703,16705,16705,3,3
2021-10-18 15:55:25.801,16704,16705,16705,1,1
2021-10-18 15:55:26.406,16704,16705,16704,1,-1
2021-10-18 15:55:30.561,16703,16704,16704,1,1
2021-10-18 15:55:30.561,16703,16704,16704,1,1
2021-10-18 15:55:33.547,16704,16705,16705,1,1
2021-10-18 15:55:40.323,16704,16705,16705,1,1
2021-10-18 15:55:40.545,16704,16706,16705,1,-1
2021-10-18 15:55:41.393,16705,16706,16706,5,5
2021-10-18 15:55:44.906,16706,16707,16707,1,1
2021-10-18 15:55:44.906,16706,16707,16707,2,2
2021-10-18 15:55:45.063,16707,16708,16708,1,1
2021-10-18 15:55:45.064,16707,16708,16708,1,1
2021-10-18 15:55:45.172,16707,16708,16708,2,2
2021-10-18 15:55:45.173,16707,16708,16708,1,1
2021-10-18 15:55:45.460,16707,16708,16708,1,1
