2020-10-30,15:00:00,12410,12414,12395,133
2020-10-30,15:00:00,12394,12395,12394,2
2020-10-30,15:00:00,12394,12395,12394,1
2020-10-30,15:00:00,12394,12395,12394,1
2020-10-30,15:00:00,12393,12395,12395,1
2020-10-30,15:00:00,12393,12395,12395,1
2020-10-30,15:00:00,12393,12395,12394,1
2020-10-30,15:00:00,12393,12395,12394,4
2020-10-30,15:00:00,12393,12395,12394,2
2020-10-30,15:00:00,12393,12395,12395,1
2020-10-30,15:00:00,12393,12395,12394,1
2020-10-30,15:00:00,12393,12395,12394,1
2020-10-30,15:00:00,12394,12395,12394,1
2020-10-30,15:00:00,12394,12395,12394,1
2020-10-30,15:00:00,12394,12395,12394,1
2020-10-30,15:00:00,12394,12395,12394,1
2020-10-30,15:00:00,12394,12395,12393,4
2020-10-30,15:00:00,12394,12395,12394,1
2020-10-30,15:00:00,12394,12395,12394,1
2020-10-30,15:00:00,12394,12395,12394,3
2020-10-30,15:00:00,12394,12395,12393,1
2020-10-30,15:00:00,12394,12395,12395,6
2020-10-30,15:00:00,12394,12395,12394,1
2020-10-30,15:00:00,12392,12394,12392,7
2020-10-30,15:00:00,12392,12394,12392,3
2020-10-30,15:00:00,12392,12394,12391,2
2020-10-30,15:00:00,12392,12394,12391,2
2020-10-30,15:00:00,12392,12394,12391,1
2020-10-30,15:00:00,12392,12394,12391,1
2020-10-30,15:00:00,12392,12394,12392,1
2020-10-30,15:00:00,12392,12394,12390,4
2020-10-30,15:00:00,12392,12394,12390,14
2020-10-30,15:00:00,12392,12394,12391,1
2020-10-30,15:00:00,12392,12394,12390,2
2020-10-30,15:00:00,12392,12394,12390,2
2020-10-30,15:00:00,12392,12394,12389,3
2020-10-30,15:00:00,12392,12394,12389,1
2020-10-30,15:00:00,12388,12391,12388,1
2020-10-30,15:00:00,12388,12391,12389,2
2020-10-30,15:00:00,12388,12391,12388,1
2020-10-30,15:00:00,12388,12391,12388,1
2020-10-30,15:00:00,12388,12391,12391,1
2020-10-30,15:00:00,12388,12391,12388,4
2020-10-30,15:00:00,12388,12391,12388,3
2020-10-30,15:00:00,12388,12391,12387,2
2020-10-30,15:00:00,12386,12388,12387,1
2020-10-30,15:00:00,12386,12388,12388,1
2020-10-30,15:00:00,12386,12388,12387,1
2020-10-30,15:00:00,12386,12388,12386,1
2020-10-30,15:00:00,12385,12387,12387,1
2020-10-30,15:00:00,12385,12387,12386,1
2020-10-30,15:00:00,12385,12387,12387,1
2020-10-30,15:00:00,12385,12387,12387,3
2020-10-30,15:00:00,12385,12387,12386,1
2020-10-30,15:00:00,12385,12387,12388,1
2020-10-30,15:00:00,12385,12387,12388,1
2020-10-30,15:00:00,12385,12387,12385,4
2020-10-30,15:00:00,12385,12387,12386,1
2020-10-30,15:00:00,12386,12389,12390,1
2020-10-30,15:00:00,12386,12389,12389,4
2020-10-30,15:00:00,12386,12389,12386,1
2020-10-30,15:00:00,12386,12389,12385,1
2020-10-30,15:00:00,12386,12389,12384,1
2020-10-30,15:00:00,12386,12389,12383,5
2020-10-30,15:00:01,12385,12390,12390,1
2020-10-30,15:00:01,12385,12390,12391,2
2020-10-30,15:00:01,12385,12390,12392,1
2020-10-30,15:00:01,12385,12390,12386,1
2020-10-30,15:00:01,12385,12390,12385,2
2020-10-30,15:00:01,12385,12390,12389,1
2020-10-30,15:00:01,12385,12390,12390,1
2020-10-30,15:00:01,12389,12391,12390,4
2020-10-30,15:00:01,12389,12391,12391,1
2020-10-30,15:00:01,12389,12391,12392,5
2020-10-30,15:00:01,12389,12391,12390,1
2020-10-30,15:00:01,12389,12392,12389,1
2020-10-30,15:00:01,12389,12392,12386,4
2020-10-30,15:00:01,12389,12392,12386,1
2020-10-30,15:00:01,12389,12392,12386,1
2020-10-30,15:00:01,12389,12392,12390,2
2020-10-30,15:00:01,12389,12392,12392,1
2020-10-30,15:00:01,12389,12392,12391,2
2020-10-30,15:00:01,12389,12392,12387,1
2020-10-30,15:00:01,12389,12392,12390,3
2020-10-30,15:00:01,12386,12390,12386,1
2020-10-30,15:00:01,12386,12390,12386,1
2020-10-30,15:00:01,12386,12390,12390,1
2020-10-30,15:00:01,12386,12390,12386,1
2020-10-30,15:00:01,12386,12390,12387,2
2020-10-30,15:00:01,12386,12390,12390,3
2020-10-30,15:00:01,12386,12390,12386,1
2020-10-30,15:00:01,12386,12390,12392,1
2020-10-30,15:00:01,12386,12390,12386,1
2020-10-30,15:00:01,12386,12390,12384,1
2020-10-30,15:00:01,12386,12390,12386,4
2020-10-30,15:00:01,12386,12390,12385,1
2020-10-30,15:00:01,12384,12390,12385,1
2020-10-30,15:00:01,12384,12390,12384,1
2020-10-30,15:00:01,12384,12390,12387,1
2020-10-30,15:00:01,12384,12390,12389,5
2020-10-30,15:00:01,12387,12390,12390,1
2020-10-30,15:00:01,12387,12390,12387,1
2020-10-30,15:00:01,12387,12390,12385,1
2020-10-30,15:00:01,12387,12390,12385,1
2020-10-30,15:00:01,12387,12390,12385,1
2020-10-30,15:00:01,12387,12390,12390,2
2020-10-30,15:00:01,12387,12390,12385,1
2020-10-30,15:00:01,12387,12390,12384,1
2020-10-30,15:00:01,12387,12390,12384,2
2020-10-30,15:00:01,12387,12390,12384,1
2020-10-30,15:00:01,12387,12390,12384,1
2020-10-30,15:00:01,12387,12390,12384,1
2020-10-30,15:00:01,12387,12390,12384,1
2020-10-30,15:00:01,12385,12392,12392,1
2020-10-30,15:00:01,12385,12392,12385,1
2020-10-30,15:00:01,12385,12392,12384,3
2020-10-30,15:00:01,12385,12392,12384,1
2020-10-30,15:00:01,12385,12392,12384,1
2020-10-30,15:00:01,12385,12392,12383,1
2020-10-30,15:00:01,12385,12392,12383,1
2020-10-30,15:00:01,12385,12392,12384,2
2020-10-30,15:00:01,12385,12392,12384,3
2020-10-30,15:00:01,12385,12392,12383,2
2020-10-30,15:00:01,12385,12392,12382,6
2020-10-30,15:00:01,12385,12392,12384,2
2020-10-30,15:00:01,12385,12392,12385,1
2020-10-30,15:00:02,12385,12392,12385,1
2020-10-30,15:00:02,12385,12390,12385,1
2020-10-30,15:00:02,12385,12390,12384,1
2020-10-30,15:00:02,12385,12390,12388,2
2020-10-30,15:00:02,12385,12390,12387,1
2020-10-30,15:00:02,12386,12389,12386,1
2020-10-30,15:00:02,12386,12389,12386,1
2020-10-30,15:00:02,12386,12389,12390,3
2020-10-30,15:00:02,12386,12389,12389,2
2020-10-30,15:00:02,12386,12389,12386,3
2020-10-30,15:00:02,12386,12389,12387,1
2020-10-30,15:00:02,12386,12389,12386,1
2020-10-30,15:00:02,12386,12389,12386,1
2020-10-30,15:00:02,12386,12389,12386,1
2020-10-30,15:00:02,12386,12389,12387,1
2020-10-30,15:00:02,12386,12389,12388,1
2020-10-30,15:00:02,12386,12389,12388,4
2020-10-30,15:00:02,12386,12389,12386,1
2020-10-30,15:00:02,12386,12389,12386,1
2020-10-30,15:00:02,12386,12389,12389,1
2020-10-30,15:00:02,12386,12388,12386,1
2020-10-30,15:00:02,12386,12388,12385,1
2020-10-30,15:00:02,12386,12388,12388,1
2020-10-30,15:00:02,12386,12388,12387,1
2020-10-30,15:00:02,12386,12388,12388,1
2020-10-30,15:00:02,12386,12388,12385,2
2020-10-30,15:00:02,12385,12387,12385,2
2020-10-30,15:00:02,12385,12387,12384,1
2020-10-30,15:00:02,12385,12387,12384,2
2020-10-30,15:00:02,12385,12387,12386,2
2020-10-30,15:00:02,12385,12387,12385,1
2020-10-30,15:00:02,12385,12387,12386,3
2020-10-30,15:00:02,12385,12387,12387,1
2020-10-30,15:00:02,12385,12387,12387,2
2020-10-30,15:00:03,12385,12388,12385,2
2020-10-30,15:00:03,12385,12388,12388,4
2020-10-30,15:00:03,12385,12388,12387,1
2020-10-30,15:00:03,12386,12388,12386,1
2020-10-30,15:00:03,12386,12388,12386,1
2020-10-30,15:00:03,12386,12388,12386,1
2020-10-30,15:00:03,12386,12388,12385,1
2020-10-30,15:00:03,12385,12387,12385,1
2020-10-30,15:00:03,12385,12387,12385,1
2020-10-30,15:00:03,12385,12387,12385,1
2020-10-30,15:00:03,12384,12386,12386,2
2020-10-30,15:00:03,12384,12386,12385,1
2020-10-30,15:00:03,12385,12386,12386,1
2020-10-30,15:00:03,12385,12386,12385,1
2020-10-30,15:00:03,12385,12386,12385,2
2020-10-30,15:00:03,12385,12387,12385,1
2020-10-30,15:00:04,12385,12386,12385,2
2020-10-30,15:00:04,12385,12386,12385,1
2020-10-30,15:00:04,12385,12386,12386,1
2020-10-30,15:00:04,12385,12387,12385,1
2020-10-30,15:00:04,12385,12387,12387,4
2020-10-30,15:00:04,12385,12387,12387,2
2020-10-30,15:00:04,12385,12387,12385,1
2020-10-30,15:00:04,12385,12387,12385,2
2020-10-30,15:00:04,12385,12387,12385,1
2020-10-30,15:00:04,12385,12388,12385,1
2020-10-30,15:00:04,12385,12388,12385,1
2020-10-30,15:00:05,12386,12388,12388,3
2020-10-30,15:00:05,12386,12388,12388,5
2020-10-30,15:00:05,12386,12388,12387,5
2020-10-30,15:00:05,12386,12388,12387,4
2020-10-30,15:00:05,12386,12387,12387,2
2020-10-30,15:00:06,12387,12389,12389,1
2020-10-30,15:00:06,12387,12389,12389,8
2020-10-30,15:00:06,12387,12389,12391,2
2020-10-30,15:00:06,12389,12391,12391,1
2020-10-30,15:00:06,12389,12391,12392,1
2020-10-30,15:00:06,12389,12391,12391,1
2020-10-30,15:00:06,12389,12392,12389,1
2020-10-30,15:00:06,12389,12392,12392,1
2020-10-30,15:00:06,12389,12392,12392,1
2020-10-30,15:00:06,12389,12392,12392,1
2020-10-30,15:00:06,12391,12392,12392,2
2020-10-30,15:00:06,12391,12392,12393,2
2020-10-30,15:00:06,12391,12393,12391,1
2020-10-30,15:00:07,12391,12393,12393,2
2020-10-30,15:00:07,12391,12393,12391,1
2020-10-30,15:00:07,12391,12393,12393,1
2020-10-30,15:00:07,12392,12393,12392,1
2020-10-30,15:00:07,12391,12393,12393,1
2020-10-30,15:00:07,12392,12393,12393,1
2020-10-30,15:00:07,12392,12393,12393,30
2020-10-30,15:00:07,12392,12393,12393,40
2020-10-30,15:00:07,12394,12395,12394,1
2020-10-30,15:00:08,12394,12395,12395,1
2020-10-30,15:00:08,12394,12395,12394,1
2020-10-30,15:00:08,12394,12395,12394,1
2020-10-30,15:00:08,12394,12396,12396,1
2020-10-30,15:00:08,12395,12396,12395,1
2020-10-30,15:00:08,12394,12396,12396,1
2020-10-30,15:00:09,12394,12396,12396,1
2020-10-30,15:00:09,12395,12396,12395,1
2020-10-30,15:00:09,12395,12396,12397,1
2020-10-30,15:00:09,12395,12397,12397,2
2020-10-30,15:00:10,12395,12397,12396,1
2020-10-30,15:00:10,12396,12397,12396,1
2020-10-30,15:00:10,12395,12397,12397,8
2020-10-30,15:00:11,12395,12398,12395,1
2020-10-30,15:00:11,12395,12397,12397,1
2020-10-30,15:00:12,12395,12397,12395,1
2020-10-30,15:00:12,12395,12397,12395,1
2020-10-30,15:00:12,12395,12397,12398,4
2020-10-30,15:00:12,12395,12397,12397,5
2020-10-30,15:00:12,12396,12398,12398,8
2020-10-30,15:00:12,12398,12399,12398,1
2020-10-30,15:00:12,12398,12399,12398,3
2020-10-30,15:00:12,12397,12399,12398,4
2020-10-30,15:00:12,12397,12399,12397,1
2020-10-30,15:00:13,12397,12399,12399,1
2020-10-30,15:00:13,12398,12399,12398,1
2020-10-30,15:00:13,12398,12399,12398,4
2020-10-30,15:00:13,12398,12399,12396,2
2020-10-30,15:00:13,12398,12399,12397,4
2020-10-30,15:00:13,12396,12398,12398,1
2020-10-30,15:00:13,12396,12398,12396,1
2020-10-30,15:00:13,12396,12398,12398,1
2020-10-30,15:00:14,12396,12398,12396,2
2020-10-30,15:00:14,12396,12398,12395,2
2020-10-30,15:00:14,12396,12398,12396,4
2020-10-30,15:00:14,12395,12397,12398,1
2020-10-30,15:00:14,12395,12397,12398,1
2020-10-30,15:00:14,12396,12398,12398,1
2020-10-30,15:00:14,12396,12398,12396,1
2020-10-30,15:00:15,12396,12398,12396,1
2020-10-30,15:00:15,12396,12397,12396,1
2020-10-30,15:00:15,12395,12397,12397,1
2020-10-30,15:00:15,12395,12397,12397,2
2020-10-30,15:00:15,12395,12396,12395,1
2020-10-30,15:00:15,12395,12396,12395,1
2020-10-30,15:00:15,12395,12397,12395,1
2020-10-30,15:00:15,12395,12397,12395,2
2020-10-30,15:00:15,12395,12397,12395,1
2020-10-30,15:00:16,12395,12396,12395,1
2020-10-30,15:00:17,12395,12396,12395,2
2020-10-30,15:00:17,12395,12396,12394,2
2020-10-30,15:00:17,12393,12395,12393,1
2020-10-30,15:00:17,12393,12395,12393,1
2020-10-30,15:00:17,12393,12395,12393,1
2020-10-30,15:00:17,12393,12395,12393,1
2020-10-30,15:00:17,12393,12395,12392,1
2020-10-30,15:00:17,12393,12395,12392,1
2020-10-30,15:00:17,12392,12394,12395,1
2020-10-30,15:00:17,12392,12394,12394,1
2020-10-30,15:00:18,12392,12393,12392,1
2020-10-30,15:00:18,12392,12393,12393,1
2020-10-30,15:00:18,12391,12393,12392,1
2020-10-30,15:00:18,12391,12393,12391,1
2020-10-30,15:00:19,12391,12393,12388,4
2020-10-30,15:00:19,12391,12393,12390,4
2020-10-30,15:00:19,12391,12393,12389,4
2020-10-30,15:00:19,12391,12393,12391,2
2020-10-30,15:00:19,12391,12393,12390,1
2020-10-30,15:00:19,12389,12390,12389,1
2020-10-30,15:00:19,12388,12390,12390,1
2020-10-30,15:00:20,12387,12390,12387,3
2020-10-30,15:00:20,12387,12389,12389,1
2020-10-30,15:00:21,12388,12390,12390,1
2020-10-30,15:00:21,12388,12391,12388,1
2020-10-30,15:00:21,12388,12391,12388,1
2020-10-30,15:00:22,12388,12390,12387,1
2020-10-30,15:00:22,12388,12390,12388,1
2020-10-30,15:00:22,12387,12390,12390,1
2020-10-30,15:00:22,12387,12390,12387,2
2020-10-30,15:00:22,12387,12391,12387,2
2020-10-30,15:00:22,12387,12391,12386,2
2020-10-30,15:00:22,12387,12391,12385,6
2020-10-30,15:00:22,12387,12391,12385,1
2020-10-30,15:00:22,12385,12387,12385,3
2020-10-30,15:00:22,12385,12387,12384,1
2020-10-30,15:00:22,12385,12387,12386,1
2020-10-30,15:00:22,12384,12387,12387,1
2020-10-30,15:00:22,12384,12387,12387,1
2020-10-30,15:00:23,12384,12388,12388,2
2020-10-30,15:00:23,12386,12388,12386,1
2020-10-30,15:00:24,12386,12387,12387,1
2020-10-30,15:00:24,12386,12387,12388,3
2020-10-30,15:00:24,12386,12387,12389,6
2020-10-30,15:00:24,12386,12387,12389,1
2020-10-30,15:00:24,12386,12387,12389,1
2020-10-30,15:00:24,12388,12390,12390,3
2020-10-30,15:00:24,12388,12390,12391,5
2020-10-30,15:00:24,12390,12391,12390,1
2020-10-30,15:00:24,12389,12391,12391,1
2020-10-30,15:00:24,12390,12391,12390,1
2020-10-30,15:00:25,12389,12391,12389,3
2020-10-30,15:00:25,12389,12391,12389,1
2020-10-30,15:00:25,12388,12390,12390,1
2020-10-30,15:00:25,12388,12390,12390,3
2020-10-30,15:00:25,12388,12390,12391,2
2020-10-30,15:00:25,12389,12390,12389,2
2020-10-30,15:00:25,12388,12389,12388,20
2020-10-30,15:00:25,12388,12389,12386,2
2020-10-30,15:00:25,12388,12389,12384,1
2020-10-30,15:00:25,12388,12389,12385,1
2020-10-30,15:00:27,12386,12388,12386,1
2020-10-30,15:00:27,12386,12388,12388,2
2020-10-30,15:00:28,12387,12388,12388,1
2020-10-30,15:00:29,12388,12389,12389,1
2020-10-30,15:00:29,12389,12390,12389,1
2020-10-30,15:00:29,12388,12390,12390,7
2020-10-30,15:00:29,12388,12390,12390,7
2020-10-30,15:00:29,12388,12390,12391,1
2020-10-30,15:00:30,12391,12392,12392,1
2020-10-30,15:00:30,12391,12393,12393,1
2020-10-30,15:00:30,12391,12393,12391,1
2020-10-30,15:00:30,12391,12393,12390,1
2020-10-30,15:00:30,12390,12393,12389,1
2020-10-30,15:00:30,12389,12391,12389,1
2020-10-30,15:00:30,12388,12391,12389,1
2020-10-30,15:00:31,12388,12391,12388,2
2020-10-30,15:00:33,12389,12390,12389,1
2020-10-30,15:00:33,12389,12390,12389,1
2020-10-30,15:00:34,12389,12390,12390,1
2020-10-30,15:00:34,12389,12390,12389,1
2020-10-30,15:00:34,12389,12390,12390,1
2020-10-30,15:00:34,12389,12390,12389,1
2020-10-30,15:00:34,12389,12390,12390,3
2020-10-30,15:00:35,12390,12391,12391,4
2020-10-30,15:00:35,12391,12392,12391,1
2020-10-30,15:00:36,12391,12392,12392,1
2020-10-30,15:00:36,12391,12392,12392,3
2020-10-30,15:00:36,12392,12393,12392,1
2020-10-30,15:00:36,12392,12393,12392,2
2020-10-30,15:00:36,12391,12393,12391,1
2020-10-30,15:00:37,12391,12392,12391,1
2020-10-30,15:00:37,12391,12392,12391,2
2020-10-30,15:00:37,12390,12391,12390,1
2020-10-30,15:00:37,12390,12391,12391,1
2020-10-30,15:00:37,12390,12391,12390,3
2020-10-30,15:00:37,12390,12391,12390,3
2020-10-30,15:00:37,12390,12392,12390,2
2020-10-30,15:00:37,12390,12392,12389,1
2020-10-30,15:00:39,12390,12391,12390,1
2020-10-30,15:00:39,12390,12391,12390,1
2020-10-30,15:00:39,12390,12391,12391,1
2020-10-30,15:00:39,12390,12391,12390,1
2020-10-30,15:00:39,12390,12392,12390,3
2020-10-30,15:00:39,12390,12391,12390,7
2020-10-30,15:00:39,12389,12391,12391,1
2020-10-30,15:00:40,12389,12391,12391,1
2020-10-30,15:00:40,12389,12391,12391,1
2020-10-30,15:00:40,12389,12391,12390,1
2020-10-30,15:00:41,12389,12391,12391,1
2020-10-30,15:00:42,12389,12390,12390,4
2020-10-30,15:00:42,12389,12390,12390,1
2020-10-30,15:00:42,12390,12391,12391,2
2020-10-30,15:00:42,12390,12391,12390,1
2020-10-30,15:00:42,12390,12391,12390,1
2020-10-30,15:00:42,12390,12391,12390,1
2020-10-30,15:00:43,12390,12391,12390,1
2020-10-30,15:00:43,12390,12391,12391,2
2020-10-30,15:00:43,12390,12391,12390,1
2020-10-30,15:00:43,12390,12391,12390,1
2020-10-30,15:00:44,12390,12391,12390,1
2020-10-30,15:00:44,12390,12391,12391,1
2020-10-30,15:00:44,12390,12391,12391,1
2020-10-30,15:00:45,12390,12391,12391,1
2020-10-30,15:00:45,12390,12392,12392,3
2020-10-30,15:00:45,12390,12392,12393,1
2020-10-30,15:00:45,12391,12393,12391,1
2020-10-30,15:00:45,12391,12393,12391,2
2020-10-30,15:00:46,12391,12392,12391,2
2020-10-30,15:00:46,12391,12392,12390,1
2020-10-30,15:00:46,12391,12392,12392,1
2020-10-30,15:00:46,12391,12392,12393,2
2020-10-30,15:00:47,12392,12393,12392,1
2020-10-30,15:00:48,12392,12393,12393,1
2020-10-30,15:00:48,12392,12393,12392,1
2020-10-30,15:00:48,12392,12393,12392,2
2020-10-30,15:00:48,12392,12393,12393,1
2020-10-30,15:00:48,12392,12393,12393,4
2020-10-30,15:00:48,12392,12393,12393,2
2020-10-30,15:00:48,12392,12393,12393,2
2020-10-30,15:00:48,12393,12394,12393,1
2020-10-30,15:00:48,12393,12394,12393,1
2020-10-30,15:00:49,12393,12394,12393,1
2020-10-30,15:00:49,12392,12393,12393,1
2020-10-30,15:00:49,12392,12394,12392,6
2020-10-30,15:00:49,12392,12394,12392,4
2020-10-30,15:00:50,12392,12394,12394,1
2020-10-30,15:00:50,12392,12394,12394,2
2020-10-30,15:00:50,12392,12394,12392,1
2020-10-30,15:00:50,12392,12394,12393,4
2020-10-30,15:00:51,12392,12394,12394,1
2020-10-30,15:00:51,12392,12394,12394,1
2020-10-30,15:00:51,12392,12394,12394,2
2020-10-30,15:00:51,12392,12394,12392,1
2020-10-30,15:00:51,12392,12394,12393,1
2020-10-30,15:00:51,12392,12394,12394,3
2020-10-30,15:00:51,12392,12394,12394,1
2020-10-30,15:00:52,12393,12395,12395,1
2020-10-30,15:00:52,12393,12395,12395,1
2020-10-30,15:00:52,12393,12395,12395,1
2020-10-30,15:00:52,12393,12395,12395,16
2020-10-30,15:00:52,12393,12395,12395,1
2020-10-30,15:00:52,12393,12395,12395,2
2020-10-30,15:00:53,12394,12395,12394,1
2020-10-30,15:00:53,12394,12396,12394,1
2020-10-30,15:00:54,12394,12396,12395,3
2020-10-30,15:00:55,12394,12395,12395,4
2020-10-30,15:00:55,12394,12395,12395,1
2020-10-30,15:00:55,12394,12395,12396,2
2020-10-30,15:00:55,12395,12396,12396,1
2020-10-30,15:00:55,12395,12396,12396,1
2020-10-30,15:00:55,12395,12396,12395,2
2020-10-30,15:00:55,12395,12396,12394,1
2020-10-30,15:00:55,12394,12395,12396,1
2020-10-30,15:00:55,12394,12395,12395,1
2020-10-30,15:00:56,12395,12396,12396,1
2020-10-30,15:00:57,12395,12396,12395,1
2020-10-30,15:00:57,12395,12396,12395,2
2020-10-30,15:00:57,12395,12396,12396,1
2020-10-30,15:00:57,12395,12396,12395,1
2020-10-30,15:00:57,12394,12395,12394,5
2020-10-30,15:00:58,12394,12395,12395,3
2020-10-30,15:00:58,12394,12395,12394,1
2020-10-30,15:00:58,12394,12395,12394,1
2020-10-30,15:00:58,12394,12395,12394,5
2020-10-30,15:00:59,12393,12394,12393,4
2020-10-30,15:00:59,12393,12394,12393,1
2020-10-30,15:00:59,12392,12393,12393,1
2020-10-30,15:00:59,12392,12393,12392,1
2020-10-30,15:00:59,12392,12393,12393,1
2020-10-30,15:00:59,12392,12393,12392,1
2020-10-30,15:00:59,12392,12393,12393,1
2020-10-30,15:00:59,12392,12393,12393,2
2020-10-30,15:01:00,12392,12394,12392,3
2020-10-30,15:01:00,12392,12394,12392,1
2020-10-30,15:01:00,12392,12394,12392,3
2020-10-30,15:01:00,12392,12394,12391,1
2020-10-30,15:01:00,12392,12394,12391,1
2020-10-30,15:01:00,12392,12394,12391,6
2020-10-30,15:01:00,12392,12394,12390,1
2020-10-30,15:01:00,12392,12394,12390,4
2020-10-30,15:01:00,12392,12394,12391,2
2020-10-30,15:01:00,12390,12391,12390,1
2020-10-30,15:01:00,12390,12391,12390,1
2020-10-30,15:01:00,12390,12391,12390,1
2020-10-30,15:01:00,12390,12391,12391,3
2020-10-30,15:01:00,12390,12391,12392,1
2020-10-30,15:01:00,12390,12391,12391,1
2020-10-30,15:01:00,12390,12392,12390,2
2020-10-30,15:01:00,12390,12392,12393,1
2020-10-30,15:01:00,12390,12392,12392,3
2020-10-30,15:01:00,12391,12393,12391,1
2020-10-30,15:01:00,12391,12393,12393,4
2020-10-30,15:01:00,12391,12393,12392,1
2020-10-30,15:01:00,12391,12393,12391,1
2020-10-30,15:01:00,12391,12393,12391,1
2020-10-30,15:01:00,12391,12393,12390,2
2020-10-30,15:01:00,12391,12393,12390,2
2020-10-30,15:01:00,12391,12393,12390,1
2020-10-30,15:01:00,12391,12393,12392,3
2020-10-30,15:01:00,12391,12393,12390,1
2020-10-30,15:01:00,12391,12393,12390,2
2020-10-30,15:01:00,12391,12393,12390,2
2020-10-30,15:01:00,12391,12393,12390,1
2020-10-30,15:01:01,12390,12392,12392,1
2020-10-30,15:01:01,12390,12392,12390,1
2020-10-30,15:01:01,12390,12392,12390,1
2020-10-30,15:01:01,12390,12392,12390,1
2020-10-30,15:01:02,12390,12391,12391,2
2020-10-30,15:01:02,12390,12391,12391,1
2020-10-30,15:01:02,12390,12391,12391,2
2020-10-30,15:01:02,12390,12391,12390,1
2020-10-30,15:01:03,12389,12392,12392,5
2020-10-30,15:01:04,12390,12392,12392,1
2020-10-30,15:01:04,12390,12392,12392,3
2020-10-30,15:01:05,12391,12393,12393,1
2020-10-30,15:01:05,12391,12393,12391,8
2020-10-30,15:01:06,12392,12393,12393,1
2020-10-30,15:01:06,12392,12393,12393,7
2020-10-30,15:01:07,12393,12394,12394,1
2020-10-30,15:01:07,12393,12394,12394,1
2020-10-30,15:01:07,12394,12395,12394,1
2020-10-30,15:01:07,12394,12395,12394,1
2020-10-30,15:01:07,12393,12395,12393,1
2020-10-30,15:01:07,12393,12395,12393,1
2020-10-30,15:01:07,12393,12395,12394,1
2020-10-30,15:01:08,12392,12394,12394,4
2020-10-30,15:01:08,12392,12395,12395,1
2020-10-30,15:01:08,12392,12395,12392,1
2020-10-30,15:01:08,12392,12395,12395,1
2020-10-30,15:01:10,12392,12394,12392,1
2020-10-30,15:01:11,12393,12394,12393,1
2020-10-30,15:01:12,12392,12394,12392,1
2020-10-30,15:01:12,12392,12394,12392,1
2020-10-30,15:01:13,12393,12394,12394,3
2020-10-30,15:01:13,12394,12395,12394,1
2020-10-30,15:01:14,12394,12395,12394,2
2020-10-30,15:01:14,12394,12395,12394,1
2020-10-30,15:01:15,12394,12395,12394,1
2020-10-30,15:01:16,12394,12395,12395,1
2020-10-30,15:01:16,12394,12395,12394,1
2020-10-30,15:01:16,12393,12394,12394,1
2020-10-30,15:01:17,12394,12395,12395,1
2020-10-30,15:01:17,12394,12395,12394,1
2020-10-30,15:01:17,12393,12394,12394,1
2020-10-30,15:01:18,12393,12394,12394,1
2020-10-30,15:01:18,12393,12394,12394,1
2020-10-30,15:01:18,12393,12394,12394,1
2020-10-30,15:01:19,12393,12394,12394,1
2020-10-30,15:01:19,12393,12394,12393,1
2020-10-30,15:01:19,12393,12394,12394,1
2020-10-30,15:01:20,12393,12394,12394,2
2020-10-30,15:01:20,12393,12394,12393,2
2020-10-30,15:01:21,12393,12394,12394,1
2020-10-30,15:01:21,12393,12394,12394,1
2020-10-30,15:01:21,12393,12394,12394,1
2020-10-30,15:01:21,12393,12394,12393,4
2020-10-30,15:01:22,12393,12394,12393,1
2020-10-30,15:01:22,12393,12394,12393,2
2020-10-30,15:01:23,12393,12394,12393,9
2020-10-30,15:01:23,12393,12394,12393,1
2020-10-30,15:01:24,12392,12393,12393,1
2020-10-30,15:01:24,12392,12393,12393,1
2020-10-30,15:01:25,12392,12393,12392,1
2020-10-30,15:01:25,12392,12393,12392,5
2020-10-30,15:01:25,12392,12393,12392,9
2020-10-30,15:01:28,12391,12392,12391,1
2020-10-30,15:01:28,12391,12392,12391,4
2020-10-30,15:01:29,12390,12391,12390,9
2020-10-30,15:01:29,12390,12391,12390,2
2020-10-30,15:01:29,12389,12391,12389,1
2020-10-30,15:01:29,12389,12390,12391,2
2020-10-30,15:01:29,12389,12390,12390,3
2020-10-30,15:01:30,12389,12391,12391,5
2020-10-30,15:01:30,12389,12391,12389,2
2020-10-30,15:01:30,12389,12390,12390,2
2020-10-30,15:01:32,12390,12391,12390,1
2020-10-30,15:01:32,12389,12390,12390,2
2020-10-30,15:01:33,12389,12390,12389,1
2020-10-30,15:01:34,12389,12390,12390,1
2020-10-30,15:01:35,12390,12391,12391,9
2020-10-30,15:01:35,12391,12392,12392,3
2020-10-30,15:01:36,12391,12393,12391,1
2020-10-30,15:01:37,12391,12392,12392,6
2020-10-30,15:01:37,12391,12392,12391,3
2020-10-30,15:01:37,12391,12392,12391,1
2020-10-30,15:01:37,12391,12392,12391,1
2020-10-30,15:01:37,12391,12392,12391,1
2020-10-30,15:01:37,12391,12392,12390,1
2020-10-30,15:01:37,12391,12392,12390,1
2020-10-30,15:01:37,12391,12392,12390,1
2020-10-30,15:01:37,12391,12392,12390,1
2020-10-30,15:01:37,12391,12392,12390,1
2020-10-30,15:01:37,12391,12392,12390,1
2020-10-30,15:01:37,12390,12391,12391,1
2020-10-30,15:01:39,12390,12391,12390,3
2020-10-30,15:01:39,12389,12391,12391,1
2020-10-30,15:01:41,12390,12391,12391,1
2020-10-30,15:01:42,12390,12392,12390,2
2020-10-30,15:01:42,12390,12391,12390,1
2020-10-30,15:01:42,12390,12391,12391,1
2020-10-30,15:01:42,12390,12391,12392,1
2020-10-30,15:01:43,12391,12392,12392,2
2020-10-30,15:01:46,12391,12392,12392,6
2020-10-30,15:01:46,12391,12392,12392,1
2020-10-30,15:01:46,12391,12392,12392,1
2020-10-30,15:01:46,12391,12392,12392,1
2020-10-30,15:01:46,12391,12392,12392,2
2020-10-30,15:01:47,12392,12393,12392,6
2020-10-30,15:01:47,12391,12392,12391,1
2020-10-30,15:01:48,12391,12392,12392,2
2020-10-30,15:01:48,12391,12392,12392,2
2020-10-30,15:01:49,12392,12393,12392,2
2020-10-30,15:01:50,12391,12392,12391,1
2020-10-30,15:01:51,12391,12392,12392,1
2020-10-30,15:01:52,12391,12392,12391,1
2020-10-30,15:01:53,12390,12391,12390,1
2020-10-30,15:01:53,12390,12391,12390,7
2020-10-30,15:01:53,12390,12391,12390,1
2020-10-30,15:01:54,12389,12390,12390,1
2020-10-30,15:01:54,12389,12390,12390,2
2020-10-30,15:01:55,12389,12391,12389,3
2020-10-30,15:01:55,12389,12390,12389,1
2020-10-30,15:01:55,12389,12390,12390,1
2020-10-30,15:01:56,12389,12390,12389,1
2020-10-30,15:01:56,12389,12390,12389,3
2020-10-30,15:01:56,12389,12390,12389,2
2020-10-30,15:01:57,12388,12389,12389,1
2020-10-30,15:01:58,12388,12390,12390,1
2020-10-30,15:01:59,12389,12390,12389,1
2020-10-30,15:02:00,12389,12390,12389,1
2020-10-30,15:02:00,12388,12390,12388,2
2020-10-30,15:02:00,12388,12389,12388,1
2020-10-30,15:02:00,12388,12389,12388,10
2020-10-30,15:02:00,12388,12389,12388,2
2020-10-30,15:02:00,12388,12389,12388,1
2020-10-30,15:02:00,12387,12389,12389,1
2020-10-30,15:02:01,12387,12389,12389,1
2020-10-30,15:02:01,12387,12389,12389,1
2020-10-30,15:02:01,12388,12390,12390,1
2020-10-30,15:02:02,12387,12388,12386,8
2020-10-30,15:02:02,12387,12388,12387,9
2020-10-30,15:02:02,12386,12388,12386,1
2020-10-30,15:02:02,12386,12388,12386,1
2020-10-30,15:02:02,12387,12388,12388,2
2020-10-30,15:02:02,12387,12388,12388,1
2020-10-30,15:02:03,12387,12388,12388,1
2020-10-30,15:02:03,12387,12388,12387,4
2020-10-30,15:02:03,12387,12388,12387,3
2020-10-30,15:02:04,12386,12387,12387,1
2020-10-30,15:02:04,12386,12387,12386,1
2020-10-30,15:02:05,12386,12387,12387,1
2020-10-30,15:02:05,12386,12387,12388,1
2020-10-30,15:02:05,12386,12387,12386,2
2020-10-30,15:02:05,12385,12387,12386,2
2020-10-30,15:02:07,12386,12387,12385,1
2020-10-30,15:02:07,12386,12387,12386,4
2020-10-30,15:02:07,12385,12386,12386,2
2020-10-30,15:02:08,12385,12386,12387,1
2020-10-30,15:02:08,12385,12386,12386,4
2020-10-30,15:02:08,12385,12386,12385,1
2020-10-30,15:02:08,12385,12386,12385,2
2020-10-30,15:02:08,12385,12386,12385,10
2020-10-30,15:02:08,12385,12386,12385,2
2020-10-30,15:02:08,12385,12386,12385,1
2020-10-30,15:02:08,12385,12386,12386,2
2020-10-30,15:02:08,12384,12386,12386,1
2020-10-30,15:02:08,12384,12386,12386,1
2020-10-30,15:02:08,12384,12386,12386,6
2020-10-30,15:02:09,12386,12387,12386,1
2020-10-30,15:02:09,12385,12387,12385,5
2020-10-30,15:02:10,12385,12387,12386,1
2020-10-30,15:02:10,12385,12386,12386,1
2020-10-30,15:02:11,12385,12386,12385,4
2020-10-30,15:02:11,12385,12386,12385,1
2020-10-30,15:02:12,12385,12386,12386,1
2020-10-30,15:02:12,12385,12386,12385,1
2020-10-30,15:02:12,12385,12386,12385,1
2020-10-30,15:02:12,12385,12386,12385,1
2020-10-30,15:02:13,12384,12385,12384,1
2020-10-30,15:02:13,12384,12385,12384,2
2020-10-30,15:02:13,12384,12385,12385,2
2020-10-30,15:02:13,12384,12385,12385,1
2020-10-30,15:02:13,12384,12385,12385,1
2020-10-30,15:02:14,12384,12385,12384,1
2020-10-30,15:02:14,12384,12385,12385,1
2020-10-30,15:02:14,12384,12385,12384,1
2020-10-30,15:02:14,12384,12385,12384,3
2020-10-30,15:02:14,12384,12385,12385,1
2020-10-30,15:02:14,12384,12385,12384,1
2020-10-30,15:02:14,12384,12385,12384,2
2020-10-30,15:02:14,12384,12385,12384,1
2020-10-30,15:02:15,12384,12385,12384,1
2020-10-30,15:02:15,12384,12385,12384,1
2020-10-30,15:02:15,12384,12385,12384,1
2020-10-30,15:02:15,12384,12385,12383,1
2020-10-30,15:02:15,12384,12385,12384,1
2020-10-30,15:02:15,12383,12384,12384,1
2020-10-30,15:02:15,12383,12384,12383,1
2020-10-30,15:02:16,12383,12384,12384,1
2020-10-30,15:02:16,12383,12384,12384,1
2020-10-30,15:02:16,12383,12384,12383,1
2020-10-30,15:02:17,12383,12384,12384,1
2020-10-30,15:02:17,12383,12384,12383,1
2020-10-30,15:02:17,12382,12384,12382,2
2020-10-30,15:02:17,12382,12384,12382,1
2020-10-30,15:02:17,12382,12384,12382,1
2020-10-30,15:02:17,12382,12384,12382,1
2020-10-30,15:02:17,12382,12384,12382,1
2020-10-30,15:02:17,12382,12384,12382,1
2020-10-30,15:02:17,12382,12384,12382,1
2020-10-30,15:02:17,12382,12384,12382,4
2020-10-30,15:02:17,12382,12384,12381,1
2020-10-30,15:02:17,12381,12382,12381,1
2020-10-30,15:02:17,12381,12382,12382,1
2020-10-30,15:02:17,12381,12383,12383,2
2020-10-30,15:02:17,12382,12383,12382,1
2020-10-30,15:02:19,12381,12382,12382,2
2020-10-30,15:02:19,12381,12382,12381,1
2020-10-30,15:02:20,12381,12382,12381,1
2020-10-30,15:02:20,12381,12383,12381,1
2020-10-30,15:02:20,12382,12383,12382,1
2020-10-30,15:02:21,12382,12383,12382,1
2020-10-30,15:02:21,12382,12383,12382,1
2020-10-30,15:02:21,12382,12383,12382,2
2020-10-30,15:02:21,12382,12383,12383,1
2020-10-30,15:02:21,12382,12383,12383,1
2020-10-30,15:02:22,12382,12383,12382,1
2020-10-30,15:02:22,12382,12383,12381,1
2020-10-30,15:02:22,12382,12383,12382,1
2020-10-30,15:02:22,12382,12383,12381,3
2020-10-30,15:02:22,12381,12382,12381,1
2020-10-30,15:02:23,12381,12382,12381,3
2020-10-30,15:02:23,12381,12382,12381,1
2020-10-30,15:02:23,12381,12382,12380,4
2020-10-30,15:02:23,12381,12382,12380,3
2020-10-30,15:02:23,12380,12381,12380,1
2020-10-30,15:02:23,12380,12381,12380,1
2020-10-30,15:02:23,12380,12381,12380,1
2020-10-30,15:02:23,12380,12381,12380,4
2020-10-30,15:02:23,12380,12381,12380,4
2020-10-30,15:02:23,12380,12381,12380,2
2020-10-30,15:02:23,12380,12381,12379,3
2020-10-30,15:02:23,12380,12381,12381,1
2020-10-30,15:02:23,12379,12381,12381,1
2020-10-30,15:02:23,12379,12381,12381,1
2020-10-30,15:02:23,12379,12381,12381,1
2020-10-30,15:02:23,12379,12381,12381,1
2020-10-30,15:02:23,12379,12381,12381,1
2020-10-30,15:02:24,12380,12382,12382,1
2020-10-30,15:02:25,12380,12382,12382,2
2020-10-30,15:02:26,12380,12381,12380,2
2020-10-30,15:02:26,12379,12380,12380,2
2020-10-30,15:02:27,12379,12380,12379,1
2020-10-30,15:02:27,12379,12380,12379,8
2020-10-30,15:02:27,12379,12380,12379,1
2020-10-30,15:02:27,12379,12380,12379,1
2020-10-30,15:02:27,12379,12380,12380,1
2020-10-30,15:02:27,12379,12380,12379,1
2020-10-30,15:02:28,12378,12380,12379,2
2020-10-30,15:02:29,12378,12379,12379,1
2020-10-30,15:02:29,12378,12379,12379,1
2020-10-30,15:02:29,12378,12379,12379,1
2020-10-30,15:02:29,12378,12379,12379,1
2020-10-30,15:02:29,12378,12379,12379,1
2020-10-30,15:02:29,12378,12379,12379,1
2020-10-30,15:02:29,12378,12379,12379,2
2020-10-30,15:02:30,12379,12380,12379,3
2020-10-30,15:02:30,12379,12380,12379,2
2020-10-30,15:02:30,12378,12380,12380,10
2020-10-30,15:02:30,12380,12381,12380,4
2020-10-30,15:02:31,12380,12381,12380,1
2020-10-30,15:02:31,12380,12381,12380,5
2020-10-30,15:02:31,12380,12381,12380,1
2020-10-30,15:02:31,12380,12381,12380,1
2020-10-30,15:02:31,12380,12381,12380,1
2020-10-30,15:02:32,12380,12381,12380,8
2020-10-30,15:02:32,12379,12381,12380,1
2020-10-30,15:02:32,12379,12381,12380,1
2020-10-30,15:02:32,12379,12380,12380,1
2020-10-30,15:02:33,12379,12381,12379,2
2020-10-30,15:02:33,12379,12381,12379,1
2020-10-30,15:02:33,12379,12381,12380,1
2020-10-30,15:02:33,12379,12381,12381,1
2020-10-30,15:02:34,12380,12382,12381,1
2020-10-30,15:02:34,12380,12382,12381,1
2020-10-30,15:02:34,12381,12382,12381,1
2020-10-30,15:02:34,12380,12382,12382,1
2020-10-30,15:02:34,12380,12382,12382,2
2020-10-30,15:02:35,12381,12383,12381,1
2020-10-30,15:02:35,12381,12383,12381,3
2020-10-30,15:02:35,12381,12383,12383,4
2020-10-30,15:02:35,12381,12383,12381,1
2020-10-30,15:02:35,12381,12383,12383,1
2020-10-30,15:02:35,12383,12384,12384,3
2020-10-30,15:02:36,12383,12385,12385,1
2020-10-30,15:02:36,12383,12385,12385,1
2020-10-30,15:02:36,12384,12385,12384,1
2020-10-30,15:02:36,12384,12385,12385,1
2020-10-30,15:02:37,12384,12385,12384,1
2020-10-30,15:02:37,12384,12385,12383,2
2020-10-30,15:02:37,12384,12385,12384,1
2020-10-30,15:02:37,12383,12384,12384,1
2020-10-30,15:02:37,12382,12384,12384,1
2020-10-30,15:02:37,12382,12384,12382,1
2020-10-30,15:02:38,12382,12384,12381,2
2020-10-30,15:02:38,12382,12384,12382,2
2020-10-30,15:02:38,12381,12383,12383,1
2020-10-30,15:02:39,12381,12383,12381,3
2020-10-30,15:02:40,12383,12384,12384,1
2020-10-30,15:02:41,12382,12384,12382,1
2020-10-30,15:02:41,12382,12384,12381,3
2020-10-30,15:02:41,12382,12384,12382,1
2020-10-30,15:02:43,12381,12382,12382,1
2020-10-30,15:02:43,12381,12383,12381,1
2020-10-30,15:02:43,12381,12383,12381,2
2020-10-30,15:02:45,12381,12382,12381,1
2020-10-30,15:02:45,12381,12382,12381,1
2020-10-30,15:02:46,12380,12381,12381,2
2020-10-30,15:02:47,12380,12381,12381,1
2020-10-30,15:02:47,12380,12381,12382,1
2020-10-30,15:02:50,12381,12382,12381,1
2020-10-30,15:02:50,12381,12382,12381,1
2020-10-30,15:02:50,12381,12382,12381,1
2020-10-30,15:02:50,12380,12382,12382,1
2020-10-30,15:02:50,12381,12382,12382,1
2020-10-30,15:02:50,12381,12382,12381,2
2020-10-30,15:02:50,12381,12382,12380,13
2020-10-30,15:02:51,12380,12381,12381,1
2020-10-30,15:02:51,12381,12382,12383,2
2020-10-30,15:02:51,12381,12382,12382,3
2020-10-30,15:02:51,12381,12382,12381,1
2020-10-30,15:02:52,12381,12382,12382,1
2020-10-30,15:02:53,12381,12382,12382,1
2020-10-30,15:02:54,12381,12382,12382,4
2020-10-30,15:02:55,12382,12383,12383,8
2020-10-30,15:02:55,12382,12384,12382,1
2020-10-30,15:02:55,12382,12384,12383,1
2020-10-30,15:02:57,12383,12384,12383,2
2020-10-30,15:02:57,12383,12384,12384,3
2020-10-30,15:02:57,12383,12384,12384,4
2020-10-30,15:02:58,12384,12385,12384,2
2020-10-30,15:02:59,12384,12385,12385,1
2020-10-30,15:02:59,12384,12385,12385,5
2020-10-30,15:02:59,12384,12385,12385,1
2020-10-30,15:02:59,12385,12386,12386,1
2020-10-30,15:02:59,12385,12386,12387,1
2020-10-30,15:03:00,12385,12387,12385,2
2020-10-30,15:03:00,12385,12387,12385,1
2020-10-30,15:03:00,12384,12386,12384,3
2020-10-30,15:03:00,12384,12386,12386,2
2020-10-30,15:03:01,12384,12386,12384,7
2020-10-30,15:03:01,12383,12384,12383,1
2020-10-30,15:03:01,12383,12384,12383,5
2020-10-30,15:03:02,12383,12384,12383,1
2020-10-30,15:03:02,12383,12384,12383,3
2020-10-30,15:03:02,12382,12383,12382,2
2020-10-30,15:03:02,12382,12383,12382,2
2020-10-30,15:03:02,12382,12383,12382,2
2020-10-30,15:03:03,12381,12382,12382,1
2020-10-30,15:03:03,12381,12382,12382,2
2020-10-30,15:03:04,12381,12382,12382,1
2020-10-30,15:03:04,12381,12382,12381,1
2020-10-30,15:03:04,12381,12382,12381,1
2020-10-30,15:03:05,12381,12382,12381,1
2020-10-30,15:03:05,12381,12382,12382,1
2020-10-30,15:03:06,12381,12382,12382,1
2020-10-30,15:03:08,12381,12382,12382,3
2020-10-30,15:03:08,12382,12383,12382,3
2020-10-30,15:03:09,12381,12382,12382,1
2020-10-30,15:03:09,12381,12382,12382,1
2020-10-30,15:03:09,12382,12383,12382,1
2020-10-30,15:03:10,12382,12383,12383,4
2020-10-30,15:03:10,12382,12384,12382,1
2020-10-30,15:03:11,12382,12384,12382,5
2020-10-30,15:03:11,12382,12384,12382,1
2020-10-30,15:03:13,12382,12384,12382,1
2020-10-30,15:03:14,12382,12384,12382,2
2020-10-30,15:03:14,12382,12384,12382,1
2020-10-30,15:03:15,12382,12384,12382,1
2020-10-30,15:03:16,12381,12383,12381,1
2020-10-30,15:03:16,12381,12382,12382,2
2020-10-30,15:03:17,12381,12383,12382,1
2020-10-30,15:03:18,12381,12382,12382,1
2020-10-30,15:03:20,12381,12382,12381,4
2020-10-30,15:03:20,12381,12382,12381,1
2020-10-30,15:03:20,12380,12381,12381,2
2020-10-30,15:03:21,12380,12381,12381,2
2020-10-30,15:03:21,12380,12381,12380,3
2020-10-30,15:03:24,12380,12381,12380,1
2020-10-30,15:03:24,12380,12381,12380,2
2020-10-30,15:03:24,12380,12381,12380,5
2020-10-30,15:03:24,12380,12381,12380,2
2020-10-30,15:03:24,12379,12380,12380,1
2020-10-30,15:03:24,12379,12380,12379,2
2020-10-30,15:03:25,12379,12380,12379,1
2020-10-30,15:03:27,12379,12380,12379,2
2020-10-30,15:03:27,12379,12380,12379,3
2020-10-30,15:03:28,12378,12380,12378,1
2020-10-30,15:03:28,12378,12380,12378,1
2020-10-30,15:03:28,12378,12380,12378,1
2020-10-30,15:03:28,12378,12380,12378,1
2020-10-30,15:03:28,12377,12379,12377,1
2020-10-30,15:03:28,12377,12379,12377,3
2020-10-30,15:03:28,12377,12379,12377,4
2020-10-30,15:03:28,12377,12379,12377,2
2020-10-30,15:03:28,12377,12379,12377,6
2020-10-30,15:03:28,12377,12379,12377,5
2020-10-30,15:03:28,12376,12378,12376,1
2020-10-30,15:03:28,12376,12378,12376,1
2020-10-30,15:03:28,12376,12378,12376,2
2020-10-30,15:03:28,12376,12377,12376,1
2020-10-30,15:03:28,12376,12377,12377,1
2020-10-30,15:03:28,12376,12377,12376,1
2020-10-30,15:03:28,12376,12377,12377,1
2020-10-30,15:03:28,12376,12377,12376,1
2020-10-30,15:03:29,12376,12378,12378,1
2020-10-30,15:03:29,12376,12378,12378,4
2020-10-30,15:03:29,12376,12378,12377,1
2020-10-30,15:03:29,12377,12378,12377,1
2020-10-30,15:03:30,12377,12379,12377,1
2020-10-30,15:03:30,12378,12379,12378,1
2020-10-30,15:03:31,12376,12378,12376,1
2020-10-30,15:03:32,12376,12378,12376,1
2020-10-30,15:03:32,12376,12377,12377,1
2020-10-30,15:03:33,12376,12377,12376,1
2020-10-30,15:03:33,12376,12377,12376,1
2020-10-30,15:03:33,12376,12377,12376,4
2020-10-30,15:03:33,12376,12377,12375,1
2020-10-30,15:03:33,12375,12376,12375,2
2020-10-30,15:03:33,12375,12376,12375,2
2020-10-30,15:03:34,12375,12376,12375,2
2020-10-30,15:03:34,12375,12376,12375,2
2020-10-30,15:03:34,12374,12375,12375,2
2020-10-30,15:03:35,12376,12377,12376,1
2020-10-30,15:03:35,12376,12377,12377,1
2020-10-30,15:03:35,12375,12377,12375,2
2020-10-30,15:03:35,12375,12377,12375,1
2020-10-30,15:03:36,12375,12376,12376,1
2020-10-30,15:03:36,12375,12376,12375,4
2020-10-30,15:03:37,12375,12376,12376,1
2020-10-30,15:03:37,12375,12376,12376,1
2020-10-30,15:03:38,12375,12376,12376,3
2020-10-30,15:03:38,12376,12377,12376,1
2020-10-30,15:03:39,12375,12377,12375,1
2020-10-30,15:03:39,12375,12377,12375,3
2020-10-30,15:03:39,12375,12376,12375,1
2020-10-30,15:03:39,12374,12376,12374,1
2020-10-30,15:03:40,12374,12375,12375,1
2020-10-30,15:03:41,12375,12376,12375,2
2020-10-30,15:03:41,12375,12376,12375,1
2020-10-30,15:03:41,12375,12376,12375,2
2020-10-30,15:03:42,12375,12376,12376,2
2020-10-30,15:03:42,12375,12377,12376,1
2020-10-30,15:03:42,12375,12377,12375,2
2020-10-30,15:03:43,12375,12377,12375,1
2020-10-30,15:03:44,12375,12377,12377,1
2020-10-30,15:03:45,12375,12377,12377,15
2020-10-30,15:03:45,12377,12379,12379,1
2020-10-30,15:03:45,12377,12379,12377,1
2020-10-30,15:03:45,12377,12378,12377,1
2020-10-30,15:03:45,12377,12378,12377,1
2020-10-30,15:03:45,12377,12378,12376,1
2020-10-30,15:03:45,12376,12378,12376,1
2020-10-30,15:03:45,12376,12378,12376,1
2020-10-30,15:03:46,12375,12378,12375,3
2020-10-30,15:03:46,12375,12377,12377,1
2020-10-30,15:03:47,12375,12376,12374,1
2020-10-30,15:03:47,12375,12376,12375,1
2020-10-30,15:03:49,12375,12376,12375,1
2020-10-30,15:03:49,12375,12376,12375,1
2020-10-30,15:03:49,12374,12376,12374,3
2020-10-30,15:03:50,12373,12375,12373,2
2020-10-30,15:03:50,12373,12374,12373,2
2020-10-30,15:03:50,12373,12374,12373,2
2020-10-30,15:03:50,12372,12374,12374,3
2020-10-30,15:03:51,12373,12374,12373,1
2020-10-30,15:03:51,12373,12374,12374,1
2020-10-30,15:03:52,12374,12375,12374,1
2020-10-30,15:03:53,12374,12375,12374,1
2020-10-30,15:03:54,12374,12375,12374,1
2020-10-30,15:03:54,12374,12375,12374,2
2020-10-30,15:03:54,12374,12375,12374,2
2020-10-30,15:03:54,12374,12375,12373,1
2020-10-30,15:03:54,12373,12375,12372,1
2020-10-30,15:03:54,12373,12375,12373,3
2020-10-30,15:03:54,12372,12374,12374,5
2020-10-30,15:03:55,12372,12374,12372,1
2020-10-30,15:03:55,12372,12373,12372,1
2020-10-30,15:03:55,12372,12373,12372,2
2020-10-30,15:03:55,12372,12373,12372,4
2020-10-30,15:03:55,12371,12372,12372,1
2020-10-30,15:03:56,12371,12372,12372,1
2020-10-30,15:03:56,12371,12372,12373,1
2020-10-30,15:03:56,12371,12373,12373,1
2020-10-30,15:03:57,12372,12374,12372,1
2020-10-30,15:03:57,12372,12373,12372,1
2020-10-30,15:03:57,12372,12373,12371,4
2020-10-30,15:03:57,12372,12373,12372,3
2020-10-30,15:03:57,12372,12373,12371,1
2020-10-30,15:03:57,12372,12373,12371,2
2020-10-30,15:03:57,12372,12373,12371,1
2020-10-30,15:03:57,12372,12373,12371,1
2020-10-30,15:03:57,12372,12373,12371,2
2020-10-30,15:03:57,12372,12373,12370,1
2020-10-30,15:03:57,12372,12373,12371,1
2020-10-30,15:03:57,12372,12373,12370,2
2020-10-30,15:03:57,12372,12373,12370,1
2020-10-30,15:03:57,12372,12373,12370,1
2020-10-30,15:03:57,12372,12373,12370,1
2020-10-30,15:03:57,12372,12373,12370,2
2020-10-30,15:03:57,12372,12373,12370,1
2020-10-30,15:03:57,12372,12373,12370,1
2020-10-30,15:03:57,12370,12372,12370,6
2020-10-30,15:03:57,12370,12372,12370,4
2020-10-30,15:03:57,12370,12372,12370,1
2020-10-30,15:03:58,12370,12372,12372,1
2020-10-30,15:03:59,12371,12372,12372,1
2020-10-30,15:04:00,12371,12373,12371,2
2020-10-30,15:04:00,12371,12373,12371,1
2020-10-30,15:04:00,12371,12372,12371,1
2020-10-30,15:04:00,12371,12372,12370,6
2020-10-30,15:04:00,12371,12372,12372,1
2020-10-30,15:04:00,12371,12372,12371,2
2020-10-30,15:04:01,12370,12372,12370,1
2020-10-30,15:04:01,12370,12372,12370,3
2020-10-30,15:04:01,12370,12372,12370,2
2020-10-30,15:04:01,12370,12371,12370,2
2020-10-30,15:04:01,12370,12371,12371,1
2020-10-30,15:04:01,12370,12371,12371,1
2020-10-30,15:04:01,12370,12372,12370,1
2020-10-30,15:04:02,12370,12372,12372,1
2020-10-30,15:04:02,12371,12372,12371,1
2020-10-30,15:04:03,12371,12372,12371,1
2020-10-30,15:04:03,12371,12372,12371,1
2020-10-30,15:04:04,12371,12372,12371,1
2020-10-30,15:04:04,12371,12372,12371,1
2020-10-30,15:04:05,12371,12372,12371,1
2020-10-30,15:04:05,12371,12372,12372,10
2020-10-30,15:04:05,12371,12372,12371,2
2020-10-30,15:04:06,12371,12372,12372,1
2020-10-30,15:04:06,12371,12372,12371,1
2020-10-30,15:04:07,12371,12372,12371,1
2020-10-30,15:04:07,12371,12372,12371,3
2020-10-30,15:04:07,12371,12372,12372,1
2020-10-30,15:04:07,12371,12372,12372,5
2020-10-30,15:04:07,12371,12372,12371,1
2020-10-30,15:04:08,12370,12372,12371,1
2020-10-30,15:04:08,12370,12372,12371,2
2020-10-30,15:04:08,12370,12372,12370,1
2020-10-30,15:04:08,12370,12372,12370,1
2020-10-30,15:04:09,12371,12372,12371,1
2020-10-30,15:04:09,12371,12372,12371,2
2020-10-30,15:04:09,12370,12372,12370,2
2020-10-30,15:04:09,12370,12372,12370,1
2020-10-30,15:04:09,12370,12372,12372,1
2020-10-30,15:04:10,12370,12371,12371,1
2020-10-30,15:04:10,12370,12371,12371,1
2020-10-30,15:04:10,12371,12372,12372,8
2020-10-30,15:04:10,12371,12372,12372,4
2020-10-30,15:04:11,12371,12373,12371,1
2020-10-30,15:04:11,12371,12373,12372,1
2020-10-30,15:04:12,12372,12373,12372,2
2020-10-30,15:04:12,12371,12373,12373,1
2020-10-30,15:04:12,12371,12373,12372,1
2020-10-30,15:04:12,12371,12373,12372,1
2020-10-30,15:04:12,12371,12373,12372,1
2020-10-30,15:04:13,12371,12373,12371,1
2020-10-30,15:04:14,12372,12373,12372,1
2020-10-30,15:04:14,12372,12373,12372,1
2020-10-30,15:04:14,12372,12373,12372,2
2020-10-30,15:04:14,12372,12373,12372,1
2020-10-30,15:04:15,12372,12373,12372,2
2020-10-30,15:04:15,12372,12373,12373,1
2020-10-30,15:04:16,12372,12373,12373,11
2020-10-30,15:04:16,12373,12374,12374,1
2020-10-30,15:04:16,12373,12374,12374,4
2020-10-30,15:04:16,12373,12374,12374,1
2020-10-30,15:04:17,12373,12375,12375,1
2020-10-30,15:04:17,12373,12375,12373,1
2020-10-30,15:04:18,12373,12375,12375,1
2020-10-30,15:04:18,12373,12375,12373,2
2020-10-30,15:04:18,12374,12375,12375,1
2020-10-30,15:04:19,12374,12375,12375,1
2020-10-30,15:04:19,12374,12375,12375,1
2020-10-30,15:04:19,12374,12375,12375,1
2020-10-30,15:04:20,12374,12375,12374,1
2020-10-30,15:04:21,12373,12375,12374,4
2020-10-30,15:04:22,12373,12374,12374,1
2020-10-30,15:04:22,12373,12374,12374,1
2020-10-30,15:04:23,12374,12375,12375,5
2020-10-30,15:04:24,12374,12375,12375,5
2020-10-30,15:04:24,12375,12376,12375,1
2020-10-30,15:04:24,12375,12376,12375,1
2020-10-30,15:04:25,12375,12376,12376,3
2020-10-30,15:04:25,12375,12376,12376,4
2020-10-30,15:04:25,12375,12376,12376,4
2020-10-30,15:04:25,12375,12377,12375,2
2020-10-30,15:04:26,12375,12377,12375,3
2020-10-30,15:04:26,12375,12376,12376,4
2020-10-30,15:04:26,12375,12376,12377,2
2020-10-30,15:04:26,12375,12376,12377,7
2020-10-30,15:04:27,12376,12378,12376,1
2020-10-30,15:04:28,12377,12378,12377,1
2020-10-30,15:04:28,12376,12378,12376,4
2020-10-30,15:04:30,12376,12377,12377,4
2020-10-30,15:04:30,12376,12377,12377,6
2020-10-30,15:04:30,12376,12378,12377,1
2020-10-30,15:04:31,12376,12378,12378,7
2020-10-30,15:04:31,12377,12379,12379,1
2020-10-30,15:04:32,12377,12379,12379,1
2020-10-30,15:04:33,12377,12378,12378,2
2020-10-30,15:04:33,12377,12378,12378,1
2020-10-30,15:04:34,12377,12378,12378,1
2020-10-30,15:04:34,12377,12378,12378,1
2020-10-30,15:04:35,12377,12379,12377,2
2020-10-30,15:04:35,12377,12378,12378,1
2020-10-30,15:04:36,12377,12378,12378,1
2020-10-30,15:04:38,12378,12379,12378,1
2020-10-30,15:04:38,12378,12379,12378,1
2020-10-30,15:04:39,12378,12379,12378,1
2020-10-30,15:04:41,12378,12379,12378,2
2020-10-30,15:04:41,12378,12379,12378,1
2020-10-30,15:04:41,12378,12379,12379,4
2020-10-30,15:04:42,12378,12380,12380,1
2020-10-30,15:04:42,12379,12380,12379,1
2020-10-30,15:04:42,12378,12380,12380,1
2020-10-30,15:04:43,12378,12379,12379,1
2020-10-30,15:04:44,12378,12380,12379,4
2020-10-30,15:04:44,12378,12380,12380,1
2020-10-30,15:04:45,12378,12379,12379,1
2020-10-30,15:04:45,12378,12379,12379,1
2020-10-30,15:04:46,12378,12379,12379,1
2020-10-30,15:04:46,12378,12379,12379,4
2020-10-30,15:04:46,12379,12380,12379,1
2020-10-30,15:04:47,12379,12380,12380,1
2020-10-30,15:04:47,12379,12380,12379,1
2020-10-30,15:04:47,12379,12380,12380,1
2020-10-30,15:04:47,12379,12380,12380,4
2020-10-30,15:04:47,12379,12380,12380,20
2020-10-30,15:04:48,12380,12381,12380,1
2020-10-30,15:04:48,12380,12381,12381,1
2020-10-30,15:04:48,12380,12381,12381,1
2020-10-30,15:04:49,12380,12381,12381,3
2020-10-30,15:04:49,12380,12381,12381,1
2020-10-30,15:04:49,12380,12382,12382,1
2020-10-30,15:04:49,12380,12382,12382,1
2020-10-30,15:04:50,12381,12382,12382,3
2020-10-30,15:04:50,12381,12382,12382,2
2020-10-30,15:04:50,12381,12382,12382,2
2020-10-30,15:04:50,12381,12382,12381,1
2020-10-30,15:04:50,12381,12382,12381,1
2020-10-30,15:04:50,12381,12382,12381,1
2020-10-30,15:04:51,12381,12382,12381,1
2020-10-30,15:04:52,12381,12382,12382,5
2020-10-30,15:04:52,12381,12382,12381,2
2020-10-30,15:04:52,12380,12382,12382,4
2020-10-30,15:04:53,12380,12381,12381,1
2020-10-30,15:04:54,12380,12382,12381,1
2020-10-30,15:04:55,12380,12381,12380,2
2020-10-30,15:04:55,12379,12380,12380,1
2020-10-30,15:04:56,12379,12380,12379,2
2020-10-30,15:04:56,12379,12380,12380,1
2020-10-30,15:04:56,12379,12380,12380,1
2020-10-30,15:04:57,12379,12380,12379,1
2020-10-30,15:04:57,12379,12380,12380,2
2020-10-30,15:04:58,12379,12380,12380,1
2020-10-30,15:04:59,12379,12380,12380,4
2020-10-30,15:05:00,12379,12380,12379,1
2020-10-30,15:05:00,12379,12380,12379,6
2020-10-30,15:05:00,12378,12379,12379,1
2020-10-30,15:05:00,12378,12379,12378,3
2020-10-30,15:05:00,12378,12379,12378,5
2020-10-30,15:05:01,12377,12378,12378,1
2020-10-30,15:05:02,12377,12379,12379,1
2020-10-30,15:05:02,12378,12379,12378,1
2020-10-30,15:05:02,12377,12378,12378,1
2020-10-30,15:05:03,12377,12378,12378,3
2020-10-30,15:05:03,12377,12379,12377,1
2020-10-30,15:05:04,12377,12378,12377,1
2020-10-30,15:05:04,12377,12378,12377,4
2020-10-30,15:05:05,12376,12377,12375,1
2020-10-30,15:05:05,12376,12377,12376,4
2020-10-30,15:05:05,12376,12377,12376,1
2020-10-30,15:05:06,12375,12376,12376,1
2020-10-30,15:05:06,12375,12376,12376,1
2020-10-30,15:05:06,12375,12376,12375,2
2020-10-30,15:05:07,12375,12376,12375,5
2020-10-30,15:05:07,12374,12375,12375,1
2020-10-30,15:05:08,12374,12375,12376,2
2020-10-30,15:05:08,12374,12375,12376,1
2020-10-30,15:05:09,12375,12377,12375,1
2020-10-30,15:05:12,12375,12376,12376,1
2020-10-30,15:05:13,12376,12378,12376,1
2020-10-30,15:05:13,12376,12378,12376,1
2020-10-30,15:05:13,12377,12378,12378,1
2020-10-30,15:05:14,12376,12378,12376,1
2020-10-30,15:05:14,12376,12378,12376,1
2020-10-30,15:05:15,12377,12378,12377,1
2020-10-30,15:05:16,12377,12378,12378,1
2020-10-30,15:05:16,12377,12378,12377,1
2020-10-30,15:05:17,12377,12378,12378,1
2020-10-30,15:05:17,12377,12379,12377,1
2020-10-30,15:05:18,12377,12379,12377,1
2020-10-30,15:05:19,12377,12379,12377,1
2020-10-30,15:05:21,12377,12378,12378,1
2020-10-30,15:05:21,12377,12378,12377,1
2020-10-30,15:05:22,12377,12378,12378,1
2020-10-30,15:05:22,12377,12378,12378,1
2020-10-30,15:05:24,12377,12378,12377,2
2020-10-30,15:05:25,12376,12377,12376,4
2020-10-30,15:05:25,12376,12377,12376,5
2020-10-30,15:05:25,12375,12377,12375,1
2020-10-30,15:05:25,12375,12376,12376,1
2020-10-30,15:05:26,12375,12376,12376,1
2020-10-30,15:05:28,12375,12376,12375,3
2020-10-30,15:05:28,12375,12376,12375,10
2020-10-30,15:05:29,12374,12375,12375,2
2020-10-30,15:05:30,12375,12376,12376,1
2020-10-30,15:05:33,12375,12376,12376,2
2020-10-30,15:05:33,12375,12376,12375,1
2020-10-30,15:05:33,12375,12376,12375,1
2020-10-30,15:05:34,12375,12376,12376,1
2020-10-30,15:05:35,12375,12376,12375,3
2020-10-30,15:05:35,12374,12375,12374,1
2020-10-30,15:05:35,12374,12375,12374,6
2020-10-30,15:05:35,12373,12374,12374,1
2020-10-30,15:05:36,12373,12375,12375,1
2020-10-30,15:05:37,12374,12376,12376,1
2020-10-30,15:05:37,12376,12377,12377,1
2020-10-30,15:05:37,12376,12377,12377,9
2020-10-30,15:05:37,12376,12377,12378,6
2020-10-30,15:05:37,12376,12377,12378,2
2020-10-30,15:05:37,12376,12377,12378,3
2020-10-30,15:05:37,12376,12377,12379,1
2020-10-30,15:05:37,12376,12377,12379,1
2020-10-30,15:05:37,12376,12377,12379,1
2020-10-30,15:05:37,12378,12379,12379,1
2020-10-30,15:05:37,12378,12379,12378,1
2020-10-30,15:05:41,12376,12378,12378,4
2020-10-30,15:05:43,12377,12378,12378,2
2020-10-30,15:05:43,12377,12378,12377,3
2020-10-30,15:05:44,12376,12378,12378,1
2020-10-30,15:05:46,12376,12378,12376,1
2020-10-30,15:05:47,12377,12378,12378,1
2020-10-30,15:05:47,12378,12379,12379,1
2020-10-30,15:05:47,12378,12379,12379,5
2020-10-30,15:05:47,12378,12379,12380,1
2020-10-30,15:05:47,12378,12379,12380,1
2020-10-30,15:05:47,12378,12379,12380,4
2020-10-30,15:05:47,12378,12379,12380,2
2020-10-30,15:05:47,12378,12379,12380,1
2020-10-30,15:05:47,12378,12379,12380,1
2020-10-30,15:05:47,12378,12379,12380,1
2020-10-30,15:05:47,12378,12379,12380,4
2020-10-30,15:05:47,12378,12379,12380,3
2020-10-30,15:05:47,12378,12379,12380,13
2020-10-30,15:05:47,12378,12379,12381,1
2020-10-30,15:05:47,12378,12379,12380,1
2020-10-30,15:05:48,12379,12381,12381,2
2020-10-30,15:05:52,12380,12381,12380,1
2020-10-30,15:05:52,12379,12380,12380,1
2020-10-30,15:05:52,12380,12381,12381,2
2020-10-30,15:05:53,12380,12381,12381,2
2020-10-30,15:05:55,12380,12381,12381,1
2020-10-30,15:05:56,12380,12381,12381,1
2020-10-30,15:05:57,12378,12380,12380,1
2020-10-30,15:05:58,12380,12381,12381,1
2020-10-30,15:05:58,12380,12381,12380,2
2020-10-30,15:05:59,12380,12381,12381,1
2020-10-30,15:05:59,12380,12381,12381,1
2020-10-30,15:05:59,12380,12382,12380,1
2020-10-30,15:05:59,12380,12382,12381,1
2020-10-30,15:06:01,12381,12382,12382,10
2020-10-30,15:06:01,12381,12382,12383,6
2020-10-30,15:06:02,12381,12382,12382,6
2020-10-30,15:06:02,12381,12382,12382,2
2020-10-30,15:06:02,12381,12382,12382,1
2020-10-30,15:06:04,12382,12383,12382,3
2020-10-30,15:06:04,12382,12383,12382,1
2020-10-30,15:06:04,12381,12382,12381,1
2020-10-30,15:06:08,12381,12382,12382,1
2020-10-30,15:06:08,12381,12382,12382,1
2020-10-30,15:06:09,12382,12383,12383,1
2020-10-30,15:06:10,12382,12383,12383,1
2020-10-30,15:06:11,12382,12383,12383,1
2020-10-30,15:06:11,12382,12383,12383,8
2020-10-30,15:06:11,12382,12383,12383,6
2020-10-30,15:06:11,12382,12383,12383,4
2020-10-30,15:06:11,12382,12383,12383,2
2020-10-30,15:06:11,12382,12383,12383,1
2020-10-30,15:06:12,12383,12384,12384,2
2020-10-30,15:06:12,12383,12384,12384,9
2020-10-30,15:06:13,12383,12385,12385,1
2020-10-30,15:06:13,12383,12385,12385,1
2020-10-30,15:06:14,12383,12385,12385,1
2020-10-30,15:06:14,12383,12385,12383,2
2020-10-30,15:06:14,12383,12385,12383,7
2020-10-30,15:06:14,12383,12385,12383,3
2020-10-30,15:06:14,12382,12384,12384,1
2020-10-30,15:06:14,12382,12384,12384,1
2020-10-30,15:06:14,12383,12384,12383,1
2020-10-30,15:06:14,12383,12384,12384,1
2020-10-30,15:06:15,12383,12384,12384,1
2020-10-30,15:06:15,12383,12384,12384,1
2020-10-30,15:06:15,12383,12384,12384,1
2020-10-30,15:06:15,12383,12384,12383,1
2020-10-30,15:06:16,12383,12384,12384,2
2020-10-30,15:06:16,12383,12384,12384,2
2020-10-30,15:06:16,12383,12384,12384,1
2020-10-30,15:06:17,12383,12384,12384,2
2020-10-30,15:06:18,12383,12384,12383,1
2020-10-30,15:06:19,12384,12385,12384,1
2020-10-30,15:06:19,12384,12385,12384,1
2020-10-30,15:06:22,12384,12385,12384,1
2020-10-30,15:06:23,12384,12385,12384,2
2020-10-30,15:06:23,12384,12385,12384,1
2020-10-30,15:06:23,12384,12385,12385,1
2020-10-30,15:06:24,12384,12385,12384,2
2020-10-30,15:06:24,12384,12385,12385,2
2020-10-30,15:06:24,12384,12385,12385,1
2020-10-30,15:06:26,12384,12385,12384,3
2020-10-30,15:06:26,12384,12385,12385,1
2020-10-30,15:06:26,12384,12385,12385,4
2020-10-30,15:06:26,12384,12385,12385,6
2020-10-30,15:06:26,12384,12385,12386,5
2020-10-30,15:06:28,12385,12387,12387,1
2020-10-30,15:06:28,12386,12387,12386,1
2020-10-30,15:06:28,12386,12387,12386,1
2020-10-30,15:06:29,12386,12387,12387,1
2020-10-30,15:06:31,12386,12387,12386,1
2020-10-30,15:06:31,12385,12387,12387,1
2020-10-30,15:06:32,12386,12387,12387,1
2020-10-30,15:06:33,12386,12387,12387,1
2020-10-30,15:06:33,12386,12387,12387,1
2020-10-30,15:06:33,12386,12388,12388,1
2020-10-30,15:06:35,12386,12387,12386,1
2020-10-30,15:06:36,12386,12387,12387,1
2020-10-30,15:06:36,12386,12387,12387,2
2020-10-30,15:06:37,12386,12387,12386,2
2020-10-30,15:06:38,12386,12387,12386,2
2020-10-30,15:06:38,12386,12387,12386,1
2020-10-30,15:06:39,12385,12386,12386,1
2020-10-30,15:06:39,12385,12386,12386,5
2020-10-30,15:06:39,12385,12386,12385,1
2020-10-30,15:06:40,12385,12387,12386,1
2020-10-30,15:06:40,12385,12387,12387,1
2020-10-30,15:06:41,12385,12387,12387,1
2020-10-30,15:06:41,12385,12387,12385,1
2020-10-30,15:06:42,12385,12386,12386,1
2020-10-30,15:06:43,12385,12386,12385,2
2020-10-30,15:06:45,12384,12386,12386,1
2020-10-30,15:06:45,12385,12386,12385,1
2020-10-30,15:06:47,12384,12386,12386,1
2020-10-30,15:06:47,12385,12386,12386,2
2020-10-30,15:06:48,12385,12387,12385,1
2020-10-30,15:06:49,12385,12387,12385,1
2020-10-30,15:06:51,12385,12386,12386,1
2020-10-30,15:06:51,12385,12386,12387,1
2020-10-30,15:06:51,12385,12387,12385,2
2020-10-30,15:06:53,12385,12386,12385,1
2020-10-30,15:06:56,12385,12386,12386,1
2020-10-30,15:06:58,12385,12386,12386,1
2020-10-30,15:07:00,12385,12386,12386,1
2020-10-30,15:07:02,12385,12386,12386,4
2020-10-30,15:07:03,12385,12386,12385,4
2020-10-30,15:07:03,12385,12386,12385,13
2020-10-30,15:07:03,12384,12385,12385,1
2020-10-30,15:07:04,12384,12385,12385,1
2020-10-30,15:07:04,12384,12385,12384,7
2020-10-30,15:07:04,12384,12385,12385,1
2020-10-30,15:07:04,12384,12385,12385,1
2020-10-30,15:07:04,12383,12385,12385,9
2020-10-30,15:07:04,12383,12385,12385,1
2020-10-30,15:07:05,12383,12384,12384,2
2020-10-30,15:07:05,12383,12385,12385,2
2020-10-30,15:07:06,12383,12385,12385,1
2020-10-30,15:07:06,12383,12385,12385,2
2020-10-30,15:07:06,12383,12385,12385,1
2020-10-30,15:07:07,12383,12385,12385,1
2020-10-30,15:07:13,12384,12385,12384,1
2020-10-30,15:07:16,12383,12384,12383,2
2020-10-30,15:07:16,12383,12384,12384,1
2020-10-30,15:07:17,12383,12384,12384,1
2020-10-30,15:07:18,12383,12384,12384,1
2020-10-30,15:07:18,12384,12385,12385,4
2020-10-30,15:07:18,12384,12385,12385,2
2020-10-30,15:07:19,12384,12386,12384,1
2020-10-30,15:07:23,12384,12386,12384,1
2020-10-30,15:07:24,12384,12386,12386,1
2020-10-30,15:07:24,12384,12386,12386,5
2020-10-30,15:07:24,12386,12387,12385,1
2020-10-30,15:07:24,12386,12387,12386,4
2020-10-30,15:07:29,12385,12386,12385,1
2020-10-30,15:07:30,12385,12386,12385,1
2020-10-30,15:07:31,12385,12386,12386,1
2020-10-30,15:07:31,12385,12386,12386,1
2020-10-30,15:07:33,12385,12386,12386,4
2020-10-30,15:07:34,12385,12386,12385,1
2020-10-30,15:07:36,12385,12386,12385,4
2020-10-30,15:07:42,12384,12385,12385,1
2020-10-30,15:07:42,12384,12385,12385,1
2020-10-30,15:07:43,12384,12385,12385,3
2020-10-30,15:07:43,12384,12385,12385,1
2020-10-30,15:07:44,12384,12385,12385,1
2020-10-30,15:07:47,12385,12386,12386,4
2020-10-30,15:07:52,12386,12387,12386,1
2020-10-30,15:07:52,12386,12387,12385,1
2020-10-30,15:07:52,12385,12386,12385,1
2020-10-30,15:07:54,12385,12386,12386,1
2020-10-30,15:07:55,12385,12386,12386,1
2020-10-30,15:07:55,12385,12386,12386,1
2020-10-30,15:07:56,12385,12386,12386,1
2020-10-30,15:08:00,12385,12386,12386,1
2020-10-30,15:08:00,12385,12386,12385,1
2020-10-30,15:08:00,12385,12386,12385,2
2020-10-30,15:08:00,12385,12386,12385,2
2020-10-30,15:08:00,12384,12386,12384,7
2020-10-30,15:08:01,12383,12384,12384,1
2020-10-30,15:08:01,12383,12384,12384,1
2020-10-30,15:08:01,12383,12384,12384,1
2020-10-30,15:08:02,12383,12384,12384,2
2020-10-30,15:08:02,12383,12385,12384,6
2020-10-30,15:08:03,12384,12385,12385,1
2020-10-30,15:08:08,12384,12385,12385,6
2020-10-30,15:08:08,12384,12385,12385,2
2020-10-30,15:08:09,12385,12386,12385,1
2020-10-30,15:08:09,12384,12386,12386,1
2020-10-30,15:08:09,12384,12386,12386,1
2020-10-30,15:08:09,12384,12386,12386,1
2020-10-30,15:08:09,12384,12386,12387,1
2020-10-30,15:08:09,12384,12386,12387,1
2020-10-30,15:08:09,12384,12386,12385,3
2020-10-30,15:08:11,12386,12387,12386,1
2020-10-30,15:08:17,12386,12387,12386,2
2020-10-30,15:08:17,12385,12386,12386,1
2020-10-30,15:08:18,12385,12386,12386,1
2020-10-30,15:08:18,12385,12386,12386,2
2020-10-30,15:08:18,12385,12386,12387,1
2020-10-30,15:08:18,12385,12386,12387,1
2020-10-30,15:08:18,12385,12386,12387,1
2020-10-30,15:08:18,12385,12386,12387,1
2020-10-30,15:08:18,12385,12386,12387,2
2020-10-30,15:08:18,12385,12386,12387,2
2020-10-30,15:08:18,12385,12386,12387,8
2020-10-30,15:08:19,12387,12388,12387,1
2020-10-30,15:08:22,12387,12388,12387,1
2020-10-30,15:08:22,12387,12388,12387,2
2020-10-30,15:08:23,12385,12387,12387,1
2020-10-30,15:08:27,12386,12387,12387,1
2020-10-30,15:08:29,12386,12387,12386,2
2020-10-30,15:08:29,12385,12387,12387,1
2020-10-30,15:08:29,12385,12387,12387,1
2020-10-30,15:08:30,12386,12387,12387,1
2020-10-30,15:08:31,12386,12387,12386,1
2020-10-30,15:08:33,12385,12387,12386,1
2020-10-30,15:08:33,12385,12386,12386,1
2020-10-30,15:08:33,12385,12386,12385,11
2020-10-30,15:08:35,12385,12386,12385,1
2020-10-30,15:08:35,12385,12386,12385,1
2020-10-30,15:08:37,12384,12386,12386,1
2020-10-30,15:08:39,12384,12386,12386,1
2020-10-30,15:08:41,12385,12386,12386,2
2020-10-30,15:08:42,12386,12387,12386,1
2020-10-30,15:08:44,12386,12387,12386,1
2020-10-30,15:08:48,12385,12386,12385,1
2020-10-30,15:08:49,12385,12386,12385,2
2020-10-30,15:08:49,12385,12386,12385,1
2020-10-30,15:08:49,12384,12385,12384,2
2020-10-30,15:08:49,12384,12385,12384,4
2020-10-30,15:08:51,12383,12384,12384,1
2020-10-30,15:08:53,12383,12384,12384,1
2020-10-30,15:08:57,12383,12384,12384,6
2020-10-30,15:09:01,12384,12385,12384,3
2020-10-30,15:09:02,12384,12385,12384,1
2020-10-30,15:09:02,12383,12385,12385,1
2020-10-30,15:09:03,12384,12385,12384,1
2020-10-30,15:09:04,12383,12384,12383,1
2020-10-30,15:09:05,12383,12384,12383,2
2020-10-30,15:09:05,12383,12384,12383,5
2020-10-30,15:09:05,12383,12384,12383,1
2020-10-30,15:09:05,12383,12384,12383,2
2020-10-30,15:09:07,12382,12384,12382,1
2020-10-30,15:09:08,12383,12384,12384,1
2020-10-30,15:09:13,12383,12384,12383,1
2020-10-30,15:09:13,12383,12384,12383,1
2020-10-30,15:09:13,12382,12384,12384,1
2020-10-30,15:09:17,12383,12384,12384,1
2020-10-30,15:09:19,12383,12384,12383,1
2020-10-30,15:09:20,12382,12384,12384,1
2020-10-30,15:09:21,12382,12384,12382,2
2020-10-30,15:09:23,12382,12383,12382,7
2020-10-30,15:09:23,12382,12383,12382,1
2020-10-30,15:09:23,12381,12382,12382,1
2020-10-30,15:09:27,12381,12382,12381,1
2020-10-30,15:09:31,12381,12382,12381,2
2020-10-30,15:09:32,12380,12381,12380,4
2020-10-30,15:09:32,12380,12381,12380,2
2020-10-30,15:09:34,12379,12380,12379,1
2020-10-30,15:09:34,12379,12380,12380,1
2020-10-30,15:09:34,12379,12380,12380,1
2020-10-30,15:09:42,12378,12380,12380,1
2020-10-30,15:09:47,12379,12380,12380,4
2020-10-30,15:09:47,12379,12380,12380,3
2020-10-30,15:09:47,12380,12381,12381,2
2020-10-30,15:09:51,12382,12383,12382,1
2020-10-30,15:09:52,12381,12383,12381,3
2020-10-30,15:09:52,12380,12382,12382,1
2020-10-30,15:09:57,12381,12382,12382,1
2020-10-30,15:10:00,12380,12381,12380,2
2020-10-30,15:10:01,12379,12381,12381,1
2020-10-30,15:10:02,12379,12380,12380,3
2020-10-30,15:10:07,12380,12381,12381,6
2020-10-30,15:10:08,12380,12381,12379,2
2020-10-30,15:10:08,12380,12381,12380,1
2020-10-30,15:10:08,12380,12381,12379,3
2020-10-30,15:10:08,12379,12380,12380,1
2020-10-30,15:10:14,12379,12380,12379,4
2020-10-30,15:10:14,12378,12379,12379,1
2020-10-30,15:10:16,12378,12379,12379,1
2020-10-30,15:10:16,12378,12380,12378,1
2020-10-30,15:10:16,12378,12380,12378,1
2020-10-30,15:10:18,12378,12379,12378,2
2020-10-30,15:10:20,12378,12379,12379,2
2020-10-30,15:10:20,12378,12379,12379,3
2020-10-30,15:10:20,12379,12380,12379,1
2020-10-30,15:10:20,12379,12380,12379,1
2020-10-30,15:10:20,12379,12380,12379,1
2020-10-30,15:10:21,12379,12380,12379,3
2020-10-30,15:10:23,12378,12380,12378,3
2020-10-30,15:10:26,12378,12379,12379,1
2020-10-30,15:10:27,12379,12380,12379,1
2020-10-30,15:10:27,12379,12380,12379,1
2020-10-30,15:10:32,12378,12379,12379,1
2020-10-30,15:10:32,12379,12380,12379,1
2020-10-30,15:10:33,12379,12380,12380,1
2020-10-30,15:10:35,12379,12380,12379,1
2020-10-30,15:10:37,12379,12380,12380,11
2020-10-30,15:10:37,12379,12380,12380,1
2020-10-30,15:10:38,12380,12381,12381,2
2020-10-30,15:10:39,12381,12382,12381,1
2020-10-30,15:10:48,12381,12382,12382,6
2020-10-30,15:10:49,12382,12383,12383,1
2020-10-30,15:10:50,12383,12384,12384,1
2020-10-30,15:10:51,12383,12384,12384,2
2020-10-30,15:10:51,12383,12384,12384,1
2020-10-30,15:10:51,12383,12385,12385,1
2020-10-30,15:10:53,12384,12385,12384,1
2020-10-30,15:10:54,12384,12385,12385,1
2020-10-30,15:10:55,12384,12385,12384,2
2020-10-30,15:10:58,12383,12384,12383,11
2020-10-30,15:11:01,12381,12383,12381,3
2020-10-30,15:11:02,12382,12383,12382,1
2020-10-30,15:11:02,12381,12382,12382,1
2020-10-30,15:11:05,12381,12382,12381,2
2020-10-30,15:11:09,12381,12382,12382,1
2020-10-30,15:11:10,12381,12382,12382,1
2020-10-30,15:11:12,12381,12382,12381,1
2020-10-30,15:11:12,12381,12382,12382,1
2020-10-30,15:11:13,12381,12382,12381,1
2020-10-30,15:11:13,12380,12382,12380,1
2020-10-30,15:11:13,12380,12382,12380,1
2020-10-30,15:11:13,12380,12382,12380,1
2020-10-30,15:11:19,12381,12382,12382,1
2020-10-30,15:11:20,12381,12382,12382,3
2020-10-30,15:11:22,12382,12383,12383,3
2020-10-30,15:11:24,12383,12384,12383,1
2020-10-30,15:11:26,12383,12384,12383,1
2020-10-30,15:11:28,12383,12384,12384,3
2020-10-30,15:11:30,12384,12385,12384,1
2020-10-30,15:11:31,12384,12385,12384,1
2020-10-30,15:11:32,12384,12385,12385,1
2020-10-30,15:11:32,12384,12385,12385,1
2020-10-30,15:11:32,12384,12385,12385,3
2020-10-30,15:11:32,12385,12386,12385,1
2020-10-30,15:11:37,12385,12386,12385,1
2020-10-30,15:11:37,12385,12386,12385,3
2020-10-30,15:11:37,12385,12386,12385,2
2020-10-30,15:11:37,12385,12386,12385,1
2020-10-30,15:11:39,12384,12386,12386,2
2020-10-30,15:11:41,12384,12385,12385,1
2020-10-30,15:11:43,12385,12386,12386,3
2020-10-30,15:11:44,12386,12387,12386,1
2020-10-30,15:11:45,12385,12387,12387,1
2020-10-30,15:11:47,12385,12386,12386,1
2020-10-30,15:11:48,12385,12386,12386,1
2020-10-30,15:11:48,12385,12386,12386,2
2020-10-30,15:11:50,12386,12387,12387,1
2020-10-30,15:11:51,12386,12387,12387,2
2020-10-30,15:11:51,12386,12387,12387,2
2020-10-30,15:11:52,12387,12388,12386,3
2020-10-30,15:11:52,12387,12388,12387,5
2020-10-30,15:11:54,12387,12388,12387,1
2020-10-30,15:11:57,12387,12388,12387,1
2020-10-30,15:11:57,12386,12387,12387,1
2020-10-30,15:11:59,12386,12387,12387,1
2020-10-30,15:11:59,12386,12387,12387,1
2020-10-30,15:12:00,12386,12387,12387,1
2020-10-30,15:12:01,12386,12387,12387,1
2020-10-30,15:12:02,12386,12387,12388,1
2020-10-30,15:12:02,12386,12387,12387,2
2020-10-30,15:12:02,12386,12388,12388,1
2020-10-30,15:12:02,12387,12388,12388,3
2020-10-30,15:12:05,12387,12388,12387,1
2020-10-30,15:12:06,12387,12388,12388,1
2020-10-30,15:12:07,12387,12388,12387,1
2020-10-30,15:12:08,12387,12388,12387,1
2020-10-30,15:12:09,12387,12388,12388,1
2020-10-30,15:12:09,12387,12388,12387,1
2020-10-30,15:12:11,12387,12388,12388,1
2020-10-30,15:12:13,12387,12388,12387,1
2020-10-30,15:12:14,12387,12388,12388,6
2020-10-30,15:12:14,12387,12388,12388,9
2020-10-30,15:12:16,12388,12389,12389,1
2020-10-30,15:12:17,12388,12389,12388,1
2020-10-30,15:12:17,12388,12389,12389,14
2020-10-30,15:12:17,12389,12390,12389,1
2020-10-30,15:12:18,12389,12390,12389,2
2020-10-30,15:12:19,12389,12390,12388,2
2020-10-30,15:12:19,12389,12390,12389,1
2020-10-30,15:12:20,12388,12390,12390,1
2020-10-30,15:12:20,12388,12390,12390,1
2020-10-30,15:12:20,12388,12390,12390,2
2020-10-30,15:12:20,12388,12389,12388,2
2020-10-30,15:12:21,12388,12390,12390,1
2020-10-30,15:12:21,12388,12390,12390,2
2020-10-30,15:12:22,12388,12390,12390,2
2020-10-30,15:12:22,12388,12389,12389,1
2020-10-30,15:12:23,12388,12390,12390,1
2020-10-30,15:12:26,12389,12390,12390,1
2020-10-30,15:12:28,12389,12390,12390,1
2020-10-30,15:12:28,12389,12390,12389,3
2020-10-30,15:12:28,12388,12389,12389,1
2020-10-30,15:12:31,12388,12389,12389,6
2020-10-30,15:12:31,12389,12390,12390,3
2020-10-30,15:12:33,12389,12390,12389,1
2020-10-30,15:12:33,12388,12389,12389,1
2020-10-30,15:12:34,12388,12390,12390,1
2020-10-30,15:12:35,12388,12389,12389,1
2020-10-30,15:12:36,12388,12389,12388,1
2020-10-30,15:12:37,12388,12389,12389,2
2020-10-30,15:12:37,12388,12389,12390,1
2020-10-30,15:12:38,12388,12390,12388,2
2020-10-30,15:12:38,12388,12389,12389,1
2020-10-30,15:12:38,12388,12389,12389,1
2020-10-30,15:12:38,12388,12389,12389,1
2020-10-30,15:12:39,12389,12390,12389,1
2020-10-30,15:12:39,12389,12390,12389,1
2020-10-30,15:12:39,12389,12390,12389,1
2020-10-30,15:12:39,12389,12390,12389,1
2020-10-30,15:12:41,12389,12390,12390,9
2020-10-30,15:12:41,12389,12390,12390,3
2020-10-30,15:12:44,12389,12390,12390,1
2020-10-30,15:12:44,12389,12390,12390,1
2020-10-30,15:12:46,12389,12390,12389,3
2020-10-30,15:12:46,12388,12389,12389,1
2020-10-30,15:12:47,12388,12389,12389,1
2020-10-30,15:12:47,12388,12389,12389,1
2020-10-30,15:12:47,12388,12389,12388,1
2020-10-30,15:12:48,12388,12389,12389,1
2020-10-30,15:12:48,12388,12389,12389,1
2020-10-30,15:12:48,12388,12389,12389,1
2020-10-30,15:12:49,12389,12390,12390,1
2020-10-30,15:12:55,12389,12390,12390,5
2020-10-30,15:12:55,12389,12390,12390,4
2020-10-30,15:12:59,12390,12391,12391,4
2020-10-30,15:12:59,12390,12391,12391,4
2020-10-30,15:12:59,12390,12391,12391,8
2020-10-30,15:12:59,12391,12392,12392,13
2020-10-30,15:12:59,12391,12392,12392,2
2020-10-30,15:13:00,12391,12393,12391,1
2020-10-30,15:13:02,12392,12393,12393,9
2020-10-30,15:13:02,12392,12393,12393,1
2020-10-30,15:13:02,12392,12393,12393,1
2020-10-30,15:13:02,12392,12393,12393,2
2020-10-30,15:13:03,12392,12393,12393,2
2020-10-30,15:13:03,12392,12393,12393,1
2020-10-30,15:13:03,12392,12393,12393,2
2020-10-30,15:13:04,12392,12393,12393,1
2020-10-30,15:13:04,12392,12393,12392,1
2020-10-30,15:13:04,12392,12393,12393,1
2020-10-30,15:13:04,12392,12393,12393,3
2020-10-30,15:13:04,12392,12393,12392,2
2020-10-30,15:13:04,12392,12394,12393,4
2020-10-30,15:13:08,12392,12393,12393,2
2020-10-30,15:13:08,12392,12394,12393,4
2020-10-30,15:13:11,12393,12394,12394,1
2020-10-30,15:13:11,12393,12394,12394,2
2020-10-30,15:13:11,12393,12394,12394,1
2020-10-30,15:13:12,12393,12394,12394,1
2020-10-30,15:13:12,12393,12394,12394,4
2020-10-30,15:13:12,12393,12395,12395,1
2020-10-30,15:13:13,12393,12395,12393,1
2020-10-30,15:13:14,12393,12394,12394,1
2020-10-30,15:13:16,12393,12394,12394,1
2020-10-30,15:13:17,12393,12394,12394,1
2020-10-30,15:13:18,12393,12394,12394,1
2020-10-30,15:13:19,12393,12394,12394,1
2020-10-30,15:13:19,12393,12394,12393,1
2020-10-30,15:13:19,12393,12394,12394,1
2020-10-30,15:13:20,12393,12394,12394,1
2020-10-30,15:13:22,12393,12394,12394,2
2020-10-30,15:13:23,12393,12395,12394,1
2020-10-30,15:13:25,12393,12394,12393,1
2020-10-30,15:13:26,12393,12394,12393,4
2020-10-30,15:13:28,12392,12393,12393,1
2020-10-30,15:13:28,12392,12393,12394,1
2020-10-30,15:13:28,12393,12394,12393,1
2020-10-30,15:13:30,12393,12394,12394,1
2020-10-30,15:13:30,12393,12394,12393,1
2020-10-30,15:13:31,12392,12394,12394,2
2020-10-30,15:13:31,12392,12394,12394,1
2020-10-30,15:13:33,12393,12394,12393,1
2020-10-30,15:13:35,12393,12394,12394,2
2020-10-30,15:13:35,12393,12394,12393,1
2020-10-30,15:13:35,12393,12394,12393,3
2020-10-30,15:13:36,12392,12393,12393,1
2020-10-30,15:13:36,12392,12393,12393,1
2020-10-30,15:13:38,12392,12393,12393,1
2020-10-30,15:13:39,12392,12393,12392,3
2020-10-30,15:13:39,12392,12393,12393,1
2020-10-30,15:13:39,12392,12393,12393,1
2020-10-30,15:13:39,12392,12393,12393,1
2020-10-30,15:13:39,12392,12393,12393,1
2020-10-30,15:13:39,12392,12393,12393,1
2020-10-30,15:13:39,12392,12393,12393,1
2020-10-30,15:13:39,12392,12393,12393,1
2020-10-30,15:13:40,12392,12394,12392,4
2020-10-30,15:13:40,12391,12393,12391,1
2020-10-30,15:13:42,12391,12393,12393,2
2020-10-30,15:13:46,12392,12393,12392,1
2020-10-30,15:13:46,12392,12393,12392,1
2020-10-30,15:13:49,12391,12393,12391,1
2020-10-30,15:13:49,12391,12393,12392,1
2020-10-30,15:13:51,12391,12392,12391,11
2020-10-30,15:13:51,12391,12392,12391,2
2020-10-30,15:13:51,12391,12392,12391,4
2020-10-30,15:13:51,12391,12392,12391,2
2020-10-30,15:13:51,12391,12392,12391,1
2020-10-30,15:13:51,12391,12392,12391,8
2020-10-30,15:13:51,12391,12392,12391,5
2020-10-30,15:13:51,12391,12392,12391,2
2020-10-30,15:13:51,12391,12392,12391,1
2020-10-30,15:13:51,12391,12392,12391,2
2020-10-30,15:13:51,12391,12392,12391,1
2020-10-30,15:13:51,12391,12392,12391,1
2020-10-30,15:13:52,12391,12392,12392,3
2020-10-30,15:13:57,12391,12392,12391,1
2020-10-30,15:13:57,12391,12392,12391,1
2020-10-30,15:13:58,12390,12391,12390,1
2020-10-30,15:14:00,12390,12391,12390,3
2020-10-30,15:14:00,12390,12391,12390,3
2020-10-30,15:14:00,12390,12391,12390,1
2020-10-30,15:14:00,12389,12391,12389,1
2020-10-30,15:14:00,12389,12391,12391,1
2020-10-30,15:14:00,12389,12391,12389,1
2020-10-30,15:14:00,12389,12391,12389,2
2020-10-30,15:14:00,12389,12390,12389,1
2020-10-30,15:14:00,12389,12390,12389,1
2020-10-30,15:14:00,12389,12390,12390,3
2020-10-30,15:14:00,12389,12390,12391,1
2020-10-30,15:14:02,12389,12390,12390,3
2020-10-30,15:14:02,12390,12391,12391,1
2020-10-30,15:14:02,12390,12391,12390,1
2020-10-30,15:14:03,12390,12391,12390,1
2020-10-30,15:14:07,12389,12390,12389,1
2020-10-30,15:14:11,12388,12389,12389,1
2020-10-30,15:14:11,12388,12389,12389,1
2020-10-30,15:14:11,12388,12389,12389,1
2020-10-30,15:14:11,12388,12389,12389,1
2020-10-30,15:14:11,12388,12389,12389,1
2020-10-30,15:14:11,12388,12389,12390,1
2020-10-30,15:14:11,12388,12389,12390,1
2020-10-30,15:14:11,12388,12389,12390,1
2020-10-30,15:14:11,12388,12389,12391,1
2020-10-30,15:14:11,12388,12389,12390,2
2020-10-30,15:14:11,12389,12391,12390,1
2020-10-30,15:14:16,12389,12390,12389,5
2020-10-30,15:14:20,12388,12389,12388,1
2020-10-30,15:14:20,12388,12389,12389,1
2020-10-30,15:14:20,12388,12389,12389,1
2020-10-30,15:14:20,12388,12389,12389,1
2020-10-30,15:14:20,12388,12389,12389,1
2020-10-30,15:14:20,12388,12389,12389,1
2020-10-30,15:14:20,12388,12389,12390,1
2020-10-30,15:14:20,12388,12389,12390,1
2020-10-30,15:14:21,12388,12389,12390,1
2020-10-30,15:14:21,12388,12389,12390,1
2020-10-30,15:14:21,12388,12389,12390,1
2020-10-30,15:14:21,12388,12389,12391,1
2020-10-30,15:14:21,12388,12389,12391,1
2020-10-30,15:14:23,12389,12391,12389,1
2020-10-30,15:14:25,12389,12391,12391,1
2020-10-30,15:14:26,12390,12392,12390,7
2020-10-30,15:14:26,12390,12392,12390,3
2020-10-30,15:14:26,12390,12392,12390,1
2020-10-30,15:14:27,12389,12391,12389,4
2020-10-30,15:14:27,12389,12391,12391,1
2020-10-30,15:14:30,12390,12391,12390,1
2020-10-30,15:14:32,12389,12390,12390,1
2020-10-30,15:14:38,12389,12390,12390,1
2020-10-30,15:14:44,12390,12391,12390,1
2020-10-30,15:14:44,12390,12391,12390,1
2020-10-30,15:14:44,12389,12391,12391,1
2020-10-30,15:14:46,12390,12391,12390,1
2020-10-30,15:14:47,12389,12390,12390,1
2020-10-30,15:14:48,12390,12391,12390,1
2020-10-30,15:14:48,12390,12391,12390,1
2020-10-30,15:14:49,12389,12391,12389,1
2020-10-30,15:14:50,12390,12391,12391,7
2020-10-30,15:14:52,12391,12392,12391,1
2020-10-30,15:14:52,12391,12392,12392,4
2020-10-30,15:14:52,12391,12392,12392,4
2020-10-30,15:14:53,12392,12393,12393,1
2020-10-30,15:14:53,12392,12393,12393,1
2020-10-30,15:14:54,12393,12394,12393,1
2020-10-30,15:14:56,12393,12394,12393,1
2020-10-30,15:14:56,12392,12394,12394,4
2020-10-30,15:14:57,12393,12394,12393,1
2020-10-30,15:14:59,12393,12394,12393,1
2020-10-30,15:15:00,12393,12394,12394,1
2020-10-30,15:15:00,12393,12394,12394,1
2020-10-30,15:15:00,12394,12395,12394,1
2020-10-30,15:15:00,12394,12395,12392,12
2020-10-30,15:15:00,12394,12395,12393,8
2020-10-30,15:15:00,12394,12395,12394,5
2020-10-30,15:15:00,12394,12395,12392,9
2020-10-30,15:15:00,12394,12395,12393,3
2020-10-30,15:15:00,12394,12395,12392,1
2020-10-30,15:15:00,12394,12395,12392,2
2020-10-30,15:15:00,12394,12395,12392,1
2020-10-30,15:15:01,12392,12394,12392,2
2020-10-30,15:15:01,12392,12394,12393,1
2020-10-30,15:15:01,12393,12394,12394,4
2020-10-30,15:15:02,12393,12394,12393,1
2020-10-30,15:15:02,12393,12394,12394,2
2020-10-30,15:15:02,12393,12394,12393,1
2020-10-30,15:15:02,12393,12394,12393,1
2020-10-30,15:15:04,12392,12394,12393,1
2020-10-30,15:15:04,12392,12394,12392,1
2020-10-30,15:15:06,12393,12394,12393,1
2020-10-30,15:15:08,12392,12394,12392,1
2020-10-30,15:15:09,12392,12393,12393,1
2020-10-30,15:15:10,12392,12393,12393,1
2020-10-30,15:15:12,12393,12394,12394,1
2020-10-30,15:15:21,12393,12394,12394,1
2020-10-30,15:15:22,12393,12394,12393,1
2020-10-30,15:15:25,12393,12394,12393,1
2020-10-30,15:15:32,12393,12394,12393,6
2020-10-30,15:15:33,12392,12393,12393,1
2020-10-30,15:15:33,12392,12393,12393,1
2020-10-30,15:15:33,12392,12393,12393,2
2020-10-30,15:15:35,12392,12393,12393,1
2020-10-30,15:15:37,12392,12393,12393,1
2020-10-30,15:15:39,12392,12393,12393,1
2020-10-30,15:15:39,12392,12393,12393,1
2020-10-30,15:15:46,12393,12394,12393,1
2020-10-30,15:15:47,12392,12393,12393,1
2020-10-30,15:15:49,12392,12393,12393,1
2020-10-30,15:15:52,12392,12393,12392,5
2020-10-30,15:15:54,12392,12393,12393,3
2020-10-30,15:15:56,12392,12393,12393,4
2020-10-30,15:15:58,12393,12394,12393,1
2020-10-30,15:16:00,12393,12394,12394,1
2020-10-30,15:16:00,12393,12394,12393,1
2020-10-30,15:16:03,12393,12394,12393,1
2020-10-30,15:16:05,12393,12394,12393,1
2020-10-30,15:16:05,12393,12394,12394,3
2020-10-30,15:16:06,12393,12394,12394,1
2020-10-30,15:16:06,12393,12394,12394,1
2020-10-30,15:16:07,12393,12394,12393,5
2020-10-30,15:16:08,12393,12394,12393,3
2020-10-30,15:16:11,12393,12394,12394,4
2020-10-30,15:16:11,12393,12394,12394,2
2020-10-30,15:16:11,12393,12394,12394,1
2020-10-30,15:16:11,12393,12394,12395,3
2020-10-30,15:16:11,12393,12394,12395,21
2020-10-30,15:16:11,12394,12396,12394,1
2020-10-30,15:16:13,12394,12396,12394,1
2020-10-30,15:16:13,12394,12396,12394,1
2020-10-30,15:16:13,12394,12396,12394,2
2020-10-30,15:16:14,12395,12396,12396,1
2020-10-30,15:16:14,12395,12396,12396,3
2020-10-30,15:16:14,12395,12396,12396,9
2020-10-30,15:16:14,12395,12396,12396,2
2020-10-30,15:16:14,12395,12396,12396,1
2020-10-30,15:16:14,12395,12397,12397,1
2020-10-30,15:16:14,12395,12397,12397,1
2020-10-30,15:16:16,12395,12397,12397,3
2020-10-30,15:16:17,12396,12397,12397,2
2020-10-30,15:16:17,12396,12397,12397,1
2020-10-30,15:16:18,12396,12397,12397,1
2020-10-30,15:16:19,12396,12397,12396,1
2020-10-30,15:16:19,12396,12397,12397,1
2020-10-30,15:16:23,12396,12397,12397,1
2020-10-30,15:16:23,12396,12397,12397,1
2020-10-30,15:16:23,12396,12397,12397,1
2020-10-30,15:16:23,12396,12397,12397,1
2020-10-30,15:16:23,12396,12397,12397,2
2020-10-30,15:16:24,12396,12397,12397,1
2020-10-30,15:16:24,12396,12397,12397,1
2020-10-30,15:16:24,12396,12397,12398,8
2020-10-30,15:16:24,12396,12397,12397,4
2020-10-30,15:16:25,12396,12398,12398,1
2020-10-30,15:16:28,12397,12398,12398,1
2020-10-30,15:16:28,12397,12398,12398,1
2020-10-30,15:16:29,12397,12398,12398,1
2020-10-30,15:16:29,12397,12398,12398,1
2020-10-30,15:16:29,12397,12398,12398,1
2020-10-30,15:16:30,12397,12398,12398,1
2020-10-30,15:16:31,12397,12398,12397,1
2020-10-30,15:16:31,12397,12398,12398,1
2020-10-30,15:16:34,12397,12398,12398,1
2020-10-30,15:16:34,12397,12398,12398,3
2020-10-30,15:16:36,12398,12399,12398,1
2020-10-30,15:16:36,12398,12399,12398,1
2020-10-30,15:16:36,12398,12399,12398,1
2020-10-30,15:16:36,12398,12399,12399,1
2020-10-30,15:16:40,12398,12399,12398,2
2020-10-30,15:16:41,12398,12399,12399,1
2020-10-30,15:16:41,12398,12399,12399,1
2020-10-30,15:16:41,12398,12399,12399,2
2020-10-30,15:16:42,12398,12399,12399,1
2020-10-30,15:16:43,12398,12399,12399,1
2020-10-30,15:16:44,12398,12399,12398,1
2020-10-30,15:16:44,12398,12399,12399,1
2020-10-30,15:16:45,12398,12399,12398,1
2020-10-30,15:16:45,12398,12399,12398,2
2020-10-30,15:16:46,12398,12399,12398,1
2020-10-30,15:16:46,12398,12399,12398,2
2020-10-30,15:16:46,12398,12399,12398,3
2020-10-30,15:16:46,12398,12399,12398,1
2020-10-30,15:16:46,12398,12399,12398,2
2020-10-30,15:16:46,12397,12398,12398,1
2020-10-30,15:16:50,12397,12398,12398,3
2020-10-30,15:16:53,12397,12398,12399,1
2020-10-30,15:16:53,12397,12398,12398,1
2020-10-30,15:16:54,12397,12398,12398,1
2020-10-30,15:16:55,12397,12398,12397,8
2020-10-30,15:16:56,12396,12397,12396,22
2020-10-30,15:16:56,12396,12397,12395,2
2020-10-30,15:16:56,12396,12397,12396,1
2020-10-30,15:16:57,12395,12396,12396,1
2020-10-30,15:16:58,12395,12396,12396,2
2020-10-30,15:16:59,12395,12396,12395,1
2020-10-30,15:16:59,12395,12396,12396,1
2020-10-30,15:17:00,12396,12397,12396,1
2020-10-30,15:17:01,12395,12396,12396,1
2020-10-30,15:17:01,12395,12396,12395,1
2020-10-30,15:17:01,12395,12396,12395,1
2020-10-30,15:17:01,12395,12396,12395,6
2020-10-30,15:17:01,12395,12396,12395,2
2020-10-30,15:17:03,12394,12395,12395,2
2020-10-30,15:17:06,12394,12395,12394,1
2020-10-30,15:17:07,12394,12395,12394,1
2020-10-30,15:17:09,12394,12395,12394,1
2020-10-30,15:17:10,12394,12395,12394,1
2020-10-30,15:17:10,12394,12395,12394,1
2020-10-30,15:17:10,12394,12395,12394,3
2020-10-30,15:17:10,12393,12394,12394,1
2020-10-30,15:17:10,12393,12394,12393,1
2020-10-30,15:17:10,12393,12394,12393,1
2020-10-30,15:17:12,12393,12394,12393,2
2020-10-30,15:17:12,12393,12394,12393,1
2020-10-30,15:17:12,12393,12394,12393,1
2020-10-30,15:17:13,12392,12394,12392,1
2020-10-30,15:17:14,12392,12394,12392,2
2020-10-30,15:17:16,12392,12394,12392,2
2020-10-30,15:17:20,12392,12393,12392,1
2020-10-30,15:17:22,12392,12393,12392,5
2020-10-30,15:17:26,12392,12393,12392,1
2020-10-30,15:17:26,12391,12392,12392,1
2020-10-30,15:17:27,12391,12392,12392,1
2020-10-30,15:17:27,12391,12392,12391,1
2020-10-30,15:17:33,12391,12392,12391,1
2020-10-30,15:17:33,12391,12392,12391,1
2020-10-30,15:17:34,12391,12392,12391,1
2020-10-30,15:17:34,12391,12392,12392,2
2020-10-30,15:17:38,12392,12393,12393,10
2020-10-30,15:17:40,12392,12394,12393,1
2020-10-30,15:17:44,12393,12394,12394,9
2020-10-30,15:17:45,12394,12395,12394,1
2020-10-30,15:17:46,12394,12395,12395,1
2020-10-30,15:17:48,12394,12395,12395,1
2020-10-30,15:17:48,12394,12395,12395,4
2020-10-30,15:17:49,12394,12395,12395,1
2020-10-30,15:17:49,12395,12396,12395,2
2020-10-30,15:17:50,12394,12395,12394,2
2020-10-30,15:17:52,12394,12395,12393,1
2020-10-30,15:17:52,12394,12395,12394,4
2020-10-30,15:17:55,12394,12395,12394,2
2020-10-30,15:17:58,12393,12394,12394,2
2020-10-30,15:17:59,12394,12395,12394,1
2020-10-30,15:18:00,12394,12395,12394,1
2020-10-30,15:18:08,12394,12395,12395,1
2020-10-30,15:18:10,12394,12395,12394,1
2020-10-30,15:18:12,12394,12395,12394,1
2020-10-30,15:18:14,12394,12395,12395,2
2020-10-30,15:18:14,12394,12395,12395,3
2020-10-30,15:18:16,12395,12396,12395,1
2020-10-30,15:18:19,12395,12396,12396,5
2020-10-30,15:18:19,12395,12396,12396,5
2020-10-30,15:18:20,12394,12396,12396,1
2020-10-30,15:18:24,12395,12396,12395,1
2020-10-30,15:18:25,12395,12396,12396,1
2020-10-30,15:18:28,12395,12396,12396,1
2020-10-30,15:18:35,12395,12396,12396,1
2020-10-30,15:18:35,12395,12396,12396,1
2020-10-30,15:18:35,12395,12396,12396,1
2020-10-30,15:18:35,12395,12396,12396,1
2020-10-30,15:18:35,12395,12396,12396,1
2020-10-30,15:18:35,12395,12396,12396,1
2020-10-30,15:18:36,12395,12396,12396,1
2020-10-30,15:18:36,12395,12396,12396,2
2020-10-30,15:18:40,12396,12397,12397,5
2020-10-30,15:18:42,12396,12397,12397,13
2020-10-30,15:18:43,12397,12398,12398,4
2020-10-30,15:18:43,12398,12399,12399,4
2020-10-30,15:18:43,12398,12399,12399,3
2020-10-30,15:18:43,12398,12399,12399,7
2020-10-30,15:18:43,12398,12399,12399,8
2020-10-30,15:18:45,12398,12399,12399,2
2020-10-30,15:18:45,12398,12399,12399,2
2020-10-30,15:18:45,12398,12399,12399,1
2020-10-30,15:18:46,12398,12399,12399,1
2020-10-30,15:18:49,12397,12399,12399,2
2020-10-30,15:18:51,12397,12398,12397,1
2020-10-30,15:18:52,12397,12398,12398,1
2020-10-30,15:18:54,12397,12398,12398,1
2020-10-30,15:18:54,12397,12398,12398,1
2020-10-30,15:18:54,12397,12398,12398,2
2020-10-30,15:18:56,12398,12399,12398,1
2020-10-30,15:18:56,12398,12399,12398,1
2020-10-30,15:18:56,12398,12399,12399,5
2020-10-30,15:18:57,12399,12400,12399,1
2020-10-30,15:18:58,12399,12400,12400,12
2020-10-30,15:18:58,12399,12400,12400,1
2020-10-30,15:18:58,12399,12400,12400,1
2020-10-30,15:18:58,12399,12400,12400,1
2020-10-30,15:18:58,12399,12400,12399,1
2020-10-30,15:18:58,12399,12400,12400,1
2020-10-30,15:19:00,12399,12400,12399,2
2020-10-30,15:19:00,12399,12400,12399,2
2020-10-30,15:19:00,12398,12399,12399,1
2020-10-30,15:19:01,12398,12399,12399,1
2020-10-30,15:19:02,12398,12399,12399,1
2020-10-30,15:19:02,12398,12399,12400,1
2020-10-30,15:19:02,12398,12399,12400,1
2020-10-30,15:19:02,12398,12399,12400,1
2020-10-30,15:19:02,12398,12399,12400,1
2020-10-30,15:19:02,12398,12399,12400,1
2020-10-30,15:19:02,12398,12399,12400,1
2020-10-30,15:19:02,12399,12400,12399,3
2020-10-30,15:19:05,12399,12400,12399,1
2020-10-30,15:19:07,12399,12400,12399,2
2020-10-30,15:19:08,12398,12400,12398,1
2020-10-30,15:19:13,12399,12400,12399,1
2020-10-30,15:19:14,12399,12400,12399,1
2020-10-30,15:19:17,12399,12400,12399,1
2020-10-30,15:19:17,12399,12400,12399,1
2020-10-30,15:19:21,12398,12399,12398,1
2020-10-30,15:19:24,12398,12399,12398,4
2020-10-30,15:19:24,12398,12399,12398,6
2020-10-30,15:19:26,12397,12398,12398,1
2020-10-30,15:19:26,12397,12398,12397,1
2020-10-30,15:19:27,12397,12398,12400,11
2020-10-30,15:19:27,12397,12398,12398,10
2020-10-30,15:19:27,12397,12398,12399,20
2020-10-30,15:19:32,12397,12398,12398,1
2020-10-30,15:19:32,12397,12398,12398,1
2020-10-30,15:19:36,12397,12398,12398,1
2020-10-30,15:19:37,12397,12398,12398,2
2020-10-30,15:19:37,12397,12398,12398,1
2020-10-30,15:19:38,12397,12398,12397,2
2020-10-30,15:19:38,12397,12398,12397,1
2020-10-30,15:19:40,12397,12398,12398,1
2020-10-30,15:19:42,12397,12398,12397,2
2020-10-30,15:19:42,12397,12398,12397,2
2020-10-30,15:19:43,12396,12397,12397,2
2020-10-30,15:19:43,12396,12397,12397,1
2020-10-30,15:19:47,12397,12398,12397,1
2020-10-30,15:19:48,12396,12398,12398,5
2020-10-30,15:19:51,12396,12397,12396,8
2020-10-30,15:19:51,12396,12397,12396,3
2020-10-30,15:19:52,12395,12396,12395,1
2020-10-30,15:19:53,12395,12396,12396,1
2020-10-30,15:19:53,12395,12396,12396,1
2020-10-30,15:19:53,12395,12396,12396,1
2020-10-30,15:19:53,12395,12397,12395,1
2020-10-30,15:19:55,12396,12397,12396,1
2020-10-30,15:19:56,12395,12397,12395,13
2020-10-30,15:19:56,12394,12395,12395,1
2020-10-30,15:19:57,12394,12395,12395,1
2020-10-30,15:19:57,12394,12395,12395,1
2020-10-30,15:19:57,12394,12395,12395,4
2020-10-30,15:20:01,12395,12396,12396,2
2020-10-30,15:20:02,12396,12397,12397,2
2020-10-30,15:20:02,12396,12397,12396,1
2020-10-30,15:20:03,12396,12397,12396,1
2020-10-30,15:20:06,12395,12397,12395,1
2020-10-30,15:20:07,12395,12396,12395,3
2020-10-30,15:20:08,12394,12396,12395,1
2020-10-30,15:20:09,12395,12396,12396,1
2020-10-30,15:20:09,12395,12396,12396,1
2020-10-30,15:20:13,12395,12396,12396,1
2020-10-30,15:20:18,12395,12396,12395,1
2020-10-30,15:20:18,12395,12396,12395,1
2020-10-30,15:20:18,12394,12395,12395,1
2020-10-30,15:20:19,12394,12395,12395,1
2020-10-30,15:20:27,12395,12396,12396,1
2020-10-30,15:20:37,12395,12396,12396,1
2020-10-30,15:20:44,12395,12396,12395,1
2020-10-30,15:20:48,12395,12396,12395,1
2020-10-30,15:20:50,12395,12396,12395,4
2020-10-30,15:20:50,12395,12396,12395,5
2020-10-30,15:20:51,12394,12395,12394,1
2020-10-30,15:20:58,12394,12395,12394,3
2020-10-30,15:20:58,12394,12395,12394,2
2020-10-30,15:21:04,12393,12394,12394,4
2020-10-30,15:21:06,12394,12395,12394,1
2020-10-30,15:21:07,12394,12395,12394,1
2020-10-30,15:21:11,12394,12395,12394,1
2020-10-30,15:21:13,12394,12395,12394,1
2020-10-30,15:21:13,12394,12395,12395,1
2020-10-30,15:21:13,12394,12395,12395,1
2020-10-30,15:21:13,12394,12395,12395,7
2020-10-30,15:21:15,12395,12396,12396,4
2020-10-30,15:21:15,12395,12396,12396,1
2020-10-30,15:21:15,12395,12396,12397,1
2020-10-30,15:21:15,12397,12398,12397,1
2020-10-30,15:21:16,12397,12398,12398,1
2020-10-30,15:21:16,12397,12398,12398,4
2020-10-30,15:21:16,12397,12398,12398,2
2020-10-30,15:21:19,12398,12399,12399,3
2020-10-30,15:21:19,12398,12399,12399,1
2020-10-30,15:21:21,12398,12399,12399,1
2020-10-30,15:21:22,12398,12399,12399,1
2020-10-30,15:21:24,12399,12400,12399,1
2020-10-30,15:21:25,12398,12399,12399,1
2020-10-30,15:21:26,12399,12400,12400,1
2020-10-30,15:21:26,12399,12400,12400,1
2020-10-30,15:21:27,12399,12400,12400,2
2020-10-30,15:21:27,12399,12400,12400,2
2020-10-30,15:21:27,12399,12400,12400,2
2020-10-30,15:21:27,12399,12400,12400,1
2020-10-30,15:21:27,12399,12400,12400,2
2020-10-30,15:21:28,12399,12400,12399,4
2020-10-30,15:21:28,12399,12400,12400,2
2020-10-30,15:21:28,12399,12400,12400,2
2020-10-30,15:21:28,12399,12400,12400,1
2020-10-30,15:21:30,12399,12400,12400,1
2020-10-30,15:21:31,12399,12400,12400,3
2020-10-30,15:21:32,12399,12400,12400,9
2020-10-30,15:21:35,12400,12401,12401,5
2020-10-30,15:21:35,12400,12401,12401,4
2020-10-30,15:21:35,12401,12402,12402,1
2020-10-30,15:21:35,12401,12402,12401,1
2020-10-30,15:21:35,12401,12402,12402,1
2020-10-30,15:21:35,12401,12402,12402,1
2020-10-30,15:21:35,12401,12402,12402,1
2020-10-30,15:21:35,12401,12402,12402,2
2020-10-30,15:21:36,12401,12402,12402,2
2020-10-30,15:21:36,12401,12402,12401,1
2020-10-30,15:21:37,12401,12402,12402,10
2020-10-30,15:21:37,12401,12402,12403,6
2020-10-30,15:21:37,12402,12403,12403,1
2020-10-30,15:21:37,12402,12403,12403,1
2020-10-30,15:21:37,12402,12403,12403,1
2020-10-30,15:21:39,12402,12404,12404,1
2020-10-30,15:21:39,12402,12404,12404,1
2020-10-30,15:21:39,12403,12404,12404,1
2020-10-30,15:21:39,12403,12404,12404,1
2020-10-30,15:21:39,12403,12404,12404,1
2020-10-30,15:21:40,12403,12404,12404,2
2020-10-30,15:21:41,12404,12405,12405,2
2020-10-30,15:21:42,12404,12405,12405,1
2020-10-30,15:21:42,12404,12405,12405,3
2020-10-30,15:21:42,12404,12405,12405,1
2020-10-30,15:21:42,12404,12405,12405,1
2020-10-30,15:21:42,12404,12405,12406,1
2020-10-30,15:21:42,12404,12406,12406,4
2020-10-30,15:21:42,12404,12406,12404,1
2020-10-30,15:21:42,12404,12406,12404,1
2020-10-30,15:21:42,12404,12406,12406,2
2020-10-30,15:21:43,12404,12406,12406,2
2020-10-30,15:21:43,12404,12406,12406,2
2020-10-30,15:21:43,12405,12406,12406,1
2020-10-30,15:21:43,12405,12406,12405,1
2020-10-30,15:21:44,12405,12406,12405,1
2020-10-30,15:21:44,12404,12405,12405,1
2020-10-30,15:21:45,12404,12406,12404,1
2020-10-30,15:21:46,12405,12406,12405,1
2020-10-30,15:21:47,12404,12406,12406,1
2020-10-30,15:21:49,12404,12405,12404,1
2020-10-30,15:21:49,12404,12405,12404,1
2020-10-30,15:21:53,12404,12405,12404,3
2020-10-30,15:21:55,12403,12404,12404,4
2020-10-30,15:21:57,12404,12405,12405,1
2020-10-30,15:21:58,12404,12405,12404,1
2020-10-30,15:21:59,12404,12405,12404,5
2020-10-30,15:21:59,12404,12405,12404,1
2020-10-30,15:22:01,12404,12405,12405,1
2020-10-30,15:22:01,12404,12405,12405,1
2020-10-30,15:22:01,12404,12405,12405,1
2020-10-30,15:22:02,12404,12405,12405,1
2020-10-30,15:22:02,12404,12405,12404,4
2020-10-30,15:22:02,12404,12405,12404,2
2020-10-30,15:22:02,12404,12405,12404,5
2020-10-30,15:22:03,12403,12405,12405,1
2020-10-30,15:22:03,12403,12405,12405,1
2020-10-30,15:22:04,12403,12404,12404,1
2020-10-30,15:22:06,12403,12404,12404,1
2020-10-30,15:22:07,12403,12404,12404,2
2020-10-30,15:22:08,12403,12404,12404,1
2020-10-30,15:22:08,12403,12404,12404,1
2020-10-30,15:22:09,12403,12404,12403,2
2020-10-30,15:22:10,12403,12404,12404,1
2020-10-30,15:22:10,12403,12404,12403,1
2020-10-30,15:22:12,12402,12403,12402,1
2020-10-30,15:22:12,12402,12403,12402,3
2020-10-30,15:22:12,12402,12403,12402,1
2020-10-30,15:22:13,12401,12402,12402,1
2020-10-30,15:22:13,12401,12403,12401,3
2020-10-30,15:22:14,12401,12402,12401,5
2020-10-30,15:22:14,12401,12402,12401,1
2020-10-30,15:22:14,12401,12402,12401,1
2020-10-30,15:22:14,12401,12402,12401,5
2020-10-30,15:22:16,12400,12401,12400,7
2020-10-30,15:22:16,12399,12400,12399,1
2020-10-30,15:22:16,12398,12400,12398,2
2020-10-30,15:22:16,12398,12400,12397,3
2020-10-30,15:22:16,12398,12400,12397,4
2020-10-30,15:22:16,12398,12400,12397,4
2020-10-30,15:22:16,12398,12400,12397,1
2020-10-30,15:22:18,12397,12399,12397,1
2020-10-30,15:22:19,12397,12399,12399,2
2020-10-30,15:22:20,12397,12398,12397,2
2020-10-30,15:22:21,12397,12398,12397,1
2020-10-30,15:22:23,12397,12398,12397,1
2020-10-30,15:22:24,12396,12397,12396,1
2020-10-30,15:22:24,12396,12397,12397,6
2020-10-30,15:22:24,12397,12398,12397,1
2020-10-30,15:22:29,12396,12397,12396,1
2020-10-30,15:22:30,12396,12397,12397,1
2020-10-30,15:22:30,12396,12397,12397,1
2020-10-30,15:22:31,12396,12397,12396,1
2020-10-30,15:22:33,12396,12397,12397,1
2020-10-30,15:22:36,12396,12397,12397,2
2020-10-30,15:22:41,12397,12398,12398,3
2020-10-30,15:22:41,12398,12399,12399,2
2020-10-30,15:22:43,12397,12399,12397,1
2020-10-30,15:22:49,12396,12397,12397,1
2020-10-30,15:22:49,12396,12397,12397,1
2020-10-30,15:22:54,12397,12398,12398,1
2020-10-30,15:22:55,12397,12398,12397,4
2020-10-30,15:22:55,12397,12398,12397,2
2020-10-30,15:23:04,12396,12397,12397,2
2020-10-30,15:23:06,12397,12398,12397,3
2020-10-30,15:23:08,12396,12397,12396,1
2020-10-30,15:23:09,12396,12397,12396,1
2020-10-30,15:23:10,12396,12397,12396,9
2020-10-30,15:23:11,12395,12397,12396,1
2020-10-30,15:23:12,12395,12397,12396,1
2020-10-30,15:23:12,12395,12397,12396,2
2020-10-30,15:23:16,12396,12397,12396,1
2020-10-30,15:23:18,12396,12397,12396,1
2020-10-30,15:23:22,12396,12397,12397,1
2020-10-30,15:23:22,12396,12398,12396,6
2020-10-30,15:23:22,12395,12397,12396,1
2020-10-30,15:23:23,12395,12397,12395,1
2020-10-30,15:23:26,12396,12397,12396,10
2020-10-30,15:23:26,12395,12397,12395,1
2020-10-30,15:23:27,12395,12397,12397,1
2020-10-30,15:23:27,12395,12397,12395,2
2020-10-30,15:23:27,12395,12397,12395,1
2020-10-30,15:23:28,12395,12397,12395,1
2020-10-30,15:23:32,12395,12397,12395,3
2020-10-30,15:23:32,12395,12397,12395,1
2020-10-30,15:23:32,12395,12397,12395,1
2020-10-30,15:23:32,12395,12397,12395,1
2020-10-30,15:23:33,12395,12396,12395,1
2020-10-30,15:23:33,12395,12396,12395,1
2020-10-30,15:23:33,12394,12395,12395,1
2020-10-30,15:23:42,12394,12395,12395,1
2020-10-30,15:23:42,12394,12395,12395,1
2020-10-30,15:23:42,12394,12395,12395,2
2020-10-30,15:23:42,12394,12395,12395,4
2020-10-30,15:23:42,12394,12396,12394,2
2020-10-30,15:23:44,12394,12395,12394,4
2020-10-30,15:23:44,12394,12395,12394,1
2020-10-30,15:23:44,12393,12394,12394,2
2020-10-30,15:23:44,12393,12394,12394,1
2020-10-30,15:23:44,12393,12395,12395,1
2020-10-30,15:23:44,12393,12395,12395,1
2020-10-30,15:23:44,12393,12395,12395,4
2020-10-30,15:23:46,12393,12395,12393,1
2020-10-30,15:23:47,12393,12395,12393,1
2020-10-30,15:23:47,12393,12395,12393,1
2020-10-30,15:23:47,12393,12395,12393,1
2020-10-30,15:23:49,12393,12395,12393,1
2020-10-30,15:23:53,12393,12395,12393,1
2020-10-30,15:23:55,12393,12394,12393,1
2020-10-30,15:23:56,12393,12394,12394,1
2020-10-30,15:24:01,12393,12394,12393,1
2020-10-30,15:24:02,12393,12394,12393,1
2020-10-30,15:24:02,12393,12394,12393,1
2020-10-30,15:24:02,12393,12394,12393,6
2020-10-30,15:24:02,12392,12393,12392,1
2020-10-30,15:24:02,12392,12393,12392,4
2020-10-30,15:24:02,12392,12393,12393,1
2020-10-30,15:24:02,12392,12393,12392,1
2020-10-30,15:24:02,12392,12393,12392,1
2020-10-30,15:24:02,12392,12393,12392,1
2020-10-30,15:24:02,12392,12393,12391,2
2020-10-30,15:24:02,12391,12393,12391,1
2020-10-30,15:24:02,12391,12393,12391,1
2020-10-30,15:24:02,12391,12393,12391,2
2020-10-30,15:24:03,12391,12393,12391,2
2020-10-30,15:24:03,12391,12393,12393,1
2020-10-30,15:24:05,12391,12393,12393,2
2020-10-30,15:24:05,12391,12392,12392,4
2020-10-30,15:24:05,12391,12392,12392,6
2020-10-30,15:24:06,12391,12393,12392,1
2020-10-30,15:24:06,12392,12393,12392,4
2020-10-30,15:24:06,12392,12393,12391,1
2020-10-30,15:24:10,12392,12393,12392,1
2020-10-30,15:24:11,12392,12393,12392,1
2020-10-30,15:24:11,12392,12393,12392,1
2020-10-30,15:24:14,12391,12393,12393,1
2020-10-30,15:24:16,12391,12393,12393,1
2020-10-30,15:24:16,12391,12393,12393,2
2020-10-30,15:24:16,12391,12393,12393,1
2020-10-30,15:24:16,12391,12393,12393,1
2020-10-30,15:24:16,12391,12393,12393,2
2020-10-30,15:24:17,12393,12394,12393,1
2020-10-30,15:24:17,12393,12394,12394,2
2020-10-30,15:24:22,12392,12394,12392,1
2020-10-30,15:24:28,12392,12393,12393,1
2020-10-30,15:24:28,12393,12394,12393,1
2020-10-30,15:24:29,12392,12394,12392,1
2020-10-30,15:24:29,12392,12394,12392,1
2020-10-30,15:24:34,12392,12394,12394,2
2020-10-30,15:24:39,12392,12393,12392,2
2020-10-30,15:24:39,12392,12393,12392,2
2020-10-30,15:24:40,12391,12393,12391,1
2020-10-30,15:24:40,12391,12393,12393,1
2020-10-30,15:24:41,12392,12393,12393,1
2020-10-30,15:24:43,12392,12393,12392,1
2020-10-30,15:24:44,12391,12393,12392,1
2020-10-30,15:24:47,12392,12393,12393,1
2020-10-30,15:24:47,12392,12393,12392,1
2020-10-30,15:24:50,12392,12393,12392,1
2020-10-30,15:24:50,12391,12392,12392,1
2020-10-30,15:24:50,12391,12392,12392,1
2020-10-30,15:24:52,12391,12393,12391,1
2020-10-30,15:24:53,12391,12393,12391,1
2020-10-30,15:24:53,12391,12393,12391,1
2020-10-30,15:24:53,12391,12392,12391,1
2020-10-30,15:24:57,12391,12392,12392,1
2020-10-30,15:24:57,12391,12392,12392,1
2020-10-30,15:24:57,12392,12393,12393,1
2020-10-30,15:24:57,12392,12393,12393,8
2020-10-30,15:24:58,12392,12394,12392,1
2020-10-30,15:25:00,12392,12394,12392,1
2020-10-30,15:25:04,12393,12394,12393,1
2020-10-30,15:25:05,12393,12395,12393,3
2020-10-30,15:25:05,12393,12394,12393,1
2020-10-30,15:25:05,12393,12394,12393,1
2020-10-30,15:25:08,12392,12393,12392,2
2020-10-30,15:25:08,12392,12393,12392,1
2020-10-30,15:25:08,12392,12393,12391,7
2020-10-30,15:25:15,12391,12392,12391,1
2020-10-30,15:25:18,12391,12392,12391,1
2020-10-30,15:25:18,12391,12392,12391,1
2020-10-30,15:25:24,12391,12392,12391,3
2020-10-30,15:25:25,12390,12391,12390,7
2020-10-30,15:25:25,12390,12391,12390,4
2020-10-30,15:25:25,12390,12391,12390,4
2020-10-30,15:25:25,12389,12391,12389,2
2020-10-30,15:25:25,12389,12391,12389,2
2020-10-30,15:25:25,12389,12391,12389,3
2020-10-30,15:25:25,12389,12391,12389,1
2020-10-30,15:25:26,12389,12391,12390,1
2020-10-30,15:25:29,12389,12391,12389,2
2020-10-30,15:25:30,12388,12389,12388,1
2020-10-30,15:25:31,12388,12389,12388,2
2020-10-30,15:25:31,12388,12389,12388,5
2020-10-30,15:25:31,12388,12389,12389,2
2020-10-30,15:25:31,12388,12389,12389,2
2020-10-30,15:25:31,12389,12390,12389,1
2020-10-30,15:25:31,12389,12390,12389,2
2020-10-30,15:25:33,12389,12390,12389,1
2020-10-30,15:25:35,12388,12389,12389,1
2020-10-30,15:25:37,12388,12389,12388,2
2020-10-30,15:25:38,12388,12389,12388,2
2020-10-30,15:25:38,12388,12389,12387,2
2020-10-30,15:25:39,12387,12388,12387,1
2020-10-30,15:25:39,12387,12388,12387,1
2020-10-30,15:25:39,12387,12388,12387,1
2020-10-30,15:25:39,12387,12388,12387,1
2020-10-30,15:25:39,12387,12388,12387,1
2020-10-30,15:25:39,12387,12388,12387,1
2020-10-30,15:25:40,12387,12388,12388,1
2020-10-30,15:25:40,12387,12388,12388,4
2020-10-30,15:25:41,12388,12389,12388,1
2020-10-30,15:25:41,12388,12389,12389,2
2020-10-30,15:25:42,12388,12390,12388,1
2020-10-30,15:25:42,12388,12390,12388,1
2020-10-30,15:25:43,12388,12389,12388,1
2020-10-30,15:25:45,12388,12389,12388,2
2020-10-30,15:25:46,12388,12389,12388,1
2020-10-30,15:25:49,12387,12389,12387,2
2020-10-30,15:25:50,12387,12388,12388,1
2020-10-30,15:25:50,12388,12390,12388,1
2020-10-30,15:25:51,12388,12389,12388,2
2020-10-30,15:25:52,12388,12389,12388,1
2020-10-30,15:25:53,12387,12389,12389,1
2020-10-30,15:25:53,12388,12390,12389,1
2020-10-30,15:25:53,12388,12390,12388,1
2020-10-30,15:25:55,12388,12390,12388,2
2020-10-30,15:25:59,12388,12389,12389,1
2020-10-30,15:25:59,12388,12390,12390,1
2020-10-30,15:26:00,12388,12390,12389,1
2020-10-30,15:26:00,12388,12389,12389,1
2020-10-30,15:26:00,12388,12389,12389,1
2020-10-30,15:26:01,12388,12390,12388,1
2020-10-30,15:26:02,12388,12389,12388,1
2020-10-30,15:26:02,12388,12389,12388,1
2020-10-30,15:26:03,12388,12389,12389,2
2020-10-30,15:26:03,12388,12390,12388,1
2020-10-30,15:26:07,12388,12390,12388,1
2020-10-30,15:26:11,12389,12390,12389,1
2020-10-30,15:26:11,12389,12390,12390,1
2020-10-30,15:26:19,12388,12389,12389,4
2020-10-30,15:26:24,12389,12390,12389,1
2020-10-30,15:26:24,12388,12389,12389,1
2020-10-30,15:26:24,12388,12389,12390,5
2020-10-30,15:26:24,12388,12389,12389,3
2020-10-30,15:26:28,12388,12389,12389,1
2020-10-30,15:26:31,12388,12389,12389,1
2020-10-30,15:26:32,12389,12390,12389,1
2020-10-30,15:26:39,12389,12390,12389,1
2020-10-30,15:26:40,12389,12390,12390,21
2020-10-30,15:26:40,12389,12390,12390,12
2020-10-30,15:26:40,12389,12390,12390,6
2020-10-30,15:26:40,12389,12390,12390,1
2020-10-30,15:26:40,12389,12390,12390,16
2020-10-30,15:26:44,12389,12390,12390,1
2020-10-30,15:26:47,12389,12390,12390,1
2020-10-30,15:26:48,12389,12390,12390,2
2020-10-30,15:26:48,12389,12390,12390,1
2020-10-30,15:26:48,12389,12390,12390,1
2020-10-30,15:26:48,12389,12390,12390,1
2020-10-30,15:26:50,12389,12392,12389,10
2020-10-30,15:26:50,12389,12392,12390,1
2020-10-30,15:26:54,12390,12391,12390,1
2020-10-30,15:26:55,12389,12390,12390,1
2020-10-30,15:26:57,12389,12390,12390,1
2020-10-30,15:27:02,12389,12390,12390,2
2020-10-30,15:27:06,12389,12390,12390,1
2020-10-30,15:27:07,12389,12390,12390,1
2020-10-30,15:27:07,12389,12391,12390,1
2020-10-30,15:27:15,12389,12390,12390,1
2020-10-30,15:27:20,12389,12390,12389,2
2020-10-30,15:27:20,12388,12389,12388,7
2020-10-30,15:27:22,12387,12388,12387,15
2020-10-30,15:27:22,12386,12387,12386,4
2020-10-30,15:27:22,12386,12387,12386,4
2020-10-30,15:27:22,12385,12387,12385,3
2020-10-30,15:27:22,12385,12387,12385,2
2020-10-30,15:27:22,12385,12387,12385,1
2020-10-30,15:27:22,12385,12387,12385,2
2020-10-30,15:27:22,12385,12387,12385,8
2020-10-30,15:27:22,12385,12387,12385,2
2020-10-30,15:27:25,12384,12385,12384,1
2020-10-30,15:27:25,12384,12385,12384,1
2020-10-30,15:27:25,12384,12385,12384,2
2020-10-30,15:27:29,12384,12385,12384,3
2020-10-30,15:27:29,12384,12385,12384,3
2020-10-30,15:27:30,12383,12385,12383,1
2020-10-30,15:27:30,12383,12385,12383,2
2020-10-30,15:27:30,12383,12385,12383,1
2020-10-30,15:27:32,12383,12385,12385,1
2020-10-30,15:27:33,12383,12384,12383,2
2020-10-30,15:27:34,12383,12384,12384,1
2020-10-30,15:27:34,12383,12384,12384,4
2020-10-30,15:27:34,12383,12384,12384,1
2020-10-30,15:27:35,12383,12385,12384,1
2020-10-30,15:27:37,12384,12385,12385,1
2020-10-30,15:27:44,12384,12385,12385,2
2020-10-30,15:27:44,12384,12385,12385,4
2020-10-30,15:27:48,12384,12385,12384,1
2020-10-30,15:27:48,12383,12385,12383,1
2020-10-30,15:27:48,12383,12385,12383,1
2020-10-30,15:27:48,12383,12385,12383,2
2020-10-30,15:27:48,12383,12385,12383,1
2020-10-30,15:27:50,12383,12385,12383,1
2020-10-30,15:27:53,12383,12384,12383,4
2020-10-30,15:27:53,12383,12384,12383,1
2020-10-30,15:27:53,12383,12384,12383,5
2020-10-30,15:27:53,12383,12384,12383,1
2020-10-30,15:27:56,12383,12384,12383,5
2020-10-30,15:27:56,12383,12384,12384,1
2020-10-30,15:27:57,12383,12385,12383,1
2020-10-30,15:28:00,12384,12385,12384,1
2020-10-30,15:28:01,12384,12385,12384,1
2020-10-30,15:28:02,12384,12385,12385,2
2020-10-30,15:28:03,12384,12385,12385,5
2020-10-30,15:28:03,12384,12385,12384,1
2020-10-30,15:28:04,12383,12385,12384,1
2020-10-30,15:28:06,12384,12385,12385,1
2020-10-30,15:28:06,12384,12385,12385,8
2020-10-30,15:28:06,12384,12385,12385,1
2020-10-30,15:28:07,12385,12386,12385,1
2020-10-30,15:28:12,12385,12386,12385,1
