2020-07-20 15:00:00.024,12028,12030,12029,24,-24
2020-07-20 15:00:00.027,12028,12030,12028,1,-1
2020-07-20 15:00:00.030,12028,12030,12028,1,-1
2020-07-20 15:00:00.128,12028,12030,12028,1,-1
2020-07-20 15:00:00.204,12028,12030,12027,2,-2
2020-07-20 15:00:00.273,12027,12029,12027,2,-2
2020-07-20 15:00:00.278,12027,12029,12026,5,-5
2020-07-20 15:00:00.286,12027,12029,12026,1,-1
2020-07-20 15:00:00.286,12027,12029,12026,7,-7
2020-07-20 15:00:00.360,12027,12029,12025,5,-5
2020-07-20 15:00:00.361,12027,12029,12025,1,-1
2020-07-20 15:00:00.570,12024,12027,12024,1,-1
2020-07-20 15:00:00.584,12024,12027,12024,1,-1
2020-07-20 15:00:00.587,12024,12027,12024,2,-2
2020-07-20 15:00:00.647,12024,12027,12024,1,-1
2020-07-20 15:00:00.658,12024,12027,12023,1,-1
2020-07-20 15:00:00.676,12024,12027,12023,1,-1
2020-07-20 15:00:00.832,12023,12027,12024,3,3
2020-07-20 15:00:00.839,12023,12027,12023,3,-3
2020-07-20 15:00:00.862,12023,12027,12027,3,3
2020-07-20 15:00:00.907,12023,12027,12023,1,-1
2020-07-20 15:00:00.963,12023,12027,12023,2,-2
2020-07-20 15:00:00.963,12023,12027,12022,1,-1
2020-07-20 15:00:01.069,12022,12026,12022,1,-1
2020-07-20 15:00:01.105,12022,12026,12025,1,1
2020-07-20 15:00:01.308,12023,12025,12025,1,1
2020-07-20 15:00:01.584,12024,12026,12025,1,-1
2020-07-20 15:00:01.645,12024,12026,12024,2,-2
2020-07-20 15:00:01.646,12024,12026,12024,6,-6
2020-07-20 15:00:01.902,12023,12025,12023,4,-4
2020-07-20 15:00:01.903,12023,12025,12022,2,-2
2020-07-20 15:00:01.965,12023,12025,12023,3,3
2020-07-20 15:00:02.176,12023,12024,12024,2,2
2020-07-20 15:00:02.211,12023,12024,12023,1,-1
2020-07-20 15:00:02.538,12023,12025,12023,2,-2
2020-07-20 15:00:03.284,12022,12023,12023,1,1
2020-07-20 15:00:04.123,12021,12022,12022,2,2
2020-07-20 15:00:04.123,12021,12022,12023,1,1
2020-07-20 15:00:05.514,12022,12024,12024,5,5
2020-07-20 15:00:05.514,12022,12024,12025,6,6
2020-07-20 15:00:05.514,12022,12024,12026,7,7
2020-07-20 15:00:05.514,12022,12024,12027,5,5
2020-07-20 15:00:05.514,12022,12024,12028,2,2
2020-07-20 15:00:06.402,12024,12026,12026,1,1
2020-07-20 15:00:06.455,12024,12026,12026,1,1
2020-07-20 15:00:06.455,12024,12026,12026,1,1
2020-07-20 15:00:06.456,12024,12026,12027,6,6
2020-07-20 15:00:06.459,12024,12026,12027,3,3
2020-07-20 15:00:06.482,12024,12026,12028,4,4
2020-07-20 15:00:06.483,12024,12026,12028,1,1
2020-07-20 15:00:06.684,12028,12030,12028,1,-1
2020-07-20 15:00:06.715,12028,12030,12028,1,-1
2020-07-20 15:00:07.614,12028,12030,12029,2,2
2020-07-20 15:00:08.594,12028,12029,12028,4,-4
2020-07-20 15:00:09.064,12028,12029,12029,1,1
2020-07-20 15:00:09.244,12028,12029,12029,3,3
2020-07-20 15:00:09.268,12029,12030,12029,6,-6
2020-07-20 15:00:09.268,12029,12030,12028,12,-12
2020-07-20 15:00:09.269,12029,12030,12028,2,-2
2020-07-20 15:00:09.269,12029,12030,12028,3,-3
2020-07-20 15:00:10.089,12027,12028,12028,1,1
2020-07-20 15:00:10.097,12027,12028,12028,2,2
2020-07-20 15:00:10.625,12027,12028,12028,1,1
2020-07-20 15:00:10.697,12027,12028,12027,1,-1
2020-07-20 15:00:11.098,12025,12027,12027,1,1
2020-07-20 15:00:11.990,12025,12027,12027,1,1
2020-07-20 15:00:12.420,12025,12026,12025,7,-7
2020-07-20 15:00:12.809,12023,12025,12025,1,1
2020-07-20 15:00:13.672,12023,12025,12025,1,1
2020-07-20 15:00:14.988,12023,12025,12025,1,1
2020-07-20 15:00:15.230,12024,12026,12024,1,-1
2020-07-20 15:00:16.437,12025,12027,12025,1,1
2020-07-20 15:00:17.342,12025,12027,12025,3,-3
2020-07-20 15:00:18.738,12026,12027,12026,6,6
2020-07-20 15:00:19.965,12024,12026,12026,3,3
2020-07-20 15:00:19.977,12024,12026,12027,1,1
2020-07-20 15:00:20.047,12025,12027,12027,3,3
2020-07-20 15:00:20.253,12025,12027,12027,1,1
2020-07-20 15:00:20.305,12025,12027,12027,1,1
2020-07-20 15:00:21.613,12025,12027,12025,1,-1
2020-07-20 15:00:28.285,12026,12027,12027,1,1
2020-07-20 15:00:29.949,12027,12028,12027,1,-1
2020-07-20 15:00:30.456,12027,12028,12027,1,-1
2020-07-20 15:00:31.062,12027,12028,12028,2,2
2020-07-20 15:00:32.962,12028,12029,12028,1,-1
2020-07-20 15:00:33.117,12027,12029,12027,1,-1
2020-07-20 15:00:33.268,12027,12029,12027,1,-1
2020-07-20 15:00:38.516,12027,12028,12027,1,-1
2020-07-20 15:00:39.490,12027,12028,12028,7,7
2020-07-20 15:00:39.490,12027,12028,12028,2,2
2020-07-20 15:00:39.490,12027,12028,12028,2,2
2020-07-20 15:00:39.929,12028,12029,12029,4,4
2020-07-20 15:00:41.908,12029,12030,12029,7,-7
2020-07-20 15:00:42.748,12028,12029,12028,1,-1
2020-07-20 15:00:45.571,12027,12028,12028,1,1
2020-07-20 15:00:46.031,12028,12029,12029,1,1
2020-07-20 15:00:48.863,12027,12028,12027,5,-5
2020-07-20 15:00:49.766,12026,12027,12027,1,1
2020-07-20 15:00:50.176,12026,12027,12027,1,1
2020-07-20 15:00:50.207,12026,12027,12028,4,4
2020-07-20 15:00:51.441,12026,12028,12026,1,-1
2020-07-20 15:00:53.645,12026,12027,12026,3,-3
2020-07-20 15:00:54.611,12026,12027,12027,5,5
2020-07-20 15:00:54.611,12026,12027,12027,4,4
2020-07-20 15:00:54.612,12026,12027,12027,1,1
2020-07-20 15:00:55.268,12026,12027,12026,3,-3
2020-07-20 15:00:57.133,12026,12027,12027,1,1
2020-07-20 15:00:58.772,12026,12027,12026,1,-1
2020-07-20 15:01:01.586,12026,12027,12026,1,-1
2020-07-20 15:01:02.199,12026,12027,12026,1,-1
2020-07-20 15:01:06.876,12025,12026,12025,2,-2
2020-07-20 15:01:07.003,12025,12026,12026,2,2
2020-07-20 15:01:07.006,12025,12026,12026,1,1
2020-07-20 15:01:07.008,12025,12026,12026,2,2
2020-07-20 15:01:07.009,12025,12026,12027,1,1
2020-07-20 15:01:07.015,12025,12026,12027,2,2
2020-07-20 15:01:07.021,12025,12026,12027,2,2
2020-07-20 15:01:07.025,12025,12026,12027,1,1
2020-07-20 15:01:07.067,12025,12026,12027,1,1
2020-07-20 15:01:07.069,12025,12026,12027,1,1
2020-07-20 15:01:07.071,12025,12026,12028,9,9
2020-07-20 15:01:07.073,12025,12026,12027,1,1
2020-07-20 15:01:07.075,12025,12026,12027,4,4
2020-07-20 15:01:07.080,12025,12026,12028,1,1
2020-07-20 15:01:07.082,12025,12026,12028,1,1
2020-07-20 15:01:07.084,12025,12026,12028,2,2
2020-07-20 15:01:07.084,12025,12026,12028,4,4
2020-07-20 15:01:13.286,12026,12027,12027,1,1
2020-07-20 15:01:13.612,12026,12027,12026,2,-2
2020-07-20 15:01:18.191,12025,12026,12026,1,1
2020-07-20 15:01:18.723,12026,12027,12026,1,-1
2020-07-20 15:01:21.846,12025,12026,12025,18,-18
2020-07-20 15:01:21.984,12025,12026,12026,1,1
2020-07-20 15:01:22.071,12025,12026,12026,1,1
2020-07-20 15:01:25.240,12025,12026,12026,1,1
2020-07-20 15:01:25.313,12025,12026,12026,1,1
2020-07-20 15:01:25.314,12025,12026,12026,2,2
2020-07-20 15:01:25.314,12025,12026,12026,1,1
2020-07-20 15:01:25.509,12025,12027,12025,1,-1
2020-07-20 15:01:33.138,12025,12026,12025,1,-1
2020-07-20 15:01:33.605,12025,12026,12025,1,-1
2020-07-20 15:01:34.354,12025,12026,12025,2,-2
2020-07-20 15:01:35.680,12025,12026,12025,1,-1
2020-07-20 15:01:36.484,12025,12026,12025,1,-1
2020-07-20 15:01:36.863,12025,12026,12026,1,1
2020-07-20 15:01:43.292,12025,12026,12025,3,-3
2020-07-20 15:01:44.432,12025,12026,12026,1,1
2020-07-20 15:01:47.337,12025,12026,12026,1,1
2020-07-20 15:01:49.592,12025,12026,12026,1,1
2020-07-20 15:01:49.593,12025,12026,12026,5,5
2020-07-20 15:01:49.939,12026,12027,12026,1,-1
2020-07-20 15:01:53.059,12025,12027,12025,12,-12
2020-07-20 15:01:54.320,12024,12025,12024,2,-2
2020-07-20 15:01:54.989,12024,12025,12025,1,1
2020-07-20 15:01:56.011,12024,12025,12024,3,-3
2020-07-20 15:01:56.011,12024,12025,12024,5,-5
2020-07-20 15:01:56.182,12023,12024,12023,4,-4
2020-07-20 15:01:56.226,12023,12024,12023,1,-1
2020-07-20 15:01:57.160,12023,12024,12023,1,-1
2020-07-20 15:01:58.690,12023,12025,12023,1,-1
2020-07-20 15:02:00.466,12024,12026,12024,1,1
2020-07-20 15:02:02.794,12023,12025,12023,13,-13
2020-07-20 15:02:03.565,12022,12023,12023,1,1
2020-07-20 15:02:04.732,12022,12023,12022,1,-1
2020-07-20 15:02:07.108,12022,12023,12023,1,1
2020-07-20 15:02:07.108,12022,12023,12023,5,5
2020-07-20 15:02:07.957,12023,12025,12023,1,-1
2020-07-20 15:02:09.620,12023,12024,12023,1,-1
2020-07-20 15:02:12.450,12023,12024,12023,1,-1
2020-07-20 15:02:12.956,12022,12023,12023,1,1
2020-07-20 15:02:13.682,12022,12023,12023,1,1
2020-07-20 15:02:15.087,12022,12023,12022,1,-1
2020-07-20 15:02:16.619,12022,12023,12023,1,1
2020-07-20 15:02:17.095,12022,12023,12022,1,-1
2020-07-20 15:02:21.851,12022,12023,12023,1,1
2020-07-20 15:02:22.627,12022,12023,12023,2,2
2020-07-20 15:02:24.105,12022,12023,12023,4,4
2020-07-20 15:02:24.374,12023,12024,12023,1,-1
2020-07-20 15:02:30.334,12023,12024,12023,2,-2
2020-07-20 15:02:32.780,12023,12024,12023,1,-1
2020-07-20 15:02:35.650,12023,12024,12023,1,-1
2020-07-20 15:02:40.536,12022,12023,12023,1,1
2020-07-20 15:02:44.909,12022,12023,12022,5,-5
2020-07-20 15:02:46.133,12022,12023,12022,2,-2
2020-07-20 15:02:49.530,12022,12023,12023,7,7
2020-07-20 15:02:54.283,12023,12025,12025,1,1
2020-07-20 15:03:00.631,12023,12024,12023,12,-12
2020-07-20 15:03:00.632,12023,12024,12023,2,-2
2020-07-20 15:03:00.634,12023,12024,12023,6,-6
2020-07-20 15:03:07.147,12022,12023,12022,20,-20
2020-07-20 15:03:09.515,12022,12023,12023,1,1
2020-07-20 15:03:09.837,12022,12023,12022,1,-1
2020-07-20 15:03:10.427,12022,12023,12022,3,-3
2020-07-20 15:03:10.427,12022,12023,12022,3,-3
2020-07-20 15:03:13.506,12022,12023,12022,3,-3
2020-07-20 15:03:15.935,12021,12022,12022,1,1
2020-07-20 15:03:16.222,12021,12022,12021,1,-1
2020-07-20 15:03:16.222,12021,12022,12021,8,-8
2020-07-20 15:03:16.771,12020,12021,12021,1,1
2020-07-20 15:03:16.780,12020,12021,12020,1,-1
2020-07-20 15:03:16.841,12020,12021,12020,1,-1
2020-07-20 15:03:17.125,12020,12021,12020,1,-1
2020-07-20 15:03:17.563,12020,12021,12020,1,-1
2020-07-20 15:03:17.773,12020,12021,12020,1,-1
2020-07-20 15:03:18.540,12020,12021,12020,2,-2
2020-07-20 15:03:19.344,12020,12021,12020,1,-1
2020-07-20 15:03:19.554,12020,12021,12021,1,1
2020-07-20 15:03:19.665,12020,12021,12020,10,-10
2020-07-20 15:03:19.665,12020,12021,12019,10,-10
2020-07-20 15:03:19.952,12019,12020,12019,1,-1
2020-07-20 15:03:20.321,12019,12020,12019,1,-1
2020-07-20 15:03:20.390,12019,12020,12019,1,-1
2020-07-20 15:03:20.866,12018,12019,12019,7,7
2020-07-20 15:03:20.866,12018,12019,12020,8,8
2020-07-20 15:03:21.517,12018,12020,12018,1,-1
2020-07-20 15:03:21.804,12018,12020,12020,7,7
2020-07-20 15:03:21.822,12018,12020,12019,1,-1
2020-07-20 15:03:21.927,12019,12021,12019,1,-1
2020-07-20 15:03:25.622,12019,12020,12020,1,1
2020-07-20 15:03:27.712,12021,12022,12021,3,3
2020-07-20 15:03:28.515,12020,12022,12020,1,-1
2020-07-20 15:03:30.244,12021,12022,12021,1,1
2020-07-20 15:03:39.412,12020,12022,12022,2,2
2020-07-20 15:03:40.747,12020,12021,12021,1,1
2020-07-20 15:03:43.745,12021,12022,12021,1,-1
2020-07-20 15:03:49.995,12021,12022,12022,4,4
2020-07-20 15:03:49.995,12021,12022,12022,8,8
2020-07-20 15:03:49.995,12021,12022,12022,3,3
2020-07-20 15:03:49.995,12021,12022,12022,2,2
2020-07-20 15:03:49.995,12021,12022,12022,1,1
2020-07-20 15:03:52.496,12022,12023,12023,1,1
2020-07-20 15:03:55.443,12022,12023,12022,1,-1
2020-07-20 15:03:58.074,12022,12023,12022,12,-12
2020-07-20 15:04:00.957,12021,12022,12021,1,-1
2020-07-20 15:04:00.957,12021,12022,12021,3,-3
2020-07-20 15:04:03.304,12020,12021,12020,2,-2
2020-07-20 15:04:03.305,12020,12021,12020,3,-3
2020-07-20 15:04:07.006,12019,12020,12020,1,1
2020-07-20 15:04:07.362,12019,12020,12019,3,-3
2020-07-20 15:04:08.181,12018,12020,12020,2,2
2020-07-20 15:04:10.573,12019,12020,12019,2,-2
2020-07-20 15:04:12.950,12019,12020,12019,4,-4
2020-07-20 15:04:13.261,12018,12019,12019,2,2
2020-07-20 15:04:15.323,12018,12019,12018,1,-1
2020-07-20 15:04:16.178,12018,12019,12018,1,-1
2020-07-20 15:04:19.172,12018,12019,12018,1,-1
2020-07-20 15:04:19.394,12018,12019,12019,1,1
2020-07-20 15:04:19.618,12018,12019,12019,2,2
2020-07-20 15:04:21.773,12018,12019,12019,1,1
2020-07-20 15:04:21.868,12018,12019,12019,2,2
2020-07-20 15:04:22.694,12018,12020,12018,1,-1
2020-07-20 15:04:24.603,12018,12020,12018,1,-1
2020-07-20 15:04:25.046,12018,12019,12019,1,1
2020-07-20 15:04:28.403,12019,12020,12020,1,1
2020-07-20 15:04:29.014,12019,12020,12020,10,10
2020-07-20 15:04:29.283,12020,12021,12020,4,-4
2020-07-20 15:04:30.872,12020,12021,12021,1,1
2020-07-20 15:04:32.977,12020,12022,12020,1,-1
2020-07-20 15:04:36.796,12021,12022,12021,1,1
2020-07-20 15:04:37.199,12020,12022,12022,1,1
2020-07-20 15:04:39.487,12021,12022,12021,1,-1
2020-07-20 15:04:42.451,12020,12021,12021,1,1
2020-07-20 15:04:51.785,12021,12022,12022,1,1
2020-07-20 15:04:52.161,12021,12022,12021,3,-3
2020-07-20 15:04:52.740,12020,12021,12020,1,-1
2020-07-20 15:04:53.074,12020,12021,12020,2,-2
2020-07-20 15:04:53.076,12020,12021,12020,8,-8
2020-07-20 15:04:53.514,12019,12020,12019,1,-1
2020-07-20 15:04:54.392,12019,12020,12019,1,-1
2020-07-20 15:04:56.225,12019,12020,12020,2,2
2020-07-20 15:04:59.248,12019,12021,12019,1,-1
2020-07-20 15:05:01.699,12019,12020,12019,3,-3
2020-07-20 15:05:01.700,12019,12020,12019,2,-2
2020-07-20 15:05:01.712,12019,12020,12019,1,-1
2020-07-20 15:05:02.699,12018,12019,12018,2,-2
2020-07-20 15:05:02.699,12018,12019,12018,10,-10
2020-07-20 15:05:02.699,12018,12019,12018,2,-2
2020-07-20 15:05:02.699,12018,12019,12018,2,-2
2020-07-20 15:05:02.699,12018,12019,12018,22,-22
2020-07-20 15:05:02.700,12018,12019,12018,22,-22
2020-07-20 15:05:02.796,12017,12018,12017,3,-3
2020-07-20 15:05:02.814,12017,12018,12017,1,-1
2020-07-20 15:05:02.842,12017,12018,12017,1,-1
2020-07-20 15:05:02.867,12017,12018,12017,1,-1
2020-07-20 15:05:02.875,12017,12018,12017,4,-4
2020-07-20 15:05:03.024,12017,12018,12017,1,-1
2020-07-20 15:05:03.225,12017,12018,12017,2,-2
2020-07-20 15:05:03.872,12017,12018,12018,1,1
2020-07-20 15:05:04.239,12017,12019,12017,1,-1
2020-07-20 15:05:04.800,12017,12019,12017,1,-1
2020-07-20 15:05:05.409,12017,12018,12018,2,2
2020-07-20 15:05:05.679,12018,12019,12018,1,-1
2020-07-20 15:05:05.745,12018,12019,12018,1,-1
2020-07-20 15:05:06.880,12018,12019,12018,7,-7
2020-07-20 15:05:07.377,12018,12019,12018,1,-1
2020-07-20 15:05:07.380,12018,12019,12018,1,-1
2020-07-20 15:05:07.497,12018,12019,12018,1,-1
2020-07-20 15:05:09.065,12017,12019,12017,1,-1
2020-07-20 15:05:09.667,12017,12018,12017,1,-1
2020-07-20 15:05:09.668,12017,12018,12018,1,1
2020-07-20 15:05:11.913,12017,12018,12017,3,-3
2020-07-20 15:05:12.141,12016,12017,12016,2,-2
2020-07-20 15:05:12.141,12016,12017,12016,2,-2
2020-07-20 15:05:12.141,12016,12017,12017,1,1
2020-07-20 15:05:12.156,12016,12017,12016,2,-2
2020-07-20 15:05:12.163,12016,12017,12016,1,-1
2020-07-20 15:05:12.456,12016,12017,12017,1,1
2020-07-20 15:05:12.583,12016,12017,12016,3,-3
2020-07-20 15:05:14.104,12016,12017,12016,8,-8
2020-07-20 15:05:14.192,12015,12016,12016,1,1
2020-07-20 15:05:14.376,12015,12016,12015,1,-1
2020-07-20 15:05:14.414,12015,12016,12016,1,1
2020-07-20 15:05:15.789,12015,12016,12016,1,1
2020-07-20 15:05:16.024,12015,12016,12015,1,-1
2020-07-20 15:05:18.010,12015,12016,12016,2,2
2020-07-20 15:05:18.442,12016,12018,12016,3,-3
2020-07-20 15:05:18.767,12016,12018,12016,1,-1
2020-07-20 15:05:19.359,12016,12018,12016,1,-1
2020-07-20 15:05:19.377,12016,12018,12016,1,-1
2020-07-20 15:05:19.774,12016,12017,12016,1,-1
2020-07-20 15:05:21.100,12015,12016,12016,1,1
2020-07-20 15:05:22.075,12015,12017,12016,1,-1
2020-07-20 15:05:23.734,12015,12016,12015,1,-1
2020-07-20 15:05:25.140,12015,12016,12015,5,-5
2020-07-20 15:05:25.184,12015,12016,12015,1,-1
2020-07-20 15:05:25.255,12015,12016,12015,1,-1
2020-07-20 15:05:25.923,12015,12016,12016,5,5
2020-07-20 15:05:26.888,12016,12017,12017,2,2
2020-07-20 15:05:27.841,12017,12018,12017,1,-1
2020-07-20 15:05:29.004,12017,12018,12018,1,1
2020-07-20 15:05:34.122,12018,12019,12019,3,3
2020-07-20 15:05:34.169,12018,12019,12018,1,-1
2020-07-20 15:05:34.243,12018,12019,12020,2,2
2020-07-20 15:05:34.243,12018,12019,12020,1,1
2020-07-20 15:05:34.245,12018,12019,12020,1,1
2020-07-20 15:05:34.909,12018,12020,12018,3,-3
2020-07-20 15:05:38.568,12018,12019,12019,1,1
2020-07-20 15:05:38.766,12018,12019,12018,1,-1
2020-07-20 15:05:38.853,12018,12019,12018,1,-1
2020-07-20 15:05:38.975,12018,12019,12018,1,-1
2020-07-20 15:05:38.981,12018,12019,12018,1,-1
2020-07-20 15:05:42.687,12018,12019,12018,1,-1
2020-07-20 15:05:47.945,12018,12019,12018,2,-2
2020-07-20 15:05:50.274,12018,12019,12018,2,-2
2020-07-20 15:05:51.640,12018,12019,12019,1,1
2020-07-20 15:05:53.761,12019,12020,12019,1,-1
2020-07-20 15:05:56.997,12018,12019,12019,1,1
2020-07-20 15:06:00.635,12018,12019,12018,3,-3
2020-07-20 15:06:01.137,12017,12018,12018,4,4
2020-07-20 15:06:04.051,12017,12018,12018,2,2
2020-07-20 15:06:04.249,12017,12018,12018,2,2
2020-07-20 15:06:05.384,12017,12018,12017,1,-1
2020-07-20 15:06:07.184,12016,12017,12017,1,1
2020-07-20 15:06:11.137,12016,12017,12017,1,1
2020-07-20 15:06:11.409,12016,12017,12016,10,-10
2020-07-20 15:06:14.220,12015,12016,12015,1,-1
2020-07-20 15:06:14.982,12015,12016,12015,1,-1
2020-07-20 15:06:15.538,12015,12016,12015,4,-4
2020-07-20 15:06:15.703,12014,12015,12015,1,1
2020-07-20 15:06:17.694,12015,12016,12016,2,2
2020-07-20 15:06:18.225,12016,12017,12017,1,1
2020-07-20 15:06:20.440,12016,12017,12017,1,1
2020-07-20 15:06:20.717,12016,12018,12016,1,-1
2020-07-20 15:06:24.010,12016,12018,12016,1,-1
2020-07-20 15:06:25.111,12016,12017,12017,1,1
2020-07-20 15:06:26.783,12016,12017,12016,6,-6
2020-07-20 15:06:27.085,12016,12017,12016,3,-3
2020-07-20 15:06:30.143,12016,12017,12016,1,-1
2020-07-20 15:06:30.165,12016,12017,12016,2,-2
2020-07-20 15:06:32.127,12016,12017,12016,5,-5
2020-07-20 15:06:32.251,12016,12017,12016,4,-4
2020-07-20 15:06:33.644,12015,12016,12015,1,-1
2020-07-20 15:06:35.119,12015,12016,12015,5,-5
2020-07-20 15:06:35.511,12014,12015,12015,2,2
2020-07-20 15:06:35.562,12014,12015,12015,2,2
2020-07-20 15:06:35.612,12014,12015,12015,1,1
2020-07-20 15:06:35.629,12015,12016,12015,2,-2
2020-07-20 15:06:35.630,12015,12016,12015,1,-1
2020-07-20 15:06:35.646,12015,12016,12015,4,-4
2020-07-20 15:06:37.948,12014,12015,12014,1,-1
2020-07-20 15:06:39.796,12014,12015,12015,1,1
2020-07-20 15:06:39.796,12014,12015,12015,3,3
2020-07-20 15:06:43.386,12015,12016,12015,5,-5
2020-07-20 15:06:44.368,12015,12016,12016,15,15
2020-07-20 15:06:44.821,12016,12017,12017,1,1
2020-07-20 15:06:45.096,12016,12017,12016,11,-11
2020-07-20 15:06:45.096,12016,12017,12015,14,-14
2020-07-20 15:06:45.098,12016,12017,12016,1,1
2020-07-20 15:06:45.999,12015,12017,12015,1,-1
2020-07-20 15:06:47.269,12015,12017,12015,2,-2
2020-07-20 15:06:51.574,12015,12016,12015,2,-2
2020-07-20 15:06:51.719,12015,12016,12014,5,-5
2020-07-20 15:06:57.669,12015,12016,12016,10,10
2020-07-20 15:06:57.710,12015,12016,12017,6,6
2020-07-20 15:06:57.710,12015,12016,12017,1,1
2020-07-20 15:06:57.710,12015,12016,12017,6,6
2020-07-20 15:06:57.710,12015,12016,12017,1,1
2020-07-20 15:06:57.871,12016,12017,12017,2,2
2020-07-20 15:07:01.413,12017,12018,12017,1,-1
2020-07-20 15:07:02.266,12017,12018,12017,3,-3
2020-07-20 15:07:05.038,12017,12018,12018,2,2
2020-07-20 15:07:06.058,12018,12020,12020,1,1
2020-07-20 15:07:11.926,12018,12019,12019,1,1
2020-07-20 15:07:17.518,12018,12019,12019,2,2
2020-07-20 15:07:18.639,12018,12020,12018,7,-7
2020-07-20 15:07:22.176,12019,12020,12019,1,1
2020-07-20 15:07:24.167,12018,12019,12019,1,1
2020-07-20 15:07:24.806,12018,12019,12018,7,-7
2020-07-20 15:07:25.390,12018,12019,12018,2,-2
2020-07-20 15:07:25.390,12018,12019,12018,1,-1
2020-07-20 15:07:25.391,12018,12019,12018,1,-1
2020-07-20 15:07:26.245,12017,12019,12019,2,2
2020-07-20 15:07:30.648,12018,12019,12018,1,-1
2020-07-20 15:07:33.663,12017,12018,12018,6,6
2020-07-20 15:07:36.600,12018,12019,12019,1,1
2020-07-20 15:07:37.842,12018,12019,12019,1,1
2020-07-20 15:07:38.448,12018,12019,12019,5,5
2020-07-20 15:07:39.599,12019,12020,12020,2,2
2020-07-20 15:07:40.415,12019,12020,12020,5,5
2020-07-20 15:07:42.955,12020,12021,12020,1,-1
2020-07-20 15:07:44.762,12020,12021,12021,1,1
2020-07-20 15:07:45.070,12020,12021,12020,1,-1
2020-07-20 15:07:48.666,12020,12021,12021,3,3
2020-07-20 15:07:48.666,12020,12021,12021,3,3
2020-07-20 15:07:50.936,12021,12022,12021,1,-1
2020-07-20 15:07:52.550,12021,12022,12022,4,4
2020-07-20 15:07:53.916,12021,12022,12021,7,-7
2020-07-20 15:07:53.917,12021,12022,12021,1,-1
2020-07-20 15:07:59.665,12021,12022,12022,1,1
2020-07-20 15:08:03.105,12021,12022,12021,1,-1
2020-07-20 15:08:03.105,12021,12022,12021,1,-1
2020-07-20 15:08:03.105,12021,12022,12021,2,-2
2020-07-20 15:08:03.202,12020,12021,12021,1,1
2020-07-20 15:08:03.652,12020,12021,12021,1,1
2020-07-20 15:08:03.941,12020,12022,12022,1,1
2020-07-20 15:08:05.097,12021,12022,12021,2,-2
2020-07-20 15:08:05.491,12020,12021,12020,4,-4
2020-07-20 15:08:05.518,12020,12021,12020,2,-2
2020-07-20 15:08:05.716,12020,12021,12021,5,5
2020-07-20 15:08:07.502,12020,12021,12020,2,-2
2020-07-20 15:08:07.502,12020,12021,12020,4,-4
2020-07-20 15:08:10.230,12020,12021,12020,1,-1
2020-07-20 15:08:10.747,12019,12020,12020,2,2
2020-07-20 15:08:11.103,12020,12021,12020,2,-2
2020-07-20 15:08:12.025,12019,12020,12020,1,1
2020-07-20 15:08:17.133,12020,12021,12020,1,-1
2020-07-20 15:08:17.220,12020,12021,12020,1,-1
2020-07-20 15:08:21.695,12019,12020,12020,1,1
2020-07-20 15:08:25.080,12019,12020,12020,2,2
2020-07-20 15:08:26.848,12019,12020,12020,1,1
2020-07-20 15:08:30.173,12020,12021,12020,1,-1
2020-07-20 15:08:36.523,12020,12021,12021,1,1
2020-07-20 15:08:36.523,12020,12021,12021,1,1
2020-07-20 15:08:36.524,12020,12021,12021,1,1
2020-07-20 15:08:37.401,12021,12022,12022,5,5
2020-07-20 15:08:41.849,12021,12022,12022,3,3
2020-07-20 15:08:46.256,12021,12022,12022,1,1
2020-07-20 15:08:52.515,12022,12023,12022,1,-1
2020-07-20 15:08:58.156,12022,12023,12023,3,3
2020-07-20 15:08:59.503,12022,12023,12023,1,1
2020-07-20 15:08:59.504,12022,12023,12023,12,12
2020-07-20 15:08:59.504,12022,12023,12023,9,9
2020-07-20 15:08:59.552,12022,12023,12024,1,1
2020-07-20 15:09:01.913,12023,12024,12023,1,-1
2020-07-20 15:09:02.634,12022,12023,12023,1,1
2020-07-20 15:09:03.654,12022,12023,12023,1,1
2020-07-20 15:09:04.901,12022,12023,12023,1,1
2020-07-20 15:09:09.321,12022,12024,12022,1,-1
2020-07-20 15:09:09.723,12022,12023,12023,1,1
2020-07-20 15:09:17.150,12022,12023,12023,1,1
2020-07-20 15:09:18.023,12022,12023,12023,1,1
2020-07-20 15:09:18.023,12022,12023,12023,1,1
2020-07-20 15:09:18.483,12023,12024,12023,1,-1
2020-07-20 15:09:30.479,12023,12024,12023,1,-1
2020-07-20 15:09:35.926,12023,12024,12023,1,-1
2020-07-20 15:09:39.577,12023,12024,12023,1,-1
2020-07-20 15:09:50.878,12022,12023,12022,1,-1
2020-07-20 15:09:50.879,12022,12023,12022,5,-5
2020-07-20 15:09:50.879,12022,12023,12022,3,-3
2020-07-20 15:09:56.831,12021,12022,12021,4,-4
2020-07-20 15:10:06.593,12021,12022,12021,8,-8
2020-07-20 15:10:08.424,12020,12021,12020,6,-6
2020-07-20 15:10:17.854,12019,12020,12019,1,-1
2020-07-20 15:10:18.197,12019,12020,12020,1,1
2020-07-20 15:10:20.905,12019,12020,12019,1,-1
2020-07-20 15:10:24.146,12019,12020,12019,1,-1
2020-07-20 15:10:25.292,12019,12020,12019,1,-1
2020-07-20 15:10:26.204,12019,12020,12020,1,1
2020-07-20 15:10:26.204,12019,12020,12020,5,5
2020-07-20 15:10:26.204,12019,12020,12020,2,2
2020-07-20 15:10:26.825,12020,12021,12020,3,-3
2020-07-20 15:10:27.768,12019,12021,12019,1,-1
2020-07-20 15:10:29.954,12019,12020,12020,1,1
2020-07-20 15:10:37.792,12019,12020,12020,1,1
2020-07-20 15:10:38.222,12019,12020,12020,1,1
2020-07-20 15:10:43.405,12019,12020,12020,1,1
2020-07-20 15:10:43.405,12019,12020,12020,1,1
2020-07-20 15:10:43.688,12020,12021,12020,4,-4
2020-07-20 15:10:52.676,12019,12020,12020,1,1
2020-07-20 15:10:54.950,12019,12020,12020,2,2
2020-07-20 15:10:59.605,12019,12020,12020,1,1
2020-07-20 15:11:00.929,12019,12020,12019,4,-4
2020-07-20 15:11:01.108,12018,12019,12018,6,-6
2020-07-20 15:11:01.477,12017,12018,12019,1,1
2020-07-20 15:11:14.115,12018,12019,12019,1,1
2020-07-20 15:11:18.560,12019,12020,12019,1,-1
2020-07-20 15:11:20.008,12019,12020,12020,2,2
2020-07-20 15:11:20.008,12019,12020,12020,1,1
2020-07-20 15:11:27.296,12019,12020,12020,1,1
2020-07-20 15:11:27.602,12020,12021,12020,1,-1
2020-07-20 15:11:32.645,12019,12020,12020,1,1
2020-07-20 15:11:45.847,12020,12021,12020,1,-1
2020-07-20 15:11:46.260,12020,12021,12021,2,2
2020-07-20 15:11:46.260,12020,12021,12021,2,2
2020-07-20 15:11:46.568,12021,12022,12022,1,1
2020-07-20 15:11:50.022,12022,12023,12022,1,-1
2020-07-20 15:11:52.066,12022,12023,12022,1,-1
2020-07-20 15:11:52.066,12022,12023,12022,1,-1
2020-07-20 15:11:52.066,12022,12023,12022,1,-1
2020-07-20 15:11:52.655,12020,12022,12022,9,9
2020-07-20 15:11:52.656,12020,12022,12022,1,1
2020-07-20 15:11:52.656,12020,12022,12022,1,1
2020-07-20 15:11:52.955,12020,12022,12020,2,-2
2020-07-20 15:11:55.766,12021,12022,12022,1,1
2020-07-20 15:12:00.622,12021,12022,12022,1,1
2020-07-20 15:12:03.421,12022,12023,12022,1,-1
2020-07-20 15:12:04.903,12022,12023,12022,1,-1
2020-07-20 15:12:06.188,12022,12023,12023,2,2
2020-07-20 15:12:06.188,12022,12023,12023,2,2
2020-07-20 15:12:06.188,12022,12023,12023,2,2
2020-07-20 15:12:10.463,12023,12024,12023,1,-1
2020-07-20 15:12:11.042,12023,12024,12023,2,-2
2020-07-20 15:12:11.042,12023,12024,12023,2,-2
2020-07-20 15:12:11.133,12022,12023,12023,1,1
2020-07-20 15:12:18.967,12023,12024,12023,2,-2
2020-07-20 15:12:18.968,12023,12024,12023,1,-1
2020-07-20 15:12:20.605,12022,12024,12022,9,-9
2020-07-20 15:12:20.866,12021,12022,12021,10,-10
2020-07-20 15:12:20.912,12021,12022,12022,2,2
2020-07-20 15:12:20.962,12021,12022,12022,2,2
2020-07-20 15:12:21.012,12021,12022,12022,2,2
2020-07-20 15:12:21.013,12021,12022,12022,1,1
2020-07-20 15:12:21.090,12021,12022,12021,10,-10
2020-07-20 15:12:27.086,12021,12023,12021,10,-10
2020-07-20 15:12:29.380,12021,12022,12022,5,5
2020-07-20 15:12:29.391,12021,12022,12021,1,-1
2020-07-20 15:12:49.399,12021,12022,12021,2,-2
2020-07-20 15:12:58.918,12021,12022,12022,1,1
2020-07-20 15:12:58.918,12021,12022,12022,4,4
2020-07-20 15:13:05.878,12022,12023,12022,1,-1
2020-07-20 15:13:07.938,12022,12023,12022,1,-1
2020-07-20 15:13:07.977,12022,12023,12022,1,-1
2020-07-20 15:13:11.098,12021,12022,12022,2,2
2020-07-20 15:13:16.055,12021,12022,12022,1,1
2020-07-20 15:13:16.207,12021,12022,12022,4,4
2020-07-20 15:13:22.272,12022,12023,12023,1,1
2020-07-20 15:13:25.135,12022,12023,12023,1,1
2020-07-20 15:13:25.135,12022,12023,12023,1,1
2020-07-20 15:13:26.533,12023,12024,12023,1,-1
2020-07-20 15:13:27.861,12023,12024,12024,1,1
2020-07-20 15:13:27.862,12023,12024,12024,12,12
2020-07-20 15:13:27.862,12023,12024,12024,4,4
2020-07-20 15:13:27.862,12023,12024,12024,2,2
2020-07-20 15:13:30.224,12024,12025,12024,1,-1
2020-07-20 15:13:30.779,12024,12025,12025,2,2
2020-07-20 15:13:30.913,12024,12025,12025,1,1
2020-07-20 15:13:31.091,12024,12025,12025,2,2
2020-07-20 15:13:31.252,12024,12025,12025,2,2
2020-07-20 15:13:39.608,12024,12025,12025,1,1
2020-07-20 15:13:45.980,12024,12025,12025,2,2
2020-07-20 15:13:46.914,12024,12025,12025,1,1
2020-07-20 15:13:48.420,12024,12025,12025,1,1
2020-07-20 15:13:48.420,12024,12025,12025,1,1
2020-07-20 15:13:48.633,12024,12025,12024,6,-6
2020-07-20 15:13:48.894,12023,12024,12023,10,-10
2020-07-20 15:13:49.315,12023,12025,12025,1,1
2020-07-20 15:13:49.350,12023,12025,12024,1,-1
2020-07-20 15:13:49.724,12023,12024,12024,1,1
2020-07-20 15:13:51.790,12023,12024,12024,4,4
2020-07-20 15:13:52.299,12023,12024,12024,1,1
2020-07-20 15:13:55.984,12023,12024,12024,1,1
2020-07-20 15:13:57.867,12023,12024,12024,2,2
2020-07-20 15:13:58.374,12023,12025,12023,2,-2
2020-07-20 15:13:58.751,12023,12025,12023,1,-1
2020-07-20 15:14:02.220,12022,12023,12023,1,1
2020-07-20 15:14:02.564,12022,12023,12023,1,1
2020-07-20 15:14:15.097,12022,12023,12023,1,1
2020-07-20 15:14:16.952,12022,12023,12023,1,1
2020-07-20 15:14:23.668,12022,12023,12023,2,2
2020-07-20 15:14:29.976,12022,12023,12022,5,-5
2020-07-20 15:14:32.238,12022,12023,12023,1,1
2020-07-20 15:14:32.238,12022,12023,12023,2,2
2020-07-20 15:14:32.239,12022,12023,12023,2,2
2020-07-20 15:14:49.078,12022,12023,12023,1,1
2020-07-20 15:14:56.411,12022,12023,12023,3,3
2020-07-20 15:15:01.350,12022,12023,12022,25,-25
2020-07-20 15:15:16.521,12021,12022,12021,1,-1
2020-07-20 15:15:22.338,12021,12022,12021,5,-5
2020-07-20 15:15:22.377,12021,12022,12022,1,1
2020-07-20 15:15:22.381,12021,12022,12022,1,1
2020-07-20 15:15:22.382,12021,12022,12022,1,1
2020-07-20 15:15:22.382,12021,12022,12022,1,1
2020-07-20 15:15:22.382,12021,12022,12023,1,1
2020-07-20 15:15:22.384,12021,12022,12023,1,1
2020-07-20 15:15:22.387,12021,12022,12023,2,2
2020-07-20 15:15:22.387,12021,12022,12023,1,1
2020-07-20 15:15:22.392,12021,12022,12024,2,2
2020-07-20 15:15:22.422,12021,12022,12024,2,2
2020-07-20 15:15:22.437,12021,12022,12024,1,1
2020-07-20 15:15:22.438,12021,12022,12024,1,1
2020-07-20 15:15:22.440,12021,12022,12024,8,8
2020-07-20 15:15:22.449,12021,12022,12024,2,2
2020-07-20 15:15:22.449,12021,12022,12024,4,4
2020-07-20 15:15:23.181,12023,12024,12023,1,-1
2020-07-20 15:15:34.522,12023,12024,12024,2,2
2020-07-20 15:15:34.523,12023,12024,12024,5,5
2020-07-20 15:15:49.298,12024,12025,12024,4,-4
2020-07-20 15:15:57.033,12024,12025,12024,1,-1
2020-07-20 15:16:06.008,12024,12025,12024,1,-1
2020-07-20 15:16:08.892,12023,12024,12024,1,1
2020-07-20 15:16:14.260,12024,12025,12024,1,-1
2020-07-20 15:16:15.105,12023,12025,12025,1,1
2020-07-20 15:16:16.314,12024,12025,12024,1,-1
2020-07-20 15:16:16.693,12023,12024,12024,1,1
2020-07-20 15:16:18.817,12024,12025,12025,1,1
2020-07-20 15:16:22.397,12024,12025,12025,4,4
2020-07-20 15:16:28.691,12024,12025,12024,1,-1
2020-07-20 15:16:44.269,12024,12025,12025,10,10
2020-07-20 15:16:44.337,12024,12025,12025,1,1
2020-07-20 15:16:48.075,12024,12025,12024,10,-10
2020-07-20 15:16:50.085,12024,12025,12025,1,1
2020-07-20 15:16:50.605,12024,12025,12025,1,1
2020-07-20 15:16:50.994,12024,12025,12024,2,-2
2020-07-20 15:17:04.169,12024,12025,12024,1,-1
2020-07-20 15:17:10.039,12024,12025,12025,20,20
2020-07-20 15:17:10.185,12024,12026,12024,1,-1
2020-07-20 15:17:13.708,12025,12026,12026,1,1
2020-07-20 15:17:13.708,12025,12026,12026,13,13
2020-07-20 15:17:13.708,12025,12026,12026,1,1
2020-07-20 15:17:13.708,12025,12026,12026,3,3
2020-07-20 15:17:14.801,12026,12027,12026,1,-1
2020-07-20 15:17:17.733,12025,12026,12025,5,-5
2020-07-20 15:17:17.733,12025,12026,12025,1,-1
2020-07-20 15:17:31.400,12024,12025,12025,1,1
2020-07-20 15:17:31.414,12024,12025,12024,10,-10
2020-07-20 15:17:31.414,12024,12025,12024,1,-1
2020-07-20 15:17:31.414,12024,12025,12024,3,-3
2020-07-20 15:17:50.865,12024,12025,12025,2,2
2020-07-20 15:17:50.865,12024,12025,12025,1,1
2020-07-20 15:17:50.865,12024,12025,12025,1,1
2020-07-20 15:17:50.865,12024,12025,12025,1,1
2020-07-20 15:18:05.558,12024,12025,12025,5,5
2020-07-20 15:18:05.994,12024,12025,12025,1,1
2020-07-20 15:18:08.589,12024,12025,12025,3,3
2020-07-20 15:18:09.229,12025,12026,12026,1,1
2020-07-20 15:18:11.788,12025,12026,12025,1,-1
2020-07-20 15:18:18.706,12024,12025,12024,2,-2
2020-07-20 15:18:28.694,12024,12025,12024,1,-1
2020-07-20 15:18:41.635,12024,12025,12024,1,-1
2020-07-20 15:18:45.420,12024,12025,12024,7,-7
2020-07-20 15:18:45.493,12024,12025,12024,1,-1
2020-07-20 15:18:51.891,12024,12025,12024,1,-1
2020-07-20 15:18:51.891,12024,12025,12024,5,-5
2020-07-20 15:19:00.819,12023,12024,12024,1,1
2020-07-20 15:19:00.967,12023,12024,12023,2,-2
2020-07-20 15:19:02.605,12023,12024,12023,11,-11
2020-07-20 15:19:02.605,12023,12024,12023,4,-4
2020-07-20 15:19:11.532,12022,12023,12022,2,-2
2020-07-20 15:19:22.872,12022,12023,12023,2,2
2020-07-20 15:19:24.323,12022,12023,12023,1,1
2020-07-20 15:19:24.452,12022,12024,12024,1,1
2020-07-20 15:19:24.652,12023,12025,12023,1,-1
2020-07-20 15:19:25.725,12023,12025,12023,1,-1
2020-07-20 15:19:31.692,12023,12025,12023,1,-1
2020-07-20 15:19:37.736,12023,12024,12024,1,1
2020-07-20 15:19:38.428,12023,12024,12023,2,-2
2020-07-20 15:19:41.560,12022,12023,12023,1,1
2020-07-20 15:19:51.429,12023,12024,12023,1,-1
2020-07-20 15:19:53.715,12023,12024,12023,1,-1
2020-07-20 15:20:04.833,12023,12024,12023,1,-1
2020-07-20 15:20:05.556,12022,12023,12023,1,1
2020-07-20 15:20:05.823,12022,12023,12024,1,1
2020-07-20 15:20:22.347,12022,12023,12023,2,2
2020-07-20 15:20:52.373,12023,12024,12024,2,2
2020-07-20 15:20:53.563,12023,12024,12023,6,-6
2020-07-20 15:21:05.826,12023,12024,12023,1,-1
2020-07-20 15:21:05.826,12023,12024,12023,1,-1
2020-07-20 15:21:11.689,12022,12023,12023,1,1
2020-07-20 15:21:13.477,12023,12024,12023,1,-1
2020-07-20 15:21:25.988,12022,12023,12022,2,-2
2020-07-20 15:21:30.719,12022,12023,12022,1,-1
2020-07-20 15:21:33.541,12021,12022,12022,2,2
2020-07-20 15:21:39.039,12022,12023,12022,1,-1
2020-07-20 15:21:56.876,12022,12023,12023,6,6
2020-07-20 15:21:56.876,12022,12023,12023,1,1
2020-07-20 15:21:59.904,12023,12024,12023,1,-1
2020-07-20 15:22:13.991,12023,12024,12023,1,-1
2020-07-20 15:22:17.276,12022,12023,12023,1,1
2020-07-20 15:22:20.134,12022,12023,12022,5,-5
2020-07-20 15:22:20.135,12022,12023,12022,2,-2
2020-07-20 15:22:27.392,12021,12022,12022,1,1
2020-07-20 15:22:30.082,12021,12022,12022,1,1
2020-07-20 15:22:33.198,12021,12022,12022,2,2
2020-07-20 15:22:36.196,12021,12022,12022,1,1
2020-07-20 15:22:45.348,12021,12022,12022,1,1
2020-07-20 15:22:49.859,12021,12022,12022,1,1
2020-07-20 15:22:51.188,12021,12023,12021,8,-8
2020-07-20 15:23:02.618,12021,12022,12021,1,-1
2020-07-20 15:23:02.618,12021,12022,12021,4,-4
2020-07-20 15:23:06.358,12020,12021,12021,1,1
2020-07-20 15:23:15.041,12021,12023,12021,2,-2
2020-07-20 15:23:23.632,12021,12022,12021,1,-1
2020-07-20 15:23:24.435,12021,12022,12021,1,-1
2020-07-20 15:23:30.904,12020,12021,12021,1,1
2020-07-20 15:23:30.905,12020,12021,12021,1,1
2020-07-20 15:23:30.905,12020,12021,12021,1,1
2020-07-20 15:23:53.943,12021,12022,12021,1,-1
2020-07-20 15:24:00.882,12021,12022,12021,1,-1
2020-07-20 15:24:00.883,12021,12022,12021,3,-3
2020-07-20 15:24:11.330,12020,12022,12020,2,-2
2020-07-20 15:24:14.420,12020,12021,12020,1,-1
2020-07-20 15:24:16.408,12020,12021,12021,1,1
2020-07-20 15:24:19.094,12020,12021,12020,1,-1
2020-07-20 15:24:33.803,12020,12021,12020,1,-1
2020-07-20 15:24:33.803,12020,12021,12020,6,-6
2020-07-20 15:24:35.319,12019,12020,12019,4,-4
2020-07-20 15:24:35.319,12019,12020,12019,1,-1
2020-07-20 15:24:35.716,12018,12019,12018,14,-14
2020-07-20 15:24:38.787,12018,12020,12018,1,-1
2020-07-20 15:24:50.858,12018,12020,12020,1,1
2020-07-20 15:25:23.686,12019,12020,12020,1,1
2020-07-20 15:25:24.918,12019,12020,12019,1,-1
2020-07-20 15:25:26.489,12019,12020,12020,2,2
2020-07-20 15:25:26.489,12019,12020,12020,1,1
2020-07-20 15:25:26.489,12019,12020,12020,1,1
2020-07-20 15:25:26.489,12019,12020,12020,1,1
2020-07-20 15:25:26.489,12019,12020,12020,1,1
2020-07-20 15:25:26.489,12019,12020,12020,2,2
2020-07-20 15:25:26.489,12019,12020,12020,2,2
2020-07-20 15:25:33.774,12020,12021,12021,7,7
2020-07-20 15:25:36.337,12020,12021,12020,1,-1
2020-07-20 15:25:41.839,12020,12021,12020,1,-1
2020-07-20 15:25:41.840,12020,12021,12020,1,-1
2020-07-20 15:25:56.239,12019,12020,12019,2,-2
2020-07-20 15:26:00.288,12018,12019,12018,11,-11
2020-07-20 15:26:00.288,12018,12019,12017,29,-29
2020-07-20 15:26:04.030,12017,12019,12017,2,-2
2020-07-20 15:26:04.178,12017,12018,12018,1,1
2020-07-20 15:26:04.199,12017,12018,12017,12,-12
2020-07-20 15:26:04.486,12016,12017,12017,1,1
2020-07-20 15:26:04.945,12016,12017,12017,1,1
2020-07-20 15:26:11.630,12017,12018,12017,1,-1
2020-07-20 15:26:12.893,12017,12018,12018,2,2
2020-07-20 15:26:15.253,12017,12019,12017,4,-4
2020-07-20 15:26:16.116,12017,12019,12019,1,1
2020-07-20 15:26:25.685,12017,12018,12018,7,7
2020-07-20 15:26:25.685,12017,12018,12018,2,2
2020-07-20 15:26:30.431,12017,12018,12018,1,1
2020-07-20 15:26:33.238,12017,12018,12017,1,-1
2020-07-20 15:26:42.514,12017,12018,12017,1,-1
2020-07-20 15:26:43.795,12017,12018,12018,1,1
2020-07-20 15:26:46.586,12017,12018,12018,1,1
2020-07-20 15:26:46.588,12017,12018,12018,5,5
2020-07-20 15:26:50.682,12018,12019,12018,1,-1
2020-07-20 15:26:51.485,12018,12019,12018,1,-1
2020-07-20 15:26:52.260,12018,12019,12018,1,-1
2020-07-20 15:26:54.216,12018,12019,12018,1,-1
2020-07-20 15:26:55.927,12018,12019,12019,1,1
2020-07-20 15:26:56.534,12019,12020,12019,3,-3
2020-07-20 15:27:01.249,12019,12020,12019,1,-1
2020-07-20 15:27:02.167,12019,12020,12020,1,1
2020-07-20 15:27:02.170,12019,12020,12020,2,2
2020-07-20 15:27:02.934,12019,12021,12019,13,-13
2020-07-20 15:27:07.442,12020,12021,12020,1,1
2020-07-20 15:27:07.444,12020,12021,12019,1,-1
2020-07-20 15:27:07.444,12020,12021,12019,1,-1
2020-07-20 15:27:14.868,12020,12021,12021,1,1
2020-07-20 15:27:15.483,12021,12022,12022,5,5
2020-07-20 15:27:16.262,12022,12023,12023,1,1
2020-07-20 15:27:16.607,12022,12023,12023,18,18
2020-07-20 15:27:16.607,12022,12023,12024,32,32
2020-07-20 15:27:17.004,12024,12025,12025,2,2
2020-07-20 15:27:17.009,12024,12025,12024,1,-1
2020-07-20 15:27:27.764,12024,12025,12024,1,-1
2020-07-20 15:27:27.764,12024,12025,12024,1,-1
2020-07-20 15:27:28.380,12023,12024,12024,1,1
2020-07-20 15:27:30.722,12023,12024,12024,2,2
2020-07-20 15:27:43.319,12023,12024,12023,3,-3
2020-07-20 15:27:44.482,12023,12024,12024,1,1
2020-07-20 15:27:45.606,12023,12024,12024,3,3
2020-07-20 15:27:49.911,12023,12025,12025,2,2
2020-07-20 15:27:50.975,12024,12025,12024,1,-1
2020-07-20 15:27:54.984,12023,12024,12024,1,1
2020-07-20 15:28:08.952,12024,12025,12024,1,-1
2020-07-20 15:28:11.943,12024,12025,12025,1,1
2020-07-20 15:28:11.997,12024,12025,12025,8,8
2020-07-20 15:28:13.481,12024,12026,12024,1,-1
2020-07-20 15:28:16.964,12025,12026,12025,2,2
2020-07-20 15:28:22.010,12024,12025,12024,1,-1
2020-07-20 15:28:34.129,12024,12025,12025,3,3
2020-07-20 15:28:38.897,12024,12025,12025,1,1
2020-07-20 15:28:44.394,12024,12025,12025,2,2
2020-07-20 15:28:45.920,12024,12025,12025,5,5
2020-07-20 15:28:51.626,12025,12026,12025,4,-4
2020-07-20 15:28:51.648,12025,12026,12026,1,1
2020-07-20 15:28:55.687,12025,12026,12026,1,1
2020-07-20 15:28:55.839,12025,12026,12026,5,5
2020-07-20 15:28:59.155,12025,12026,12026,1,1
2020-07-20 15:29:05.246,12025,12026,12025,10,-10
2020-07-20 15:29:05.288,12025,12026,12025,8,-8
2020-07-20 15:29:05.288,12025,12026,12025,1,-1
2020-07-20 15:29:05.288,12025,12026,12025,4,-4
2020-07-20 15:29:05.396,12024,12025,12025,11,11
2020-07-20 15:29:05.396,12024,12025,12026,19,19
2020-07-20 15:29:08.302,12024,12026,12025,1,-1
2020-07-20 15:29:08.700,12024,12026,12026,2,2
2020-07-20 15:29:09.596,12025,12026,12026,1,1
2020-07-20 15:29:09.892,12025,12027,12025,1,-1
2020-07-20 15:29:14.901,12025,12027,12027,1,1
2020-07-20 15:29:17.231,12026,12027,12027,3,3
2020-07-20 15:29:19.635,12026,12027,12026,8,-8
2020-07-20 15:29:19.653,12026,12027,12026,3,-3
2020-07-20 15:29:19.653,12026,12027,12027,5,5
2020-07-20 15:29:20.043,12025,12026,12026,1,1
2020-07-20 15:29:21.148,12025,12026,12026,1,1
2020-07-20 15:29:21.764,12025,12026,12026,1,1
2020-07-20 15:29:22.874,12026,12027,12026,2,-2
2020-07-20 15:29:23.073,12026,12027,12027,1,1
2020-07-20 15:29:24.894,12026,12027,12026,1,-1
2020-07-20 15:29:27.378,12025,12027,12025,1,-1
2020-07-20 15:29:54.512,12026,12027,12026,1,1
2020-07-20 15:30:01.109,12025,12026,12025,1,-1
2020-07-20 15:30:01.985,12025,12026,12026,1,1
2020-07-20 15:30:02.228,12025,12026,12026,1,1
2020-07-20 15:30:02.228,12025,12026,12026,1,1
2020-07-20 15:30:02.374,12026,12027,12026,2,-2
2020-07-20 15:30:10.896,12025,12026,12026,1,1
2020-07-20 15:30:15.757,12025,12026,12026,1,1
2020-07-20 15:30:20.547,12025,12026,12026,1,1
2020-07-20 15:30:20.655,12025,12027,12025,1,-1
2020-07-20 15:30:22.950,12026,12027,12026,1,1
2020-07-20 15:30:26.186,12025,12026,12026,1,1
2020-07-20 15:30:27.885,12026,12027,12027,1,1
2020-07-20 15:30:27.885,12026,12027,12027,3,3
2020-07-20 15:30:27.885,12026,12027,12027,13,13
2020-07-20 15:30:29.382,12027,12028,12027,1,-1
2020-07-20 15:30:35.665,12027,12028,12027,1,-1
2020-07-20 15:30:37.011,12027,12028,12027,1,-1
2020-07-20 15:30:40.032,12027,12028,12027,10,-10
2020-07-20 15:30:41.360,12027,12028,12028,1,1
2020-07-20 15:30:41.609,12026,12028,12028,6,6
2020-07-20 15:30:47.837,12027,12028,12028,1,1
2020-07-20 15:30:52.341,12027,12028,12028,1,1
2020-07-20 15:30:52.851,12027,12028,12028,1,1
2020-07-20 15:30:53.205,12027,12028,12027,1,-1
2020-07-20 15:30:57.726,12026,12027,12027,2,2
2020-07-20 15:31:10.266,12026,12027,12026,18,-18
2020-07-20 15:31:10.368,12026,12027,12026,2,-2
2020-07-20 15:31:12.230,12025,12026,12026,2,2
2020-07-20 15:31:13.928,12025,12026,12026,1,1
2020-07-20 15:31:15.567,12025,12026,12026,1,1
2020-07-20 15:31:15.567,12025,12026,12026,1,1
2020-07-20 15:31:15.568,12025,12026,12026,2,2
2020-07-20 15:31:15.568,12025,12026,12026,1,1
2020-07-20 15:31:27.667,12026,12027,12026,2,-2
2020-07-20 15:31:31.569,12025,12026,12025,2,-2
2020-07-20 15:31:31.570,12025,12026,12025,1,-1
2020-07-20 15:31:31.570,12025,12026,12025,1,-1
2020-07-20 15:31:31.570,12025,12026,12025,5,-5
2020-07-20 15:31:31.570,12025,12026,12025,3,-3
2020-07-20 15:31:32.078,12024,12026,12026,1,1
2020-07-20 15:31:43.961,12025,12026,12025,1,-1
2020-07-20 15:32:05.051,12024,12025,12024,1,-1
2020-07-20 15:32:05.500,12024,12025,12024,2,-2
2020-07-20 15:32:05.656,12024,12025,12025,1,1
2020-07-20 15:32:10.427,12024,12025,12024,4,-4
2020-07-20 15:32:11.253,12024,12025,12024,3,-3
2020-07-20 15:32:11.423,12023,12024,12023,1,-1
2020-07-20 15:32:17.396,12023,12024,12024,2,2
2020-07-20 15:32:35.033,12023,12024,12023,3,-3
2020-07-20 15:32:40.143,12023,12024,12024,2,2
2020-07-20 15:32:40.181,12023,12024,12024,1,1
2020-07-20 15:32:43.731,12024,12025,12024,1,-1
2020-07-20 15:32:47.577,12024,12025,12025,3,3
2020-07-20 15:32:47.577,12024,12025,12025,2,2
2020-07-20 15:32:58.678,12025,12026,12025,1,-1
2020-07-20 15:33:11.720,12024,12025,12024,1,-1
2020-07-20 15:33:44.036,12024,12025,12024,1,-1
2020-07-20 15:33:55.060,12024,12025,12024,4,-4
2020-07-20 15:34:10.483,12024,12025,12024,1,-1
2020-07-20 15:34:46.140,12024,12025,12024,1,-1
2020-07-20 15:34:51.479,12024,12025,12024,2,-2
2020-07-20 15:34:51.508,12023,12024,12023,1,-1
2020-07-20 15:34:51.515,12023,12024,12023,1,-1
2020-07-20 15:34:51.516,12023,12024,12023,1,-1
2020-07-20 15:34:51.519,12023,12024,12023,1,-1
2020-07-20 15:34:51.519,12023,12024,12023,3,-3
2020-07-20 15:34:51.522,12023,12024,12023,1,-1
2020-07-20 15:34:51.525,12023,12024,12023,1,-1
2020-07-20 15:34:51.526,12023,12024,12023,4,-4
2020-07-20 15:34:51.526,12023,12024,12023,4,-4
2020-07-20 15:34:51.526,12023,12024,12023,1,-1
2020-07-20 15:34:51.526,12023,12024,12023,2,-2
2020-07-20 15:34:51.532,12023,12024,12022,1,-1
2020-07-20 15:34:51.533,12023,12024,12022,2,-2
2020-07-20 15:34:51.557,12023,12024,12022,1,-1
2020-07-20 15:34:59.452,12022,12023,12022,1,-1
2020-07-20 15:35:04.109,12022,12023,12022,9,-9
2020-07-20 15:35:04.110,12022,12023,12022,1,-1
2020-07-20 15:35:09.094,12021,12022,12021,1,-1
2020-07-20 15:35:09.306,12021,12022,12021,1,-1
2020-07-20 15:35:21.888,12022,12023,12023,2,2
2020-07-20 15:35:28.015,12023,12025,12025,1,1
2020-07-20 15:35:31.293,12024,12025,12025,1,1
2020-07-20 15:35:32.611,12024,12025,12025,1,1
2020-07-20 15:35:32.611,12024,12025,12025,1,1
2020-07-20 15:35:34.455,12024,12026,12024,2,-2
2020-07-20 15:35:35.819,12024,12025,12025,1,1
2020-07-20 15:35:42.021,12025,12026,12025,1,-1
2020-07-20 15:35:42.021,12025,12026,12025,1,-1
2020-07-20 15:35:42.021,12025,12026,12025,1,-1
2020-07-20 15:35:46.755,12023,12024,12024,1,1
2020-07-20 15:35:57.385,12023,12024,12024,2,2
2020-07-20 15:35:57.385,12023,12024,12024,1,1
2020-07-20 15:36:06.652,12023,12024,12024,1,1
2020-07-20 15:36:07.739,12024,12025,12024,1,-1
2020-07-20 15:36:17.791,12024,12025,12025,4,4
2020-07-20 15:36:28.074,12023,12025,12025,2,2
2020-07-20 15:36:51.211,12024,12025,12024,1,-1
2020-07-20 15:36:51.211,12024,12025,12024,1,-1
2020-07-20 15:37:19.227,12023,12024,12024,1,1
2020-07-20 15:37:28.317,12024,12025,12025,2,2
2020-07-20 15:37:38.115,12025,12026,12025,1,-1
2020-07-20 15:37:50.372,12025,12026,12026,8,8
2020-07-20 15:37:58.880,12025,12026,12026,1,1
2020-07-20 15:38:09.102,12026,12027,12026,1,-1
2020-07-20 15:38:09.652,12026,12027,12027,1,1
2020-07-20 15:38:21.452,12026,12027,12027,1,1
2020-07-20 15:38:21.762,12026,12027,12027,1,1
2020-07-20 15:38:29.997,12027,12028,12028,9,9
2020-07-20 15:38:29.997,12027,12028,12028,5,5
2020-07-20 15:38:38.647,12028,12029,12028,1,-1
2020-07-20 15:38:39.434,12027,12028,12028,2,2
2020-07-20 15:38:39.434,12027,12028,12029,1,1
2020-07-20 15:38:39.461,12027,12028,12029,5,5
2020-07-20 15:38:39.478,12027,12028,12029,5,5
2020-07-20 15:38:39.571,12028,12029,12029,1,1
2020-07-20 15:38:39.605,12028,12029,12028,1,-1
2020-07-20 15:38:40.769,12027,12028,12028,1,1
2020-07-20 15:38:43.777,12027,12028,12028,1,1
2020-07-20 15:38:44.240,12027,12029,12027,1,-1
2020-07-20 15:39:08.177,12028,12029,12028,2,2
2020-07-20 15:39:11.316,12028,12029,12028,1,-1
2020-07-20 15:39:26.787,12028,12029,12029,2,2
2020-07-20 15:39:48.179,12028,12029,12029,1,1
2020-07-20 15:39:54.516,12028,12029,12029,1,1
2020-07-20 15:39:55.816,12028,12029,12029,2,2
2020-07-20 15:39:55.816,12028,12029,12029,5,5
2020-07-20 15:39:55.816,12028,12029,12029,5,5
2020-07-20 15:39:56.081,12029,12030,12029,4,-4
2020-07-20 15:39:58.522,12029,12030,12029,1,-1
2020-07-20 15:40:01.997,12028,12029,12029,1,1
2020-07-20 15:40:02.132,12029,12030,12030,1,1
2020-07-20 15:40:02.263,12029,12030,12029,4,-4
2020-07-20 15:40:02.307,12029,12030,12029,1,-1
2020-07-20 15:40:02.483,12028,12029,12029,1,1
2020-07-20 15:40:02.500,12028,12029,12029,1,1
2020-07-20 15:40:02.526,12028,12029,12030,1,1
2020-07-20 15:40:03.890,12029,12030,12029,2,-2
2020-07-20 15:40:03.894,12029,12030,12029,1,-1
2020-07-20 15:40:03.895,12029,12030,12029,2,-2
2020-07-20 15:40:04.468,12028,12029,12028,2,-2
2020-07-20 15:40:04.547,12028,12029,12029,1,1
2020-07-20 15:40:06.111,12028,12029,12029,1,1
2020-07-20 15:40:07.644,12028,12029,12029,5,5
2020-07-20 15:40:10.185,12029,12030,12029,2,-2
2020-07-20 15:40:10.185,12029,12030,12029,3,-3
2020-07-20 15:40:10.185,12029,12030,12029,5,-5
2020-07-20 15:40:10.186,12029,12030,12029,1,-1
2020-07-20 15:40:11.808,12028,12029,12029,1,1
2020-07-20 15:40:12.828,12028,12029,12029,1,1
2020-07-20 15:40:17.253,12028,12029,12029,1,1
2020-07-20 15:40:30.216,12028,12029,12028,3,-3
2020-07-20 15:40:35.037,12028,12029,12028,6,-6
2020-07-20 15:40:35.038,12028,12029,12028,2,-2
2020-07-20 15:40:40.335,12028,12029,12029,1,1
2020-07-20 15:40:41.610,12028,12029,12029,2,2
2020-07-20 15:40:44.347,12028,12029,12029,2,2
2020-07-20 15:40:44.348,12028,12029,12029,1,1
2020-07-20 15:40:44.348,12028,12029,12029,6,6
2020-07-20 15:40:44.613,12029,12030,12029,5,-5
2020-07-20 15:40:50.841,12028,12029,12029,1,1
2020-07-20 15:40:54.426,12028,12030,12030,25,25
2020-07-20 15:40:58.876,12029,12030,12030,1,1
2020-07-20 15:41:02.010,12029,12030,12030,3,3
2020-07-20 15:41:02.011,12029,12030,12030,2,2
2020-07-20 15:41:02.827,12029,12030,12030,1,1
2020-07-20 15:41:03.645,12029,12030,12030,1,1
2020-07-20 15:41:14.291,12029,12030,12030,1,1
2020-07-20 15:41:18.631,12030,12031,12030,1,-1
2020-07-20 15:41:23.525,12030,12031,12031,1,1
2020-07-20 15:41:23.716,12030,12031,12031,2,2
2020-07-20 15:41:24.317,12030,12031,12031,3,3
2020-07-20 15:41:28.202,12031,12032,12032,1,1
2020-07-20 15:41:28.274,12031,12032,12032,1,1
2020-07-20 15:41:29.916,12031,12032,12032,1,1
2020-07-20 15:41:30.642,12031,12032,12032,1,1
2020-07-20 15:41:31.562,12031,12032,12032,1,1
2020-07-20 15:41:31.799,12031,12032,12032,1,1
2020-07-20 15:41:33.582,12031,12032,12032,1,1
2020-07-20 15:41:34.040,12031,12032,12032,1,1
2020-07-20 15:41:34.988,12031,12032,12032,2,2
2020-07-20 15:41:36.335,12031,12032,12032,2,2
2020-07-20 15:41:39.143,12031,12032,12032,1,1
2020-07-20 15:41:39.417,12031,12032,12032,2,2
2020-07-20 15:41:39.417,12031,12032,12032,1,1
2020-07-20 15:41:44.031,12032,12033,12033,1,1
2020-07-20 15:41:44.147,12032,12033,12033,1,1
2020-07-20 15:41:44.356,12032,12033,12032,4,-4
2020-07-20 15:41:46.415,12032,12033,12033,2,2
2020-07-20 15:41:47.829,12032,12033,12033,2,2
2020-07-20 15:41:47.830,12032,12033,12033,3,3
2020-07-20 15:41:47.830,12032,12033,12033,8,8
2020-07-20 15:41:48.041,12033,12034,12033,1,-1
2020-07-20 15:41:49.115,12033,12034,12034,2,2
2020-07-20 15:41:49.150,12033,12034,12034,4,4
2020-07-20 15:41:49.150,12033,12034,12034,1,1
2020-07-20 15:41:49.150,12033,12034,12034,5,5
2020-07-20 15:41:49.161,12033,12034,12035,1,1
2020-07-20 15:41:49.170,12033,12034,12035,2,2
2020-07-20 15:41:49.227,12033,12034,12035,1,1
2020-07-20 15:41:49.272,12034,12035,12034,1,-1
2020-07-20 15:41:49.333,12034,12035,12035,1,1
2020-07-20 15:41:50.749,12034,12035,12035,2,2
2020-07-20 15:41:51.210,12034,12035,12035,5,5
2020-07-20 15:41:51.679,12034,12035,12035,1,1
2020-07-20 15:41:52.726,12034,12035,12034,1,-1
2020-07-20 15:41:54.394,12034,12035,12035,1,1
2020-07-20 15:41:54.795,12034,12035,12035,1,1
2020-07-20 15:41:54.795,12034,12035,12035,2,2
2020-07-20 15:41:54.795,12034,12035,12035,4,4
2020-07-20 15:41:54.795,12034,12035,12035,10,10
2020-07-20 15:41:54.795,12034,12035,12035,5,5
2020-07-20 15:41:54.795,12034,12035,12035,1,1
2020-07-20 15:41:54.796,12034,12035,12035,5,5
2020-07-20 15:41:54.796,12034,12035,12035,3,3
2020-07-20 15:41:56.633,12035,12036,12036,1,1
2020-07-20 15:41:56.808,12035,12036,12036,1,1
2020-07-20 15:41:56.993,12035,12036,12035,4,-4
2020-07-20 15:41:57.307,12035,12036,12035,1,-1
2020-07-20 15:41:57.818,12035,12036,12036,1,1
2020-07-20 15:41:58.989,12035,12036,12036,5,5
2020-07-20 15:41:59.244,12035,12036,12036,1,1
2020-07-20 15:42:00.093,12036,12037,12036,1,-1
2020-07-20 15:42:00.230,12036,12037,12037,1,1
2020-07-20 15:42:00.393,12036,12037,12037,1,1
2020-07-20 15:42:00.456,12036,12037,12036,2,-2
2020-07-20 15:42:00.457,12036,12037,12036,3,-3
2020-07-20 15:42:00.457,12036,12037,12036,1,-1
2020-07-20 15:42:00.687,12035,12036,12036,1,1
2020-07-20 15:42:00.715,12035,12036,12035,3,-3
2020-07-20 15:42:00.751,12035,12036,12036,1,1
2020-07-20 15:42:00.760,12035,12036,12036,1,1
2020-07-20 15:42:02.193,12035,12036,12036,4,4
2020-07-20 15:42:02.559,12035,12036,12036,1,1
2020-07-20 15:42:05.915,12034,12035,12035,1,1
2020-07-20 15:42:06.065,12034,12035,12034,3,-3
2020-07-20 15:42:09.656,12034,12035,12035,1,1
2020-07-20 15:42:17.382,12034,12035,12035,2,2
2020-07-20 15:42:19.327,12034,12035,12035,1,1
2020-07-20 15:42:20.653,12034,12035,12035,5,5
2020-07-20 15:42:22.946,12034,12035,12035,1,1
2020-07-20 15:42:24.558,12034,12035,12035,1,1
2020-07-20 15:42:27.034,12034,12035,12035,5,5
2020-07-20 15:42:27.034,12034,12035,12036,15,15
2020-07-20 15:42:28.108,12035,12036,12036,1,1
2020-07-20 15:42:28.576,12035,12036,12035,1,-1
2020-07-20 15:42:29.782,12035,12036,12035,1,-1
2020-07-20 15:42:32.256,12035,12036,12035,2,-2
2020-07-20 15:42:33.241,12035,12036,12035,1,-1
2020-07-20 15:42:35.561,12035,12036,12035,2,-2
2020-07-20 15:42:37.054,12035,12036,12035,1,-1
2020-07-20 15:42:43.508,12035,12036,12035,3,-3
2020-07-20 15:42:43.743,12035,12036,12036,1,1
2020-07-20 15:42:45.491,12035,12036,12035,3,-3
2020-07-20 15:42:47.855,12035,12036,12036,2,2
2020-07-20 15:42:47.862,12035,12036,12036,3,3
2020-07-20 15:42:47.984,12036,12037,12037,1,1
2020-07-20 15:42:48.960,12036,12037,12037,1,1
2020-07-20 15:42:50.033,12036,12037,12037,1,1
2020-07-20 15:42:52.900,12036,12037,12037,5,5
2020-07-20 15:42:53.391,12037,12038,12037,1,-1
2020-07-20 15:42:54.242,12037,12038,12037,2,-2
2020-07-20 15:42:54.247,12037,12038,12038,1,1
2020-07-20 15:42:54.442,12037,12038,12038,1,1
2020-07-20 15:42:55.097,12037,12038,12038,1,1
2020-07-20 15:42:56.264,12037,12038,12037,1,-1
2020-07-20 15:42:57.257,12037,12038,12037,1,-1
2020-07-20 15:42:58.216,12037,12038,12037,3,-3
2020-07-20 15:42:59.580,12036,12037,12037,1,1
2020-07-20 15:43:04.718,12036,12038,12037,1,-1
2020-07-20 15:43:10.032,12036,12037,12037,1,1
2020-07-20 15:43:10.997,12036,12037,12036,1,-1
2020-07-20 15:43:13.551,12036,12037,12036,7,-7
2020-07-20 15:43:13.810,12035,12036,12035,10,-10
2020-07-20 15:43:14.529,12035,12036,12035,1,-1
2020-07-20 15:43:16.893,12035,12036,12036,1,1
2020-07-20 15:43:23.173,12035,12036,12036,6,6
2020-07-20 15:43:23.175,12035,12036,12036,2,2
2020-07-20 15:43:26.178,12035,12036,12036,1,1
2020-07-20 15:43:28.724,12035,12036,12036,3,3
2020-07-20 15:43:29.738,12035,12036,12036,6,6
2020-07-20 15:43:30.898,12036,12037,12036,3,-3
2020-07-20 15:43:41.340,12035,12036,12035,11,-11
2020-07-20 15:43:41.981,12034,12035,12035,1,1
2020-07-20 15:43:49.622,12034,12035,12034,3,-3
2020-07-20 15:43:49.747,12034,12035,12034,2,-2
2020-07-20 15:43:51.901,12033,12034,12033,1,-1
2020-07-20 15:43:52.771,12033,12034,12033,1,-1
2020-07-20 15:43:54.261,12033,12034,12033,1,-1
2020-07-20 15:43:54.283,12033,12034,12033,2,-2
2020-07-20 15:44:10.080,12033,12034,12033,1,-1
2020-07-20 15:44:11.111,12033,12034,12033,1,-1
2020-07-20 15:44:19.839,12033,12034,12033,1,-1
2020-07-20 15:44:19.968,12033,12034,12033,1,-1
2020-07-20 15:44:24.638,12033,12034,12033,1,-1
2020-07-20 15:44:30.892,12033,12034,12033,2,-2
2020-07-20 15:44:30.992,12033,12034,12034,1,1
2020-07-20 15:44:35.597,12033,12034,12034,1,1
2020-07-20 15:44:40.925,12033,12034,12034,5,5
2020-07-20 15:44:40.925,12033,12034,12034,1,1
2020-07-20 15:44:41.161,12034,12035,12034,2,-2
2020-07-20 15:44:47.521,12034,12035,12034,1,-1
2020-07-20 15:44:57.222,12033,12034,12034,1,1
2020-07-20 15:45:00.822,12034,12035,12035,1,1
2020-07-20 15:45:01.502,12034,12035,12035,1,1
2020-07-20 15:45:01.606,12034,12035,12035,1,1
2020-07-20 15:45:02.411,12034,12035,12035,1,1
2020-07-20 15:45:02.503,12034,12035,12034,1,-1
2020-07-20 15:45:08.205,12034,12035,12034,3,-3
2020-07-20 15:45:10.993,12033,12034,12034,1,1
2020-07-20 15:45:13.734,12033,12034,12034,1,1
2020-07-20 15:45:22.974,12033,12034,12034,1,1
2020-07-20 15:45:28.470,12033,12034,12034,1,1
2020-07-20 15:45:36.275,12034,12035,12034,2,-2
2020-07-20 15:45:36.276,12034,12035,12034,1,-1
2020-07-20 15:45:41.862,12034,12035,12034,1,-1
2020-07-20 15:45:49.629,12034,12035,12034,1,-1
2020-07-20 15:45:50.341,12034,12035,12034,2,-2
2020-07-20 15:45:50.341,12034,12035,12034,2,-2
2020-07-20 15:45:50.341,12034,12035,12034,3,-3
2020-07-20 15:45:50.342,12034,12035,12034,2,-2
2020-07-20 15:45:55.278,12033,12034,12033,7,-7
2020-07-20 15:45:56.037,12033,12034,12034,1,1
2020-07-20 15:45:57.178,12033,12034,12034,4,4
2020-07-20 15:45:57.356,12034,12035,12035,5,5
2020-07-20 15:46:01.770,12034,12035,12034,1,-1
2020-07-20 15:46:23.604,12033,12034,12034,1,1
2020-07-20 15:46:37.326,12033,12034,12034,1,1
2020-07-20 15:46:40.137,12033,12034,12034,1,1
2020-07-20 15:46:41.675,12033,12034,12034,1,1
2020-07-20 15:46:49.612,12033,12034,12034,1,1
2020-07-20 15:46:58.590,12033,12034,12034,1,1
2020-07-20 15:46:58.847,12033,12034,12034,1,1
2020-07-20 15:47:17.988,12033,12034,12034,1,1
2020-07-20 15:47:19.722,12033,12034,12034,1,1
2020-07-20 15:47:29.802,12033,12034,12034,1,1
2020-07-20 15:47:33.423,12033,12034,12034,1,1
2020-07-20 15:47:37.809,12034,12035,12035,7,7
2020-07-20 15:47:45.483,12034,12035,12034,1,-1
2020-07-20 15:47:47.059,12034,12035,12034,4,-4
2020-07-20 15:47:59.538,12033,12034,12034,1,1
2020-07-20 15:48:10.831,12033,12034,12034,1,1
2020-07-20 15:48:11.311,12033,12034,12034,1,1
2020-07-20 15:48:20.122,12033,12034,12034,1,1
2020-07-20 15:48:40.093,12033,12034,12034,1,1
2020-07-20 15:49:00.678,12033,12034,12034,1,1
2020-07-20 15:49:02.151,12033,12034,12033,3,-3
2020-07-20 15:49:02.152,12033,12034,12033,11,-11
2020-07-20 15:49:04.050,12032,12034,12034,2,2
2020-07-20 15:49:23.423,12032,12033,12032,2,-2
2020-07-20 15:49:23.795,12032,12033,12033,4,4
2020-07-20 15:49:27.648,12032,12033,12032,1,-1
2020-07-20 15:49:40.593,12031,12032,12032,2,2
2020-07-20 15:49:48.559,12031,12032,12032,1,1
2020-07-20 15:49:48.560,12031,12032,12032,2,2
2020-07-20 15:49:48.560,12031,12032,12032,2,2
2020-07-20 15:49:58.414,12032,12033,12033,2,2
2020-07-20 15:49:58.824,12032,12034,12032,1,-1
2020-07-20 15:50:05.703,12032,12033,12033,1,1
2020-07-20 15:50:05.887,12032,12033,12033,1,1
2020-07-20 15:50:07.695,12032,12033,12033,1,1
2020-07-20 15:50:09.528,12032,12033,12032,1,-1
2020-07-20 15:50:17.826,12032,12033,12032,1,-1
2020-07-20 15:50:19.655,12032,12033,12032,1,-1
2020-07-20 15:50:19.893,12032,12033,12033,1,1
2020-07-20 15:50:20.679,12032,12033,12033,1,1
2020-07-20 15:50:34.111,12033,12034,12033,1,-1
2020-07-20 15:50:40.909,12033,12034,12033,1,-1
2020-07-20 15:51:07.376,12033,12034,12033,1,-1
2020-07-20 15:51:08.026,12033,12034,12034,1,1
2020-07-20 15:51:14.998,12033,12034,12034,1,1
2020-07-20 15:51:14.998,12033,12034,12034,6,6
2020-07-20 15:51:17.030,12034,12035,12035,1,1
2020-07-20 15:51:17.198,12034,12035,12035,1,1
2020-07-20 15:51:20.071,12035,12036,12035,1,-1
2020-07-20 15:51:21.157,12035,12036,12036,1,1
2020-07-20 15:51:21.652,12035,12036,12036,2,2
2020-07-20 15:51:21.653,12035,12036,12036,2,2
2020-07-20 15:51:22.990,12036,12037,12037,1,1
2020-07-20 15:51:26.381,12036,12037,12037,2,2
2020-07-20 15:51:37.020,12037,12038,12037,2,-2
2020-07-20 15:51:37.020,12037,12038,12037,3,-3
2020-07-20 15:51:37.061,12037,12038,12037,1,-1
2020-07-20 15:51:37.946,12036,12037,12037,2,2
2020-07-20 15:51:39.612,12036,12037,12037,1,1
2020-07-20 15:51:48.293,12036,12037,12037,2,2
2020-07-20 15:52:11.471,12036,12037,12036,1,-1
2020-07-20 15:52:13.685,12036,12037,12037,1,1
2020-07-20 15:52:17.508,12036,12037,12036,1,-1
2020-07-20 15:52:22.078,12036,12037,12037,1,1
2020-07-20 15:52:23.040,12036,12037,12036,1,-1
2020-07-20 15:52:23.068,12036,12037,12037,1,1
2020-07-20 15:52:26.051,12036,12037,12036,1,-1
2020-07-20 15:52:30.139,12036,12037,12036,1,-1
2020-07-20 15:52:52.505,12036,12037,12037,1,1
2020-07-20 15:52:52.506,12036,12037,12037,5,5
2020-07-20 15:52:53.525,12037,12038,12037,1,-1
2020-07-20 15:52:56.247,12037,12038,12038,4,4
2020-07-20 15:52:56.554,12037,12038,12038,2,2
2020-07-20 15:52:57.726,12037,12039,12037,3,-3
2020-07-20 15:53:01.800,12037,12038,12037,1,-1
2020-07-20 15:53:07.727,12037,12038,12038,2,2
2020-07-20 15:53:23.377,12037,12038,12038,1,1
2020-07-20 15:53:23.721,12037,12038,12038,1,1
2020-07-20 15:53:23.747,12037,12038,12038,1,1
2020-07-20 15:53:27.434,12037,12038,12038,1,1
2020-07-20 15:53:29.518,12037,12038,12038,1,1
2020-07-20 15:53:31.451,12037,12038,12038,1,1
2020-07-20 15:53:32.923,12037,12038,12037,2,-2
2020-07-20 15:53:35.781,12037,12038,12037,1,-1
2020-07-20 15:53:39.529,12037,12038,12037,1,-1
2020-07-20 15:53:52.191,12037,12038,12037,3,-3
2020-07-20 15:53:58.153,12037,12038,12037,2,-2
2020-07-20 15:53:59.248,12037,12038,12037,1,-1
2020-07-20 15:54:02.412,12037,12038,12038,2,2
2020-07-20 15:54:03.135,12037,12038,12038,1,1
2020-07-20 15:54:06.750,12037,12038,12037,1,-1
2020-07-20 15:54:12.457,12037,12038,12037,2,-2
2020-07-20 15:54:19.868,12037,12038,12038,1,1
2020-07-20 15:54:20.472,12037,12038,12038,5,5
2020-07-20 15:54:20.473,12037,12038,12038,9,9
2020-07-20 15:54:27.380,12038,12039,12039,7,7
2020-07-20 15:54:28.363,12038,12039,12039,1,1
2020-07-20 15:54:28.714,12038,12039,12039,1,1
2020-07-20 15:54:30.528,12038,12039,12039,1,1
2020-07-20 15:54:31.038,12038,12040,12040,1,1
2020-07-20 15:54:31.149,12038,12040,12040,1,1
2020-07-20 15:54:33.887,12039,12040,12040,2,2
2020-07-20 15:54:34.200,12039,12040,12039,1,-1
2020-07-20 15:54:36.110,12039,12040,12040,2,2
2020-07-20 15:54:36.313,12039,12040,12040,3,3
2020-07-20 15:54:39.132,12039,12040,12040,5,5
2020-07-20 15:54:40.933,12039,12040,12040,3,3
2020-07-20 15:54:40.933,12039,12040,12040,3,3
2020-07-20 15:54:40.933,12039,12040,12040,27,27
2020-07-20 15:54:40.934,12039,12040,12040,4,4
2020-07-20 15:54:40.934,12039,12040,12040,5,5
2020-07-20 15:54:40.934,12039,12040,12040,3,3
2020-07-20 15:54:40.995,12039,12040,12041,3,3
2020-07-20 15:54:41.192,12040,12041,12041,1,1
2020-07-20 15:54:41.242,12040,12041,12041,2,2
2020-07-20 15:54:41.263,12040,12041,12041,1,1
2020-07-20 15:54:41.284,12040,12041,12041,1,1
2020-07-20 15:54:44.252,12040,12041,12041,2,2
2020-07-20 15:54:45.086,12040,12041,12041,1,1
2020-07-20 15:54:45.306,12040,12041,12041,1,1
2020-07-20 15:54:45.335,12040,12041,12041,1,1
2020-07-20 15:54:45.621,12040,12041,12041,4,4
2020-07-20 15:54:49.839,12040,12041,12040,1,-1
2020-07-20 15:54:49.839,12040,12041,12040,2,-2
2020-07-20 15:54:49.839,12040,12041,12040,1,-1
2020-07-20 15:54:51.545,12039,12040,12040,5,5
2020-07-20 15:54:52.392,12039,12040,12040,1,1
2020-07-20 15:54:52.475,12039,12040,12040,2,2
2020-07-20 15:54:53.803,12039,12040,12040,1,1
2020-07-20 15:54:57.365,12039,12040,12040,1,1
2020-07-20 15:54:58.077,12039,12040,12040,1,1
2020-07-20 15:55:01.598,12039,12040,12040,1,1
2020-07-20 15:55:03.723,12039,12040,12039,13,-13
2020-07-20 15:55:03.744,12039,12040,12039,2,-2
2020-07-20 15:55:03.800,12038,12039,12038,2,-2
2020-07-20 15:55:04.086,12038,12039,12038,1,-1
2020-07-20 15:55:07.586,12038,12039,12038,1,-1
2020-07-20 15:55:09.589,12038,12039,12038,2,-2
2020-07-20 15:55:10.099,12037,12039,12038,1,-1
2020-07-20 15:55:14.853,12037,12038,12038,1,1
2020-07-20 15:55:14.853,12037,12038,12038,1,1
2020-07-20 15:55:14.853,12037,12038,12038,2,2
2020-07-20 15:55:16.295,12038,12039,12038,1,-1
2020-07-20 15:55:17.534,12038,12039,12038,1,-1
2020-07-20 15:55:20.022,12038,12039,12038,1,-1
2020-07-20 15:55:25.622,12038,12039,12038,1,-1
2020-07-20 15:55:32.975,12038,12040,12038,17,-17
2020-07-20 15:55:32.976,12038,12040,12038,2,-2
2020-07-20 15:55:32.976,12038,12040,12038,1,-1
2020-07-20 15:55:32.997,12038,12039,12038,1,-1
2020-07-20 15:55:33.009,12038,12039,12038,2,-2
2020-07-20 15:55:38.456,12037,12038,12038,2,2
2020-07-20 15:55:39.236,12038,12039,12038,2,-2
2020-07-20 15:55:45.047,12038,12039,12039,1,1
2020-07-20 15:55:47.172,12038,12039,12038,4,-4
2020-07-20 15:56:01.400,12038,12039,12038,1,-1
2020-07-20 15:56:01.889,12038,12039,12039,5,5
2020-07-20 15:56:04.414,12039,12040,12040,1,1
2020-07-20 15:56:04.516,12039,12040,12040,1,1
2020-07-20 15:56:08.265,12039,12040,12040,22,22
2020-07-20 15:56:08.460,12040,12041,12040,1,-1
2020-07-20 15:56:10.698,12040,12041,12040,1,-1
2020-07-20 15:56:10.845,12040,12041,12040,1,-1
2020-07-20 15:56:23.670,12039,12040,12040,2,2
2020-07-20 15:56:24.025,12040,12041,12040,1,-1
2020-07-20 15:56:25.025,12040,12041,12040,1,-1
2020-07-20 15:56:25.025,12040,12041,12040,1,-1
2020-07-20 15:56:40.097,12039,12040,12040,1,1
2020-07-20 15:56:42.990,12039,12040,12040,1,1
2020-07-20 15:56:43.594,12039,12040,12039,1,-1
2020-07-20 15:56:56.522,12039,12040,12040,1,1
2020-07-20 15:56:56.742,12039,12040,12040,1,1
2020-07-20 15:56:56.962,12039,12040,12040,1,1
2020-07-20 15:56:58.058,12040,12041,12040,1,-1
2020-07-20 15:57:01.836,12040,12041,12040,2,-2
2020-07-20 15:57:02.099,12040,12041,12041,2,2
2020-07-20 15:57:02.239,12040,12041,12040,1,-1
2020-07-20 15:57:02.294,12040,12041,12041,1,1
2020-07-20 15:57:05.293,12040,12041,12041,2,2
2020-07-20 15:57:06.951,12040,12041,12041,2,2
2020-07-20 15:57:17.938,12040,12041,12040,10,-10
2020-07-20 15:57:20.287,12040,12041,12040,1,-1
2020-07-20 15:57:23.525,12039,12040,12040,3,3
2020-07-20 15:57:34.218,12039,12040,12039,11,-11
2020-07-20 15:57:34.987,12038,12039,12039,1,1
2020-07-20 15:57:36.578,12038,12040,12038,3,-3
2020-07-20 15:57:38.129,12038,12040,12038,2,-2
2020-07-20 15:57:43.721,12038,12039,12038,1,-1
2020-07-20 15:57:48.096,12038,12039,12039,1,1
2020-07-20 15:57:48.096,12038,12039,12039,2,2
2020-07-20 15:57:48.096,12038,12039,12039,2,2
2020-07-20 15:57:49.325,12039,12040,12040,1,1
2020-07-20 15:57:58.452,12039,12040,12040,1,1
2020-07-20 15:58:30.855,12039,12040,12039,2,-2
2020-07-20 15:58:30.977,12039,12040,12039,2,-2
2020-07-20 15:58:30.977,12039,12040,12039,3,-3
2020-07-20 15:58:42.039,12038,12039,12038,2,-2
2020-07-20 15:58:42.040,12038,12039,12038,4,-4
2020-07-20 15:58:53.733,12037,12038,12038,5,5
2020-07-20 15:58:56.073,12038,12039,12038,2,-2
2020-07-20 15:58:57.718,12038,12039,12038,1,-1
2020-07-20 15:59:02.944,12038,12039,12038,2,-2
2020-07-20 15:59:03.221,12037,12039,12039,1,1
2020-07-20 15:59:03.561,12037,12039,12039,1,1
2020-07-20 15:59:15.716,12038,12039,12038,1,-1
2020-07-20 15:59:20.483,12038,12039,12038,1,-1
2020-07-20 15:59:20.483,12038,12039,12038,3,-3
2020-07-20 15:59:23.062,12037,12038,12037,2,-2
2020-07-20 15:59:23.093,12037,12038,12037,1,-1
2020-07-20 15:59:28.565,12037,12038,12037,1,-1
2020-07-20 15:59:32.093,12037,12038,12038,2,2
2020-07-20 15:59:32.258,12037,12038,12038,2,2
2020-07-20 15:59:32.258,12037,12038,12038,1,1
2020-07-20 15:59:32.783,12038,12039,12038,1,-1
2020-07-20 15:59:35.257,12038,12039,12038,1,-1
2020-07-20 15:59:35.257,12038,12039,12037,1,-1
2020-07-20 15:59:49.434,12037,12038,12038,1,1
2020-07-20 15:59:57.686,12037,12038,12038,4,4
2020-07-20 16:00:02.380,12038,12039,12039,1,1
2020-07-20 16:00:02.763,12038,12039,12039,2,2
2020-07-20 16:00:02.822,12038,12039,12039,1,1
2020-07-20 16:00:02.886,12038,12039,12039,5,5
2020-07-20 16:00:02.886,12038,12039,12040,5,5
2020-07-20 16:00:03.237,12039,12040,12040,2,2
2020-07-20 16:00:03.483,12039,12040,12040,1,1
2020-07-20 16:00:03.713,12039,12040,12040,1,1
2020-07-20 16:00:07.982,12038,12040,12038,5,-5
2020-07-20 16:00:09.210,12039,12040,12040,1,1
2020-07-20 16:00:10.740,12039,12040,12039,1,-1
2020-07-20 16:00:16.894,12039,12040,12039,2,-2
2020-07-20 16:00:22.944,12039,12040,12040,1,1
2020-07-20 16:00:36.250,12039,12040,12040,2,2
2020-07-20 16:00:36.251,12039,12040,12040,4,4
2020-07-20 16:00:36.251,12039,12040,12040,1,1
2020-07-20 16:00:36.496,12040,12041,12041,11,11
2020-07-20 16:00:36.497,12040,12041,12041,13,13
2020-07-20 16:00:36.855,12041,12042,12041,1,-1
2020-07-20 16:00:36.928,12041,12042,12042,1,1
2020-07-20 16:00:36.972,12041,12042,12042,2,2
2020-07-20 16:00:36.994,12041,12042,12042,1,1
2020-07-20 16:00:37.015,12041,12042,12041,10,-10
2020-07-20 16:00:37.186,12041,12042,12042,1,1
2020-07-20 16:00:37.197,12041,12042,12042,1,1
2020-07-20 16:00:37.200,12041,12042,12042,1,1
2020-07-20 16:00:37.273,12041,12042,12042,1,1
2020-07-20 16:00:37.280,12041,12042,12042,1,1
2020-07-20 16:00:38.005,12041,12042,12042,2,2
2020-07-20 16:00:38.005,12041,12042,12042,1,1
2020-07-20 16:00:38.005,12041,12042,12042,3,3
2020-07-20 16:00:45.215,12042,12043,12042,1,-1
2020-07-20 16:00:49.520,12041,12042,12042,4,4
2020-07-20 16:00:49.723,12041,12042,12042,1,1
2020-07-20 16:00:49.925,12041,12042,12042,1,1
2020-07-20 16:00:50.578,12041,12042,12042,10,10
2020-07-20 16:00:52.389,12041,12042,12042,1,1
2020-07-20 16:00:57.750,12041,12042,12042,1,1
2020-07-20 16:00:59.717,12041,12042,12042,1,1
2020-07-20 16:01:02.321,12041,12042,12042,4,4
2020-07-20 16:01:03.010,12041,12042,12042,1,1
2020-07-20 16:01:04.982,12041,12042,12042,1,1
2020-07-20 16:01:06.546,12041,12042,12042,1,1
2020-07-20 16:01:06.637,12041,12042,12042,1,1
2020-07-20 16:01:08.189,12041,12042,12042,3,3
2020-07-20 16:01:10.747,12041,12042,12042,2,2
2020-07-20 16:01:13.640,12041,12042,12041,1,-1
2020-07-20 16:01:16.766,12041,12042,12041,1,-1
2020-07-20 16:01:18.283,12041,12042,12041,3,-3
2020-07-20 16:01:18.966,12040,12041,12041,1,1
2020-07-20 16:01:28.239,12040,12041,12041,1,1
2020-07-20 16:01:30.793,12040,12041,12040,2,-2
2020-07-20 16:01:40.390,12039,12040,12039,1,-1
2020-07-20 16:01:41.119,12039,12040,12039,1,-1
2020-07-20 16:02:01.243,12039,12040,12039,1,-1
2020-07-20 16:02:01.909,12038,12040,12040,5,5
2020-07-20 16:02:09.943,12038,12039,12039,1,1
2020-07-20 16:02:19.016,12038,12039,12038,1,-1
2020-07-20 16:02:20.013,12038,12039,12038,1,-1
2020-07-20 16:02:22.592,12038,12039,12038,2,-2
2020-07-20 16:02:22.592,12038,12039,12038,6,-6
2020-07-20 16:02:26.954,12037,12039,12037,2,-2
2020-07-20 16:02:29.779,12038,12039,12038,1,1
2020-07-20 16:02:32.129,12038,12039,12038,1,-1
2020-07-20 16:02:32.253,12038,12039,12038,1,-1
2020-07-20 16:02:32.370,12038,12039,12037,5,-5
2020-07-20 16:02:43.823,12037,12038,12037,1,-1
2020-07-20 16:02:48.829,12037,12038,12038,1,1
2020-07-20 16:03:10.062,12037,12038,12038,1,1
2020-07-20 16:03:10.682,12037,12038,12038,1,1
2020-07-20 16:03:19.321,12037,12038,12038,1,1
2020-07-20 16:03:20.221,12037,12038,12038,1,1
2020-07-20 16:03:33.312,12038,12039,12039,1,1
2020-07-20 16:03:33.312,12038,12039,12039,4,4
2020-07-20 16:03:44.810,12039,12040,12039,1,-1
2020-07-20 16:03:45.796,12039,12040,12039,1,-1
2020-07-20 16:03:48.678,12039,12040,12039,1,-1
2020-07-20 16:03:58.248,12039,12040,12039,1,-1
2020-07-20 16:03:59.715,12038,12039,12038,6,-6
2020-07-20 16:04:00.186,12038,12039,12038,4,-4
2020-07-20 16:04:01.109,12037,12039,12039,1,1
2020-07-20 16:04:51.610,12038,12039,12038,1,-1
2020-07-20 16:04:51.610,12038,12039,12038,3,-3
2020-07-20 16:05:11.798,12037,12038,12037,10,-10
2020-07-20 16:05:12.169,12037,12038,12038,4,4
2020-07-20 16:05:12.196,12037,12038,12038,4,4
2020-07-20 16:05:13.114,12037,12039,12039,1,1
2020-07-20 16:05:47.178,12037,12038,12038,4,4
2020-07-20 16:06:03.134,12037,12038,12037,4,-4
2020-07-20 16:06:06.024,12036,12037,12037,1,1
2020-07-20 16:06:31.833,12036,12037,12036,3,-3
2020-07-20 16:06:38.779,12036,12037,12036,1,-1
2020-07-20 16:06:41.363,12036,12037,12036,2,-2
2020-07-20 16:06:49.853,12036,12037,12036,2,-2
2020-07-20 16:06:49.853,12036,12037,12036,2,-2
2020-07-20 16:06:49.853,12036,12037,12036,6,-6
2020-07-20 16:06:51.367,12035,12036,12035,1,-1
2020-07-20 16:06:58.927,12035,12036,12035,1,-1
2020-07-20 16:07:00.004,12035,12036,12036,1,1
2020-07-20 16:07:35.034,12035,12036,12035,2,-2
2020-07-20 16:07:37.125,12035,12036,12035,1,-1
2020-07-20 16:07:41.925,12035,12036,12035,1,-1
2020-07-20 16:07:57.139,12035,12036,12035,1,-1
2020-07-20 16:08:16.901,12035,12036,12035,1,-1
2020-07-20 16:08:17.947,12035,12036,12035,1,-1
2020-07-20 16:08:26.713,12035,12036,12035,2,-2
2020-07-20 16:08:36.835,12035,12036,12035,1,-1
2020-07-20 16:08:46.665,12035,12036,12035,1,-1
2020-07-20 16:09:03.728,12035,12036,12035,2,-2
2020-07-20 16:09:13.191,12035,12036,12036,2,2
2020-07-20 16:09:13.191,12035,12036,12036,4,4
2020-07-20 16:09:13.191,12035,12036,12036,1,1
2020-07-20 16:09:13.191,12035,12036,12036,1,1
2020-07-20 16:09:13.191,12035,12036,12036,15,15
2020-07-20 16:09:21.797,12036,12037,12036,1,-1
2020-07-20 16:09:37.361,12036,12037,12036,3,-3
2020-07-20 16:09:49.049,12035,12036,12036,1,1
2020-07-20 16:09:51.215,12035,12036,12035,1,-1
2020-07-20 16:09:57.124,12035,12036,12035,18,-18
2020-07-20 16:09:57.124,12035,12036,12035,1,-1
2020-07-20 16:09:59.488,12034,12035,12034,1,-1
2020-07-20 16:10:01.181,12034,12035,12034,36,-36
2020-07-20 16:10:01.181,12034,12035,12033,4,-4
2020-07-20 16:10:04.987,12034,12035,12035,3,3
2020-07-20 16:10:04.987,12034,12035,12036,1,1
2020-07-20 16:10:05.005,12034,12036,12036,4,4
2020-07-20 16:10:05.253,12034,12036,12036,2,2
2020-07-20 16:10:05.253,12034,12036,12034,1,-1
2020-07-20 16:10:15.071,12034,12036,12036,1,1
2020-07-20 16:10:16.131,12034,12036,12034,5,-5
2020-07-20 16:10:33.024,12034,12036,12036,15,15
2020-07-20 16:10:33.024,12034,12036,12037,15,15
2020-07-20 16:10:33.026,12034,12036,12036,1,1
2020-07-20 16:10:37.138,12035,12037,12035,4,-4
2020-07-20 16:11:04.253,12036,12037,12037,1,1
2020-07-20 16:11:31.099,12035,12036,12036,1,1
2020-07-20 16:11:45.245,12035,12036,12035,1,-1
2020-07-20 16:11:50.002,12035,12036,12036,2,2
2020-07-20 16:12:00.679,12036,12037,12036,1,-1
2020-07-20 16:12:07.392,12035,12036,12035,17,-17
2020-07-20 16:12:16.153,12034,12035,12034,1,-1
2020-07-20 16:12:25.476,12033,12034,12034,1,1
2020-07-20 16:12:30.878,12033,12034,12034,2,2
2020-07-20 16:13:12.921,12033,12034,12033,1,-1
2020-07-20 16:13:13.178,12033,12034,12033,2,-2
2020-07-20 16:13:13.292,12033,12034,12033,1,-1
2020-07-20 16:13:13.552,12033,12034,12033,2,-2
2020-07-20 16:13:13.552,12033,12034,12033,1,-1
2020-07-20 16:13:13.552,12033,12034,12033,5,-5
2020-07-20 16:13:13.552,12033,12034,12033,2,-2
2020-07-20 16:13:17.324,12032,12033,12032,1,-1
2020-07-20 16:13:17.331,12032,12033,12032,1,-1
2020-07-20 16:13:17.331,12032,12033,12032,1,-1
2020-07-20 16:13:17.332,12032,12033,12032,1,-1
2020-07-20 16:13:17.333,12032,12033,12032,2,-2
2020-07-20 16:13:24.725,12031,12032,12031,2,-2
2020-07-20 16:13:31.323,12031,12032,12031,1,-1
2020-07-20 16:13:36.743,12031,12032,12031,1,-1
2020-07-20 16:13:45.774,12031,12032,12031,1,-1
2020-07-20 16:13:46.982,12031,12032,12031,3,-3
2020-07-20 16:13:51.193,12031,12032,12031,1,-1
2020-07-20 16:13:51.767,12031,12032,12032,2,2
2020-07-20 16:13:52.163,12031,12032,12031,1,-1
2020-07-20 16:13:56.692,12031,12032,12032,1,1
2020-07-20 16:13:58.537,12031,12032,12032,1,1
2020-07-20 16:14:06.564,12031,12032,12032,1,1
2020-07-20 16:14:07.972,12031,12032,12032,2,2
2020-07-20 16:14:08.106,12032,12033,12032,7,-7
2020-07-20 16:14:08.106,12032,12033,12031,1,-1
2020-07-20 16:14:23.045,12032,12034,12034,3,3
2020-07-20 16:14:30.626,12031,12033,12031,1,-1
2020-07-20 16:14:42.259,12032,12033,12032,1,1
2020-07-20 16:14:49.227,12032,12033,12033,1,1
2020-07-20 16:14:53.090,12032,12033,12033,5,5
2020-07-20 16:14:53.542,12032,12034,12032,1,-1
2020-07-20 16:14:53.731,12032,12034,12034,1,1
2020-07-20 16:14:53.751,12032,12034,12034,1,1
2020-07-20 16:14:56.980,12033,12034,12034,1,1
2020-07-20 16:15:03.426,12033,12034,12033,3,-3
2020-07-20 16:15:11.154,12032,12033,12033,20,20
2020-07-20 16:15:16.923,12032,12033,12032,16,-16
2020-07-20 16:15:16.924,12032,12033,12032,4,-4
2020-07-20 16:15:53.577,12031,12032,12032,4,4
2020-07-20 16:15:58.110,12031,12032,12032,1,1
2020-07-20 16:16:15.899,12031,12032,12032,1,1
2020-07-20 16:16:16.135,12031,12032,12031,1,-1
2020-07-20 16:16:26.922,12031,12032,12031,2,-2
2020-07-20 16:16:31.089,12031,12032,12032,1,1
2020-07-20 16:16:40.076,12031,12032,12032,1,1
2020-07-20 16:16:40.149,12031,12032,12032,4,4
2020-07-20 16:16:40.149,12031,12032,12032,1,1
2020-07-20 16:17:13.120,12032,12033,12033,1,1
2020-07-20 16:17:17.850,12033,12034,12033,1,-1
2020-07-20 16:17:20.875,12033,12034,12034,2,2
2020-07-20 16:17:24.102,12034,12035,12035,3,3
2020-07-20 16:17:24.103,12034,12035,12035,2,2
2020-07-20 16:17:24.103,12034,12035,12035,8,8
2020-07-20 16:17:24.290,12035,12036,12036,1,1
2020-07-20 16:17:24.291,12035,12036,12036,1,1
2020-07-20 16:17:25.006,12036,12037,12036,1,-1
2020-07-20 16:17:25.167,12036,12037,12036,1,-1
2020-07-20 16:17:25.167,12036,12037,12036,1,-1
2020-07-20 16:17:30.205,12036,12037,12037,1,1
2020-07-20 16:17:30.505,12036,12037,12036,1,-1
2020-07-20 16:17:44.811,12037,12038,12037,1,1
2020-07-20 16:17:44.812,12037,12038,12037,2,-2
2020-07-20 16:17:45.505,12036,12037,12036,4,-4
2020-07-20 16:17:47.949,12035,12036,12036,1,1
2020-07-20 16:17:54.962,12035,12036,12036,2,2
2020-07-20 16:17:54.962,12035,12036,12036,1,1
2020-07-20 16:17:59.530,12035,12036,12036,1,1
2020-07-20 16:18:07.176,12036,12037,12036,1,-1
2020-07-20 16:18:10.807,12036,12037,12036,2,-2
2020-07-20 16:18:16.669,12035,12036,12036,1,1
2020-07-20 16:18:44.384,12035,12036,12036,2,2
2020-07-20 16:18:49.814,12036,12037,12036,1,-1
2020-07-20 16:18:58.797,12035,12036,12036,1,1
2020-07-20 16:18:58.797,12035,12036,12037,1,1
2020-07-20 16:19:33.908,12035,12036,12035,1,-1
2020-07-20 16:19:34.589,12035,12036,12036,1,1
2020-07-20 16:20:01.439,12036,12037,12037,1,1
2020-07-20 16:20:01.763,12036,12037,12037,1,1
2020-07-20 16:20:01.850,12036,12037,12036,1,-1
2020-07-20 16:20:30.412,12035,12036,12036,2,2
2020-07-20 16:20:50.601,12036,12037,12037,1,1
2020-07-20 16:20:59.286,12036,12037,12036,1,-1
2020-07-20 16:21:34.506,12036,12037,12036,7,-7
2020-07-20 16:21:40.007,12035,12036,12035,10,-10
2020-07-20 16:21:40.007,12035,12036,12035,2,-2
2020-07-20 16:21:40.008,12035,12036,12035,2,-2
2020-07-20 16:21:46.430,12034,12035,12034,1,-1
2020-07-20 16:21:51.678,12034,12035,12034,1,-1
2020-07-20 16:21:54.960,12034,12035,12034,1,-1
2020-07-20 16:22:44.474,12033,12034,12033,1,-1
2020-07-20 16:22:44.474,12033,12034,12033,2,-2
2020-07-20 16:22:44.474,12033,12034,12033,2,-2
2020-07-20 16:22:45.575,12032,12033,12032,2,-2
2020-07-20 16:22:45.575,12032,12033,12032,1,-1
2020-07-20 16:22:48.263,12031,12033,12033,1,1
2020-07-20 16:22:53.869,12031,12032,12031,1,-1
2020-07-20 16:22:57.415,12031,12032,12032,2,2
2020-07-20 16:23:43.692,12032,12033,12033,1,1
2020-07-20 16:24:05.438,12032,12033,12032,1,-1
2020-07-20 16:24:14.938,12032,12033,12033,1,1
2020-07-20 16:24:36.704,12032,12033,12033,11,11
2020-07-20 16:24:37.829,12033,12034,12034,1,1
2020-07-20 16:24:47.542,12033,12034,12034,4,4
2020-07-20 16:25:20.855,12034,12035,12034,1,-1
2020-07-20 16:25:30.316,12034,12035,12035,1,1
2020-07-20 16:25:35.005,12034,12035,12035,1,1
2020-07-20 16:25:47.218,12034,12035,12034,4,-4
2020-07-20 16:25:48.963,12033,12034,12034,1,1
2020-07-20 16:26:03.622,12033,12035,12033,13,-13
2020-07-20 16:26:19.616,12034,12035,12034,1,1
2020-07-20 16:26:27.178,12034,12035,12035,9,9
2020-07-20 16:26:27.178,12034,12035,12035,8,8
2020-07-20 16:26:39.812,12035,12036,12035,4,-4
2020-07-20 16:26:53.946,12033,12035,12035,1,1
2020-07-20 16:26:54.620,12033,12034,12034,1,1
2020-07-20 16:27:15.786,12033,12034,12034,1,1
2020-07-20 16:27:22.406,12033,12034,12034,1,1
2020-07-20 16:27:42.174,12034,12035,12034,1,-1
2020-07-20 16:27:52.248,12034,12035,12035,1,1
2020-07-20 16:27:59.861,12035,12036,12035,3,-3
2020-07-20 16:28:06.085,12033,12035,12033,1,-1
2020-07-20 16:28:49.244,12033,12034,12034,2,2
2020-07-20 16:29:04.849,12034,12035,12034,2,-2
2020-07-20 16:29:08.901,12033,12035,12035,1,1
2020-07-20 16:29:39.948,12033,12034,12033,11,-11
2020-07-20 16:30:22.417,12032,12033,12032,1,-1
2020-07-20 16:30:22.417,12032,12033,12032,6,-6
2020-07-20 16:30:22.417,12032,12033,12032,1,-1
2020-07-20 16:30:22.417,12032,12033,12032,1,-1
2020-07-20 16:30:28.380,12031,12032,12032,1,1
2020-07-20 16:30:39.799,12031,12032,12032,1,1
2020-07-20 16:30:39.878,12031,12033,12033,1,1
2020-07-20 16:30:39.881,12031,12033,12033,1,1
2020-07-20 16:30:39.888,12031,12033,12033,1,1
2020-07-20 16:30:39.890,12031,12033,12033,1,1
2020-07-20 16:30:39.897,12031,12033,12033,2,2
2020-07-20 16:30:39.901,12031,12033,12033,1,1
2020-07-20 16:30:39.903,12031,12033,12033,1,1
2020-07-20 16:30:48.491,12031,12032,12032,1,1
2020-07-20 16:30:49.332,12031,12032,12031,2,-2
2020-07-20 16:30:55.179,12031,12032,12032,1,1
2020-07-20 16:30:55.179,12031,12032,12032,4,4
2020-07-20 16:30:55.179,12031,12032,12032,12,12
2020-07-20 16:30:55.179,12031,12032,12032,27,27
2020-07-20 16:30:55.180,12031,12032,12033,1,1
2020-07-20 16:30:55.180,12031,12032,12033,1,1
2020-07-20 16:30:58.688,12032,12033,12032,1,-1
2020-07-20 16:31:05.993,12032,12033,12032,1,-1
2020-07-20 16:31:10.773,12032,12033,12032,3,-3
2020-07-20 16:31:38.881,12032,12033,12032,1,-1
2020-07-20 16:31:43.122,12032,12033,12032,1,-1
2020-07-20 16:31:43.444,12032,12033,12033,1,1
2020-07-20 16:32:29.314,12032,12033,12032,1,-1
2020-07-20 16:32:29.527,12032,12033,12033,3,3
2020-07-20 16:32:31.874,12032,12033,12032,1,-1
2020-07-20 16:32:33.325,12032,12033,12032,2,-2
2020-07-20 16:33:01.282,12032,12033,12033,3,3
2020-07-20 16:33:07.190,12033,12034,12033,1,-1
2020-07-20 16:33:30.016,12033,12034,12033,3,-3
2020-07-20 16:33:30.016,12033,12034,12033,10,-10
2020-07-20 16:34:02.754,12033,12034,12033,10,-10
2020-07-20 16:34:03.825,12033,12034,12033,2,-2
2020-07-20 16:34:04.018,12032,12033,12033,8,8
2020-07-20 16:34:15.732,12033,12034,12033,1,-1
2020-07-20 16:34:23.987,12033,12034,12033,1,-1
2020-07-20 16:34:39.670,12033,12034,12034,2,2
2020-07-20 16:34:41.394,12033,12034,12034,1,1
2020-07-20 16:34:44.657,12033,12034,12034,1,1
2020-07-20 16:34:48.230,12034,12035,12035,1,1
2020-07-20 16:34:48.230,12034,12035,12035,1,1
2020-07-20 16:34:48.231,12034,12035,12035,2,2
2020-07-20 16:34:51.229,12035,12036,12035,1,-1
2020-07-20 16:35:03.744,12035,12036,12036,14,14
2020-07-20 16:35:03.745,12035,12036,12036,10,10
2020-07-20 16:35:04.534,12036,12037,12037,1,1
2020-07-20 16:35:04.775,12036,12037,12037,3,3
2020-07-20 16:35:04.822,12036,12037,12037,1,1
2020-07-20 16:35:05.091,12037,12038,12038,6,6
2020-07-20 16:35:05.091,12037,12038,12038,2,2
2020-07-20 16:35:05.427,12038,12039,12039,2,2
2020-07-20 16:35:10.065,12038,12039,12039,4,4
2020-07-20 16:35:10.764,12038,12039,12039,1,1
2020-07-20 16:35:12.870,12038,12039,12039,1,1
2020-07-20 16:35:15.530,12038,12039,12038,3,-3
2020-07-20 16:35:16.874,12037,12038,12037,1,-1
2020-07-20 16:35:31.888,12037,12038,12037,1,-1
2020-07-20 16:35:32.288,12037,12038,12038,1,1
2020-07-20 16:35:38.786,12037,12038,12038,4,4
2020-07-20 16:35:52.322,12037,12038,12038,1,1
2020-07-20 16:35:57.119,12037,12038,12038,6,6
2020-07-20 16:36:12.339,12037,12038,12038,3,3
2020-07-20 16:36:12.408,12037,12038,12038,10,10
2020-07-20 16:36:24.420,12037,12038,12038,6,6
2020-07-20 16:36:35.107,12037,12038,12038,1,1
2020-07-20 16:36:39.671,12037,12038,12038,1,1
2020-07-20 16:36:39.947,12037,12038,12038,1,1
2020-07-20 16:36:44.794,12037,12038,12038,2,2
2020-07-20 16:36:45.841,12037,12038,12038,1,1
2020-07-20 16:36:45.850,12037,12038,12038,1,1
2020-07-20 16:36:45.850,12037,12038,12038,1,1
2020-07-20 16:36:56.808,12038,12039,12038,1,-1
2020-07-20 16:37:22.151,12037,12038,12038,1,1
2020-07-20 16:37:23.118,12037,12038,12038,1,1
2020-07-20 16:37:39.684,12037,12038,12038,2,2
2020-07-20 16:37:44.357,12038,12039,12038,5,-5
2020-07-20 16:37:56.179,12038,12039,12038,1,-1
2020-07-20 16:38:22.890,12037,12038,12038,7,7
2020-07-20 16:38:26.821,12038,12039,12039,3,3
2020-07-20 16:38:26.821,12038,12039,12039,9,9
2020-07-20 16:38:26.821,12038,12039,12039,11,11
2020-07-20 16:38:28.479,12039,12040,12040,1,1
2020-07-20 16:38:28.519,12039,12040,12040,1,1
2020-07-20 16:38:29.839,12039,12040,12040,1,1
2020-07-20 16:38:31.729,12039,12040,12039,2,-2
2020-07-20 16:38:36.969,12039,12040,12040,4,4
2020-07-20 16:38:37.164,12039,12040,12040,15,15
2020-07-20 16:38:37.813,12040,12041,12041,1,1
2020-07-20 16:38:38.247,12040,12041,12041,5,5
2020-07-20 16:38:43.477,12040,12041,12041,1,1
2020-07-20 16:38:45.864,12040,12041,12041,1,1
2020-07-20 16:38:50.014,12040,12041,12041,3,3
2020-07-20 16:38:58.160,12040,12041,12040,1,-1
2020-07-20 16:39:06.898,12040,12041,12041,3,3
2020-07-20 16:39:10.235,12040,12041,12040,1,-1
2020-07-20 16:39:13.295,12040,12041,12041,1,1
2020-07-20 16:39:39.922,12040,12041,12041,2,2
2020-07-20 16:39:40.467,12040,12041,12040,6,-6
2020-07-20 16:39:44.505,12040,12041,12040,2,-2
2020-07-20 16:39:49.743,12039,12040,12040,1,1
2020-07-20 16:39:51.800,12039,12040,12040,4,4
2020-07-20 16:39:51.896,12040,12041,12041,17,17
2020-07-20 16:39:52.170,12041,12042,12041,1,-1
2020-07-20 16:40:01.730,12041,12042,12042,10,10
2020-07-20 16:40:01.767,12041,12042,12042,1,1
2020-07-20 16:40:01.767,12041,12042,12043,1,1
2020-07-20 16:40:01.952,12041,12043,12043,2,2
2020-07-20 16:40:01.960,12041,12043,12043,1,1
2020-07-20 16:40:01.971,12041,12043,12043,1,1
2020-07-20 16:40:01.983,12041,12043,12043,1,1
2020-07-20 16:40:02.026,12041,12043,12043,2,2
2020-07-20 16:40:02.078,12041,12043,12042,1,-1
2020-07-20 16:40:02.097,12041,12043,12042,1,-1
2020-07-20 16:40:02.112,12041,12043,12043,2,2
2020-07-20 16:40:02.541,12041,12043,12043,2,2
2020-07-20 16:40:02.542,12041,12043,12043,1,1
2020-07-20 16:40:02.542,12041,12043,12044,1,1
2020-07-20 16:40:02.630,12042,12043,12044,1,1
2020-07-20 16:40:02.632,12042,12043,12044,1,1
2020-07-20 16:40:02.632,12042,12043,12044,1,1
2020-07-20 16:40:02.642,12042,12043,12044,1,1
2020-07-20 16:40:02.647,12042,12043,12044,1,1
2020-07-20 16:40:02.648,12042,12043,12044,2,2
2020-07-20 16:40:02.655,12042,12043,12044,1,1
2020-07-20 16:40:02.765,12042,12044,12044,1,1
2020-07-20 16:40:02.785,12042,12044,12044,1,1
2020-07-20 16:40:02.786,12042,12044,12044,2,2
2020-07-20 16:40:02.894,12043,12044,12044,17,17
2020-07-20 16:40:02.894,12043,12044,12045,9,9
2020-07-20 16:40:02.932,12043,12044,12045,1,1
2020-07-20 16:40:03.028,12044,12045,12044,9,-9
2020-07-20 16:40:03.028,12044,12045,12043,1,-1
2020-07-20 16:40:03.035,12044,12045,12045,1,1
2020-07-20 16:40:03.111,12044,12045,12043,1,-1
2020-07-20 16:40:03.114,12044,12045,12045,1,1
2020-07-20 16:40:03.134,12043,12045,12045,1,1
2020-07-20 16:40:05.656,12044,12045,12044,3,-3
2020-07-20 16:40:10.882,12043,12044,12044,5,5
2020-07-20 16:40:16.957,12044,12045,12044,2,-2
2020-07-20 16:40:27.065,12044,12045,12044,1,-1
2020-07-20 16:40:30.455,12044,12045,12044,1,-1
2020-07-20 16:40:32.727,12044,12045,12044,1,-1
2020-07-20 16:40:36.551,12044,12045,12044,7,-7
2020-07-20 16:40:37.073,12044,12045,12045,1,1
2020-07-20 16:40:37.075,12044,12045,12045,10,10
2020-07-20 16:40:37.076,12044,12045,12045,1,1
2020-07-20 16:40:37.076,12044,12045,12045,1,1
2020-07-20 16:40:41.260,12044,12045,12045,1,1
2020-07-20 16:40:42.394,12044,12046,12046,1,1
2020-07-20 16:40:42.513,12044,12046,12046,1,1
2020-07-20 16:40:44.034,12044,12046,12046,4,4
2020-07-20 16:40:44.378,12045,12046,12046,27,27
2020-07-20 16:40:45.620,12046,12047,12046,1,-1
2020-07-20 16:40:45.819,12046,12047,12047,2,2
2020-07-20 16:40:45.821,12046,12047,12046,1,-1
2020-07-20 16:40:45.937,12046,12047,12047,2,2
2020-07-20 16:40:45.938,12046,12047,12047,5,5
2020-07-20 16:40:45.943,12046,12047,12047,2,2
2020-07-20 16:40:45.952,12046,12047,12047,5,5
2020-07-20 16:40:45.952,12046,12047,12047,5,5
2020-07-20 16:40:46.057,12046,12047,12047,2,2
2020-07-20 16:40:46.061,12046,12047,12047,1,1
2020-07-20 16:40:46.063,12046,12047,12047,5,5
2020-07-20 16:40:46.064,12046,12047,12047,4,4
2020-07-20 16:40:46.065,12046,12047,12048,1,1
2020-07-20 16:40:46.112,12046,12047,12048,1,1
2020-07-20 16:40:46.123,12046,12048,12048,2,2
2020-07-20 16:40:46.124,12046,12048,12048,5,5
2020-07-20 16:40:46.156,12046,12048,12048,1,1
2020-07-20 16:40:46.164,12046,12048,12048,1,1
2020-07-20 16:40:46.203,12046,12048,12048,5,5
2020-07-20 16:40:46.206,12046,12048,12048,1,1
2020-07-20 16:40:46.216,12046,12048,12048,1,1
2020-07-20 16:40:46.259,12047,12048,12048,1,1
2020-07-20 16:40:46.545,12046,12048,12048,1,1
2020-07-20 16:40:46.545,12046,12048,12048,1,1
2020-07-20 16:40:46.547,12046,12048,12048,1,1
2020-07-20 16:40:46.572,12046,12048,12048,2,2
2020-07-20 16:40:46.908,12046,12048,12048,1,1
2020-07-20 16:40:46.954,12046,12048,12048,1,1
2020-07-20 16:40:46.969,12046,12048,12048,3,3
2020-07-20 16:40:46.990,12046,12048,12048,1,1
2020-07-20 16:40:47.052,12047,12048,12048,5,5
2020-07-20 16:40:47.496,12047,12048,12047,1,-1
2020-07-20 16:40:48.670,12047,12048,12047,1,-1
2020-07-20 16:40:48.692,12047,12048,12048,1,1
2020-07-20 16:40:49.230,12047,12048,12048,1,1
2020-07-20 16:40:49.496,12047,12048,12048,1,1
2020-07-20 16:40:49.532,12047,12048,12048,1,1
2020-07-20 16:40:49.737,12047,12048,12048,1,1
2020-07-20 16:40:49.837,12047,12048,12048,1,1
2020-07-20 16:40:50.042,12047,12048,12048,1,1
2020-07-20 16:40:50.253,12047,12048,12048,1,1
2020-07-20 16:40:50.499,12047,12048,12048,1,1
2020-07-20 16:40:51.031,12047,12048,12048,1,1
2020-07-20 16:40:51.145,12047,12048,12048,1,1
2020-07-20 16:40:51.445,12047,12048,12047,1,-1
2020-07-20 16:40:52.519,12047,12048,12047,1,-1
2020-07-20 16:40:52.765,12047,12048,12048,1,1
2020-07-20 16:40:53.646,12047,12048,12048,24,24
2020-07-20 16:40:53.648,12047,12048,12048,6,6
2020-07-20 16:40:57.215,12048,12049,12049,3,3
2020-07-20 16:40:59.050,12048,12049,12049,1,1
2020-07-20 16:40:59.178,12048,12049,12048,1,-1
2020-07-20 16:41:01.071,12048,12049,12049,1,1
2020-07-20 16:41:01.579,12048,12049,12049,2,2
2020-07-20 16:41:01.618,12048,12049,12049,5,5
2020-07-20 16:41:01.618,12048,12049,12050,3,3
2020-07-20 16:41:02.208,12048,12050,12050,1,1
2020-07-20 16:41:02.579,12049,12050,12049,1,-1
2020-07-20 16:41:02.878,12049,12050,12050,1,1
2020-07-20 16:41:04.600,12049,12050,12049,1,-1
2020-07-20 16:41:07.053,12049,12050,12049,1,-1
2020-07-20 16:41:08.113,12049,12050,12050,1,1
2020-07-20 16:41:08.346,12049,12050,12049,1,-1
2020-07-20 16:41:09.119,12049,12050,12049,1,-1
2020-07-20 16:41:10.694,12049,12050,12049,1,-1
2020-07-20 16:41:11.152,12049,12050,12049,1,-1
2020-07-20 16:41:11.261,12049,12050,12049,1,-1
2020-07-20 16:41:12.170,12048,12049,12049,1,1
2020-07-20 16:41:12.361,12048,12049,12049,1,1
2020-07-20 16:41:14.394,12048,12049,12049,3,3
2020-07-20 16:41:14.765,12048,12049,12048,3,-3
2020-07-20 16:41:15.285,12048,12049,12049,1,1
2020-07-20 16:41:15.285,12048,12049,12050,1,1
2020-07-20 16:41:16.853,12049,12050,12050,16,16
2020-07-20 16:41:16.855,12049,12050,12050,9,9
2020-07-20 16:41:16.855,12049,12050,12050,3,3
2020-07-20 16:41:16.855,12049,12050,12050,5,5
2020-07-20 16:41:16.856,12049,12050,12050,13,13
2020-07-20 16:41:16.856,12049,12050,12050,4,4
2020-07-20 16:41:19.669,12049,12050,12049,1,-1
2020-07-20 16:41:19.672,12049,12050,12048,1,-1
2020-07-20 16:41:19.757,12048,12050,12050,1,1
2020-07-20 16:41:21.316,12049,12050,12050,1,1
2020-07-20 16:41:21.495,12049,12050,12050,1,1
2020-07-20 16:41:22.761,12049,12050,12050,1,1
2020-07-20 16:41:23.052,12049,12050,12049,1,-1
2020-07-20 16:41:24.421,12048,12049,12048,1,-1
2020-07-20 16:41:26.183,12048,12049,12048,4,-4
2020-07-20 16:41:30.548,12047,12048,12047,2,-2
2020-07-20 16:41:31.914,12047,12048,12047,1,-1
2020-07-20 16:41:31.950,12047,12048,12048,5,5
2020-07-20 16:41:32.648,12047,12048,12048,1,1
2020-07-20 16:41:32.658,12047,12048,12048,1,1
2020-07-20 16:41:49.347,12046,12047,12047,1,1
2020-07-20 16:41:50.170,12046,12047,12046,2,-2
2020-07-20 16:41:50.170,12046,12047,12046,1,-1
2020-07-20 16:41:57.444,12045,12046,12045,2,-2
2020-07-20 16:41:57.724,12045,12046,12045,2,-2
2020-07-20 16:41:57.724,12045,12046,12044,18,-18
2020-07-20 16:41:57.724,12045,12046,12043,20,-20
2020-07-20 16:41:58.322,12043,12044,12043,1,-1
2020-07-20 16:41:58.993,12043,12044,12044,1,1
2020-07-20 16:41:59.874,12043,12044,12044,2,2
2020-07-20 16:41:59.875,12043,12044,12044,2,2
2020-07-20 16:42:00.491,12043,12045,12045,1,1
2020-07-20 16:42:06.504,12044,12045,12045,1,1
2020-07-20 16:42:07.730,12044,12045,12044,1,-1
2020-07-20 16:42:07.730,12044,12045,12043,2,-2
2020-07-20 16:42:10.001,12043,12044,12043,10,-10
2020-07-20 16:42:18.677,12043,12044,12043,1,-1
2020-07-20 16:42:21.034,12043,12044,12044,2,2
2020-07-20 16:42:23.497,12044,12045,12044,6,-6
2020-07-20 16:42:23.497,12044,12045,12043,4,-4
2020-07-20 16:42:27.914,12043,12044,12044,1,1
2020-07-20 16:42:41.456,12043,12044,12043,1,-1
2020-07-20 16:42:42.038,12043,12044,12044,2,2
2020-07-20 16:42:42.807,12043,12044,12043,2,-2
2020-07-20 16:42:44.495,12043,12044,12043,1,-1
2020-07-20 16:42:45.914,12043,12044,12043,1,-1
2020-07-20 16:42:48.348,12043,12044,12043,1,-1
2020-07-20 16:42:51.583,12043,12044,12043,3,-3
2020-07-20 16:43:01.206,12043,12044,12043,2,-2
2020-07-20 16:43:01.219,12043,12044,12044,6,6
2020-07-20 16:43:13.145,12044,12045,12045,6,6
2020-07-20 16:43:20.968,12044,12046,12046,1,1
2020-07-20 16:43:25.695,12045,12046,12046,10,10
2020-07-20 16:43:26.912,12046,12047,12047,3,3
2020-07-20 16:43:27.681,12046,12047,12047,3,3
2020-07-20 16:43:27.760,12046,12047,12046,1,-1
2020-07-20 16:43:29.528,12046,12047,12047,1,1
2020-07-20 16:43:29.637,12046,12047,12047,6,6
2020-07-20 16:43:33.247,12047,12048,12047,1,-1
2020-07-20 16:43:46.357,12046,12047,12046,1,-1
2020-07-20 16:43:48.862,12046,12047,12047,1,1
2020-07-20 16:43:50.369,12046,12047,12046,1,-1
2020-07-20 16:43:53.169,12046,12047,12047,1,1
2020-07-20 16:43:57.191,12046,12047,12047,1,1
2020-07-20 16:44:04.683,12047,12048,12048,3,3
2020-07-20 16:44:05.912,12047,12048,12048,1,1
2020-07-20 16:44:10.111,12047,12048,12048,1,1
2020-07-20 16:44:17.013,12048,12049,12049,3,3
2020-07-20 16:44:23.991,12049,12050,12050,5,5
2020-07-20 16:44:23.991,12049,12050,12050,4,4
2020-07-20 16:44:23.991,12049,12050,12050,3,3
2020-07-20 16:44:26.118,12050,12051,12050,1,-1
2020-07-20 16:44:28.044,12050,12051,12051,9,9
2020-07-20 16:44:28.374,12051,12052,12051,1,-1
2020-07-20 16:44:28.688,12051,12052,12052,2,2
2020-07-20 16:44:28.693,12051,12052,12051,1,-1
2020-07-20 16:44:28.777,12051,12052,12052,1,1
2020-07-20 16:44:28.789,12051,12052,12052,4,4
2020-07-20 16:44:28.875,12051,12052,12052,1,1
2020-07-20 16:44:28.877,12051,12052,12052,1,1
2020-07-20 16:44:28.881,12051,12052,12052,1,1
2020-07-20 16:44:30.034,12050,12051,12051,1,1
2020-07-20 16:44:30.518,12051,12052,12052,4,4
2020-07-20 16:44:30.624,12051,12052,12051,1,-1
2020-07-20 16:44:33.176,12051,12052,12052,1,1
2020-07-20 16:44:33.238,12051,12052,12052,2,2
2020-07-20 16:44:35.016,12051,12052,12051,6,-6
2020-07-20 16:44:35.815,12050,12051,12051,1,1
2020-07-20 16:44:36.811,12050,12051,12051,3,3
2020-07-20 16:44:37.280,12050,12052,12050,1,-1
2020-07-20 16:44:38.360,12051,12052,12052,1,1
2020-07-20 16:44:41.004,12051,12052,12051,1,-1
2020-07-20 16:44:43.784,12051,12052,12051,1,-1
2020-07-20 16:44:43.918,12051,12052,12052,1,1
2020-07-20 16:44:49.090,12051,12052,12051,14,-14
2020-07-20 16:44:49.260,12050,12052,12052,1,1
2020-07-20 16:44:52.582,12050,12052,12052,1,1
2020-07-20 16:44:53.359,12051,12052,12052,1,1
2020-07-20 16:44:55.160,12051,12052,12052,1,1
2020-07-20 16:44:58.345,12051,12052,12051,2,-2
2020-07-20 16:45:01.382,12051,12052,12052,1,1
2020-07-20 16:45:01.410,12051,12052,12052,1,1
2020-07-20 16:45:01.897,12051,12052,12052,2,2
2020-07-20 16:45:01.902,12051,12052,12052,1,1
2020-07-20 16:45:01.971,12051,12052,12052,4,4
2020-07-20 16:45:01.980,12051,12052,12052,1,1
2020-07-20 16:45:02.059,12051,12052,12052,1,1
2020-07-20 16:45:06.505,12051,12052,12051,2,-2
2020-07-20 16:45:06.505,12051,12052,12050,8,-8
2020-07-20 16:45:07.272,12050,12052,12052,1,1
2020-07-20 16:45:08.348,12051,12052,12052,1,1
2020-07-20 16:45:11.005,12051,12052,12052,1,1
2020-07-20 16:45:11.455,12051,12052,12052,5,5
2020-07-20 16:45:13.674,12051,12052,12052,2,2
2020-07-20 16:45:13.674,12051,12052,12052,2,2
2020-07-20 16:45:13.674,12051,12052,12052,2,2
2020-07-20 16:45:15.454,12052,12053,12052,1,-1
2020-07-20 16:45:19.857,12052,12053,12052,2,-2
2020-07-20 16:45:21.995,12052,12053,12053,1,1
2020-07-20 16:45:22.110,12052,12053,12053,2,2
2020-07-20 16:45:22.382,12052,12053,12052,1,-1
2020-07-20 16:45:25.122,12052,12053,12052,1,-1
2020-07-20 16:45:26.041,12052,12053,12052,1,-1
2020-07-20 16:45:26.748,12052,12053,12052,1,-1
2020-07-20 16:45:27.085,12052,12053,12052,5,-5
2020-07-20 16:45:27.591,12051,12052,12052,1,1
2020-07-20 16:45:27.912,12051,12052,12052,10,10
2020-07-20 16:45:30.313,12051,12052,12051,2,-2
2020-07-20 16:45:31.629,12050,12051,12050,3,-3
2020-07-20 16:45:32.635,12050,12051,12051,2,2
2020-07-20 16:45:36.219,12050,12051,12050,1,-1
2020-07-20 16:45:51.512,12050,12051,12050,1,-1
2020-07-20 16:45:53.720,12050,12051,12050,1,-1
2020-07-20 16:45:57.830,12050,12051,12050,1,-1
2020-07-20 16:46:00.725,12050,12051,12051,1,1
2020-07-20 16:46:02.148,12050,12051,12051,1,1
2020-07-20 16:46:02.223,12050,12051,12050,1,-1
2020-07-20 16:46:03.541,12050,12051,12050,1,-1
2020-07-20 16:46:04.633,12050,12051,12051,2,2
2020-07-20 16:46:23.843,12050,12051,12050,9,-9
2020-07-20 16:46:24.537,12049,12050,12050,1,1
2020-07-20 16:46:28.825,12049,12050,12050,5,5
2020-07-20 16:46:28.956,12050,12051,12050,1,-1
2020-07-20 16:46:34.785,12049,12050,12050,1,1
2020-07-20 16:46:39.873,12050,12051,12050,2,-2
2020-07-20 16:46:40.430,12050,12051,12050,1,-1
2020-07-20 16:46:40.729,12050,12051,12050,1,-1
2020-07-20 16:46:44.483,12049,12051,12050,1,-1
2020-07-20 16:46:48.897,12049,12050,12049,1,-1
2020-07-20 16:46:54.890,12049,12050,12049,1,-1
2020-07-20 16:47:00.320,12049,12050,12049,1,-1
2020-07-20 16:47:00.584,12049,12050,12050,2,2
2020-07-20 16:47:02.213,12049,12050,12050,2,2
2020-07-20 16:47:02.415,12050,12051,12050,1,-1
2020-07-20 16:47:04.932,12050,12051,12051,16,16
2020-07-20 16:47:04.932,12050,12051,12051,10,10
2020-07-20 16:47:19.026,12050,12051,12051,1,1
2020-07-20 16:47:21.911,12050,12051,12051,5,5
2020-07-20 16:47:22.671,12050,12051,12051,2,2
2020-07-20 16:47:22.857,12050,12051,12051,3,3
2020-07-20 16:47:25.981,12050,12051,12051,1,1
2020-07-20 16:47:26.766,12050,12051,12051,1,1
2020-07-20 16:47:27.283,12050,12051,12051,1,1
2020-07-20 16:47:27.796,12050,12052,12052,1,1
2020-07-20 16:47:33.410,12050,12051,12051,1,1
2020-07-20 16:47:35.200,12051,12052,12051,7,-7
2020-07-20 16:47:36.182,12050,12051,12051,1,1
2020-07-20 16:47:41.825,12050,12051,12051,1,1
2020-07-20 16:47:50.326,12050,12051,12050,2,-2
2020-07-20 16:47:54.241,12050,12051,12051,1,1
2020-07-20 16:47:55.249,12050,12051,12050,1,-1
2020-07-20 16:48:06.396,12050,12051,12051,5,5
2020-07-20 16:48:06.883,12050,12051,12051,1,1
2020-07-20 16:48:06.928,12050,12051,12050,1,-1
2020-07-20 16:48:06.942,12050,12051,12051,1,1
2020-07-20 16:48:07.263,12050,12052,12050,1,-1
2020-07-20 16:48:08.579,12050,12051,12051,1,1
2020-07-20 16:48:13.050,12051,12052,12051,1,-1
2020-07-20 16:48:13.070,12051,12052,12051,1,-1
2020-07-20 16:48:15.826,12050,12051,12051,1,1
2020-07-20 16:48:19.153,12050,12051,12050,3,-3
2020-07-20 16:48:21.074,12050,12051,12051,1,1
2020-07-20 16:48:29.757,12050,12051,12051,1,1
2020-07-20 16:48:32.550,12050,12051,12050,7,-7
2020-07-20 16:48:40.487,12049,12050,12050,1,1
2020-07-20 16:48:46.237,12049,12050,12050,1,1
2020-07-20 16:48:47.250,12050,12051,12050,1,-1
2020-07-20 16:48:47.250,12050,12051,12050,1,-1
2020-07-20 16:48:48.118,12049,12050,12050,1,1
2020-07-20 16:48:48.360,12050,12051,12050,1,-1
2020-07-20 16:48:49.065,12049,12050,12050,1,1
2020-07-20 16:48:59.785,12050,12051,12050,4,-4
2020-07-20 16:49:00.518,12050,12051,12050,1,-1
2020-07-20 16:49:05.926,12050,12051,12051,1,1
2020-07-20 16:49:08.511,12050,12051,12050,1,-1
2020-07-20 16:49:12.442,12050,12051,12050,1,-1
2020-07-20 16:49:12.556,12050,12051,12050,1,-1
2020-07-20 16:49:13.036,12050,12051,12051,2,2
2020-07-20 16:49:14.486,12050,12051,12051,1,1
2020-07-20 16:49:21.700,12050,12051,12050,1,-1
2020-07-20 16:49:28.873,12050,12051,12050,1,-1
2020-07-20 16:49:38.206,12050,12051,12050,1,-1
2020-07-20 16:49:41.404,12050,12051,12051,1,1
2020-07-20 16:49:45.540,12050,12051,12050,1,-1
2020-07-20 16:49:48.548,12050,12051,12051,1,1
2020-07-20 16:49:51.095,12050,12051,12051,5,5
2020-07-20 16:49:51.096,12050,12051,12051,2,2
2020-07-20 16:49:51.290,12051,12052,12051,1,-1
2020-07-20 16:49:52.069,12051,12052,12052,1,1
2020-07-20 16:49:52.200,12051,12052,12051,1,-1
2020-07-20 16:49:53.935,12051,12052,12052,1,1
2020-07-20 16:49:57.959,12051,12052,12052,2,2
2020-07-20 16:49:59.531,12051,12052,12052,2,2
2020-07-20 16:50:00.324,12051,12052,12051,2,-2
2020-07-20 16:50:00.643,12051,12052,12052,2,2
2020-07-20 16:50:00.869,12051,12052,12052,1,1
2020-07-20 16:50:01.035,12051,12052,12051,1,-1
2020-07-20 16:50:01.873,12051,12052,12052,1,1
2020-07-20 16:50:02.177,12051,12052,12052,1,1
2020-07-20 16:50:02.177,12051,12052,12052,11,11
2020-07-20 16:50:18.101,12052,12053,12052,1,-1
2020-07-20 16:50:23.055,12052,12053,12052,1,-1
2020-07-20 16:50:23.590,12052,12053,12053,2,2
2020-07-20 16:50:23.591,12052,12053,12053,1,1
2020-07-20 16:50:24.921,12052,12053,12053,1,1
2020-07-20 16:50:30.710,12052,12053,12053,2,2
2020-07-20 16:50:32.122,12052,12053,12052,5,-5
2020-07-20 16:50:32.220,12052,12053,12053,1,1
2020-07-20 16:50:34.267,12052,12053,12053,10,10
2020-07-20 16:50:38.049,12052,12053,12053,1,1
2020-07-20 16:50:39.742,12052,12053,12053,3,3
2020-07-20 16:50:41.972,12052,12053,12053,3,3
2020-07-20 16:50:49.443,12052,12053,12053,1,1
2020-07-20 16:50:57.456,12052,12053,12053,1,1
2020-07-20 16:51:05.219,12052,12053,12052,3,-3
2020-07-20 16:51:21.928,12051,12052,12051,1,-1
2020-07-20 16:51:26.192,12051,12052,12051,1,-1
2020-07-20 16:51:26.192,12051,12052,12051,3,-3
2020-07-20 16:51:28.374,12050,12051,12051,1,1
2020-07-20 16:51:31.162,12050,12051,12051,1,1
2020-07-20 16:51:44.202,12050,12051,12051,1,1
2020-07-20 16:51:50.044,12050,12051,12050,2,-2
2020-07-20 16:51:50.045,12050,12051,12050,12,-12
2020-07-20 16:51:50.045,12050,12051,12050,2,-2
2020-07-20 16:51:50.045,12050,12051,12050,2,-2
2020-07-20 16:51:50.045,12050,12051,12050,2,-2
2020-07-20 16:51:53.331,12049,12050,12050,1,1
2020-07-20 16:51:54.846,12050,12051,12050,1,-1
2020-07-20 16:52:03.714,12050,12051,12050,1,-1
2020-07-20 16:52:09.748,12050,12051,12050,1,-1
2020-07-20 16:52:13.155,12050,12051,12050,1,-1
2020-07-20 16:52:13.253,12050,12051,12051,1,1
2020-07-20 16:52:14.527,12050,12051,12050,1,-1
2020-07-20 16:52:17.844,12050,12051,12050,1,-1
2020-07-20 16:52:23.431,12050,12051,12050,1,-1
2020-07-20 16:52:23.766,12050,12051,12050,1,-1
2020-07-20 16:52:32.251,12050,12051,12050,1,-1
2020-07-20 16:52:37.498,12050,12051,12051,4,4
2020-07-20 16:52:38.375,12050,12051,12051,1,1
2020-07-20 16:52:38.379,12050,12051,12051,7,7
2020-07-20 16:52:38.379,12050,12051,12051,1,1
2020-07-20 16:52:38.888,12051,12052,12052,1,1
2020-07-20 16:52:38.888,12051,12052,12052,5,5
2020-07-20 16:52:52.625,12051,12052,12052,1,1
2020-07-20 16:52:59.870,12051,12052,12051,1,-1
2020-07-20 16:52:59.871,12051,12052,12051,2,-2
2020-07-20 16:53:00.568,12050,12051,12051,1,1
2020-07-20 16:53:01.199,12050,12051,12051,1,1
2020-07-20 16:53:02.284,12050,12051,12051,1,1
2020-07-20 16:53:06.211,12050,12051,12050,5,-5
2020-07-20 16:53:08.086,12050,12051,12051,1,1
2020-07-20 16:53:14.090,12050,12051,12050,1,-1
2020-07-20 16:53:14.732,12050,12051,12050,1,-1
2020-07-20 16:53:19.963,12050,12051,12050,1,-1
2020-07-20 16:53:24.804,12050,12051,12050,1,-1
