2019-10-21,15:00:00.073000,11154,11156,11154,16
2019-10-21,15:00:00.711000,11154,11155,11154,4
2019-10-21,15:00:00.715000,11154,11155,11154,4
2019-10-21,15:00:00.773000,11154,11155,11154,1
2019-10-21,15:00:01.306000,11153,11154,11154,1
2019-10-21,15:00:01.363000,11153,11154,11154,9
2019-10-21,15:00:01.363000,11153,11154,11153,16
2019-10-21,15:00:04.145000,11153,11154,11153,3
2019-10-21,15:00:05.150000,11153,11154,11153,1
2019-10-21,15:00:08.470000,11153,11154,11154,1
2019-10-21,15:00:13.517000,11153,11154,11154,1
2019-10-21,15:00:13.712000,11153,11154,11154,1
2019-10-21,15:00:13.712000,11153,11154,11155,1
2019-10-21,15:00:14.953000,11153,11154,11154,1
2019-10-21,15:00:18.267000,11154,11155,11155,6
2019-10-21,15:00:19.804000,11155,11156,11155,3
2019-10-21,15:00:22.471000,11155,11156,11155,1
2019-10-21,15:00:24.763000,11155,11156,11155,1
2019-10-21,15:00:26.273000,11155,11156,11155,1
2019-10-21,15:00:27.209000,11155,11156,11155,1
2019-10-21,15:00:33.672000,11154,11155,11154,2
2019-10-21,15:00:34.134000,11154,11155,11154,3
2019-10-21,15:00:35.229000,11153,11154,11154,1
2019-10-21,15:00:41.894000,11153,11154,11153,2
2019-10-21,15:00:41.898000,11153,11154,11153,7
2019-10-21,15:00:42.207000,11152,11153,11152,11
2019-10-21,15:00:42.207000,11152,11153,11152,2
2019-10-21,15:00:46.294000,11151,11152,11151,2
2019-10-21,15:00:52.173000,11151,11152,11151,2
2019-10-21,15:00:53.171000,11151,11152,11152,2
2019-10-21,15:00:53.245000,11151,11152,11152,2
2019-10-21,15:00:54.337000,11151,11153,11151,18
2019-10-21,15:00:56.959000,11151,11152,11151,1
2019-10-21,15:00:57.372000,11151,11152,11152,1
2019-10-21,15:00:58.024000,11151,11152,11152,1
2019-10-21,15:00:58.411000,11151,11152,11152,1
2019-10-21,15:01:00.024000,11151,11153,11151,1
2019-10-21,15:01:00.061000,11151,11153,11151,1
2019-10-21,15:01:00.115000,11151,11153,11151,1
2019-10-21,15:01:00.159000,11151,11153,11151,1
2019-10-21,15:01:02.523000,11152,11153,11153,3
2019-10-21,15:01:06.359000,11152,11153,11153,2
2019-10-21,15:01:10.879000,11153,11154,11153,1
2019-10-21,15:01:14.534000,11152,11153,11153,1
2019-10-21,15:01:20.216000,11152,11153,11153,1
2019-10-21,15:01:21.232000,11152,11153,11153,1
2019-10-21,15:01:23.826000,11152,11153,11153,1
2019-10-21,15:01:32.703000,11152,11153,11153,3
2019-10-21,15:01:35.552000,11152,11153,11152,7
2019-10-21,15:01:38.483000,11151,11152,11151,13
2019-10-21,15:01:38.514000,11151,11152,11152,1
2019-10-21,15:01:41.863000,11150,11152,11150,1
2019-10-21,15:01:54.918000,11150,11152,11150,1
2019-10-21,15:01:57.984000,11151,11152,11151,1
2019-10-21,15:02:03.667000,11151,11152,11151,1
2019-10-21,15:02:05.001000,11151,11152,11151,1
2019-10-21,15:02:06.100000,11151,11152,11151,5
2019-10-21,15:02:14.935000,11151,11152,11151,1
2019-10-21,15:02:19.641000,11151,11152,11152,1
2019-10-21,15:02:20.601000,11151,11152,11151,6
2019-10-21,15:02:22.997000,11151,11152,11151,1
2019-10-21,15:02:26.865000,11151,11152,11152,1
2019-10-21,15:02:28.883000,11151,11152,11151,19
2019-10-21,15:02:34.023000,11151,11152,11152,2
2019-10-21,15:02:36.809000,11151,11152,11152,1
2019-10-21,15:02:37.201000,11151,11152,11152,1
2019-10-21,15:02:37.201000,11151,11152,11152,1
2019-10-21,15:02:46.862000,11152,11153,11152,1
2019-10-21,15:02:50.730000,11152,11153,11152,3
2019-10-21,15:02:51.660000,11152,11153,11152,2
2019-10-21,15:02:56.273000,11152,11153,11153,20
2019-10-21,15:02:56.610000,11152,11154,11152,1
2019-10-21,15:03:09.304000,11153,11154,11153,1
2019-10-21,15:03:11.684000,11153,11154,11153,1
2019-10-21,15:03:15.228000,11153,11154,11153,3
2019-10-21,15:03:29.063000,11153,11154,11153,1
2019-10-21,15:03:33.751000,11153,11154,11154,1
2019-10-21,15:03:38.234000,11153,11154,11153,1
2019-10-21,15:03:39.689000,11153,11154,11154,1
2019-10-21,15:03:40.272000,11153,11154,11153,1
2019-10-21,15:03:54.735000,11153,11154,11154,7
2019-10-21,15:03:55.094000,11154,11155,11154,1
2019-10-21,15:03:56.165000,11154,11155,11154,2
2019-10-21,15:03:58.608000,11154,11155,11154,1
2019-10-21,15:04:05.586000,11154,11155,11155,1
2019-10-21,15:04:10.895000,11154,11155,11155,1
2019-10-21,15:04:13.001000,11154,11155,11155,1
2019-10-21,15:04:30.479000,11154,11155,11155,1
2019-10-21,15:04:30.647000,11154,11155,11155,1
2019-10-21,15:04:31.771000,11154,11155,11155,16
2019-10-21,15:04:34.790000,11155,11156,11156,6
2019-10-21,15:04:35.067000,11155,11157,11155,1
2019-10-21,15:04:40.027000,11155,11157,11155,1
2019-10-21,15:04:41.094000,11155,11157,11155,3
2019-10-21,15:04:57.524000,11155,11156,11156,2
2019-10-21,15:04:57.530000,11155,11156,11156,2
2019-10-21,15:05:08.101000,11156,11157,11156,3
2019-10-21,15:05:08.102000,11156,11157,11156,1
2019-10-21,15:05:08.599000,11156,11157,11156,1
2019-10-21,15:05:08.710000,11156,11157,11157,3
2019-10-21,15:05:08.906000,11156,11157,11156,1
2019-10-21,15:05:09.714000,11156,11157,11157,1
2019-10-21,15:05:11.035000,11156,11157,11157,1
2019-10-21,15:05:11.836000,11156,11157,11156,1
2019-10-21,15:05:13.849000,11155,11156,11156,1
2019-10-21,15:05:19.774000,11155,11156,11156,2
2019-10-21,15:05:31.447000,11155,11156,11155,6
2019-10-21,15:05:34.115000,11155,11156,11155,12
2019-10-21,15:05:34.374000,11155,11156,11155,3
2019-10-21,15:05:34.387000,11155,11156,11155,1
2019-10-21,15:05:34.387000,11155,11156,11155,2
2019-10-21,15:05:34.388000,11155,11156,11155,3
2019-10-21,15:05:34.391000,11155,11156,11155,4
2019-10-21,15:05:34.394000,11155,11156,11155,4
2019-10-21,15:05:34.394000,11155,11156,11155,3
2019-10-21,15:05:35.035000,11154,11155,11154,3
2019-10-21,15:05:41.278000,11154,11155,11154,1
2019-10-21,15:05:48.052000,11154,11155,11155,6
2019-10-21,15:05:49.613000,11155,11156,11156,2
2019-10-21,15:05:54.140000,11155,11156,11155,4
2019-10-21,15:06:04.493000,11154,11155,11155,7
2019-10-21,15:06:05.483000,11154,11155,11155,2
2019-10-21,15:06:23.046000,11154,11155,11154,2
2019-10-21,15:06:25.413000,11154,11155,11154,1
2019-10-21,15:06:30.577000,11153,11155,11155,10
2019-10-21,15:06:40.351000,11154,11155,11155,1
2019-10-21,15:06:41.082000,11154,11155,11154,1
2019-10-21,15:06:41.496000,11154,11155,11155,1
2019-10-21,15:06:48.802000,11154,11155,11155,2
2019-10-21,15:07:05.480000,11154,11155,11155,1
2019-10-21,15:07:14.539000,11154,11155,11155,10
2019-10-21,15:07:23.585000,11154,11155,11155,1
2019-10-21,15:07:25.255000,11154,11155,11155,1
2019-10-21,15:07:27.880000,11155,11156,11155,1
2019-10-21,15:07:28.841000,11155,11156,11155,2
2019-10-21,15:07:33.583000,11155,11156,11155,8
2019-10-21,15:07:36.862000,11154,11155,11155,4
2019-10-21,15:07:36.915000,11154,11156,11156,1
2019-10-21,15:07:50.987000,11154,11156,11156,2
2019-10-21,15:07:52.273000,11155,11156,11155,2
2019-10-21,15:08:08.273000,11155,11156,11155,1
2019-10-21,15:08:12.024000,11154,11155,11155,1
2019-10-21,15:08:14.668000,11155,11156,11156,1
2019-10-21,15:08:47.150000,11155,11156,11156,1
2019-10-21,15:09:04.983000,11155,11156,11156,1
2019-10-21,15:09:13.731000,11155,11156,11156,2
2019-10-21,15:09:22.574000,11155,11156,11156,1
2019-10-21,15:09:36.528000,11155,11156,11156,2
2019-10-21,15:09:44.412000,11155,11156,11155,12
2019-10-21,15:09:53.137000,11155,11156,11155,11
2019-10-21,15:10:07.648000,11154,11155,11155,7
2019-10-21,15:10:08.273000,11155,11156,11155,1
2019-10-21,15:10:08.290000,11155,11156,11155,1
2019-10-21,15:10:08.487000,11155,11156,11155,1
2019-10-21,15:10:15.241000,11155,11156,11155,1
2019-10-21,15:10:23.532000,11155,11156,11155,1
2019-10-21,15:10:43.456000,11155,11156,11155,10
2019-10-21,15:10:44.482000,11154,11155,11155,1
2019-10-21,15:10:47.936000,11155,11156,11155,1
2019-10-21,15:11:01.792000,11154,11156,11154,1
2019-10-21,15:11:26.092000,11154,11155,11155,1
2019-10-21,15:11:31.983000,11155,11156,11155,2
2019-10-21,15:11:31.998000,11155,11156,11155,2
2019-10-21,15:11:32.023000,11155,11156,11155,5
2019-10-21,15:11:50.675000,11154,11155,11154,1
2019-10-21,15:11:52.229000,11154,11155,11154,4
2019-10-21,15:11:52.230000,11154,11155,11154,3
2019-10-21,15:11:52.230000,11154,11155,11154,3
2019-10-21,15:11:52.437000,11153,11155,11153,3
2019-10-21,15:11:57.956000,11153,11155,11153,1
2019-10-21,15:12:03.910000,11153,11154,11153,6
2019-10-21,15:12:05.890000,11153,11154,11153,4
2019-10-21,15:12:06.176000,11152,11153,11152,1
2019-10-21,15:12:06.182000,11152,11153,11152,1
2019-10-21,15:12:06.452000,11152,11153,11153,1
2019-10-21,15:12:08.920000,11152,11154,11152,1
2019-10-21,15:12:16.241000,11152,11153,11153,10
2019-10-21,15:12:35.274000,11152,11153,11153,1
2019-10-21,15:12:40.458000,11152,11153,11153,1
2019-10-21,15:12:51.375000,11152,11153,11153,1
2019-10-21,15:12:53.503000,11152,11153,11153,10
2019-10-21,15:13:00.253000,11152,11153,11153,1
2019-10-21,15:13:13.869000,11152,11153,11153,5
2019-10-21,15:13:15.543000,11153,11154,11153,2
2019-10-21,15:13:33.231000,11153,11154,11154,4
2019-10-21,15:13:42.128000,11154,11155,11154,5
2019-10-21,15:13:57.555000,11154,11155,11154,1
2019-10-21,15:13:59.991000,11154,11155,11154,5
2019-10-21,15:14:00.244000,11154,11155,11155,1
2019-10-21,15:14:11.687000,11154,11155,11155,2
2019-10-21,15:14:12.737000,11154,11155,11154,1
2019-10-21,15:14:48.974000,11154,11155,11155,5
2019-10-21,15:14:58.961000,11155,11156,11155,1
2019-10-21,15:15:01.127000,11155,11156,11155,1
2019-10-21,15:15:13.977000,11154,11155,11154,1
2019-10-21,15:15:17.316000,11154,11155,11155,1
2019-10-21,15:15:28.954000,11154,11155,11155,1
2019-10-21,15:15:42.825000,11154,11155,11155,5
2019-10-21,15:15:54.160000,11154,11155,11155,2
2019-10-21,15:16:22.620000,11155,11156,11155,1
2019-10-21,15:16:24.996000,11155,11156,11155,1
2019-10-21,15:16:32.334000,11155,11156,11156,5
2019-10-21,15:16:32.839000,11155,11156,11156,4
2019-10-21,15:16:32.839000,11155,11156,11156,1
2019-10-21,15:16:32.839000,11155,11156,11156,1
2019-10-21,15:16:32.839000,11155,11156,11156,1
2019-10-21,15:16:32.839000,11155,11156,11156,12
2019-10-21,15:16:49.586000,11156,11157,11157,1
2019-10-21,15:16:57.686000,11156,11157,11157,1
2019-10-21,15:17:00.818000,11156,11157,11157,11
2019-10-21,15:17:05.677000,11157,11158,11157,1
2019-10-21,15:17:06.785000,11157,11158,11157,1
2019-10-21,15:17:12.612000,11157,11158,11157,1
2019-10-21,15:17:13.460000,11157,11158,11157,1
2019-10-21,15:17:33.845000,11157,11158,11157,1
2019-10-21,15:17:34.549000,11157,11158,11157,1
2019-10-21,15:17:45.370000,11157,11158,11158,2
2019-10-21,15:17:45.428000,11157,11158,11158,3
2019-10-21,15:17:46.088000,11157,11158,11158,4
2019-10-21,15:17:46.099000,11157,11158,11158,4
2019-10-21,15:17:46.104000,11157,11158,11159,4
2019-10-21,15:17:49.940000,11158,11159,11158,2
2019-10-21,15:18:00.632000,11158,11159,11158,1
2019-10-21,15:18:01.850000,11158,11159,11159,3
2019-10-21,15:18:02.625000,11158,11159,11158,2
2019-10-21,15:18:12.682000,11158,11159,11158,7
2019-10-21,15:18:23.992000,11158,11159,11158,1
2019-10-21,15:18:46.487000,11158,11159,11158,4
2019-10-21,15:18:46.487000,11158,11159,11158,2
2019-10-21,15:18:46.929000,11157,11158,11158,3
2019-10-21,15:18:47.024000,11157,11158,11158,2
2019-10-21,15:18:50.076000,11158,11159,11158,1
2019-10-21,15:18:53.978000,11158,11159,11159,1
2019-10-21,15:18:54.944000,11158,11159,11158,1
2019-10-21,15:18:58.203000,11158,11159,11158,1
2019-10-21,15:19:00.506000,11158,11159,11158,1
2019-10-21,15:19:06.883000,11158,11159,11158,1
2019-10-21,15:19:08.613000,11158,11159,11158,1
2019-10-21,15:19:10.444000,11158,11159,11158,1
2019-10-21,15:19:12.198000,11158,11159,11158,1
2019-10-21,15:19:21.744000,11158,11159,11158,1
2019-10-21,15:19:23.477000,11158,11159,11158,1
2019-10-21,15:19:25.397000,11158,11159,11158,1
2019-10-21,15:19:25.408000,11157,11158,11158,2
2019-10-21,15:19:27.953000,11158,11159,11158,1
2019-10-21,15:19:55.889000,11157,11158,11157,1
2019-10-21,15:19:55.928000,11157,11158,11158,3
2019-10-21,15:19:56.023000,11157,11158,11158,3
2019-10-21,15:19:58.942000,11158,11159,11158,1
2019-10-21,15:20:01.067000,11158,11159,11159,1
2019-10-21,15:20:05.183000,11158,11159,11158,1
2019-10-21,15:20:07.300000,11158,11159,11158,1
2019-10-21,15:20:08.673000,11157,11159,11157,2
2019-10-21,15:20:22.641000,11158,11159,11158,3
2019-10-21,15:20:32.268000,11158,11159,11158,1
2019-10-21,15:20:42.895000,11158,11159,11158,1
2019-10-21,15:20:44.421000,11158,11159,11158,1
2019-10-21,15:21:00.231000,11158,11159,11158,6
2019-10-21,15:21:00.231000,11158,11159,11158,2
2019-10-21,15:21:49.306000,11157,11158,11158,4
2019-10-21,15:21:53.361000,11157,11158,11158,2
2019-10-21,15:21:53.432000,11157,11158,11158,5
2019-10-21,15:22:01.194000,11158,11159,11159,33
2019-10-21,15:22:05.458000,11159,11160,11160,4
2019-10-21,15:22:05.565000,11159,11160,11160,4
2019-10-21,15:22:13.912000,11159,11160,11160,9
2019-10-21,15:22:14.413000,11159,11160,11160,20
2019-10-21,15:22:14.523000,11159,11160,11160,1
2019-10-21,15:22:14.524000,11159,11160,11160,4
2019-10-21,15:22:20.297000,11160,11161,11161,28
2019-10-21,15:22:20.297000,11160,11161,11162,5
2019-10-21,15:22:20.420000,11160,11162,11162,1
2019-10-21,15:22:20.436000,11160,11162,11162,4
2019-10-21,15:22:20.504000,11160,11162,11162,1
2019-10-21,15:22:20.554000,11160,11162,11162,1
2019-10-21,15:22:20.901000,11161,11162,11162,2
2019-10-21,15:22:21.728000,11161,11162,11162,1
2019-10-21,15:22:21.772000,11161,11162,11162,1
2019-10-21,15:22:21.772000,11161,11162,11162,1
2019-10-21,15:22:21.795000,11161,11162,11162,1
2019-10-21,15:22:22.683000,11161,11162,11162,1
2019-10-21,15:22:23.373000,11161,11162,11162,1
2019-10-21,15:22:28.436000,11161,11162,11162,1
2019-10-21,15:22:34.219000,11161,11162,11162,1
2019-10-21,15:22:41.299000,11161,11162,11162,11
2019-10-21,15:22:41.299000,11161,11162,11163,15
2019-10-21,15:22:41.498000,11161,11163,11163,1
2019-10-21,15:22:44.426000,11162,11163,11162,7
2019-10-21,15:22:47.275000,11161,11162,11162,1
2019-10-21,15:22:48.055000,11161,11162,11162,3
2019-10-21,15:22:51.361000,11162,11163,11163,2
2019-10-21,15:22:54.204000,11162,11163,11163,2
2019-10-21,15:22:56.148000,11162,11163,11163,2
2019-10-21,15:23:03.057000,11162,11163,11163,1
2019-10-21,15:23:03.545000,11162,11163,11163,1
2019-10-21,15:23:04.235000,11162,11163,11163,4
2019-10-21,15:23:04.980000,11162,11163,11162,1
2019-10-21,15:23:08.347000,11162,11163,11163,1
2019-10-21,15:23:09.037000,11162,11163,11163,1
2019-10-21,15:23:09.810000,11162,11163,11163,1
2019-10-21,15:23:11.298000,11162,11163,11162,2
2019-10-21,15:23:11.865000,11162,11163,11163,8
2019-10-21,15:23:12.661000,11163,11164,11164,1
2019-10-21,15:23:13.206000,11163,11164,11164,1
2019-10-21,15:23:13.435000,11163,11164,11163,1
2019-10-21,15:23:13.565000,11163,11164,11163,1
2019-10-21,15:23:13.898000,11163,11164,11163,1
2019-10-21,15:23:14.008000,11163,11164,11164,1
2019-10-21,15:23:14.744000,11163,11164,11164,1
2019-10-21,15:23:15.294000,11163,11164,11164,1
2019-10-21,15:23:15.295000,11163,11164,11164,1
2019-10-21,15:23:15.313000,11163,11164,11164,1
2019-10-21,15:23:15.324000,11163,11164,11164,1
2019-10-21,15:23:15.476000,11163,11164,11163,1
2019-10-21,15:23:16.245000,11162,11164,11164,1
2019-10-21,15:23:19.413000,11162,11163,11163,1
2019-10-21,15:23:21.787000,11162,11163,11163,1
2019-10-21,15:23:21.805000,11162,11163,11163,7
2019-10-21,15:23:23.781000,11162,11163,11163,1
2019-10-21,15:23:25.665000,11162,11163,11163,1
2019-10-21,15:23:26.635000,11162,11163,11163,1
2019-10-21,15:23:32.591000,11162,11163,11163,1
2019-10-21,15:23:34.119000,11162,11163,11162,1
2019-10-21,15:23:40.052000,11162,11163,11163,1
2019-10-21,15:23:50.307000,11162,11163,11163,2
2019-10-21,15:23:51.115000,11162,11163,11163,2
2019-10-21,15:23:51.118000,11162,11163,11163,1
2019-10-21,15:23:51.119000,11162,11163,11163,1
2019-10-21,15:23:51.120000,11162,11163,11163,1
2019-10-21,15:23:51.130000,11162,11163,11163,8
2019-10-21,15:23:51.130000,11162,11163,11163,2
2019-10-21,15:23:54.205000,11163,11164,11163,1
2019-10-21,15:23:57.601000,11163,11164,11163,6
2019-10-21,15:23:58.210000,11163,11164,11163,6
2019-10-21,15:23:59.768000,11163,11164,11164,1
2019-10-21,15:24:00.272000,11163,11164,11163,3
2019-10-21,15:24:01.139000,11162,11164,11164,4
2019-10-21,15:24:01.428000,11162,11164,11164,1
2019-10-21,15:24:01.429000,11162,11164,11164,1
2019-10-21,15:24:01.446000,11162,11164,11164,1
2019-10-21,15:24:01.501000,11162,11164,11164,1
2019-10-21,15:24:01.525000,11163,11164,11164,1
2019-10-21,15:24:01.908000,11163,11164,11163,2
2019-10-21,15:24:02.537000,11163,11164,11164,2
2019-10-21,15:24:02.984000,11163,11164,11163,3
2019-10-21,15:24:07.996000,11163,11164,11163,4
2019-10-21,15:24:09.338000,11163,11164,11163,1
2019-10-21,15:24:24.879000,11163,11164,11163,1
2019-10-21,15:24:32.808000,11163,11164,11164,3
2019-10-21,15:24:35.755000,11163,11164,11164,3
2019-10-21,15:24:38.238000,11163,11164,11164,1
2019-10-21,15:24:40.839000,11163,11164,11164,1
2019-10-21,15:24:41.992000,11163,11164,11163,1
2019-10-21,15:24:42.021000,11163,11164,11164,1
2019-10-21,15:24:43.154000,11163,11164,11163,1
2019-10-21,15:24:45.976000,11163,11164,11163,7
2019-10-21,15:24:46.010000,11163,11164,11163,1
2019-10-21,15:24:46.010000,11163,11164,11163,1
2019-10-21,15:24:46.023000,11163,11164,11163,11
2019-10-21,15:24:48.276000,11162,11163,11163,2
2019-10-21,15:24:48.679000,11162,11163,11163,1
2019-10-21,15:24:50.419000,11162,11164,11162,1
2019-10-21,15:24:58.733000,11163,11164,11163,1
2019-10-21,15:25:01.617000,11162,11163,11163,1
2019-10-21,15:25:02.893000,11163,11164,11163,1
2019-10-21,15:25:19.036000,11163,11164,11163,1
2019-10-21,15:25:19.050000,11163,11164,11163,2
2019-10-21,15:25:24.680000,11163,11164,11163,2
2019-10-21,15:25:25.248000,11163,11164,11163,1
2019-10-21,15:25:25.248000,11163,11164,11163,2
2019-10-21,15:25:25.355000,11163,11164,11163,1
2019-10-21,15:25:30.731000,11163,11164,11163,1
2019-10-21,15:25:40.084000,11163,11164,11163,1
2019-10-21,15:25:41.532000,11163,11164,11163,20
2019-10-21,15:25:41.734000,11163,11164,11163,1
2019-10-21,15:26:01.726000,11162,11163,11162,1
2019-10-21,15:26:02.312000,11162,11163,11162,1
2019-10-21,15:26:08.341000,11162,11163,11163,1
2019-10-21,15:26:09.368000,11162,11163,11163,1
2019-10-21,15:26:11.244000,11162,11163,11162,1
2019-10-21,15:26:11.457000,11162,11163,11162,1
2019-10-21,15:26:13.694000,11162,11163,11162,1
2019-10-21,15:26:13.765000,11162,11163,11162,1
2019-10-21,15:26:13.767000,11162,11163,11162,2
2019-10-21,15:26:13.768000,11162,11163,11162,26
2019-10-21,15:26:13.768000,11162,11163,11162,12
2019-10-21,15:26:13.780000,11161,11162,11162,5
2019-10-21,15:26:16.656000,11161,11162,11162,1
2019-10-21,15:26:33.382000,11161,11162,11161,1
2019-10-21,15:26:36.313000,11161,11162,11161,1
2019-10-21,15:26:36.606000,11161,11162,11161,1
2019-10-21,15:26:45.651000,11161,11162,11161,1
2019-10-21,15:26:45.820000,11161,11162,11161,1
2019-10-21,15:26:46.378000,11161,11162,11161,1
2019-10-21,15:26:48.588000,11161,11162,11161,7
2019-10-21,15:26:54.100000,11161,11162,11161,2
2019-10-21,15:26:57.527000,11161,11162,11161,1
2019-10-21,15:26:59.370000,11161,11162,11161,1
2019-10-21,15:27:02.583000,11161,11162,11162,2
2019-10-21,15:27:05.138000,11160,11162,11160,3
2019-10-21,15:27:15.165000,11160,11161,11160,1
2019-10-21,15:27:15.867000,11160,11161,11161,1
2019-10-21,15:27:21.779000,11160,11161,11161,1
2019-10-21,15:27:23.558000,11160,11161,11161,1
2019-10-21,15:27:23.559000,11160,11161,11161,1
2019-10-21,15:27:25.176000,11161,11162,11161,1
2019-10-21,15:27:26.100000,11160,11162,11160,1
2019-10-21,15:27:31.511000,11160,11161,11160,1
2019-10-21,15:27:32.910000,11160,11161,11161,1
2019-10-21,15:27:41.559000,11161,11162,11161,1
2019-10-21,15:27:52.096000,11161,11162,11161,3
2019-10-21,15:27:52.454000,11161,11162,11161,1
2019-10-21,15:28:01.168000,11161,11162,11161,1
2019-10-21,15:28:20.027000,11161,11162,11161,1
2019-10-21,15:28:26.433000,11161,11162,11161,1
2019-10-21,15:28:28.199000,11161,11162,11161,1
2019-10-21,15:28:30.429000,11161,11162,11161,1
2019-10-21,15:28:31.880000,11161,11162,11161,1
2019-10-21,15:28:36.549000,11161,11162,11161,2
2019-10-21,15:28:46.137000,11160,11162,11160,2
2019-10-21,15:28:58.770000,11161,11162,11161,1
2019-10-21,15:29:02.890000,11161,11162,11161,2
2019-10-21,15:29:09.399000,11161,11162,11162,17
2019-10-21,15:29:09.524000,11161,11162,11162,25
2019-10-21,15:29:09.524000,11161,11162,11162,12
2019-10-21,15:29:22.958000,11162,11163,11162,1
2019-10-21,15:29:23.338000,11161,11162,11162,1
2019-10-21,15:29:24.006000,11161,11162,11162,1
2019-10-21,15:29:37.495000,11162,11163,11163,1
2019-10-21,15:29:48.711000,11162,11163,11163,1
2019-10-21,15:29:55.139000,11162,11163,11163,1
2019-10-21,15:29:55.530000,11162,11163,11163,1
2019-10-21,15:29:55.784000,11162,11163,11163,1
2019-10-21,15:29:56.452000,11162,11163,11163,1
2019-10-21,15:30:04.391000,11162,11163,11163,1
2019-10-21,15:30:05.519000,11162,11163,11162,2
2019-10-21,15:30:05.586000,11162,11163,11162,1
2019-10-21,15:30:05.723000,11162,11163,11162,2
2019-10-21,15:30:11.381000,11162,11163,11162,1
2019-10-21,15:30:20.616000,11162,11163,11163,2
2019-10-21,15:30:21.404000,11162,11163,11163,1
2019-10-21,15:30:22.777000,11162,11163,11162,3
2019-10-21,15:30:28.347000,11162,11163,11163,1
2019-10-21,15:30:30.023000,11162,11163,11162,1
2019-10-21,15:30:30.024000,11162,11163,11162,9
2019-10-21,15:30:30.024000,11162,11163,11162,1
2019-10-21,15:30:31.273000,11161,11162,11161,1
2019-10-21,15:30:31.274000,11161,11162,11161,1
2019-10-21,15:30:32.511000,11161,11162,11161,1
2019-10-21,15:30:32.512000,11161,11162,11161,1
2019-10-21,15:30:33.773000,11161,11162,11161,1
2019-10-21,15:30:33.774000,11161,11162,11161,1
2019-10-21,15:30:33.774000,11161,11162,11161,1
2019-10-21,15:30:35.023000,11161,11162,11161,1
2019-10-21,15:30:35.024000,11161,11162,11161,1
2019-10-21,15:30:43.948000,11161,11162,11162,1
2019-10-21,15:30:50.684000,11161,11162,11161,1
2019-10-21,15:31:02.643000,11161,11162,11162,1
2019-10-21,15:31:32.148000,11162,11163,11162,5
2019-10-21,15:31:43.049000,11161,11162,11162,1
2019-10-21,15:31:47.773000,11161,11163,11163,1
2019-10-21,15:31:58.785000,11162,11163,11162,1
2019-10-21,15:32:12.613000,11162,11163,11163,9
2019-10-21,15:32:12.613000,11162,11163,11163,9
2019-10-21,15:32:12.613000,11162,11163,11163,4
2019-10-21,15:32:12.648000,11162,11163,11163,9
2019-10-21,15:32:20.816000,11162,11163,11163,1
2019-10-21,15:32:20.816000,11162,11163,11163,1
2019-10-21,15:32:28.826000,11163,11164,11164,2
2019-10-21,15:32:29.340000,11163,11164,11164,1
2019-10-21,15:32:29.431000,11163,11164,11164,1
2019-10-21,15:32:30.815000,11163,11164,11163,1
2019-10-21,15:32:49.666000,11163,11164,11163,1
2019-10-21,15:32:58.997000,11163,11164,11163,1
2019-10-21,15:33:00.363000,11163,11164,11163,1
2019-10-21,15:33:05.577000,11163,11164,11163,1
2019-10-21,15:33:08.119000,11163,11164,11163,1
2019-10-21,15:33:09.784000,11162,11164,11162,1
2019-10-21,15:33:10.493000,11162,11164,11162,1
2019-10-21,15:33:11.133000,11162,11164,11162,1
2019-10-21,15:33:11.980000,11162,11163,11162,1
2019-10-21,15:33:22.472000,11163,11164,11164,1
2019-10-21,15:33:53.403000,11163,11164,11163,1
2019-10-21,15:33:54.380000,11163,11164,11163,1
2019-10-21,15:34:33.207000,11163,11164,11163,1
2019-10-21,15:34:35.374000,11163,11164,11164,4
2019-10-21,15:34:35.439000,11163,11164,11164,1
2019-10-21,15:34:35.523000,11163,11164,11164,1
2019-10-21,15:34:35.810000,11163,11164,11164,1
2019-10-21,15:34:35.921000,11163,11164,11164,1
2019-10-21,15:34:35.921000,11163,11164,11164,1
2019-10-21,15:34:35.921000,11163,11164,11164,4
2019-10-21,15:34:35.921000,11163,11164,11164,2
2019-10-21,15:34:35.921000,11163,11164,11164,1
2019-10-21,15:34:35.921000,11163,11164,11164,1
2019-10-21,15:34:35.921000,11163,11164,11164,2
2019-10-21,15:34:35.921000,11163,11164,11164,1
2019-10-21,15:34:35.921000,11163,11164,11164,1
2019-10-21,15:34:35.921000,11163,11164,11164,1
2019-10-21,15:34:35.952000,11163,11164,11164,4
2019-10-21,15:34:35.952000,11163,11164,11164,3
2019-10-21,15:34:35.952000,11163,11164,11164,4
2019-10-21,15:34:35.952000,11163,11164,11164,2
2019-10-21,15:34:36.191000,11164,11165,11164,1
2019-10-21,15:34:37.070000,11164,11165,11164,1
2019-10-21,15:34:37.888000,11163,11165,11163,1
2019-10-21,15:34:42.410000,11164,11165,11164,1
2019-10-21,15:34:46.361000,11163,11165,11165,1
2019-10-21,15:34:46.860000,11163,11165,11165,1
2019-10-21,15:34:58.285000,11163,11164,11164,1
2019-10-21,15:35:03.027000,11163,11164,11164,1
2019-10-21,15:35:04.022000,11163,11164,11164,1
2019-10-21,15:35:10.799000,11163,11164,11164,1
2019-10-21,15:35:20.087000,11163,11164,11164,1
2019-10-21,15:35:25.199000,11163,11164,11163,14
2019-10-21,15:35:28.485000,11162,11163,11163,4
2019-10-21,15:35:32.375000,11162,11163,11163,5
2019-10-21,15:35:32.730000,11162,11163,11163,1
2019-10-21,15:35:34.187000,11162,11163,11163,1
2019-10-21,15:35:44.372000,11162,11163,11163,5
2019-10-21,15:35:45.169000,11162,11163,11163,4
2019-10-21,15:36:06.395000,11162,11163,11162,1
2019-10-21,15:36:07.774000,11162,11163,11162,1
2019-10-21,15:36:20.687000,11162,11163,11162,1
2019-10-21,15:36:23.276000,11162,11163,11162,1
2019-10-21,15:36:30.944000,11162,11163,11163,1
2019-10-21,15:36:31.820000,11162,11163,11162,2
2019-10-21,15:36:31.820000,11162,11163,11162,1
2019-10-21,15:36:31.821000,11162,11163,11162,7
2019-10-21,15:36:35.043000,11162,11163,11162,1
2019-10-21,15:36:47.534000,11162,11163,11162,1
2019-10-21,15:36:57.584000,11161,11162,11162,1
2019-10-21,15:37:07.274000,11162,11163,11162,1
2019-10-21,15:37:11.833000,11162,11163,11162,1
2019-10-21,15:37:28.953000,11162,11163,11162,1
2019-10-21,15:37:50.318000,11162,11163,11163,1
2019-10-21,15:37:51.449000,11162,11163,11162,1
2019-10-21,15:37:52.184000,11162,11163,11162,1
2019-10-21,15:37:53.750000,11162,11163,11162,1
2019-10-21,15:38:07.740000,11162,11163,11162,1
2019-10-21,15:38:15.646000,11162,11163,11163,1
2019-10-21,15:38:56.408000,11162,11163,11163,7
2019-10-21,15:39:48.500000,11162,11163,11162,1
2019-10-21,15:39:53.559000,11162,11163,11163,1
2019-10-21,15:40:12.130000,11162,11163,11163,1
2019-10-21,15:40:13.489000,11162,11163,11163,1
2019-10-21,15:40:13.490000,11162,11163,11163,2
2019-10-21,15:40:13.501000,11162,11163,11163,9
2019-10-21,15:40:13.524000,11162,11163,11163,9
2019-10-21,15:40:13.524000,11162,11163,11163,1
2019-10-21,15:40:25.080000,11163,11164,11163,1
2019-10-21,15:40:42.758000,11163,11164,11164,2
2019-10-21,15:40:43.334000,11163,11164,11163,1
2019-10-21,15:41:01.596000,11163,11164,11164,28
2019-10-21,15:41:03.778000,11164,11165,11164,2
2019-10-21,15:41:10.612000,11164,11165,11165,5
2019-10-21,15:41:10.929000,11164,11165,11165,1
2019-10-21,15:41:11.678000,11164,11165,11165,5
2019-10-21,15:41:13.393000,11164,11165,11165,1
2019-10-21,15:41:15.511000,11164,11165,11165,50
2019-10-21,15:41:16.007000,11164,11165,11165,36
2019-10-21,15:41:16.919000,11165,11166,11165,1
2019-10-21,15:41:19.041000,11165,11166,11166,1
2019-10-21,15:41:19.197000,11165,11166,11166,4
2019-10-21,15:41:19.207000,11165,11166,11166,5
2019-10-21,15:41:19.225000,11165,11166,11166,8
2019-10-21,15:41:19.273000,11165,11166,11166,1
2019-10-21,15:41:19.372000,11165,11166,11166,1
2019-10-21,15:41:20.414000,11165,11166,11166,1
2019-10-21,15:41:20.808000,11165,11166,11165,15
2019-10-21,15:41:21.950000,11165,11166,11166,1
2019-10-21,15:41:30.725000,11165,11166,11166,1
2019-10-21,15:41:40.145000,11165,11166,11165,14
2019-10-21,15:41:41.456000,11164,11165,11165,1
2019-10-21,15:41:42.061000,11164,11165,11165,19
2019-10-21,15:41:48.801000,11165,11166,11166,1
2019-10-21,15:41:49.402000,11165,11166,11166,2
2019-10-21,15:41:49.867000,11165,11166,11166,1
2019-10-21,15:41:59.040000,11165,11166,11166,1
2019-10-21,15:41:59.961000,11165,11166,11166,1
2019-10-21,15:42:02.261000,11165,11166,11166,2
2019-10-21,15:42:02.593000,11165,11166,11166,4
2019-10-21,15:42:02.952000,11165,11166,11166,1
2019-10-21,15:42:06.040000,11165,11166,11166,1
2019-10-21,15:42:14.928000,11165,11166,11166,1
2019-10-21,15:42:15.019000,11165,11166,11166,2
2019-10-21,15:42:15.023000,11165,11166,11166,3
2019-10-21,15:42:15.023000,11165,11166,11166,8
2019-10-21,15:42:17.960000,11165,11166,11166,2
2019-10-21,15:42:18.387000,11165,11166,11166,1
2019-10-21,15:42:22.303000,11165,11166,11166,3
2019-10-21,15:42:24.066000,11165,11166,11166,1
2019-10-21,15:42:25.621000,11165,11166,11166,1
2019-10-21,15:42:26.511000,11165,11166,11166,2
2019-10-21,15:42:31.320000,11165,11166,11166,2
2019-10-21,15:42:32.206000,11165,11166,11166,1
2019-10-21,15:42:35.269000,11165,11166,11166,1
2019-10-21,15:42:36.175000,11165,11166,11166,2
2019-10-21,15:42:37.946000,11165,11166,11166,1
2019-10-21,15:42:41.044000,11165,11166,11166,1
2019-10-21,15:42:44.033000,11165,11166,11166,1
2019-10-21,15:42:47.401000,11165,11166,11166,3
2019-10-21,15:42:47.695000,11165,11166,11166,1
2019-10-21,15:42:48.507000,11165,11166,11166,3
2019-10-21,15:42:49.404000,11165,11166,11166,5
2019-10-21,15:42:49.720000,11165,11166,11166,2
2019-10-21,15:42:50.032000,11166,11167,11166,1
2019-10-21,15:42:53.559000,11166,11167,11166,1
2019-10-21,15:42:57.870000,11166,11167,11166,1
2019-10-21,15:43:02.160000,11166,11167,11167,1
2019-10-21,15:43:02.292000,11166,11167,11167,5
2019-10-21,15:43:02.423000,11166,11167,11167,1
2019-10-21,15:43:02.435000,11166,11167,11167,1
2019-10-21,15:43:02.527000,11166,11167,11167,1
2019-10-21,15:43:03.121000,11166,11167,11167,1
2019-10-21,15:43:03.607000,11166,11167,11167,1
2019-10-21,15:43:04.316000,11166,11167,11167,1
2019-10-21,15:43:05.619000,11166,11167,11167,2
2019-10-21,15:43:05.705000,11166,11167,11166,18
2019-10-21,15:43:06.575000,11165,11166,11166,1
2019-10-21,15:43:07.552000,11165,11166,11166,1
2019-10-21,15:43:08.824000,11165,11166,11166,2
2019-10-21,15:43:10.085000,11165,11166,11166,40
2019-10-21,15:43:10.085000,11165,11166,11166,3
2019-10-21,15:43:10.086000,11165,11166,11166,1
2019-10-21,15:43:10.195000,11166,11167,11166,1
2019-10-21,15:43:10.633000,11166,11167,11166,1
2019-10-21,15:43:11.232000,11166,11167,11166,1
2019-10-21,15:43:15.519000,11166,11167,11166,2
2019-10-21,15:43:16.416000,11166,11167,11166,2
2019-10-21,15:43:16.423000,11166,11167,11165,1
2019-10-21,15:43:17.163000,11165,11166,11165,1
2019-10-21,15:43:18.133000,11165,11166,11166,1
2019-10-21,15:43:20.822000,11165,11166,11165,1
2019-10-21,15:43:46.580000,11165,11166,11165,1
2019-10-21,15:43:52.810000,11165,11166,11165,2
2019-10-21,15:44:02.312000,11165,11166,11166,3
2019-10-21,15:44:06.943000,11165,11166,11166,2
2019-10-21,15:44:07.048000,11165,11166,11166,1
2019-10-21,15:44:08.976000,11165,11166,11166,12
2019-10-21,15:44:09.299000,11165,11166,11166,1
2019-10-21,15:44:09.699000,11165,11166,11166,1
2019-10-21,15:44:10.612000,11166,11167,11166,1
2019-10-21,15:44:22.669000,11166,11167,11167,1
2019-10-21,15:44:24.013000,11166,11167,11166,1
2019-10-21,15:44:25.685000,11166,11167,11166,1
2019-10-21,15:44:25.771000,11166,11167,11167,3
2019-10-21,15:44:34.824000,11166,11167,11167,3
2019-10-21,15:44:39.410000,11166,11167,11166,1
2019-10-21,15:44:41.653000,11166,11167,11166,1
2019-10-21,15:44:44.091000,11166,11167,11166,9
2019-10-21,15:44:44.122000,11166,11167,11166,1
2019-10-21,15:44:53.969000,11165,11166,11166,1
2019-10-21,15:44:59.672000,11166,11167,11166,1
2019-10-21,15:45:01.151000,11166,11167,11167,1
2019-10-21,15:45:01.514000,11166,11167,11166,2
2019-10-21,15:45:01.631000,11166,11167,11167,2
2019-10-21,15:45:01.833000,11166,11167,11167,5
2019-10-21,15:45:01.833000,11166,11167,11167,5
2019-10-21,15:45:01.854000,11166,11167,11166,1
2019-10-21,15:45:01.978000,11166,11167,11166,3
2019-10-21,15:45:08.971000,11166,11167,11167,2
2019-10-21,15:45:08.971000,11166,11167,11167,17
2019-10-21,15:45:09.004000,11166,11167,11167,10
2019-10-21,15:45:09.024000,11166,11167,11167,1
2019-10-21,15:45:09.024000,11166,11167,11167,9
2019-10-21,15:45:09.024000,11166,11167,11167,1
2019-10-21,15:45:09.024000,11166,11167,11167,2
2019-10-21,15:45:09.024000,11166,11167,11167,2
2019-10-21,15:45:09.024000,11166,11167,11167,2
2019-10-21,15:45:09.024000,11166,11167,11167,1
2019-10-21,15:45:09.024000,11166,11167,11167,3
2019-10-21,15:45:11.658000,11167,11168,11167,1
2019-10-21,15:45:14.300000,11167,11168,11167,3
2019-10-21,15:45:14.657000,11167,11168,11167,1
2019-10-21,15:45:14.658000,11167,11168,11167,2
2019-10-21,15:45:14.658000,11167,11168,11167,3
2019-10-21,15:45:14.658000,11167,11168,11167,3
2019-10-21,15:45:18.571000,11166,11167,11167,1
2019-10-21,15:45:22.775000,11166,11167,11166,5
2019-10-21,15:45:28.373000,11166,11167,11166,2
2019-10-21,15:45:30.866000,11166,11167,11166,2
2019-10-21,15:45:44.103000,11165,11166,11166,2
2019-10-21,15:45:46.276000,11165,11166,11166,3
2019-10-21,15:45:51.105000,11166,11167,11167,1
2019-10-21,15:45:54.492000,11166,11167,11166,2
2019-10-21,15:46:06.917000,11166,11167,11166,1
2019-10-21,15:46:09.201000,11165,11167,11165,2
2019-10-21,15:46:26.192000,11165,11166,11165,20
2019-10-21,15:46:26.274000,11165,11166,11165,15
2019-10-21,15:46:35.508000,11164,11165,11165,1
2019-10-21,15:46:41.715000,11164,11165,11165,1
2019-10-21,15:46:56.525000,11164,11165,11165,2
2019-10-21,15:47:17.728000,11164,11165,11164,1
2019-10-21,15:47:17.729000,11164,11165,11164,2
2019-10-21,15:47:17.729000,11164,11165,11164,3
2019-10-21,15:47:17.729000,11164,11165,11164,3
2019-10-21,15:47:29.915000,11164,11165,11164,1
2019-10-21,15:47:39.866000,11164,11165,11164,1
2019-10-21,15:47:45.011000,11164,11165,11164,1
2019-10-21,15:47:54.348000,11164,11165,11164,2
2019-10-21,15:47:57.397000,11164,11165,11165,1
2019-10-21,15:48:01.819000,11164,11165,11165,1
2019-10-21,15:48:02.222000,11164,11165,11164,4
2019-10-21,15:48:11.099000,11164,11165,11165,1
2019-10-21,15:48:17.668000,11164,11165,11165,1
2019-10-21,15:48:44.607000,11164,11165,11165,1
2019-10-21,15:48:49.950000,11164,11165,11165,1
2019-10-21,15:48:56.137000,11164,11165,11164,1
2019-10-21,15:48:59.664000,11164,11165,11165,1
2019-10-21,15:49:02.176000,11164,11165,11164,1
2019-10-21,15:49:27.310000,11164,11165,11164,1
2019-10-21,15:49:27.311000,11164,11165,11164,1
2019-10-21,15:49:27.313000,11164,11165,11164,3
2019-10-21,15:49:27.317000,11164,11165,11164,2
2019-10-21,15:49:27.382000,11164,11165,11164,2
2019-10-21,15:49:27.382000,11164,11165,11164,2
2019-10-21,15:49:27.916000,11163,11164,11163,1
2019-10-21,15:49:27.916000,11163,11164,11163,1
2019-10-21,15:49:27.916000,11163,11164,11163,1
2019-10-21,15:49:28.124000,11163,11164,11163,2
2019-10-21,15:49:28.148000,11163,11164,11163,2
2019-10-21,15:49:28.148000,11163,11164,11163,1
2019-10-21,15:49:28.148000,11163,11164,11163,1
2019-10-21,15:49:28.160000,11163,11164,11163,1
2019-10-21,15:49:28.273000,11163,11164,11163,1
2019-10-21,15:49:28.278000,11163,11164,11163,1
2019-10-21,15:49:28.315000,11163,11164,11163,1
2019-10-21,15:49:28.438000,11163,11164,11163,4
2019-10-21,15:49:36.141000,11162,11163,11163,1
2019-10-21,15:49:39.332000,11162,11163,11162,1
2019-10-21,15:49:41.275000,11162,11163,11163,1
2019-10-21,15:49:45.374000,11162,11163,11163,2
2019-10-21,15:49:46.187000,11162,11163,11162,1
2019-10-21,15:49:59.262000,11162,11163,11163,1
2019-10-21,15:50:06.779000,11162,11163,11163,1
2019-10-21,15:50:10.003000,11163,11164,11163,1
2019-10-21,15:50:10.574000,11163,11164,11163,1
2019-10-21,15:50:24.766000,11163,11164,11163,1
2019-10-21,15:50:26.305000,11163,11164,11163,1
2019-10-21,15:50:30.679000,11163,11164,11163,1
2019-10-21,15:50:31.080000,11163,11164,11163,2
2019-10-21,15:50:54.882000,11163,11164,11163,2
2019-10-21,15:50:54.882000,11163,11164,11163,4
2019-10-21,15:50:54.882000,11163,11164,11163,2
2019-10-21,15:50:54.882000,11163,11164,11163,2
2019-10-21,15:50:54.883000,11163,11164,11163,2
2019-10-21,15:50:54.883000,11163,11164,11163,1
2019-10-21,15:50:54.883000,11163,11164,11163,1
2019-10-21,15:51:04.384000,11162,11163,11162,1
2019-10-21,15:51:10.806000,11162,11163,11163,1
2019-10-21,15:51:11.131000,11162,11163,11162,2
2019-10-21,15:51:15.050000,11162,11163,11163,1
2019-10-21,15:51:20.561000,11162,11163,11163,2
2019-10-21,15:51:24.393000,11162,11163,11163,1
2019-10-21,15:51:24.817000,11162,11163,11163,2
2019-10-21,15:51:42.124000,11162,11163,11162,1
2019-10-21,15:51:45.039000,11162,11163,11162,5
2019-10-21,15:51:45.039000,11162,11163,11162,9
2019-10-21,15:51:45.039000,11162,11163,11162,2
2019-10-21,15:51:45.039000,11162,11163,11162,9
2019-10-21,15:51:45.039000,11162,11163,11162,2
2019-10-21,15:51:48.335000,11161,11162,11161,1
2019-10-21,15:52:15.109000,11161,11162,11162,2
2019-10-21,15:52:21.898000,11161,11162,11162,3
2019-10-21,15:52:22.835000,11161,11163,11161,1
2019-10-21,15:52:23.591000,11161,11163,11161,1
2019-10-21,15:52:24.931000,11162,11163,11162,1
2019-10-21,15:53:01.353000,11162,11163,11162,1
2019-10-21,15:53:17.161000,11162,11163,11162,1
2019-10-21,15:54:03.622000,11162,11163,11162,1
2019-10-21,15:54:08.046000,11162,11163,11162,3
2019-10-21,15:54:32.575000,11162,11163,11162,8
2019-10-21,15:54:35.898000,11162,11163,11163,12
2019-10-21,15:55:12.319000,11163,11164,11164,1
2019-10-21,15:55:20.892000,11163,11164,11164,1
2019-10-21,15:55:21.794000,11163,11164,11164,1
2019-10-21,15:56:11.669000,11163,11164,11163,2
2019-10-21,15:56:38.897000,11163,11164,11163,8
2019-10-21,15:56:49.894000,11163,11164,11163,2
2019-10-21,15:57:15.780000,11162,11163,11163,1
2019-10-21,15:57:22.614000,11162,11163,11163,1
2019-10-21,15:57:26.628000,11162,11163,11163,1
2019-10-21,15:58:07.912000,11163,11164,11164,2
2019-10-21,15:58:07.913000,11163,11164,11164,6
2019-10-21,15:58:07.934000,11163,11164,11164,2
2019-10-21,15:58:07.941000,11163,11164,11164,12
2019-10-21,15:58:08.066000,11163,11165,11165,1
2019-10-21,15:58:16.903000,11164,11165,11165,1
2019-10-21,15:58:29.288000,11164,11165,11165,2
2019-10-21,15:58:31.379000,11164,11165,11164,3
2019-10-21,15:58:31.524000,11164,11165,11164,1
2019-10-21,15:58:31.935000,11164,11165,11164,3
2019-10-21,15:58:41.122000,11164,11165,11164,1
2019-10-21,15:58:42.861000,11164,11165,11164,1
2019-10-21,15:58:44.768000,11163,11165,11163,1
2019-10-21,15:59:06.889000,11164,11165,11164,1
2019-10-21,15:59:29.198000,11164,11165,11165,1
2019-10-21,15:59:41.224000,11164,11165,11164,5
2019-10-21,15:59:41.557000,11164,11165,11165,1
2019-10-21,15:59:48.667000,11164,11165,11165,1
2019-10-21,15:59:49.179000,11164,11165,11164,4
2019-10-21,16:00:10.383000,11164,11165,11165,1
2019-10-21,16:00:18.238000,11164,11165,11164,2
2019-10-21,16:00:23.153000,11164,11165,11164,1
2019-10-21,16:00:52.795000,11164,11165,11164,1
2019-10-21,16:00:57.557000,11164,11165,11164,2
2019-10-21,16:01:23.151000,11163,11164,11163,7
2019-10-21,16:01:24.616000,11163,11164,11163,1
2019-10-21,16:01:28.319000,11163,11164,11163,1
2019-10-21,16:01:35.724000,11163,11164,11163,1
2019-10-21,16:01:43.407000,11163,11164,11163,2
2019-10-21,16:03:52.022000,11162,11163,11162,1
2019-10-21,16:03:52.023000,11162,11163,11162,5
2019-10-21,16:03:52.149000,11162,11163,11162,18
2019-10-21,16:03:52.402000,11161,11162,11162,2
2019-10-21,16:03:59.801000,11161,11162,11162,2
2019-10-21,16:04:10.807000,11161,11162,11162,1
2019-10-21,16:04:11.523000,11161,11162,11162,2
2019-10-21,16:04:12.650000,11162,11163,11163,1
2019-10-21,16:04:20.545000,11162,11163,11162,1
2019-10-21,16:04:24.057000,11162,11163,11162,1
2019-10-21,16:04:24.757000,11162,11163,11162,1
2019-10-21,16:04:27.970000,11162,11163,11162,1
2019-10-21,16:04:43.094000,11162,11163,11163,10
2019-10-21,16:04:45.277000,11162,11164,11162,1
2019-10-21,16:04:46.098000,11162,11163,11162,1
2019-10-21,16:04:47.872000,11162,11163,11162,1
2019-10-21,16:04:50.852000,11162,11163,11162,6
2019-10-21,16:05:04.670000,11161,11162,11161,1
2019-10-21,16:05:09.946000,11161,11162,11162,5
2019-10-21,16:05:09.946000,11161,11162,11162,6
2019-10-21,16:05:09.947000,11161,11162,11162,1
2019-10-21,16:05:09.965000,11161,11162,11162,22
2019-10-21,16:05:17.466000,11162,11163,11162,1
2019-10-21,16:05:21.277000,11162,11163,11162,2
2019-10-21,16:05:28.158000,11162,11163,11162,1
2019-10-21,16:05:32.426000,11162,11163,11162,1
2019-10-21,16:05:46.368000,11162,11163,11162,1
2019-10-21,16:05:46.398000,11162,11163,11162,3
2019-10-21,16:05:47.960000,11162,11163,11162,2
2019-10-21,16:05:54.759000,11161,11162,11162,2
2019-10-21,16:06:14.332000,11162,11163,11162,2
2019-10-21,16:06:17.138000,11162,11163,11162,3
2019-10-21,16:06:30.070000,11161,11162,11162,2
2019-10-21,16:06:30.832000,11162,11163,11162,1
2019-10-21,16:06:49.178000,11162,11163,11163,1
2019-10-21,16:06:56.464000,11162,11163,11163,9
2019-10-21,16:07:31.898000,11163,11164,11163,6
2019-10-21,16:08:12.620000,11162,11163,11162,1
2019-10-21,16:08:12.620000,11162,11163,11162,1
2019-10-21,16:08:12.627000,11162,11163,11162,3
2019-10-21,16:08:12.648000,11162,11163,11162,2
2019-10-21,16:08:12.648000,11162,11163,11162,3
2019-10-21,16:08:12.648000,11162,11163,11162,12
2019-10-21,16:08:12.649000,11162,11163,11162,4
2019-10-21,16:09:02.647000,11161,11162,11162,5
2019-10-21,16:09:41.062000,11162,11163,11162,1
2019-10-21,16:09:44.538000,11162,11163,11162,3
2019-10-21,16:09:45.356000,11161,11162,11161,1
2019-10-21,16:09:49.670000,11161,11162,11162,3
2019-10-21,16:10:53.082000,11162,11163,11162,1
2019-10-21,16:11:02.023000,11162,11163,11162,4
2019-10-21,16:11:14.082000,11161,11162,11162,2
2019-10-21,16:11:22.020000,11162,11163,11162,1
2019-10-21,16:11:48.805000,11162,11163,11162,3
2019-10-21,16:12:12.420000,11162,11163,11162,1
2019-10-21,16:12:51.276000,11162,11163,11162,1
2019-10-21,16:12:59.677000,11162,11163,11162,5
2019-10-21,16:13:13.107000,11162,11163,11162,1
2019-10-21,16:13:26.936000,11162,11163,11162,1
2019-10-21,16:13:29.312000,11161,11162,11162,1
2019-10-21,16:13:46.730000,11162,11163,11162,2
2019-10-21,16:13:47.648000,11161,11162,11162,2
2019-10-21,16:14:31.839000,11162,11163,11163,13
2019-10-21,16:14:46.080000,11163,11164,11163,1
2019-10-21,16:15:01.273000,11162,11163,11163,1
2019-10-21,16:15:01.398000,11162,11163,11163,1
2019-10-21,16:15:01.575000,11162,11163,11162,8
2019-10-21,16:15:01.586000,11162,11163,11162,1
2019-10-21,16:15:02.728000,11162,11163,11162,1
2019-10-21,16:15:02.781000,11162,11163,11162,1
2019-10-21,16:15:02.781000,11162,11163,11162,1
2019-10-21,16:15:02.781000,11162,11163,11162,1
2019-10-21,16:15:02.790000,11162,11163,11162,1
2019-10-21,16:15:02.790000,11162,11163,11162,1
2019-10-21,16:15:46.746000,11162,11163,11162,1
2019-10-21,16:16:01.078000,11162,11163,11162,7
2019-10-21,16:16:29.508000,11162,11163,11162,1
2019-10-21,16:16:32.106000,11162,11163,11162,1
2019-10-21,16:16:55.360000,11162,11163,11162,1
2019-10-21,16:16:57.966000,11162,11163,11163,3
2019-10-21,16:16:57.966000,11162,11163,11163,3
2019-10-21,16:16:58.149000,11163,11164,11163,1
2019-10-21,16:17:42.902000,11162,11163,11162,2
2019-10-21,16:17:58.592000,11161,11162,11162,1
2019-10-21,16:17:58.592000,11161,11162,11162,1
2019-10-21,16:19:20.344000,11162,11163,11163,1
2019-10-21,16:19:48.169000,11162,11163,11163,2
2019-10-21,16:20:02.222000,11163,11164,11163,1
2019-10-21,16:20:02.280000,11162,11164,11164,1
2019-10-21,16:20:09.612000,11163,11164,11163,1
2019-10-21,16:20:21.777000,11163,11164,11164,1
2019-10-21,16:20:21.798000,11163,11164,11164,1
2019-10-21,16:20:51.324000,11163,11164,11164,1
2019-10-21,16:21:01.112000,11163,11164,11164,5
2019-10-21,16:21:14.799000,11163,11164,11164,5
2019-10-21,16:21:14.799000,11163,11164,11164,1
2019-10-21,16:21:14.898000,11163,11164,11164,10
2019-10-21,16:21:15.023000,11163,11164,11164,1
2019-10-21,16:21:46.506000,11163,11164,11163,1
2019-10-21,16:21:46.523000,11163,11164,11163,16
2019-10-21,16:21:46.648000,11163,11164,11163,7
2019-10-21,16:21:46.649000,11163,11164,11163,1
2019-10-21,16:21:58.589000,11162,11163,11162,6
2019-10-21,16:22:16.562000,11161,11162,11162,1
2019-10-21,16:22:24.550000,11161,11163,11163,1
2019-10-21,16:23:24.378000,11162,11163,11162,1
2019-10-21,16:23:24.992000,11161,11163,11162,1
2019-10-21,16:23:45.751000,11161,11162,11162,1
2019-10-21,16:23:45.751000,11161,11162,11162,1
2019-10-21,16:24:00.087000,11162,11163,11162,1
2019-10-21,16:24:21.537000,11162,11163,11162,1
2019-10-21,16:24:25.866000,11161,11162,11162,1
2019-10-21,16:24:49.454000,11162,11163,11162,1
2019-10-21,16:26:09.148000,11162,11163,11162,2
2019-10-21,16:26:28.257000,11162,11163,11162,1
2019-10-21,16:26:43.641000,11161,11162,11161,4
2019-10-21,16:26:53.988000,11161,11162,11162,1
2019-10-21,16:26:56.891000,11161,11162,11162,1
2019-10-21,16:27:09.598000,11161,11162,11162,1
2019-10-21,16:27:12.948000,11161,11162,11161,1
2019-10-21,16:27:13.949000,11161,11162,11162,1
2019-10-21,16:27:26.517000,11161,11162,11162,1
2019-10-21,16:27:40.462000,11161,11162,11162,2
2019-10-21,16:27:45.471000,11161,11162,11162,1
2019-10-21,16:28:14.880000,11161,11162,11162,1
2019-10-21,16:28:15.466000,11161,11162,11162,1
2019-10-21,16:28:15.497000,11161,11162,11163,1
2019-10-21,16:28:25.540000,11162,11163,11162,1
2019-10-21,16:28:39.776000,11162,11163,11162,1
2019-10-21,16:28:40.634000,11162,11163,11162,1
2019-10-21,16:29:23.544000,11162,11163,11163,15
2019-10-21,16:30:40.405000,11163,11164,11163,6
2019-10-21,16:30:40.721000,11162,11163,11163,1
2019-10-21,16:32:03.729000,11162,11163,11163,1
2019-10-21,16:32:05.012000,11162,11163,11163,1
2019-10-21,16:32:06.858000,11162,11163,11163,1
2019-10-21,16:32:57.884000,11163,11164,11163,1
2019-10-21,16:33:00.548000,11163,11164,11163,1
2019-10-21,16:33:07.568000,11163,11164,11163,2
2019-10-21,16:33:49.273000,11162,11163,11163,3
2019-10-21,16:34:25.648000,11162,11163,11163,3
2019-10-21,16:34:29.995000,11162,11163,11163,1
2019-10-21,16:36:33.686000,11162,11163,11163,1
2019-10-21,16:36:33.773000,11162,11163,11163,2
2019-10-21,16:36:54.702000,11162,11163,11163,1
2019-10-21,16:37:28.809000,11163,11164,11163,1
2019-10-21,16:37:54.789000,11163,11164,11163,1
2019-10-21,16:39:25.008000,11162,11163,11162,1
2019-10-21,16:39:25.760000,11162,11163,11162,1
2019-10-21,16:40:25.582000,11162,11163,11163,1
2019-10-21,16:41:16.367000,11162,11163,11162,3
2019-10-21,16:41:19.615000,11162,11163,11162,20
2019-10-21,16:42:45.495000,11161,11162,11161,1
2019-10-21,16:43:06.677000,11161,11162,11162,1
2019-10-21,16:43:33.970000,11161,11162,11162,1
2019-10-21,16:43:47.410000,11161,11162,11162,1
2019-10-21,16:44:00.057000,11161,11162,11162,1
2019-10-21,16:44:21.084000,11162,11163,11162,2
2019-10-21,16:44:39.242000,11162,11163,11162,1
2019-10-21,16:44:57.119000,11162,11163,11162,1
2019-10-21,16:45:36.562000,11162,11163,11162,4
2019-10-21,16:46:16,11162,11163,11163,9
2019-10-21,16:46:16.149000,11163,11164,11163,3
2019-10-21,16:46:16.273000,11163,11164,11163,3
2019-10-21,16:46:26.237000,11162,11163,11163,1
2019-10-21,16:46:29.849000,11162,11163,11163,2
2019-10-21,16:46:29.898000,11162,11163,11163,5
2019-10-21,16:46:52.177000,11163,11164,11163,1
2019-10-21,16:48:00.701000,11162,11163,11162,1
2019-10-21,16:48:04.601000,11162,11163,11162,7
2019-10-21,16:48:10.804000,11161,11162,11162,2
2019-10-21,16:49:00.582000,11161,11162,11162,1
2019-10-21,16:49:34.879000,11161,11162,11162,1
2019-10-21,16:50:42.111000,11161,11162,11162,2
2019-10-21,16:51:02.218000,11162,11163,11162,4
2019-10-21,16:51:02.792000,11162,11163,11163,2
2019-10-21,16:51:28.489000,11162,11163,11162,1
2019-10-21,16:52:02.371000,11161,11162,11161,1
2019-10-21,16:52:30.885000,11161,11162,11161,1
2019-10-21,16:52:32.112000,11161,11162,11162,2
2019-10-21,16:52:32.273000,11161,11162,11162,1
2019-10-21,16:52:32.281000,11161,11162,11162,2
2019-10-21,16:52:41.889000,11161,11163,11161,8
2019-10-21,16:52:44.175000,11161,11162,11162,2
2019-10-21,16:52:49.228000,11161,11162,11161,1
2019-10-21,16:53:03.473000,11161,11162,11162,4
2019-10-21,16:53:13.337000,11162,11163,11162,1
2019-10-21,16:53:20.297000,11162,11163,11162,2
2019-10-21,16:53:55.865000,11161,11162,11162,1
2019-10-21,16:54:06.173000,11161,11162,11162,1
2019-10-21,16:54:16.573000,11161,11162,11162,1
2019-10-21,16:54:37.705000,11161,11162,11161,38
2019-10-21,16:54:37.773000,11161,11162,11161,4
2019-10-21,16:54:37.774000,11161,11162,11161,12
2019-10-21,16:54:37.774000,11161,11162,11161,4
2019-10-21,16:54:37.952000,11161,11162,11161,1
2019-10-21,16:54:48.440000,11160,11161,11161,1
2019-10-21,16:55:15.872000,11161,11162,11161,1
2019-10-21,16:55:23.656000,11161,11162,11161,1
2019-10-21,16:55:31.910000,11160,11161,11160,5
2019-10-21,16:55:53.314000,11160,11161,11160,1
2019-10-21,16:55:58.960000,11160,11161,11161,1
2019-10-21,16:56:12.879000,11160,11161,11161,1
2019-10-21,16:56:34.660000,11160,11161,11161,4
2019-10-21,16:56:49.171000,11160,11161,11160,1
2019-10-21,16:56:54.070000,11160,11161,11160,4
2019-10-21,16:57:13.244000,11160,11161,11160,1
2019-10-21,16:57:14.166000,11160,11161,11160,6
2019-10-21,16:57:14.273000,11160,11161,11160,24
2019-10-21,16:57:14.398000,11160,11161,11160,3
2019-10-21,16:57:14.399000,11160,11161,11160,2
2019-10-21,16:57:18.010000,11159,11160,11159,10
2019-10-21,16:57:18.136000,11159,11160,11159,1
2019-10-21,16:57:18.270000,11159,11160,11159,10
2019-10-21,16:57:20.611000,11159,11160,11159,10
2019-10-21,16:57:25.818000,11159,11160,11159,4
2019-10-21,16:57:48.983000,11159,11160,11160,1
2019-10-21,16:57:54.225000,11159,11160,11159,4
2019-10-21,16:58:02.264000,11159,11160,11159,3
2019-10-21,16:58:03.292000,11159,11160,11159,8
2019-10-21,16:58:18.902000,11159,11160,11159,1
2019-10-21,16:58:23.409000,11159,11160,11160,1
2019-10-21,16:58:29.536000,11159,11160,11159,1
2019-10-21,16:58:32.282000,11159,11160,11159,1
2019-10-21,16:59:21.910000,11159,11160,11160,14
2019-10-21,16:59:31.075000,11159,11160,11160,2
2019-10-21,16:59:46.940000,11160,11161,11160,5
2019-10-21,16:59:59.134000,11160,11161,11160,1
2019-10-21,17:00:35.093000,11160,11161,11160,3
2019-10-21,17:00:59.404000,11160,11161,11160,8
2019-10-21,17:01:00.046000,11160,11161,11160,1
2019-10-21,17:01:07.428000,11160,11161,11160,1
2019-10-21,17:01:14.910000,11160,11161,11160,2
2019-10-21,17:02:15.909000,11160,11161,11160,1
2019-10-21,17:03:24.622000,11160,11161,11161,1
2019-10-21,17:03:53.324000,11160,11161,11160,1
2019-10-21,17:03:54.818000,11160,11161,11160,1
2019-10-21,17:03:55.287000,11160,11161,11160,1
2019-10-21,17:03:55.557000,11160,11161,11160,1
2019-10-21,17:03:55.789000,11160,11161,11160,1
2019-10-21,17:03:57.233000,11160,11161,11160,1
2019-10-21,17:04:02.188000,11160,11161,11160,1
2019-10-21,17:04:02.225000,11160,11161,11160,1
2019-10-21,17:04:02.423000,11160,11161,11160,1
2019-10-21,17:04:03.129000,11160,11161,11160,1
2019-10-21,17:04:03.370000,11160,11161,11160,1
2019-10-21,17:04:18.024000,11160,11161,11160,5
2019-10-21,17:05:42.313000,11160,11161,11160,10
2019-10-21,17:06:06.491000,11160,11161,11160,1
2019-10-21,17:06:38.379000,11160,11161,11161,9
2019-10-21,17:06:38.389000,11160,11161,11161,3
2019-10-21,17:06:38.393000,11160,11161,11161,10
2019-10-21,17:06:38.393000,11160,11161,11161,10
2019-10-21,17:06:46.392000,11161,11162,11162,10
2019-10-21,17:06:46.392000,11161,11162,11162,2
2019-10-21,17:06:46.399000,11161,11162,11162,1
2019-10-21,17:07:00.505000,11162,11163,11162,1
2019-10-21,17:07:00.759000,11162,11163,11163,1
2019-10-21,17:07:01.218000,11162,11163,11163,1
2019-10-21,17:07:01.385000,11162,11163,11163,1
2019-10-21,17:07:13.139000,11162,11163,11163,1
2019-10-21,17:07:14.546000,11162,11163,11162,2
2019-10-21,17:07:23.431000,11161,11162,11162,1
2019-10-21,17:07:38.692000,11161,11162,11161,1
2019-10-21,17:07:40.857000,11161,11162,11161,1
2019-10-21,17:07:44.277000,11161,11162,11161,1
2019-10-21,17:07:48.687000,11161,11162,11161,1
2019-10-21,17:07:49.880000,11161,11162,11161,1
2019-10-21,17:07:54.912000,11161,11162,11161,1
2019-10-21,17:08:22.001000,11160,11161,11161,7
2019-10-21,17:08:24.101000,11161,11162,11161,5
2019-10-21,17:09:24.218000,11160,11161,11161,1
2019-10-21,17:09:28.335000,11160,11161,11161,1
2019-10-21,17:09:30.065000,11160,11161,11161,1
2019-10-21,17:09:53.023000,11160,11161,11161,8
2019-10-21,17:09:53.148000,11160,11161,11161,1
2019-10-21,17:10:43.909000,11160,11161,11161,1
2019-10-21,17:10:44.540000,11161,11162,11162,1
2019-10-21,17:10:59.444000,11161,11162,11162,1
2019-10-21,17:11:01.541000,11161,11162,11161,1
2019-10-21,17:11:03.103000,11161,11162,11162,1
2019-10-21,17:11:09.313000,11161,11162,11161,5
2019-10-21,17:11:33.514000,11160,11161,11161,1
2019-10-21,17:11:40.382000,11160,11161,11161,1
2019-10-21,17:12:43.147000,11161,11162,11161,1
2019-10-21,17:12:48.938000,11161,11162,11161,1
2019-10-21,17:12:57.747000,11161,11162,11161,1
2019-10-21,17:13:18.130000,11161,11162,11161,1
2019-10-21,17:14:43.141000,11161,11162,11162,1
2019-10-21,17:14:48.399000,11161,11162,11162,8
2019-10-21,17:14:48.523000,11161,11162,11162,3
2019-10-21,17:14:48.524000,11161,11162,11162,1
2019-10-21,17:15:06.948000,11161,11162,11161,3
2019-10-21,17:15:06.948000,11161,11162,11161,2
2019-10-21,17:15:07.023000,11161,11162,11161,9
2019-10-21,17:15:48.383000,11160,11161,11161,1
2019-10-21,17:15:53.437000,11160,11161,11161,1
2019-10-21,17:16:00.591000,11160,11161,11161,1
2019-10-21,17:16:02.980000,11161,11162,11161,1
2019-10-21,17:16:04.999000,11160,11161,11160,1
2019-10-21,17:16:05.023000,11160,11161,11160,6
2019-10-21,17:16:33.965000,11160,11161,11160,1
2019-10-21,17:16:36.828000,11160,11161,11160,1
2019-10-21,17:16:37.250000,11160,11161,11160,1
2019-10-21,17:16:37.684000,11160,11161,11160,1
2019-10-21,17:16:48.118000,11160,11161,11160,1
2019-10-21,17:16:48.910000,11160,11161,11160,8
2019-10-21,17:16:51.020000,11160,11161,11160,3
2019-10-21,17:16:51.023000,11160,11161,11160,11
2019-10-21,17:16:51.032000,11160,11161,11160,1
2019-10-21,17:16:51.071000,11160,11161,11160,1
2019-10-21,17:16:51.072000,11160,11161,11160,1
2019-10-21,17:16:59.348000,11159,11160,11159,1
2019-10-21,17:16:59.707000,11159,11160,11159,1
2019-10-21,17:16:59.759000,11159,11160,11159,1
2019-10-21,17:17:02.176000,11159,11160,11159,1
2019-10-21,17:18:02.328000,11159,11160,11159,7
2019-10-21,17:18:17.227000,11159,11160,11159,1
2019-10-21,17:18:22.902000,11159,11160,11159,21
2019-10-21,17:18:37.282000,11158,11159,11159,24
2019-10-21,17:18:57.594000,11159,11160,11159,1
2019-10-21,17:19:22.660000,11159,11160,11159,1
2019-10-21,17:19:26.541000,11159,11160,11160,2
2019-10-21,17:19:34.242000,11159,11160,11160,1
2019-10-21,17:19:38.324000,11159,11160,11160,1
2019-10-21,17:19:46.936000,11160,11161,11160,7
2019-10-21,17:19:48.882000,11159,11161,11159,1
2019-10-21,17:19:57.830000,11159,11160,11159,3
2019-10-21,17:20:27.544000,11159,11160,11159,1
2019-10-21,17:20:31.384000,11159,11160,11159,1
2019-10-21,17:20:32.057000,11159,11160,11159,2
2019-10-21,17:20:43.109000,11159,11160,11159,1
2019-10-21,17:21:15.151000,11159,11160,11159,2
2019-10-21,17:21:24.389000,11159,11160,11159,6
2019-10-21,17:21:24.389000,11159,11160,11159,9
2019-10-21,17:21:24.390000,11159,11160,11159,4
2019-10-21,17:21:24.390000,11159,11160,11159,1
2019-10-21,17:21:24.399000,11159,11160,11159,2
2019-10-21,17:21:24.399000,11159,11160,11159,2
2019-10-21,17:21:29.346000,11158,11160,11160,1
2019-10-21,17:21:38.164000,11158,11160,11158,1
2019-10-21,17:21:38.379000,11158,11160,11158,1
2019-10-21,17:22:06.531000,11159,11160,11159,1
2019-10-21,17:22:07.858000,11159,11160,11159,1
2019-10-21,17:22:30.582000,11159,11160,11159,1
2019-10-21,17:23:01.837000,11158,11159,11159,2
2019-10-21,17:23:02.197000,11158,11159,11159,3
2019-10-21,17:23:02.287000,11158,11160,11160,1
2019-10-21,17:23:02.304000,11158,11160,11160,2
2019-10-21,17:23:02.317000,11158,11160,11160,1
2019-10-21,17:23:02.374000,11158,11160,11160,3
2019-10-21,17:23:02.379000,11158,11160,11160,2
2019-10-21,17:23:02.392000,11158,11160,11160,1
2019-10-21,17:23:02.393000,11158,11160,11160,3
2019-10-21,17:23:02.396000,11158,11160,11160,3
2019-10-21,17:23:02.417000,11159,11160,11160,3
2019-10-21,17:23:02.425000,11159,11160,11160,2
2019-10-21,17:23:02.425000,11159,11160,11161,2
2019-10-21,17:23:02.450000,11159,11160,11160,1
2019-10-21,17:23:02.463000,11159,11160,11160,1
2019-10-21,17:23:02.465000,11159,11160,11160,1
2019-10-21,17:23:02.465000,11159,11160,11161,1
2019-10-21,17:23:02.486000,11159,11160,11161,1
2019-10-21,17:23:02.579000,11160,11161,11161,3
2019-10-21,17:23:02.590000,11160,11161,11161,1
2019-10-21,17:23:02.627000,11160,11161,11161,2
2019-10-21,17:23:02.638000,11160,11161,11161,3
2019-10-21,17:23:02.640000,11160,11161,11161,3
2019-10-21,17:23:02.772000,11160,11161,11161,2
2019-10-21,17:23:02.791000,11160,11161,11161,3
2019-10-21,17:23:02.796000,11160,11161,11161,2
2019-10-21,17:23:02.813000,11160,11161,11161,2
2019-10-21,17:23:02.817000,11160,11161,11162,1
2019-10-21,17:23:02.820000,11160,11161,11162,3
2019-10-21,17:23:02.822000,11160,11161,11162,3
2019-10-21,17:23:26.207000,11160,11161,11160,2
2019-10-21,17:25:10.102000,11159,11160,11160,1
2019-10-21,17:25:10.159000,11159,11160,11160,1
2019-10-21,17:25:30.225000,11159,11160,11160,1
2019-10-21,17:25:44.098000,11159,11160,11160,1
2019-10-21,17:25:44.810000,11159,11160,11160,17
2019-10-21,17:25:57.486000,11159,11160,11160,1
2019-10-21,17:26:26.444000,11159,11160,11160,1
2019-10-21,17:27:49.806000,11159,11160,11160,5
2019-10-21,17:27:49.898000,11159,11160,11160,1
2019-10-21,17:27:56.310000,11160,11161,11161,1
2019-10-21,17:28:22.597000,11160,11161,11160,1
2019-10-21,17:28:52.765000,11160,11161,11160,1
2019-10-21,17:29:08.543000,11160,11161,11160,1
2019-10-21,17:29:14.497000,11160,11161,11160,1
2019-10-21,17:29:51.609000,11160,11161,11160,1
2019-10-21,17:30:01.645000,11160,11161,11160,1
2019-10-21,17:30:02.425000,11159,11160,11160,1
2019-10-21,17:30:08.508000,11160,11161,11160,1
2019-10-21,17:30:39.059000,11160,11161,11160,5
2019-10-21,17:30:39.059000,11160,11161,11159,2
2019-10-21,17:31:09.789000,11159,11160,11160,6
2019-10-21,17:31:10.289000,11160,11161,11160,2
2019-10-21,17:31:45.122000,11160,11161,11160,1
2019-10-21,17:31:59.361000,11160,11161,11160,1
2019-10-21,17:32:05.763000,11160,11161,11160,1
2019-10-21,17:32:33.993000,11159,11160,11159,2
2019-10-21,17:32:34.588000,11159,11160,11159,2
2019-10-21,17:32:34.748000,11159,11160,11159,5
2019-10-21,17:32:34.773000,11159,11160,11159,9
2019-10-21,17:32:38.570000,11158,11159,11159,1
2019-10-21,17:32:41.648000,11158,11159,11159,3
2019-10-21,17:32:52.391000,11158,11159,11159,1
2019-10-21,17:33:25.855000,11159,11160,11159,2
2019-10-21,17:33:54.853000,11159,11160,11159,5
2019-10-21,17:34:21.477000,11159,11160,11160,7
2019-10-21,17:34:21.478000,11159,11160,11160,1
2019-10-21,17:34:21.484000,11159,11160,11161,1
2019-10-21,17:34:21.487000,11159,11160,11161,6
2019-10-21,17:34:21.487000,11159,11160,11161,3
2019-10-21,17:34:21.522000,11159,11160,11161,1
2019-10-21,17:34:21.524000,11160,11161,11161,20
2019-10-21,17:34:21.524000,11160,11161,11161,2
2019-10-21,17:34:21.904000,11161,11162,11162,4
2019-10-21,17:34:21.905000,11161,11162,11162,5
2019-10-21,17:34:26.459000,11161,11162,11161,1
2019-10-21,17:34:39.148000,11160,11161,11161,1
2019-10-21,17:35:30.819000,11160,11161,11161,2
2019-10-21,17:35:31.312000,11160,11161,11161,2
2019-10-21,17:35:31.386000,11160,11161,11161,1
2019-10-21,17:35:37.540000,11160,11162,11162,2
2019-10-21,17:35:37.562000,11160,11162,11162,2
2019-10-21,17:35:37.614000,11160,11162,11162,1
2019-10-21,17:35:37.664000,11160,11162,11162,1
2019-10-21,17:35:37.717000,11160,11162,11162,1
2019-10-21,17:35:37.754000,11160,11162,11162,2
2019-10-21,17:35:41.261000,11160,11162,11162,2
2019-10-21,17:35:41.380000,11160,11162,11162,1
2019-10-21,17:35:46.813000,11161,11162,11161,1
2019-10-21,17:35:52.316000,11161,11162,11161,1
2019-10-21,17:36:01.529000,11160,11161,11161,5
2019-10-21,17:36:17.311000,11160,11161,11161,1
2019-10-21,17:36:36.399000,11160,11161,11161,1
2019-10-21,17:36:39.616000,11160,11161,11161,1
2019-10-21,17:36:41.357000,11160,11161,11161,2
2019-10-21,17:37:43.629000,11161,11162,11161,8
2019-10-21,17:37:59.218000,11160,11161,11161,1
2019-10-21,17:37:59.218000,11160,11161,11161,1
2019-10-21,17:38:00.419000,11160,11161,11161,2
2019-10-21,17:38:12.451000,11161,11162,11161,1
2019-10-21,17:38:45.551000,11161,11162,11161,6
2019-10-21,17:39:27.400000,11161,11162,11162,1
2019-10-21,17:39:42.303000,11161,11162,11162,1
2019-10-21,17:40:06.523000,11161,11162,11161,5
2019-10-21,17:40:07.144000,11161,11162,11162,1
2019-10-21,17:40:07.434000,11161,11162,11162,1
2019-10-21,17:40:07.477000,11161,11162,11162,1
2019-10-21,17:40:07.552000,11161,11162,11162,1
2019-10-21,17:40:07.854000,11161,11162,11162,1
2019-10-21,17:40:17.788000,11160,11162,11162,1
2019-10-21,17:40:52.421000,11161,11162,11161,10
2019-10-21,17:41:07.898000,11161,11162,11161,8
2019-10-21,17:41:11.497000,11161,11162,11162,11
2019-10-21,17:41:17.001000,11161,11162,11162,2
2019-10-21,17:41:42.510000,11162,11163,11162,2
2019-10-21,17:41:46.612000,11162,11163,11163,1
2019-10-21,17:41:48.450000,11162,11163,11163,1
2019-10-21,17:42:02.765000,11162,11163,11162,1
2019-10-21,17:42:03.441000,11162,11163,11163,20
2019-10-21,17:42:14.915000,11162,11163,11163,1
2019-10-21,17:42:17.415000,11162,11163,11163,1
2019-10-21,17:42:32.459000,11162,11163,11163,1
2019-10-21,17:42:44.611000,11162,11163,11163,1
2019-10-21,17:43:05.753000,11162,11163,11163,1
2019-10-21,17:43:58.718000,11162,11163,11163,1
2019-10-21,17:44:06.108000,11162,11163,11163,1
2019-10-21,17:44:32.798000,11162,11163,11163,1
2019-10-21,17:44:54.519000,11162,11163,11163,4
2019-10-21,17:45:05.472000,11162,11163,11163,1
2019-10-21,17:46:07.475000,11162,11163,11162,1
2019-10-21,17:46:39.270000,11162,11163,11162,1
2019-10-21,17:46:41.323000,11162,11163,11162,1
2019-10-21,17:47:29.130000,11162,11163,11163,30
2019-10-21,17:48:11.565000,11163,11164,11164,1
2019-10-21,17:48:11.761000,11163,11164,11164,1
2019-10-21,17:48:11.766000,11163,11164,11164,1
2019-10-21,17:48:16.479000,11163,11164,11164,1
2019-10-21,17:48:17.726000,11163,11164,11164,1
2019-10-21,17:49:09.973000,11163,11164,11164,10
2019-10-21,17:49:35.548000,11163,11164,11163,1
2019-10-21,17:49:35.553000,11163,11164,11163,3
2019-10-21,17:49:35.648000,11163,11164,11163,8
2019-10-21,17:50:16.248000,11162,11163,11163,1
2019-10-21,17:50:28.937000,11162,11163,11163,1
2019-10-21,17:51:00.687000,11163,11164,11163,1
2019-10-21,17:51:28.994000,11163,11164,11163,4
2019-10-21,17:51:35.668000,11162,11163,11163,4
2019-10-21,17:51:49.147000,11163,11164,11163,1
2019-10-21,17:51:52.423000,11163,11164,11163,1
2019-10-21,17:52:00.851000,11162,11163,11163,1
2019-10-21,17:52:09.628000,11162,11163,11163,2
2019-10-21,17:52:29.445000,11162,11163,11163,1
2019-10-21,17:53:17.666000,11162,11163,11162,1
2019-10-21,17:53:18.589000,11162,11163,11162,1
2019-10-21,17:53:20.089000,11162,11163,11162,1
2019-10-21,17:53:21.552000,11162,11163,11162,1
2019-10-21,17:54:06.643000,11162,11163,11162,7
2019-10-21,17:54:07.771000,11161,11162,11162,7
2019-10-21,17:54:19.541000,11162,11163,11162,2
2019-10-21,17:54:25.791000,11162,11163,11162,2
2019-10-21,17:54:54.620000,11161,11162,11161,1
2019-10-21,17:54:55.499000,11161,11162,11161,1
2019-10-21,17:54:56.904000,11161,11162,11161,1
2019-10-21,17:55:29.919000,11161,11162,11162,2
2019-10-21,17:55:38.471000,11162,11163,11162,1
2019-10-21,17:55:39.183000,11162,11163,11162,1
2019-10-21,17:55:45.326000,11161,11163,11161,1
2019-10-21,17:56:30.877000,11161,11163,11161,1
2019-10-21,17:58:17.844000,11162,11163,11162,1
2019-10-21,17:58:17.936000,11162,11163,11162,1
2019-10-21,17:58:59.248000,11161,11162,11162,5
2019-10-21,17:59:11.416000,11162,11163,11163,2
2019-10-21,17:59:12.041000,11162,11163,11163,2
2019-10-21,17:59:12.667000,11162,11163,11163,2
2019-10-21,17:59:13.292000,11162,11163,11163,2
2019-10-21,17:59:13.912000,11162,11163,11163,2
2019-10-21,17:59:14.913000,11162,11163,11163,2
2019-10-21,17:59:15.549000,11162,11163,11163,2
2019-10-21,17:59:16.541000,11162,11163,11163,2
2019-10-21,17:59:17.174000,11162,11163,11163,2
2019-10-21,17:59:17.916000,11162,11163,11163,2
2019-10-21,17:59:30.921000,11162,11163,11163,2
2019-10-21,17:59:31.612000,11162,11164,11164,1
2019-10-21,17:59:37.218000,11162,11164,11164,1
2019-10-21,17:59:57.202000,11162,11164,11164,1
2019-10-21,17:59:58.950000,11162,11164,11164,1
2019-10-21,18:00:10.227000,11163,11164,11164,1
2019-10-21,18:00:10.781000,11163,11164,11164,2
2019-10-21,18:00:11.336000,11163,11164,11164,1
2019-10-21,18:01:01.157000,11163,11164,11163,1
2019-10-21,18:03:09.660000,11163,11164,11164,1
2019-10-21,18:05:40.667000,11163,11164,11164,5
2019-10-21,18:06:08.387000,11163,11164,11163,1
2019-10-21,18:06:10.529000,11163,11164,11163,1
2019-10-21,18:06:13.262000,11163,11164,11163,1
2019-10-21,18:06:13.273000,11163,11164,11163,8
2019-10-21,18:06:13.399000,11163,11164,11163,2
2019-10-21,18:06:24.417000,11162,11163,11163,1
2019-10-21,18:07:07.929000,11162,11163,11163,3
2019-10-21,18:07:25.735000,11162,11163,11163,1
2019-10-21,18:07:35.148000,11162,11163,11163,1
2019-10-21,18:07:42.742000,11162,11163,11163,2
2019-10-21,18:09:27.212000,11163,11164,11163,1
2019-10-21,18:09:28.171000,11163,11164,11164,7
2019-10-21,18:09:28.800000,11163,11164,11163,1
2019-10-21,18:09:35.437000,11163,11164,11163,1
2019-10-21,18:09:36.657000,11163,11164,11163,1
2019-10-21,18:10:56.438000,11162,11163,11163,1
2019-10-21,18:14:32.988000,11162,11163,11162,1
2019-10-21,18:16:28.540000,11162,11163,11163,13
2019-10-21,18:16:28.648000,11162,11163,11163,7
2019-10-21,18:16:48.459000,11162,11164,11162,1
2019-10-21,18:17:15.510000,11163,11164,11163,1
2019-10-21,18:18:30.380000,11163,11164,11163,1
2019-10-21,18:18:37.154000,11163,11164,11163,1
2019-10-21,18:18:43.723000,11162,11164,11164,1
2019-10-21,18:21:48.900000,11162,11163,11163,1
2019-10-21,18:22:07.865000,11163,11164,11163,1
2019-10-21,18:22:51.199000,11163,11164,11163,1
2019-10-21,18:23:21.244000,11162,11163,11163,4
2019-10-21,18:23:22.865000,11163,11164,11163,3
2019-10-21,18:23:24.926000,11163,11164,11163,1
2019-10-21,18:23:35.881000,11163,11164,11164,1
2019-10-21,18:23:38.409000,11163,11164,11164,1
2019-10-21,18:23:39.200000,11163,11164,11164,1
2019-10-21,18:23:49.857000,11163,11164,11164,2
2019-10-21,18:23:50.025000,11163,11164,11164,2
2019-10-21,18:23:50.326000,11163,11164,11164,2
2019-10-21,18:23:50.399000,11163,11164,11164,26
2019-10-21,18:23:51.379000,11164,11165,11164,10
2019-10-21,18:24:32.453000,11164,11165,11164,1
2019-10-21,18:24:59.553000,11164,11165,11164,2
2019-10-21,18:25:00.245000,11164,11165,11164,2
2019-10-21,18:25:05.504000,11164,11165,11164,1
2019-10-21,18:25:10.983000,11164,11165,11165,1
2019-10-21,18:25:11.052000,11164,11165,11165,4
2019-10-21,18:25:11.268000,11164,11165,11165,1
2019-10-21,18:25:11.268000,11164,11165,11165,1
2019-10-21,18:25:11.279000,11164,11165,11165,1
2019-10-21,18:25:11.315000,11164,11165,11165,2
2019-10-21,18:25:11.320000,11164,11165,11165,2
2019-10-21,18:25:11.465000,11164,11165,11165,1
2019-10-21,18:25:11.670000,11164,11165,11165,12
2019-10-21,18:25:33.358000,11164,11165,11164,1
2019-10-21,18:25:45.372000,11164,11165,11164,1
2019-10-21,18:25:46.560000,11164,11165,11165,1
2019-10-21,18:25:57.711000,11164,11165,11165,1
2019-10-21,18:26:02.941000,11164,11165,11165,1
2019-10-21,18:26:07.649000,11164,11165,11164,1
2019-10-21,18:26:22.758000,11164,11165,11165,4
2019-10-21,18:26:22.773000,11164,11165,11165,11
2019-10-21,18:26:22.777000,11164,11165,11165,51
2019-10-21,18:26:22.873000,11164,11165,11165,3
2019-10-21,18:26:22.899000,11165,11166,11166,1
2019-10-21,18:26:22.899000,11165,11166,11166,12
2019-10-21,18:26:23.888000,11165,11166,11166,2
2019-10-21,18:26:24.064000,11165,11166,11166,2
2019-10-21,18:26:24.232000,11165,11166,11166,2
2019-10-21,18:26:24.408000,11165,11166,11166,2
2019-10-21,18:26:25.022000,11165,11166,11166,2
2019-10-21,18:26:26.176000,11165,11166,11166,2
2019-10-21,18:26:26.712000,11165,11166,11166,2
2019-10-21,18:26:30.216000,11165,11166,11166,2
2019-10-21,18:26:30.400000,11165,11166,11166,2
2019-10-21,18:26:30.536000,11165,11166,11166,2
2019-10-21,18:26:31.125000,11165,11166,11165,1
2019-10-21,18:26:35.508000,11165,11166,11166,2
2019-10-21,18:26:35.524000,11165,11166,11166,5
2019-10-21,18:26:38.664000,11165,11166,11166,1
2019-10-21,18:26:41.347000,11165,11166,11166,3
2019-10-21,18:26:41.347000,11165,11166,11166,1
2019-10-21,18:26:41.347000,11165,11166,11166,1
2019-10-21,18:26:41.348000,11165,11166,11166,5
2019-10-21,18:26:41.348000,11165,11166,11166,1
2019-10-21,18:26:41.348000,11165,11166,11166,3
2019-10-21,18:26:41.348000,11165,11166,11166,3
2019-10-21,18:26:41.348000,11165,11166,11166,1
2019-10-21,18:26:41.348000,11165,11166,11166,2
2019-10-21,18:26:41.348000,11165,11166,11166,4
2019-10-21,18:26:41.348000,11165,11166,11166,1
2019-10-21,18:26:41.351000,11165,11166,11166,1
2019-10-21,18:26:41.352000,11165,11166,11166,6
2019-10-21,18:26:41.398000,11165,11166,11166,2
2019-10-21,18:26:41.399000,11165,11166,11166,5
2019-10-21,18:26:41.405000,11165,11166,11166,1
2019-10-21,18:26:45.213000,11166,11167,11167,1
2019-10-21,18:26:45.342000,11166,11167,11167,2
2019-10-21,18:26:45.521000,11166,11167,11167,1
2019-10-21,18:26:45.735000,11166,11167,11167,1
2019-10-21,18:26:45.737000,11166,11167,11167,1
2019-10-21,18:26:45.834000,11166,11167,11167,3
2019-10-21,18:26:45.946000,11166,11167,11167,1
2019-10-21,18:26:46.008000,11166,11167,11167,5
2019-10-21,18:26:46.009000,11166,11167,11167,5
2019-10-21,18:26:46.089000,11166,11167,11167,1
2019-10-21,18:26:46.097000,11166,11167,11167,1
2019-10-21,18:26:46.101000,11166,11167,11167,1
2019-10-21,18:26:46.107000,11166,11167,11167,1
2019-10-21,18:26:46.111000,11166,11167,11167,1
2019-10-21,18:26:46.120000,11166,11167,11167,1
2019-10-21,18:26:46.372000,11166,11167,11166,1
2019-10-21,18:26:46.375000,11166,11167,11166,16
2019-10-21,18:26:46.812000,11165,11166,11166,2
2019-10-21,18:26:53.912000,11165,11166,11165,1
2019-10-21,18:26:55.269000,11165,11166,11165,1
2019-10-21,18:27:12.320000,11165,11166,11165,1
2019-10-21,18:27:12.880000,11165,11166,11166,1
2019-10-21,18:27:13.324000,11165,11166,11166,1
2019-10-21,18:27:39.047000,11165,11166,11165,1
2019-10-21,18:27:57.225000,11165,11166,11165,7
2019-10-21,18:28:02.087000,11165,11166,11166,1
2019-10-21,18:28:09.378000,11165,11166,11165,2
2019-10-21,18:28:25.215000,11165,11166,11165,7
2019-10-21,18:28:25.273000,11165,11166,11165,3
2019-10-21,18:28:25.274000,11165,11166,11165,1
2019-10-21,18:29:04.581000,11164,11165,11165,1
2019-10-21,18:29:07.461000,11164,11165,11165,1
2019-10-21,18:29:19.475000,11165,11166,11165,1
2019-10-21,18:29:42.365000,11164,11165,11164,1
2019-10-21,18:29:42.899000,11164,11165,11165,1
2019-10-21,18:30:28.386000,11164,11165,11164,12
2019-10-21,18:30:28.399000,11164,11165,11164,5
2019-10-21,18:30:28.650000,11163,11164,11164,5
2019-10-21,18:30:28.680000,11163,11164,11164,2
2019-10-21,18:30:28.711000,11163,11164,11164,2
2019-10-21,18:30:28.790000,11163,11164,11164,2
2019-10-21,18:30:28.888000,11163,11164,11164,3
2019-10-21,18:30:32.648000,11163,11164,11164,1
2019-10-21,18:30:32.649000,11163,11164,11164,1
2019-10-21,18:30:32.649000,11163,11164,11164,1
2019-10-21,18:30:34.387000,11163,11165,11165,1
2019-10-21,18:30:40.084000,11163,11165,11165,1
2019-10-21,18:31:04.064000,11163,11165,11165,3
2019-10-21,18:31:14.891000,11164,11165,11164,1
2019-10-21,18:31:16.962000,11163,11164,11164,1
2019-10-21,18:31:31.046000,11163,11164,11164,1
2019-10-21,18:31:40.063000,11163,11164,11164,1
2019-10-21,18:31:47.328000,11163,11164,11164,3
2019-10-21,18:31:47.328000,11163,11164,11165,4
2019-10-21,18:32:31.413000,11164,11165,11164,1
2019-10-21,18:33:56.882000,11163,11164,11163,12
2019-10-21,18:34:35.963000,11162,11163,11163,1
2019-10-21,18:35:05.881000,11162,11163,11163,1
2019-10-21,18:35:13.252000,11162,11164,11164,1
2019-10-21,18:35:34.072000,11162,11164,11164,1
2019-10-21,18:35:41.398000,11163,11164,11163,1
2019-10-21,18:36:39.545000,11162,11163,11162,1
2019-10-21,18:37:34.790000,11162,11163,11163,1
2019-10-21,18:37:34.891000,11162,11163,11163,2
2019-10-21,18:37:34.898000,11162,11163,11163,3
2019-10-21,18:37:34.898000,11162,11163,11163,1
2019-10-21,18:38:31.193000,11162,11163,11162,1
2019-10-21,18:39:38.256000,11162,11163,11162,20
2019-10-21,18:40:09.681000,11162,11163,11162,1
2019-10-21,18:40:19.094000,11162,11163,11162,4
2019-10-21,18:41:42.145000,11162,11163,11163,7
2019-10-21,18:43:55.038000,11162,11163,11162,1
2019-10-21,18:44:24.862000,11162,11163,11163,9
2019-10-21,18:44:25.008000,11163,11164,11164,3
2019-10-21,18:44:34.451000,11163,11164,11163,1
2019-10-21,18:44:41.375000,11163,11164,11164,2
2019-10-21,18:44:46.765000,11163,11164,11164,1
2019-10-21,18:44:57.838000,11163,11164,11164,1
2019-10-21,18:45:11.091000,11163,11164,11163,10
2019-10-21,18:45:19.306000,11162,11163,11163,1
2019-10-21,18:45:56.378000,11163,11164,11163,2
2019-10-21,18:46:01.540000,11163,11164,11164,2
2019-10-21,18:46:05.967000,11164,11165,11165,2
2019-10-21,18:46:21.372000,11164,11165,11164,1
2019-10-21,18:46:21.868000,11164,11165,11164,7
2019-10-21,18:46:31.642000,11163,11164,11164,1
2019-10-21,18:46:44.027000,11163,11164,11164,1
2019-10-21,18:46:48.447000,11163,11164,11163,1
2019-10-21,18:47:25.246000,11163,11164,11164,2
2019-10-21,18:47:27.206000,11164,11165,11165,1
2019-10-21,18:47:27.209000,11164,11165,11165,1
2019-10-21,18:47:36.713000,11164,11165,11164,1
2019-10-21,18:47:36.713000,11164,11165,11164,1
2019-10-21,18:47:36.714000,11164,11165,11164,2
2019-10-21,18:50:09.928000,11163,11164,11164,5
2019-10-21,18:50:29.667000,11164,11165,11164,1
2019-10-21,18:50:41.646000,11163,11164,11164,5
2019-10-21,18:54:09.580000,11163,11164,11163,3
2019-10-21,18:54:39.799000,11163,11164,11163,7
2019-10-21,18:55:25.209000,11162,11163,11162,1
2019-10-21,18:55:40.082000,11162,11164,11164,4
2019-10-21,18:55:40.082000,11162,11164,11164,3
2019-10-21,18:55:40.385000,11163,11164,11163,1
2019-10-21,18:57:30.898000,11162,11163,11163,1
2019-10-21,18:58:45.307000,11162,11163,11163,1
2019-10-21,18:58:50.988000,11162,11163,11163,1
2019-10-21,19:02:15.945000,11162,11163,11162,1
2019-10-21,19:02:16.896000,11162,11163,11163,1
2019-10-21,19:02:16.896000,11162,11163,11164,1
2019-10-21,19:02:32.622000,11162,11164,11164,2
2019-10-21,19:02:37.980000,11162,11163,11163,3
2019-10-21,19:02:52.024000,11163,11164,11163,1
2019-10-21,19:03:49.900000,11163,11164,11163,2
2019-10-21,19:05:42.903000,11162,11163,11163,1
2019-10-21,19:06:45.355000,11162,11163,11163,1
2019-10-21,19:06:47.319000,11162,11163,11163,1
2019-10-21,19:06:50.547000,11162,11163,11162,1
2019-10-21,19:07:04.078000,11162,11163,11162,1
2019-10-21,19:07:21.633000,11162,11163,11163,1
2019-10-21,19:08:16.154000,11162,11163,11162,1
2019-10-21,19:08:17.799000,11162,11163,11162,1
2019-10-21,19:08:28.804000,11162,11163,11163,1
2019-10-21,19:09:08.581000,11162,11163,11162,1
2019-10-21,19:09:43.188000,11162,11163,11163,1
2019-10-21,19:09:55.628000,11162,11163,11163,1
2019-10-21,19:09:58.981000,11162,11163,11163,1
2019-10-21,19:10:21.539000,11162,11163,11163,1
2019-10-21,19:10:46.504000,11162,11163,11163,1
2019-10-21,19:10:49.471000,11162,11163,11163,1
2019-10-21,19:10:51.656000,11162,11163,11163,1
2019-10-21,19:11:06.814000,11162,11163,11163,1
2019-10-21,19:11:12.753000,11162,11163,11163,1
2019-10-21,19:11:27.268000,11162,11163,11163,1
2019-10-21,19:12:22.085000,11162,11163,11163,1
2019-10-21,19:12:22.148000,11162,11163,11163,1
2019-10-21,19:12:51.675000,11162,11163,11163,1
2019-10-21,19:12:56.479000,11163,11164,11163,1
2019-10-21,19:15:06.324000,11162,11163,11163,1
2019-10-21,19:15:17.816000,11162,11163,11162,2
2019-10-21,19:15:37.222000,11162,11163,11162,1
2019-10-21,19:15:44.344000,11162,11163,11163,1
2019-10-21,19:18:28.342000,11162,11163,11162,1
2019-10-21,19:18:51.613000,11162,11163,11162,2
2019-10-21,19:19:24.327000,11162,11163,11163,2
2019-10-21,19:19:42.513000,11162,11163,11162,2
2019-10-21,19:20:19.252000,11162,11163,11162,1
2019-10-21,19:20:21.722000,11162,11163,11162,11
2019-10-21,19:20:21.773000,11162,11163,11162,7
2019-10-21,19:20:21.773000,11162,11163,11162,1
2019-10-21,19:20:21.898000,11162,11163,11162,3
2019-10-21,19:20:31.617000,11161,11162,11161,8
2019-10-21,19:20:58.404000,11161,11163,11161,1
2019-10-21,19:21:24.084000,11161,11162,11161,3
2019-10-21,19:21:43.786000,11161,11162,11161,1
2019-10-21,19:21:44.430000,11161,11162,11161,1
2019-10-21,19:21:45.184000,11161,11162,11161,1
2019-10-21,19:21:51.164000,11161,11162,11162,1
2019-10-21,19:22:15.154000,11161,11162,11162,1
2019-10-21,19:22:18.553000,11161,11162,11162,1
2019-10-21,19:22:40.098000,11161,11162,11162,1
2019-10-21,19:22:45.973000,11161,11162,11162,1
2019-10-21,19:22:54.613000,11161,11162,11162,1
2019-10-21,19:23:23.236000,11162,11163,11162,1
2019-10-21,19:25:01.456000,11162,11163,11163,1
2019-10-21,19:25:25.900000,11162,11163,11162,1
2019-10-21,19:25:54.725000,11162,11163,11163,10
2019-10-21,19:25:54.773000,11162,11163,11163,10
2019-10-21,19:26:01.719000,11163,11164,11163,1
2019-10-21,19:26:48.804000,11163,11164,11163,1
2019-10-21,19:27:22.400000,11162,11163,11163,2
2019-10-21,19:30:44.368000,11163,11164,11164,1
2019-10-21,19:30:44.368000,11163,11164,11164,1
2019-10-21,19:30:44.368000,11163,11164,11164,11
2019-10-21,19:30:44.368000,11163,11164,11164,1
2019-10-21,19:30:47.692000,11164,11165,11165,1
2019-10-21,19:30:56.609000,11164,11165,11165,8
2019-10-21,19:31:03.606000,11164,11165,11164,1
2019-10-21,19:31:13.865000,11164,11165,11164,1
2019-10-21,19:31:22.034000,11163,11164,11164,1
2019-10-21,19:31:49.587000,11164,11165,11164,1
2019-10-21,19:32:40.113000,11164,11165,11165,1
2019-10-21,19:32:45.781000,11164,11165,11165,1
2019-10-21,19:33:14.436000,11164,11165,11165,2
2019-10-21,19:33:40.660000,11164,11165,11165,1
2019-10-21,19:33:41.613000,11164,11165,11165,2
2019-10-21,19:33:42.186000,11164,11165,11165,2
2019-10-21,19:34:02.972000,11164,11165,11165,10
2019-10-21,19:34:03.178000,11164,11165,11165,10
2019-10-21,19:34:05.829000,11164,11165,11164,1
2019-10-21,19:34:18.839000,11164,11165,11164,4
2019-10-21,19:34:19.983000,11164,11165,11164,5
2019-10-21,19:34:54.631000,11164,11165,11165,2
2019-10-21,19:35:10.587000,11164,11165,11165,1
2019-10-21,19:35:17.409000,11164,11165,11165,2
2019-10-21,19:35:18.614000,11164,11165,11165,2
2019-10-21,19:35:19.642000,11164,11165,11165,9
2019-10-21,19:35:19.919000,11164,11165,11165,2
2019-10-21,19:35:24.783000,11164,11165,11165,1
2019-10-21,19:35:26.419000,11164,11165,11165,1
2019-10-21,19:35:26.506000,11164,11165,11165,2
2019-10-21,19:35:32.337000,11165,11166,11165,3
2019-10-21,19:35:35.006000,11165,11166,11165,1
2019-10-21,19:35:35.019000,11165,11166,11165,1
2019-10-21,19:35:37.357000,11164,11165,11165,2
2019-10-21,19:35:41.577000,11164,11165,11165,1
2019-10-21,19:36:10.897000,11164,11165,11165,2
2019-10-21,19:36:21.877000,11164,11165,11165,6
2019-10-21,19:37:05.203000,11164,11165,11164,1
2019-10-21,19:37:27.883000,11164,11165,11164,1
2019-10-21,19:38:36.620000,11164,11165,11165,3
2019-10-21,19:38:36.648000,11164,11165,11165,8
2019-10-21,19:38:36.773000,11164,11165,11165,3
2019-10-21,19:38:36.774000,11164,11165,11165,5
2019-10-21,19:38:36.774000,11164,11165,11165,2
2019-10-21,19:38:36.899000,11164,11165,11165,3
2019-10-21,19:38:38.426000,11165,11166,11165,1
2019-10-21,19:38:54.974000,11165,11166,11165,1
2019-10-21,19:39:19.594000,11165,11166,11166,5
2019-10-21,19:39:36.911000,11165,11166,11166,1
2019-10-21,19:39:37.884000,11165,11166,11166,2
2019-10-21,19:39:38.071000,11165,11166,11165,1
2019-10-21,19:39:48.851000,11165,11166,11166,1
2019-10-21,19:40:09.667000,11165,11166,11166,1
2019-10-21,19:40:26.473000,11165,11166,11166,2
2019-10-21,19:40:29.149000,11165,11166,11165,6
2019-10-21,19:40:39.789000,11165,11166,11165,1
2019-10-21,19:40:50.326000,11165,11166,11165,1
2019-10-21,19:41:18.289000,11165,11166,11165,1
2019-10-21,19:41:25.325000,11165,11166,11165,1
2019-10-21,19:41:25.325000,11165,11166,11164,1
2019-10-21,19:42:43.326000,11165,11166,11165,5
2019-10-21,19:43:34.351000,11165,11166,11165,1
2019-10-21,19:43:43.736000,11165,11166,11165,1
2019-10-21,19:44:02.214000,11165,11166,11165,4
2019-10-21,19:44:05.631000,11164,11165,11165,1
2019-10-21,19:44:08.603000,11164,11165,11165,1
2019-10-21,19:44:09.002000,11164,11165,11165,1
2019-10-21,19:44:10.186000,11164,11165,11165,1
2019-10-21,19:45:03.262000,11165,11166,11166,4
2019-10-21,19:45:07.473000,11165,11166,11166,2
2019-10-21,19:45:13.311000,11165,11166,11165,1
2019-10-21,19:46:00.710000,11165,11166,11165,2
2019-10-21,19:48:03.781000,11165,11166,11165,2
2019-10-21,19:48:30.099000,11165,11166,11165,1
2019-10-21,19:48:40.191000,11165,11166,11166,1
2019-10-21,19:49:34.489000,11165,11166,11165,1
2019-10-21,19:49:54.505000,11165,11166,11165,5
2019-10-21,19:49:54.985000,11165,11166,11165,8
2019-10-21,19:50:37.472000,11165,11166,11165,1
2019-10-21,19:51:01.029000,11165,11166,11165,1
2019-10-21,19:51:05.227000,11165,11166,11165,1
2019-10-21,19:51:36.802000,11165,11166,11165,2
2019-10-21,19:52:06.533000,11165,11166,11166,1
2019-10-21,19:52:19.117000,11165,11166,11165,2
2019-10-21,19:52:26.128000,11165,11166,11165,3
2019-10-21,19:52:49.088000,11165,11166,11165,1
2019-10-21,19:53:45.174000,11165,11166,11165,1
2019-10-21,19:53:48.245000,11164,11166,11166,5
2019-10-21,19:54:41.919000,11164,11166,11166,6
2019-10-21,19:54:53.933000,11165,11166,11166,5
2019-10-21,19:55:21.904000,11165,11166,11165,1
2019-10-21,19:55:42.039000,11164,11166,11166,7
2019-10-21,19:55:43.775000,11165,11166,11166,2
2019-10-21,19:55:43.776000,11165,11166,11166,1
2019-10-21,19:55:45.092000,11165,11166,11166,6
2019-10-21,19:55:50.595000,11165,11166,11166,1
2019-10-21,19:56:09.228000,11166,11167,11166,1
2019-10-21,19:56:11.417000,11166,11167,11166,1
2019-10-21,19:56:12.914000,11166,11167,11166,1
2019-10-21,19:57:22.283000,11166,11167,11166,1
2019-10-21,19:57:26.036000,11166,11167,11166,3
2019-10-21,19:57:35.374000,11166,11167,11167,1
2019-10-21,19:57:35.492000,11166,11167,11167,1
2019-10-21,19:57:35.702000,11166,11167,11167,2
2019-10-21,19:58:25.969000,11166,11167,11166,2
2019-10-21,19:58:30.875000,11166,11167,11167,1
2019-10-21,19:59:02.072000,11166,11167,11166,1
2019-10-21,19:59:10.235000,11166,11167,11166,1
2019-10-21,19:59:10.605000,11166,11167,11166,1
2019-10-21,19:59:58.077000,11166,11167,11167,1
2019-10-21,20:00:00.081000,11166,11167,11166,1
2019-10-21,20:00:00.092000,11166,11167,11166,10
2019-10-21,20:00:00.092000,11166,11167,11166,8
2019-10-21,20:02:19.086000,11165,11166,11166,1
2019-10-21,20:02:20.662000,11165,11166,11166,1
2019-10-21,20:02:22.073000,11165,11166,11166,1
2019-10-21,20:02:22.731000,11165,11166,11166,8
2019-10-21,20:02:22.732000,11165,11166,11166,17
2019-10-21,20:02:22.732000,11165,11166,11166,3
2019-10-21,20:02:23.048000,11166,11167,11166,2
2019-10-21,20:02:23.055000,11166,11167,11166,1
2019-10-21,20:02:23.362000,11166,11167,11166,1
2019-10-21,20:02:34.843000,11166,11167,11167,1
2019-10-21,20:02:36.690000,11166,11167,11166,5
2019-10-21,20:02:38.940000,11166,11167,11166,1
2019-10-21,20:02:48.217000,11166,11167,11167,1
2019-10-21,20:02:49.949000,11166,11167,11166,1
2019-10-21,20:02:54.550000,11166,11167,11167,1
2019-10-21,20:03:06.384000,11166,11167,11167,4
2019-10-21,20:03:07.734000,11166,11167,11167,1
2019-10-21,20:03:15.847000,11166,11167,11166,1
2019-10-21,20:03:25.206000,11166,11167,11166,1
2019-10-21,20:03:31.820000,11166,11167,11166,1
2019-10-21,20:03:58.347000,11166,11167,11167,1
2019-10-21,20:04:04.553000,11166,11167,11167,2
2019-10-21,20:04:19.182000,11166,11167,11166,2
2019-10-21,20:04:28.723000,11166,11167,11166,2
2019-10-21,20:04:29.037000,11166,11167,11166,2
2019-10-21,20:04:29.351000,11166,11167,11166,2
2019-10-21,20:04:29.664000,11166,11167,11166,2
2019-10-21,20:04:29.979000,11166,11167,11166,1
2019-10-21,20:04:37.320000,11166,11167,11166,1
2019-10-21,20:05:04.896000,11166,11167,11167,1
2019-10-21,20:05:04.911000,11166,11167,11167,1
2019-10-21,20:05:04.918000,11166,11167,11167,3
2019-10-21,20:05:10.291000,11166,11167,11167,1
2019-10-21,20:05:14.651000,11166,11167,11167,1
2019-10-21,20:05:16.352000,11166,11167,11166,1
2019-10-21,20:05:26.769000,11166,11167,11166,4
2019-10-21,20:05:30.164000,11166,11167,11166,2
2019-10-21,20:05:30.164000,11166,11167,11166,2
2019-10-21,20:05:30.164000,11166,11167,11166,1
2019-10-21,20:05:30.164000,11166,11167,11166,1
2019-10-21,20:05:30.164000,11166,11167,11166,1
2019-10-21,20:05:30.164000,11166,11167,11166,3
2019-10-21,20:05:30.164000,11166,11167,11166,2
2019-10-21,20:05:41.023000,11165,11166,11166,2
2019-10-21,20:05:41.216000,11166,11167,11167,3
2019-10-21,20:05:41.284000,11165,11167,11167,1
2019-10-21,20:05:41.295000,11165,11167,11167,1
2019-10-21,20:05:41.303000,11165,11167,11167,1
2019-10-21,20:05:45.773000,11165,11166,11166,1
2019-10-21,20:06:11.301000,11165,11166,11166,1
2019-10-21,20:06:18.405000,11165,11166,11166,1
2019-10-21,20:06:34.515000,11165,11166,11166,1
2019-10-21,20:06:49.401000,11165,11166,11166,1
2019-10-21,20:07:02.170000,11165,11166,11166,2
2019-10-21,20:07:29.947000,11165,11166,11166,1
2019-10-21,20:08:26.877000,11165,11166,11166,7
2019-10-21,20:09:47.879000,11165,11166,11166,3
2019-10-21,20:09:55.200000,11165,11166,11165,1
2019-10-21,20:10:06.991000,11165,11166,11166,3
2019-10-21,20:10:40.348000,11165,11166,11166,1
2019-10-21,20:10:43.294000,11165,11166,11166,1
2019-10-21,20:12:45.663000,11165,11166,11166,1
2019-10-21,20:12:46.071000,11165,11166,11166,1
2019-10-21,20:12:46.110000,11165,11166,11166,1
2019-10-21,20:12:46.219000,11165,11166,11166,4
2019-10-21,20:12:46.286000,11165,11166,11166,1
2019-10-21,20:12:46.964000,11165,11166,11166,1
2019-10-21,20:13:25.107000,11165,11166,11166,2
2019-10-21,20:13:28.287000,11165,11166,11166,1
2019-10-21,20:13:29.514000,11165,11166,11166,1
2019-10-21,20:13:30.791000,11165,11166,11166,2
2019-10-21,20:13:30.960000,11165,11166,11166,1
2019-10-21,20:13:32.540000,11165,11166,11166,1
2019-10-21,20:13:34.106000,11165,11166,11166,1
2019-10-21,20:14:47.074000,11165,11166,11166,1
2019-10-21,20:15:04.209000,11165,11166,11165,1
2019-10-21,20:16:11.715000,11165,11166,11165,1
2019-10-21,20:16:23.112000,11165,11166,11166,2
2019-10-21,20:16:45.048000,11165,11166,11166,1
2019-10-21,20:17:26.483000,11165,11166,11166,10
2019-10-21,20:18:02.034000,11165,11166,11166,2
2019-10-21,20:18:11.250000,11165,11166,11166,4
2019-10-21,20:18:38.797000,11165,11166,11166,2
2019-10-21,20:18:38.989000,11166,11167,11167,3
2019-10-21,20:18:47.582000,11166,11167,11166,2
2019-10-21,20:18:51.833000,11165,11166,11166,5
2019-10-21,20:18:54.917000,11165,11166,11166,3
2019-10-21,20:19:34.612000,11166,11167,11166,6
2019-10-21,20:19:53.529000,11165,11166,11166,1
2019-10-21,20:20:02.307000,11165,11166,11166,1
2019-10-21,20:20:05.025000,11165,11166,11166,3
2019-10-21,20:20:08.335000,11165,11166,11166,1
2019-10-21,20:20:28.512000,11165,11167,11166,1
2019-10-21,20:20:59.845000,11165,11166,11165,1
2019-10-21,20:21:16.430000,11165,11166,11166,1
2019-10-21,20:21:24.420000,11165,11166,11166,4
2019-10-21,20:21:37.881000,11165,11166,11166,1
2019-10-21,20:21:39.482000,11165,11166,11166,1
2019-10-21,20:22:07.280000,11165,11166,11166,2
2019-10-21,20:22:37.731000,11166,11167,11166,3
2019-10-21,20:22:48.041000,11165,11166,11166,3
2019-10-21,20:22:59.847000,11165,11166,11166,1
2019-10-21,20:23:26.864000,11166,11167,11166,2
2019-10-21,20:23:53.103000,11166,11167,11166,1
2019-10-21,20:24:21.400000,11166,11167,11166,1
2019-10-21,20:24:24.757000,11166,11167,11167,1
2019-10-21,20:24:24.826000,11166,11167,11167,3
2019-10-21,20:24:24.962000,11166,11167,11167,3
2019-10-21,20:24:31.815000,11166,11167,11167,1
2019-10-21,20:24:31.842000,11166,11167,11167,1
2019-10-21,20:25:05.049000,11166,11167,11167,6
2019-10-21,20:25:55.692000,11166,11167,11166,2
2019-10-21,20:26:02.261000,11166,11167,11167,2
2019-10-21,20:28:43.438000,11166,11167,11166,1
2019-10-21,20:29:12.511000,11166,11167,11166,1
2019-10-21,20:29:28.032000,11166,11167,11166,1
2019-10-21,20:29:47.051000,11166,11167,11167,1
2019-10-21,20:29:47.072000,11166,11167,11167,1
2019-10-21,20:30:33.299000,11166,11167,11167,1
2019-10-21,20:30:34.605000,11166,11167,11167,1
2019-10-21,20:30:34.905000,11166,11167,11167,6
2019-10-21,20:31:17.835000,11166,11167,11166,1
2019-10-21,20:31:30.530000,11166,11167,11167,2
2019-10-21,20:31:32.224000,11166,11167,11167,1
2019-10-21,20:31:32.274000,11166,11167,11167,7
2019-10-21,20:31:32.884000,11166,11167,11167,1
2019-10-21,20:31:32.962000,11166,11167,11166,1
2019-10-21,20:31:40.390000,11166,11167,11167,2
2019-10-21,20:31:40.840000,11166,11167,11167,2
2019-10-21,20:31:41.741000,11166,11167,11167,2
2019-10-21,20:31:42.832000,11166,11167,11167,2
2019-10-21,20:31:48.598000,11166,11167,11167,2
2019-10-21,20:31:52.554000,11166,11167,11167,2
2019-10-21,20:31:58.483000,11166,11167,11167,2
2019-10-21,20:32:01.977000,11166,11167,11167,2
2019-10-21,20:32:21.557000,11166,11167,11167,2
2019-10-21,20:32:23.201000,11166,11167,11167,2
2019-10-21,20:32:27.506000,11166,11167,11167,4
2019-10-21,20:32:28.262000,11166,11167,11167,2
2019-10-21,20:32:56.063000,11166,11167,11166,1
2019-10-21,20:33:37.245000,11166,11167,11166,1
2019-10-21,20:35:23.502000,11166,11167,11167,2
2019-10-21,20:35:26.021000,11166,11167,11167,2
2019-10-21,20:35:34.084000,11166,11167,11167,2
2019-10-21,20:35:37.991000,11166,11167,11167,2
2019-10-21,20:35:38.023000,11166,11167,11167,3
2019-10-21,20:35:38.536000,11166,11167,11167,8
2019-10-21,20:35:40.028000,11166,11167,11167,2
2019-10-21,20:35:42.176000,11166,11167,11167,2
2019-10-21,20:35:47.371000,11166,11167,11167,2
2019-10-21,20:35:48.774000,11166,11167,11167,1
2019-10-21,20:36:07.007000,11166,11167,11167,6
2019-10-21,20:36:07.007000,11166,11167,11167,7
2019-10-21,20:36:07.086000,11167,11168,11168,3
2019-10-21,20:36:07.211000,11167,11168,11168,1
2019-10-21,20:36:07.234000,11167,11168,11168,2
2019-10-21,20:36:07.280000,11167,11168,11168,1
2019-10-21,20:36:07.386000,11167,11168,11168,1
2019-10-21,20:36:07.415000,11167,11168,11168,1
2019-10-21,20:36:07.450000,11167,11168,11168,1
2019-10-21,20:36:07.473000,11167,11168,11168,1
2019-10-21,20:36:07.517000,11167,11168,11168,4
2019-10-21,20:36:07.535000,11167,11168,11168,1
2019-10-21,20:36:07.547000,11167,11168,11168,1
2019-10-21,20:36:07.547000,11167,11168,11168,1
2019-10-21,20:36:07.547000,11167,11168,11168,1
2019-10-21,20:36:07.547000,11167,11168,11168,2
2019-10-21,20:36:07.547000,11167,11168,11168,2
2019-10-21,20:36:07.547000,11167,11168,11168,1
2019-10-21,20:36:07.547000,11167,11168,11168,6
2019-10-21,20:36:07.547000,11167,11168,11168,8
2019-10-21,20:36:07.548000,11167,11168,11168,2
2019-10-21,20:36:07.548000,11167,11168,11168,1
2019-10-21,20:36:07.549000,11167,11168,11168,12
2019-10-21,20:36:07.549000,11167,11168,11168,16
2019-10-21,20:36:07.549000,11167,11168,11168,12
2019-10-21,20:36:07.550000,11167,11168,11168,4
2019-10-21,20:36:07.550000,11167,11168,11168,1
2019-10-21,20:36:07.550000,11167,11168,11168,4
2019-10-21,20:36:07.550000,11167,11168,11168,6
2019-10-21,20:36:07.551000,11167,11168,11168,4
2019-10-21,20:36:07.551000,11167,11168,11168,4
2019-10-21,20:36:07.551000,11167,11168,11168,4
2019-10-21,20:36:07.552000,11167,11168,11168,2
2019-10-21,20:36:07.607000,11167,11168,11168,1
2019-10-21,20:36:07.607000,11167,11168,11169,1
2019-10-21,20:36:07.625000,11167,11168,11169,1
2019-10-21,20:36:07.643000,11167,11168,11169,2
2019-10-21,20:36:07.644000,11167,11168,11169,3
2019-10-21,20:36:07.648000,11168,11169,11168,2
2019-10-21,20:36:07.649000,11168,11169,11168,3
2019-10-21,20:36:07.649000,11168,11169,11169,1
2019-10-21,20:36:07.649000,11168,11169,11169,3
2019-10-21,20:36:07.651000,11168,11169,11169,2
2019-10-21,20:36:07.655000,11168,11169,11169,2
2019-10-21,20:36:07.663000,11168,11169,11168,2
2019-10-21,20:36:07.668000,11168,11169,11169,2
2019-10-21,20:36:07.670000,11168,11169,11169,1
2019-10-21,20:36:07.686000,11168,11169,11169,4
2019-10-21,20:36:07.687000,11168,11169,11169,1
2019-10-21,20:36:07.695000,11168,11169,11169,8
2019-10-21,20:36:07.695000,11168,11169,11169,2
2019-10-21,20:36:07.704000,11168,11169,11169,1
2019-10-21,20:36:07.718000,11168,11169,11169,1
2019-10-21,20:36:07.723000,11168,11169,11169,1
2019-10-21,20:36:07.732000,11168,11169,11169,2
2019-10-21,20:36:07.736000,11168,11169,11169,2
2019-10-21,20:36:07.736000,11168,11169,11170,1
2019-10-21,20:36:07.737000,11168,11169,11170,4
2019-10-21,20:36:07.738000,11168,11169,11170,1
2019-10-21,20:36:07.740000,11168,11169,11170,2
2019-10-21,20:36:07.751000,11168,11169,11170,1
2019-10-21,20:36:07.773000,11169,11170,11169,3
2019-10-21,20:36:07.774000,11169,11170,11169,6
2019-10-21,20:36:07.775000,11169,11170,11169,1
2019-10-21,20:36:07.780000,11169,11170,11170,1
2019-10-21,20:36:07.783000,11169,11170,11170,2
2019-10-21,20:36:07.785000,11169,11170,11170,2
2019-10-21,20:36:07.790000,11169,11170,11170,1
2019-10-21,20:36:07.817000,11169,11170,11170,1
2019-10-21,20:36:07.842000,11169,11170,11170,1
2019-10-21,20:36:07.843000,11169,11170,11170,1
2019-10-21,20:36:07.883000,11169,11170,11170,1
2019-10-21,20:36:07.898000,11169,11170,11169,1
2019-10-21,20:36:07.927000,11169,11170,11170,1
2019-10-21,20:36:07.946000,11169,11170,11170,1
2019-10-21,20:36:07.946000,11169,11170,11170,1
2019-10-21,20:36:07.947000,11169,11170,11170,1
2019-10-21,20:36:07.954000,11169,11170,11170,1
2019-10-21,20:36:07.975000,11169,11170,11170,1
2019-10-21,20:36:07.980000,11169,11170,11170,1
2019-10-21,20:36:07.981000,11169,11170,11170,2
2019-10-21,20:36:07.984000,11169,11170,11170,1
2019-10-21,20:36:07.985000,11169,11170,11170,1
2019-10-21,20:36:07.985000,11169,11170,11170,1
2019-10-21,20:36:07.987000,11169,11170,11170,2
2019-10-21,20:36:07.991000,11169,11170,11170,1
2019-10-21,20:36:07.995000,11169,11170,11170,2
2019-10-21,20:36:08.002000,11169,11170,11170,1
2019-10-21,20:36:08.009000,11169,11170,11170,4
2019-10-21,20:36:08.017000,11169,11170,11170,3
2019-10-21,20:36:08.017000,11169,11170,11170,1
2019-10-21,20:36:08.019000,11169,11170,11170,1
2019-10-21,20:36:08.019000,11169,11170,11170,1
2019-10-21,20:36:08.024000,11169,11170,11170,1
2019-10-21,20:36:08.025000,11169,11170,11170,2
2019-10-21,20:36:08.077000,11169,11170,11170,2
2019-10-21,20:36:08.104000,11169,11170,11170,1
2019-10-21,20:36:08.137000,11169,11170,11170,2
2019-10-21,20:36:08.180000,11169,11170,11170,1
2019-10-21,20:36:08.206000,11169,11170,11170,1
2019-10-21,20:36:08.227000,11169,11170,11170,1
2019-10-21,20:36:08.232000,11169,11170,11170,2
2019-10-21,20:36:08.238000,11169,11170,11170,1
2019-10-21,20:36:08.241000,11169,11170,11170,3
2019-10-21,20:36:08.267000,11169,11170,11170,1
2019-10-21,20:36:08.273000,11169,11170,11170,4
2019-10-21,20:36:08.278000,11169,11170,11170,2
2019-10-21,20:36:08.285000,11169,11170,11170,1
2019-10-21,20:36:08.289000,11169,11170,11171,1
2019-10-21,20:36:08.323000,11169,11170,11171,1
2019-10-21,20:36:08.324000,11169,11170,11171,1
2019-10-21,20:36:08.328000,11169,11170,11171,2
2019-10-21,20:36:08.349000,11169,11170,11170,1
2019-10-21,20:36:08.356000,11169,11170,11170,1
2019-10-21,20:36:08.398000,11169,11170,11170,1
2019-10-21,20:36:08.434000,11169,11170,11171,2
2019-10-21,20:36:08.446000,11169,11170,11170,1
2019-10-21,20:36:08.446000,11169,11170,11170,1
2019-10-21,20:36:08.470000,11169,11170,11171,1
2019-10-21,20:36:08.473000,11169,11170,11171,3
2019-10-21,20:36:08.475000,11169,11170,11171,1
2019-10-21,20:36:08.476000,11169,11170,11171,3
2019-10-21,20:36:08.490000,11169,11170,11171,2
2019-10-21,20:36:08.523000,11170,11171,11170,1
2019-10-21,20:36:08.526000,11170,11171,11171,1
2019-10-21,20:36:08.529000,11170,11171,11171,1
2019-10-21,20:36:08.541000,11170,11171,11171,2
2019-10-21,20:36:08.544000,11170,11171,11171,2
2019-10-21,20:36:08.544000,11170,11171,11171,2
2019-10-21,20:36:08.550000,11170,11171,11171,1
2019-10-21,20:36:08.555000,11170,11171,11171,1
2019-10-21,20:36:08.573000,11170,11171,11170,3
2019-10-21,20:36:08.575000,11170,11171,11171,3
2019-10-21,20:36:08.579000,11170,11171,11171,1
2019-10-21,20:36:08.584000,11170,11171,11170,3
2019-10-21,20:36:08.585000,11170,11171,11171,2
2019-10-21,20:36:08.591000,11170,11171,11171,1
2019-10-21,20:36:08.634000,11170,11171,11171,1
2019-10-21,20:36:08.651000,11169,11171,11171,1
2019-10-21,20:36:08.652000,11169,11171,11171,1
2019-10-21,20:36:08.656000,11169,11171,11171,1
2019-10-21,20:36:08.664000,11169,11171,11171,1
2019-10-21,20:36:08.665000,11169,11171,11171,1
2019-10-21,20:36:08.666000,11169,11171,11170,1
2019-10-21,20:36:08.682000,11169,11171,11171,1
2019-10-21,20:36:08.690000,11169,11171,11171,1
2019-10-21,20:36:08.692000,11169,11171,11171,1
2019-10-21,20:36:08.707000,11169,11171,11171,3
2019-10-21,20:36:08.720000,11169,11171,11171,1
2019-10-21,20:36:08.733000,11169,11171,11171,1
2019-10-21,20:36:08.787000,11170,11171,11171,1
2019-10-21,20:36:08.796000,11170,11171,11170,1
2019-10-21,20:36:08.818000,11170,11171,11171,1
2019-10-21,20:36:08.855000,11170,11171,11171,1
2019-10-21,20:36:08.870000,11170,11171,11171,1
2019-10-21,20:36:08.920000,11170,11171,11171,1
2019-10-21,20:36:08.946000,11170,11171,11171,4
2019-10-21,20:36:09.123000,11170,11171,11171,1
2019-10-21,20:36:09.140000,11170,11171,11171,1
2019-10-21,20:36:09.141000,11170,11171,11171,1
2019-10-21,20:36:09.253000,11170,11171,11171,1
2019-10-21,20:36:09.260000,11170,11171,11171,4
2019-10-21,20:36:09.273000,11170,11171,11171,2
2019-10-21,20:36:09.301000,11170,11171,11171,1
2019-10-21,20:36:09.306000,11170,11171,11171,1
2019-10-21,20:36:09.318000,11170,11171,11171,1
2019-10-21,20:36:09.400000,11170,11171,11171,2
2019-10-21,20:36:09.401000,11170,11171,11171,1
2019-10-21,20:36:09.653000,11171,11172,11171,3
2019-10-21,20:36:09.761000,11171,11172,11172,1
2019-10-21,20:36:09.762000,11171,11172,11172,3
2019-10-21,20:36:09.764000,11171,11172,11172,2
2019-10-21,20:36:09.807000,11171,11172,11172,3
2019-10-21,20:36:09.815000,11171,11172,11172,4
2019-10-21,20:36:09.816000,11171,11172,11172,3
2019-10-21,20:36:09.892000,11171,11172,11172,1
2019-10-21,20:36:09.901000,11171,11172,11171,5
2019-10-21,20:36:09.915000,11171,11172,11172,1
2019-10-21,20:36:09.918000,11171,11172,11172,1
2019-10-21,20:36:09.924000,11171,11172,11172,1
2019-10-21,20:36:09.984000,11171,11172,11172,1
2019-10-21,20:36:09.993000,11171,11172,11172,1
2019-10-21,20:36:09.994000,11171,11172,11172,1
2019-10-21,20:36:10.008000,11171,11172,11172,2
2019-10-21,20:36:10.040000,11171,11172,11172,4
2019-10-21,20:36:10.077000,11171,11172,11172,1
2019-10-21,20:36:10.094000,11171,11172,11172,1
2019-10-21,20:36:10.094000,11171,11172,11172,2
2019-10-21,20:36:10.104000,11171,11172,11172,1
2019-10-21,20:36:10.133000,11171,11172,11172,1
2019-10-21,20:36:10.149000,11171,11172,11172,2
2019-10-21,20:36:10.910000,11170,11171,11171,1
2019-10-21,20:36:11.756000,11170,11171,11170,10
2019-10-21,20:36:11.904000,11169,11170,11169,3
2019-10-21,20:36:12.467000,11169,11170,11169,2
2019-10-21,20:36:13.418000,11169,11170,11170,1
2019-10-21,20:36:13.481000,11169,11170,11170,1
2019-10-21,20:36:23.217000,11169,11170,11169,1
2019-10-21,20:36:25.457000,11169,11170,11169,3
2019-10-21,20:36:27.139000,11168,11169,11168,4
2019-10-21,20:36:27.591000,11167,11168,11168,2
2019-10-21,20:36:28.055000,11167,11168,11168,2
2019-10-21,20:36:28.423000,11167,11168,11168,2
2019-10-21,20:36:28.669000,11167,11168,11168,2
2019-10-21,20:36:28.741000,11167,11168,11168,1
2019-10-21,20:36:28.902000,11167,11168,11168,2
2019-10-21,20:36:29.102000,11167,11168,11168,2
2019-10-21,20:36:29.475000,11168,11169,11169,2
2019-10-21,20:36:29.920000,11168,11169,11168,6
2019-10-21,20:36:37.966000,11168,11169,11169,1
2019-10-21,20:36:40.588000,11169,11170,11170,2
2019-10-21,20:36:43.693000,11169,11170,11169,1
2019-10-21,20:36:47.521000,11169,11170,11170,5
2019-10-21,20:36:48.096000,11169,11170,11169,2
2019-10-21,20:36:57.050000,11169,11170,11170,5
2019-10-21,20:36:58.768000,11169,11170,11170,1
2019-10-21,20:37:02.309000,11170,11171,11170,1
2019-10-21,20:37:03.138000,11170,11171,11171,1
2019-10-21,20:37:08.072000,11170,11171,11171,2
2019-10-21,20:37:08.480000,11170,11171,11171,1
2019-10-21,20:37:10.716000,11170,11171,11171,1
2019-10-21,20:37:12.410000,11170,11171,11171,1
2019-10-21,20:37:13.006000,11170,11171,11171,1
2019-10-21,20:37:13.156000,11170,11171,11171,1
2019-10-21,20:37:14.348000,11170,11171,11170,1
2019-10-21,20:37:18.154000,11170,11171,11171,1
2019-10-21,20:37:23.380000,11170,11171,11170,2
2019-10-21,20:37:41.226000,11170,11171,11170,1
2019-10-21,20:37:45.967000,11170,11171,11171,5
2019-10-21,20:37:49.631000,11170,11171,11171,1
2019-10-21,20:37:51.119000,11170,11171,11171,1
2019-10-21,20:37:51.143000,11170,11171,11171,1
2019-10-21,20:37:57.988000,11170,11171,11171,5
2019-10-21,20:37:59.407000,11170,11171,11171,5
2019-10-21,20:38:02.266000,11170,11171,11171,5
2019-10-21,20:38:04.985000,11170,11171,11171,5
2019-10-21,20:38:06.090000,11170,11171,11171,1
2019-10-21,20:38:10.505000,11170,11171,11171,1
2019-10-21,20:38:18.559000,11170,11171,11171,2
2019-10-21,20:38:22.920000,11170,11171,11171,1
2019-10-21,20:38:26.541000,11170,11171,11171,1
2019-10-21,20:38:26.703000,11170,11171,11171,3
2019-10-21,20:38:30.153000,11170,11171,11171,10
2019-10-21,20:38:33.399000,11170,11171,11170,9
2019-10-21,20:38:44.279000,11170,11171,11170,1
2019-10-21,20:38:47.813000,11170,11171,11170,2
2019-10-21,20:38:49.451000,11170,11171,11171,1
2019-10-21,20:38:55.015000,11170,11171,11171,1
2019-10-21,20:38:56.489000,11170,11171,11171,3
