2019-09-03,15:00:00.083000,10539,10540,10540,70
2019-09-03,15:00:00.091000,10540,10541,10541,1
2019-09-03,15:00:00.132000,10540,10541,10541,1
2019-09-03,15:00:00.173000,10540,10541,10541,1
2019-09-03,15:00:00.223000,10540,10541,10542,1
2019-09-03,15:00:00.424000,10540,10542,10540,1
2019-09-03,15:00:00.469000,10540,10542,10542,1
2019-09-03,15:00:00.683000,10540,10542,10540,2
2019-09-03,15:00:00.791000,10540,10542,10540,1
2019-09-03,15:00:00.809000,10540,10542,10540,1
2019-09-03,15:00:00.809000,10540,10542,10540,1
2019-09-03,15:00:00.886000,10540,10541,10540,1
2019-09-03,15:00:00.886000,10540,10541,10540,1
2019-09-03,15:00:00.925000,10540,10541,10540,2
2019-09-03,15:00:01.122000,10540,10541,10540,2
2019-09-03,15:00:01.266000,10539,10540,10539,1
2019-09-03,15:00:01.511000,10539,10540,10539,2
2019-09-03,15:00:01.522000,10539,10540,10539,2
2019-09-03,15:00:01.656000,10539,10540,10539,6
2019-09-03,15:00:01.657000,10539,10540,10538,1
2019-09-03,15:00:01.875000,10538,10540,10538,1
2019-09-03,15:00:01.889000,10538,10539,10538,1
2019-09-03,15:00:02.011000,10538,10539,10538,9
2019-09-03,15:00:02.135000,10538,10539,10538,1
2019-09-03,15:00:02.215000,10538,10539,10538,2
2019-09-03,15:00:02.389000,10538,10539,10539,1
2019-09-03,15:00:02.457000,10538,10539,10539,2
2019-09-03,15:00:02.498000,10538,10539,10538,1
2019-09-03,15:00:02.723000,10538,10539,10538,1
2019-09-03,15:00:04.049000,10538,10539,10538,8
2019-09-03,15:00:04.822000,10538,10539,10538,1
2019-09-03,15:00:04.839000,10538,10539,10538,5
2019-09-03,15:00:05.686000,10538,10539,10538,1
2019-09-03,15:00:06.069000,10538,10539,10538,3
2019-09-03,15:00:06.069000,10538,10539,10537,2
2019-09-03,15:00:06.173000,10538,10539,10538,1
2019-09-03,15:00:06.173000,10538,10539,10537,1
2019-09-03,15:00:06.198000,10538,10539,10537,5
2019-09-03,15:00:06.199000,10538,10539,10537,15
2019-09-03,15:00:06.199000,10538,10539,10537,8
2019-09-03,15:00:06.199000,10538,10539,10536,7
2019-09-03,15:00:06.254000,10538,10539,10539,7
2019-09-03,15:00:06.310000,10536,10539,10537,4
2019-09-03,15:00:06.310000,10536,10539,10536,1
2019-09-03,15:00:06.326000,10536,10539,10537,4
2019-09-03,15:00:06.326000,10536,10539,10536,11
2019-09-03,15:00:06.379000,10536,10539,10537,1
2019-09-03,15:00:06.488000,10536,10539,10537,1
2019-09-03,15:00:06.514000,10537,10538,10538,1
2019-09-03,15:00:06.535000,10537,10538,10538,1
2019-09-03,15:00:06.536000,10537,10538,10538,1
2019-09-03,15:00:06.564000,10537,10538,10538,1
2019-09-03,15:00:06.913000,10537,10538,10537,1
2019-09-03,15:00:06.974000,10537,10538,10537,1
2019-09-03,15:00:08.395000,10537,10538,10537,1
2019-09-03,15:00:08.528000,10537,10538,10538,2
2019-09-03,15:00:08.645000,10537,10538,10538,1
2019-09-03,15:00:09.327000,10537,10538,10538,1
2019-09-03,15:00:10.408000,10538,10539,10538,1
2019-09-03,15:00:11.347000,10538,10539,10538,1
2019-09-03,15:00:11.789000,10538,10539,10539,1
2019-09-03,15:00:13.096000,10538,10539,10538,1
2019-09-03,15:00:14.449000,10538,10539,10538,2
2019-09-03,15:00:14.473000,10538,10539,10538,3
2019-09-03,15:00:14.497000,10538,10539,10538,1
2019-09-03,15:00:14.511000,10538,10539,10538,6
2019-09-03,15:00:15.175000,10537,10538,10537,1
2019-09-03,15:00:15.176000,10537,10538,10537,1
2019-09-03,15:00:15.177000,10537,10538,10537,1
2019-09-03,15:00:15.185000,10537,10538,10537,3
2019-09-03,15:00:15.185000,10537,10538,10537,3
2019-09-03,15:00:15.201000,10537,10538,10537,3
2019-09-03,15:00:15.299000,10536,10538,10536,2
2019-09-03,15:00:15.896000,10536,10538,10538,1
2019-09-03,15:00:15.942000,10536,10538,10538,1
2019-09-03,15:00:18.465000,10536,10538,10536,12
2019-09-03,15:00:18.884000,10536,10537,10536,4
2019-09-03,15:00:20.996000,10536,10538,10538,1
2019-09-03,15:00:25.775000,10537,10538,10538,1
2019-09-03,15:00:25.792000,10537,10538,10538,1
2019-09-03,15:00:28.233000,10537,10538,10537,4
2019-09-03,15:00:28.241000,10537,10538,10538,1
2019-09-03,15:00:28.550000,10537,10538,10537,3
2019-09-03,15:00:28.915000,10537,10538,10537,1
2019-09-03,15:00:29.011000,10536,10537,10537,1
2019-09-03,15:00:30.415000,10537,10538,10537,1
2019-09-03,15:00:30.871000,10537,10538,10537,1
2019-09-03,15:00:31.748000,10537,10538,10537,2
2019-09-03,15:00:32.089000,10537,10538,10538,1
2019-09-03,15:00:32.788000,10537,10538,10537,1
2019-09-03,15:00:35.511000,10536,10537,10537,1
2019-09-03,15:00:35.738000,10536,10538,10536,1
2019-09-03,15:00:36.127000,10536,10538,10536,1
2019-09-03,15:00:36.386000,10536,10537,10536,1
2019-09-03,15:00:36.422000,10536,10537,10537,1
2019-09-03,15:00:40.407000,10536,10537,10536,1
2019-09-03,15:00:40.473000,10536,10537,10537,4
2019-09-03,15:00:40.529000,10536,10537,10537,1
2019-09-03,15:00:41.570000,10537,10538,10538,1
2019-09-03,15:00:42.740000,10537,10538,10537,1
2019-09-03,15:00:42.957000,10537,10538,10537,4
2019-09-03,15:00:42.960000,10537,10538,10537,1
2019-09-03,15:00:43.175000,10537,10538,10537,1
2019-09-03,15:00:43.322000,10537,10538,10537,1
2019-09-03,15:00:44.070000,10537,10538,10537,1
2019-09-03,15:00:45.063000,10536,10537,10537,1
2019-09-03,15:00:45.344000,10536,10537,10537,1
2019-09-03,15:00:47.173000,10536,10537,10537,3
2019-09-03,15:00:50.154000,10536,10537,10537,1
2019-09-03,15:00:50.719000,10536,10537,10537,1
2019-09-03,15:00:50.923000,10536,10537,10536,1
2019-09-03,15:00:51.113000,10536,10537,10536,1
2019-09-03,15:00:52.185000,10536,10537,10537,3
2019-09-03,15:00:54.043000,10536,10537,10537,1
2019-09-03,15:00:55.511000,10536,10537,10536,1
2019-09-03,15:00:59.447000,10536,10537,10537,1
2019-09-03,15:01:00.020000,10536,10537,10536,1
2019-09-03,15:01:00.136000,10536,10537,10536,1
2019-09-03,15:01:00.136000,10536,10537,10536,2
2019-09-03,15:01:00.148000,10536,10537,10536,1
2019-09-03,15:01:00.247000,10536,10537,10536,1
2019-09-03,15:01:00.333000,10536,10537,10537,1
2019-09-03,15:01:02.104000,10536,10537,10537,3
2019-09-03,15:01:02.186000,10536,10537,10537,4
2019-09-03,15:01:02.268000,10537,10538,10537,4
2019-09-03,15:01:02.291000,10537,10538,10537,2
2019-09-03,15:01:02.291000,10537,10538,10537,2
2019-09-03,15:01:02.292000,10537,10538,10537,1
2019-09-03,15:01:02.293000,10537,10538,10537,2
2019-09-03,15:01:02.293000,10537,10538,10537,1
2019-09-03,15:01:02.293000,10537,10538,10536,1
2019-09-03,15:01:02.399000,10536,10538,10536,1
2019-09-03,15:01:02.532000,10536,10538,10536,2
2019-09-03,15:01:02.632000,10536,10538,10536,1
2019-09-03,15:01:02.633000,10536,10538,10536,1
2019-09-03,15:01:02.712000,10536,10538,10538,5
2019-09-03,15:01:06.708000,10537,10538,10538,1
2019-09-03,15:01:07.639000,10537,10538,10538,1
2019-09-03,15:01:07.800000,10537,10538,10537,2
2019-09-03,15:01:09.788000,10537,10538,10537,3
2019-09-03,15:01:10.062000,10537,10538,10537,1
2019-09-03,15:01:10.170000,10537,10538,10537,1
2019-09-03,15:01:10.429000,10537,10538,10537,1
2019-09-03,15:01:10.694000,10537,10538,10537,1
2019-09-03,15:01:12.089000,10537,10538,10537,1
2019-09-03,15:01:12.140000,10537,10538,10537,1
2019-09-03,15:01:13.106000,10537,10538,10537,1
2019-09-03,15:01:13.208000,10537,10538,10537,1
2019-09-03,15:01:13.209000,10537,10538,10537,2
2019-09-03,15:01:13.209000,10537,10538,10537,26
2019-09-03,15:01:14.152000,10536,10537,10536,4
2019-09-03,15:01:14.152000,10536,10537,10536,2
2019-09-03,15:01:14.152000,10536,10537,10536,3
2019-09-03,15:01:14.153000,10536,10537,10536,2
2019-09-03,15:01:14.153000,10536,10537,10536,3
2019-09-03,15:01:14.154000,10536,10537,10536,2
2019-09-03,15:01:14.185000,10536,10537,10537,1
2019-09-03,15:01:14.261000,10536,10537,10536,10
2019-09-03,15:01:14.594000,10535,10536,10535,1
2019-09-03,15:01:14.952000,10535,10536,10535,4
2019-09-03,15:01:15.003000,10535,10536,10535,8
2019-09-03,15:01:15.071000,10535,10536,10535,6
2019-09-03,15:01:15.108000,10535,10536,10535,6
2019-09-03,15:01:15.108000,10535,10536,10534,2
2019-09-03,15:01:15.137000,10535,10536,10535,2
2019-09-03,15:01:15.151000,10535,10536,10534,4
2019-09-03,15:01:15.225000,10535,10536,10534,1
2019-09-03,15:01:15.275000,10534,10536,10534,6
2019-09-03,15:01:15.285000,10534,10536,10534,6
2019-09-03,15:01:15.377000,10534,10536,10534,4
2019-09-03,15:01:15.506000,10534,10535,10535,1
2019-09-03,15:01:15.666000,10534,10535,10534,17
2019-09-03,15:01:15.782000,10534,10535,10534,1
2019-09-03,15:01:16.224000,10533,10534,10533,3
2019-09-03,15:01:16.265000,10533,10534,10533,4
2019-09-03,15:01:16.347000,10533,10534,10533,1
2019-09-03,15:01:16.432000,10533,10534,10533,1
2019-09-03,15:01:17.211000,10533,10534,10533,1
2019-09-03,15:01:17.302000,10533,10534,10533,14
2019-09-03,15:01:17.512000,10532,10533,10532,3
2019-09-03,15:01:17.512000,10532,10533,10532,1
2019-09-03,15:01:17.513000,10532,10533,10532,7
2019-09-03,15:01:17.640000,10532,10533,10532,1
2019-09-03,15:01:17.886000,10532,10533,10532,8
2019-09-03,15:01:17.955000,10532,10533,10532,2
2019-09-03,15:01:17.956000,10532,10533,10532,1
2019-09-03,15:01:17.968000,10532,10533,10532,3
2019-09-03,15:01:17.980000,10532,10533,10532,2
2019-09-03,15:01:17.980000,10532,10533,10531,2
2019-09-03,15:01:18.052000,10531,10533,10531,2
2019-09-03,15:01:18.070000,10531,10533,10532,2
2019-09-03,15:01:18.075000,10531,10533,10531,5
2019-09-03,15:01:18.093000,10531,10533,10532,1
2019-09-03,15:01:18.097000,10531,10533,10532,1
2019-09-03,15:01:18.100000,10531,10533,10532,1
2019-09-03,15:01:18.114000,10531,10533,10532,1
2019-09-03,15:01:18.161000,10531,10532,10531,3
2019-09-03,15:01:18.161000,10531,10532,10531,4
2019-09-03,15:01:18.262000,10531,10532,10531,1
2019-09-03,15:01:18.290000,10531,10532,10532,3
2019-09-03,15:01:18.407000,10531,10532,10531,7
2019-09-03,15:01:18.521000,10530,10531,10531,5
2019-09-03,15:01:18.636000,10530,10531,10531,1
2019-09-03,15:01:18.643000,10530,10531,10531,1
2019-09-03,15:01:18.713000,10530,10531,10531,1
2019-09-03,15:01:18.732000,10530,10531,10531,1
2019-09-03,15:01:19.075000,10531,10532,10531,1
2019-09-03,15:01:19.438000,10531,10532,10531,1
2019-09-03,15:01:19.578000,10530,10532,10530,1
2019-09-03,15:01:19.648000,10530,10532,10530,24
2019-09-03,15:01:19.722000,10530,10532,10530,1
2019-09-03,15:01:19.757000,10530,10532,10530,6
2019-09-03,15:01:19.757000,10530,10532,10529,2
2019-09-03,15:01:19.811000,10530,10532,10529,2
2019-09-03,15:01:19.848000,10530,10532,10531,1
2019-09-03,15:01:19.892000,10530,10531,10530,1
2019-09-03,15:01:19.892000,10530,10531,10529,3
2019-09-03,15:01:19.893000,10530,10531,10529,1
2019-09-03,15:01:19.893000,10530,10531,10529,1
2019-09-03,15:01:19.893000,10530,10531,10529,1
2019-09-03,15:01:20.011000,10528,10529,10529,2
2019-09-03,15:01:20.011000,10528,10529,10529,1
2019-09-03,15:01:20.012000,10528,10529,10529,4
2019-09-03,15:01:20.136000,10529,10530,10529,3
2019-09-03,15:01:20.137000,10529,10530,10529,2
2019-09-03,15:01:20.147000,10529,10530,10529,4
2019-09-03,15:01:20.147000,10529,10530,10529,1
2019-09-03,15:01:20.619000,10528,10530,10529,1
2019-09-03,15:01:20.619000,10528,10530,10530,1
2019-09-03,15:01:21.386000,10529,10530,10530,1
2019-09-03,15:01:21.386000,10529,10530,10530,3
2019-09-03,15:01:21.387000,10529,10530,10530,2
2019-09-03,15:01:21.387000,10529,10530,10530,2
2019-09-03,15:01:21.552000,10530,10531,10531,1
2019-09-03,15:01:21.564000,10530,10531,10530,1
2019-09-03,15:01:21.764000,10530,10531,10531,1
2019-09-03,15:01:21.764000,10530,10531,10531,1
2019-09-03,15:01:21.764000,10530,10531,10531,1
2019-09-03,15:01:21.764000,10530,10531,10531,2
2019-09-03,15:01:21.774000,10530,10531,10531,1
2019-09-03,15:01:22.284000,10530,10531,10531,5
2019-09-03,15:01:22.823000,10530,10531,10530,5
2019-09-03,15:01:22.843000,10530,10531,10531,1
2019-09-03,15:01:23.216000,10530,10531,10531,2
2019-09-03,15:01:23.217000,10530,10531,10531,1
2019-09-03,15:01:23.261000,10530,10531,10531,1
2019-09-03,15:01:23.261000,10530,10531,10531,1
2019-09-03,15:01:23.281000,10530,10531,10531,1
2019-09-03,15:01:24.128000,10531,10532,10532,2
2019-09-03,15:01:24.353000,10531,10533,10533,1
2019-09-03,15:01:24.636000,10531,10532,10532,1
2019-09-03,15:01:25.422000,10531,10533,10531,2
2019-09-03,15:01:25.709000,10531,10533,10531,1
2019-09-03,15:01:25.921000,10531,10533,10531,1
2019-09-03,15:01:26.056000,10531,10532,10532,1
2019-09-03,15:01:26.066000,10531,10532,10532,1
2019-09-03,15:01:26.275000,10532,10533,10532,1
2019-09-03,15:01:28.776000,10532,10533,10532,1
2019-09-03,15:01:28.779000,10532,10533,10532,3
2019-09-03,15:01:29.122000,10532,10533,10532,1
2019-09-03,15:01:29.156000,10532,10533,10532,1
2019-09-03,15:01:29.781000,10532,10533,10533,1
2019-09-03,15:01:31.486000,10532,10533,10533,1
2019-09-03,15:01:31.922000,10532,10533,10533,3
2019-09-03,15:01:31.922000,10532,10533,10534,1
2019-09-03,15:01:32.187000,10532,10533,10532,1
2019-09-03,15:01:32.655000,10532,10533,10532,17
2019-09-03,15:01:32.704000,10532,10533,10533,1
2019-09-03,15:01:33.070000,10531,10532,10532,1
2019-09-03,15:01:33.486000,10531,10532,10531,5
2019-09-03,15:01:33.710000,10530,10532,10530,1
2019-09-03,15:01:35.864000,10531,10532,10531,1
2019-09-03,15:01:36.799000,10530,10532,10530,1
2019-09-03,15:01:37.033000,10531,10532,10531,1
2019-09-03,15:01:38.934000,10530,10531,10530,1
2019-09-03,15:01:39.231000,10530,10531,10531,1
2019-09-03,15:01:39.551000,10530,10531,10531,3
2019-09-03,15:01:39.672000,10531,10532,10531,1
2019-09-03,15:01:41.557000,10531,10532,10531,1
2019-09-03,15:01:42.673000,10531,10532,10531,1
2019-09-03,15:01:43.044000,10531,10532,10531,3
2019-09-03,15:01:44.154000,10531,10532,10531,1
2019-09-03,15:01:45.419000,10531,10532,10531,2
2019-09-03,15:01:45.475000,10531,10532,10532,5
2019-09-03,15:01:45.560000,10531,10532,10531,1
2019-09-03,15:01:45.849000,10531,10532,10532,9
2019-09-03,15:01:45.983000,10532,10533,10532,21
2019-09-03,15:01:46.072000,10531,10533,10533,1
2019-09-03,15:01:46.445000,10531,10532,10532,1
2019-09-03,15:01:47.747000,10532,10533,10532,1
2019-09-03,15:01:47.876000,10532,10533,10532,1
2019-09-03,15:01:47.883000,10532,10533,10532,1
2019-09-03,15:01:47.883000,10532,10533,10532,1
2019-09-03,15:01:48.455000,10531,10532,10532,2
2019-09-03,15:01:49.281000,10531,10532,10531,1
2019-09-03,15:01:49.729000,10531,10532,10531,8
2019-09-03,15:01:49.730000,10531,10532,10531,1
2019-09-03,15:01:49.730000,10531,10532,10531,1
2019-09-03,15:01:49.872000,10531,10532,10531,8
2019-09-03,15:01:49.886000,10531,10532,10531,1
2019-09-03,15:01:50.405000,10530,10531,10530,14
2019-09-03,15:01:50.405000,10530,10531,10530,2
2019-09-03,15:01:50.405000,10530,10531,10530,2
2019-09-03,15:01:50.407000,10530,10531,10530,4
2019-09-03,15:01:51.783000,10530,10531,10530,2
2019-09-03,15:01:51.907000,10530,10531,10530,10
2019-09-03,15:01:52.407000,10529,10531,10531,2
2019-09-03,15:01:53.003000,10530,10531,10531,1
2019-09-03,15:01:53.350000,10530,10531,10531,1
2019-09-03,15:01:54.199000,10530,10531,10530,1
2019-09-03,15:01:55.058000,10530,10531,10531,1
2019-09-03,15:01:55.136000,10530,10531,10531,1
2019-09-03,15:01:55.241000,10530,10531,10531,1
2019-09-03,15:01:57.160000,10530,10531,10530,2
2019-09-03,15:01:58.936000,10529,10530,10530,1
2019-09-03,15:01:59.056000,10529,10530,10529,1
2019-09-03,15:01:59.291000,10529,10530,10529,12
2019-09-03,15:01:59.305000,10529,10530,10528,3
2019-09-03,15:01:59.434000,10528,10529,10528,12
2019-09-03,15:01:59.886000,10528,10529,10529,6
2019-09-03,15:02:00.112000,10528,10529,10528,1
2019-09-03,15:02:00.273000,10528,10529,10529,1
2019-09-03,15:02:00.393000,10528,10530,10528,1
2019-09-03,15:02:00.404000,10528,10530,10528,1
2019-09-03,15:02:00.408000,10528,10530,10528,1
2019-09-03,15:02:00.463000,10528,10530,10528,1
2019-09-03,15:02:00.474000,10528,10530,10528,1
2019-09-03,15:02:00.478000,10528,10530,10528,1
2019-09-03,15:02:00.577000,10528,10530,10528,1
2019-09-03,15:02:00.580000,10528,10530,10528,1
2019-09-03,15:02:00.583000,10528,10530,10528,1
2019-09-03,15:02:00.583000,10528,10530,10528,1
2019-09-03,15:02:00.664000,10528,10530,10529,1
2019-09-03,15:02:00.677000,10528,10530,10530,5
2019-09-03,15:02:00.726000,10528,10530,10529,1
2019-09-03,15:02:00.726000,10528,10530,10528,3
2019-09-03,15:02:00.791000,10528,10530,10528,1
2019-09-03,15:02:01.076000,10528,10530,10528,2
2019-09-03,15:02:01.923000,10528,10530,10528,1
2019-09-03,15:02:02.025000,10528,10530,10528,2
2019-09-03,15:02:02.040000,10528,10530,10528,2
2019-09-03,15:02:02.040000,10528,10530,10528,1
2019-09-03,15:02:02.041000,10528,10530,10528,1
2019-09-03,15:02:02.197000,10528,10530,10528,1
2019-09-03,15:02:02.213000,10528,10530,10529,1
2019-09-03,15:02:02.340000,10529,10530,10529,1
2019-09-03,15:02:03.004000,10528,10529,10528,1
2019-09-03,15:02:04.155000,10528,10529,10528,1
2019-09-03,15:02:04.261000,10528,10529,10529,1
2019-09-03,15:02:04.305000,10528,10529,10529,1
2019-09-03,15:02:04.305000,10528,10529,10529,1
2019-09-03,15:02:04.305000,10528,10529,10529,1
2019-09-03,15:02:04.347000,10528,10529,10529,1
2019-09-03,15:02:04.347000,10528,10529,10529,1
2019-09-03,15:02:04.347000,10528,10529,10529,1
2019-09-03,15:02:04.530000,10529,10530,10529,9
2019-09-03,15:02:04.530000,10529,10530,10528,7
2019-09-03,15:02:04.796000,10528,10530,10528,1
2019-09-03,15:02:05.766000,10528,10530,10528,1
2019-09-03,15:02:05.997000,10528,10530,10528,2
2019-09-03,15:02:06.745000,10528,10530,10530,4
2019-09-03,15:02:07.761000,10528,10529,10529,1
2019-09-03,15:02:08.463000,10529,10530,10529,1
2019-09-03,15:02:08.498000,10529,10530,10530,2
2019-09-03,15:02:08.725000,10529,10530,10529,1
2019-09-03,15:02:09.188000,10529,10530,10529,1
2019-09-03,15:02:09.853000,10529,10530,10529,2
2019-09-03,15:02:09.937000,10529,10530,10529,1
2019-09-03,15:02:10.461000,10528,10530,10530,2
2019-09-03,15:02:11.384000,10529,10530,10529,1
2019-09-03,15:02:15.684000,10529,10530,10530,1
2019-09-03,15:02:15.743000,10529,10530,10529,1
2019-09-03,15:02:15.857000,10529,10530,10530,1
2019-09-03,15:02:18.587000,10529,10530,10530,1
2019-09-03,15:02:19.634000,10529,10530,10529,1
2019-09-03,15:02:23.866000,10529,10530,10530,1
2019-09-03,15:02:24.837000,10529,10530,10530,2
2019-09-03,15:02:27.843000,10529,10530,10530,2
2019-09-03,15:02:28.680000,10529,10530,10529,1
2019-09-03,15:02:30.781000,10529,10530,10529,21
2019-09-03,15:02:31.101000,10528,10529,10529,1
2019-09-03,15:02:32.192000,10528,10529,10528,1
2019-09-03,15:02:32.570000,10528,10529,10529,1
2019-09-03,15:02:33.344000,10528,10529,10529,1
2019-09-03,15:02:36.697000,10529,10530,10529,1
2019-09-03,15:02:36.965000,10529,10530,10529,1
2019-09-03,15:02:39.786000,10529,10530,10529,1
2019-09-03,15:02:40.927000,10529,10530,10530,2
2019-09-03,15:02:41.936000,10529,10530,10529,24
2019-09-03,15:02:42.671000,10528,10529,10529,1
2019-09-03,15:02:43.460000,10528,10529,10529,1
2019-09-03,15:02:44.843000,10528,10529,10529,1
2019-09-03,15:02:45.384000,10528,10529,10529,1
2019-09-03,15:02:45.793000,10528,10529,10529,1
2019-09-03,15:02:46.637000,10528,10529,10529,1
2019-09-03,15:02:46.658000,10528,10529,10529,2
2019-09-03,15:02:46.659000,10528,10529,10529,2
2019-09-03,15:02:46.668000,10528,10529,10529,5
2019-09-03,15:02:47.070000,10529,10530,10530,1
2019-09-03,15:02:48.231000,10529,10530,10530,1
2019-09-03,15:02:48.512000,10529,10530,10529,1
2019-09-03,15:02:48.778000,10529,10530,10530,1
2019-09-03,15:02:49.780000,10529,10530,10530,1
2019-09-03,15:02:51.894000,10529,10530,10530,9
2019-09-03,15:02:51.894000,10529,10530,10530,11
2019-09-03,15:02:51.894000,10529,10530,10530,3
2019-09-03,15:02:52.011000,10529,10530,10530,7
2019-09-03,15:02:53.052000,10530,10531,10530,1
2019-09-03,15:02:54.241000,10530,10531,10531,12
2019-09-03,15:02:54.894000,10530,10531,10531,1
2019-09-03,15:02:55.556000,10530,10531,10531,7
2019-09-03,15:02:55.578000,10530,10531,10531,2
2019-09-03,15:02:55.769000,10531,10532,10532,3
2019-09-03,15:02:55.790000,10531,10532,10532,2
2019-09-03,15:02:55.799000,10531,10532,10532,1
2019-09-03,15:02:55.816000,10531,10532,10532,3
2019-09-03,15:02:55.901000,10531,10532,10532,2
2019-09-03,15:02:56.030000,10531,10532,10532,3
2019-09-03,15:02:56.095000,10531,10532,10531,1
2019-09-03,15:02:57.799000,10532,10533,10532,2
2019-09-03,15:02:58.289000,10531,10532,10532,3
2019-09-03,15:02:58.516000,10531,10532,10532,1
2019-09-03,15:02:58.590000,10531,10532,10532,1
2019-09-03,15:02:58.597000,10531,10532,10532,1
2019-09-03,15:03:00.489000,10531,10532,10532,1
2019-09-03,15:03:00.780000,10531,10532,10532,2
2019-09-03,15:03:01.206000,10531,10532,10532,1
2019-09-03,15:03:02.433000,10532,10533,10532,1
2019-09-03,15:03:03.400000,10532,10533,10532,1
2019-09-03,15:03:03.796000,10532,10533,10532,1
2019-09-03,15:03:03.796000,10532,10533,10531,1
2019-09-03,15:03:03.880000,10532,10533,10533,16
2019-09-03,15:03:04.011000,10532,10533,10533,2
2019-09-03,15:03:04.030000,10532,10533,10533,6
2019-09-03,15:03:04.893000,10533,10534,10533,1
2019-09-03,15:03:05.220000,10533,10534,10534,2
2019-09-03,15:03:05.301000,10533,10535,10533,1
2019-09-03,15:03:05.653000,10533,10534,10534,1
2019-09-03,15:03:06.993000,10533,10534,10535,1
2019-09-03,15:03:07.068000,10533,10535,10535,1
2019-09-03,15:03:08.077000,10533,10534,10534,2
2019-09-03,15:03:11.584000,10533,10534,10534,12
2019-09-03,15:03:11.940000,10533,10534,10533,1
2019-09-03,15:03:11.940000,10533,10534,10533,3
2019-09-03,15:03:12.013000,10533,10534,10533,8
2019-09-03,15:03:12.518000,10532,10533,10532,1
2019-09-03,15:03:13.849000,10532,10533,10532,3
2019-09-03,15:03:13.935000,10531,10532,10532,1
2019-09-03,15:03:14.262000,10531,10532,10532,1
2019-09-03,15:03:18.228000,10532,10533,10533,1
2019-09-03,15:03:18.489000,10533,10534,10534,5
2019-09-03,15:03:19.141000,10533,10534,10533,3
2019-09-03,15:03:20.452000,10532,10533,10532,1
2019-09-03,15:03:27.386000,10532,10533,10533,1
2019-09-03,15:03:28.510000,10532,10534,10534,1
2019-09-03,15:03:28.880000,10532,10534,10532,1
2019-09-03,15:03:33.280000,10532,10533,10533,1
2019-09-03,15:03:35.799000,10532,10533,10533,2
2019-09-03,15:03:37.793000,10532,10533,10532,2
2019-09-03,15:03:39.319000,10532,10533,10533,1
2019-09-03,15:03:46.001000,10532,10533,10532,2
2019-09-03,15:03:46.002000,10532,10533,10532,2
2019-09-03,15:03:46.003000,10532,10533,10532,6
2019-09-03,15:03:50.614000,10532,10533,10532,1
2019-09-03,15:03:51.922000,10532,10533,10532,1
2019-09-03,15:03:52.766000,10531,10532,10531,1
2019-09-03,15:03:52.766000,10531,10532,10531,1
2019-09-03,15:03:57.713000,10531,10532,10532,1
2019-09-03,15:03:57.730000,10531,10532,10532,1
2019-09-03,15:03:57.743000,10531,10532,10532,2
2019-09-03,15:03:57.761000,10531,10532,10532,2
2019-09-03,15:04:04.304000,10531,10532,10532,1
2019-09-03,15:04:06.379000,10531,10532,10532,6
2019-09-03,15:04:06.916000,10532,10533,10532,1
2019-09-03,15:04:07.365000,10532,10533,10532,1
2019-09-03,15:04:08.422000,10532,10533,10532,1
2019-09-03,15:04:09.928000,10532,10533,10532,1
2019-09-03,15:04:14.063000,10532,10533,10532,2
2019-09-03,15:04:14.643000,10532,10533,10533,1
2019-09-03,15:04:14.992000,10532,10533,10532,1
2019-09-03,15:04:20.214000,10532,10533,10532,1
2019-09-03,15:04:21.016000,10532,10533,10532,1
2019-09-03,15:04:24.620000,10532,10533,10532,1
2019-09-03,15:04:32.966000,10532,10533,10533,1
2019-09-03,15:04:36.055000,10532,10533,10533,1
2019-09-03,15:04:36.764000,10532,10533,10533,1
2019-09-03,15:04:38.288000,10532,10533,10532,1
2019-09-03,15:04:38.994000,10532,10533,10533,2
2019-09-03,15:04:41.201000,10532,10533,10533,1
2019-09-03,15:04:42.914000,10532,10533,10532,1
2019-09-03,15:04:52.013000,10532,10533,10532,3
2019-09-03,15:04:52.013000,10532,10533,10532,9
2019-09-03,15:04:52.016000,10532,10533,10532,1
2019-09-03,15:04:52.016000,10532,10533,10532,1
2019-09-03,15:04:52.016000,10532,10533,10532,3
2019-09-03,15:04:52.136000,10532,10533,10532,3
2019-09-03,15:04:52.286000,10531,10532,10532,5
2019-09-03,15:04:55.111000,10531,10532,10532,8
2019-09-03,15:04:57.673000,10531,10532,10531,5
2019-09-03,15:04:57.842000,10531,10532,10531,5
2019-09-03,15:04:58.224000,10531,10532,10532,5
2019-09-03,15:04:58.375000,10531,10532,10531,5
2019-09-03,15:04:58.949000,10531,10532,10532,1
2019-09-03,15:05:00.340000,10531,10532,10531,5
2019-09-03,15:05:01.226000,10531,10532,10531,1
2019-09-03,15:05:01.584000,10531,10532,10531,5
2019-09-03,15:05:01.862000,10531,10532,10531,1
2019-09-03,15:05:02.465000,10531,10532,10531,1
2019-09-03,15:05:02.637000,10531,10532,10531,1
2019-09-03,15:05:02.977000,10530,10532,10532,1
2019-09-03,15:05:03.002000,10530,10532,10531,1
2019-09-03,15:05:06.254000,10530,10531,10530,20
2019-09-03,15:05:06.822000,10530,10531,10530,5
2019-09-03,15:05:06.823000,10530,10531,10531,1
2019-09-03,15:05:07.009000,10530,10531,10530,5
2019-09-03,15:05:07.159000,10530,10531,10530,2
2019-09-03,15:05:07.984000,10529,10530,10529,2
2019-09-03,15:05:10.494000,10529,10530,10529,1
2019-09-03,15:05:13.154000,10529,10530,10529,1
2019-09-03,15:05:15.452000,10529,10530,10530,1
2019-09-03,15:05:15.547000,10529,10530,10530,2
2019-09-03,15:05:16.335000,10529,10530,10530,1
2019-09-03,15:05:18.676000,10530,10531,10530,1
2019-09-03,15:05:19.723000,10530,10531,10530,1
2019-09-03,15:05:20.980000,10530,10531,10531,1
2019-09-03,15:05:21.011000,10530,10531,10531,6
2019-09-03,15:05:21.542000,10531,10532,10532,2
2019-09-03,15:05:21.636000,10531,10532,10532,1
2019-09-03,15:05:21.644000,10531,10532,10532,1
2019-09-03,15:05:21.649000,10531,10532,10532,2
2019-09-03,15:05:21.650000,10531,10532,10532,2
2019-09-03,15:05:28.403000,10531,10532,10531,1
2019-09-03,15:05:29.590000,10530,10531,10531,1
2019-09-03,15:05:29.886000,10530,10531,10530,6
2019-09-03,15:05:31.415000,10530,10531,10531,1
2019-09-03,15:05:38.387000,10530,10531,10530,2
2019-09-03,15:05:38.572000,10530,10531,10530,2
2019-09-03,15:05:38.753000,10530,10531,10530,2
2019-09-03,15:05:38.847000,10530,10531,10531,1
2019-09-03,15:05:41.694000,10530,10531,10531,1
2019-09-03,15:05:42.627000,10530,10532,10530,5
2019-09-03,15:05:45.511000,10530,10532,10530,1
2019-09-03,15:05:49.261000,10530,10531,10530,5
2019-09-03,15:05:49.614000,10529,10530,10530,1
2019-09-03,15:05:51.693000,10529,10530,10529,2
2019-09-03,15:05:52.654000,10529,10530,10530,1
2019-09-03,15:05:53.062000,10529,10530,10529,4
2019-09-03,15:05:58.434000,10529,10530,10530,1
2019-09-03,15:05:59.385000,10529,10530,10530,2
2019-09-03,15:05:59.386000,10529,10530,10530,3
2019-09-03,15:05:59.386000,10529,10530,10530,1
2019-09-03,15:05:59.806000,10530,10531,10530,1
2019-09-03,15:06:00.106000,10530,10531,10530,1
2019-09-03,15:06:00.120000,10530,10531,10530,4
2019-09-03,15:06:00.122000,10530,10531,10530,1
2019-09-03,15:06:00.124000,10530,10531,10530,4
2019-09-03,15:06:00.148000,10530,10531,10530,2
2019-09-03,15:06:00.167000,10530,10531,10530,1
2019-09-03,15:06:00.198000,10530,10531,10530,2
2019-09-03,15:06:00.198000,10530,10531,10529,1
2019-09-03,15:06:00.213000,10530,10531,10529,1
2019-09-03,15:06:00.462000,10529,10531,10529,1
2019-09-03,15:06:08.342000,10529,10530,10529,4
2019-09-03,15:06:08.677000,10529,10530,10529,1
2019-09-03,15:06:12.375000,10529,10530,10529,1
2019-09-03,15:06:15.064000,10529,10530,10529,3
2019-09-03,15:06:15.064000,10529,10530,10529,3
2019-09-03,15:06:15.064000,10529,10530,10529,1
2019-09-03,15:06:15.064000,10529,10530,10529,6
2019-09-03,15:06:15.068000,10529,10530,10529,1
2019-09-03,15:06:15.070000,10529,10530,10529,1
2019-09-03,15:06:15.074000,10529,10530,10529,1
2019-09-03,15:06:15.075000,10529,10530,10529,3
2019-09-03,15:06:15.136000,10529,10530,10529,14
2019-09-03,15:06:16.048000,10528,10529,10528,4
2019-09-03,15:06:16.486000,10528,10529,10528,6
2019-09-03,15:06:16.504000,10528,10529,10528,13
2019-09-03,15:06:16.511000,10528,10529,10528,4
2019-09-03,15:06:16.511000,10528,10529,10528,4
2019-09-03,15:06:16.511000,10528,10529,10528,2
2019-09-03,15:06:16.511000,10528,10529,10528,4
2019-09-03,15:06:16.511000,10528,10529,10528,2
2019-09-03,15:06:16.511000,10528,10529,10528,1
2019-09-03,15:06:16.512000,10528,10529,10528,3
2019-09-03,15:06:16.512000,10528,10529,10528,7
2019-09-03,15:06:16.512000,10528,10529,10528,2
2019-09-03,15:06:16.512000,10528,10529,10528,1
2019-09-03,15:06:16.512000,10528,10529,10528,3
2019-09-03,15:06:16.512000,10528,10529,10528,6
2019-09-03,15:06:16.582000,10528,10529,10528,1
2019-09-03,15:06:17.326000,10527,10528,10527,5
2019-09-03,15:06:17.445000,10527,10528,10527,2
2019-09-03,15:06:17.479000,10527,10528,10527,1
2019-09-03,15:06:17.693000,10527,10528,10527,4
2019-09-03,15:06:17.762000,10527,10528,10527,12
2019-09-03,15:06:17.799000,10527,10528,10527,1
2019-09-03,15:06:17.800000,10527,10528,10527,1
2019-09-03,15:06:17.801000,10527,10528,10527,1
2019-09-03,15:06:17.850000,10527,10528,10527,1
2019-09-03,15:06:18.175000,10526,10527,10527,1
2019-09-03,15:06:18.498000,10527,10528,10528,1
2019-09-03,15:06:18.530000,10527,10528,10527,1
2019-09-03,15:06:19.561000,10526,10527,10526,1
2019-09-03,15:06:20.695000,10526,10527,10527,1
2019-09-03,15:06:21.787000,10527,10528,10528,1
2019-09-03,15:06:23.643000,10527,10528,10528,1
2019-09-03,15:06:23.643000,10527,10528,10528,4
2019-09-03,15:06:23.643000,10527,10528,10528,1
2019-09-03,15:06:24.031000,10527,10529,10527,1
2019-09-03,15:06:24.467000,10527,10528,10528,1
2019-09-03,15:06:25.296000,10527,10528,10528,1
2019-09-03,15:06:28.211000,10527,10528,10528,2
2019-09-03,15:06:28.636000,10528,10529,10529,2
2019-09-03,15:06:28.638000,10528,10529,10529,1
2019-09-03,15:06:28.816000,10528,10529,10529,1
2019-09-03,15:06:32.455000,10528,10529,10529,1
2019-09-03,15:06:32.491000,10528,10529,10528,1
2019-09-03,15:06:32.511000,10528,10529,10528,1
2019-09-03,15:06:33.380000,10527,10529,10527,1
2019-09-03,15:06:33.624000,10527,10528,10528,1
2019-09-03,15:06:34.065000,10528,10529,10528,1
2019-09-03,15:06:35.875000,10528,10529,10529,2
2019-09-03,15:06:36.920000,10528,10529,10528,9
2019-09-03,15:06:38.844000,10527,10528,10527,2
2019-09-03,15:06:43.911000,10527,10528,10527,1
2019-09-03,15:06:47.238000,10527,10528,10527,1
2019-09-03,15:06:49.799000,10527,10528,10528,1
2019-09-03,15:06:49.948000,10527,10528,10528,2
2019-09-03,15:06:49.948000,10527,10528,10528,1
2019-09-03,15:06:51.129000,10528,10529,10528,1
2019-09-03,15:06:55.260000,10528,10529,10528,2
2019-09-03,15:06:56.644000,10528,10529,10528,1
2019-09-03,15:06:57.395000,10528,10529,10528,1
2019-09-03,15:06:57.888000,10528,10529,10528,1
2019-09-03,15:07:03.216000,10527,10528,10528,3
2019-09-03,15:07:03.748000,10528,10529,10528,1
2019-09-03,15:07:03.788000,10528,10529,10528,1
2019-09-03,15:07:05.462000,10528,10529,10528,1
2019-09-03,15:07:08.085000,10528,10529,10528,1
2019-09-03,15:07:09.692000,10528,10529,10528,1
2019-09-03,15:07:10.761000,10528,10529,10528,1
2019-09-03,15:07:11.537000,10528,10529,10529,5
2019-09-03,15:07:11.541000,10528,10529,10529,4
2019-09-03,15:07:12.279000,10528,10529,10529,1
2019-09-03,15:07:13.758000,10528,10530,10528,1
2019-09-03,15:07:21.867000,10528,10530,10528,1
2019-09-03,15:07:22.012000,10528,10529,10529,3
2019-09-03,15:07:22.044000,10528,10529,10530,2
2019-09-03,15:07:26.130000,10529,10530,10529,3
2019-09-03,15:07:26.130000,10529,10530,10528,1
2019-09-03,15:07:30.980000,10528,10529,10528,5
2019-09-03,15:07:35.417000,10528,10529,10529,1
2019-09-03,15:07:37.797000,10528,10529,10529,2
2019-09-03,15:07:38.763000,10529,10530,10530,1
2019-09-03,15:07:40.313000,10529,10530,10529,1
2019-09-03,15:07:40.788000,10529,10530,10530,1
2019-09-03,15:07:41.234000,10529,10530,10529,5
2019-09-03,15:07:49.205000,10529,10530,10529,3
2019-09-03,15:07:51.286000,10529,10530,10529,4
2019-09-03,15:07:55.178000,10528,10530,10528,3
2019-09-03,15:07:58.460000,10529,10530,10529,1
2019-09-03,15:08:00.207000,10529,10530,10529,2
2019-09-03,15:08:01.215000,10528,10530,10528,2
2019-09-03,15:08:03.778000,10528,10529,10529,1
2019-09-03,15:08:08.458000,10529,10530,10529,1
2019-09-03,15:08:10.387000,10529,10530,10530,16
2019-09-03,15:08:10.948000,10530,10531,10530,2
2019-09-03,15:08:10.954000,10530,10531,10530,2
2019-09-03,15:08:10.974000,10530,10531,10530,2
2019-09-03,15:08:11.984000,10530,10531,10531,1
2019-09-03,15:08:23.206000,10530,10531,10531,5
2019-09-03,15:08:23.643000,10530,10531,10531,5
2019-09-03,15:08:23.997000,10530,10531,10531,5
2019-09-03,15:08:24.366000,10530,10531,10531,4
2019-09-03,15:08:24.770000,10530,10531,10530,1
2019-09-03,15:08:25.111000,10530,10531,10531,5
2019-09-03,15:08:28.728000,10530,10531,10530,1
2019-09-03,15:08:28.761000,10530,10531,10530,5
2019-09-03,15:08:29.882000,10529,10531,10531,1
2019-09-03,15:08:38.590000,10530,10531,10531,1
2019-09-03,15:08:38.721000,10530,10531,10530,1
2019-09-03,15:08:39.165000,10530,10531,10530,1
2019-09-03,15:08:39.375000,10530,10531,10531,1
2019-09-03,15:08:50.991000,10530,10531,10530,4
2019-09-03,15:08:50.992000,10530,10531,10530,3
2019-09-03,15:08:52.665000,10529,10530,10529,2
2019-09-03,15:08:52.690000,10529,10530,10529,1
2019-09-03,15:08:52.727000,10529,10530,10529,2
2019-09-03,15:09:02.400000,10528,10529,10529,5
2019-09-03,15:09:14.297000,10529,10530,10530,2
2019-09-03,15:09:16.930000,10529,10530,10529,1
2019-09-03,15:09:27.176000,10529,10530,10529,1
2019-09-03,15:09:31.746000,10529,10530,10529,3
2019-09-03,15:09:31.747000,10529,10530,10529,11
2019-09-03,15:09:33.489000,10528,10529,10528,5
2019-09-03,15:09:34.446000,10528,10529,10529,1
2019-09-03,15:09:34.565000,10528,10529,10528,2
2019-09-03,15:09:35.824000,10528,10529,10529,1
2019-09-03,15:09:35.921000,10528,10529,10529,1
2019-09-03,15:09:36.597000,10528,10529,10529,1
2019-09-03,15:09:40.915000,10529,10530,10530,2
2019-09-03,15:09:41.011000,10529,10530,10530,2
2019-09-03,15:09:42.263000,10530,10531,10531,17
2019-09-03,15:09:42.395000,10531,10532,10531,4
2019-09-03,15:09:45.115000,10530,10531,10530,1
2019-09-03,15:09:49.944000,10530,10531,10531,1
2019-09-03,15:09:50.188000,10530,10531,10530,1
2019-09-03,15:09:53.184000,10530,10531,10530,1
2019-09-03,15:09:53.184000,10530,10531,10530,1
2019-09-03,15:09:53.184000,10530,10531,10530,1
2019-09-03,15:09:53.784000,10529,10530,10530,2
2019-09-03,15:09:57.312000,10529,10531,10531,3
2019-09-03,15:09:59.874000,10529,10530,10530,2
2019-09-03,15:10:01.352000,10529,10530,10530,1
2019-09-03,15:10:02.290000,10529,10531,10531,3
2019-09-03,15:10:05.654000,10530,10531,10530,1
2019-09-03,15:10:05.654000,10530,10531,10529,1
2019-09-03,15:10:07.517000,10529,10530,10530,1
2019-09-03,15:10:07.773000,10529,10530,10530,2
2019-09-03,15:10:09.523000,10529,10530,10529,10
2019-09-03,15:10:12.868000,10529,10530,10530,2
2019-09-03,15:10:13.692000,10529,10530,10529,1
2019-09-03,15:10:14.209000,10529,10530,10530,1
2019-09-03,15:10:16.791000,10529,10530,10530,2
2019-09-03,15:10:22.805000,10530,10531,10530,1
2019-09-03,15:10:24.562000,10530,10531,10530,1
2019-09-03,15:10:25.632000,10530,10531,10530,1
2019-09-03,15:10:33.101000,10530,10531,10531,1
2019-09-03,15:10:33.107000,10530,10531,10531,1
2019-09-03,15:10:35.589000,10530,10531,10530,1
2019-09-03,15:10:42.082000,10530,10531,10530,2
2019-09-03,15:10:50.966000,10530,10531,10531,2
2019-09-03,15:10:51.361000,10530,10531,10531,1
2019-09-03,15:10:54.177000,10530,10531,10531,1
2019-09-03,15:10:54.261000,10530,10531,10531,1
2019-09-03,15:11:00.707000,10530,10531,10531,5
2019-09-03,15:11:06.137000,10530,10531,10531,2
2019-09-03,15:11:10.119000,10530,10531,10530,4
2019-09-03,15:11:10.119000,10530,10531,10530,1
2019-09-03,15:11:10.119000,10530,10531,10530,2
2019-09-03,15:11:10.136000,10530,10531,10530,2
2019-09-03,15:11:10.136000,10530,10531,10530,1
2019-09-03,15:11:10.136000,10530,10531,10530,3
2019-09-03,15:11:12.558000,10529,10530,10530,1
2019-09-03,15:11:15.082000,10529,10530,10530,1
2019-09-03,15:11:15.555000,10529,10530,10529,1
2019-09-03,15:11:15.636000,10529,10530,10529,4
2019-09-03,15:11:15.761000,10529,10530,10529,5
2019-09-03,15:11:15.763000,10529,10530,10529,2
2019-09-03,15:11:15.886000,10529,10530,10529,6
2019-09-03,15:11:19.379000,10528,10529,10529,1
2019-09-03,15:11:30.537000,10528,10529,10529,1
2019-09-03,15:11:32.632000,10528,10529,10529,1
2019-09-03,15:11:37.934000,10529,10530,10529,1
2019-09-03,15:11:46.228000,10529,10530,10530,7
2019-09-03,15:11:48.058000,10529,10531,10529,1
2019-09-03,15:11:50.767000,10529,10530,10530,1
2019-09-03,15:11:53.090000,10529,10531,10529,1
2019-09-03,15:11:54.287000,10530,10531,10530,1
2019-09-03,15:11:58.872000,10530,10531,10530,1
2019-09-03,15:12:02.786000,10529,10530,10529,1
2019-09-03,15:12:03.920000,10529,10530,10530,1
2019-09-03,15:12:10.250000,10530,10531,10530,1
2019-09-03,15:12:12.035000,10529,10530,10529,2
2019-09-03,15:12:12.035000,10529,10530,10529,4
2019-09-03,15:12:12.044000,10529,10530,10529,1
2019-09-03,15:12:12.062000,10529,10530,10529,2
2019-09-03,15:12:12.076000,10529,10530,10529,2
2019-09-03,15:12:13.982000,10528,10529,10529,1
2019-09-03,15:12:15.511000,10528,10529,10528,5
2019-09-03,15:12:15.636000,10528,10529,10528,3
2019-09-03,15:12:15.636000,10528,10529,10528,1
2019-09-03,15:12:15.640000,10528,10529,10528,1
2019-09-03,15:12:15.641000,10528,10529,10528,2
2019-09-03,15:12:15.641000,10528,10529,10528,1
2019-09-03,15:12:15.641000,10528,10529,10528,2
2019-09-03,15:12:15.641000,10528,10529,10528,3
2019-09-03,15:12:15.641000,10528,10529,10528,1
2019-09-03,15:12:15.643000,10528,10529,10528,1
2019-09-03,15:12:15.643000,10528,10529,10528,1
2019-09-03,15:12:15.762000,10528,10529,10528,1
2019-09-03,15:12:16.685000,10527,10528,10528,1
2019-09-03,15:12:17.386000,10527,10528,10528,2
2019-09-03,15:12:17.386000,10527,10528,10528,2
2019-09-03,15:12:21.399000,10527,10528,10528,1
2019-09-03,15:12:21.421000,10527,10528,10528,1
2019-09-03,15:12:21.478000,10527,10528,10528,1
2019-09-03,15:12:21.478000,10527,10528,10528,1
2019-09-03,15:12:21.498000,10527,10528,10528,1
2019-09-03,15:12:21.498000,10527,10528,10528,4
2019-09-03,15:12:22.029000,10528,10529,10529,1
2019-09-03,15:12:22.973000,10528,10529,10529,1
2019-09-03,15:12:25.575000,10528,10529,10529,1
2019-09-03,15:12:26.914000,10528,10529,10529,4
2019-09-03,15:12:27.553000,10528,10530,10530,1
2019-09-03,15:12:43.471000,10528,10529,10528,1
2019-09-03,15:12:45.391000,10528,10529,10529,1
2019-09-03,15:12:48.800000,10528,10529,10529,5
2019-09-03,15:12:49.029000,10528,10529,10528,1
2019-09-03,15:12:50.430000,10528,10529,10528,6
2019-09-03,15:12:50.528000,10528,10529,10528,2
2019-09-03,15:12:52.258000,10527,10528,10527,1
2019-09-03,15:12:54.205000,10527,10528,10527,6
2019-09-03,15:13:00.285000,10528,10529,10528,1
2019-09-03,15:13:04.377000,10527,10528,10528,5
2019-09-03,15:13:05.096000,10527,10528,10527,1
2019-09-03,15:13:06.648000,10527,10528,10527,1
2019-09-03,15:13:06.648000,10527,10528,10527,4
2019-09-03,15:13:06.648000,10527,10528,10527,1
2019-09-03,15:13:06.650000,10527,10528,10527,2
2019-09-03,15:13:06.761000,10527,10528,10527,8
2019-09-03,15:13:06.761000,10527,10528,10527,4
2019-09-03,15:13:06.886000,10527,10528,10527,1
2019-09-03,15:13:09.362000,10526,10527,10527,1
2019-09-03,15:13:12.492000,10526,10527,10526,1
2019-09-03,15:13:12.536000,10526,10527,10526,4
2019-09-03,15:13:12.743000,10526,10527,10527,1
2019-09-03,15:13:13.239000,10526,10527,10527,1
2019-09-03,15:13:13.424000,10526,10527,10526,1
2019-09-03,15:13:13.601000,10526,10527,10526,1
2019-09-03,15:13:13.609000,10526,10527,10527,1
2019-09-03,15:13:13.741000,10526,10527,10527,1
2019-09-03,15:13:14.347000,10526,10528,10526,1
2019-09-03,15:13:20.045000,10527,10528,10527,2
2019-09-03,15:13:25.002000,10527,10528,10527,2
2019-09-03,15:13:25.473000,10527,10528,10527,5
2019-09-03,15:13:26.176000,10527,10528,10527,1
2019-09-03,15:13:26.223000,10527,10528,10527,5
2019-09-03,15:13:27.124000,10527,10528,10527,1
2019-09-03,15:13:27.506000,10527,10528,10527,11
2019-09-03,15:13:27.506000,10527,10528,10527,3
2019-09-03,15:13:27.506000,10527,10528,10527,3
2019-09-03,15:13:27.507000,10527,10528,10527,1
2019-09-03,15:13:27.507000,10527,10528,10527,2
2019-09-03,15:13:28.831000,10527,10528,10527,4
2019-09-03,15:13:28.831000,10527,10528,10526,1
2019-09-03,15:13:29.078000,10527,10528,10527,5
2019-09-03,15:13:30.154000,10527,10528,10527,5
2019-09-03,15:13:31.238000,10527,10528,10527,1
2019-09-03,15:13:31.238000,10527,10528,10527,1
2019-09-03,15:13:31.656000,10526,10528,10526,5
2019-09-03,15:13:33.322000,10526,10527,10527,1
2019-09-03,15:13:34.027000,10526,10527,10526,5
2019-09-03,15:13:34.320000,10526,10527,10526,5
2019-09-03,15:13:35.724000,10526,10527,10526,5
2019-09-03,15:13:35.918000,10526,10527,10526,5
2019-09-03,15:13:36.428000,10526,10527,10526,1
2019-09-03,15:13:36.458000,10526,10527,10526,1
2019-09-03,15:13:37.093000,10526,10527,10527,1
2019-09-03,15:13:38.088000,10526,10527,10526,1
2019-09-03,15:13:38.413000,10526,10527,10526,1
2019-09-03,15:13:40.880000,10526,10527,10526,2
2019-09-03,15:13:40.880000,10526,10527,10525,2
2019-09-03,15:13:41.088000,10525,10527,10525,1
2019-09-03,15:13:41.102000,10525,10527,10525,1
2019-09-03,15:13:41.117000,10525,10527,10525,1
2019-09-03,15:13:41.177000,10525,10527,10525,1
2019-09-03,15:13:41.211000,10525,10527,10525,1
2019-09-03,15:13:41.216000,10525,10527,10525,1
2019-09-03,15:13:41.241000,10525,10527,10526,2
2019-09-03,15:13:41.334000,10525,10526,10525,1
2019-09-03,15:13:41.429000,10525,10526,10525,3
2019-09-03,15:13:41.577000,10525,10526,10525,2
2019-09-03,15:13:43.459000,10525,10526,10526,12
2019-09-03,15:13:46.775000,10526,10527,10526,1
2019-09-03,15:13:49.805000,10526,10527,10526,4
2019-09-03,15:13:50.316000,10526,10527,10526,1
2019-09-03,15:13:50.648000,10526,10527,10526,2
2019-09-03,15:13:52.206000,10526,10527,10526,1
2019-09-03,15:13:54.740000,10526,10527,10526,1
2019-09-03,15:13:56.279000,10526,10527,10526,1
2019-09-03,15:13:57.261000,10525,10526,10526,1
2019-09-03,15:13:58.217000,10525,10526,10526,1
2019-09-03,15:13:58.993000,10526,10527,10527,2
2019-09-03,15:13:59.104000,10526,10527,10527,2
2019-09-03,15:13:59.104000,10526,10527,10527,1
2019-09-03,15:13:59.104000,10526,10527,10527,1
2019-09-03,15:13:59.106000,10526,10527,10527,1
2019-09-03,15:13:59.140000,10526,10527,10527,1
2019-09-03,15:13:59.141000,10526,10527,10527,1
2019-09-03,15:14:03.467000,10526,10527,10527,5
2019-09-03,15:14:03.996000,10526,10527,10526,1
2019-09-03,15:14:05.867000,10526,10527,10527,1
2019-09-03,15:14:06.924000,10526,10527,10526,1
2019-09-03,15:14:11.565000,10526,10527,10526,1
2019-09-03,15:14:13.383000,10526,10527,10526,1
2019-09-03,15:14:15.994000,10526,10527,10526,1
2019-09-03,15:14:24.491000,10526,10527,10526,1
2019-09-03,15:14:26.431000,10526,10527,10527,1
2019-09-03,15:14:28.267000,10526,10527,10527,6
2019-09-03,15:14:29.309000,10526,10527,10527,1
2019-09-03,15:14:29.761000,10527,10528,10527,2
2019-09-03,15:14:29.836000,10527,10528,10526,1
2019-09-03,15:14:32.450000,10526,10527,10527,1
2019-09-03,15:14:37.110000,10527,10528,10527,2
2019-09-03,15:14:38.052000,10527,10528,10527,15
2019-09-03,15:14:38.147000,10526,10527,10527,1
2019-09-03,15:14:39.376000,10526,10527,10527,2
2019-09-03,15:14:39.378000,10526,10527,10527,2
2019-09-03,15:14:39.379000,10526,10527,10527,2
2019-09-03,15:14:39.386000,10526,10527,10527,4
2019-09-03,15:14:42.306000,10526,10527,10527,1
2019-09-03,15:14:43.240000,10527,10528,10527,1
2019-09-03,15:14:46.513000,10527,10528,10527,1
2019-09-03,15:14:47.604000,10527,10528,10527,1
2019-09-03,15:14:48.968000,10527,10528,10527,1
2019-09-03,15:14:51.313000,10526,10528,10526,5
2019-09-03,15:14:55.695000,10526,10527,10527,1
2019-09-03,15:14:55.696000,10526,10527,10527,1
2019-09-03,15:15:00.886000,10526,10527,10527,1
2019-09-03,15:15:02.061000,10526,10527,10526,1
2019-09-03,15:15:02.136000,10526,10527,10526,2
2019-09-03,15:15:02.143000,10526,10527,10526,2
2019-09-03,15:15:02.147000,10526,10527,10526,1
2019-09-03,15:15:02.261000,10526,10527,10526,1
2019-09-03,15:15:02.261000,10526,10527,10526,2
2019-09-03,15:15:02.261000,10526,10527,10526,1
2019-09-03,15:15:02.261000,10526,10527,10526,1
2019-09-03,15:15:02.329000,10526,10527,10526,1
2019-09-03,15:15:02.386000,10526,10527,10526,1
2019-09-03,15:15:02.511000,10526,10527,10526,16
2019-09-03,15:15:02.511000,10526,10527,10526,2
2019-09-03,15:15:02.636000,10526,10527,10526,4
2019-09-03,15:15:02.636000,10526,10527,10526,1
2019-09-03,15:15:02.636000,10526,10527,10526,5
2019-09-03,15:15:03.509000,10525,10526,10525,1
2019-09-03,15:15:03.762000,10525,10526,10525,1
2019-09-03,15:15:03.784000,10525,10526,10525,6
2019-09-03,15:15:04.314000,10525,10526,10525,1
2019-09-03,15:15:04.324000,10525,10526,10525,1
2019-09-03,15:15:05.521000,10525,10526,10525,1
2019-09-03,15:15:05.547000,10525,10526,10525,1
2019-09-03,15:15:05.966000,10525,10526,10525,1
2019-09-03,15:15:06.774000,10525,10526,10526,1
2019-09-03,15:15:06.991000,10525,10526,10525,1
2019-09-03,15:15:07.145000,10525,10526,10525,1
2019-09-03,15:15:08.494000,10525,10526,10525,1
2019-09-03,15:15:09.685000,10525,10526,10525,2
2019-09-03,15:15:11.331000,10525,10526,10525,3
2019-09-03,15:15:12.363000,10525,10526,10525,1
2019-09-03,15:15:12.440000,10525,10526,10525,1
2019-09-03,15:15:12.440000,10525,10526,10525,1
2019-09-03,15:15:12.443000,10525,10526,10524,1
2019-09-03,15:15:12.781000,10524,10526,10524,1
2019-09-03,15:15:12.791000,10524,10526,10524,1
2019-09-03,15:15:12.791000,10524,10526,10524,1
2019-09-03,15:15:12.967000,10524,10526,10524,1
2019-09-03,15:15:13.109000,10524,10526,10524,1
2019-09-03,15:15:13.142000,10524,10526,10524,1
2019-09-03,15:15:13.165000,10524,10526,10524,2
2019-09-03,15:15:13.167000,10524,10526,10524,1
2019-09-03,15:15:13.190000,10524,10526,10524,1
2019-09-03,15:15:13.207000,10524,10526,10524,1
2019-09-03,15:15:13.317000,10524,10526,10524,1
2019-09-03,15:15:13.317000,10524,10526,10524,1
2019-09-03,15:15:13.789000,10525,10526,10525,1
2019-09-03,15:15:15.285000,10524,10525,10525,1
2019-09-03,15:15:17.772000,10524,10525,10524,1
2019-09-03,15:15:20.542000,10523,10524,10524,1
2019-09-03,15:15:21.062000,10523,10524,10524,2
2019-09-03,15:15:21.062000,10523,10524,10525,14
2019-09-03,15:15:21.773000,10524,10525,10525,1
2019-09-03,15:15:21.818000,10524,10525,10524,1
2019-09-03,15:15:23.104000,10524,10525,10524,1
2019-09-03,15:15:24.485000,10524,10525,10525,1
2019-09-03,15:15:24.762000,10524,10525,10524,1
2019-09-03,15:15:24.997000,10524,10525,10524,1
2019-09-03,15:15:27.640000,10524,10525,10525,1
2019-09-03,15:15:27.902000,10525,10526,10525,1
2019-09-03,15:15:28.409000,10525,10526,10525,1
2019-09-03,15:15:30.359000,10525,10526,10525,4
2019-09-03,15:15:31.597000,10524,10525,10524,1
2019-09-03,15:15:36.395000,10524,10525,10525,4
2019-09-03,15:15:36.511000,10525,10526,10525,5
2019-09-03,15:15:37.745000,10524,10525,10525,1
2019-09-03,15:15:42.925000,10525,10526,10525,5
2019-09-03,15:15:44.356000,10525,10526,10525,1
2019-09-03,15:15:44.722000,10525,10526,10525,1
2019-09-03,15:15:47.264000,10524,10525,10524,1
2019-09-03,15:15:49.555000,10524,10526,10526,1
2019-09-03,15:15:54.998000,10525,10526,10525,2
2019-09-03,15:15:55.735000,10525,10526,10525,2
2019-09-03,15:15:56.931000,10525,10526,10525,2
2019-09-03,15:16:04.133000,10525,10526,10525,1
2019-09-03,15:16:04.389000,10525,10526,10525,2
2019-09-03,15:16:05.058000,10525,10526,10525,1
2019-09-03,15:16:05.997000,10525,10526,10525,1
2019-09-03,15:16:08.889000,10525,10526,10525,4
2019-09-03,15:16:15.401000,10525,10526,10525,5
2019-09-03,15:16:16.391000,10525,10526,10526,2
2019-09-03,15:16:16.947000,10524,10526,10524,2
2019-09-03,15:16:18.118000,10524,10526,10524,1
2019-09-03,15:16:18.125000,10524,10526,10524,1
2019-09-03,15:16:18.138000,10524,10526,10524,1
2019-09-03,15:16:18.148000,10524,10526,10524,1
2019-09-03,15:16:20.922000,10524,10525,10524,2
2019-09-03,15:16:20.923000,10524,10525,10524,4
2019-09-03,15:16:24.173000,10524,10525,10524,1
2019-09-03,15:16:26.390000,10524,10525,10525,1
2019-09-03,15:16:31.096000,10524,10525,10524,1
2019-09-03,15:16:31.847000,10524,10525,10524,2
2019-09-03,15:16:31.848000,10524,10525,10524,6
2019-09-03,15:16:31.848000,10524,10525,10524,3
2019-09-03,15:16:37.859000,10523,10524,10524,1
2019-09-03,15:16:41.243000,10523,10524,10523,1
2019-09-03,15:16:41.341000,10523,10524,10523,1
2019-09-03,15:16:41.406000,10523,10524,10523,1
2019-09-03,15:16:41.849000,10523,10524,10523,1
2019-09-03,15:16:41.983000,10523,10524,10523,2
2019-09-03,15:16:42.132000,10523,10524,10523,1
2019-09-03,15:16:42.462000,10523,10524,10523,5
2019-09-03,15:16:42.591000,10523,10524,10523,3
2019-09-03,15:16:42.636000,10523,10524,10523,4
2019-09-03,15:16:43.995000,10523,10524,10523,1
2019-09-03,15:16:44.134000,10523,10524,10523,1
2019-09-03,15:16:44.134000,10523,10524,10523,1
2019-09-03,15:16:46.825000,10523,10524,10523,12
2019-09-03,15:16:47.319000,10523,10524,10523,1
2019-09-03,15:16:48.050000,10523,10524,10523,3
2019-09-03,15:16:48.076000,10523,10524,10523,1
2019-09-03,15:16:48.762000,10523,10524,10523,1
2019-09-03,15:16:50.363000,10523,10524,10524,4
2019-09-03,15:16:50.467000,10523,10524,10524,2
2019-09-03,15:16:50.467000,10523,10524,10524,2
2019-09-03,15:16:50.468000,10523,10524,10524,2
2019-09-03,15:16:50.511000,10523,10524,10524,1
2019-09-03,15:16:50.511000,10523,10524,10524,9
2019-09-03,15:16:57.013000,10524,10525,10524,3
2019-09-03,15:16:57.811000,10524,10525,10524,1
2019-09-03,15:17:00.402000,10524,10525,10525,1
2019-09-03,15:17:01.277000,10524,10525,10525,1
2019-09-03,15:17:03.531000,10524,10525,10524,1
2019-09-03,15:17:07.845000,10524,10525,10524,1
2019-09-03,15:17:08.681000,10524,10525,10524,1
2019-09-03,15:17:09.050000,10524,10525,10525,1
2019-09-03,15:17:10.854000,10524,10525,10524,8
2019-09-03,15:17:11.740000,10524,10525,10524,1
2019-09-03,15:17:14.017000,10524,10525,10524,10
2019-09-03,15:17:15.386000,10523,10524,10524,2
2019-09-03,15:17:15.608000,10523,10524,10524,1
2019-09-03,15:17:15.643000,10524,10525,10524,7
2019-09-03,15:17:18.577000,10524,10525,10524,1
2019-09-03,15:17:21.983000,10524,10525,10525,9
2019-09-03,15:17:21.983000,10524,10525,10525,1
2019-09-03,15:17:21.983000,10524,10525,10525,4
2019-09-03,15:17:21.984000,10524,10525,10525,2
2019-09-03,15:17:21.984000,10524,10525,10525,2
2019-09-03,15:17:22.011000,10524,10525,10525,5
2019-09-03,15:17:22.469000,10524,10526,10524,1
2019-09-03,15:17:25.436000,10524,10525,10525,1
2019-09-03,15:17:26.711000,10524,10526,10525,1
2019-09-03,15:17:28.886000,10524,10525,10525,1
2019-09-03,15:17:29.575000,10524,10525,10525,2
2019-09-03,15:17:30.065000,10524,10525,10524,2
2019-09-03,15:17:30.913000,10524,10525,10524,2
2019-09-03,15:17:31.769000,10524,10525,10525,2
2019-09-03,15:17:32.160000,10524,10525,10524,1
2019-09-03,15:17:33.024000,10524,10525,10524,2
2019-09-03,15:17:34.816000,10524,10525,10525,1
2019-09-03,15:17:42.045000,10524,10525,10525,1
2019-09-03,15:17:43.987000,10524,10525,10524,1
2019-09-03,15:17:44.164000,10524,10525,10525,1
2019-09-03,15:17:44.893000,10524,10525,10524,1
2019-09-03,15:17:44.969000,10524,10525,10525,1
2019-09-03,15:17:47.805000,10524,10526,10524,2
2019-09-03,15:17:49.759000,10524,10526,10524,2
2019-09-03,15:17:52.244000,10524,10525,10525,1
2019-09-03,15:17:54.692000,10524,10525,10525,1
2019-09-03,15:17:59.208000,10524,10525,10524,1
2019-09-03,15:18:00.045000,10524,10525,10525,1
2019-09-03,15:18:00.098000,10524,10525,10525,1
2019-09-03,15:18:00.177000,10524,10525,10525,9
2019-09-03,15:18:00.213000,10524,10525,10525,1
2019-09-03,15:18:03.527000,10524,10526,10524,1
2019-09-03,15:18:06.723000,10524,10525,10525,1
2019-09-03,15:18:12.590000,10525,10526,10525,1
2019-09-03,15:18:13.500000,10525,10526,10525,1
2019-09-03,15:18:14.965000,10524,10525,10525,1
2019-09-03,15:18:19.567000,10525,10526,10525,1
2019-09-03,15:18:23.954000,10525,10526,10525,2
2019-09-03,15:18:27.268000,10525,10526,10525,1
2019-09-03,15:18:28.246000,10525,10526,10526,1
2019-09-03,15:18:28.288000,10525,10526,10525,1
2019-09-03,15:18:43.271000,10525,10526,10526,1
2019-09-03,15:18:46.933000,10525,10526,10526,1
2019-09-03,15:18:59.926000,10525,10526,10525,1
2019-09-03,15:19:00.417000,10525,10526,10526,2
2019-09-03,15:19:04.640000,10525,10526,10526,1
2019-09-03,15:19:08.250000,10525,10526,10526,1
2019-09-03,15:19:13.720000,10525,10526,10526,1
2019-09-03,15:19:14.052000,10525,10526,10525,3
2019-09-03,15:19:23.035000,10525,10526,10526,1
2019-09-03,15:19:39.138000,10525,10526,10526,1
2019-09-03,15:19:44.049000,10525,10526,10525,2
2019-09-03,15:19:49.624000,10525,10526,10525,2
2019-09-03,15:19:49.636000,10525,10526,10525,1
2019-09-03,15:19:50.860000,10525,10526,10525,2
2019-09-03,15:19:50.860000,10525,10526,10525,10
2019-09-03,15:19:50.861000,10525,10526,10525,1
2019-09-03,15:19:50.861000,10525,10526,10525,4
2019-09-03,15:19:50.861000,10525,10526,10525,2
2019-09-03,15:19:50.886000,10525,10526,10525,5
2019-09-03,15:19:52.175000,10524,10525,10525,1
2019-09-03,15:19:54.147000,10524,10525,10524,1
2019-09-03,15:19:56.895000,10524,10525,10525,1
2019-09-03,15:20:02.292000,10524,10525,10524,1
2019-09-03,15:20:03.288000,10524,10525,10524,2
2019-09-03,15:20:06.232000,10524,10525,10525,1
2019-09-03,15:20:13.745000,10524,10525,10524,2
2019-09-03,15:20:17.637000,10524,10525,10525,1
2019-09-03,15:20:18.011000,10524,10525,10525,4
2019-09-03,15:20:18.012000,10524,10525,10525,1
2019-09-03,15:20:21.395000,10525,10526,10525,4
2019-09-03,15:20:26.593000,10525,10526,10525,1
2019-09-03,15:20:29.189000,10525,10526,10526,2
2019-09-03,15:20:29.189000,10525,10526,10526,12
2019-09-03,15:20:29.189000,10525,10526,10526,2
2019-09-03,15:20:29.189000,10525,10526,10526,4
2019-09-03,15:20:29.190000,10525,10526,10526,2
2019-09-03,15:20:29.191000,10525,10526,10526,1
2019-09-03,15:20:29.191000,10525,10526,10526,1
2019-09-03,15:20:29.192000,10525,10526,10526,2
2019-09-03,15:20:31.158000,10526,10527,10527,16
2019-09-03,15:20:31.185000,10526,10527,10527,2
2019-09-03,15:20:31.261000,10526,10527,10527,14
2019-09-03,15:20:31.298000,10526,10527,10527,1
2019-09-03,15:20:31.386000,10526,10527,10527,1
2019-09-03,15:20:31.434000,10526,10527,10527,1
2019-09-03,15:20:36.478000,10526,10527,10527,1
2019-09-03,15:20:43.225000,10526,10527,10527,1
2019-09-03,15:20:43.485000,10526,10527,10527,1
2019-09-03,15:20:47.449000,10526,10527,10527,1
2019-09-03,15:20:47.449000,10526,10527,10527,1
2019-09-03,15:20:47.486000,10526,10527,10527,11
2019-09-03,15:20:47.631000,10527,10528,10527,1
2019-09-03,15:20:48.155000,10527,10528,10527,2
2019-09-03,15:20:55.245000,10527,10528,10528,10
2019-09-03,15:20:58.277000,10527,10528,10527,2
2019-09-03,15:20:58.538000,10527,10528,10528,1
2019-09-03,15:20:59.957000,10527,10528,10527,2
2019-09-03,15:21:01.906000,10527,10528,10527,5
2019-09-03,15:21:02.975000,10526,10527,10527,1
2019-09-03,15:21:04.629000,10526,10527,10526,1
2019-09-03,15:21:10.126000,10526,10527,10526,2
2019-09-03,15:21:19.249000,10526,10527,10527,1
2019-09-03,15:21:19.646000,10526,10527,10527,2
2019-09-03,15:21:19.646000,10526,10527,10527,1
2019-09-03,15:21:25.471000,10527,10528,10528,1
2019-09-03,15:21:30.415000,10527,10528,10528,2
2019-09-03,15:21:31.938000,10527,10528,10528,1
2019-09-03,15:21:33.337000,10527,10528,10528,1
2019-09-03,15:21:34.081000,10527,10528,10528,1
2019-09-03,15:21:37.307000,10527,10528,10528,1
2019-09-03,15:21:37.589000,10527,10528,10528,1
2019-09-03,15:21:37.659000,10527,10528,10528,1
2019-09-03,15:21:42.836000,10527,10528,10528,1
2019-09-03,15:21:45.013000,10527,10528,10528,1
2019-09-03,15:21:45.188000,10527,10528,10528,1
2019-09-03,15:21:45.282000,10527,10528,10528,2
2019-09-03,15:21:45.691000,10528,10529,10528,1
2019-09-03,15:21:48.949000,10528,10529,10529,1
2019-09-03,15:21:49.286000,10528,10529,10529,5
2019-09-03,15:21:49.286000,10528,10529,10529,2
2019-09-03,15:21:49.286000,10528,10529,10529,2
2019-09-03,15:21:49.286000,10528,10529,10529,3
2019-09-03,15:21:49.316000,10528,10529,10529,2
2019-09-03,15:21:49.317000,10528,10529,10529,1
2019-09-03,15:21:49.343000,10528,10529,10529,2
2019-09-03,15:21:49.368000,10528,10529,10529,2
2019-09-03,15:21:54.138000,10528,10529,10528,1
2019-09-03,15:21:54.168000,10528,10529,10528,1
2019-09-03,15:21:54.524000,10528,10529,10528,1
2019-09-03,15:21:57.171000,10528,10529,10529,1
2019-09-03,15:21:58.492000,10528,10529,10528,4
2019-09-03,15:22:01.933000,10528,10529,10529,2
2019-09-03,15:22:12.050000,10528,10529,10528,1
2019-09-03,15:22:14.927000,10528,10529,10528,1
2019-09-03,15:22:15.051000,10528,10529,10528,4
2019-09-03,15:22:15.051000,10528,10529,10528,4
2019-09-03,15:22:15.051000,10528,10529,10528,8
2019-09-03,15:22:15.785000,10527,10528,10528,1
2019-09-03,15:22:15.791000,10527,10528,10528,1
2019-09-03,15:22:16.104000,10527,10528,10528,9
2019-09-03,15:22:19.622000,10528,10529,10529,4
2019-09-03,15:22:19.898000,10528,10529,10529,4
2019-09-03,15:22:20.136000,10528,10529,10529,4
2019-09-03,15:22:20.318000,10528,10529,10529,4
2019-09-03,15:22:20.463000,10528,10529,10528,2
2019-09-03,15:22:20.531000,10528,10529,10528,1
2019-09-03,15:22:23.925000,10528,10529,10529,1
2019-09-03,15:22:28.598000,10528,10529,10529,1
2019-09-03,15:22:29.358000,10529,10530,10529,1
2019-09-03,15:22:35.598000,10529,10530,10529,1
2019-09-03,15:22:35.598000,10529,10530,10529,3
2019-09-03,15:22:39.537000,10529,10530,10530,5
2019-09-03,15:22:39.669000,10529,10530,10530,1
2019-09-03,15:22:39.669000,10529,10530,10530,1
2019-09-03,15:22:39.674000,10529,10530,10530,1
2019-09-03,15:22:40.178000,10529,10530,10529,2
2019-09-03,15:22:49.058000,10529,10530,10530,1
2019-09-03,15:22:53.103000,10529,10530,10530,4
2019-09-03,15:22:53.391000,10529,10530,10530,1
2019-09-03,15:23:01.454000,10529,10530,10529,5
2019-09-03,15:23:05.761000,10528,10529,10529,1
2019-09-03,15:23:12.134000,10528,10529,10529,4
2019-09-03,15:23:16.105000,10528,10529,10530,1
2019-09-03,15:23:16.696000,10528,10530,10530,27
2019-09-03,15:23:25.122000,10529,10530,10530,2
2019-09-03,15:23:29.476000,10529,10530,10529,1
2019-09-03,15:23:42.832000,10529,10530,10529,1
2019-09-03,15:23:46.842000,10529,10530,10529,1
2019-09-03,15:23:47.820000,10529,10530,10529,1
2019-09-03,15:23:48.267000,10529,10530,10529,1
2019-09-03,15:23:48.468000,10529,10530,10529,1
2019-09-03,15:23:51.053000,10529,10530,10529,1
2019-09-03,15:23:58.346000,10529,10530,10530,2
2019-09-03,15:23:58.386000,10529,10530,10530,6
2019-09-03,15:23:58.386000,10529,10530,10530,16
2019-09-03,15:23:58.511000,10529,10530,10530,3
2019-09-03,15:24:03.662000,10530,10531,10531,1
2019-09-03,15:24:04.052000,10530,10531,10531,1
2019-09-03,15:24:06.389000,10530,10531,10531,1
2019-09-03,15:24:13.696000,10530,10531,10531,2
2019-09-03,15:24:15.215000,10530,10531,10531,1
2019-09-03,15:24:17.294000,10530,10531,10530,1
2019-09-03,15:24:31.603000,10530,10531,10531,1
2019-09-03,15:24:31.847000,10530,10531,10531,1
2019-09-03,15:24:32.073000,10530,10531,10531,1
2019-09-03,15:24:34.574000,10530,10531,10530,5
2019-09-03,15:24:36.910000,10530,10531,10531,1
2019-09-03,15:24:43.833000,10530,10531,10531,1
2019-09-03,15:24:59.004000,10530,10531,10531,1
2019-09-03,15:24:59.980000,10530,10531,10531,1
2019-09-03,15:25:00.408000,10530,10531,10531,1
2019-09-03,15:25:01.213000,10530,10531,10531,1
2019-09-03,15:25:04.343000,10530,10531,10530,1
2019-09-03,15:25:20.666000,10530,10531,10530,2
2019-09-03,15:25:26.408000,10530,10531,10531,1
2019-09-03,15:25:28.105000,10530,10531,10530,5
2019-09-03,15:25:29.367000,10530,10531,10530,11
2019-09-03,15:25:31.708000,10529,10530,10530,1
2019-09-03,15:25:36.871000,10529,10530,10529,1
2019-09-03,15:25:40.385000,10529,10530,10530,2
2019-09-03,15:25:43.020000,10529,10530,10530,2
2019-09-03,15:25:44.374000,10529,10530,10530,1
2019-09-03,15:25:44.500000,10529,10530,10530,1
2019-09-03,15:25:47.704000,10529,10530,10530,1
2019-09-03,15:25:47.926000,10529,10530,10529,6
2019-09-03,15:25:49.302000,10529,10530,10530,1
2019-09-03,15:25:53.171000,10529,10530,10529,1
2019-09-03,15:25:53.539000,10529,10530,10530,1
2019-09-03,15:25:54.015000,10529,10530,10530,1
2019-09-03,15:26:00.012000,10529,10530,10530,8
2019-09-03,15:26:05.056000,10530,10531,10531,2
2019-09-03,15:26:05.056000,10530,10531,10531,2
2019-09-03,15:26:05.056000,10530,10531,10531,1
2019-09-03,15:26:05.148000,10530,10531,10531,2
2019-09-03,15:26:05.864000,10530,10531,10530,2
2019-09-03,15:26:09.817000,10530,10531,10530,1
2019-09-03,15:26:14.615000,10530,10531,10530,9
2019-09-03,15:26:18.983000,10530,10531,10530,2
2019-09-03,15:26:19.105000,10530,10531,10530,2
2019-09-03,15:26:21.381000,10530,10531,10530,1
2019-09-03,15:26:22.531000,10530,10531,10531,2
2019-09-03,15:26:24.005000,10530,10531,10530,1
2019-09-03,15:26:24.649000,10530,10531,10531,26
2019-09-03,15:26:24.964000,10530,10531,10531,2
2019-09-03,15:26:25.241000,10530,10531,10531,1
2019-09-03,15:26:26.707000,10530,10531,10531,1
2019-09-03,15:26:26.746000,10530,10531,10531,1
2019-09-03,15:26:29.981000,10530,10531,10531,6
2019-09-03,15:26:42.074000,10531,10532,10532,1
2019-09-03,15:26:42.441000,10531,10532,10532,3
2019-09-03,15:26:48.073000,10531,10532,10532,2
2019-09-03,15:26:53.428000,10531,10532,10531,1
2019-09-03,15:26:56.260000,10531,10532,10532,1
2019-09-03,15:26:59.666000,10531,10532,10531,2
2019-09-03,15:27:01.141000,10531,10532,10531,15
2019-09-03,15:27:04.383000,10531,10532,10532,1
2019-09-03,15:27:07.646000,10531,10532,10532,3
2019-09-03,15:27:11.925000,10531,10532,10532,4
2019-09-03,15:27:15.235000,10531,10532,10532,1
2019-09-03,15:27:15.690000,10531,10532,10532,2
2019-09-03,15:27:16.090000,10531,10532,10532,5
2019-09-03,15:27:18.221000,10531,10532,10532,5
2019-09-03,15:27:23.454000,10531,10532,10532,1
2019-09-03,15:27:25.789000,10531,10532,10531,1
2019-09-03,15:27:34.056000,10531,10532,10532,1
2019-09-03,15:27:34.844000,10531,10532,10531,1
2019-09-03,15:27:39.074000,10531,10532,10531,2
2019-09-03,15:27:40.221000,10531,10532,10531,2
2019-09-03,15:27:42.390000,10531,10532,10531,2
2019-09-03,15:27:44.255000,10531,10532,10531,5
2019-09-03,15:27:51.912000,10531,10532,10531,1
2019-09-03,15:27:53.904000,10531,10532,10531,5
2019-09-03,15:27:55.127000,10531,10532,10532,2
2019-09-03,15:27:56.988000,10531,10532,10531,1
2019-09-03,15:28:05.897000,10531,10532,10531,1
2019-09-03,15:28:09.332000,10531,10532,10531,1
2019-09-03,15:28:10.405000,10531,10532,10532,1
2019-09-03,15:28:15.511000,10531,10532,10531,5
2019-09-03,15:28:19.015000,10530,10531,10531,1
2019-09-03,15:28:21.175000,10530,10531,10530,5
2019-09-03,15:28:21.479000,10530,10531,10531,1
2019-09-03,15:28:23.298000,10530,10531,10530,4
2019-09-03,15:28:27.342000,10530,10531,10531,1
2019-09-03,15:28:27.504000,10530,10531,10531,1
2019-09-03,15:28:28.757000,10530,10531,10530,1
2019-09-03,15:28:31.832000,10530,10531,10531,1
2019-09-03,15:28:32.370000,10530,10531,10531,3
2019-09-03,15:28:34.436000,10530,10531,10530,1
2019-09-03,15:28:36.998000,10530,10531,10530,1
2019-09-03,15:28:38.753000,10530,10531,10530,1
2019-09-03,15:28:42.119000,10530,10531,10530,1
2019-09-03,15:28:44.074000,10530,10531,10530,1
2019-09-03,15:28:45.622000,10530,10531,10530,1
2019-09-03,15:28:46.364000,10530,10531,10530,1
2019-09-03,15:28:58.338000,10530,10531,10530,1
2019-09-03,15:29:05.319000,10530,10531,10530,1
2019-09-03,15:29:07.795000,10530,10531,10530,1
2019-09-03,15:29:08.888000,10530,10531,10530,1
2019-09-03,15:29:08.888000,10530,10531,10530,2
2019-09-03,15:29:08.889000,10530,10531,10530,1
2019-09-03,15:29:08.890000,10530,10531,10530,1
2019-09-03,15:29:08.891000,10530,10531,10530,1
2019-09-03,15:29:08.891000,10530,10531,10530,8
2019-09-03,15:29:17.568000,10529,10530,10530,5
2019-09-03,15:29:17.963000,10530,10531,10530,1
2019-09-03,15:29:22.261000,10530,10531,10530,4
2019-09-03,15:29:36.336000,10529,10530,10529,18
2019-09-03,15:29:37.616000,10529,10530,10529,1
2019-09-03,15:29:38.398000,10529,10530,10529,1
2019-09-03,15:29:44.259000,10529,10530,10530,1
2019-09-03,15:29:44.614000,10529,10530,10530,4
2019-09-03,15:29:45.011000,10530,10531,10530,1
2019-09-03,15:29:54.399000,10530,10531,10530,2
2019-09-03,15:29:55.604000,10530,10531,10531,3
2019-09-03,15:29:59.491000,10530,10531,10531,4
2019-09-03,15:29:59.630000,10530,10531,10531,1
2019-09-03,15:30:11.584000,10530,10531,10531,2
2019-09-03,15:30:11.881000,10530,10531,10530,2
2019-09-03,15:30:11.882000,10530,10531,10531,1
2019-09-03,15:30:11.886000,10531,10532,10531,1
2019-09-03,15:30:11.890000,10531,10532,10530,1
2019-09-03,15:30:12.095000,10530,10532,10531,2
2019-09-03,15:30:14.604000,10531,10532,10531,1
2019-09-03,15:30:15.842000,10531,10532,10532,1
2019-09-03,15:30:15.849000,10531,10532,10532,1
2019-09-03,15:30:15.856000,10531,10532,10532,1
2019-09-03,15:30:15.866000,10531,10532,10532,1
2019-09-03,15:30:15.875000,10531,10532,10532,2
2019-09-03,15:30:15.886000,10531,10532,10532,1
2019-09-03,15:30:15.889000,10531,10532,10531,1
2019-09-03,15:30:15.903000,10531,10532,10532,3
2019-09-03,15:30:16.099000,10531,10532,10532,1
2019-09-03,15:30:16.482000,10531,10532,10532,1
2019-09-03,15:30:16.987000,10531,10532,10532,2
2019-09-03,15:30:17.460000,10531,10532,10532,2
2019-09-03,15:30:32.466000,10531,10532,10531,2
2019-09-03,15:30:33.623000,10531,10532,10532,2
2019-09-03,15:30:35.568000,10531,10532,10531,1
2019-09-03,15:30:37.550000,10531,10532,10532,1
2019-09-03,15:30:38.527000,10531,10532,10532,1
2019-09-03,15:30:40.515000,10531,10532,10532,5
2019-09-03,15:30:41.991000,10531,10532,10532,2
2019-09-03,15:30:41.992000,10531,10532,10532,18
2019-09-03,15:30:41.992000,10531,10532,10532,3
2019-09-03,15:30:48.012000,10532,10533,10533,2
2019-09-03,15:30:48.237000,10532,10533,10533,1
2019-09-03,15:30:48.417000,10532,10533,10533,1
2019-09-03,15:30:49.854000,10532,10533,10533,1
2019-09-03,15:30:49.909000,10532,10533,10533,1
2019-09-03,15:30:55.509000,10532,10533,10533,1
2019-09-03,15:30:57.609000,10532,10533,10532,1
2019-09-03,15:31:00.131000,10532,10533,10532,2
2019-09-03,15:31:00.131000,10532,10533,10532,2
2019-09-03,15:31:00.131000,10532,10533,10532,1
2019-09-03,15:31:01.193000,10531,10532,10532,1
2019-09-03,15:31:07.431000,10531,10532,10532,10
2019-09-03,15:31:08.497000,10531,10532,10532,1
2019-09-03,15:31:16.074000,10531,10532,10532,1
2019-09-03,15:31:18.555000,10531,10532,10531,12
2019-09-03,15:31:18.555000,10531,10532,10530,16
2019-09-03,15:31:18.754000,10530,10531,10531,1
2019-09-03,15:31:19.566000,10530,10531,10531,1
2019-09-03,15:31:20.659000,10530,10531,10531,1
2019-09-03,15:31:24.379000,10530,10532,10530,4
2019-09-03,15:31:44.273000,10531,10532,10531,1
2019-09-03,15:31:53.138000,10531,10532,10531,2
2019-09-03,15:31:53.831000,10530,10532,10530,1
2019-09-03,15:31:57.311000,10530,10532,10530,1
2019-09-03,15:31:58.048000,10530,10532,10530,2
2019-09-03,15:31:58.161000,10530,10532,10530,1
2019-09-03,15:31:59.284000,10530,10531,10531,1
2019-09-03,15:32:00.512000,10531,10532,10531,1
2019-09-03,15:32:01.905000,10531,10532,10531,2
2019-09-03,15:32:02.720000,10531,10532,10532,1
2019-09-03,15:32:02.987000,10531,10532,10531,1
2019-09-03,15:32:06.321000,10531,10532,10531,2
2019-09-03,15:32:06.381000,10531,10532,10531,4
2019-09-03,15:32:06.381000,10531,10532,10530,4
2019-09-03,15:32:10.901000,10530,10532,10530,2
2019-09-03,15:32:22.160000,10530,10531,10531,5
2019-09-03,15:32:22.160000,10530,10531,10532,44
2019-09-03,15:32:22.160000,10530,10531,10533,46
2019-09-03,15:32:22.262000,10531,10532,10533,4
2019-09-03,15:32:22.387000,10532,10533,10533,5
2019-09-03,15:32:22.464000,10532,10533,10532,10
2019-09-03,15:32:22.513000,10532,10533,10533,4
2019-09-03,15:32:29.315000,10532,10533,10533,1
2019-09-03,15:32:30.407000,10532,10533,10532,8
2019-09-03,15:32:30.408000,10532,10533,10532,1
2019-09-03,15:32:32.015000,10531,10532,10532,21
2019-09-03,15:32:32.015000,10531,10532,10533,53
2019-09-03,15:32:32.015000,10531,10532,10533,1
2019-09-03,15:32:32.138000,10533,10534,10533,16
2019-09-03,15:32:33.256000,10533,10534,10533,1
2019-09-03,15:32:33.546000,10533,10534,10533,5
2019-09-03,15:32:33.636000,10533,10534,10533,1
2019-09-03,15:32:33.668000,10533,10534,10533,1
2019-09-03,15:32:33.761000,10533,10534,10533,1
2019-09-03,15:32:33.886000,10532,10533,10533,1
2019-09-03,15:32:34.015000,10532,10533,10533,2
2019-09-03,15:32:38.584000,10532,10533,10533,4
2019-09-03,15:32:38.584000,10532,10533,10534,31
2019-09-03,15:32:39.210000,10533,10534,10533,1
2019-09-03,15:32:44.300000,10532,10533,10533,1
2019-09-03,15:32:45.163000,10533,10534,10533,3
2019-09-03,15:32:45.261000,10533,10534,10533,8
2019-09-03,15:32:45.262000,10533,10534,10533,1
2019-09-03,15:32:46.720000,10532,10533,10533,1
2019-09-03,15:32:52.367000,10532,10533,10533,1
2019-09-03,15:32:59.863000,10532,10533,10532,8
2019-09-03,15:33:01.883000,10532,10533,10533,7
2019-09-03,15:33:03.678000,10533,10534,10533,1
2019-09-03,15:33:12.470000,10533,10534,10533,6
2019-09-03,15:33:14.423000,10533,10534,10533,2
2019-09-03,15:33:19.489000,10533,10534,10533,2
2019-09-03,15:33:23.370000,10533,10534,10533,2
2019-09-03,15:33:26.567000,10533,10534,10533,2
2019-09-03,15:33:29.279000,10533,10534,10533,1
2019-09-03,15:33:30.168000,10533,10534,10533,2
2019-09-03,15:33:31.311000,10533,10534,10533,16
2019-09-03,15:33:32.549000,10533,10534,10533,1
2019-09-03,15:33:39.870000,10533,10534,10534,1
2019-09-03,15:33:45.192000,10533,10534,10534,1
2019-09-03,15:33:45.563000,10533,10534,10534,2
2019-09-03,15:33:45.564000,10533,10534,10534,2
2019-09-03,15:33:45.566000,10533,10534,10534,1
2019-09-03,15:33:45.566000,10533,10534,10534,1
2019-09-03,15:33:45.566000,10533,10534,10534,2
2019-09-03,15:33:45.569000,10533,10534,10534,2
2019-09-03,15:33:45.572000,10533,10534,10534,2
2019-09-03,15:33:45.605000,10533,10534,10534,2
2019-09-03,15:33:45.605000,10533,10534,10534,2
2019-09-03,15:33:45.605000,10533,10534,10534,3
2019-09-03,15:33:45.605000,10533,10534,10534,3
2019-09-03,15:33:45.605000,10533,10534,10534,1
2019-09-03,15:33:47.813000,10534,10535,10534,13
2019-09-03,15:33:58.797000,10534,10535,10535,1
2019-09-03,15:33:58.958000,10534,10535,10535,1
2019-09-03,15:33:59.011000,10534,10535,10535,1
2019-09-03,15:33:59.044000,10534,10535,10535,1
2019-09-03,15:34:00.907000,10534,10535,10534,1
2019-09-03,15:34:02.955000,10534,10535,10535,9
2019-09-03,15:34:09.452000,10534,10535,10535,1
2019-09-03,15:34:10.104000,10534,10535,10535,2
2019-09-03,15:34:11.111000,10534,10535,10535,1
2019-09-03,15:34:11.179000,10534,10535,10535,1
2019-09-03,15:34:11.848000,10534,10535,10535,1
2019-09-03,15:34:12.967000,10534,10535,10535,1
2019-09-03,15:34:13.166000,10534,10535,10535,1
2019-09-03,15:34:14.913000,10534,10535,10535,2
2019-09-03,15:34:15.410000,10534,10535,10535,1
2019-09-03,15:34:15.760000,10534,10535,10535,1
2019-09-03,15:34:17.828000,10534,10535,10535,2
2019-09-03,15:34:18.165000,10534,10535,10535,2
2019-09-03,15:34:19.968000,10534,10535,10535,1
2019-09-03,15:34:20.194000,10534,10535,10535,1
2019-09-03,15:34:20.560000,10534,10535,10535,1
2019-09-03,15:34:21.098000,10534,10535,10535,1
2019-09-03,15:34:22.076000,10534,10535,10535,1
2019-09-03,15:34:22.328000,10534,10535,10535,1
2019-09-03,15:34:24.970000,10534,10535,10535,1
2019-09-03,15:34:31.248000,10534,10535,10535,1
2019-09-03,15:34:32.785000,10534,10535,10535,1
2019-09-03,15:34:34.818000,10534,10535,10534,1
2019-09-03,15:34:36.277000,10534,10535,10535,1
2019-09-03,15:34:37.429000,10534,10535,10535,1
2019-09-03,15:34:37.582000,10534,10535,10535,1
2019-09-03,15:34:43.390000,10534,10535,10535,5
2019-09-03,15:34:45.770000,10534,10535,10535,1
2019-09-03,15:34:47.008000,10534,10535,10534,1
2019-09-03,15:34:51.392000,10534,10535,10534,1
2019-09-03,15:34:58.377000,10534,10535,10534,1
2019-09-03,15:34:59.327000,10534,10535,10534,1
2019-09-03,15:35:05.900000,10534,10535,10534,1
2019-09-03,15:35:08.891000,10534,10535,10534,1
2019-09-03,15:35:08.891000,10534,10535,10534,7
2019-09-03,15:35:08.891000,10534,10535,10534,2
2019-09-03,15:35:08.891000,10534,10535,10534,2
2019-09-03,15:35:08.891000,10534,10535,10534,2
2019-09-03,15:35:08.891000,10534,10535,10534,3
2019-09-03,15:35:08.891000,10534,10535,10534,2
2019-09-03,15:35:09.463000,10533,10534,10534,1
2019-09-03,15:35:13.091000,10533,10534,10533,1
2019-09-03,15:35:14.011000,10533,10534,10533,6
2019-09-03,15:35:14.136000,10533,10534,10533,5
2019-09-03,15:35:17.889000,10532,10534,10532,1
2019-09-03,15:35:19.366000,10533,10534,10533,1
2019-09-03,15:35:21.907000,10533,10534,10534,1
2019-09-03,15:35:26.006000,10532,10533,10532,7
2019-09-03,15:35:37.511000,10532,10533,10533,1
2019-09-03,15:35:40.894000,10532,10533,10533,2
2019-09-03,15:35:40.939000,10532,10533,10533,2
2019-09-03,15:35:42.041000,10533,10534,10533,10
2019-09-03,15:35:44.577000,10533,10534,10533,1
2019-09-03,15:35:56.170000,10533,10534,10533,2
2019-09-03,15:35:56.170000,10533,10534,10532,8
2019-09-03,15:36:00.876000,10533,10534,10533,1
2019-09-03,15:36:03.126000,10532,10533,10532,2
2019-09-03,15:36:11.025000,10532,10533,10532,1
2019-09-03,15:36:30.115000,10532,10533,10533,1
2019-09-03,15:36:33.136000,10532,10533,10532,5
2019-09-03,15:36:33.136000,10532,10533,10532,6
2019-09-03,15:36:33.261000,10532,10533,10532,3
2019-09-03,15:36:51.336000,10531,10532,10532,1
2019-09-03,15:36:57.694000,10531,10532,10532,1
2019-09-03,15:37:02.258000,10531,10532,10532,1
2019-09-03,15:37:29.417000,10531,10532,10532,1
2019-09-03,15:37:55.237000,10531,10532,10531,1
2019-09-03,15:37:55.285000,10531,10532,10531,1
2019-09-03,15:38:03.898000,10531,10532,10531,1
2019-09-03,15:38:23.546000,10531,10532,10531,1
2019-09-03,15:38:44.862000,10531,10532,10531,5
2019-09-03,15:38:45.002000,10531,10532,10532,1
2019-09-03,15:38:57.928000,10531,10532,10532,1
2019-09-03,15:38:58.166000,10531,10532,10531,1
2019-09-03,15:38:58.466000,10531,10532,10532,1
2019-09-03,15:39:04.790000,10531,10532,10531,8
2019-09-03,15:39:04.790000,10531,10532,10531,7
2019-09-03,15:39:04.790000,10531,10532,10531,8
2019-09-03,15:39:10.049000,10530,10531,10531,1
2019-09-03,15:39:10.506000,10530,10531,10531,3
2019-09-03,15:39:15.098000,10531,10532,10531,2
2019-09-03,15:39:15.107000,10531,10532,10531,11
2019-09-03,15:39:17.981000,10530,10531,10531,1
2019-09-03,15:39:22.516000,10530,10531,10531,1
2019-09-03,15:39:29.541000,10530,10531,10530,1
2019-09-03,15:39:30.385000,10530,10531,10530,7
2019-09-03,15:39:30.386000,10530,10531,10530,9
2019-09-03,15:39:30.386000,10530,10531,10530,1
2019-09-03,15:39:30.387000,10530,10531,10530,2
2019-09-03,15:39:30.387000,10530,10531,10530,4
2019-09-03,15:39:30.389000,10530,10531,10530,4
2019-09-03,15:39:30.390000,10530,10531,10530,2
2019-09-03,15:39:30.393000,10530,10531,10530,2
2019-09-03,15:39:31.755000,10530,10531,10530,1
2019-09-03,15:39:31.756000,10530,10531,10530,3
2019-09-03,15:39:31.761000,10530,10531,10530,1
2019-09-03,15:39:31.761000,10530,10531,10530,4
2019-09-03,15:39:31.962000,10530,10531,10530,1
2019-09-03,15:39:34.145000,10529,10530,10529,11
2019-09-03,15:39:38.658000,10529,10530,10529,1
2019-09-03,15:39:38.879000,10529,10530,10529,1
2019-09-03,15:39:38.886000,10528,10529,10529,2
2019-09-03,15:39:39.136000,10528,10529,10529,1
2019-09-03,15:39:39.261000,10528,10529,10529,1
2019-09-03,15:39:39.636000,10528,10529,10529,1
2019-09-03,15:39:43.383000,10529,10530,10529,11
2019-09-03,15:39:50.777000,10529,10530,10530,1
2019-09-03,15:39:54.544000,10529,10530,10530,1
2019-09-03,15:39:55.478000,10530,10531,10530,2
2019-09-03,15:39:55.598000,10529,10531,10529,1
2019-09-03,15:39:57.121000,10529,10530,10530,1
2019-09-03,15:40:02.540000,10529,10530,10530,1
2019-09-03,15:40:09.242000,10529,10530,10530,2
2019-09-03,15:40:21.272000,10529,10530,10529,1
2019-09-03,15:40:25.812000,10529,10530,10529,1
2019-09-03,15:40:31.332000,10529,10530,10529,1
2019-09-03,15:40:35.169000,10529,10530,10530,5
2019-09-03,15:40:36.757000,10529,10530,10530,2
2019-09-03,15:40:37.820000,10529,10530,10530,1
2019-09-03,15:40:37.975000,10529,10530,10529,1
2019-09-03,15:40:41.106000,10529,10530,10530,5
2019-09-03,15:40:41.174000,10529,10531,10530,1
2019-09-03,15:40:42.160000,10530,10531,10531,8
2019-09-03,15:40:43.987000,10531,10532,10531,1
2019-09-03,15:40:44.507000,10531,10532,10531,1
2019-09-03,15:41:06.543000,10530,10531,10530,1
2019-09-03,15:41:12.617000,10530,10531,10531,3
2019-09-03,15:41:17.957000,10530,10531,10531,3
2019-09-03,15:41:19.170000,10531,10532,10531,1
2019-09-03,15:41:24.136000,10531,10532,10532,8
2019-09-03,15:41:24.261000,10531,10532,10532,1
2019-09-03,15:41:32.402000,10531,10532,10532,1
2019-09-03,15:41:34.494000,10531,10532,10532,1
2019-09-03,15:41:38.483000,10532,10533,10532,2
2019-09-03,15:41:38.709000,10532,10533,10532,1
2019-09-03,15:41:50.466000,10532,10533,10532,2
2019-09-03,15:41:51.244000,10531,10532,10532,1
2019-09-03,15:42:05.606000,10532,10533,10533,1
2019-09-03,15:42:06.091000,10532,10533,10532,4
2019-09-03,15:42:06.091000,10532,10533,10531,1
2019-09-03,15:42:06.097000,10532,10533,10531,5
2019-09-03,15:42:06.112000,10532,10533,10531,2
2019-09-03,15:42:15.386000,10532,10533,10533,8
2019-09-03,15:42:29.773000,10532,10533,10533,20
2019-09-03,15:42:29.773000,10532,10533,10533,1
2019-09-03,15:42:29.773000,10532,10533,10533,1
2019-09-03,15:42:29.774000,10532,10533,10533,1
2019-09-03,15:42:29.774000,10532,10533,10533,2
2019-09-03,15:42:39.268000,10532,10533,10533,1
2019-09-03,15:42:39.634000,10533,10534,10533,1
2019-09-03,15:42:51.005000,10532,10533,10533,1
2019-09-03,15:43:04.048000,10532,10533,10533,2
2019-09-03,15:43:06.703000,10532,10533,10533,2
2019-09-03,15:43:06.756000,10532,10533,10533,1
2019-09-03,15:43:25.050000,10533,10534,10533,4
2019-09-03,15:43:30.311000,10532,10534,10534,1
2019-09-03,15:43:39.576000,10533,10534,10533,1
2019-09-03,15:44:03.976000,10533,10534,10534,3
2019-09-03,15:44:19.836000,10533,10534,10534,1
2019-09-03,15:44:20.868000,10533,10534,10534,1
2019-09-03,15:44:21.977000,10533,10534,10534,1
2019-09-03,15:44:24.994000,10533,10534,10534,1
2019-09-03,15:44:26.197000,10533,10534,10534,1
2019-09-03,15:44:32.197000,10533,10534,10534,1
2019-09-03,15:44:32.601000,10533,10534,10534,1
2019-09-03,15:44:43.854000,10533,10534,10534,2
2019-09-03,15:44:48.431000,10533,10534,10534,1
2019-09-03,15:44:58.121000,10533,10534,10534,1
2019-09-03,15:45:00.642000,10533,10534,10533,6
2019-09-03,15:45:07.194000,10532,10533,10532,1
2019-09-03,15:45:07.199000,10532,10533,10532,2
2019-09-03,15:45:07.520000,10532,10533,10532,1
2019-09-03,15:45:07.936000,10532,10533,10533,1
2019-09-03,15:45:08.785000,10532,10533,10533,1
2019-09-03,15:45:42.900000,10533,10534,10533,1
2019-09-03,15:46:02.255000,10533,10534,10534,1
2019-09-03,15:46:07.135000,10533,10534,10533,1
2019-09-03,15:46:14.545000,10533,10534,10533,1
2019-09-03,15:46:23.146000,10533,10534,10533,5
2019-09-03,15:46:35.892000,10533,10534,10534,1
2019-09-03,15:46:36.505000,10533,10534,10534,14
2019-09-03,15:46:42.295000,10534,10535,10534,1
2019-09-03,15:46:53.815000,10534,10535,10535,1
2019-09-03,15:46:54.078000,10534,10535,10535,1
2019-09-03,15:47:16.456000,10534,10535,10534,2
2019-09-03,15:47:16.458000,10534,10535,10534,2
2019-09-03,15:47:16.511000,10534,10535,10534,1
2019-09-03,15:47:21.670000,10533,10534,10534,1
2019-09-03,15:47:26.719000,10534,10535,10534,1
2019-09-03,15:47:35.241000,10534,10535,10534,1
2019-09-03,15:47:44.639000,10534,10535,10534,1
2019-09-03,15:47:45.211000,10534,10535,10534,2
2019-09-03,15:47:55.333000,10534,10535,10534,1
2019-09-03,15:47:58.025000,10534,10535,10534,5
2019-09-03,15:48:01.155000,10534,10535,10534,1
2019-09-03,15:48:01.155000,10534,10535,10534,2
2019-09-03,15:48:06.438000,10533,10534,10534,1
2019-09-03,15:48:21.315000,10533,10534,10534,1
2019-09-03,15:48:31.872000,10533,10534,10534,1
2019-09-03,15:48:49.108000,10533,10534,10534,1
2019-09-03,15:48:53.120000,10533,10534,10533,3
2019-09-03,15:48:53.120000,10533,10534,10533,2
2019-09-03,15:48:54.171000,10532,10534,10534,4
2019-09-03,15:48:59.297000,10532,10533,10533,1
2019-09-03,15:48:59.297000,10532,10533,10534,4
2019-09-03,15:49:17.501000,10533,10534,10534,6
2019-09-03,15:49:31.519000,10533,10534,10533,4
2019-09-03,15:49:44.800000,10532,10533,10533,2
2019-09-03,15:49:57.571000,10532,10533,10532,8
2019-09-03,15:49:57.636000,10531,10532,10532,2
2019-09-03,15:50:15.759000,10532,10533,10532,1
2019-09-03,15:50:21.699000,10532,10533,10533,1
2019-09-03,15:50:22.154000,10532,10533,10532,1
2019-09-03,15:50:34.427000,10532,10533,10532,1
2019-09-03,15:50:39.034000,10532,10533,10532,1
2019-09-03,15:51:04.400000,10531,10532,10531,1
2019-09-03,15:51:06.089000,10531,10532,10531,2
2019-09-03,15:51:06.125000,10531,10532,10531,8
2019-09-03,15:51:16.505000,10530,10531,10530,3
2019-09-03,15:51:16.505000,10530,10531,10530,2
2019-09-03,15:51:16.511000,10530,10531,10530,11
2019-09-03,15:51:16.511000,10530,10531,10530,4
2019-09-03,15:51:16.528000,10530,10531,10530,7
2019-09-03,15:51:20.501000,10529,10530,10529,1
2019-09-03,15:51:20.516000,10529,10530,10529,2
2019-09-03,15:51:22.112000,10529,10530,10529,2
2019-09-03,15:51:22.391000,10529,10530,10529,2
2019-09-03,15:51:26.732000,10528,10529,10529,2
2019-09-03,15:51:26.734000,10528,10529,10529,1
2019-09-03,15:51:26.885000,10529,10530,10529,1
2019-09-03,15:51:30.337000,10528,10529,10529,2
2019-09-03,15:51:30.717000,10528,10529,10528,1
2019-09-03,15:51:30.786000,10528,10529,10528,1
2019-09-03,15:51:34.701000,10528,10529,10529,4
2019-09-03,15:51:34.979000,10529,10530,10529,1
2019-09-03,15:51:34.979000,10529,10530,10528,1
2019-09-03,15:51:37.520000,10528,10529,10529,1
2019-09-03,15:51:39.303000,10529,10530,10529,1
2019-09-03,15:51:44.937000,10529,10530,10529,2
2019-09-03,15:51:45.962000,10529,10530,10530,2
2019-09-03,15:51:51.619000,10529,10530,10529,1
2019-09-03,15:51:55.763000,10529,10530,10529,1
2019-09-03,15:52:01.271000,10529,10530,10529,1
2019-09-03,15:52:03.765000,10529,10530,10529,1
2019-09-03,15:52:07.298000,10529,10530,10529,1
2019-09-03,15:52:09.457000,10529,10530,10529,3
2019-09-03,15:52:20.163000,10529,10530,10530,8
2019-09-03,15:52:20.233000,10529,10530,10529,1
2019-09-03,15:52:20.261000,10529,10531,10530,1
2019-09-03,15:52:26.168000,10530,10531,10530,1
2019-09-03,15:52:30.461000,10529,10530,10529,1
2019-09-03,15:52:31.091000,10529,10530,10529,2
2019-09-03,15:52:43.493000,10529,10530,10529,1
2019-09-03,15:52:51.479000,10529,10530,10529,1
2019-09-03,15:52:52.058000,10529,10530,10529,1
2019-09-03,15:52:52.058000,10529,10530,10529,1
2019-09-03,15:52:52.058000,10529,10530,10529,2
2019-09-03,15:52:52.058000,10529,10530,10529,1
2019-09-03,15:52:52.058000,10529,10530,10529,1
2019-09-03,15:52:52.059000,10529,10530,10529,1
2019-09-03,15:52:52.059000,10529,10530,10529,1
2019-09-03,15:52:52.059000,10529,10530,10529,3
2019-09-03,15:52:52.060000,10529,10530,10529,2
2019-09-03,15:52:52.060000,10529,10530,10529,2
2019-09-03,15:52:52.060000,10529,10530,10529,1
2019-09-03,15:52:52.060000,10529,10530,10529,1
2019-09-03,15:52:52.060000,10529,10530,10529,2
2019-09-03,15:52:52.136000,10529,10530,10529,1
2019-09-03,15:52:53.364000,10528,10529,10529,1
2019-09-03,15:52:57.178000,10528,10529,10529,5
2019-09-03,15:53:10.046000,10528,10529,10528,1
2019-09-03,15:53:10.136000,10528,10529,10528,1
2019-09-03,15:53:10.343000,10528,10529,10528,8
2019-09-03,15:53:10.343000,10528,10529,10528,7
2019-09-03,15:53:10.343000,10528,10529,10528,5
2019-09-03,15:53:10.752000,10527,10528,10527,5
2019-09-03,15:53:10.857000,10527,10528,10527,1
2019-09-03,15:53:11.109000,10527,10528,10527,2
2019-09-03,15:53:14.564000,10527,10528,10527,1
2019-09-03,15:53:16.113000,10527,10528,10527,2
2019-09-03,15:53:17.371000,10527,10528,10527,1
2019-09-03,15:53:18.863000,10527,10528,10527,1
2019-09-03,15:53:21.591000,10527,10528,10528,2
2019-09-03,15:53:21.591000,10527,10528,10528,3
2019-09-03,15:53:21.989000,10528,10529,10528,8
2019-09-03,15:53:22.843000,10528,10529,10528,1
2019-09-03,15:53:23.006000,10528,10529,10528,1
2019-09-03,15:53:23.117000,10528,10529,10528,1
2019-09-03,15:53:27.832000,10528,10529,10528,2
2019-09-03,15:53:28.399000,10528,10529,10529,1
2019-09-03,15:53:28.399000,10528,10529,10529,2
2019-09-03,15:53:28.399000,10528,10529,10529,2
2019-09-03,15:53:28.399000,10528,10529,10529,1
2019-09-03,15:53:29.190000,10529,10530,10529,4
2019-09-03,15:53:29.190000,10529,10530,10528,12
2019-09-03,15:53:29.506000,10528,10529,10528,1
2019-09-03,15:53:33.767000,10528,10529,10528,1
2019-09-03,15:53:34.161000,10528,10529,10528,2
2019-09-03,15:53:35.075000,10528,10529,10529,2
2019-09-03,15:53:36.706000,10528,10530,10529,1
2019-09-03,15:53:38.159000,10529,10530,10530,10
2019-09-03,15:53:42.839000,10530,10531,10530,1
2019-09-03,15:53:45.336000,10530,10531,10530,1
2019-09-03,15:54:02.833000,10530,10531,10530,1
2019-09-03,15:54:04.027000,10530,10531,10530,4
2019-09-03,15:54:07.343000,10530,10531,10531,1
2019-09-03,15:54:07.344000,10530,10531,10531,4
2019-09-03,15:54:07.344000,10530,10531,10531,1
2019-09-03,15:54:07.386000,10530,10531,10531,3
2019-09-03,15:54:08.613000,10531,10532,10531,1
2019-09-03,15:54:17.097000,10530,10531,10531,6
2019-09-03,15:54:18.002000,10531,10532,10531,3
2019-09-03,15:54:18.002000,10531,10532,10530,1
2019-09-03,15:54:20.574000,10531,10532,10531,1
2019-09-03,15:54:55.235000,10530,10531,10531,1
2019-09-03,15:54:55.485000,10530,10531,10531,1
2019-09-03,15:54:55.567000,10530,10531,10531,2
2019-09-03,15:55:08.208000,10531,10532,10532,1
2019-09-03,15:55:08.762000,10531,10532,10531,1
2019-09-03,15:55:08.778000,10531,10532,10531,1
2019-09-03,15:55:14.433000,10531,10532,10531,1
2019-09-03,15:55:23.438000,10531,10532,10531,1
2019-09-03,15:55:26.994000,10531,10532,10531,2
2019-09-03,15:55:27.222000,10531,10532,10532,1
2019-09-03,15:55:30.257000,10531,10532,10531,1
2019-09-03,15:55:48.360000,10531,10532,10531,1
2019-09-03,15:55:59.912000,10531,10532,10531,1
2019-09-03,15:55:59.912000,10531,10532,10531,2
2019-09-03,15:55:59.912000,10531,10532,10531,1
2019-09-03,15:56:16.644000,10530,10531,10530,1
2019-09-03,15:56:33.078000,10530,10531,10531,5
2019-09-03,15:56:37.617000,10530,10531,10530,1
2019-09-03,15:57:14.967000,10530,10531,10531,1
2019-09-03,15:57:22.410000,10530,10531,10530,1
2019-09-03,15:57:26.064000,10530,10531,10530,1
2019-09-03,15:57:52.913000,10530,10531,10531,2
2019-09-03,15:57:52.913000,10530,10531,10531,1
2019-09-03,15:57:52.914000,10530,10531,10531,3
2019-09-03,15:57:55.193000,10531,10532,10531,1
2019-09-03,15:58:03.048000,10531,10532,10531,3
2019-09-03,15:58:03.837000,10531,10532,10531,1
2019-09-03,15:58:17.274000,10531,10532,10531,1
2019-09-03,15:58:20.263000,10531,10532,10532,6
2019-09-03,15:58:20.264000,10531,10532,10532,2
2019-09-03,15:58:20.264000,10531,10532,10532,4
2019-09-03,15:58:21.963000,10532,10533,10532,3
2019-09-03,15:58:23.345000,10532,10533,10532,1
2019-09-03,15:58:23.386000,10531,10532,10532,1
2019-09-03,15:58:23.858000,10531,10533,10532,1
2019-09-03,15:58:23.859000,10531,10533,10532,1
2019-09-03,15:58:26.149000,10531,10532,10532,1
2019-09-03,15:58:28.090000,10531,10532,10532,1
2019-09-03,15:58:28.794000,10531,10532,10532,1
2019-09-03,15:58:30.410000,10531,10532,10532,1
2019-09-03,15:58:50.411000,10532,10533,10532,1
2019-09-03,15:58:57.857000,10532,10533,10532,1
2019-09-03,15:58:58.129000,10531,10532,10532,1
2019-09-03,15:59:01.848000,10532,10533,10532,2
2019-09-03,15:59:01.848000,10532,10533,10532,3
2019-09-03,15:59:06.392000,10532,10533,10532,3
2019-09-03,15:59:12.087000,10531,10532,10531,5
2019-09-03,15:59:12.136000,10531,10532,10531,16
2019-09-03,15:59:12.492000,10530,10531,10531,1
2019-09-03,15:59:21.996000,10531,10532,10531,6
2019-09-03,15:59:24.521000,10530,10531,10530,2
2019-09-03,15:59:32.599000,10530,10531,10530,1
2019-09-03,15:59:36.332000,10530,10531,10530,1
2019-09-03,15:59:40.330000,10530,10531,10531,1
2019-09-03,15:59:47.109000,10530,10531,10530,3
2019-09-03,15:59:54.393000,10530,10531,10531,1
2019-09-03,16:00:01.626000,10531,10532,10531,1
2019-09-03,16:00:02.267000,10530,10532,10530,1
2019-09-03,16:00:02.338000,10530,10532,10530,1
2019-09-03,16:00:02.703000,10530,10531,10530,2
2019-09-03,16:00:03.429000,10530,10531,10531,1
2019-09-03,16:00:06.575000,10530,10532,10531,2
2019-09-03,16:00:06.575000,10530,10532,10530,18
2019-09-03,16:00:13.682000,10530,10531,10531,7
2019-09-03,16:00:13.690000,10530,10531,10531,1
2019-09-03,16:00:13.692000,10530,10531,10531,1
2019-09-03,16:00:15.237000,10531,10532,10531,2
2019-09-03,16:00:22.691000,10531,10532,10531,1
2019-09-03,16:00:37.566000,10531,10532,10532,9
2019-09-03,16:00:39.872000,10532,10533,10532,4
2019-09-03,16:00:40.332000,10532,10533,10532,2
2019-09-03,16:00:41.750000,10532,10533,10533,13
2019-09-03,16:00:44.125000,10533,10534,10533,1
2019-09-03,16:00:52.277000,10532,10533,10533,1
2019-09-03,16:00:53.409000,10533,10534,10534,5
2019-09-03,16:00:53.409000,10533,10534,10534,5
2019-09-03,16:00:53.743000,10533,10534,10534,1
2019-09-03,16:00:56.774000,10533,10534,10534,1
2019-09-03,16:01:27.474000,10533,10534,10533,3
2019-09-03,16:01:31.711000,10533,10534,10534,8
2019-09-03,16:01:31.761000,10533,10534,10534,16
2019-09-03,16:01:33.741000,10533,10535,10533,2
2019-09-03,16:01:39.804000,10533,10535,10535,1
2019-09-03,16:01:40.029000,10533,10535,10535,1
2019-09-03,16:01:40.785000,10533,10535,10535,1
2019-09-03,16:01:41.583000,10534,10535,10535,1
2019-09-03,16:01:41.592000,10534,10535,10535,1
2019-09-03,16:01:41.601000,10534,10535,10535,1
2019-09-03,16:01:44.535000,10533,10534,10534,2
2019-09-03,16:01:47.721000,10533,10534,10533,1
2019-09-03,16:02:00.507000,10532,10533,10533,4
2019-09-03,16:02:03.757000,10533,10534,10533,2
2019-09-03,16:02:11.722000,10532,10534,10534,1
2019-09-03,16:02:12.487000,10533,10534,10534,1
2019-09-03,16:02:14.642000,10533,10534,10534,1
2019-09-03,16:02:18.260000,10533,10534,10534,1
2019-09-03,16:02:41.934000,10533,10534,10533,1
2019-09-03,16:02:41.934000,10533,10534,10532,4
2019-09-03,16:02:42.904000,10532,10534,10534,2
2019-09-03,16:02:55.594000,10532,10533,10533,1
2019-09-03,16:03:13.716000,10532,10533,10533,1
2019-09-03,16:03:36.156000,10532,10533,10533,1
2019-09-03,16:03:52.641000,10532,10533,10533,1
2019-09-03,16:04:10.074000,10532,10533,10533,8
2019-09-03,16:04:25.049000,10532,10533,10533,1
2019-09-03,16:04:44.590000,10533,10534,10533,1
2019-09-03,16:04:47.207000,10533,10534,10533,1
2019-09-03,16:04:48.890000,10533,10534,10533,1
2019-09-03,16:04:57.138000,10533,10534,10533,1
2019-09-03,16:04:57.138000,10533,10534,10532,4
2019-09-03,16:05:01.680000,10532,10533,10532,7
2019-09-03,16:05:10.177000,10532,10533,10532,1
2019-09-03,16:05:26.496000,10532,10533,10533,1
2019-09-03,16:05:26.496000,10532,10533,10533,7
2019-09-03,16:05:26.496000,10532,10533,10533,6
2019-09-03,16:05:26.497000,10532,10533,10534,7
2019-09-03,16:05:26.497000,10532,10533,10534,8
2019-09-03,16:05:26.497000,10532,10533,10534,8
2019-09-03,16:05:26.497000,10532,10533,10534,7
2019-09-03,16:05:26.498000,10532,10533,10534,1
2019-09-03,16:05:26.498000,10532,10533,10534,5
2019-09-03,16:05:26.498000,10532,10533,10534,5
2019-09-03,16:05:26.511000,10534,10535,10534,5
2019-09-03,16:05:26.512000,10534,10535,10535,3
2019-09-03,16:05:26.513000,10534,10535,10535,2
2019-09-03,16:05:26.513000,10534,10535,10535,3
2019-09-03,16:05:26.585000,10534,10535,10535,3
2019-09-03,16:05:26.585000,10534,10535,10535,2
2019-09-03,16:05:26.588000,10534,10535,10535,1
2019-09-03,16:05:26.636000,10534,10535,10535,4
2019-09-03,16:05:26.636000,10534,10535,10535,4
2019-09-03,16:05:26.766000,10534,10535,10535,6
2019-09-03,16:05:26.783000,10534,10535,10535,1
2019-09-03,16:05:26.783000,10534,10535,10535,2
2019-09-03,16:05:26.783000,10534,10535,10535,3
2019-09-03,16:05:26.783000,10534,10535,10535,4
2019-09-03,16:05:26.783000,10534,10535,10535,2
2019-09-03,16:05:27.012000,10535,10536,10535,1
2019-09-03,16:05:27.018000,10535,10536,10535,2
2019-09-03,16:05:27.019000,10535,10536,10535,2
2019-09-03,16:05:27.021000,10535,10536,10535,1
2019-09-03,16:05:27.643000,10535,10536,10536,2
2019-09-03,16:05:27.797000,10535,10536,10535,1
2019-09-03,16:05:27.911000,10535,10536,10536,1
2019-09-03,16:05:27.973000,10535,10536,10535,1
2019-09-03,16:05:29.344000,10535,10536,10536,1
2019-09-03,16:05:29.752000,10535,10536,10535,5
2019-09-03,16:05:35.680000,10534,10535,10535,1
2019-09-03,16:05:39.341000,10534,10535,10534,1
2019-09-03,16:05:45.476000,10534,10535,10535,1
2019-09-03,16:06:00.326000,10534,10535,10535,2
2019-09-03,16:06:03.261000,10534,10535,10534,14
2019-09-03,16:06:03.523000,10533,10534,10534,3
2019-09-03,16:06:03.717000,10533,10534,10534,1
2019-09-03,16:06:07.350000,10533,10534,10534,1
2019-09-03,16:06:14.516000,10533,10534,10534,1
2019-09-03,16:06:23.515000,10533,10534,10534,1
2019-09-03,16:06:33.035000,10533,10534,10534,1
2019-09-03,16:06:43.720000,10534,10535,10534,1
2019-09-03,16:06:50.439000,10533,10534,10534,1
2019-09-03,16:06:58.820000,10533,10534,10534,1
2019-09-03,16:06:58.980000,10533,10534,10534,1
2019-09-03,16:07:10.324000,10533,10534,10533,1
2019-09-03,16:07:12.182000,10533,10534,10534,1
2019-09-03,16:07:12.183000,10533,10534,10534,1
2019-09-03,16:07:15.597000,10533,10534,10534,2
2019-09-03,16:07:16.859000,10533,10534,10534,1
2019-09-03,16:07:25.248000,10533,10534,10534,1
2019-09-03,16:07:26.533000,10533,10534,10534,1
2019-09-03,16:07:27.716000,10533,10534,10534,1
2019-09-03,16:07:33.043000,10533,10534,10534,1
2019-09-03,16:07:54.432000,10533,10534,10534,6
2019-09-03,16:08:05.542000,10534,10535,10534,1
2019-09-03,16:08:06.829000,10534,10535,10535,20
2019-09-03,16:08:09.187000,10535,10536,10535,1
2019-09-03,16:08:30.575000,10534,10535,10534,1
2019-09-03,16:08:35.016000,10534,10535,10535,1
2019-09-03,16:08:37.662000,10534,10535,10535,1
2019-09-03,16:08:45.730000,10535,10536,10535,1
2019-09-03,16:08:47.490000,10534,10535,10535,10
2019-09-03,16:08:48.136000,10534,10535,10535,1
2019-09-03,16:08:49.797000,10535,10536,10535,1
2019-09-03,16:08:52.340000,10535,10536,10535,1
2019-09-03,16:08:52.340000,10535,10536,10535,1
2019-09-03,16:08:55.080000,10534,10535,10535,1
2019-09-03,16:08:56.260000,10534,10535,10535,1
2019-09-03,16:09:00.338000,10534,10535,10535,1
2019-09-03,16:09:03.695000,10534,10535,10535,1
2019-09-03,16:09:06.954000,10534,10535,10535,13
2019-09-03,16:09:21.840000,10534,10535,10535,1
2019-09-03,16:09:22.342000,10534,10535,10535,2
2019-09-03,16:09:23.823000,10534,10535,10535,1
2019-09-03,16:09:24.103000,10534,10535,10534,6
2019-09-03,16:09:24.136000,10534,10535,10534,7
2019-09-03,16:09:39.596000,10533,10534,10534,1
2019-09-03,16:09:50.406000,10533,10534,10534,14
2019-09-03,16:09:53.042000,10534,10535,10535,1
2019-09-03,16:10:06.749000,10534,10535,10535,2
2019-09-03,16:10:21.651000,10534,10535,10535,2
2019-09-03,16:10:23.407000,10534,10535,10534,14
2019-09-03,16:10:29.683000,10533,10534,10534,14
2019-09-03,16:10:32.539000,10534,10535,10535,1
2019-09-03,16:10:42.618000,10535,10536,10535,1
2019-09-03,16:10:44.710000,10535,10536,10535,1
2019-09-03,16:10:46.506000,10535,10536,10535,1
2019-09-03,16:10:47.569000,10535,10536,10535,1
2019-09-03,16:10:52.832000,10535,10536,10535,1
2019-09-03,16:11:01.172000,10535,10536,10535,3
2019-09-03,16:11:01.834000,10534,10535,10535,1
2019-09-03,16:11:05.409000,10534,10535,10535,6
2019-09-03,16:11:11.556000,10535,10536,10536,1
2019-09-03,16:11:16.168000,10535,10536,10535,1
2019-09-03,16:11:18.491000,10534,10535,10535,1
2019-09-03,16:11:21.968000,10534,10535,10535,1
2019-09-03,16:11:29.371000,10534,10535,10535,10
2019-09-03,16:11:40.588000,10534,10535,10535,1
2019-09-03,16:12:13.293000,10534,10535,10535,1
2019-09-03,16:12:13.471000,10534,10535,10535,1
2019-09-03,16:12:17.904000,10534,10535,10534,9
2019-09-03,16:12:40.416000,10533,10534,10534,5
2019-09-03,16:12:56.269000,10534,10535,10534,1
2019-09-03,16:13:16.048000,10534,10535,10535,2
2019-09-03,16:13:16.050000,10534,10535,10535,2
2019-09-03,16:13:16.050000,10534,10535,10535,1
2019-09-03,16:13:16.050000,10534,10535,10535,2
2019-09-03,16:13:16.050000,10534,10535,10535,9
2019-09-03,16:13:16.050000,10534,10535,10535,2
2019-09-03,16:13:16.050000,10534,10535,10535,1
2019-09-03,16:13:16.050000,10534,10535,10535,3
2019-09-03,16:13:16.050000,10534,10535,10535,1
2019-09-03,16:13:17.146000,10535,10536,10536,5
2019-09-03,16:13:17.146000,10535,10536,10536,5
2019-09-03,16:13:17.146000,10535,10536,10536,5
2019-09-03,16:13:17.146000,10535,10536,10536,5
2019-09-03,16:13:17.159000,10535,10536,10536,15
2019-09-03,16:13:17.185000,10535,10536,10536,4
2019-09-03,16:13:17.186000,10535,10536,10536,2
2019-09-03,16:13:17.194000,10535,10536,10536,10
2019-09-03,16:13:17.261000,10535,10536,10536,2
2019-09-03,16:13:17.262000,10535,10536,10536,6
2019-09-03,16:13:17.525000,10536,10537,10537,28
2019-09-03,16:13:17.643000,10537,10538,10538,1
2019-09-03,16:13:17.685000,10537,10538,10538,1
2019-09-03,16:13:17.725000,10537,10538,10538,1
2019-09-03,16:13:18.048000,10537,10538,10538,1
2019-09-03,16:13:18.059000,10537,10538,10538,1
2019-09-03,16:13:20.875000,10537,10538,10537,1
2019-09-03,16:13:23.447000,10537,10538,10537,1
2019-09-03,16:13:25.474000,10537,10538,10537,3
2019-09-03,16:13:25.474000,10537,10538,10537,1
2019-09-03,16:13:25.474000,10537,10538,10537,1
2019-09-03,16:13:25.474000,10537,10538,10537,3
2019-09-03,16:13:25.512000,10536,10537,10537,4
2019-09-03,16:13:31.852000,10537,10538,10537,1
2019-09-03,16:13:35.642000,10537,10538,10537,1
2019-09-03,16:13:43.291000,10537,10538,10537,1
2019-09-03,16:13:45.737000,10537,10538,10537,2
2019-09-03,16:13:48.299000,10537,10538,10538,2
2019-09-03,16:13:53.205000,10537,10538,10537,1
2019-09-03,16:13:54.339000,10537,10538,10538,1
2019-09-03,16:13:58.411000,10537,10538,10538,1
2019-09-03,16:13:59.341000,10537,10538,10538,1
2019-09-03,16:13:59.350000,10537,10538,10538,1
2019-09-03,16:14:00.563000,10537,10538,10538,1
2019-09-03,16:14:02.984000,10537,10538,10538,3
2019-09-03,16:14:03.011000,10537,10538,10538,2
2019-09-03,16:14:03.012000,10537,10538,10538,1
2019-09-03,16:14:03.012000,10537,10538,10538,11
2019-09-03,16:14:03.012000,10537,10538,10538,2
2019-09-03,16:14:04.175000,10538,10539,10539,3
2019-09-03,16:14:04.465000,10538,10539,10539,3
2019-09-03,16:14:07.023000,10538,10539,10539,1
2019-09-03,16:14:07.023000,10538,10539,10539,2
2019-09-03,16:14:07.023000,10538,10539,10539,2
2019-09-03,16:14:07.023000,10538,10539,10539,6
2019-09-03,16:14:07.023000,10538,10539,10539,3
2019-09-03,16:14:07.023000,10538,10539,10539,2
2019-09-03,16:14:07.024000,10538,10539,10539,2
2019-09-03,16:14:07.043000,10538,10539,10539,10
2019-09-03,16:14:07.090000,10538,10539,10539,11
2019-09-03,16:14:08.682000,10539,10540,10540,1
2019-09-03,16:14:08.789000,10539,10540,10540,1
2019-09-03,16:14:08.797000,10539,10540,10540,4
2019-09-03,16:14:08.798000,10539,10540,10540,2
2019-09-03,16:14:08.802000,10539,10540,10540,4
2019-09-03,16:14:08.814000,10539,10540,10540,1
2019-09-03,16:14:08.820000,10539,10540,10540,1
2019-09-03,16:14:08.823000,10539,10540,10540,1
2019-09-03,16:14:08.828000,10539,10540,10540,5
2019-09-03,16:14:08.846000,10539,10540,10540,1
2019-09-03,16:14:09.074000,10539,10540,10539,1
2019-09-03,16:14:09.771000,10539,10540,10540,1
2019-09-03,16:14:09.944000,10539,10540,10539,1
2019-09-03,16:14:11.352000,10539,10540,10540,2
2019-09-03,16:14:12.172000,10539,10540,10540,17
2019-09-03,16:14:14.486000,10539,10540,10540,1
2019-09-03,16:14:14.551000,10539,10540,10540,1
2019-09-03,16:14:15.474000,10539,10540,10540,2
2019-09-03,16:14:16.088000,10539,10540,10540,3
2019-09-03,16:14:18.739000,10539,10540,10540,4
2019-09-03,16:14:19.697000,10539,10540,10540,3
2019-09-03,16:14:20.008000,10539,10540,10540,5
2019-09-03,16:14:21.630000,10540,10541,10541,1
2019-09-03,16:14:21.643000,10540,10541,10541,1
2019-09-03,16:14:21.665000,10540,10541,10541,1
2019-09-03,16:14:21.688000,10540,10541,10541,1
2019-09-03,16:14:21.786000,10540,10541,10541,2
2019-09-03,16:14:21.874000,10540,10541,10541,1
2019-09-03,16:14:22.082000,10540,10541,10540,2
2019-09-03,16:14:22.158000,10540,10541,10541,4
2019-09-03,16:14:22.277000,10540,10541,10541,43
2019-09-03,16:14:24.006000,10541,10542,10542,38
2019-09-03,16:14:24.136000,10542,10543,10543,1
2019-09-03,16:14:24.136000,10542,10543,10543,4
2019-09-03,16:14:24.162000,10542,10543,10543,2
2019-09-03,16:14:24.164000,10542,10543,10543,4
2019-09-03,16:14:24.166000,10542,10543,10543,4
2019-09-03,16:14:24.166000,10542,10543,10543,2
2019-09-03,16:14:24.166000,10542,10543,10543,4
2019-09-03,16:14:24.215000,10542,10543,10543,2
2019-09-03,16:14:24.227000,10542,10543,10543,1
2019-09-03,16:14:24.261000,10542,10543,10543,1
2019-09-03,16:14:24.271000,10542,10543,10543,2
2019-09-03,16:14:24.282000,10542,10543,10544,5
2019-09-03,16:14:24.410000,10542,10544,10543,1
2019-09-03,16:14:24.412000,10542,10544,10544,2
2019-09-03,16:14:24.415000,10542,10544,10544,1
2019-09-03,16:14:24.532000,10543,10544,10544,3
2019-09-03,16:14:24.594000,10543,10544,10543,1
2019-09-03,16:14:24.603000,10543,10544,10544,1
2019-09-03,16:14:24.703000,10543,10544,10544,8
2019-09-03,16:14:24.868000,10543,10544,10544,5
2019-09-03,16:14:25.023000,10543,10544,10544,1
2019-09-03,16:14:25.178000,10543,10544,10544,1
2019-09-03,16:14:25.480000,10543,10544,10544,2
2019-09-03,16:14:25.506000,10543,10544,10544,1
2019-09-03,16:14:25.555000,10543,10544,10544,1
2019-09-03,16:14:25.662000,10543,10544,10544,1
2019-09-03,16:14:25.676000,10543,10544,10544,60
2019-09-03,16:14:25.719000,10543,10544,10545,1
2019-09-03,16:14:25.721000,10543,10544,10544,1
2019-09-03,16:14:25.824000,10544,10545,10544,2
2019-09-03,16:14:25.930000,10544,10545,10545,1
2019-09-03,16:14:25.948000,10544,10545,10545,1
2019-09-03,16:14:25.968000,10544,10545,10545,1
2019-09-03,16:14:26.274000,10544,10545,10545,2
2019-09-03,16:14:26.386000,10544,10545,10545,2
