2024-12-03 15:00:00.044,23088,23091,23086,56,-56
2024-12-03 15:00:00.045,23085,23086,23086,1,1
2024-12-03 15:00:00.045,23085,23086,23085,2,-2
2024-12-03 15:00:00.045,23085,23086,23086,7,7
2024-12-03 15:00:00.048,23085,23086,23087,2,2
2024-12-03 15:00:00.074,23084,23091,23091,2,2
2024-12-03 15:00:00.074,23084,23091,23094,1,1
2024-12-03 15:00:00.077,23084,23091,23095,1,1
2024-12-03 15:00:00.078,23084,23091,23087,1,-1
2024-12-03 15:00:00.078,23084,23091,23084,1,-1
2024-12-03 15:00:00.078,23084,23091,23083,1,-1
2024-12-03 15:00:00.121,23083,23096,23096,3,3
2024-12-03 15:00:00.121,23083,23096,23098,2,2
2024-12-03 15:00:00.129,23083,23096,23093,1,1
2024-12-03 15:00:00.142,23083,23096,23088,1,-1
2024-12-03 15:00:00.144,23083,23096,23086,1,-1
2024-12-03 15:00:00.156,23083,23096,23093,1,1
2024-12-03 15:00:00.165,23083,23096,23092,1,1
2024-12-03 15:00:00.360,23084,23095,23095,1,1
2024-12-03 15:00:00.400,23084,23095,23095,2,2
2024-12-03 15:00:00.400,23084,23095,23097,1,1
2024-12-03 15:00:00.483,23084,23097,23097,1,1
2024-12-03 15:00:00.483,23084,23097,23098,1,1
2024-12-03 15:00:00.483,23084,23097,23099,1,1
2024-12-03 15:00:00.491,23084,23097,23099,1,1
2024-12-03 15:00:00.526,23084,23097,23099,2,2
2024-12-03 15:00:00.526,23084,23097,23100,4,4
2024-12-03 15:00:00.586,23084,23100,23100,2,2
2024-12-03 15:00:00.586,23084,23100,23102,1,1
2024-12-03 15:00:00.636,23084,23100,23096,1,1
2024-12-03 15:00:00.636,23084,23100,23095,1,1
2024-12-03 15:00:00.636,23084,23100,23094,1,1
2024-12-03 15:00:00.636,23084,23100,23091,1,-1
2024-12-03 15:00:00.636,23084,23100,23092,1,-1
2024-12-03 15:00:00.636,23084,23100,23093,1,1
2024-12-03 15:00:00.696,23087,23097,23097,1,1
2024-12-03 15:00:00.822,23087,23096,23087,1,-1
2024-12-03 15:00:01.168,23086,23096,23086,1,-1
2024-12-03 15:00:01.215,23085,23094,23085,2,-2
2024-12-03 15:00:01.323,23085,23094,23094,2,2
2024-12-03 15:00:01.323,23085,23094,23095,1,1
2024-12-03 15:00:01.323,23085,23094,23096,3,3
2024-12-03 15:00:01.323,23085,23094,23097,1,1
2024-12-03 15:00:01.323,23085,23094,23098,3,3
2024-12-03 15:00:01.323,23085,23094,23099,2,2
2024-12-03 15:00:01.372,23085,23094,23102,6,6
2024-12-03 15:00:01.372,23085,23094,23098,1,1
2024-12-03 15:00:01.372,23085,23094,23100,2,2
2024-12-03 15:00:01.487,23089,23102,23089,1,-1
2024-12-03 15:00:01.487,23089,23102,23088,1,-1
2024-12-03 15:00:01.890,23089,23101,23101,2,2
2024-12-03 15:00:01.890,23089,23101,23102,1,1
2024-12-03 15:00:02.192,23090,23100,23090,1,-1
2024-12-03 15:00:02.192,23090,23100,23089,1,-1
2024-12-03 15:00:02.357,23089,23099,23095,1,1
2024-12-03 15:00:02.572,23092,23098,23092,1,-1
2024-12-03 15:00:02.989,23092,23098,23098,2,2
2024-12-03 15:00:03.275,23093,23096,23093,1,-1
2024-12-03 15:00:03.275,23093,23096,23092,1,-1
2024-12-03 15:00:04.062,23091,23096,23091,2,-2
2024-12-03 15:00:04.063,23091,23096,23090,1,-1
2024-12-03 15:00:04.148,23089,23096,23096,1,1
2024-12-03 15:00:05.531,23094,23097,23094,1,-1
2024-12-03 15:00:05.531,23094,23097,23093,1,-1
2024-12-03 15:00:05.531,23094,23097,23092,1,-1
2024-12-03 15:00:05.531,23094,23097,23091,1,-1
2024-12-03 15:00:05.537,23094,23097,23091,1,-1
2024-12-03 15:00:05.537,23094,23097,23090,2,-2
2024-12-03 15:00:05.537,23094,23097,23089,2,-2
2024-12-03 15:00:05.537,23094,23097,23088,3,-3
2024-12-03 15:00:05.545,23094,23097,23090,1,-1
2024-12-03 15:00:05.545,23094,23097,23089,1,-1
2024-12-03 15:00:05.545,23094,23097,23088,6,-6
2024-12-03 15:00:06.043,23091,23096,23092,1,-1
2024-12-03 15:00:06.785,23091,23093,23092,1,-1
2024-12-03 15:00:06.978,23091,23093,23091,1,-1
2024-12-03 15:00:07.638,23090,23093,23090,4,-4
2024-12-03 15:00:09.637,23088,23092,23091,1,1
2024-12-03 15:00:11.245,23089,23092,23092,1,1
2024-12-03 15:00:12.060,23090,23093,23093,3,3
2024-12-03 15:00:12.105,23092,23094,23094,1,1
2024-12-03 15:00:12.105,23092,23094,23095,1,1
2024-12-03 15:00:12.106,23092,23094,23096,1,1
2024-12-03 15:00:12.546,23092,23096,23092,1,-1
2024-12-03 15:00:13.451,23094,23096,23094,2,-2
2024-12-03 15:00:15.096,23096,23098,23096,1,-1
2024-12-03 15:00:15.097,23096,23098,23095,1,-1
2024-12-03 15:00:15.813,23094,23096,23096,1,1
2024-12-03 15:00:15.826,23094,23097,23097,1,1
2024-12-03 15:00:15.948,23094,23097,23097,1,1
2024-12-03 15:00:15.958,23094,23097,23094,1,-1
2024-12-03 15:00:16.230,23093,23096,23093,1,-1
2024-12-03 15:00:16.406,23092,23095,23094,1,1
2024-12-03 15:00:16.406,23092,23095,23095,2,2
2024-12-03 15:00:16.407,23092,23095,23095,1,1
2024-12-03 15:00:16.407,23092,23095,23095,1,1
2024-12-03 15:00:16.407,23092,23095,23095,1,1
2024-12-03 15:00:20.595,23093,23096,23094,1,-1
2024-12-03 15:00:21.566,23093,23096,23094,1,-1
2024-12-03 15:00:21.658,23093,23096,23093,2,-2
2024-12-03 15:00:21.772,23092,23096,23093,1,-1
2024-12-03 15:00:21.841,23092,23095,23095,1,1
2024-12-03 15:00:21.841,23092,23095,23096,1,1
2024-12-03 15:00:22.425,23092,23095,23092,1,-1
2024-12-03 15:00:23.026,23092,23095,23092,1,-1
2024-12-03 15:00:23.131,23092,23094,23094,1,1
2024-12-03 15:00:23.132,23092,23094,23092,2,-2
2024-12-03 15:00:23.595,23091,23095,23092,2,-2
2024-12-03 15:00:24.342,23091,23094,23091,1,-1
2024-12-03 15:00:24.343,23091,23094,23091,3,-3
2024-12-03 15:00:24.831,23091,23094,23091,1,-1
2024-12-03 15:00:24.831,23091,23094,23090,2,-2
2024-12-03 15:00:25.005,23090,23091,23090,5,-5
2024-12-03 15:00:25.006,23090,23091,23090,2,-2
2024-12-03 15:00:25.197,23089,23091,23089,1,-1
2024-12-03 15:00:25.197,23089,23091,23088,3,-3
2024-12-03 15:00:25.197,23089,23091,23087,2,-2
2024-12-03 15:00:25.198,23089,23091,23087,5,-5
2024-12-03 15:00:25.574,23086,23089,23086,1,-1
2024-12-03 15:00:25.634,23086,23089,23090,1,1
2024-12-03 15:00:25.634,23086,23089,23090,1,1
2024-12-03 15:00:25.634,23086,23089,23089,1,1
2024-12-03 15:00:25.635,23086,23089,23091,1,1
2024-12-03 15:00:25.635,23086,23089,23091,1,1
2024-12-03 15:00:26.529,23090,23092,23088,2,-2
2024-12-03 15:00:26.627,23087,23090,23087,1,-1
2024-12-03 15:00:28.083,23086,23089,23086,1,-1
2024-12-03 15:00:28.083,23086,23089,23086,9,-9
2024-12-03 15:00:28.182,23086,23089,23089,1,1
2024-12-03 15:00:28.182,23086,23089,23089,1,1
2024-12-03 15:00:28.919,23087,23090,23090,1,1
2024-12-03 15:00:29.018,23087,23091,23087,1,-1
2024-12-03 15:00:29.238,23087,23091,23087,1,-1
2024-12-03 15:00:29.280,23087,23091,23087,1,-1
2024-12-03 15:00:29.810,23087,23090,23090,1,1
2024-12-03 15:00:30.058,23087,23090,23087,1,-1
2024-12-03 15:00:30.072,23087,23090,23087,1,-1
2024-12-03 15:00:30.191,23087,23090,23087,12,-12
2024-12-03 15:00:30.343,23085,23087,23085,1,-1
2024-12-03 15:00:30.344,23085,23087,23085,2,-2
2024-12-03 15:00:30.387,23085,23087,23085,1,-1
2024-12-03 15:00:30.662,23085,23087,23085,1,-1
2024-12-03 15:00:30.708,23084,23087,23085,1,-1
2024-12-03 15:00:30.802,23084,23087,23087,1,1
2024-12-03 15:00:30.809,23084,23087,23087,1,1
2024-12-03 15:00:30.946,23084,23087,23084,1,-1
2024-12-03 15:00:31.740,23083,23087,23087,1,1
2024-12-03 15:00:32.596,23085,23086,23085,1,-1
2024-12-03 15:00:33.337,23083,23086,23086,1,1
2024-12-03 15:00:33.566,23084,23087,23084,1,-1
2024-12-03 15:00:33.663,23083,23087,23084,1,-1
2024-12-03 15:00:34.318,23084,23087,23087,1,1
2024-12-03 15:00:35.263,23084,23086,23086,1,1
2024-12-03 15:00:35.313,23084,23086,23085,1,1
2024-12-03 15:00:35.507,23085,23087,23087,1,1
2024-12-03 15:00:36.192,23085,23087,23085,1,-1
2024-12-03 15:00:36.996,23084,23086,23086,1,1
2024-12-03 15:00:36.997,23084,23086,23086,1,1
2024-12-03 15:00:37.998,23084,23086,23085,1,1
2024-12-03 15:00:38.073,23084,23086,23086,1,1
2024-12-03 15:00:39.793,23084,23086,23084,1,-1
2024-12-03 15:00:40.309,23084,23086,23086,7,7
2024-12-03 15:00:40.309,23084,23086,23086,2,2
2024-12-03 15:00:40.310,23084,23086,23087,3,3
2024-12-03 15:00:40.310,23084,23086,23087,2,2
2024-12-03 15:00:40.437,23086,23088,23086,1,-1
2024-12-03 15:00:40.440,23086,23088,23086,1,-1
2024-12-03 15:00:40.452,23086,23088,23086,1,-1
2024-12-03 15:00:40.459,23086,23088,23086,1,-1
2024-12-03 15:00:41.053,23085,23088,23088,1,1
2024-12-03 15:00:41.500,23087,23089,23087,2,-2
2024-12-03 15:00:41.575,23085,23088,23088,1,1
2024-12-03 15:00:42.590,23086,23089,23086,1,-1
2024-12-03 15:00:43.729,23086,23089,23088,1,1
2024-12-03 15:00:44.896,23086,23088,23086,1,-1
2024-12-03 15:00:45.358,23087,23088,23087,1,-1
2024-12-03 15:00:46.594,23085,23086,23085,1,-1
2024-12-03 15:00:46.693,23085,23086,23086,1,1
2024-12-03 15:00:46.751,23085,23086,23085,1,-1
2024-12-03 15:00:47.232,23085,23086,23086,1,1
2024-12-03 15:00:47.462,23085,23087,23085,1,-1
2024-12-03 15:00:47.462,23085,23087,23085,1,-1
2024-12-03 15:00:47.463,23085,23087,23084,1,-1
2024-12-03 15:00:47.486,23085,23087,23084,1,-1
2024-12-03 15:00:48.481,23084,23086,23084,1,-1
2024-12-03 15:00:48.564,23084,23086,23086,1,1
2024-12-03 15:00:48.892,23084,23087,23084,1,-1
2024-12-03 15:00:49.053,23084,23087,23084,2,-2
2024-12-03 15:00:49.170,23083,23085,23085,1,1
2024-12-03 15:00:50.181,23084,23086,23084,1,-1
2024-12-03 15:00:50.181,23084,23086,23083,4,-4
2024-12-03 15:00:50.565,23082,23084,23084,2,2
2024-12-03 15:00:51.789,23082,23084,23082,5,-5
2024-12-03 15:00:52.960,23081,23083,23081,1,-1
2024-12-03 15:00:52.976,23081,23083,23081,1,-1
2024-12-03 15:00:52.976,23081,23083,23081,3,-3
2024-12-03 15:00:53.272,23081,23084,23084,1,1
2024-12-03 15:00:53.367,23081,23084,23084,5,5
2024-12-03 15:00:54.500,23082,23085,23085,2,2
2024-12-03 15:00:55.221,23082,23085,23082,1,-1
2024-12-03 15:00:55.494,23082,23085,23082,1,-1
2024-12-03 15:00:56.261,23082,23085,23082,1,-1
2024-12-03 15:00:56.490,23082,23084,23084,1,1
2024-12-03 15:00:56.865,23082,23084,23084,1,1
2024-12-03 15:00:56.865,23082,23084,23085,1,1
2024-12-03 15:00:57.162,23083,23085,23084,1,1
2024-12-03 15:00:57.252,23083,23084,23083,1,-1
2024-12-03 15:00:58.342,23082,23083,23082,1,-1
2024-12-03 15:00:58.811,23082,23083,23083,1,1
2024-12-03 15:00:59.137,23082,23084,23082,3,-3
2024-12-03 15:00:59.137,23082,23084,23082,1,-1
2024-12-03 15:00:59.768,23081,23083,23083,1,1
2024-12-03 15:01:00.026,23081,23084,23084,6,6
2024-12-03 15:01:01.640,23081,23082,23081,1,-1
2024-12-03 15:01:01.640,23081,23082,23081,2,-2
2024-12-03 15:01:01.640,23081,23082,23081,1,-1
2024-12-03 15:01:01.640,23081,23082,23081,2,-2
2024-12-03 15:01:01.641,23081,23082,23081,2,-2
2024-12-03 15:01:01.641,23081,23082,23081,1,-1
2024-12-03 15:01:01.641,23081,23082,23081,1,-1
2024-12-03 15:01:01.641,23081,23082,23081,1,-1
2024-12-03 15:01:01.642,23081,23082,23080,14,-14
2024-12-03 15:01:01.643,23081,23082,23079,1,-1
2024-12-03 15:01:01.697,23079,23081,23081,1,1
2024-12-03 15:01:02.239,23081,23082,23081,1,-1
2024-12-03 15:01:02.405,23079,23082,23079,1,-1
2024-12-03 15:01:02.479,23079,23082,23082,1,1
2024-12-03 15:01:04.110,23079,23081,23081,1,1
2024-12-03 15:01:04.381,23079,23081,23081,1,1
2024-12-03 15:01:04.942,23079,23081,23081,7,7
2024-12-03 15:01:04.955,23079,23081,23081,2,2
2024-12-03 15:01:04.955,23079,23081,23081,3,3
2024-12-03 15:01:04.957,23079,23081,23082,1,1
2024-12-03 15:01:04.957,23079,23081,23082,1,1
2024-12-03 15:01:04.995,23079,23081,23082,1,1
2024-12-03 15:01:04.996,23079,23081,23082,1,1
2024-12-03 15:01:05.197,23081,23084,23084,2,2
2024-12-03 15:01:06.649,23080,23082,23082,1,1
2024-12-03 15:01:08.175,23080,23082,23080,1,-1
2024-12-03 15:01:08.176,23080,23082,23080,1,-1
2024-12-03 15:01:08.196,23079,23081,23081,1,1
2024-12-03 15:01:08.197,23079,23081,23081,1,1
2024-12-03 15:01:08.197,23079,23081,23082,1,1
2024-12-03 15:01:09.550,23079,23081,23081,1,1
2024-12-03 15:01:09.990,23079,23081,23079,1,-1
2024-12-03 15:01:09.990,23079,23081,23079,1,-1
2024-12-03 15:01:11.729,23078,23080,23080,1,1
2024-12-03 15:01:12.098,23078,23080,23078,1,-1
2024-12-03 15:01:12.635,23078,23080,23080,1,1
2024-12-03 15:01:13.869,23078,23080,23078,7,-7
2024-12-03 15:01:13.870,23078,23080,23077,2,-2
2024-12-03 15:01:14.204,23076,23077,23076,1,-1
2024-12-03 15:01:15.803,23076,23077,23077,1,1
2024-12-03 15:01:16.520,23076,23078,23078,1,1
2024-12-03 15:01:17.018,23077,23078,23078,1,1
2024-12-03 15:01:17.049,23077,23078,23078,1,1
2024-12-03 15:01:17.097,23078,23079,23079,2,2
2024-12-03 15:01:17.098,23078,23079,23080,1,1
2024-12-03 15:01:17.536,23080,23081,23081,2,2
2024-12-03 15:01:18.332,23080,23082,23082,1,1
2024-12-03 15:01:18.446,23080,23082,23082,1,1
2024-12-03 15:01:18.447,23080,23082,23082,1,1
2024-12-03 15:01:18.665,23081,23083,23081,1,-1
2024-12-03 15:01:18.912,23081,23083,23081,1,-1
2024-12-03 15:01:20.787,23080,23082,23081,1,-1
2024-12-03 15:01:21.023,23080,23082,23082,1,1
2024-12-03 15:01:21.499,23080,23083,23080,1,-1
2024-12-03 15:01:22.660,23080,23081,23081,11,11
2024-12-03 15:01:22.661,23080,23081,23081,5,5
2024-12-03 15:01:23.458,23080,23083,23080,1,-1
2024-12-03 15:01:23.630,23080,23083,23083,1,1
2024-12-03 15:01:24.458,23080,23083,23083,1,1
2024-12-03 15:01:24.835,23080,23083,23080,3,-3
2024-12-03 15:01:27.065,23082,23083,23081,1,-1
2024-12-03 15:01:27.065,23082,23083,23082,3,-3
2024-12-03 15:01:27.533,23081,23083,23083,5,5
2024-12-03 15:01:27.533,23081,23083,23083,4,4
2024-12-03 15:01:27.534,23081,23083,23084,1,1
2024-12-03 15:01:27.534,23081,23083,23084,1,1
2024-12-03 15:01:27.931,23083,23085,23083,1,-1
2024-12-03 15:01:28.748,23083,23085,23085,1,1
2024-12-03 15:01:28.821,23083,23085,23085,1,1
2024-12-03 15:01:29.181,23083,23085,23083,1,-1
2024-12-03 15:01:29.562,23083,23085,23085,5,5
2024-12-03 15:01:29.799,23084,23086,23084,1,-1
2024-12-03 15:01:30.439,23084,23086,23086,1,1
2024-12-03 15:01:30.439,23084,23086,23086,2,2
2024-12-03 15:01:30.439,23084,23086,23086,8,8
2024-12-03 15:01:30.501,23086,23087,23085,1,-1
2024-12-03 15:01:32.269,23086,23087,23086,1,-1
2024-12-03 15:01:33.773,23086,23087,23086,1,-1
2024-12-03 15:01:35.010,23086,23087,23087,1,1
2024-12-03 15:01:35.011,23086,23087,23087,1,1
2024-12-03 15:01:35.172,23086,23088,23086,2,-2
2024-12-03 15:01:35.518,23084,23086,23084,1,-1
2024-12-03 15:01:39.644,23086,23087,23086,1,-1
2024-12-03 15:01:49.224,23084,23086,23084,5,-5
2024-12-03 15:01:50.307,23083,23084,23083,1,-1
2024-12-03 15:01:50.820,23082,23083,23082,1,-1
2024-12-03 15:01:50.821,23082,23083,23082,1,-1
2024-12-03 15:01:50.821,23082,23083,23081,3,-3
2024-12-03 15:01:50.894,23082,23083,23082,1,-1
2024-12-03 15:01:50.967,23081,23083,23083,1,1
2024-12-03 15:01:51.116,23081,23084,23080,7,-7
2024-12-03 15:01:51.116,23081,23084,23079,2,-2
2024-12-03 15:01:51.116,23081,23084,23081,2,-2
2024-12-03 15:01:52.472,23079,23081,23081,1,1
2024-12-03 15:01:53.528,23080,23081,23080,2,-2
2024-12-03 15:01:53.529,23080,23081,23080,2,-2
2024-12-03 15:01:53.529,23080,23081,23080,1,-1
2024-12-03 15:01:55.133,23079,23081,23081,1,1
2024-12-03 15:01:56.537,23079,23081,23080,1,1
2024-12-03 15:01:58.179,23079,23082,23082,1,1
2024-12-03 15:01:58.179,23079,23082,23082,1,1
2024-12-03 15:01:58.197,23081,23084,23084,1,1
2024-12-03 15:01:58.310,23081,23084,23081,1,-1
2024-12-03 15:02:01.608,23081,23084,23081,1,-1
2024-12-03 15:02:02.687,23082,23085,23081,4,-4
2024-12-03 15:02:02.688,23082,23085,23080,1,-1
2024-12-03 15:02:02.688,23082,23085,23081,3,-3
2024-12-03 15:02:02.696,23080,23083,23080,1,-1
2024-12-03 15:02:04.488,23080,23083,23080,1,-1
2024-12-03 15:02:08.448,23079,23081,23079,3,-3
2024-12-03 15:02:08.634,23078,23080,23078,1,-1
2024-12-03 15:02:10.391,23078,23080,23078,1,-1
2024-12-03 15:02:10.392,23078,23080,23078,3,-3
2024-12-03 15:02:10.393,23078,23080,23078,1,-1
2024-12-03 15:02:10.984,23077,23080,23080,1,1
2024-12-03 15:02:11.566,23078,23081,23078,2,-2
2024-12-03 15:02:12.616,23077,23079,23079,2,2
2024-12-03 15:02:15.132,23080,23081,23080,1,-1
2024-12-03 15:02:16.075,23080,23082,23080,1,-1
2024-12-03 15:02:16.301,23080,23082,23080,3,-3
2024-12-03 15:02:24.156,23082,23084,23084,1,1
2024-12-03 15:02:24.298,23083,23085,23085,1,1
2024-12-03 15:02:24.299,23083,23085,23085,1,1
2024-12-03 15:02:26.038,23085,23087,23087,1,1
2024-12-03 15:02:26.255,23085,23087,23085,1,-1
2024-12-03 15:02:29.987,23086,23087,23086,1,-1
2024-12-03 15:02:29.988,23086,23087,23085,2,-2
2024-12-03 15:02:35.413,23083,23086,23086,1,1
2024-12-03 15:02:36.220,23083,23086,23083,1,-1
2024-12-03 15:02:37.550,23081,23083,23083,1,1
2024-12-03 15:02:38.546,23081,23083,23083,1,1
2024-12-03 15:02:41.412,23081,23083,23081,1,-1
2024-12-03 15:02:41.455,23080,23083,23080,1,-1
2024-12-03 15:02:43.066,23082,23084,23082,5,-5
2024-12-03 15:02:43.987,23080,23081,23081,1,1
2024-12-03 15:02:44.077,23080,23081,23080,1,-1
2024-12-03 15:02:44.077,23080,23081,23080,4,-4
2024-12-03 15:02:44.077,23080,23081,23080,1,-1
2024-12-03 15:02:44.078,23080,23081,23080,1,-1
2024-12-03 15:02:44.794,23078,23081,23081,1,1
2024-12-03 15:02:48.725,23080,23084,23080,1,-1
2024-12-03 15:02:53.563,23080,23083,23083,1,1
2024-12-03 15:02:53.898,23080,23083,23083,2,2
2024-12-03 15:02:53.898,23080,23083,23084,5,5
2024-12-03 15:02:53.899,23080,23083,23084,1,1
2024-12-03 15:02:53.900,23080,23083,23084,2,2
2024-12-03 15:02:59.645,23082,23084,23084,1,1
2024-12-03 15:03:04.595,23084,23085,23084,1,-1
2024-12-03 15:03:04.972,23083,23085,23085,1,1
2024-12-03 15:03:04.972,23083,23085,23085,1,1
2024-12-03 15:03:04.974,23083,23085,23086,1,1
2024-12-03 15:03:04.975,23083,23085,23086,1,1
2024-12-03 15:03:05.065,23083,23085,23087,1,1
2024-12-03 15:03:05.065,23083,23085,23087,4,4
2024-12-03 15:03:05.068,23083,23085,23089,2,2
2024-12-03 15:03:05.068,23083,23085,23088,2,2
2024-12-03 15:03:05.071,23083,23085,23089,1,1
2024-12-03 15:03:05.146,23083,23085,23090,1,1
2024-12-03 15:03:05.148,23083,23085,23090,1,1
2024-12-03 15:03:05.152,23083,23085,23089,1,1
2024-12-03 15:03:05.168,23083,23085,23087,1,1
2024-12-03 15:03:05.184,23083,23085,23087,1,1
2024-12-03 15:03:05.186,23083,23085,23089,2,2
2024-12-03 15:03:06.423,23087,23089,23087,1,-1
2024-12-03 15:03:07.134,23086,23089,23088,1,1
2024-12-03 15:03:09.312,23086,23089,23089,4,4
2024-12-03 15:03:09.312,23086,23089,23090,3,3
2024-12-03 15:03:09.313,23086,23089,23090,1,1
2024-12-03 15:03:09.313,23086,23089,23090,2,2
2024-12-03 15:03:09.389,23088,23091,23088,1,-1
2024-12-03 15:03:09.683,23088,23091,23091,1,1
2024-12-03 15:03:10.946,23088,23091,23088,1,-1
2024-12-03 15:03:17.307,23088,23090,23090,1,1
2024-12-03 15:03:20.199,23091,23092,23091,3,-3
2024-12-03 15:03:20.618,23090,23092,23092,1,1
2024-12-03 15:03:20.770,23090,23092,23090,1,-1
2024-12-03 15:03:21.351,23089,23091,23089,1,-1
2024-12-03 15:03:23.103,23089,23091,23089,1,-1
2024-12-03 15:03:23.970,23088,23090,23088,4,-4
2024-12-03 15:03:24.812,23086,23088,23086,3,-3
2024-12-03 15:03:25.121,23083,23085,23085,1,1
2024-12-03 15:03:25.761,23083,23085,23083,1,-1
2024-12-03 15:03:27.631,23083,23085,23083,2,-2
2024-12-03 15:03:27.631,23083,23085,23082,2,-2
2024-12-03 15:03:30.179,23083,23085,23083,3,-3
2024-12-03 15:03:34.023,23082,23084,23084,1,1
2024-12-03 15:03:38.648,23083,23084,23083,5,-5
2024-12-03 15:03:47.093,23083,23084,23084,2,2
2024-12-03 15:03:47.094,23083,23084,23084,1,1
2024-12-03 15:03:49.496,23083,23085,23083,1,-1
2024-12-03 15:03:56.167,23084,23085,23085,1,1
2024-12-03 15:03:56.499,23085,23087,23085,1,-1
2024-12-03 15:03:57.637,23084,23086,23086,1,1
2024-12-03 15:03:57.771,23084,23086,23084,1,-1
2024-12-03 15:03:59.906,23084,23086,23084,4,-4
2024-12-03 15:03:59.907,23084,23086,23083,6,-6
2024-12-03 15:03:59.908,23084,23086,23082,1,-1
2024-12-03 15:04:04.218,23081,23083,23082,1,-1
2024-12-03 15:04:09.105,23082,23084,23084,2,2
2024-12-03 15:04:09.695,23082,23084,23082,1,-1
2024-12-03 15:04:11.495,23082,23084,23084,1,1
2024-12-03 15:04:12.269,23084,23087,23087,1,1
2024-12-03 15:04:12.271,23084,23087,23087,1,1
2024-12-03 15:04:12.482,23086,23088,23086,1,-1
2024-12-03 15:04:13.112,23087,23088,23088,1,1
2024-12-03 15:04:14.611,23086,23088,23088,1,1
2024-12-03 15:04:17.684,23087,23089,23089,3,3
2024-12-03 15:04:17.685,23087,23089,23090,1,1
2024-12-03 15:04:17.685,23087,23089,23090,1,1
2024-12-03 15:04:18.834,23088,23091,23088,2,-2
2024-12-03 15:04:19.268,23088,23091,23088,1,-1
2024-12-03 15:04:21.783,23088,23091,23088,1,-1
2024-12-03 15:04:22.878,23088,23091,23091,2,2
2024-12-03 15:04:25.503,23088,23091,23089,1,-1
2024-12-03 15:04:26.958,23088,23091,23091,1,1
2024-12-03 15:04:31.623,23091,23092,23091,1,-1
2024-12-03 15:04:31.630,23091,23092,23092,1,1
2024-12-03 15:04:32.187,23091,23092,23091,1,-1
2024-12-03 15:04:32.680,23089,23092,23089,1,-1
2024-12-03 15:04:38.200,23090,23091,23090,1,-1
2024-12-03 15:04:39.118,23089,23091,23091,1,1
2024-12-03 15:04:40.327,23090,23091,23091,1,1
2024-12-03 15:04:40.947,23090,23091,23090,1,-1
2024-12-03 15:04:43.890,23090,23091,23091,1,1
2024-12-03 15:04:44.024,23091,23092,23091,1,-1
2024-12-03 15:04:47.897,23091,23092,23091,1,-1
2024-12-03 15:04:50.997,23090,23092,23090,1,-1
2024-12-03 15:04:51.189,23087,23089,23090,2,2
2024-12-03 15:04:51.190,23087,23089,23089,1,1
2024-12-03 15:04:56.741,23087,23088,23087,1,-1
2024-12-03 15:05:01.051,23088,23091,23088,4,-4
2024-12-03 15:05:01.051,23088,23091,23087,5,-5
2024-12-03 15:05:01.051,23088,23091,23087,1,-1
2024-12-03 15:05:01.051,23088,23091,23086,7,-7
2024-12-03 15:05:01.052,23088,23091,23085,5,-5
2024-12-03 15:05:01.052,23088,23091,23087,2,-2
2024-12-03 15:05:01.053,23088,23091,23084,3,-3
2024-12-03 15:05:01.053,23088,23091,23084,1,-1
2024-12-03 15:05:01.055,23088,23091,23083,4,-4
2024-12-03 15:05:01.097,23082,23084,23082,5,-5
2024-12-03 15:05:01.429,23081,23082,23082,2,2
2024-12-03 15:05:01.429,23081,23082,23082,1,1
2024-12-03 15:05:03.098,23081,23083,23083,3,3
2024-12-03 15:05:03.099,23081,23083,23083,1,1
2024-12-03 15:05:04.290,23081,23083,23083,1,1
2024-12-03 15:05:18.274,23084,23086,23086,2,2
2024-12-03 15:05:18.277,23084,23086,23087,3,3
2024-12-03 15:05:18.277,23084,23086,23086,1,1
2024-12-03 15:05:18.277,23084,23086,23087,35,35
2024-12-03 15:05:18.278,23084,23086,23088,2,2
2024-12-03 15:05:18.948,23090,23091,23091,1,1
2024-12-03 15:05:18.948,23090,23091,23091,1,1
2024-12-03 15:05:18.948,23090,23091,23091,1,1
2024-12-03 15:05:20.684,23089,23090,23089,1,-1
2024-12-03 15:05:21.930,23089,23090,23089,1,-1
2024-12-03 15:05:26.692,23088,23090,23090,1,1
2024-12-03 15:05:26.692,23088,23090,23091,1,1
2024-12-03 15:05:33.133,23088,23090,23088,1,-1
2024-12-03 15:05:50.517,23086,23087,23087,1,1
2024-12-03 15:05:50.525,23086,23087,23088,1,1
2024-12-03 15:05:50.853,23087,23089,23087,1,-1
2024-12-03 15:05:52.045,23087,23089,23087,1,-1
2024-12-03 15:05:55.078,23087,23088,23087,1,-1
2024-12-03 15:05:56.771,23086,23088,23088,1,1
2024-12-03 15:05:59.934,23088,23089,23088,1,-1
2024-12-03 15:06:00.546,23088,23089,23088,1,-1
2024-12-03 15:06:00.856,23087,23089,23089,2,2
2024-12-03 15:06:00.898,23087,23089,23090,1,1
2024-12-03 15:06:00.899,23087,23089,23091,2,2
2024-12-03 15:06:05.900,23090,23092,23092,1,1
2024-12-03 15:06:05.901,23090,23092,23092,1,1
2024-12-03 15:06:05.901,23090,23092,23092,2,2
2024-12-03 15:06:05.901,23090,23092,23092,3,3
2024-12-03 15:06:05.901,23090,23092,23092,2,2
2024-12-03 15:06:08.284,23092,23093,23093,2,2
2024-12-03 15:06:08.285,23092,23093,23093,1,1
2024-12-03 15:06:11.092,23092,23094,23094,1,1
2024-12-03 15:06:14.811,23091,23093,23093,1,1
2024-12-03 15:06:14.837,23091,23093,23093,1,1
2024-12-03 15:06:14.879,23091,23093,23094,2,2
2024-12-03 15:06:18.325,23092,23094,23094,1,1
2024-12-03 15:06:20.558,23092,23094,23094,2,2
2024-12-03 15:06:20.560,23092,23094,23095,1,1
2024-12-03 15:06:20.560,23092,23094,23095,1,1
2024-12-03 15:06:20.562,23092,23094,23096,2,2
2024-12-03 15:06:20.564,23092,23094,23097,1,1
2024-12-03 15:06:20.610,23097,23098,23098,1,1
2024-12-03 15:06:20.711,23097,23098,23097,1,-1
2024-12-03 15:06:20.961,23096,23098,23098,1,1
2024-12-03 15:06:20.961,23096,23098,23098,1,1
2024-12-03 15:06:22.360,23097,23099,23097,1,-1
2024-12-03 15:06:24.314,23095,23097,23097,1,1
2024-12-03 15:06:25.011,23095,23098,23098,1,1
2024-12-03 15:06:26.857,23097,23099,23097,1,-1
2024-12-03 15:06:26.867,23097,23099,23097,1,-1
2024-12-03 15:06:26.869,23097,23099,23097,1,-1
2024-12-03 15:06:28.188,23097,23098,23097,2,-2
2024-12-03 15:06:28.316,23096,23097,23096,1,-1
2024-12-03 15:06:28.458,23094,23097,23097,1,1
2024-12-03 15:06:35.593,23095,23097,23097,1,1
2024-12-03 15:06:36.716,23096,23097,23097,1,1
2024-12-03 15:06:36.717,23096,23097,23097,1,1
2024-12-03 15:06:37.931,23097,23098,23098,1,1
2024-12-03 15:06:38.047,23098,23099,23099,1,1
2024-12-03 15:06:38.047,23098,23099,23099,1,1
2024-12-03 15:06:39.892,23098,23100,23098,1,-1
2024-12-03 15:06:41.088,23097,23100,23100,1,1
2024-12-03 15:06:42.876,23098,23100,23100,3,3
2024-12-03 15:06:43.893,23100,23103,23103,1,1
2024-12-03 15:06:43.978,23100,23103,23103,1,1
2024-12-03 15:06:44.024,23100,23103,23102,1,1
2024-12-03 15:06:44.039,23100,23103,23103,1,1
2024-12-03 15:06:44.399,23101,23104,23104,1,1
2024-12-03 15:06:44.497,23101,23104,23104,1,1
2024-12-03 15:06:44.797,23101,23104,23101,3,-3
2024-12-03 15:06:44.797,23101,23104,23100,3,-3
2024-12-03 15:06:47.978,23100,23103,23100,1,-1
2024-12-03 15:06:49.196,23100,23103,23100,1,-1
2024-12-03 15:06:49.382,23100,23103,23100,1,-1
2024-12-03 15:06:51.612,23100,23103,23103,1,1
2024-12-03 15:06:56.579,23101,23104,23103,1,1
2024-12-03 15:07:00.383,23102,23103,23102,1,-1
2024-12-03 15:07:01.880,23100,23102,23102,2,2
2024-12-03 15:07:03.428,23100,23102,23100,1,-1
2024-12-03 15:07:04.783,23100,23102,23100,1,-1
2024-12-03 15:07:05.152,23100,23102,23100,3,-3
2024-12-03 15:07:06.029,23098,23100,23100,1,1
2024-12-03 15:07:06.691,23098,23100,23100,1,1
2024-12-03 15:07:06.767,23098,23100,23100,1,1
2024-12-03 15:07:08.692,23098,23100,23098,1,-1
2024-12-03 15:07:08.692,23098,23100,23097,1,-1
2024-12-03 15:07:10.433,23095,23098,23098,4,4
2024-12-03 15:07:10.433,23095,23098,23099,1,1
2024-12-03 15:07:13.230,23098,23100,23098,1,-1
2024-12-03 15:07:14.924,23098,23100,23100,2,2
2024-12-03 15:07:14.925,23098,23100,23101,2,2
2024-12-03 15:07:14.949,23101,23102,23101,1,-1
2024-12-03 15:07:14.950,23101,23102,23101,1,-1
2024-12-03 15:07:15.041,23101,23102,23102,2,2
2024-12-03 15:07:15.041,23101,23102,23102,1,1
2024-12-03 15:07:15.041,23101,23102,23102,11,11
2024-12-03 15:07:15.042,23101,23102,23103,1,1
2024-12-03 15:07:15.060,23101,23102,23102,1,1
2024-12-03 15:07:19.152,23101,23103,23102,1,1
2024-12-03 15:07:19.829,23102,23103,23103,1,1
2024-12-03 15:07:22.343,23102,23104,23104,6,6
2024-12-03 15:07:22.553,23104,23105,23105,3,3
2024-12-03 15:07:22.553,23104,23105,23105,2,2
2024-12-03 15:07:23.997,23105,23106,23106,1,1
2024-12-03 15:07:24.153,23105,23106,23106,1,1
2024-12-03 15:07:24.193,23105,23106,23106,2,2
2024-12-03 15:07:28.289,23104,23105,23105,1,1
2024-12-03 15:07:28.385,23104,23107,23106,1,1
2024-12-03 15:07:30.815,23104,23107,23107,1,1
2024-12-03 15:07:31.764,23106,23107,23106,1,-1
2024-12-03 15:07:33.575,23105,23106,23106,2,2
2024-12-03 15:07:35.586,23105,23107,23107,1,1
2024-12-03 15:07:35.586,23105,23107,23107,1,1
2024-12-03 15:07:35.586,23105,23107,23107,3,3
2024-12-03 15:07:37.134,23107,23108,23108,1,1
2024-12-03 15:07:37.135,23107,23108,23108,5,5
2024-12-03 15:07:37.135,23107,23108,23108,1,1
2024-12-03 15:07:37.135,23107,23108,23108,5,5
2024-12-03 15:07:37.135,23107,23108,23108,2,2
2024-12-03 15:07:37.136,23107,23108,23108,2,2
2024-12-03 15:07:38.291,23107,23109,23108,1,1
2024-12-03 15:07:38.484,23108,23109,23108,1,-1
2024-12-03 15:07:42.126,23107,23108,23108,1,1
2024-12-03 15:07:45.496,23108,23109,23109,1,1
2024-12-03 15:07:45.602,23108,23109,23109,1,1
2024-12-03 15:07:45.602,23108,23109,23109,3,3
2024-12-03 15:07:45.756,23109,23110,23110,1,1
2024-12-03 15:07:45.757,23109,23110,23110,2,2
2024-12-03 15:07:45.757,23109,23110,23110,1,1
2024-12-03 15:07:45.927,23110,23111,23110,1,-1
2024-12-03 15:07:46.077,23110,23111,23111,1,1
2024-12-03 15:07:46.077,23110,23111,23111,10,10
2024-12-03 15:07:46.077,23110,23111,23111,1,1
2024-12-03 15:07:46.077,23110,23111,23111,1,1
2024-12-03 15:07:46.077,23110,23111,23111,2,2
2024-12-03 15:07:46.077,23110,23111,23111,1,1
2024-12-03 15:07:46.077,23110,23111,23111,2,2
2024-12-03 15:07:46.077,23110,23111,23111,1,1
2024-12-03 15:07:46.078,23110,23111,23111,2,2
2024-12-03 15:07:47.224,23111,23112,23112,1,1
2024-12-03 15:07:47.346,23111,23113,23113,1,1
2024-12-03 15:07:47.586,23112,23114,23114,3,3
2024-12-03 15:07:47.778,23113,23115,23113,1,-1
2024-12-03 15:07:47.791,23113,23115,23113,1,-1
2024-12-03 15:07:48.589,23114,23115,23115,1,1
2024-12-03 15:07:48.704,23114,23115,23115,1,1
2024-12-03 15:07:49.301,23114,23115,23115,2,2
2024-12-03 15:07:49.531,23114,23116,23116,2,2
2024-12-03 15:07:50.261,23115,23116,23115,1,-1
2024-12-03 15:07:51.962,23115,23116,23116,2,2
2024-12-03 15:07:52.543,23115,23117,23117,1,1
2024-12-03 15:07:52.653,23116,23118,23118,1,1
2024-12-03 15:07:52.654,23116,23118,23118,2,2
2024-12-03 15:07:52.654,23116,23118,23118,3,3
2024-12-03 15:07:52.655,23116,23118,23118,2,2
2024-12-03 15:07:52.655,23116,23118,23118,1,1
2024-12-03 15:07:52.655,23116,23118,23118,1,1
2024-12-03 15:07:52.657,23116,23118,23117,2,2
2024-12-03 15:07:52.681,23116,23118,23116,1,-1
2024-12-03 15:07:52.691,23116,23118,23116,1,-1
2024-12-03 15:07:52.707,23115,23117,23116,1,-1
2024-12-03 15:07:52.707,23115,23117,23117,2,2
2024-12-03 15:07:52.707,23115,23117,23118,1,1
2024-12-03 15:07:52.718,23115,23117,23117,1,1
2024-12-03 15:07:52.732,23115,23117,23115,1,-1
2024-12-03 15:07:52.737,23115,23117,23115,1,-1
2024-12-03 15:07:52.830,23116,23117,23116,1,-1
2024-12-03 15:07:52.854,23116,23117,23117,2,2
2024-12-03 15:07:52.888,23116,23117,23118,1,1
2024-12-03 15:07:52.889,23116,23117,23118,1,1
2024-12-03 15:07:53.057,23116,23118,23118,1,1
2024-12-03 15:07:53.282,23116,23118,23118,1,1
2024-12-03 15:07:53.287,23116,23118,23119,1,1
2024-12-03 15:07:53.688,23117,23119,23118,1,1
2024-12-03 15:07:54.288,23118,23119,23118,1,-1
2024-12-03 15:07:55.034,23117,23119,23119,2,2
2024-12-03 15:07:57.427,23118,23119,23118,1,-1
2024-12-03 15:07:57.427,23118,23119,23118,1,-1
2024-12-03 15:07:57.603,23117,23119,23119,2,2
2024-12-03 15:07:58.599,23117,23119,23119,2,2
2024-12-03 15:07:59.352,23117,23119,23119,1,1
2024-12-03 15:07:59.936,23117,23119,23117,1,-1
2024-12-03 15:08:00.334,23115,23118,23115,1,-1
2024-12-03 15:08:00.346,23115,23118,23115,1,-1
2024-12-03 15:08:08.428,23113,23115,23113,1,-1
2024-12-03 15:08:08.628,23112,23114,23112,1,-1
2024-12-03 15:08:11.046,23111,23113,23111,2,-2
2024-12-03 15:08:11.072,23109,23111,23111,1,1
2024-12-03 15:08:11.072,23109,23111,23111,1,1
2024-12-03 15:08:11.677,23109,23112,23110,1,-1
2024-12-03 15:08:14.177,23109,23112,23109,1,-1
2024-12-03 15:08:15.562,23108,23110,23108,1,-1
2024-12-03 15:08:16.698,23108,23109,23109,1,1
2024-12-03 15:08:16.699,23108,23109,23109,1,1
2024-12-03 15:08:19.924,23109,23110,23110,1,1
2024-12-03 15:08:20.051,23110,23112,23110,1,-1
2024-12-03 15:08:20.071,23109,23112,23112,1,1
2024-12-03 15:08:20.849,23110,23113,23110,1,-1
2024-12-03 15:08:29.846,23109,23112,23109,5,-5
2024-12-03 15:08:29.847,23109,23112,23108,1,-1
2024-12-03 15:08:29.848,23109,23112,23108,1,-1
2024-12-03 15:08:31.059,23107,23109,23107,1,-1
2024-12-03 15:08:31.071,23106,23108,23108,1,1
2024-12-03 15:08:31.071,23106,23108,23108,1,1
2024-12-03 15:08:31.072,23106,23108,23108,1,1
2024-12-03 15:08:31.072,23106,23108,23109,1,1
2024-12-03 15:08:31.072,23106,23108,23109,1,1
2024-12-03 15:08:43.441,23108,23109,23109,1,1
2024-12-03 15:08:46.619,23108,23110,23110,1,1
2024-12-03 15:08:46.619,23108,23110,23111,1,1
2024-12-03 15:08:46.696,23109,23112,23112,1,1
2024-12-03 15:08:46.697,23109,23112,23113,1,1
2024-12-03 15:08:46.697,23109,23112,23112,1,1
2024-12-03 15:08:46.697,23109,23112,23112,1,1
2024-12-03 15:08:46.697,23109,23112,23112,1,1
2024-12-03 15:08:46.697,23109,23112,23112,1,1
2024-12-03 15:08:46.698,23109,23112,23113,1,1
2024-12-03 15:08:46.698,23109,23112,23113,1,1
2024-12-03 15:08:46.698,23109,23112,23114,1,1
2024-12-03 15:08:50.689,23113,23115,23115,2,2
2024-12-03 15:08:50.689,23113,23115,23116,1,1
2024-12-03 15:08:50.689,23113,23115,23117,4,4
2024-12-03 15:08:50.696,23115,23118,23118,1,1
2024-12-03 15:08:50.697,23115,23118,23119,1,1
2024-12-03 15:08:50.704,23115,23118,23119,1,1
2024-12-03 15:08:50.704,23115,23118,23119,1,1
2024-12-03 15:08:51.147,23118,23120,23120,7,7
2024-12-03 15:08:51.149,23118,23120,23121,3,3
2024-12-03 15:08:51.149,23118,23120,23121,2,2
2024-12-03 15:08:51.308,23120,23122,23120,1,-1
2024-12-03 15:08:53.115,23118,23119,23118,1,-1
2024-12-03 15:08:53.605,23118,23119,23119,1,1
2024-12-03 15:08:54.404,23119,23120,23119,1,-1
2024-12-03 15:08:54.710,23117,23120,23117,1,-1
2024-12-03 15:08:55.098,23116,23119,23119,1,1
2024-12-03 15:08:55.520,23117,23119,23119,1,1
2024-12-03 15:08:55.648,23117,23120,23119,1,1
2024-12-03 15:08:59.712,23117,23119,23119,1,1
2024-12-03 15:08:59.808,23117,23119,23119,1,1
2024-12-03 15:08:59.808,23117,23119,23118,4,4
2024-12-03 15:09:00.655,23117,23119,23117,1,-1
2024-12-03 15:09:00.732,23115,23117,23117,1,1
2024-12-03 15:09:00.771,23115,23117,23115,1,-1
2024-12-03 15:09:01.032,23115,23118,23117,1,1
2024-12-03 15:09:02.206,23117,23118,23118,1,1
2024-12-03 15:09:06.337,23117,23119,23119,1,1
2024-12-03 15:09:08.648,23117,23119,23119,1,1
2024-12-03 15:09:10.668,23117,23118,23117,2,-2
2024-12-03 15:09:12.711,23116,23117,23117,2,2
2024-12-03 15:09:15.386,23117,23118,23117,1,-1
2024-12-03 15:09:15.701,23116,23118,23116,2,-2
2024-12-03 15:09:19.238,23117,23118,23118,6,6
2024-12-03 15:09:22.252,23118,23119,23119,5,5
2024-12-03 15:09:22.254,23118,23119,23120,1,1
2024-12-03 15:09:22.432,23120,23122,23120,1,-1
2024-12-03 15:09:22.538,23120,23122,23120,1,-1
2024-12-03 15:09:23.063,23120,23122,23120,1,-1
2024-12-03 15:09:25.337,23119,23122,23119,1,-1
2024-12-03 15:09:25.532,23117,23119,23117,1,-1
2024-12-03 15:09:26.956,23117,23119,23119,1,1
2024-12-03 15:09:26.956,23117,23119,23119,1,1
2024-12-03 15:09:28.111,23118,23119,23118,1,-1
2024-12-03 15:09:31.237,23117,23119,23119,1,1
2024-12-03 15:09:32.423,23117,23118,23117,1,-1
2024-12-03 15:09:33.750,23117,23118,23118,1,1
2024-12-03 15:09:33.775,23117,23118,23117,1,-1
2024-12-03 15:09:33.775,23117,23118,23116,6,-6
2024-12-03 15:09:34.430,23115,23117,23115,4,-4
2024-12-03 15:09:34.430,23115,23117,23115,4,-4
2024-12-03 15:09:34.430,23115,23117,23115,1,-1
2024-12-03 15:09:48.741,23116,23117,23117,1,1
2024-12-03 15:09:49.020,23117,23118,23118,1,1
2024-12-03 15:09:49.047,23117,23118,23117,1,-1
2024-12-03 15:09:49.993,23116,23119,23119,1,1
2024-12-03 15:09:52.932,23116,23118,23118,1,1
2024-12-03 15:09:56.148,23116,23117,23117,1,1
2024-12-03 15:10:02.898,23116,23118,23118,6,6
2024-12-03 15:10:02.900,23116,23118,23120,6,6
2024-12-03 15:10:02.900,23116,23118,23121,8,8
2024-12-03 15:10:02.900,23116,23118,23121,4,4
2024-12-03 15:10:02.978,23121,23122,23122,2,2
2024-12-03 15:10:02.978,23121,23122,23123,7,7
2024-12-03 15:10:02.979,23121,23122,23124,3,3
2024-12-03 15:10:02.980,23121,23122,23125,3,3
2024-12-03 15:10:03.048,23121,23122,23121,2,-2
2024-12-03 15:10:03.125,23120,23123,23120,1,-1
2024-12-03 15:10:03.131,23120,23123,23120,2,-2
2024-12-03 15:10:03.413,23119,23123,23123,1,1
2024-12-03 15:10:03.475,23120,23123,23123,1,1
2024-12-03 15:10:03.912,23122,23124,23124,1,1
2024-12-03 15:10:05.152,23122,23124,23122,2,-2
2024-12-03 15:10:05.153,23122,23124,23121,5,-5
2024-12-03 15:10:07.377,23119,23122,23122,1,1
2024-12-03 15:10:11.386,23120,23122,23120,1,-1
2024-12-03 15:10:13.205,23120,23122,23122,1,1
2024-12-03 15:10:15.279,23120,23122,23122,1,1
2024-12-03 15:10:15.280,23120,23122,23122,1,1
2024-12-03 15:10:15.964,23122,23124,23122,1,-1
2024-12-03 15:10:16.557,23123,23125,23123,1,-1
2024-12-03 15:10:16.596,23122,23124,23123,1,-1
2024-12-03 15:10:17.100,23122,23123,23123,1,1
2024-12-03 15:10:20.737,23121,23123,23123,1,1
2024-12-03 15:10:23.291,23121,23123,23123,1,1
2024-12-03 15:10:24.369,23121,23122,23121,1,-1
2024-12-03 15:10:24.369,23121,23122,23121,2,-2
2024-12-03 15:10:30.829,23120,23122,23122,2,2
2024-12-03 15:10:30.831,23120,23122,23123,1,1
2024-12-03 15:10:30.831,23120,23122,23123,1,1
2024-12-03 15:10:33.307,23122,23124,23124,1,1
2024-12-03 15:10:37.121,23123,23124,23123,1,-1
2024-12-03 15:10:43.975,23121,23123,23123,1,1
2024-12-03 15:10:48.851,23123,23124,23124,3,3
2024-12-03 15:10:48.873,23123,23124,23123,1,-1
2024-12-03 15:10:52.943,23123,23124,23123,2,-2
2024-12-03 15:10:53.739,23123,23124,23124,2,2
2024-12-03 15:10:53.847,23123,23125,23123,2,-2
2024-12-03 15:10:57.146,23122,23123,23123,1,1
2024-12-03 15:10:58.162,23122,23124,23122,2,-2
2024-12-03 15:10:58.164,23122,23124,23121,1,-1
2024-12-03 15:10:58.164,23122,23124,23121,1,-1
2024-12-03 15:10:58.918,23120,23122,23122,1,1
2024-12-03 15:11:00.015,23120,23122,23122,1,1
2024-12-03 15:11:00.122,23120,23123,23123,1,1
2024-12-03 15:11:04.776,23120,23122,23120,1,-1
2024-12-03 15:11:07.582,23120,23122,23122,1,1
2024-12-03 15:11:10.692,23121,23124,23124,1,1
2024-12-03 15:11:10.696,23121,23124,23124,1,1
2024-12-03 15:11:10.697,23121,23124,23124,1,1
2024-12-03 15:11:13.026,23123,23125,23123,1,-1
2024-12-03 15:11:13.898,23123,23124,23123,1,-1
2024-12-03 15:11:24.964,23121,23122,23121,1,-1
2024-12-03 15:11:25.010,23121,23122,23121,1,-1
2024-12-03 15:11:26.082,23120,23121,23120,4,-4
2024-12-03 15:11:29.137,23119,23120,23119,2,-2
2024-12-03 15:11:29.196,23118,23120,23120,1,1
2024-12-03 15:11:29.196,23118,23120,23120,1,1
2024-12-03 15:11:29.196,23118,23120,23120,1,1
2024-12-03 15:11:31.829,23119,23121,23119,1,-1
2024-12-03 15:11:33.184,23118,23119,23118,1,-1
2024-12-03 15:11:35.408,23118,23119,23119,1,1
2024-12-03 15:11:36.945,23120,23123,23120,1,-1
2024-12-03 15:11:40.606,23120,23123,23120,2,-2
2024-12-03 15:11:44.586,23121,23122,23121,1,-1
2024-12-03 15:11:45.778,23121,23122,23122,1,1
2024-12-03 15:11:45.798,23121,23122,23123,2,2
2024-12-03 15:11:50.646,23122,23124,23122,1,-1
2024-12-03 15:11:59.655,23120,23122,23120,2,-2
2024-12-03 15:12:00.511,23120,23122,23121,1,-1
2024-12-03 15:12:00.711,23120,23122,23122,1,1
2024-12-03 15:12:04.106,23121,23123,23120,2,-2
2024-12-03 15:12:04.106,23121,23123,23121,3,-3
2024-12-03 15:12:04.196,23120,23123,23123,1,1
2024-12-03 15:12:04.196,23120,23123,23123,1,1
2024-12-03 15:12:04.196,23120,23123,23123,1,1
2024-12-03 15:12:04.197,23120,23123,23123,2,2
2024-12-03 15:12:06.655,23122,23123,23122,2,-2
2024-12-03 15:12:16.876,23121,23123,23121,1,-1
2024-12-03 15:12:29.917,23120,23122,23122,2,2
2024-12-03 15:12:34.183,23120,23122,23120,1,-1
2024-12-03 15:12:34.183,23120,23122,23120,2,-2
2024-12-03 15:12:34.196,23119,23120,23120,1,1
2024-12-03 15:12:43.342,23119,23121,23121,1,1
2024-12-03 15:12:47.352,23119,23121,23121,1,1
2024-12-03 15:12:50.246,23119,23120,23119,3,-3
2024-12-03 15:12:57.544,23118,23120,23120,1,1
2024-12-03 15:13:00.607,23118,23119,23118,1,-1
2024-12-03 15:13:00.608,23118,23119,23118,1,-1
2024-12-03 15:13:01.404,23117,23119,23119,4,4
2024-12-03 15:13:02.754,23117,23119,23117,1,-1
2024-12-03 15:13:02.754,23117,23119,23116,4,-4
2024-12-03 15:13:04.189,23116,23118,23116,1,-1
2024-12-03 15:13:06.704,23115,23117,23115,2,-2
2024-12-03 15:13:06.747,23115,23117,23115,2,-2
2024-12-03 15:13:06.783,23115,23117,23114,1,-1
2024-12-03 15:13:06.783,23115,23117,23113,4,-4
2024-12-03 15:13:07.756,23113,23115,23113,1,-1
2024-12-03 15:13:07.979,23113,23115,23113,1,-1
2024-12-03 15:13:08.217,23112,23115,23114,1,1
2024-12-03 15:13:08.445,23112,23115,23112,1,-1
2024-12-03 15:13:08.656,23112,23115,23112,1,-1
2024-12-03 15:13:08.896,23112,23115,23112,1,-1
2024-12-03 15:13:09.126,23112,23113,23112,1,-1
2024-12-03 15:13:09.415,23111,23113,23111,1,-1
2024-12-03 15:13:09.596,23111,23113,23111,1,-1
2024-12-03 15:13:09.980,23111,23113,23111,3,-3
2024-12-03 15:13:09.980,23111,23113,23110,2,-2
2024-12-03 15:13:10.371,23111,23113,23111,1,-1
2024-12-03 15:13:10.912,23111,23113,23111,1,-1
2024-12-03 15:13:11.072,23110,23113,23110,1,-1
2024-12-03 15:13:11.074,23110,23113,23110,2,-2
2024-12-03 15:13:11.952,23110,23113,23110,1,-1
2024-12-03 15:13:13.184,23111,23113,23113,2,2
2024-12-03 15:13:16.371,23111,23114,23114,1,1
2024-12-03 15:13:17.649,23112,23114,23113,1,1
2024-12-03 15:13:18.398,23112,23114,23112,1,-1
2024-12-03 15:13:20.276,23111,23112,23111,2,-2
2024-12-03 15:13:20.629,23111,23112,23112,3,3
2024-12-03 15:13:22.647,23112,23113,23112,1,-1
2024-12-03 15:13:22.846,23111,23113,23113,1,1
2024-12-03 15:13:24.336,23111,23113,23113,1,1
2024-12-03 15:13:30.381,23111,23113,23112,1,1
2024-12-03 15:13:30.499,23112,23113,23112,1,-1
2024-12-03 15:13:37.204,23112,23113,23113,4,4
2024-12-03 15:13:37.204,23112,23113,23114,3,3
2024-12-03 15:13:37.853,23114,23115,23115,2,2
2024-12-03 15:13:39.065,23115,23116,23116,1,1
2024-12-03 15:13:40.379,23115,23118,23118,1,1
2024-12-03 15:13:40.581,23115,23118,23115,1,-1
2024-12-03 15:14:06.947,23116,23118,23118,2,2
2024-12-03 15:14:07.194,23117,23119,23117,1,-1
2024-12-03 15:14:07.706,23117,23119,23119,2,2
2024-12-03 15:14:07.737,23117,23119,23119,2,2
2024-12-03 15:14:07.761,23117,23119,23121,2,2
2024-12-03 15:14:12.769,23118,23120,23120,1,1
2024-12-03 15:14:13.849,23118,23120,23120,2,2
2024-12-03 15:14:16.324,23118,23119,23118,1,-1
2024-12-03 15:14:18.532,23117,23119,23117,1,-1
2024-12-03 15:14:18.540,23117,23119,23116,3,-3
2024-12-03 15:14:18.844,23115,23117,23115,1,-1
2024-12-03 15:14:22.935,23114,23115,23114,1,-1
2024-12-03 15:14:22.947,23114,23115,23114,1,-1
2024-12-03 15:14:24.122,23113,23115,23115,1,1
2024-12-03 15:14:24.601,23114,23115,23115,1,1
2024-12-03 15:14:26.075,23114,23115,23115,1,1
2024-12-03 15:14:27.891,23114,23116,23114,1,-1
2024-12-03 15:14:29.289,23113,23115,23116,1,1
2024-12-03 15:14:29.289,23113,23115,23115,1,1
2024-12-03 15:14:30.641,23115,23117,23115,1,-1
2024-12-03 15:14:32.895,23112,23114,23112,1,-1
2024-12-03 15:14:32.904,23112,23114,23112,1,-1
2024-12-03 15:14:33.137,23111,23114,23114,2,2
2024-12-03 15:14:33.137,23111,23114,23115,1,1
2024-12-03 15:14:33.549,23112,23115,23112,1,-1
2024-12-03 15:14:34.559,23112,23115,23112,1,-1
2024-12-03 15:14:34.894,23112,23115,23112,2,-2
2024-12-03 15:14:35.023,23112,23114,23112,1,-1
2024-12-03 15:14:35.023,23112,23114,23111,1,-1
2024-12-03 15:14:36.191,23111,23112,23111,3,-3
2024-12-03 15:14:38.130,23111,23112,23112,1,1
2024-12-03 15:14:40.096,23112,23115,23112,4,-4
2024-12-03 15:14:44.816,23112,23114,23111,2,-2
2024-12-03 15:14:44.816,23112,23114,23112,1,-1
2024-12-03 15:14:48.592,23111,23113,23111,2,-2
2024-12-03 15:14:54.932,23111,23113,23111,1,-1
2024-12-03 15:15:01.365,23111,23112,23111,3,-3
2024-12-03 15:15:01.396,23111,23112,23111,2,-2
2024-12-03 15:15:01.481,23110,23112,23110,1,-1
2024-12-03 15:15:02.694,23110,23111,23110,1,-1
2024-12-03 15:15:02.695,23110,23111,23110,1,-1
2024-12-03 15:15:02.775,23110,23111,23111,1,1
2024-12-03 15:15:02.962,23111,23113,23111,1,-1
2024-12-03 15:15:09.101,23111,23112,23111,1,-1
2024-12-03 15:15:10.607,23111,23112,23111,3,-3
2024-12-03 15:15:10.607,23111,23112,23110,4,-4
2024-12-03 15:15:10.696,23109,23112,23109,1,-1
2024-12-03 15:15:10.697,23109,23112,23109,1,-1
2024-12-03 15:15:10.697,23109,23112,23109,1,-1
2024-12-03 15:15:10.697,23109,23112,23109,1,-1
2024-12-03 15:15:10.697,23109,23112,23109,1,-1
2024-12-03 15:15:10.697,23109,23112,23109,1,-1
2024-12-03 15:15:10.699,23109,23112,23108,1,-1
2024-12-03 15:15:10.699,23109,23112,23108,1,-1
2024-12-03 15:15:11.908,23108,23110,23108,1,-1
2024-12-03 15:15:15.651,23108,23109,23108,1,-1
2024-12-03 15:15:17.347,23108,23109,23108,1,-1
2024-12-03 15:15:17.347,23108,23109,23108,3,-3
2024-12-03 15:15:17.578,23107,23108,23108,1,1
2024-12-03 15:15:25.705,23109,23111,23109,1,-1
2024-12-03 15:15:25.821,23108,23111,23108,1,-1
2024-12-03 15:15:25.821,23108,23111,23108,1,-1
2024-12-03 15:15:25.821,23108,23111,23108,1,-1
2024-12-03 15:15:25.822,23108,23111,23106,1,-1
2024-12-03 15:15:25.822,23108,23111,23106,1,-1
2024-12-03 15:15:25.822,23108,23111,23107,1,-1
2024-12-03 15:15:25.822,23108,23111,23107,1,-1
2024-12-03 15:15:25.822,23108,23111,23107,1,-1
2024-12-03 15:15:25.822,23108,23111,23107,1,-1
2024-12-03 15:15:25.822,23108,23111,23107,1,-1
2024-12-03 15:15:25.822,23108,23111,23108,1,-1
2024-12-03 15:15:25.822,23108,23111,23107,1,-1
2024-12-03 15:15:25.823,23108,23111,23106,1,-1
2024-12-03 15:15:25.823,23108,23111,23106,1,-1
2024-12-03 15:15:25.823,23108,23111,23105,1,-1
2024-12-03 15:15:25.825,23108,23111,23106,1,-1
2024-12-03 15:15:25.827,23108,23111,23105,1,-1
2024-12-03 15:15:29.457,23105,23107,23105,1,-1
2024-12-03 15:15:29.602,23105,23107,23105,3,-3
2024-12-03 15:15:31.114,23105,23106,23105,1,-1
2024-12-03 15:15:31.195,23104,23106,23104,1,-1
2024-12-03 15:15:31.481,23104,23106,23104,1,-1
2024-12-03 15:15:35.181,23104,23106,23104,3,-3
2024-12-03 15:15:37.274,23104,23106,23104,1,-1
2024-12-03 15:15:37.275,23104,23106,23104,1,-1
2024-12-03 15:15:37.322,23103,23105,23103,1,-1
2024-12-03 15:15:38.825,23103,23104,23103,1,-1
2024-12-03 15:15:39.326,23103,23104,23103,1,-1
2024-12-03 15:15:39.326,23103,23104,23102,4,-4
2024-12-03 15:15:41.672,23101,23103,23102,1,-1
2024-12-03 15:15:42.520,23101,23103,23101,2,-2
2024-12-03 15:15:42.520,23101,23103,23101,2,-2
2024-12-03 15:15:42.563,23101,23103,23100,1,-1
2024-12-03 15:15:42.564,23101,23103,23100,2,-2
2024-12-03 15:15:42.564,23101,23103,23100,1,-1
2024-12-03 15:15:42.564,23101,23103,23100,1,-1
2024-12-03 15:15:42.564,23101,23103,23100,1,-1
2024-12-03 15:15:42.565,23101,23103,23100,21,-21
2024-12-03 15:15:42.565,23101,23103,23099,1,-1
2024-12-03 15:15:42.687,23101,23103,23100,1,-1
2024-12-03 15:15:42.718,23099,23101,23099,1,-1
2024-12-03 15:15:42.815,23099,23101,23099,1,-1
2024-12-03 15:15:42.914,23098,23101,23098,1,-1
2024-12-03 15:15:43.008,23098,23100,23098,1,-1
2024-12-03 15:15:44.245,23097,23100,23100,1,1
2024-12-03 15:15:45.538,23098,23101,23099,1,-1
2024-12-03 15:15:47.200,23099,23102,23099,1,-1
2024-12-03 15:15:48.706,23099,23101,23099,1,-1
2024-12-03 15:15:50.805,23099,23101,23099,2,-2
2024-12-03 15:15:52.673,23098,23100,23098,3,-3
2024-12-03 15:15:52.702,23097,23100,23097,1,-1
2024-12-03 15:15:53.465,23097,23099,23099,1,1
2024-12-03 15:15:54.140,23097,23098,23097,2,-2
2024-12-03 15:15:54.140,23097,23098,23096,1,-1
2024-12-03 15:15:55.671,23096,23098,23098,1,1
2024-12-03 15:15:55.935,23098,23099,23098,1,-1
2024-12-03 15:15:55.935,23098,23099,23096,3,-3
2024-12-03 15:15:57.141,23095,23098,23095,1,-1
2024-12-03 15:15:57.295,23095,23098,23095,1,-1
2024-12-03 15:16:01.816,23096,23099,23096,6,-6
2024-12-03 15:16:01.816,23096,23099,23095,2,-2
2024-12-03 15:16:02.438,23095,23098,23095,1,-1
2024-12-03 15:16:05.223,23095,23098,23095,4,-4
2024-12-03 15:16:11.255,23096,23098,23095,2,-2
2024-12-03 15:16:11.255,23096,23098,23096,1,-1
2024-12-03 15:16:15.981,23096,23098,23098,1,1
2024-12-03 15:16:15.981,23096,23098,23098,1,1
2024-12-03 15:16:18.520,23097,23099,23097,1,-1
2024-12-03 15:16:20.458,23097,23099,23099,2,2
2024-12-03 15:16:20.459,23097,23099,23100,1,1
2024-12-03 15:16:20.571,23099,23102,23102,1,1
2024-12-03 15:16:20.715,23099,23102,23102,1,1
2024-12-03 15:16:26.570,23103,23104,23103,1,-1
2024-12-03 15:16:27.054,23102,23104,23104,1,1
2024-12-03 15:16:31.105,23103,23105,23105,1,1
2024-12-03 15:16:31.106,23103,23105,23105,1,1
2024-12-03 15:16:33.602,23103,23106,23105,1,1
2024-12-03 15:16:37.660,23105,23106,23106,1,1
2024-12-03 15:16:37.660,23105,23106,23106,1,1
2024-12-03 15:16:37.660,23105,23106,23106,1,1
2024-12-03 15:16:37.660,23105,23106,23106,1,1
2024-12-03 15:16:43.149,23104,23107,23107,3,3
2024-12-03 15:16:43.149,23104,23107,23108,1,1
2024-12-03 15:16:51.107,23105,23107,23105,2,-2
2024-12-03 15:16:51.109,23105,23107,23104,2,-2
2024-12-03 15:16:56.064,23103,23104,23103,2,-2
2024-12-03 15:17:03.346,23101,23103,23101,1,-1
2024-12-03 15:17:05.772,23101,23103,23101,1,-1
2024-12-03 15:17:44.864,23099,23100,23099,1,-1
2024-12-03 15:17:55.837,23098,23101,23098,1,-1
2024-12-03 15:18:01.345,23098,23100,23098,1,-1
2024-12-03 15:18:01.590,23097,23100,23100,1,1
2024-12-03 15:18:09.002,23099,23100,23100,1,1
2024-12-03 15:18:09.003,23099,23100,23101,1,1
2024-12-03 15:18:09.071,23101,23103,23103,1,1
2024-12-03 15:18:23.507,23102,23105,23105,1,1
2024-12-03 15:18:34.162,23106,23107,23106,2,-2
2024-12-03 15:18:35.278,23106,23107,23106,1,-1
2024-12-03 15:18:38.546,23106,23107,23106,1,-1
2024-12-03 15:18:39.062,23105,23106,23106,1,1
2024-12-03 15:18:40.687,23105,23106,23106,1,1
2024-12-03 15:18:41.763,23105,23106,23106,1,1
2024-12-03 15:18:45.985,23105,23107,23105,1,-1
2024-12-03 15:18:57.276,23101,23104,23104,1,1
2024-12-03 15:19:12.704,23105,23106,23105,1,-1
2024-12-03 15:19:18.303,23103,23105,23105,1,1
2024-12-03 15:19:22.943,23103,23106,23106,1,1
2024-12-03 15:19:35.279,23101,23104,23104,1,1
2024-12-03 15:19:50.503,23104,23105,23105,1,1
2024-12-03 15:19:50.504,23104,23105,23105,1,1
2024-12-03 15:19:58.398,23103,23106,23106,1,1
2024-12-03 15:20:06.771,23104,23106,23105,1,1
2024-12-03 15:20:11.161,23104,23106,23104,2,-2
2024-12-03 15:20:11.264,23103,23105,23103,2,-2
2024-12-03 15:20:18.281,23101,23103,23103,1,1
2024-12-03 15:20:19.148,23105,23107,23105,2,-2
2024-12-03 15:20:20.991,23104,23107,23107,2,2
2024-12-03 15:20:23.241,23106,23109,23106,1,-1
2024-12-03 15:20:23.885,23105,23108,23106,1,-1
2024-12-03 15:20:40.790,23106,23108,23108,1,1
2024-12-03 15:20:51.023,23109,23111,23111,1,1
2024-12-03 15:20:51.167,23110,23113,23113,1,1
2024-12-03 15:20:56.743,23111,23112,23112,1,1
2024-12-03 15:20:58.144,23111,23113,23113,5,5
2024-12-03 15:20:58.145,23111,23113,23114,2,2
2024-12-03 15:21:11.771,23114,23116,23114,1,-1
2024-12-03 15:21:11.891,23114,23116,23114,1,-1
2024-12-03 15:21:12.374,23112,23115,23115,2,2
2024-12-03 15:21:18.049,23114,23116,23114,1,-1
2024-12-03 15:21:18.089,23114,23116,23114,1,-1
2024-12-03 15:21:19.089,23112,23115,23112,1,-1
2024-12-03 15:21:21.950,23112,23114,23112,3,-3
2024-12-03 15:21:21.978,23112,23114,23112,2,-2
2024-12-03 15:21:28.201,23111,23113,23111,1,-1
2024-12-03 15:21:34.833,23111,23112,23112,1,1
2024-12-03 15:21:34.834,23111,23112,23113,1,1
2024-12-03 15:21:43.448,23114,23115,23115,1,1
2024-12-03 15:21:44.310,23114,23116,23116,1,1
2024-12-03 15:21:57.930,23114,23115,23114,1,-1
2024-12-03 15:21:59.824,23112,23115,23112,1,-1
2024-12-03 15:22:05.185,23112,23115,23115,4,4
2024-12-03 15:22:11.092,23113,23116,23113,1,-1
2024-12-03 15:22:15.966,23113,23116,23116,1,1
2024-12-03 15:22:28.021,23113,23116,23116,4,4
2024-12-03 15:22:28.063,23113,23116,23116,4,4
2024-12-03 15:22:28.065,23113,23116,23117,1,1
2024-12-03 15:22:31.395,23116,23118,23118,1,1
2024-12-03 15:22:36.751,23116,23118,23116,1,-1
2024-12-03 15:22:37.023,23116,23118,23118,1,1
2024-12-03 15:22:41.345,23116,23118,23118,1,1
2024-12-03 15:22:41.345,23116,23118,23118,1,1
2024-12-03 15:22:47.324,23116,23118,23118,1,1
2024-12-03 15:22:49.100,23116,23118,23116,1,-1
2024-12-03 15:22:51.829,23116,23118,23117,1,-1
2024-12-03 15:22:52.596,23116,23118,23116,1,-1
2024-12-03 15:22:52.596,23116,23118,23116,1,-1
2024-12-03 15:22:56.326,23113,23115,23113,3,-3
2024-12-03 15:22:58.367,23113,23115,23115,1,1
2024-12-03 15:23:16.382,23114,23115,23114,1,-1
2024-12-03 15:23:16.383,23114,23115,23114,2,-2
2024-12-03 15:23:19.421,23113,23115,23113,1,-1
2024-12-03 15:23:24.765,23113,23115,23115,4,4
2024-12-03 15:23:41.754,23114,23115,23115,1,1
2024-12-03 15:23:42.939,23115,23117,23117,3,3
2024-12-03 15:23:44.498,23117,23119,23119,1,1
2024-12-03 15:23:44.498,23117,23119,23119,1,1
2024-12-03 15:23:44.499,23117,23119,23119,3,3
2024-12-03 15:23:46.630,23118,23120,23120,1,1
2024-12-03 15:23:47.126,23118,23120,23118,1,-1
2024-12-03 15:23:47.343,23118,23120,23118,1,-1
2024-12-03 15:23:50.317,23116,23119,23119,1,1
2024-12-03 15:23:52.949,23118,23120,23118,1,-1
2024-12-03 15:23:54.261,23115,23119,23119,1,1
2024-12-03 15:24:08.720,23116,23119,23119,2,2
2024-12-03 15:24:08.795,23116,23119,23120,1,1
2024-12-03 15:24:10.085,23117,23120,23117,1,-1
2024-12-03 15:24:15.523,23117,23120,23120,2,2
2024-12-03 15:24:18.527,23118,23120,23120,7,7
2024-12-03 15:24:21.444,23118,23120,23120,3,3
2024-12-03 15:24:21.444,23118,23120,23121,4,4
2024-12-03 15:24:26.199,23118,23121,23121,1,1
2024-12-03 15:24:41.795,23118,23120,23120,1,1
2024-12-03 15:24:45.614,23118,23120,23118,1,-1
2024-12-03 15:24:45.614,23118,23120,23118,2,-2
2024-12-03 15:24:45.615,23118,23120,23118,1,-1
2024-12-03 15:24:54.759,23114,23116,23116,1,1
2024-12-03 15:24:55.228,23117,23120,23117,1,-1
2024-12-03 15:25:03.210,23119,23120,23119,2,-2
2024-12-03 15:25:03.218,23119,23120,23120,1,1
2024-12-03 15:25:07.657,23118,23120,23120,2,2
2024-12-03 15:25:07.909,23118,23119,23118,1,-1
2024-12-03 15:25:11.157,23115,23117,23117,2,2
2024-12-03 15:25:18.751,23116,23118,23116,1,-1
2024-12-03 15:25:28.723,23115,23117,23115,1,-1
2024-12-03 15:25:33.130,23115,23117,23117,1,1
2024-12-03 15:25:51.919,23116,23118,23116,2,-2
2024-12-03 15:26:07.092,23117,23118,23118,1,1
2024-12-03 15:26:08.138,23117,23119,23119,2,2
2024-12-03 15:26:08.138,23117,23119,23120,5,5
2024-12-03 15:26:08.138,23117,23119,23121,3,3
2024-12-03 15:26:10.394,23117,23120,23120,3,3
2024-12-03 15:26:17.888,23118,23121,23120,1,1
2024-12-03 15:26:21.572,23118,23121,23121,4,4
2024-12-03 15:26:23.439,23119,23121,23121,4,4
2024-12-03 15:26:23.439,23119,23121,23122,5,5
2024-12-03 15:26:24.980,23120,23122,23120,1,-1
2024-12-03 15:26:27.736,23119,23120,23119,1,-1
2024-12-03 15:26:30.838,23119,23120,23120,1,1
2024-12-03 15:26:53.825,23119,23121,23119,3,-3
2024-12-03 15:26:54.704,23118,23120,23118,1,-1
2024-12-03 15:26:55.512,23117,23118,23118,1,1
2024-12-03 15:26:56.602,23117,23118,23117,1,-1
2024-12-03 15:27:00.456,23117,23118,23117,1,-1
2024-12-03 15:27:02.508,23117,23118,23117,1,-1
2024-12-03 15:27:02.604,23117,23118,23117,1,-1
2024-12-03 15:27:09.278,23117,23119,23117,1,-1
2024-12-03 15:27:15.650,23117,23118,23118,1,1
2024-12-03 15:27:15.650,23117,23118,23119,1,1
2024-12-03 15:27:22.519,23117,23119,23117,2,-2
2024-12-03 15:27:36.265,23118,23120,23118,1,-1
2024-12-03 15:27:42.919,23116,23118,23116,2,-2
2024-12-03 15:27:43.410,23115,23116,23116,2,2
2024-12-03 15:27:43.410,23115,23116,23117,2,2
2024-12-03 15:27:49.689,23115,23117,23117,2,2
2024-12-03 15:27:59.511,23116,23118,23118,1,1
2024-12-03 15:28:00.600,23116,23117,23117,1,1
2024-12-03 15:28:02.632,23116,23117,23117,3,3
2024-12-03 15:28:05.940,23117,23118,23117,3,-3
2024-12-03 15:28:13.897,23116,23119,23119,2,2
2024-12-03 15:28:17.786,23116,23118,23116,5,-5
2024-12-03 15:28:25.659,23115,23116,23115,1,-1
2024-12-03 15:28:25.659,23115,23116,23115,1,-1
2024-12-03 15:28:25.719,23114,23116,23114,1,-1
2024-12-03 15:28:31.032,23115,23117,23115,1,-1
2024-12-03 15:29:00.384,23114,23115,23114,2,-2
2024-12-03 15:29:00.463,23113,23115,23115,1,1
2024-12-03 15:29:04.098,23113,23114,23114,1,1
2024-12-03 15:29:05.641,23113,23115,23113,1,-1
2024-12-03 15:29:13.684,23112,23115,23112,1,-1
2024-12-03 15:29:26.874,23113,23114,23113,2,-2
2024-12-03 15:29:31.309,23112,23113,23112,1,-1
2024-12-03 15:29:31.310,23112,23113,23112,2,-2
2024-12-03 15:29:44.669,23111,23112,23111,1,-1
2024-12-03 15:29:46.226,23111,23112,23112,2,2
2024-12-03 15:29:46.227,23111,23112,23113,1,1
2024-12-03 15:29:46.227,23111,23112,23113,2,2
2024-12-03 15:29:46.228,23111,23112,23113,1,1
2024-12-03 15:29:46.765,23113,23114,23114,2,2
2024-12-03 15:30:05.297,23110,23112,23110,1,-1
2024-12-03 15:30:05.441,23109,23112,23110,1,-1
2024-12-03 15:30:06.241,23111,23114,23114,1,1
2024-12-03 15:30:07.057,23111,23114,23114,2,2
2024-12-03 15:30:14.519,23111,23114,23114,1,1
2024-12-03 15:30:16.604,23112,23113,23113,1,1
2024-12-03 15:30:17.021,23113,23114,23113,1,-1
2024-12-03 15:30:21.748,23111,23114,23111,1,-1
2024-12-03 15:30:32.516,23110,23113,23111,1,-1
2024-12-03 15:30:43.053,23110,23113,23113,2,2
2024-12-03 15:30:44.622,23111,23112,23111,1,-1
2024-12-03 15:30:49.218,23110,23112,23112,1,1
2024-12-03 15:30:50.210,23111,23112,23111,1,-1
2024-12-03 15:30:56.471,23110,23111,23110,1,-1
2024-12-03 15:30:58.193,23109,23111,23111,1,1
2024-12-03 15:31:00.625,23110,23112,23112,1,1
2024-12-03 15:31:07.231,23112,23114,23112,1,-1
2024-12-03 15:31:09.950,23112,23114,23114,2,2
2024-12-03 15:31:10.070,23113,23115,23115,1,1
2024-12-03 15:31:30.684,23111,23112,23111,1,-1
2024-12-03 15:31:55.479,23112,23114,23114,1,1
2024-12-03 15:31:55.571,23112,23115,23115,1,1
2024-12-03 15:31:55.571,23112,23115,23115,1,1
2024-12-03 15:31:55.571,23112,23115,23115,1,1
2024-12-03 15:31:55.572,23112,23115,23115,1,1
2024-12-03 15:31:57.277,23114,23115,23114,1,-1
2024-12-03 15:31:58.140,23114,23115,23115,2,2
2024-12-03 15:31:58.140,23114,23115,23115,1,1
2024-12-03 15:31:59.683,23114,23116,23116,4,4
2024-12-03 15:31:59.897,23116,23117,23117,2,2
2024-12-03 15:31:59.898,23116,23117,23118,8,8
2024-12-03 15:32:08.477,23117,23119,23119,3,3
2024-12-03 15:32:08.477,23117,23119,23119,1,1
2024-12-03 15:32:08.478,23117,23119,23119,2,2
2024-12-03 15:32:09.402,23119,23120,23120,1,1
2024-12-03 15:32:11.204,23119,23120,23119,1,-1
2024-12-03 15:32:13.918,23117,23119,23119,1,1
2024-12-03 15:32:15.479,23118,23120,23120,2,2
2024-12-03 15:32:19.448,23118,23121,23120,1,1
2024-12-03 15:32:19.453,23118,23121,23120,1,1
2024-12-03 15:32:22.182,23119,23120,23120,1,1
2024-12-03 15:32:22.182,23119,23120,23121,2,2
2024-12-03 15:32:24.465,23121,23122,23121,1,-1
2024-12-03 15:32:25.384,23120,23121,23120,1,-1
2024-12-03 15:32:30.041,23120,23121,23120,1,-1
2024-12-03 15:32:35.666,23120,23121,23120,1,-1
2024-12-03 15:32:41.660,23118,23120,23120,1,1
2024-12-03 15:32:44.402,23118,23120,23120,3,3
2024-12-03 15:32:47.064,23118,23120,23120,1,1
2024-12-03 15:32:47.353,23119,23120,23120,1,1
2024-12-03 15:32:51.188,23120,23121,23121,1,1
2024-12-03 15:32:51.189,23120,23121,23121,1,1
2024-12-03 15:32:55.184,23120,23122,23122,5,5
2024-12-03 15:32:55.216,23121,23123,23123,6,6
2024-12-03 15:32:55.217,23121,23123,23123,3,3
2024-12-03 15:32:55.217,23121,23123,23123,1,1
2024-12-03 15:32:55.217,23121,23123,23123,1,1
2024-12-03 15:32:58.220,23122,23124,23124,4,4
2024-12-03 15:32:58.503,23122,23124,23124,1,1
2024-12-03 15:33:00.809,23122,23124,23122,2,-2
2024-12-03 15:33:00.834,23121,23122,23121,1,-1
2024-12-03 15:33:09.252,23118,23120,23118,1,-1
2024-12-03 15:33:09.321,23117,23118,23118,1,1
2024-12-03 15:33:09.321,23117,23118,23118,1,1
2024-12-03 15:33:09.321,23117,23118,23119,1,1
2024-12-03 15:33:09.422,23117,23118,23120,1,1
2024-12-03 15:33:27.426,23116,23119,23116,1,-1
2024-12-03 15:33:30.559,23116,23118,23116,1,-1
2024-12-03 15:33:30.571,23115,23117,23117,1,1
2024-12-03 15:33:30.571,23115,23117,23117,1,1
2024-12-03 15:33:30.571,23115,23117,23117,1,1
2024-12-03 15:33:30.572,23115,23117,23119,1,1
2024-12-03 15:33:30.572,23115,23117,23119,2,2
2024-12-03 15:33:30.572,23115,23117,23119,1,1
2024-12-03 15:33:30.572,23115,23117,23118,4,4
2024-12-03 15:33:30.572,23115,23117,23118,4,4
2024-12-03 15:33:30.572,23115,23117,23118,1,1
2024-12-03 15:33:30.572,23115,23117,23117,1,1
2024-12-03 15:33:30.572,23115,23117,23117,1,1
2024-12-03 15:33:30.573,23115,23117,23119,1,1
2024-12-03 15:33:30.576,23115,23117,23121,1,1
2024-12-03 15:33:33.589,23118,23120,23120,1,1
2024-12-03 15:33:33.590,23118,23120,23121,1,1
2024-12-03 15:33:39.066,23120,23122,23120,1,-1
2024-12-03 15:33:47.929,23120,23121,23120,1,-1
2024-12-03 15:33:48.232,23119,23120,23120,1,1
2024-12-03 15:33:55.024,23120,23121,23120,1,-1
2024-12-03 15:34:06.761,23118,23120,23120,1,1
2024-12-03 15:34:10.505,23120,23121,23120,1,-1
2024-12-03 15:34:14.942,23120,23121,23120,1,-1
2024-12-03 15:34:19.222,23119,23121,23121,3,3
2024-12-03 15:34:20.502,23121,23122,23122,3,3
2024-12-03 15:34:25.697,23123,23124,23123,1,-1
2024-12-03 15:34:30.838,23121,23123,23123,1,1
2024-12-03 15:34:30.995,23121,23124,23121,3,-3
2024-12-03 15:34:56.305,23121,23122,23122,1,1
2024-12-03 15:35:01.346,23122,23123,23122,1,-1
2024-12-03 15:35:02.037,23122,23123,23123,1,1
2024-12-03 15:35:02.038,23122,23123,23124,2,2
2024-12-03 15:35:14.867,23123,23125,23125,1,1
2024-12-03 15:35:14.965,23124,23125,23125,1,1
2024-12-03 15:35:14.980,23124,23125,23125,4,4
2024-12-03 15:35:14.981,23124,23125,23125,8,8
2024-12-03 15:35:15.261,23125,23126,23125,1,-1
2024-12-03 15:35:19.358,23124,23126,23126,1,1
2024-12-03 15:35:19.464,23124,23126,23126,1,1
2024-12-03 15:35:21.399,23124,23126,23126,1,1
2024-12-03 15:35:24.756,23126,23127,23126,1,-1
2024-12-03 15:35:27.721,23126,23127,23126,2,-2
2024-12-03 15:35:27.859,23124,23126,23126,1,1
2024-12-03 15:35:28.078,23124,23127,23124,2,-2
2024-12-03 15:35:31.883,23120,23123,23123,4,4
2024-12-03 15:35:31.883,23120,23123,23124,4,4
2024-12-03 15:35:41.509,23123,23126,23126,1,1
2024-12-03 15:35:43.762,23123,23126,23123,1,-1
2024-12-03 15:35:53.966,23121,23124,23124,1,1
2024-12-03 15:36:03.169,23122,23124,23122,4,-4
2024-12-03 15:36:03.169,23122,23124,23122,3,-3
2024-12-03 15:36:03.170,23122,23124,23122,3,-3
2024-12-03 15:36:04.460,23121,23124,23121,2,-2
2024-12-03 15:36:04.995,23120,23122,23122,1,1
2024-12-03 15:36:04.995,23120,23122,23123,1,1
2024-12-03 15:36:10.652,23120,23122,23122,1,1
2024-12-03 15:36:15.088,23120,23121,23120,4,-4
2024-12-03 15:36:18.344,23118,23119,23118,1,-1
2024-12-03 15:36:21.047,23117,23119,23117,1,-1
2024-12-03 15:36:26.025,23118,23120,23119,1,-1
2024-12-03 15:36:26.025,23118,23120,23118,5,-5
2024-12-03 15:36:26.025,23118,23120,23118,1,-1
2024-12-03 15:36:28.009,23117,23118,23118,2,2
2024-12-03 15:36:28.166,23118,23121,23121,2,2
2024-12-03 15:36:39.640,23119,23121,23119,1,-1
2024-12-03 15:36:50.517,23117,23118,23118,2,2
2024-12-03 15:36:51.073,23118,23119,23119,1,1
2024-12-03 15:36:51.073,23118,23119,23119,1,1
2024-12-03 15:36:56.692,23120,23121,23121,1,1
2024-12-03 15:37:01.897,23119,23121,23119,1,-1
2024-12-03 15:37:01.897,23119,23121,23118,4,-4
2024-12-03 15:37:03.304,23117,23120,23120,3,3
2024-12-03 15:37:03.321,23118,23120,23120,1,1
2024-12-03 15:37:03.966,23119,23122,23119,5,-5
2024-12-03 15:37:06.133,23119,23121,23120,1,-1
2024-12-03 15:37:08.405,23119,23122,23122,1,1
2024-12-03 15:37:20.688,23120,23121,23120,3,-3
2024-12-03 15:37:20.688,23120,23121,23119,1,-1
2024-12-03 15:37:20.688,23120,23121,23118,1,-1
2024-12-03 15:37:25.881,23118,23120,23117,3,-3
2024-12-03 15:37:25.881,23118,23120,23118,2,-2
2024-12-03 15:37:25.946,23116,23118,23118,1,1
2024-12-03 15:37:25.948,23116,23118,23120,1,1
2024-12-03 15:37:33.118,23116,23118,23116,1,-1
2024-12-03 15:37:34.118,23115,23117,23117,1,1
2024-12-03 15:37:41.252,23115,23117,23115,1,-1
2024-12-03 15:37:41.718,23114,23116,23114,1,-1
2024-12-03 15:37:48.269,23114,23117,23114,1,-1
2024-12-03 15:37:48.321,23114,23116,23116,1,1
2024-12-03 15:37:48.321,23114,23116,23117,1,1
2024-12-03 15:37:55.276,23115,23117,23116,1,1
2024-12-03 15:37:55.461,23115,23117,23115,2,-2
2024-12-03 15:38:04.484,23113,23114,23114,1,1
2024-12-03 15:38:11.247,23113,23115,23114,2,2
2024-12-03 15:38:13.727,23114,23115,23114,1,-1
2024-12-03 15:38:16.459,23114,23115,23115,1,1
2024-12-03 15:38:16.459,23114,23115,23115,2,2
2024-12-03 15:38:16.896,23114,23115,23114,1,-1
2024-12-03 15:38:20.131,23113,23115,23114,1,-1
2024-12-03 15:38:22.503,23113,23115,23113,1,-1
2024-12-03 15:38:22.503,23113,23115,23113,1,-1
2024-12-03 15:38:22.503,23113,23115,23113,1,-1
2024-12-03 15:38:22.763,23112,23114,23114,1,1
2024-12-03 15:38:23.058,23112,23115,23112,1,-1
2024-12-03 15:38:28.662,23113,23115,23115,1,1
2024-12-03 15:38:29.730,23114,23116,23114,1,-1
2024-12-03 15:38:29.730,23114,23116,23113,3,-3
2024-12-03 15:38:34.171,23113,23114,23113,1,-1
2024-12-03 15:38:47.303,23113,23114,23113,1,-1
2024-12-03 15:38:49.850,23112,23114,23114,3,3
2024-12-03 15:38:57.671,23112,23113,23113,1,1
2024-12-03 15:38:57.773,23113,23115,23115,1,1
2024-12-03 15:39:05.527,23112,23113,23112,3,-3
2024-12-03 15:39:06.844,23111,23112,23111,10,-10
2024-12-03 15:39:06.845,23111,23112,23110,1,-1
2024-12-03 15:39:07.564,23108,23110,23109,1,-1
2024-12-03 15:39:10.310,23108,23110,23109,1,-1
2024-12-03 15:39:10.588,23108,23110,23109,1,-1
2024-12-03 15:39:10.829,23108,23109,23108,4,-4
2024-12-03 15:39:10.832,23108,23109,23108,2,-2
2024-12-03 15:39:11.106,23106,23109,23106,1,-1
2024-12-03 15:39:24.017,23108,23109,23108,1,-1
2024-12-03 15:39:27.398,23106,23107,23106,2,-2
2024-12-03 15:39:27.398,23106,23107,23106,1,-1
2024-12-03 15:39:30.382,23105,23107,23107,3,3
2024-12-03 15:39:34.327,23105,23107,23105,1,-1
2024-12-03 15:39:34.467,23105,23106,23106,1,1
2024-12-03 15:39:37.844,23105,23106,23104,2,-2
2024-12-03 15:39:37.844,23105,23106,23105,2,-2
2024-12-03 15:39:37.845,23105,23106,23105,1,-1
2024-12-03 15:39:38.010,23104,23107,23104,1,-1
2024-12-03 15:39:39.306,23104,23105,23104,1,-1
2024-12-03 15:39:40.337,23104,23105,23105,1,1
2024-12-03 15:39:41.401,23104,23107,23104,1,-1
2024-12-03 15:39:50.508,23104,23105,23104,1,-1
2024-12-03 15:39:57.533,23103,23104,23104,1,1
2024-12-03 15:40:02.052,23103,23104,23103,1,-1
2024-12-03 15:40:02.227,23103,23105,23103,1,-1
2024-12-03 15:40:02.531,23102,23104,23102,1,-1
2024-12-03 15:40:03.478,23102,23104,23104,2,2
2024-12-03 15:40:04.533,23102,23104,23104,1,1
2024-12-03 15:40:08.633,23103,23105,23103,1,-1
2024-12-03 15:40:15.308,23103,23105,23103,1,-1
2024-12-03 15:40:17.308,23104,23105,23105,2,2
2024-12-03 15:40:17.308,23104,23105,23105,3,3
2024-12-03 15:40:17.308,23104,23105,23105,2,2
2024-12-03 15:40:17.308,23104,23105,23105,1,1
2024-12-03 15:40:17.308,23104,23105,23105,1,1
2024-12-03 15:40:17.309,23104,23105,23105,1,1
2024-12-03 15:40:17.309,23104,23105,23105,1,1
2024-12-03 15:40:17.309,23104,23105,23105,1,1
2024-12-03 15:40:17.319,23104,23106,23106,1,1
2024-12-03 15:40:23.885,23107,23108,23105,1,-1
2024-12-03 15:40:23.885,23107,23108,23107,1,-1
2024-12-03 15:40:23.885,23107,23108,23106,1,-1
2024-12-03 15:40:42.858,23105,23106,23106,1,1
2024-12-03 15:40:45.264,23106,23108,23105,5,-5
2024-12-03 15:40:45.264,23106,23108,23106,1,-1
2024-12-03 15:40:45.264,23106,23108,23104,1,-1
2024-12-03 15:40:46.616,23103,23104,23103,3,-3
2024-12-03 15:40:46.744,23102,23103,23103,1,1
2024-12-03 15:40:47.319,23102,23103,23102,1,-1
2024-12-03 15:40:53.329,23102,23104,23102,1,-1
2024-12-03 15:40:56.530,23103,23104,23103,1,-1
2024-12-03 15:40:57.742,23102,23104,23102,1,-1
2024-12-03 15:41:00.368,23102,23103,23103,2,2
2024-12-03 15:41:05.838,23103,23104,23103,1,-1
2024-12-03 15:41:05.838,23103,23104,23102,1,-1
2024-12-03 15:41:05.879,23103,23104,23102,2,-2
2024-12-03 15:41:09.768,23102,23104,23103,1,-1
2024-12-03 15:41:09.888,23103,23104,23103,2,-2
2024-12-03 15:41:10.137,23103,23104,23104,2,2
2024-12-03 15:41:13.304,23104,23105,23104,2,-2
2024-12-03 15:41:15.122,23104,23105,23105,3,3
2024-12-03 15:41:15.122,23104,23105,23105,2,2
2024-12-03 15:41:15.132,23104,23105,23107,1,1
2024-12-03 15:41:22.395,23106,23108,23106,1,-1
2024-12-03 15:41:23.395,23106,23108,23106,1,-1
2024-12-03 15:41:26.229,23103,23105,23105,1,1
2024-12-03 15:41:28.471,23103,23105,23105,1,1
2024-12-03 15:41:38.068,23104,23105,23105,5,5
2024-12-03 15:41:46.582,23108,23109,23108,1,-1
2024-12-03 15:41:46.582,23108,23109,23108,1,-1
2024-12-03 15:41:59.657,23107,23108,23108,2,2
2024-12-03 15:42:11.959,23108,23109,23109,5,5
2024-12-03 15:42:22.281,23107,23109,23109,1,1
2024-12-03 15:42:24.051,23107,23109,23109,1,1
2024-12-03 15:42:25.141,23107,23110,23109,1,1
2024-12-03 15:43:16.572,23109,23110,23110,2,2
2024-12-03 15:43:16.572,23109,23110,23110,2,2
2024-12-03 15:43:16.572,23109,23110,23110,1,1
2024-12-03 15:43:17.637,23110,23111,23111,2,2
2024-12-03 15:43:17.638,23110,23111,23111,2,2
2024-12-03 15:43:33.059,23110,23112,23112,3,3
2024-12-03 15:43:41.865,23111,23112,23111,1,-1
2024-12-03 15:43:43.625,23111,23112,23111,1,-1
2024-12-03 15:43:43.625,23111,23112,23110,3,-3
2024-12-03 15:43:45.348,23110,23111,23111,1,1
2024-12-03 15:43:53.461,23110,23112,23112,9,9
2024-12-03 15:43:53.462,23110,23112,23113,1,1
2024-12-03 15:43:54.489,23112,23114,23114,1,1
2024-12-03 15:43:55.350,23114,23115,23115,1,1
2024-12-03 15:43:55.470,23114,23115,23115,2,2
2024-12-03 15:44:03.887,23113,23115,23113,1,-1
2024-12-03 15:44:08.684,23110,23111,23110,1,-1
2024-12-03 15:44:17.769,23111,23114,23111,1,-1
2024-12-03 15:44:18.658,23111,23113,23113,2,2
2024-12-03 15:44:21.247,23110,23112,23112,1,1
2024-12-03 15:44:39.732,23109,23112,23109,1,-1
2024-12-03 15:44:47.175,23109,23112,23112,1,1
2024-12-03 15:44:47.954,23110,23112,23110,2,-2
2024-12-03 15:44:47.954,23110,23112,23109,3,-3
2024-12-03 15:45:04.676,23109,23111,23111,2,2
2024-12-03 15:45:15.022,23110,23113,23110,1,-1
2024-12-03 15:45:21.207,23109,23111,23111,2,2
2024-12-03 15:45:25.385,23110,23112,23112,1,1
2024-12-03 15:45:35.843,23110,23111,23111,1,1
2024-12-03 15:45:39.580,23111,23112,23111,1,-1
2024-12-03 15:45:41.223,23110,23111,23110,2,-2
2024-12-03 15:45:41.267,23110,23111,23109,1,-1
2024-12-03 15:45:41.267,23110,23111,23109,1,-1
2024-12-03 15:45:41.267,23110,23111,23109,1,-1
2024-12-03 15:45:41.267,23110,23111,23109,1,-1
2024-12-03 15:45:41.320,23108,23109,23109,2,2
2024-12-03 15:45:59.238,23108,23110,23108,1,-1
2024-12-03 15:45:59.238,23108,23110,23108,1,-1
2024-12-03 15:45:59.238,23108,23110,23108,2,-2
2024-12-03 15:45:59.238,23108,23110,23108,5,-5
2024-12-03 15:45:59.239,23108,23110,23108,2,-2
2024-12-03 15:46:11.776,23106,23107,23107,1,1
2024-12-03 15:46:21.414,23106,23109,23109,4,4
2024-12-03 15:46:32.207,23106,23107,23106,3,-3
2024-12-03 15:46:42.454,23105,23107,23107,1,1
2024-12-03 15:46:48.588,23105,23107,23105,1,-1
2024-12-03 15:46:52.986,23105,23107,23105,1,-1
2024-12-03 15:46:57.939,23105,23106,23105,1,-1
2024-12-03 15:47:02.184,23105,23106,23105,1,-1
2024-12-03 15:47:07.290,23104,23106,23104,1,-1
2024-12-03 15:47:08.133,23104,23106,23106,1,1
2024-12-03 15:47:10.146,23106,23107,23107,3,3
2024-12-03 15:47:25.232,23105,23107,23105,1,-1
2024-12-03 15:47:32.958,23103,23104,23104,2,2
2024-12-03 15:47:34.850,23104,23105,23105,1,1
2024-12-03 15:47:34.851,23104,23105,23105,1,1
2024-12-03 15:47:40.475,23105,23107,23105,1,-1
2024-12-03 15:47:52.492,23105,23107,23105,1,-1
2024-12-03 15:48:00.778,23105,23107,23107,1,1
2024-12-03 15:48:00.779,23105,23107,23107,1,1
2024-12-03 15:48:00.779,23105,23107,23107,3,3
2024-12-03 15:48:19.195,23106,23107,23107,1,1
2024-12-03 15:48:22.169,23106,23107,23107,1,1
2024-12-03 15:48:26.212,23106,23108,23108,5,5
2024-12-03 15:48:30.919,23107,23108,23108,1,1
2024-12-03 15:48:31.130,23107,23108,23108,1,1
2024-12-03 15:48:31.130,23107,23108,23109,1,1
2024-12-03 15:48:34.059,23106,23108,23108,2,2
2024-12-03 15:48:37.463,23107,23108,23108,1,1
2024-12-03 15:48:37.463,23107,23108,23108,1,1
2024-12-03 15:48:45.221,23106,23108,23106,1,-1
2024-12-03 15:48:48.433,23105,23106,23106,2,2
2024-12-03 15:48:51.117,23106,23108,23107,1,1
2024-12-03 15:48:57.700,23106,23108,23106,3,-3
2024-12-03 15:49:00.201,23106,23108,23108,2,2
2024-12-03 15:49:04.915,23107,23108,23108,1,1
2024-12-03 15:49:06.313,23107,23109,23109,3,3
2024-12-03 15:49:24.844,23109,23110,23109,1,-1
2024-12-03 15:49:29.755,23108,23110,23110,4,4
2024-12-03 15:49:32.069,23108,23110,23111,1,1
2024-12-03 15:49:50.938,23110,23112,23112,3,3
2024-12-03 15:50:25.107,23112,23113,23112,1,-1
2024-12-03 15:50:25.171,23112,23113,23111,1,-1
2024-12-03 15:50:30.679,23111,23112,23112,1,1
2024-12-03 15:50:30.696,23111,23113,23113,1,1
2024-12-03 15:50:30.697,23111,23113,23113,1,1
2024-12-03 15:50:30.697,23111,23113,23113,1,1
2024-12-03 15:50:30.697,23111,23113,23114,1,1
2024-12-03 15:50:40.757,23112,23114,23114,1,1
2024-12-03 15:50:43.272,23114,23116,23116,1,1
2024-12-03 15:50:43.506,23114,23117,23117,1,1
2024-12-03 15:50:51.046,23116,23117,23116,1,-1
2024-12-03 15:50:57.354,23115,23116,23116,3,3
2024-12-03 15:51:01.551,23115,23117,23115,1,-1
2024-12-03 15:51:03.605,23115,23116,23115,1,-1
2024-12-03 15:51:18.914,23114,23116,23116,2,2
2024-12-03 15:51:22.576,23112,23114,23112,2,-2
2024-12-03 15:51:22.640,23112,23114,23111,1,-1
2024-12-03 15:51:30.181,23110,23112,23112,4,4
2024-12-03 15:51:30.379,23112,23115,23112,1,-1
2024-12-03 15:51:35.223,23113,23116,23113,3,-3
2024-12-03 15:51:48.363,23113,23115,23115,1,1
2024-12-03 15:51:48.364,23113,23115,23115,1,1
2024-12-03 15:51:48.364,23113,23115,23115,2,2
2024-12-03 15:51:48.416,23113,23115,23115,2,2
2024-12-03 15:51:48.416,23113,23115,23114,1,1
2024-12-03 15:51:48.417,23113,23115,23114,3,3
2024-12-03 15:51:48.417,23113,23115,23114,3,3
2024-12-03 15:51:48.420,23113,23115,23114,1,1
2024-12-03 15:51:48.426,23113,23115,23115,1,1
2024-12-03 15:52:10.219,23110,23112,23114,1,1
2024-12-03 15:52:10.262,23110,23112,23111,3,3
2024-12-03 15:52:10.263,23110,23112,23111,2,2
2024-12-03 15:52:10.263,23110,23112,23110,1,-1
2024-12-03 15:52:12.370,23110,23111,23110,1,-1
2024-12-03 15:52:18.165,23110,23111,23110,1,-1
2024-12-03 15:52:18.165,23110,23111,23110,3,-3
2024-12-03 15:52:25.155,23109,23110,23109,1,-1
2024-12-03 15:52:31.344,23109,23110,23109,1,-1
2024-12-03 15:53:01.577,23108,23109,23108,1,-1
2024-12-03 15:53:03.427,23107,23108,23107,1,-1
2024-12-03 15:53:03.427,23107,23108,23107,1,-1
2024-12-03 15:53:12.930,23107,23109,23109,1,1
2024-12-03 15:53:15.511,23108,23110,23107,3,-3
2024-12-03 15:53:15.511,23108,23110,23108,2,-2
2024-12-03 15:53:23.636,23107,23110,23107,1,-1
2024-12-03 15:53:36.408,23107,23109,23107,4,-4
2024-12-03 15:53:43.571,23106,23107,23107,1,1
2024-12-03 15:53:45.568,23106,23109,23109,1,1
2024-12-03 15:53:47.951,23107,23110,23107,4,-4
2024-12-03 15:53:56.391,23106,23109,23106,1,-1
2024-12-03 15:54:20.181,23106,23108,23106,1,-1
2024-12-03 15:54:34.047,23106,23108,23106,1,-1
2024-12-03 15:54:34.464,23106,23108,23108,1,1
2024-12-03 15:54:40.508,23106,23108,23108,1,1
2024-12-03 15:54:40.509,23106,23108,23108,1,1
2024-12-03 15:54:43.616,23106,23109,23109,1,1
2024-12-03 15:54:49.698,23109,23110,23110,1,1
2024-12-03 15:55:06.297,23107,23110,23109,1,1
2024-12-03 15:55:12.755,23106,23108,23108,1,1
2024-12-03 15:55:24.415,23107,23108,23108,1,1
2024-12-03 15:56:02.262,23111,23112,23112,1,1
2024-12-03 15:56:04.275,23112,23114,23114,1,1
2024-12-03 15:56:12.914,23115,23116,23115,1,-1
2024-12-03 15:56:14.085,23115,23116,23116,2,2
2024-12-03 15:56:19.728,23114,23116,23116,1,1
2024-12-03 15:56:19.728,23114,23116,23117,1,1
2024-12-03 15:56:27.243,23115,23117,23116,1,1
2024-12-03 15:56:30.298,23115,23117,23117,1,1
2024-12-03 15:56:30.299,23115,23117,23118,3,3
2024-12-03 15:56:30.747,23118,23120,23120,1,1
2024-12-03 15:56:42.851,23116,23119,23119,2,2
2024-12-03 15:56:43.464,23117,23119,23119,1,1
2024-12-03 15:56:53.356,23118,23119,23118,1,-1
2024-12-03 15:57:02.794,23113,23116,23113,1,-1
2024-12-03 15:57:03.589,23113,23116,23113,4,-4
2024-12-03 15:57:23.405,23113,23115,23115,1,1
2024-12-03 15:58:00.073,23115,23117,23117,2,2
2024-12-03 15:58:11.129,23117,23118,23117,1,-1
2024-12-03 15:58:15.034,23116,23117,23117,2,2
2024-12-03 15:58:47.364,23114,23116,23114,1,-1
2024-12-03 15:59:27.275,23108,23110,23110,1,1
2024-12-03 15:59:32.990,23109,23110,23110,1,1
2024-12-03 15:59:43.468,23109,23111,23111,1,1
2024-12-03 15:59:54.814,23109,23111,23109,1,-1
2024-12-03 15:59:55.133,23108,23109,23108,1,-1
2024-12-03 15:59:55.134,23108,23109,23108,1,-1
2024-12-03 15:59:55.356,23108,23110,23110,1,1
2024-12-03 16:00:01.589,23108,23110,23108,2,-2
2024-12-03 16:00:01.709,23107,23109,23109,1,1
2024-12-03 16:00:02.298,23107,23109,23110,1,1
2024-12-03 16:00:02.321,23107,23110,23110,1,1
2024-12-03 16:00:02.332,23107,23110,23110,1,1
2024-12-03 16:00:03.740,23107,23109,23107,3,-3
2024-12-03 16:00:03.740,23107,23109,23107,1,-1
2024-12-03 16:00:03.741,23107,23109,23108,1,-1
2024-12-03 16:00:05.929,23109,23112,23109,1,-1
2024-12-03 16:00:09.483,23108,23111,23108,2,-2
2024-12-03 16:00:10.273,23108,23111,23108,1,-1
2024-12-03 16:00:15.398,23109,23112,23113,2,2
2024-12-03 16:00:15.453,23112,23114,23115,1,1
2024-12-03 16:00:15.496,23112,23114,23112,3,-3
2024-12-03 16:00:17.172,23112,23114,23112,1,-1
2024-12-03 16:00:21.299,23113,23115,23115,1,1
2024-12-03 16:00:22.862,23114,23116,23114,1,-1
2024-12-03 16:00:23.980,23114,23116,23114,1,-1
2024-12-03 16:00:23.980,23114,23116,23113,4,-4
2024-12-03 16:00:25.626,23112,23115,23115,2,2
2024-12-03 16:00:25.627,23112,23115,23115,1,1
2024-12-03 16:00:33.041,23114,23116,23116,4,4
2024-12-03 16:00:42.118,23115,23117,23115,3,-3
2024-12-03 16:00:44.597,23115,23117,23117,1,1
2024-12-03 16:00:45.594,23115,23117,23117,2,2
2024-12-03 16:00:46.347,23116,23117,23117,3,3
2024-12-03 16:00:46.349,23116,23117,23118,1,1
2024-12-03 16:00:46.350,23116,23117,23119,2,2
2024-12-03 16:00:46.352,23116,23117,23120,1,1
2024-12-03 16:00:46.451,23118,23120,23118,3,-3
2024-12-03 16:00:46.484,23118,23120,23120,3,3
2024-12-03 16:00:51.905,23117,23120,23117,4,-4
2024-12-03 16:00:52.674,23117,23119,23119,1,1
2024-12-03 16:00:52.768,23117,23120,23118,3,-3
2024-12-03 16:00:55.592,23118,23120,23120,1,1
2024-12-03 16:01:00.644,23118,23120,23120,3,3
2024-12-03 16:01:00.645,23118,23120,23120,4,4
2024-12-03 16:01:01.070,23119,23121,23121,1,1
2024-12-03 16:01:01.070,23119,23121,23121,2,2
2024-12-03 16:01:01.070,23119,23121,23121,4,4
2024-12-03 16:01:01.070,23119,23121,23121,1,1
2024-12-03 16:01:01.071,23119,23121,23121,1,1
2024-12-03 16:01:01.124,23119,23121,23122,1,1
2024-12-03 16:01:01.131,23119,23121,23120,1,1
2024-12-03 16:01:01.166,23119,23121,23120,3,3
2024-12-03 16:01:04.488,23120,23122,23120,4,-4
2024-12-03 16:01:04.489,23120,23122,23120,1,-1
2024-12-03 16:01:05.603,23120,23122,23122,4,4
2024-12-03 16:01:05.841,23120,23122,23122,1,1
2024-12-03 16:01:15.123,23120,23122,23121,1,1
2024-12-03 16:01:17.457,23118,23120,23119,2,2
2024-12-03 16:01:17.773,23117,23119,23119,2,2
2024-12-03 16:01:24.082,23118,23119,23119,1,1
2024-12-03 16:01:24.107,23118,23119,23119,1,1
2024-12-03 16:01:24.107,23118,23119,23118,1,-1
2024-12-03 16:01:24.107,23118,23119,23117,1,-1
2024-12-03 16:01:24.110,23118,23119,23119,1,1
2024-12-03 16:01:25.710,23119,23121,23120,1,1
2024-12-03 16:01:42.097,23120,23121,23120,3,-3
2024-12-03 16:01:42.097,23120,23121,23119,2,-2
2024-12-03 16:01:42.903,23119,23121,23119,1,-1
2024-12-03 16:01:54.206,23119,23121,23121,2,2
2024-12-03 16:01:58.373,23120,23122,23122,2,2
2024-12-03 16:01:58.739,23120,23123,23123,2,2
2024-12-03 16:02:00.585,23121,23124,23123,2,2
2024-12-03 16:02:00.586,23121,23124,23124,4,4
2024-12-03 16:02:00.777,23123,23125,23123,1,-1
2024-12-03 16:02:01.067,23123,23125,23125,1,1
2024-12-03 16:02:01.085,23122,23125,23125,2,2
2024-12-03 16:02:01.145,23122,23125,23125,1,1
2024-12-03 16:02:01.146,23122,23125,23125,1,1
2024-12-03 16:02:01.231,23124,23126,23126,1,1
2024-12-03 16:02:01.411,23124,23126,23126,1,1
2024-12-03 16:02:01.702,23124,23126,23126,1,1
2024-12-03 16:02:01.797,23124,23126,23126,2,2
2024-12-03 16:02:01.887,23124,23126,23126,1,1
2024-12-03 16:02:02.036,23125,23127,23126,1,1
2024-12-03 16:02:02.251,23124,23127,23127,4,4
2024-12-03 16:02:02.458,23125,23127,23127,1,1
2024-12-03 16:02:08.318,23125,23127,23125,1,-1
2024-12-03 16:02:08.340,23125,23127,23127,1,1
2024-12-03 16:02:10.699,23125,23127,23127,1,1
2024-12-03 16:02:20.235,23125,23127,23127,1,1
2024-12-03 16:02:20.907,23126,23128,23128,1,1
2024-12-03 16:02:20.907,23126,23128,23128,1,1
2024-12-03 16:02:20.907,23126,23128,23128,6,6
2024-12-03 16:02:20.969,23128,23129,23129,1,1
2024-12-03 16:02:20.969,23128,23129,23129,1,1
2024-12-03 16:02:20.969,23128,23129,23129,5,5
2024-12-03 16:02:20.970,23128,23129,23129,1,1
2024-12-03 16:02:20.971,23128,23129,23129,1,1
2024-12-03 16:02:20.971,23128,23129,23129,1,1
2024-12-03 16:02:20.971,23128,23129,23129,1,1
2024-12-03 16:02:23.605,23128,23129,23128,1,-1
2024-12-03 16:02:23.986,23127,23129,23129,1,1
2024-12-03 16:02:23.986,23127,23129,23130,2,2
2024-12-03 16:02:24.096,23127,23130,23130,1,1
2024-12-03 16:02:24.097,23127,23130,23130,1,1
2024-12-03 16:02:24.097,23127,23130,23130,3,3
2024-12-03 16:02:24.138,23127,23130,23130,4,4
2024-12-03 16:02:25.540,23128,23130,23130,2,2
2024-12-03 16:02:25.979,23130,23131,23131,10,10
2024-12-03 16:02:25.981,23130,23131,23132,1,1
2024-12-03 16:02:25.981,23130,23131,23132,1,1
2024-12-03 16:02:25.981,23130,23131,23132,4,4
2024-12-03 16:02:26.074,23131,23133,23131,5,-5
2024-12-03 16:02:26.106,23131,23133,23133,5,5
2024-12-03 16:02:26.108,23131,23133,23133,3,3
2024-12-03 16:02:26.108,23131,23133,23134,2,2
2024-12-03 16:02:26.444,23130,23133,23133,1,1
2024-12-03 16:02:27.569,23130,23133,23133,2,2
2024-12-03 16:02:29.741,23130,23132,23132,2,2
2024-12-03 16:02:30.877,23130,23132,23130,3,-3
2024-12-03 16:02:30.989,23130,23132,23132,1,1
2024-12-03 16:02:31.551,23131,23133,23133,1,1
2024-12-03 16:02:32.155,23131,23132,23132,1,1
2024-12-03 16:02:33.801,23131,23134,23134,1,1
2024-12-03 16:02:34.640,23131,23134,23134,1,1
2024-12-03 16:02:34.975,23131,23133,23133,1,1
2024-12-03 16:02:38.219,23132,23134,23134,2,2
2024-12-03 16:02:39.505,23132,23134,23133,2,2
2024-12-03 16:02:43.158,23132,23134,23134,2,2
2024-12-03 16:02:43.659,23133,23135,23133,2,-2
2024-12-03 16:02:43.753,23132,23134,23132,3,-3
2024-12-03 16:02:45.665,23131,23133,23130,1,-1
2024-12-03 16:02:45.665,23131,23133,23131,6,-6
2024-12-03 16:02:47.435,23130,23133,23133,1,1
2024-12-03 16:02:50.647,23130,23133,23133,1,1
2024-12-03 16:02:52.383,23130,23133,23130,1,-1
2024-12-03 16:03:00.654,23131,23133,23133,1,1
2024-12-03 16:03:03.419,23131,23133,23131,1,-1
2024-12-03 16:03:03.758,23131,23133,23133,1,1
2024-12-03 16:03:07.869,23131,23133,23131,2,-2
2024-12-03 16:03:07.869,23131,23133,23130,5,-5
2024-12-03 16:03:11.337,23131,23132,23131,1,-1
2024-12-03 16:03:17.958,23130,23132,23130,1,-1
2024-12-03 16:03:18.343,23130,23132,23132,1,1
2024-12-03 16:03:18.343,23130,23132,23133,2,2
2024-12-03 16:03:18.636,23131,23133,23133,1,1
2024-12-03 16:03:19.927,23131,23133,23133,4,4
2024-12-03 16:03:19.927,23131,23133,23133,1,1
2024-12-03 16:03:26.008,23132,23135,23135,2,2
2024-12-03 16:03:26.296,23133,23135,23135,5,5
2024-12-03 16:03:26.297,23133,23135,23136,5,5
2024-12-03 16:03:26.341,23136,23137,23137,2,2
2024-12-03 16:03:26.341,23136,23137,23137,1,1
2024-12-03 16:03:26.341,23136,23137,23137,2,2
2024-12-03 16:03:26.352,23136,23137,23138,1,1
2024-12-03 16:03:26.352,23136,23137,23138,4,4
2024-12-03 16:03:26.396,23136,23137,23138,2,2
2024-12-03 16:03:26.396,23136,23137,23137,1,1
2024-12-03 16:03:26.699,23136,23138,23138,1,1
2024-12-03 16:03:26.755,23136,23138,23138,1,1
2024-12-03 16:03:27.708,23136,23138,23136,1,-1
2024-12-03 16:03:27.967,23136,23138,23138,1,1
2024-12-03 16:03:28.857,23136,23139,23136,1,-1
2024-12-03 16:03:30.994,23137,23139,23139,4,4
2024-12-03 16:03:31.114,23137,23140,23140,1,1
2024-12-03 16:03:31.224,23138,23140,23140,2,2
2024-12-03 16:03:31.244,23138,23140,23140,1,1
2024-12-03 16:03:31.254,23138,23140,23140,1,1
2024-12-03 16:03:31.350,23139,23140,23139,2,-2
2024-12-03 16:03:31.350,23139,23140,23138,1,-1
2024-12-03 16:03:31.636,23138,23140,23140,1,1
2024-12-03 16:03:31.636,23138,23140,23141,3,3
2024-12-03 16:03:31.762,23138,23141,23141,1,1
2024-12-03 16:03:32.943,23138,23140,23140,3,3
2024-12-03 16:03:36.536,23139,23141,23139,3,-3
2024-12-03 16:03:37.406,23140,23141,23141,1,1
2024-12-03 16:03:37.543,23140,23141,23140,1,-1
2024-12-03 16:03:40.121,23139,23140,23140,3,3
2024-12-03 16:03:40.604,23140,23141,23141,6,6
2024-12-03 16:03:42.474,23140,23142,23142,1,1
2024-12-03 16:03:42.474,23140,23142,23142,2,2
2024-12-03 16:03:42.475,23140,23142,23142,4,4
2024-12-03 16:03:42.677,23141,23143,23142,4,4
2024-12-03 16:03:42.860,23141,23143,23141,1,-1
2024-12-03 16:03:49.492,23141,23143,23143,1,1
2024-12-03 16:03:49.492,23141,23143,23143,1,1
2024-12-03 16:03:49.492,23141,23143,23143,1,1
2024-12-03 16:03:49.492,23141,23143,23143,1,1
2024-12-03 16:03:49.492,23141,23143,23143,1,1
2024-12-03 16:03:50.208,23142,23143,23142,2,-2
2024-12-03 16:03:52.015,23141,23142,23141,1,-1
2024-12-03 16:03:52.017,23141,23142,23141,2,-2
2024-12-03 16:03:56.989,23141,23142,23141,1,-1
2024-12-03 16:04:00.170,23140,23142,23142,1,1
2024-12-03 16:04:00.243,23140,23142,23142,1,1
2024-12-03 16:04:00.352,23141,23142,23141,1,-1
2024-12-03 16:04:00.627,23140,23142,23142,1,1
2024-12-03 16:04:00.870,23140,23143,23143,1,1
2024-12-03 16:04:00.982,23141,23143,23143,1,1
2024-12-03 16:04:01.011,23141,23143,23143,1,1
2024-12-03 16:04:01.222,23141,23143,23143,1,1
2024-12-03 16:04:01.392,23141,23144,23144,1,1
2024-12-03 16:04:01.599,23142,23144,23144,1,1
2024-12-03 16:04:01.799,23142,23144,23144,1,1
2024-12-03 16:04:01.945,23142,23144,23144,1,1
2024-12-03 16:04:02.032,23142,23144,23142,2,-2
2024-12-03 16:04:02.109,23141,23144,23144,1,1
2024-12-03 16:04:02.297,23141,23144,23144,1,1
2024-12-03 16:04:02.461,23141,23144,23144,1,1
2024-12-03 16:04:02.622,23142,23144,23144,1,1
2024-12-03 16:04:02.868,23141,23144,23144,1,1
2024-12-03 16:04:02.873,23141,23144,23141,1,-1
2024-12-03 16:04:03.069,23141,23144,23144,1,1
2024-12-03 16:04:03.275,23141,23144,23144,1,1
2024-12-03 16:04:03.415,23141,23144,23144,1,1
2024-12-03 16:04:03.580,23142,23144,23144,1,1
2024-12-03 16:04:03.723,23142,23145,23145,1,1
2024-12-03 16:04:03.881,23142,23145,23144,1,1
2024-12-03 16:04:04.110,23142,23144,23144,1,1
2024-12-03 16:04:07.080,23142,23144,23142,2,-2
2024-12-03 16:04:11.248,23140,23142,23143,2,2
2024-12-03 16:04:11.248,23140,23142,23142,2,2
2024-12-03 16:04:15.110,23141,23143,23143,1,1
2024-12-03 16:04:18.706,23142,23143,23142,1,-1
2024-12-03 16:04:19.282,23141,23144,23144,1,1
2024-12-03 16:04:19.322,23141,23144,23144,1,1
2024-12-03 16:04:22.584,23142,23144,23142,1,-1
2024-12-03 16:04:22.924,23141,23143,23142,1,-1
2024-12-03 16:04:23.568,23141,23142,23141,1,-1
2024-12-03 16:04:25.249,23140,23142,23140,10,-10
2024-12-03 16:04:25.250,23140,23142,23139,1,-1
2024-12-03 16:04:26.232,23138,23140,23138,1,-1
2024-12-03 16:04:26.717,23137,23140,23140,2,2
2024-12-03 16:04:26.992,23138,23141,23141,1,1
2024-12-03 16:04:28.492,23138,23140,23140,1,1
2024-12-03 16:04:28.783,23139,23142,23139,2,-2
2024-12-03 16:04:29.111,23139,23141,23139,1,-1
2024-12-03 16:04:29.599,23138,23140,23137,3,-3
2024-12-03 16:04:29.599,23138,23140,23138,2,-2
2024-12-03 16:04:31.278,23137,23140,23138,1,-1
2024-12-03 16:04:31.770,23137,23139,23137,1,-1
2024-12-03 16:04:32.432,23136,23139,23136,2,-2
2024-12-03 16:04:37.789,23136,23139,23137,1,-1
2024-12-03 16:04:40.024,23137,23139,23137,1,-1
2024-12-03 16:04:41.721,23137,23139,23139,1,1
2024-12-03 16:04:54.302,23136,23138,23138,1,1
2024-12-03 16:04:54.308,23136,23138,23139,1,1
2024-12-03 16:04:57.019,23136,23138,23138,1,1
2024-12-03 16:05:00.254,23138,23140,23140,1,1
2024-12-03 16:05:00.254,23138,23140,23140,1,1
2024-12-03 16:05:00.327,23139,23141,23141,1,1
2024-12-03 16:05:00.328,23139,23141,23141,1,1
2024-12-03 16:05:00.643,23140,23142,23143,3,3
2024-12-03 16:05:00.643,23140,23142,23142,1,1
2024-12-03 16:05:01.821,23142,23144,23144,9,9
2024-12-03 16:05:01.874,23142,23144,23145,1,1
2024-12-03 16:05:04.058,23143,23145,23145,1,1
2024-12-03 16:05:04.564,23145,23146,23145,10,-10
2024-12-03 16:05:05.785,23145,23146,23146,2,2
2024-12-03 16:05:05.785,23145,23146,23146,3,3
2024-12-03 16:05:06.170,23145,23146,23146,1,1
2024-12-03 16:05:08.265,23145,23146,23145,1,-1
2024-12-03 16:05:08.322,23143,23145,23145,1,1
2024-12-03 16:05:08.322,23143,23145,23145,1,1
2024-12-03 16:05:10.781,23145,23146,23146,1,1
2024-12-03 16:05:11.894,23145,23146,23145,1,-1
2024-12-03 16:05:12.135,23144,23146,23144,1,-1
2024-12-03 16:05:12.139,23144,23146,23145,1,-1
2024-12-03 16:05:13.816,23144,23145,23145,1,1
2024-12-03 16:05:14.654,23144,23145,23144,1,-1
2024-12-03 16:05:16.536,23143,23144,23143,1,-1
2024-12-03 16:05:17.436,23140,23142,23142,1,1
2024-12-03 16:05:20.613,23140,23142,23140,1,-1
2024-12-03 16:05:20.697,23140,23142,23142,1,1
2024-12-03 16:05:28.107,23141,23142,23142,1,1
2024-12-03 16:05:28.202,23142,23144,23142,3,-3
2024-12-03 16:05:31.390,23142,23144,23142,1,-1
2024-12-03 16:05:31.447,23142,23144,23144,1,1
2024-12-03 16:05:32.212,23143,23145,23145,1,1
2024-12-03 16:05:32.806,23143,23145,23145,1,1
2024-12-03 16:05:33.844,23143,23145,23143,1,-1
2024-12-03 16:05:37.883,23142,23143,23143,1,1
2024-12-03 16:05:39.546,23142,23143,23143,1,1
2024-12-03 16:05:39.571,23142,23145,23145,1,1
2024-12-03 16:05:39.572,23142,23145,23145,1,1
2024-12-03 16:05:44.915,23144,23145,23145,1,1
2024-12-03 16:05:44.915,23144,23145,23145,3,3
2024-12-03 16:05:44.915,23144,23145,23145,2,2
2024-12-03 16:05:44.916,23144,23145,23145,2,2
2024-12-03 16:05:48.257,23143,23145,23145,3,3
2024-12-03 16:05:48.257,23143,23145,23146,9,9
2024-12-03 16:05:48.257,23143,23145,23147,8,8
2024-12-03 16:05:49.448,23145,23146,23146,1,1
2024-12-03 16:05:51.754,23145,23147,23147,1,1
2024-12-03 16:05:54.989,23145,23146,23146,4,4
2024-12-03 16:05:54.989,23145,23146,23147,2,2
2024-12-03 16:05:55.847,23145,23147,23147,3,3
2024-12-03 16:05:56.051,23145,23147,23150,13,13
2024-12-03 16:05:56.051,23145,23147,23149,16,16
2024-12-03 16:05:56.051,23145,23147,23148,9,9
2024-12-03 16:05:56.051,23145,23147,23147,2,2
2024-12-03 16:05:56.053,23145,23147,23150,1,1
2024-12-03 16:05:56.079,23150,23151,23151,2,2
2024-12-03 16:05:56.092,23150,23151,23152,1,1
2024-12-03 16:05:56.115,23150,23151,23152,7,7
2024-12-03 16:05:56.115,23150,23151,23153,3,3
2024-12-03 16:05:56.116,23150,23151,23153,2,2
2024-12-03 16:05:56.131,23150,23151,23154,1,1
2024-12-03 16:05:56.136,23150,23151,23154,2,2
2024-12-03 16:05:56.136,23150,23151,23155,2,2
2024-12-03 16:05:56.163,23150,23151,23155,1,1
2024-12-03 16:05:56.266,23153,23155,23154,1,1
2024-12-03 16:05:56.268,23153,23155,23155,4,4
2024-12-03 16:05:56.268,23153,23155,23156,2,2
2024-12-03 16:05:56.268,23153,23155,23154,2,2
2024-12-03 16:05:56.275,23153,23155,23155,2,2
2024-12-03 16:05:56.291,23153,23155,23155,1,1
2024-12-03 16:05:56.316,23153,23155,23155,1,1
2024-12-03 16:05:56.403,23152,23155,23154,1,1
2024-12-03 16:05:56.403,23152,23155,23155,3,3
2024-12-03 16:05:56.403,23152,23155,23156,1,1
2024-12-03 16:05:56.480,23153,23155,23155,1,1
2024-12-03 16:05:56.528,23153,23155,23156,3,3
2024-12-03 16:05:56.537,23153,23155,23156,1,1
2024-12-03 16:05:56.548,23153,23155,23156,1,1
2024-12-03 16:05:56.562,23153,23155,23157,1,1
2024-12-03 16:05:56.611,23154,23157,23154,1,-1
2024-12-03 16:05:56.728,23154,23156,23156,1,1
2024-12-03 16:05:56.728,23154,23156,23157,2,2
2024-12-03 16:05:56.893,23154,23157,23157,1,1
2024-12-03 16:05:56.904,23154,23157,23157,2,2
2024-12-03 16:05:56.910,23154,23157,23158,1,1
2024-12-03 16:05:57.035,23155,23158,23157,1,1
2024-12-03 16:05:57.518,23153,23156,23156,1,1
2024-12-03 16:05:57.586,23153,23156,23156,1,1
2024-12-03 16:05:57.634,23153,23156,23154,1,-1
2024-12-03 16:06:00.232,23153,23156,23156,1,1
2024-12-03 16:06:00.249,23153,23156,23156,1,1
2024-12-03 16:06:00.322,23153,23156,23156,1,1
2024-12-03 16:06:00.322,23153,23156,23156,1,1
2024-12-03 16:06:00.322,23153,23156,23157,1,1
2024-12-03 16:06:00.322,23153,23156,23157,1,1
2024-12-03 16:06:00.323,23153,23156,23157,1,1
2024-12-03 16:06:00.324,23153,23156,23157,1,1
2024-12-03 16:06:00.325,23153,23156,23158,1,1
2024-12-03 16:06:00.325,23153,23156,23157,1,1
2024-12-03 16:06:00.363,23153,23156,23158,3,3
2024-12-03 16:06:00.429,23153,23156,23158,1,1
2024-12-03 16:06:00.432,23153,23156,23158,2,2
2024-12-03 16:06:00.507,23156,23158,23156,1,-1
2024-12-03 16:06:00.593,23156,23158,23158,1,1
2024-12-03 16:06:00.663,23156,23158,23158,1,1
2024-12-03 16:06:01.243,23156,23159,23156,1,-1
2024-12-03 16:06:01.321,23155,23159,23159,1,1
2024-12-03 16:06:01.321,23155,23159,23159,1,1
2024-12-03 16:06:01.321,23155,23159,23159,1,1
2024-12-03 16:06:01.321,23155,23159,23159,1,1
2024-12-03 16:06:01.321,23155,23159,23159,1,1
2024-12-03 16:06:01.321,23155,23159,23159,1,1
2024-12-03 16:06:01.322,23155,23159,23159,1,1
2024-12-03 16:06:01.322,23155,23159,23159,1,1
2024-12-03 16:06:01.422,23155,23159,23158,3,3
2024-12-03 16:06:02.458,23158,23160,23160,3,3
2024-12-03 16:06:02.586,23158,23160,23160,1,1
2024-12-03 16:06:02.735,23158,23160,23160,1,1
2024-12-03 16:06:03.029,23158,23160,23160,1,1
2024-12-03 16:06:03.249,23158,23160,23160,1,1
2024-12-03 16:06:04.210,23158,23160,23160,11,11
2024-12-03 16:06:04.211,23158,23160,23161,1,1
2024-12-03 16:06:04.211,23158,23160,23161,3,3
2024-12-03 16:06:04.212,23158,23160,23162,1,1
2024-12-03 16:06:04.238,23158,23160,23160,1,1
2024-12-03 16:06:04.404,23159,23160,23160,1,1
2024-12-03 16:06:04.602,23158,23160,23160,2,2
2024-12-03 16:06:04.687,23158,23160,23162,1,1
2024-12-03 16:06:04.687,23158,23160,23161,2,2
2024-12-03 16:06:04.730,23159,23162,23162,1,1
2024-12-03 16:06:04.776,23159,23162,23162,3,3
2024-12-03 16:06:05.246,23161,23162,23161,1,-1
2024-12-03 16:06:05.933,23160,23162,23162,2,2
2024-12-03 16:06:06.254,23161,23162,23161,1,-1
2024-12-03 16:06:07.334,23158,23159,23159,2,2
2024-12-03 16:06:07.334,23158,23159,23160,3,3
2024-12-03 16:06:07.445,23159,23161,23161,1,1
2024-12-03 16:06:07.446,23159,23161,23163,1,1
2024-12-03 16:06:07.446,23159,23161,23162,1,1
2024-12-03 16:06:07.446,23159,23161,23162,1,1
2024-12-03 16:06:07.446,23159,23161,23162,1,1
2024-12-03 16:06:07.446,23159,23161,23162,1,1
2024-12-03 16:06:07.446,23159,23161,23163,1,1
2024-12-03 16:06:07.447,23159,23161,23162,1,1
2024-12-03 16:06:07.447,23159,23161,23163,1,1
2024-12-03 16:06:07.452,23159,23161,23163,1,1
2024-12-03 16:06:07.641,23161,23163,23163,1,1
2024-12-03 16:06:08.309,23161,23162,23161,1,-1
2024-12-03 16:06:08.309,23161,23162,23160,2,-2
2024-12-03 16:06:08.358,23160,23162,23162,2,2
2024-12-03 16:06:08.358,23160,23162,23162,1,1
2024-12-03 16:06:09.191,23162,23163,23162,1,-1
2024-12-03 16:06:09.540,23162,23163,23163,2,2
2024-12-03 16:06:09.540,23162,23163,23164,3,3
2024-12-03 16:06:09.739,23162,23164,23164,1,1
2024-12-03 16:06:10.122,23162,23165,23165,1,1
2024-12-03 16:06:10.257,23163,23165,23164,1,1
2024-12-03 16:06:10.258,23163,23165,23165,1,1
2024-12-03 16:06:10.493,23163,23165,23166,1,1
2024-12-03 16:06:10.493,23163,23165,23165,2,2
2024-12-03 16:06:10.520,23163,23165,23166,2,2
2024-12-03 16:06:11.044,23164,23166,23166,1,1
2024-12-03 16:06:11.946,23163,23166,23166,1,1
2024-12-03 16:06:12.047,23163,23166,23166,1,1
2024-12-03 16:06:12.140,23163,23166,23165,1,1
2024-12-03 16:06:12.941,23163,23166,23164,2,-2
2024-12-03 16:06:12.941,23163,23166,23163,1,-1
2024-12-03 16:06:13.064,23163,23166,23163,1,-1
2024-12-03 16:06:13.325,23163,23166,23163,1,-1
2024-12-03 16:06:13.592,23163,23166,23163,1,-1
2024-12-03 16:06:13.971,23163,23166,23163,1,-1
2024-12-03 16:06:14.066,23163,23166,23163,1,-1
2024-12-03 16:06:14.207,23162,23164,23162,1,-1
2024-12-03 16:06:14.207,23162,23164,23162,1,-1
2024-12-03 16:06:14.531,23161,23163,23163,2,2
2024-12-03 16:06:16.490,23161,23163,23163,1,1
2024-12-03 16:06:16.491,23161,23163,23162,2,2
2024-12-03 16:06:16.553,23161,23163,23162,1,1
2024-12-03 16:06:16.571,23161,23164,23164,1,1
2024-12-03 16:06:16.573,23161,23164,23164,1,1
2024-12-03 16:06:16.573,23161,23164,23164,1,1
2024-12-03 16:06:16.573,23161,23164,23163,1,1
2024-12-03 16:06:16.573,23161,23164,23165,1,1
2024-12-03 16:06:16.573,23161,23164,23166,1,1
2024-12-03 16:06:16.574,23161,23164,23166,1,1
2024-12-03 16:06:16.590,23161,23164,23166,1,1
2024-12-03 16:06:16.591,23161,23164,23166,1,1
2024-12-03 16:06:16.774,23164,23166,23164,1,-1
2024-12-03 16:06:16.774,23164,23166,23163,4,-4
2024-12-03 16:06:17.295,23163,23165,23164,4,-4
2024-12-03 16:06:20.198,23161,23164,23164,1,1
2024-12-03 16:06:20.321,23161,23164,23164,1,1
2024-12-03 16:06:20.321,23161,23164,23164,1,1
2024-12-03 16:06:20.321,23161,23164,23165,1,1
2024-12-03 16:06:20.321,23161,23164,23165,1,1
2024-12-03 16:06:20.321,23161,23164,23165,1,1
2024-12-03 16:06:20.321,23161,23164,23165,1,1
2024-12-03 16:06:20.322,23161,23164,23165,1,1
2024-12-03 16:06:20.322,23161,23164,23166,1,1
2024-12-03 16:06:20.322,23161,23164,23165,1,1
2024-12-03 16:06:20.502,23164,23165,23164,1,-1
2024-12-03 16:06:20.624,23163,23165,23163,3,-3
2024-12-03 16:06:20.624,23163,23165,23162,7,-7
2024-12-03 16:06:20.626,23163,23165,23162,1,-1
2024-12-03 16:06:21.335,23161,23163,23163,2,2
2024-12-03 16:06:21.542,23161,23163,23163,1,1
2024-12-03 16:06:21.785,23161,23164,23164,1,1
2024-12-03 16:06:24.011,23161,23163,23163,1,1
2024-12-03 16:06:24.190,23161,23163,23163,1,1
2024-12-03 16:06:26.084,23162,23164,23162,1,-1
2024-12-03 16:06:26.178,23162,23164,23161,3,-3
2024-12-03 16:06:26.324,23161,23163,23163,2,2
2024-12-03 16:06:27.385,23162,23164,23164,2,2
2024-12-03 16:06:27.446,23162,23165,23165,1,1
2024-12-03 16:06:27.446,23162,23165,23165,1,1
2024-12-03 16:06:27.447,23162,23165,23166,1,1
2024-12-03 16:06:27.537,23162,23165,23163,1,-1
2024-12-03 16:06:27.676,23162,23164,23162,1,-1
2024-12-03 16:06:27.819,23162,23164,23163,1,-1
2024-12-03 16:06:27.949,23162,23164,23162,1,-1
2024-12-03 16:06:28.490,23161,23164,23164,1,1
2024-12-03 16:06:29.521,23162,23164,23164,2,2
2024-12-03 16:06:30.772,23163,23165,23166,1,1
2024-12-03 16:06:32.140,23164,23166,23166,1,1
2024-12-03 16:06:33.456,23165,23166,23165,1,-1
2024-12-03 16:06:34.073,23164,23166,23164,1,-1
2024-12-03 16:06:35.614,23163,23165,23165,1,1
2024-12-03 16:06:35.614,23163,23165,23165,1,1
2024-12-03 16:06:35.614,23163,23165,23165,1,1
2024-12-03 16:06:36.772,23163,23166,23164,1,-1
2024-12-03 16:06:36.820,23163,23164,23164,1,1
2024-12-03 16:06:36.821,23163,23164,23164,1,1
2024-12-03 16:06:36.822,23163,23164,23166,1,1
2024-12-03 16:06:36.822,23163,23164,23166,1,1
2024-12-03 16:06:36.822,23163,23164,23166,1,1
2024-12-03 16:06:36.822,23163,23164,23164,2,2
2024-12-03 16:06:36.822,23163,23164,23164,1,1
2024-12-03 16:06:40.143,23163,23165,23163,1,-1
2024-12-03 16:06:40.238,23163,23165,23164,1,-1
2024-12-03 16:06:41.688,23164,23165,23164,1,-1
2024-12-03 16:06:42.148,23164,23165,23164,1,-1
2024-12-03 16:06:42.183,23164,23165,23164,1,-1
2024-12-03 16:06:42.184,23164,23165,23164,1,-1
2024-12-03 16:06:43.902,23163,23165,23163,1,-1
2024-12-03 16:06:46.000,23163,23165,23165,1,1
2024-12-03 16:06:49.986,23164,23166,23166,1,1
2024-12-03 16:06:50.071,23164,23166,23166,1,1
2024-12-03 16:06:50.071,23164,23166,23166,1,1
2024-12-03 16:06:50.078,23164,23166,23166,1,1
2024-12-03 16:06:51.255,23164,23165,23165,1,1
2024-12-03 16:06:51.255,23164,23165,23165,1,1
2024-12-03 16:06:52.516,23164,23166,23164,1,-1
2024-12-03 16:06:53.600,23163,23165,23163,3,-3
2024-12-03 16:06:53.600,23163,23165,23163,1,-1
2024-12-03 16:06:53.600,23163,23165,23163,2,-2
2024-12-03 16:06:57.427,23160,23161,23160,5,-5
2024-12-03 16:06:57.427,23160,23161,23159,3,-3
2024-12-03 16:06:58.088,23159,23161,23159,1,-1
2024-12-03 16:06:58.444,23159,23161,23159,1,-1
2024-12-03 16:07:00.900,23159,23161,23159,1,-1
2024-12-03 16:07:00.900,23159,23161,23159,1,-1
2024-12-03 16:07:00.995,23158,23159,23159,1,1
2024-12-03 16:07:01.528,23159,23161,23158,1,-1
2024-12-03 16:07:01.571,23158,23160,23160,1,1
2024-12-03 16:07:02.312,23158,23160,23160,2,2
2024-12-03 16:07:06.552,23158,23160,23160,1,1
2024-12-03 16:07:08.219,23158,23160,23159,2,2
2024-12-03 16:07:08.321,23158,23160,23160,1,1
2024-12-03 16:07:08.321,23158,23160,23160,1,1
2024-12-03 16:07:08.321,23158,23160,23160,1,1
2024-12-03 16:07:08.321,23158,23160,23160,1,1
2024-12-03 16:07:08.524,23158,23160,23160,2,2
2024-12-03 16:07:08.609,23158,23160,23160,2,2
2024-12-03 16:07:08.610,23158,23160,23160,2,2
2024-12-03 16:07:11.024,23159,23161,23161,1,1
2024-12-03 16:07:11.024,23159,23161,23161,1,1
2024-12-03 16:07:11.242,23160,23162,23160,1,-1
2024-12-03 16:07:13.367,23160,23162,23160,3,-3
2024-12-03 16:07:16.162,23160,23161,23160,2,-2
2024-12-03 16:07:16.362,23160,23161,23160,1,-1
2024-12-03 16:07:16.459,23159,23161,23159,1,-1
2024-12-03 16:07:18.717,23160,23161,23160,1,-1
2024-12-03 16:07:20.265,23159,23161,23161,2,2
2024-12-03 16:07:20.322,23160,23162,23162,1,1
2024-12-03 16:07:21.358,23161,23162,23162,1,1
2024-12-03 16:07:21.358,23161,23162,23162,1,1
2024-12-03 16:07:21.358,23161,23162,23162,4,4
2024-12-03 16:07:21.382,23161,23162,23163,1,1
2024-12-03 16:07:21.382,23161,23162,23163,1,1
2024-12-03 16:07:21.681,23162,23163,23163,1,1
2024-12-03 16:07:23.734,23163,23165,23163,2,-2
2024-12-03 16:07:26.225,23162,23164,23164,1,1
2024-12-03 16:07:28.849,23162,23163,23163,1,1
2024-12-03 16:07:28.850,23162,23163,23163,1,1
2024-12-03 16:07:29.411,23163,23164,23162,1,-1
2024-12-03 16:07:35.017,23162,23163,23162,1,-1
2024-12-03 16:07:35.530,23161,23162,23161,1,-1
2024-12-03 16:07:35.868,23160,23161,23161,1,1
2024-12-03 16:07:37.088,23160,23162,23160,1,-1
2024-12-03 16:07:37.773,23160,23162,23162,1,1
2024-12-03 16:07:37.773,23160,23162,23163,2,2
2024-12-03 16:07:39.102,23160,23163,23160,2,-2
2024-12-03 16:07:39.350,23159,23162,23159,1,-1
2024-12-03 16:07:41.072,23159,23161,23161,1,1
2024-12-03 16:07:48.644,23161,23163,23161,5,-5
2024-12-03 16:07:50.356,23161,23163,23163,1,1
2024-12-03 16:07:50.817,23161,23163,23164,1,1
2024-12-03 16:07:52.329,23162,23165,23165,1,1
2024-12-03 16:07:56.226,23163,23165,23164,1,1
2024-12-03 16:07:56.226,23163,23165,23164,1,1
2024-12-03 16:08:06.107,23163,23165,23163,1,-1
2024-12-03 16:08:06.236,23162,23163,23162,2,-2
2024-12-03 16:08:06.237,23162,23163,23163,1,1
2024-12-03 16:08:06.453,23162,23163,23163,1,1
2024-12-03 16:08:06.617,23162,23164,23164,1,1
2024-12-03 16:08:06.653,23162,23164,23164,1,1
