2024-04-26 15:00:00.012,20201,20209,20201,65,-65
2024-04-26 15:00:00.014,20200,20201,20201,1,1
2024-04-26 15:00:00.022,20200,20201,20202,1,1
2024-04-26 15:00:00.022,20200,20201,20201,1,1
2024-04-26 15:00:00.036,20200,20201,20201,1,1
2024-04-26 15:00:00.052,20200,20201,20201,1,1
2024-04-26 15:00:00.054,20200,20201,20200,1,-1
2024-04-26 15:00:00.054,20200,20201,20200,5,-5
2024-04-26 15:00:00.083,20194,20201,20197,3,-3
2024-04-26 15:00:00.083,20194,20201,20200,1,1
2024-04-26 15:00:00.083,20194,20201,20198,1,1
2024-04-26 15:00:00.125,20196,20200,20198,1,-1
2024-04-26 15:00:00.147,20196,20200,20200,3,3
2024-04-26 15:00:00.147,20196,20200,20199,1,1
2024-04-26 15:00:00.147,20196,20200,20200,1,1
2024-04-26 15:00:00.159,20200,20201,20200,1,-1
2024-04-26 15:00:00.240,20200,20201,20201,1,1
2024-04-26 15:00:00.250,20200,20201,20200,1,-1
2024-04-26 15:00:00.252,20200,20201,20203,1,1
2024-04-26 15:00:00.252,20200,20201,20202,2,2
2024-04-26 15:00:00.313,20202,20204,20203,1,1
2024-04-26 15:00:00.318,20202,20204,20203,1,1
2024-04-26 15:00:00.351,20202,20204,20201,1,-1
2024-04-26 15:00:00.351,20202,20204,20200,1,-1
2024-04-26 15:00:00.392,20202,20204,20202,1,-1
2024-04-26 15:00:00.403,20202,20204,20199,1,-1
2024-04-26 15:00:00.433,20199,20202,20201,1,1
2024-04-26 15:00:00.549,20199,20201,20202,2,2
2024-04-26 15:00:00.549,20199,20201,20201,1,1
2024-04-26 15:00:00.555,20199,20201,20199,1,-1
2024-04-26 15:00:00.569,20199,20201,20201,2,2
2024-04-26 15:00:00.577,20199,20201,20201,1,1
2024-04-26 15:00:00.578,20199,20201,20201,1,1
2024-04-26 15:00:00.591,20199,20201,20201,1,1
2024-04-26 15:00:00.619,20199,20201,20202,1,1
2024-04-26 15:00:00.632,20199,20201,20199,1,-1
2024-04-26 15:00:00.649,20199,20201,20198,1,-1
2024-04-26 15:00:00.690,20197,20199,20199,1,1
2024-04-26 15:00:00.690,20197,20199,20200,1,1
2024-04-26 15:00:00.703,20197,20199,20201,1,1
2024-04-26 15:00:00.703,20197,20199,20200,2,2
2024-04-26 15:00:00.732,20197,20199,20198,1,1
2024-04-26 15:00:00.752,20197,20199,20199,3,3
2024-04-26 15:00:00.774,20197,20199,20197,1,-1
2024-04-26 15:00:00.805,20197,20199,20199,3,3
2024-04-26 15:00:00.808,20197,20199,20197,1,-1
2024-04-26 15:00:00.925,20197,20198,20198,1,1
2024-04-26 15:00:01.014,20197,20198,20199,1,1
2024-04-26 15:00:01.014,20197,20198,20200,1,1
2024-04-26 15:00:01.021,20197,20198,20201,1,1
2024-04-26 15:00:01.037,20198,20202,20202,2,2
2024-04-26 15:00:01.044,20198,20202,20198,2,-2
2024-04-26 15:00:01.044,20198,20202,20197,5,-5
2024-04-26 15:00:01.060,20198,20202,20198,1,-1
2024-04-26 15:00:01.265,20197,20200,20199,1,1
2024-04-26 15:00:01.276,20197,20200,20200,1,1
2024-04-26 15:00:01.296,20197,20200,20200,1,1
2024-04-26 15:00:01.310,20197,20200,20200,3,3
2024-04-26 15:00:01.329,20197,20200,20198,2,-2
2024-04-26 15:00:01.568,20197,20198,20197,1,-1
2024-04-26 15:00:01.569,20197,20198,20196,1,-1
2024-04-26 15:00:01.715,20194,20196,20196,2,2
2024-04-26 15:00:01.726,20194,20196,20196,1,1
2024-04-26 15:00:01.726,20194,20196,20196,1,1
2024-04-26 15:00:01.748,20194,20196,20196,2,2
2024-04-26 15:00:01.976,20194,20197,20194,1,-1
2024-04-26 15:00:02.046,20194,20197,20197,2,2
2024-04-26 15:00:02.117,20194,20197,20197,1,1
2024-04-26 15:00:02.602,20196,20197,20197,1,1
2024-04-26 15:00:02.856,20196,20197,20197,1,1
2024-04-26 15:00:03.036,20196,20197,20197,1,1
2024-04-26 15:00:03.434,20196,20197,20197,1,1
2024-04-26 15:00:03.706,20197,20198,20198,1,1
2024-04-26 15:00:04.746,20197,20199,20197,1,-1
2024-04-26 15:00:04.822,20197,20199,20197,1,-1
2024-04-26 15:00:04.933,20197,20198,20198,2,2
2024-04-26 15:00:04.933,20197,20198,20199,2,2
2024-04-26 15:00:05.636,20197,20199,20199,1,1
2024-04-26 15:00:05.636,20197,20199,20200,1,1
2024-04-26 15:00:05.777,20197,20200,20199,1,1
2024-04-26 15:00:05.946,20197,20199,20199,1,1
2024-04-26 15:00:06.038,20198,20199,20198,2,-2
2024-04-26 15:00:06.096,20198,20199,20198,1,-1
2024-04-26 15:00:06.140,20198,20199,20199,3,3
2024-04-26 15:00:06.583,20197,20199,20199,1,1
2024-04-26 15:00:08.081,20197,20199,20199,1,1
2024-04-26 15:00:08.207,20197,20199,20199,1,1
2024-04-26 15:00:08.256,20197,20199,20197,1,-1
2024-04-26 15:00:08.374,20197,20199,20197,6,-6
2024-04-26 15:00:08.375,20197,20199,20196,1,-1
2024-04-26 15:00:08.566,20194,20196,20196,1,1
2024-04-26 15:00:09.027,20194,20196,20197,5,5
2024-04-26 15:00:09.027,20194,20196,20196,1,1
2024-04-26 15:00:09.200,20196,20197,20196,1,-1
2024-04-26 15:00:09.275,20196,20197,20197,3,3
2024-04-26 15:00:09.275,20196,20197,20198,2,2
2024-04-26 15:00:09.360,20196,20198,20196,1,-1
2024-04-26 15:00:09.641,20196,20198,20197,1,-1
2024-04-26 15:00:10.895,20194,20196,20196,2,2
2024-04-26 15:00:10.987,20194,20196,20194,3,-3
2024-04-26 15:00:11.210,20194,20196,20196,1,1
2024-04-26 15:00:11.288,20194,20196,20197,5,5
2024-04-26 15:00:11.288,20194,20196,20196,3,3
2024-04-26 15:00:11.760,20196,20197,20196,1,-1
2024-04-26 15:00:12.297,20195,20197,20197,1,1
2024-04-26 15:00:12.297,20195,20197,20198,2,2
2024-04-26 15:00:12.297,20195,20197,20198,3,3
2024-04-26 15:00:12.395,20195,20197,20199,1,1
2024-04-26 15:00:12.406,20195,20197,20198,2,2
2024-04-26 15:00:12.406,20195,20197,20197,3,3
2024-04-26 15:00:12.406,20195,20197,20196,13,13
2024-04-26 15:00:12.696,20195,20197,20197,1,1
2024-04-26 15:00:12.883,20195,20197,20197,3,3
2024-04-26 15:00:12.883,20195,20197,20198,3,3
2024-04-26 15:00:12.995,20197,20199,20197,1,-1
2024-04-26 15:00:13.193,20196,20199,20198,1,1
2024-04-26 15:00:13.328,20196,20199,20199,1,1
2024-04-26 15:00:13.719,20195,20197,20197,3,3
2024-04-26 15:00:14.016,20195,20197,20197,1,1
2024-04-26 15:00:14.844,20195,20196,20195,2,-2
2024-04-26 15:00:14.886,20195,20196,20195,1,-1
2024-04-26 15:00:15.580,20194,20196,20196,1,1
2024-04-26 15:00:15.580,20194,20196,20195,1,-1
2024-04-26 15:00:16.052,20195,20196,20195,1,-1
2024-04-26 15:00:16.052,20195,20196,20195,1,-1
2024-04-26 15:00:16.255,20194,20196,20195,1,-1
2024-04-26 15:00:16.296,20194,20196,20194,2,-2
2024-04-26 15:00:16.297,20194,20196,20194,1,-1
2024-04-26 15:00:16.439,20193,20195,20195,4,4
2024-04-26 15:00:16.439,20193,20195,20196,1,1
2024-04-26 15:00:16.563,20194,20196,20194,1,-1
2024-04-26 15:00:16.910,20194,20196,20197,4,4
2024-04-26 15:00:16.910,20194,20196,20196,3,3
2024-04-26 15:00:16.911,20194,20196,20196,1,1
2024-04-26 15:00:16.939,20194,20196,20195,1,1
2024-04-26 15:00:17.025,20194,20196,20195,1,1
2024-04-26 15:00:17.065,20195,20197,20195,1,-1
2024-04-26 15:00:17.497,20194,20195,20194,1,-1
2024-04-26 15:00:18.842,20194,20195,20194,2,-2
2024-04-26 15:00:19.389,20194,20195,20194,2,-2
2024-04-26 15:00:19.485,20194,20195,20193,1,-1
2024-04-26 15:00:19.485,20194,20195,20193,4,-4
2024-04-26 15:00:19.485,20194,20195,20194,1,-1
2024-04-26 15:00:19.551,20193,20194,20193,1,-1
2024-04-26 15:00:20.763,20192,20194,20194,6,6
2024-04-26 15:00:20.763,20192,20194,20195,2,2
2024-04-26 15:00:21.659,20193,20195,20195,1,1
2024-04-26 15:00:21.851,20193,20195,20195,1,1
2024-04-26 15:00:22.708,20193,20195,20195,4,4
2024-04-26 15:00:22.764,20193,20195,20195,1,1
2024-04-26 15:00:23.808,20193,20194,20194,2,2
2024-04-26 15:00:23.865,20193,20194,20193,3,-3
2024-04-26 15:00:24.134,20192,20193,20192,1,-1
2024-04-26 15:00:24.135,20192,20193,20192,1,-1
2024-04-26 15:00:24.135,20192,20193,20192,2,-2
2024-04-26 15:00:24.236,20191,20192,20192,1,1
2024-04-26 15:00:25.020,20191,20192,20191,3,-3
2024-04-26 15:00:25.020,20191,20192,20190,4,-4
2024-04-26 15:00:25.020,20191,20192,20189,1,-1
2024-04-26 15:00:25.249,20190,20191,20191,1,1
2024-04-26 15:00:25.250,20190,20191,20191,8,8
2024-04-26 15:00:25.536,20192,20194,20194,1,1
2024-04-26 15:00:25.617,20192,20194,20192,1,-1
2024-04-26 15:00:25.617,20192,20194,20193,2,2
2024-04-26 15:00:25.678,20192,20194,20194,1,1
2024-04-26 15:00:25.680,20192,20194,20194,1,1
2024-04-26 15:00:25.867,20192,20193,20193,1,1
2024-04-26 15:00:26.033,20191,20193,20193,1,1
2024-04-26 15:00:26.079,20191,20193,20193,2,2
2024-04-26 15:00:26.079,20191,20193,20194,6,6
2024-04-26 15:00:26.079,20191,20193,20195,1,1
2024-04-26 15:00:26.217,20194,20195,20194,2,-2
2024-04-26 15:00:26.217,20194,20195,20193,1,-1
2024-04-26 15:00:26.281,20194,20195,20195,3,3
2024-04-26 15:00:26.281,20194,20195,20194,3,-3
2024-04-26 15:00:26.718,20193,20194,20194,1,1
2024-04-26 15:00:27.146,20193,20195,20193,1,-1
2024-04-26 15:00:27.182,20193,20195,20193,1,-1
2024-04-26 15:00:27.182,20193,20195,20193,1,-1
2024-04-26 15:00:27.799,20192,20194,20192,3,-3
2024-04-26 15:00:28.007,20192,20193,20192,2,-2
2024-04-26 15:00:28.879,20191,20193,20193,1,1
2024-04-26 15:00:30.017,20191,20193,20192,1,1
2024-04-26 15:00:30.469,20192,20193,20193,1,1
2024-04-26 15:00:30.810,20192,20193,20192,1,-1
2024-04-26 15:00:31.017,20192,20193,20193,1,1
2024-04-26 15:00:31.018,20192,20193,20193,1,1
2024-04-26 15:00:31.024,20192,20193,20194,1,1
2024-04-26 15:00:31.324,20193,20195,20195,2,2
2024-04-26 15:00:31.405,20193,20195,20195,6,6
2024-04-26 15:00:31.405,20193,20195,20196,2,2
2024-04-26 15:00:31.989,20194,20196,20194,2,-2
2024-04-26 15:00:32.328,20194,20195,20194,1,-1
2024-04-26 15:00:32.338,20194,20195,20194,1,-1
2024-04-26 15:00:32.534,20194,20195,20195,1,1
2024-04-26 15:00:32.728,20194,20196,20195,1,1
2024-04-26 15:00:34.420,20194,20196,20195,2,2
2024-04-26 15:00:35.082,20194,20196,20196,2,2
2024-04-26 15:00:35.082,20194,20196,20196,2,2
2024-04-26 15:00:35.149,20194,20196,20195,1,1
2024-04-26 15:00:35.438,20195,20197,20195,1,-1
2024-04-26 15:00:35.578,20195,20197,20195,2,-2
2024-04-26 15:00:36.233,20195,20197,20195,1,-1
2024-04-26 15:00:36.688,20194,20195,20194,5,-5
2024-04-26 15:00:36.708,20194,20195,20194,1,-1
2024-04-26 15:00:36.815,20193,20195,20195,1,1
2024-04-26 15:00:38.337,20193,20195,20193,1,-1
2024-04-26 15:00:38.396,20193,20195,20195,2,2
2024-04-26 15:00:38.517,20193,20195,20193,1,-1
2024-04-26 15:00:39.746,20193,20195,20194,1,-1
2024-04-26 15:00:40.289,20193,20195,20195,6,6
2024-04-26 15:00:40.289,20193,20195,20196,4,4
2024-04-26 15:00:41.446,20193,20194,20193,2,-2
2024-04-26 15:00:41.446,20193,20194,20193,1,-1
2024-04-26 15:00:41.447,20193,20194,20193,3,-3
2024-04-26 15:00:41.506,20193,20194,20192,1,-1
2024-04-26 15:00:41.767,20192,20194,20194,1,1
2024-04-26 15:00:42.000,20192,20194,20192,5,-5
2024-04-26 15:00:42.000,20192,20194,20191,11,-11
2024-04-26 15:00:42.000,20192,20194,20190,14,-14
2024-04-26 15:00:42.860,20190,20191,20190,2,-2
2024-04-26 15:00:42.861,20190,20191,20190,7,-7
2024-04-26 15:00:43.047,20189,20190,20189,1,-1
2024-04-26 15:00:43.147,20189,20190,20190,1,1
2024-04-26 15:00:44.025,20189,20190,20190,4,4
2024-04-26 15:00:44.025,20189,20190,20190,1,1
2024-04-26 15:00:44.092,20189,20191,20189,1,-1
2024-04-26 15:00:44.095,20189,20191,20191,1,1
2024-04-26 15:00:44.566,20189,20190,20190,1,1
2024-04-26 15:00:44.658,20190,20192,20190,5,-5
2024-04-26 15:00:45.340,20189,20191,20189,1,-1
2024-04-26 15:00:45.404,20189,20191,20191,4,4
2024-04-26 15:00:45.404,20189,20191,20192,3,3
2024-04-26 15:00:45.754,20189,20191,20189,5,-5
2024-04-26 15:00:47.087,20189,20190,20190,1,1
2024-04-26 15:00:48.439,20189,20190,20189,1,-1
2024-04-26 15:00:48.439,20189,20190,20188,5,-5
2024-04-26 15:00:49.850,20188,20189,20188,2,-2
2024-04-26 15:00:49.850,20188,20189,20188,2,-2
2024-04-26 15:00:49.851,20188,20189,20188,6,-6
2024-04-26 15:00:49.943,20187,20189,20189,6,6
2024-04-26 15:00:49.992,20187,20189,20188,2,2
2024-04-26 15:00:51.572,20189,20190,20190,3,3
2024-04-26 15:00:52.749,20189,20190,20189,1,-1
2024-04-26 15:00:52.796,20189,20190,20189,2,-2
2024-04-26 15:00:52.908,20189,20190,20189,1,-1
2024-04-26 15:00:52.913,20188,20190,20188,1,-1
2024-04-26 15:00:52.975,20188,20190,20189,1,-1
2024-04-26 15:00:53.250,20188,20189,20189,1,1
2024-04-26 15:00:53.648,20188,20189,20188,1,-1
2024-04-26 15:00:55.038,20188,20189,20189,2,2
2024-04-26 15:00:56.296,20188,20189,20189,5,5
2024-04-26 15:00:56.340,20188,20189,20188,5,-5
2024-04-26 15:00:56.365,20188,20189,20188,1,-1
2024-04-26 15:00:58.953,20188,20189,20189,2,2
2024-04-26 15:00:59.928,20188,20190,20190,1,1
2024-04-26 15:00:59.932,20188,20190,20190,1,1
2024-04-26 15:00:59.942,20188,20190,20190,1,1
2024-04-26 15:01:00.006,20188,20190,20190,1,1
2024-04-26 15:01:00.072,20188,20190,20190,1,1
2024-04-26 15:01:00.073,20188,20190,20190,1,1
2024-04-26 15:01:00.073,20188,20190,20190,3,3
2024-04-26 15:01:00.187,20189,20191,20188,1,-1
2024-04-26 15:01:00.195,20189,20191,20188,1,-1
2024-04-26 15:01:00.205,20189,20191,20190,3,-3
2024-04-26 15:01:00.405,20189,20191,20191,3,3
2024-04-26 15:01:00.505,20189,20191,20191,1,1
2024-04-26 15:01:00.589,20189,20191,20190,1,1
2024-04-26 15:01:01.735,20189,20191,20189,2,-2
2024-04-26 15:01:01.787,20188,20190,20190,1,1
2024-04-26 15:01:01.787,20188,20190,20190,1,1
2024-04-26 15:01:01.787,20188,20190,20190,1,1
2024-04-26 15:01:02.051,20189,20191,20189,1,-1
2024-04-26 15:01:02.634,20188,20190,20188,1,-1
2024-04-26 15:01:02.635,20188,20190,20187,1,-1
2024-04-26 15:01:02.635,20188,20190,20188,3,-3
2024-04-26 15:01:02.636,20188,20190,20187,1,-1
2024-04-26 15:01:02.733,20186,20188,20186,1,-1
2024-04-26 15:01:03.081,20186,20188,20189,1,1
2024-04-26 15:01:03.098,20186,20188,20188,1,1
2024-04-26 15:01:03.281,20187,20189,20187,1,-1
2024-04-26 15:01:03.610,20187,20189,20188,1,-1
2024-04-26 15:01:04.141,20187,20189,20189,1,1
2024-04-26 15:01:04.264,20187,20189,20188,1,1
2024-04-26 15:01:04.721,20187,20189,20188,1,1
2024-04-26 15:01:05.187,20188,20189,20189,1,1
2024-04-26 15:01:05.587,20188,20189,20189,1,1
2024-04-26 15:01:05.587,20188,20189,20190,4,4
2024-04-26 15:01:06.743,20188,20190,20188,5,-5
2024-04-26 15:01:07.640,20188,20190,20190,1,1
2024-04-26 15:01:07.661,20190,20191,20191,1,1
2024-04-26 15:01:07.661,20190,20191,20191,1,1
2024-04-26 15:01:07.708,20190,20191,20192,2,2
2024-04-26 15:01:08.258,20190,20192,20190,2,-2
2024-04-26 15:01:08.513,20190,20192,20190,2,-2
2024-04-26 15:01:09.080,20189,20191,20191,1,1
2024-04-26 15:01:12.676,20190,20191,20190,1,-1
2024-04-26 15:01:12.677,20190,20191,20189,3,-3
2024-04-26 15:01:12.677,20190,20191,20189,5,-5
2024-04-26 15:01:12.678,20190,20191,20189,7,-7
2024-04-26 15:01:12.678,20190,20191,20189,1,-1
2024-04-26 15:01:12.678,20190,20191,20189,3,-3
2024-04-26 15:01:12.678,20190,20191,20189,1,-1
2024-04-26 15:01:12.678,20190,20191,20189,1,-1
2024-04-26 15:01:12.678,20190,20191,20189,5,-5
2024-04-26 15:01:12.678,20190,20191,20189,8,-8
2024-04-26 15:01:12.678,20190,20191,20189,4,-4
2024-04-26 15:01:12.679,20190,20191,20189,2,-2
2024-04-26 15:01:12.860,20188,20189,20189,1,1
2024-04-26 15:01:13.898,20188,20189,20189,1,1
2024-04-26 15:01:14.539,20188,20189,20189,1,1
2024-04-26 15:01:14.555,20188,20189,20188,1,-1
2024-04-26 15:01:14.975,20187,20189,20189,1,1
2024-04-26 15:01:15.800,20187,20189,20187,1,-1
2024-04-26 15:01:17.147,20187,20189,20187,1,-1
2024-04-26 15:01:17.161,20186,20188,20188,1,1
2024-04-26 15:01:17.934,20188,20189,20188,1,-1
2024-04-26 15:01:17.934,20188,20189,20188,1,-1
2024-04-26 15:01:18.281,20186,20188,20188,3,3
2024-04-26 15:01:18.281,20186,20188,20189,7,7
2024-04-26 15:01:18.286,20187,20189,20189,1,1
2024-04-26 15:01:18.286,20187,20189,20190,1,1
2024-04-26 15:01:18.287,20187,20189,20190,1,1
2024-04-26 15:01:22.619,20188,20189,20188,1,-1
2024-04-26 15:01:22.662,20187,20189,20187,1,-1
2024-04-26 15:01:22.662,20187,20189,20187,1,-1
2024-04-26 15:01:22.761,20187,20189,20186,1,-1
2024-04-26 15:01:23.860,20186,20187,20186,3,-3
2024-04-26 15:01:24.295,20185,20186,20185,3,-3
2024-04-26 15:01:24.439,20184,20185,20184,1,-1
2024-04-26 15:01:24.440,20184,20185,20184,1,-1
2024-04-26 15:01:25.244,20184,20185,20185,1,1
2024-04-26 15:01:25.975,20185,20186,20185,4,-4
2024-04-26 15:01:25.975,20185,20186,20184,1,-1
2024-04-26 15:01:26.153,20184,20186,20184,2,-2
2024-04-26 15:01:26.930,20185,20186,20185,1,-1
2024-04-26 15:01:27.275,20185,20186,20185,1,-1
2024-04-26 15:01:28.809,20184,20185,20185,2,2
2024-04-26 15:01:29.193,20184,20186,20184,1,-1
2024-04-26 15:01:31.414,20184,20185,20184,1,-1
2024-04-26 15:01:31.627,20184,20185,20184,1,-1
2024-04-26 15:01:32.808,20184,20185,20184,1,-1
2024-04-26 15:01:33.035,20184,20185,20185,4,4
2024-04-26 15:01:33.036,20184,20185,20185,1,1
2024-04-26 15:01:33.036,20184,20185,20185,1,1
2024-04-26 15:01:33.036,20184,20185,20185,2,2
2024-04-26 15:01:33.036,20184,20185,20185,2,2
2024-04-26 15:01:33.036,20184,20185,20185,3,3
2024-04-26 15:01:33.036,20184,20185,20185,2,2
2024-04-26 15:01:33.618,20185,20186,20185,1,-1
2024-04-26 15:01:34.269,20185,20186,20185,2,-2
2024-04-26 15:01:35.084,20185,20186,20185,2,-2
2024-04-26 15:01:35.351,20185,20186,20185,2,-2
2024-04-26 15:01:35.860,20185,20186,20185,1,-1
2024-04-26 15:01:36.201,20185,20186,20185,1,-1
2024-04-26 15:01:36.201,20185,20186,20185,3,-3
2024-04-26 15:01:36.201,20185,20186,20185,1,-1
2024-04-26 15:01:36.306,20184,20185,20185,2,2
2024-04-26 15:01:36.765,20184,20185,20185,2,2
2024-04-26 15:01:36.765,20184,20185,20186,8,8
2024-04-26 15:01:36.803,20184,20186,20186,1,1
2024-04-26 15:01:37.100,20184,20186,20186,1,1
2024-04-26 15:01:37.100,20184,20186,20187,2,2
2024-04-26 15:01:40.219,20185,20186,20186,1,1
2024-04-26 15:01:40.933,20186,20187,20187,3,3
2024-04-26 15:01:40.933,20186,20187,20187,5,5
2024-04-26 15:01:40.933,20186,20187,20187,4,4
2024-04-26 15:01:40.933,20186,20187,20187,1,1
2024-04-26 15:01:40.933,20186,20187,20187,1,1
2024-04-26 15:01:41.007,20186,20187,20187,5,5
2024-04-26 15:01:41.780,20185,20187,20187,1,1
2024-04-26 15:01:42.059,20185,20187,20187,2,2
2024-04-26 15:01:42.733,20185,20187,20185,6,-6
2024-04-26 15:01:44.125,20184,20185,20185,6,6
2024-04-26 15:01:44.125,20184,20185,20186,2,2
2024-04-26 15:01:44.125,20184,20185,20186,2,2
2024-04-26 15:01:44.643,20185,20187,20185,1,-1
2024-04-26 15:01:44.817,20184,20186,20186,2,2
2024-04-26 15:01:47.792,20185,20186,20186,1,1
2024-04-26 15:01:50.054,20185,20187,20185,1,-1
2024-04-26 15:01:51.067,20186,20187,20186,1,-1
2024-04-26 15:01:52.066,20185,20186,20185,1,-1
2024-04-26 15:01:52.066,20185,20186,20185,1,-1
2024-04-26 15:01:52.657,20184,20185,20184,3,-3
2024-04-26 15:01:52.657,20184,20185,20184,6,-6
2024-04-26 15:01:52.657,20184,20185,20184,1,-1
2024-04-26 15:01:52.657,20184,20185,20184,6,-6
2024-04-26 15:01:52.657,20184,20185,20184,1,-1
2024-04-26 15:01:52.657,20184,20185,20184,1,-1
2024-04-26 15:01:52.657,20184,20185,20184,1,-1
2024-04-26 15:01:52.710,20183,20184,20183,1,-1
2024-04-26 15:01:52.710,20183,20184,20183,1,-1
2024-04-26 15:01:52.710,20183,20184,20183,22,-22
2024-04-26 15:01:52.710,20183,20184,20182,2,-2
2024-04-26 15:01:52.711,20183,20184,20182,1,-1
2024-04-26 15:01:52.961,20181,20182,20182,1,1
2024-04-26 15:01:53.358,20182,20184,20182,1,-1
2024-04-26 15:01:53.630,20182,20184,20182,1,-1
2024-04-26 15:01:53.803,20182,20184,20182,3,-3
2024-04-26 15:01:54.394,20181,20183,20183,1,1
2024-04-26 15:01:55.585,20182,20184,20183,1,1
2024-04-26 15:01:57.264,20183,20184,20183,1,-1
2024-04-26 15:01:57.315,20182,20184,20184,5,5
2024-04-26 15:01:57.350,20182,20184,20185,2,2
2024-04-26 15:01:59.608,20183,20185,20183,1,-1
2024-04-26 15:02:00.254,20183,20185,20185,1,1
2024-04-26 15:02:00.427,20183,20185,20183,1,-1
2024-04-26 15:02:00.607,20183,20185,20184,1,-1
2024-04-26 15:02:02.038,20183,20184,20183,1,-1
2024-04-26 15:02:02.112,20183,20184,20183,1,-1
2024-04-26 15:02:03.443,20184,20185,20185,3,3
2024-04-26 15:02:03.618,20184,20185,20185,1,1
2024-04-26 15:02:04.276,20184,20185,20185,1,1
2024-04-26 15:02:04.276,20184,20185,20185,4,4
2024-04-26 15:02:05.573,20184,20186,20184,6,-6
2024-04-26 15:02:06.094,20184,20185,20185,1,1
2024-04-26 15:02:06.239,20184,20185,20184,1,-1
2024-04-26 15:02:06.369,20183,20185,20183,1,-1
2024-04-26 15:02:06.908,20183,20184,20184,1,1
2024-04-26 15:02:07.059,20183,20185,20185,1,1
2024-04-26 15:02:07.305,20183,20185,20185,1,1
2024-04-26 15:02:07.812,20183,20185,20185,1,1
2024-04-26 15:02:07.971,20183,20185,20185,1,1
2024-04-26 15:02:08.420,20183,20185,20183,2,-2
2024-04-26 15:02:09.567,20182,20184,20182,1,-1
2024-04-26 15:02:09.635,20182,20184,20183,1,-1
2024-04-26 15:02:12.433,20183,20184,20183,1,-1
2024-04-26 15:02:13.425,20182,20183,20183,1,1
2024-04-26 15:02:15.413,20183,20185,20183,1,-1
2024-04-26 15:02:16.102,20183,20184,20183,1,-1
2024-04-26 15:02:16.189,20182,20184,20184,1,1
2024-04-26 15:02:16.292,20182,20184,20184,1,1
2024-04-26 15:02:17.487,20182,20184,20184,2,2
2024-04-26 15:02:18.371,20183,20184,20184,1,1
2024-04-26 15:02:19.342,20183,20185,20185,2,2
2024-04-26 15:02:23.980,20183,20184,20184,1,1
2024-04-26 15:02:25.887,20183,20184,20184,1,1
2024-04-26 15:02:26.206,20183,20184,20184,1,1
2024-04-26 15:02:27.173,20183,20185,20185,1,1
2024-04-26 15:02:32.636,20183,20184,20184,1,1
2024-04-26 15:02:32.912,20183,20184,20184,1,1
2024-04-26 15:02:32.912,20183,20184,20184,1,1
2024-04-26 15:02:32.929,20183,20184,20185,1,1
2024-04-26 15:02:32.929,20183,20184,20185,4,4
2024-04-26 15:02:32.929,20183,20184,20185,2,2
2024-04-26 15:02:32.929,20183,20184,20185,1,1
2024-04-26 15:02:32.929,20183,20184,20185,1,1
2024-04-26 15:02:32.929,20183,20184,20185,1,1
2024-04-26 15:02:32.930,20183,20184,20186,7,7
2024-04-26 15:02:33.079,20186,20187,20187,1,1
2024-04-26 15:02:36.352,20186,20187,20187,1,1
2024-04-26 15:02:38.338,20186,20187,20186,1,-1
2024-04-26 15:02:40.004,20186,20187,20187,2,2
2024-04-26 15:02:40.004,20186,20187,20188,2,2
2024-04-26 15:02:40.475,20186,20188,20187,1,1
2024-04-26 15:02:40.475,20186,20188,20188,1,1
2024-04-26 15:02:42.323,20187,20188,20187,2,-2
2024-04-26 15:02:42.431,20186,20187,20186,2,-2
2024-04-26 15:02:50.135,20185,20187,20187,2,2
2024-04-26 15:02:50.962,20185,20187,20185,1,-1
2024-04-26 15:02:53.509,20185,20186,20185,2,-2
2024-04-26 15:02:53.509,20185,20186,20184,3,-3
2024-04-26 15:02:53.918,20184,20186,20184,3,-3
2024-04-26 15:02:54.130,20183,20184,20184,2,2
2024-04-26 15:02:54.136,20183,20184,20186,1,1
2024-04-26 15:02:55.029,20185,20186,20185,1,-1
2024-04-26 15:02:56.539,20183,20184,20184,4,4
2024-04-26 15:02:56.539,20183,20184,20184,1,1
2024-04-26 15:02:56.787,20184,20185,20185,2,2
2024-04-26 15:02:57.032,20184,20185,20185,1,1
2024-04-26 15:02:57.070,20184,20185,20185,1,1
2024-04-26 15:02:57.452,20185,20186,20186,1,1
2024-04-26 15:02:58.352,20185,20186,20186,1,1
2024-04-26 15:02:58.465,20185,20186,20186,1,1
2024-04-26 15:02:59.265,20186,20187,20186,5,-5
2024-04-26 15:02:59.598,20185,20187,20185,5,-5
2024-04-26 15:03:00.071,20186,20187,20187,1,1
2024-04-26 15:03:00.073,20186,20187,20187,1,1
2024-04-26 15:03:00.084,20186,20187,20187,2,2
2024-04-26 15:03:00.227,20186,20188,20186,1,-1
2024-04-26 15:03:00.592,20186,20188,20187,1,-1
2024-04-26 15:03:02.105,20184,20186,20186,2,2
2024-04-26 15:03:03.629,20184,20186,20184,5,-5
2024-04-26 15:03:03.922,20184,20185,20184,2,-2
2024-04-26 15:03:03.922,20184,20185,20184,1,-1
2024-04-26 15:03:04.086,20183,20184,20183,2,-2
2024-04-26 15:03:04.086,20183,20184,20183,1,-1
2024-04-26 15:03:04.211,20181,20183,20181,1,-1
2024-04-26 15:03:04.462,20181,20182,20182,1,1
2024-04-26 15:03:05.471,20183,20184,20184,2,2
2024-04-26 15:03:06.708,20183,20184,20184,1,1
2024-04-26 15:03:09.825,20183,20184,20184,4,4
2024-04-26 15:03:10.747,20183,20185,20183,1,-1
2024-04-26 15:03:11.293,20183,20184,20183,1,-1
2024-04-26 15:03:11.713,20182,20184,20182,1,-1
2024-04-26 15:03:12.053,20182,20184,20182,3,-3
2024-04-26 15:03:14.195,20183,20185,20183,1,-1
2024-04-26 15:03:15.519,20182,20183,20183,1,1
2024-04-26 15:03:19.674,20182,20184,20182,1,-1
2024-04-26 15:03:19.695,20182,20184,20182,1,-1
2024-04-26 15:03:20.718,20182,20183,20183,1,1
2024-04-26 15:03:22.122,20183,20184,20183,1,-1
2024-04-26 15:03:22.537,20183,20185,20185,2,2
2024-04-26 15:03:23.085,20183,20185,20183,2,-2
2024-04-26 15:03:23.391,20183,20186,20183,1,-1
2024-04-26 15:03:28.844,20182,20184,20182,2,-2
2024-04-26 15:03:28.887,20182,20184,20183,1,-1
2024-04-26 15:03:31.362,20181,20182,20181,2,-2
2024-04-26 15:03:31.414,20181,20182,20181,3,-3
2024-04-26 15:03:31.415,20181,20182,20181,2,-2
2024-04-26 15:03:31.569,20180,20181,20181,4,4
2024-04-26 15:03:34.045,20181,20183,20181,1,-1
2024-04-26 15:03:34.151,20181,20183,20183,2,2
2024-04-26 15:03:34.153,20181,20183,20184,2,2
2024-04-26 15:03:34.154,20181,20183,20184,1,1
2024-04-26 15:03:34.764,20182,20184,20182,1,-1
2024-04-26 15:03:39.947,20182,20183,20182,1,-1
2024-04-26 15:03:41.022,20182,20183,20182,1,-1
2024-04-26 15:03:43.371,20181,20182,20181,1,-1
2024-04-26 15:03:44.238,20181,20183,20181,1,-1
2024-04-26 15:03:47.176,20181,20182,20182,1,1
2024-04-26 15:03:47.760,20181,20182,20181,1,-1
2024-04-26 15:03:49.117,20181,20182,20182,1,1
2024-04-26 15:03:51.631,20182,20184,20184,1,1
2024-04-26 15:03:56.436,20183,20184,20183,3,-3
2024-04-26 15:03:56.839,20181,20183,20183,1,1
2024-04-26 15:03:58.874,20181,20183,20182,1,1
2024-04-26 15:03:59.396,20181,20182,20181,2,-2
2024-04-26 15:04:00.775,20180,20181,20181,1,1
2024-04-26 15:04:02.311,20180,20181,20181,1,1
2024-04-26 15:04:02.943,20180,20181,20180,4,-4
2024-04-26 15:04:02.944,20180,20181,20180,2,-2
2024-04-26 15:04:03.201,20178,20180,20178,1,-1
2024-04-26 15:04:03.360,20178,20180,20178,1,-1
2024-04-26 15:04:06.046,20178,20179,20178,3,-3
2024-04-26 15:04:06.047,20178,20179,20178,1,-1
2024-04-26 15:04:07.411,20178,20180,20178,1,-1
2024-04-26 15:04:07.412,20178,20180,20178,1,-1
2024-04-26 15:04:07.412,20178,20180,20178,3,-3
2024-04-26 15:04:10.252,20179,20180,20179,1,-1
2024-04-26 15:04:14.168,20179,20180,20180,1,1
2024-04-26 15:04:14.618,20179,20180,20180,9,9
2024-04-26 15:04:14.620,20179,20180,20181,1,1
2024-04-26 15:04:14.627,20179,20180,20180,1,1
2024-04-26 15:04:15.556,20180,20182,20182,1,1
2024-04-26 15:04:15.997,20180,20182,20180,1,-1
2024-04-26 15:04:16.006,20180,20182,20180,1,-1
2024-04-26 15:04:16.147,20179,20180,20179,3,-3
2024-04-26 15:04:18.996,20180,20181,20180,1,-1
2024-04-26 15:04:20.431,20180,20181,20181,1,1
2024-04-26 15:04:20.431,20180,20181,20182,3,3
2024-04-26 15:04:21.597,20179,20181,20181,1,1
2024-04-26 15:04:23.928,20180,20181,20180,1,-1
2024-04-26 15:04:27.213,20179,20180,20180,1,1
2024-04-26 15:04:30.586,20179,20180,20180,5,5
2024-04-26 15:04:31.903,20179,20180,20180,2,2
2024-04-26 15:04:31.988,20179,20180,20180,1,1
2024-04-26 15:04:32.661,20179,20180,20179,4,-4
2024-04-26 15:04:32.662,20179,20180,20179,1,-1
2024-04-26 15:04:33.790,20179,20180,20179,4,-4
2024-04-26 15:04:34.732,20178,20179,20178,5,-5
2024-04-26 15:04:36.089,20178,20179,20179,1,1
2024-04-26 15:04:40.294,20179,20180,20179,1,-1
2024-04-26 15:04:40.586,20179,20180,20179,1,-1
2024-04-26 15:04:40.586,20179,20180,20179,2,-2
2024-04-26 15:04:41.813,20178,20179,20179,1,1
2024-04-26 15:04:44.981,20179,20180,20179,1,-1
2024-04-26 15:04:47.312,20179,20180,20180,1,1
2024-04-26 15:04:47.313,20179,20180,20180,5,5
2024-04-26 15:04:47.355,20179,20180,20181,1,1
2024-04-26 15:04:48.824,20180,20182,20180,2,-2
2024-04-26 15:04:52.892,20179,20180,20179,3,-3
2024-04-26 15:04:53.151,20179,20180,20180,3,3
2024-04-26 15:04:56.068,20179,20180,20180,1,1
2024-04-26 15:04:56.202,20180,20181,20180,2,-2
2024-04-26 15:05:00.220,20180,20181,20180,3,-3
2024-04-26 15:05:00.805,20180,20182,20180,5,-5
2024-04-26 15:05:00.806,20180,20182,20180,2,-2
2024-04-26 15:05:01.702,20179,20181,20180,2,-2
2024-04-26 15:05:02.017,20179,20180,20179,2,-2
2024-04-26 15:05:02.214,20179,20180,20180,1,1
2024-04-26 15:05:04.667,20179,20180,20180,2,2
2024-04-26 15:05:09.035,20180,20181,20180,1,-1
2024-04-26 15:05:10.787,20180,20181,20180,1,-1
2024-04-26 15:05:10.788,20180,20181,20180,7,-7
2024-04-26 15:05:12.248,20179,20180,20180,1,1
2024-04-26 15:05:14.243,20179,20180,20179,1,-1
2024-04-26 15:05:15.574,20179,20181,20181,1,1
2024-04-26 15:05:17.011,20179,20180,20180,1,1
2024-04-26 15:05:18.720,20179,20180,20179,1,-1
2024-04-26 15:05:19.354,20179,20180,20180,7,7
2024-04-26 15:05:20.243,20181,20182,20182,7,7
2024-04-26 15:05:22.425,20180,20182,20181,1,1
2024-04-26 15:05:36.247,20181,20183,20183,1,1
2024-04-26 15:05:36.471,20181,20183,20181,1,-1
2024-04-26 15:05:37.074,20181,20182,20181,1,-1
2024-04-26 15:05:39.392,20181,20182,20181,1,-1
2024-04-26 15:05:40.496,20181,20182,20181,1,-1
2024-04-26 15:05:41.686,20180,20181,20180,1,-1
2024-04-26 15:05:42.089,20180,20182,20180,3,-3
2024-04-26 15:05:42.089,20180,20182,20179,12,-12
2024-04-26 15:05:42.089,20180,20182,20178,3,-3
2024-04-26 15:05:42.615,20178,20180,20180,2,2
2024-04-26 15:05:45.713,20178,20179,20179,4,4
2024-04-26 15:05:49.054,20179,20181,20179,5,-5
2024-04-26 15:05:49.881,20179,20180,20179,1,-1
2024-04-26 15:05:50.394,20178,20179,20178,5,-5
2024-04-26 15:05:51.465,20178,20179,20178,1,-1
2024-04-26 15:05:53.902,20178,20179,20178,1,-1
2024-04-26 15:05:53.903,20178,20179,20178,2,-2
2024-04-26 15:05:55.104,20177,20178,20177,2,-2
2024-04-26 15:05:55.105,20177,20178,20177,1,-1
2024-04-26 15:05:55.105,20177,20178,20177,1,-1
2024-04-26 15:05:55.105,20177,20178,20177,4,-4
2024-04-26 15:05:55.164,20176,20177,20176,1,-1
2024-04-26 15:05:59.551,20176,20177,20177,1,1
2024-04-26 15:05:59.552,20176,20177,20177,2,2
2024-04-26 15:05:59.574,20176,20177,20177,1,1
2024-04-26 15:06:00.509,20177,20178,20177,2,-2
2024-04-26 15:06:00.521,20177,20178,20177,1,-1
2024-04-26 15:06:01.432,20177,20178,20177,3,-3
2024-04-26 15:06:02.916,20177,20178,20178,1,1
2024-04-26 15:06:03.411,20177,20178,20177,1,-1
2024-04-26 15:06:04.597,20177,20178,20177,1,-1
2024-04-26 15:06:06.565,20177,20178,20177,1,-1
2024-04-26 15:06:06.960,20176,20178,20176,5,-5
2024-04-26 15:06:06.960,20176,20178,20176,1,-1
2024-04-26 15:06:06.960,20176,20178,20176,1,-1
2024-04-26 15:06:06.960,20176,20178,20176,1,-1
2024-04-26 15:06:06.960,20176,20178,20176,1,-1
2024-04-26 15:06:06.960,20176,20178,20176,1,-1
2024-04-26 15:06:06.960,20176,20178,20176,2,-2
2024-04-26 15:06:06.960,20176,20178,20176,1,-1
2024-04-26 15:06:06.960,20176,20178,20176,2,-2
2024-04-26 15:06:06.960,20176,20178,20176,5,-5
2024-04-26 15:06:06.960,20176,20178,20176,6,-6
2024-04-26 15:06:08.099,20175,20177,20177,6,6
2024-04-26 15:06:08.296,20177,20178,20177,1,-1
2024-04-26 15:06:08.979,20177,20178,20177,1,-1
2024-04-26 15:06:10.165,20176,20177,20177,1,1
2024-04-26 15:06:10.472,20176,20177,20176,1,-1
2024-04-26 15:06:12.891,20175,20176,20176,2,2
2024-04-26 15:06:16.747,20175,20176,20176,1,1
2024-04-26 15:06:16.889,20176,20177,20176,1,-1
2024-04-26 15:06:17.140,20176,20177,20176,1,-1
2024-04-26 15:06:17.505,20176,20177,20176,1,-1
2024-04-26 15:06:17.982,20176,20177,20176,1,-1
2024-04-26 15:06:18.042,20176,20177,20177,1,1
2024-04-26 15:06:20.212,20176,20177,20176,2,-2
2024-04-26 15:06:20.920,20176,20177,20176,1,-1
2024-04-26 15:06:22.359,20176,20177,20176,1,-1
2024-04-26 15:06:22.647,20175,20176,20175,1,-1
2024-04-26 15:06:22.648,20175,20176,20175,3,-3
2024-04-26 15:06:22.648,20175,20176,20175,1,-1
2024-04-26 15:06:22.648,20175,20176,20175,1,-1
2024-04-26 15:06:22.648,20175,20176,20175,1,-1
2024-04-26 15:06:22.664,20174,20176,20174,4,-4
2024-04-26 15:06:26.838,20174,20175,20175,1,1
2024-04-26 15:06:27.110,20174,20175,20174,1,-1
2024-04-26 15:06:27.747,20173,20175,20173,5,-5
2024-04-26 15:06:28.180,20173,20174,20174,1,1
2024-04-26 15:06:28.233,20173,20174,20173,1,-1
2024-04-26 15:06:30.186,20173,20174,20173,6,-6
2024-04-26 15:06:30.244,20173,20174,20173,2,-2
2024-04-26 15:06:31.780,20172,20173,20173,1,1
2024-04-26 15:06:36.006,20172,20173,20172,1,-1
2024-04-26 15:06:36.133,20172,20173,20172,2,-2
2024-04-26 15:06:36.133,20172,20173,20171,1,-1
2024-04-26 15:06:36.207,20172,20173,20172,1,-1
2024-04-26 15:06:36.745,20172,20173,20173,1,1
2024-04-26 15:06:36.984,20173,20175,20172,1,-1
2024-04-26 15:06:37.217,20173,20174,20173,1,-1
2024-04-26 15:06:38.911,20173,20175,20173,1,-1
2024-04-26 15:06:39.850,20173,20175,20173,1,-1
2024-04-26 15:06:39.948,20173,20175,20172,1,-1
2024-04-26 15:06:39.948,20173,20175,20173,3,-3
2024-04-26 15:06:43.953,20172,20173,20173,2,2
2024-04-26 15:06:45.031,20172,20173,20173,1,1
2024-04-26 15:06:47.641,20172,20173,20172,1,-1
2024-04-26 15:06:48.419,20171,20173,20173,1,1
2024-04-26 15:06:50.137,20172,20173,20173,1,1
2024-04-26 15:06:50.847,20172,20174,20172,1,-1
2024-04-26 15:06:50.848,20172,20174,20172,3,-3
2024-04-26 15:06:52.086,20171,20172,20171,3,-3
2024-04-26 15:06:52.086,20171,20172,20171,1,-1
2024-04-26 15:06:52.809,20171,20173,20171,1,-1
2024-04-26 15:06:54.339,20170,20172,20170,1,-1
2024-04-26 15:06:54.339,20170,20172,20170,3,-3
2024-04-26 15:06:54.340,20170,20172,20170,1,-1
2024-04-26 15:06:54.343,20170,20172,20170,1,-1
2024-04-26 15:06:54.429,20169,20171,20169,1,-1
2024-04-26 15:06:54.467,20169,20171,20169,1,-1
2024-04-26 15:06:54.520,20169,20171,20169,2,-2
2024-04-26 15:06:54.521,20169,20171,20169,1,-1
2024-04-26 15:06:54.835,20168,20170,20168,2,-2
2024-04-26 15:06:54.957,20168,20170,20168,1,-1
2024-04-26 15:06:55.173,20168,20170,20170,1,1
2024-04-26 15:06:55.174,20168,20170,20170,1,1
2024-04-26 15:06:55.306,20168,20170,20168,1,-1
2024-04-26 15:06:55.360,20168,20170,20168,1,-1
2024-04-26 15:06:55.389,20168,20170,20168,1,-1
2024-04-26 15:06:55.516,20168,20170,20170,2,2
2024-04-26 15:06:55.923,20168,20170,20168,1,-1
2024-04-26 15:06:56.453,20168,20170,20168,5,-5
2024-04-26 15:06:56.880,20168,20169,20168,1,-1
2024-04-26 15:06:57.235,20167,20168,20168,4,4
2024-04-26 15:06:57.450,20168,20170,20168,4,-4
2024-04-26 15:06:57.450,20168,20170,20167,1,-1
2024-04-26 15:06:57.561,20168,20170,20168,4,-4
2024-04-26 15:06:57.561,20168,20170,20167,1,-1
2024-04-26 15:06:58.743,20168,20169,20168,1,-1
2024-04-26 15:06:58.744,20168,20169,20168,4,-4
2024-04-26 15:06:59.183,20168,20169,20168,1,-1
2024-04-26 15:06:59.183,20168,20169,20171,4,4
2024-04-26 15:06:59.183,20168,20169,20169,1,1
2024-04-26 15:06:59.183,20168,20169,20170,10,10
2024-04-26 15:06:59.240,20168,20169,20169,1,1
2024-04-26 15:06:59.240,20168,20169,20168,4,-4
2024-04-26 15:07:01.055,20168,20169,20168,13,-13
2024-04-26 15:07:01.108,20168,20169,20167,1,-1
2024-04-26 15:07:01.108,20168,20169,20167,1,-1
2024-04-26 15:07:01.108,20168,20169,20167,3,-3
2024-04-26 15:07:01.695,20166,20167,20167,1,1
2024-04-26 15:07:02.366,20166,20168,20167,1,1
2024-04-26 15:07:02.985,20167,20168,20167,5,-5
2024-04-26 15:07:03.278,20167,20168,20167,2,-2
2024-04-26 15:07:03.339,20167,20168,20167,1,-1
2024-04-26 15:07:03.736,20167,20168,20167,1,-1
2024-04-26 15:07:06.983,20167,20168,20168,8,8
2024-04-26 15:07:06.983,20167,20168,20168,1,1
2024-04-26 15:07:08.180,20168,20169,20169,3,3
2024-04-26 15:07:08.965,20168,20170,20168,1,-1
2024-04-26 15:07:09.615,20168,20169,20167,13,-13
2024-04-26 15:07:09.615,20168,20169,20168,9,-9
2024-04-26 15:07:09.794,20167,20168,20165,3,-3
2024-04-26 15:07:09.794,20167,20168,20166,14,-14
2024-04-26 15:07:09.794,20167,20168,20167,5,-5
2024-04-26 15:07:09.885,20167,20168,20166,5,-5
2024-04-26 15:07:10.000,20165,20167,20167,1,1
2024-04-26 15:07:10.012,20165,20167,20165,1,-1
2024-04-26 15:07:10.352,20166,20167,20166,1,-1
2024-04-26 15:07:11.401,20165,20167,20165,1,-1
2024-04-26 15:07:12.101,20165,20167,20167,1,1
2024-04-26 15:07:13.242,20165,20167,20165,1,-1
2024-04-26 15:07:13.260,20165,20167,20165,4,-4
2024-04-26 15:07:13.312,20164,20165,20165,4,4
2024-04-26 15:07:13.581,20164,20166,20166,1,1
2024-04-26 15:07:15.753,20166,20167,20166,1,-1
2024-04-26 15:07:15.957,20165,20167,20167,1,1
2024-04-26 15:07:16.166,20165,20167,20165,2,-2
2024-04-26 15:07:18.292,20165,20166,20166,2,2
2024-04-26 15:07:18.292,20165,20166,20167,2,2
2024-04-26 15:07:19.363,20165,20167,20166,4,4
2024-04-26 15:07:20.944,20165,20167,20165,1,-1
2024-04-26 15:07:21.353,20165,20167,20165,1,-1
2024-04-26 15:07:22.550,20165,20167,20165,1,-1
2024-04-26 15:07:22.720,20165,20167,20165,1,-1
2024-04-26 15:07:22.901,20165,20167,20165,1,-1
2024-04-26 15:07:23.110,20165,20167,20165,1,-1
2024-04-26 15:07:23.291,20165,20167,20165,1,-1
2024-04-26 15:07:23.431,20165,20167,20167,4,4
2024-04-26 15:07:24.460,20165,20167,20167,5,5
2024-04-26 15:07:26.237,20165,20167,20165,1,-1
2024-04-26 15:07:26.237,20165,20167,20165,1,-1
2024-04-26 15:07:26.238,20165,20167,20165,6,-6
2024-04-26 15:07:26.329,20164,20165,20165,4,4
2024-04-26 15:07:27.867,20164,20166,20164,2,-2
2024-04-26 15:07:28.093,20164,20166,20164,1,-1
2024-04-26 15:07:28.162,20164,20166,20164,1,-1
2024-04-26 15:07:28.334,20164,20166,20164,1,-1
2024-04-26 15:07:29.872,20164,20165,20165,2,2
2024-04-26 15:07:29.872,20164,20165,20166,2,2
2024-04-26 15:07:30.467,20165,20166,20165,6,-6
2024-04-26 15:07:30.467,20165,20166,20164,8,-8
2024-04-26 15:07:30.467,20165,20166,20163,16,-16
2024-04-26 15:07:30.469,20165,20166,20164,5,-5
2024-04-26 15:07:31.736,20164,20165,20164,1,-1
2024-04-26 15:07:32.329,20164,20165,20165,1,1
2024-04-26 15:07:34.830,20164,20165,20165,6,6
2024-04-26 15:07:35.315,20164,20166,20164,1,-1
2024-04-26 15:07:40.026,20164,20165,20165,1,1
2024-04-26 15:07:40.594,20165,20166,20165,1,-1
2024-04-26 15:07:43.298,20165,20166,20165,1,-1
2024-04-26 15:07:44.226,20165,20166,20165,1,-1
2024-04-26 15:07:46.384,20164,20165,20164,6,-6
2024-04-26 15:07:47.365,20164,20165,20165,4,4
2024-04-26 15:07:48.165,20164,20165,20164,2,-2
2024-04-26 15:07:48.772,20164,20165,20165,1,1
2024-04-26 15:07:49.129,20165,20166,20165,1,-1
2024-04-26 15:07:50.982,20164,20166,20164,1,-1
2024-04-26 15:07:52.092,20164,20165,20165,1,1
2024-04-26 15:07:53.016,20164,20166,20164,2,-2
2024-04-26 15:07:53.078,20164,20166,20166,4,4
2024-04-26 15:07:54.177,20165,20166,20166,1,1
2024-04-26 15:07:54.287,20166,20167,20167,1,1
2024-04-26 15:07:54.350,20166,20167,20167,5,5
2024-04-26 15:07:54.350,20166,20167,20167,1,1
2024-04-26 15:07:55.695,20167,20168,20168,1,1
2024-04-26 15:07:55.695,20167,20168,20168,2,2
2024-04-26 15:07:55.696,20167,20168,20168,2,2
2024-04-26 15:07:57.883,20168,20169,20169,1,1
2024-04-26 15:07:57.933,20169,20170,20170,1,1
2024-04-26 15:07:58.116,20169,20170,20169,2,-2
2024-04-26 15:07:58.188,20168,20170,20170,1,1
2024-04-26 15:07:58.209,20168,20170,20170,1,1
2024-04-26 15:07:58.216,20168,20170,20170,1,1
2024-04-26 15:07:58.262,20168,20170,20170,1,1
2024-04-26 15:07:58.270,20168,20170,20170,1,1
2024-04-26 15:07:58.598,20168,20170,20168,1,-1
2024-04-26 15:08:00.325,20168,20169,20168,1,-1
2024-04-26 15:08:01.150,20167,20169,20169,1,1
2024-04-26 15:08:02.256,20168,20169,20168,1,-1
2024-04-26 15:08:03.059,20167,20169,20169,4,4
2024-04-26 15:08:03.283,20168,20170,20170,1,1
2024-04-26 15:08:03.972,20169,20170,20170,1,1
2024-04-26 15:08:06.024,20169,20170,20170,2,2
2024-04-26 15:08:09.644,20169,20170,20170,1,1
2024-04-26 15:08:09.802,20169,20170,20170,3,3
2024-04-26 15:08:09.804,20169,20170,20171,1,1
2024-04-26 15:08:10.009,20171,20172,20172,2,2
2024-04-26 15:08:10.009,20171,20172,20173,4,4
2024-04-26 15:08:11.427,20171,20173,20173,10,10
2024-04-26 15:08:11.614,20172,20173,20172,1,-1
2024-04-26 15:08:13.087,20172,20173,20172,1,-1
2024-04-26 15:08:16.583,20171,20173,20173,1,1
2024-04-26 15:08:17.662,20171,20173,20173,1,1
2024-04-26 15:08:18.503,20171,20173,20173,1,1
2024-04-26 15:08:18.829,20171,20173,20172,1,1
2024-04-26 15:08:19.785,20172,20173,20173,1,1
2024-04-26 15:08:20.394,20172,20174,20172,2,-2
2024-04-26 15:08:20.394,20172,20174,20172,1,-1
2024-04-26 15:08:20.620,20171,20174,20174,1,1
2024-04-26 15:08:23.656,20171,20173,20173,1,1
2024-04-26 15:08:24.610,20172,20173,20173,1,1
2024-04-26 15:08:24.945,20172,20173,20173,1,1
2024-04-26 15:08:26.024,20172,20173,20173,3,3
2024-04-26 15:08:26.024,20172,20173,20173,2,2
2024-04-26 15:08:26.488,20172,20173,20172,1,-1
2024-04-26 15:08:30.400,20172,20173,20172,2,-2
2024-04-26 15:08:32.061,20172,20173,20172,2,-2
2024-04-26 15:08:33.091,20171,20172,20172,1,1
2024-04-26 15:08:35.711,20171,20172,20171,1,-1
2024-04-26 15:08:35.711,20171,20172,20171,1,-1
2024-04-26 15:08:35.711,20171,20172,20171,3,-3
2024-04-26 15:08:37.956,20170,20171,20171,1,1
2024-04-26 15:08:38.455,20171,20172,20172,1,1
2024-04-26 15:08:40.212,20171,20172,20171,1,-1
2024-04-26 15:08:40.486,20170,20172,20172,1,1
2024-04-26 15:08:40.987,20171,20172,20171,1,-1
2024-04-26 15:08:42.893,20170,20171,20171,1,1
2024-04-26 15:08:44.960,20170,20171,20171,1,1
2024-04-26 15:08:48.932,20171,20172,20171,1,-1
2024-04-26 15:08:51.089,20170,20171,20171,1,1
2024-04-26 15:08:52.196,20171,20172,20171,1,-1
2024-04-26 15:08:52.857,20171,20172,20172,3,3
2024-04-26 15:08:53.921,20170,20172,20170,1,-1
2024-04-26 15:08:54.125,20170,20172,20170,1,-1
2024-04-26 15:08:54.330,20170,20171,20170,2,-2
2024-04-26 15:08:54.330,20170,20171,20170,1,-1
2024-04-26 15:08:54.330,20170,20171,20170,2,-2
2024-04-26 15:08:54.666,20169,20170,20169,1,-1
2024-04-26 15:08:54.978,20169,20170,20169,5,-5
2024-04-26 15:08:55.025,20169,20170,20169,1,-1
2024-04-26 15:08:55.025,20169,20170,20169,1,-1
2024-04-26 15:08:55.025,20169,20170,20169,5,-5
2024-04-26 15:08:55.025,20169,20170,20169,1,-1
2024-04-26 15:08:55.025,20169,20170,20169,11,-11
2024-04-26 15:08:55.025,20169,20170,20169,1,-1
2024-04-26 15:08:55.025,20169,20170,20169,6,-6
2024-04-26 15:08:55.025,20169,20170,20169,1,-1
2024-04-26 15:08:55.025,20169,20170,20169,15,-15
2024-04-26 15:08:55.025,20169,20170,20169,2,-2
2024-04-26 15:08:55.123,20168,20169,20169,1,1
2024-04-26 15:08:55.179,20168,20169,20169,1,1
2024-04-26 15:08:55.439,20169,20171,20169,3,-3
2024-04-26 15:08:55.439,20169,20171,20168,2,-2
2024-04-26 15:08:56.765,20169,20171,20169,4,-4
2024-04-26 15:08:57.460,20168,20169,20169,3,3
2024-04-26 15:08:57.827,20168,20169,20169,3,3
2024-04-26 15:08:59.538,20169,20171,20169,5,-5
2024-04-26 15:09:00.222,20169,20171,20169,2,-2
2024-04-26 15:09:00.933,20168,20169,20168,1,-1
2024-04-26 15:09:01.631,20166,20168,20168,1,1
2024-04-26 15:09:03.561,20167,20168,20167,1,-1
2024-04-26 15:09:06.241,20167,20168,20168,3,3
2024-04-26 15:09:06.863,20167,20168,20167,8,-8
2024-04-26 15:09:07.930,20167,20168,20168,1,1
2024-04-26 15:09:08.769,20167,20168,20168,2,2
2024-04-26 15:09:08.961,20168,20169,20168,1,-1
2024-04-26 15:09:08.961,20168,20169,20167,1,-1
2024-04-26 15:09:09.699,20167,20169,20167,2,-2
2024-04-26 15:09:11.042,20166,20167,20167,5,5
2024-04-26 15:09:13.706,20166,20168,20168,3,3
2024-04-26 15:09:15.116,20166,20168,20166,2,-2
2024-04-26 15:09:17.990,20166,20167,20167,1,1
2024-04-26 15:09:18.502,20166,20168,20166,1,-1
2024-04-26 15:09:20.248,20166,20167,20167,1,1
2024-04-26 15:09:21.181,20166,20167,20167,2,2
2024-04-26 15:09:22.487,20167,20168,20168,3,3
2024-04-26 15:09:26.898,20167,20168,20167,1,-1
2024-04-26 15:09:26.898,20167,20168,20167,1,-1
2024-04-26 15:09:27.448,20166,20168,20168,1,1
2024-04-26 15:09:29.778,20166,20167,20167,1,1
2024-04-26 15:09:31.786,20166,20167,20166,1,-1
2024-04-26 15:09:32.808,20166,20167,20167,3,3
2024-04-26 15:09:35.708,20167,20168,20168,2,2
2024-04-26 15:09:35.708,20167,20168,20168,3,3
2024-04-26 15:09:35.708,20167,20168,20168,1,1
2024-04-26 15:09:35.708,20167,20168,20168,4,4
2024-04-26 15:09:35.708,20167,20168,20168,4,4
2024-04-26 15:09:35.708,20167,20168,20168,1,1
2024-04-26 15:09:35.708,20167,20168,20168,1,1
2024-04-26 15:09:35.708,20167,20168,20168,1,1
2024-04-26 15:09:35.709,20167,20168,20168,1,1
2024-04-26 15:09:35.709,20167,20168,20169,3,3
2024-04-26 15:09:35.709,20167,20168,20169,1,1
2024-04-26 15:09:35.709,20167,20168,20168,4,4
2024-04-26 15:09:35.709,20167,20168,20169,6,6
2024-04-26 15:09:35.709,20167,20168,20168,1,1
2024-04-26 15:09:35.709,20167,20168,20168,1,1
2024-04-26 15:09:35.709,20167,20168,20168,45,45
2024-04-26 15:09:35.709,20167,20168,20168,3,3
2024-04-26 15:09:35.711,20167,20168,20169,1,1
2024-04-26 15:09:35.794,20168,20169,20169,1,1
2024-04-26 15:09:35.820,20168,20169,20169,2,2
2024-04-26 15:09:35.842,20168,20169,20168,1,-1
2024-04-26 15:09:35.842,20168,20169,20167,2,-2
2024-04-26 15:09:36.489,20166,20168,20168,1,1
2024-04-26 15:09:37.566,20166,20168,20167,1,1
2024-04-26 15:09:40.366,20166,20167,20166,1,-1
2024-04-26 15:09:40.366,20166,20167,20166,2,-2
2024-04-26 15:09:40.366,20166,20167,20166,8,-8
2024-04-26 15:09:40.366,20166,20167,20166,6,-6
2024-04-26 15:09:40.597,20165,20166,20165,1,-1
2024-04-26 15:09:40.597,20165,20166,20165,9,-9
2024-04-26 15:09:41.062,20164,20165,20164,1,-1
2024-04-26 15:09:41.063,20164,20165,20164,14,-14
2024-04-26 15:09:41.753,20163,20164,20164,4,4
2024-04-26 15:09:43.998,20163,20165,20163,1,-1
2024-04-26 15:09:46.459,20164,20165,20163,3,-3
2024-04-26 15:09:46.459,20164,20165,20164,1,-1
2024-04-26 15:09:50.948,20163,20164,20163,1,-1
2024-04-26 15:09:52.524,20163,20164,20163,1,-1
2024-04-26 15:09:55.029,20163,20164,20163,3,-3
2024-04-26 15:09:55.659,20162,20164,20163,1,-1
2024-04-26 15:09:56.929,20162,20163,20163,1,1
2024-04-26 15:09:58.077,20162,20163,20163,4,4
2024-04-26 15:10:00.493,20163,20164,20163,2,-2
2024-04-26 15:10:00.600,20163,20164,20163,1,-1
2024-04-26 15:10:00.601,20163,20164,20163,3,-3
2024-04-26 15:10:00.983,20162,20164,20162,2,-2
2024-04-26 15:10:01.229,20162,20163,20162,1,-1
2024-04-26 15:10:01.229,20162,20163,20162,1,-1
2024-04-26 15:10:01.229,20162,20163,20162,1,-1
2024-04-26 15:10:01.229,20162,20163,20162,3,-3
2024-04-26 15:10:01.229,20162,20163,20162,1,-1
2024-04-26 15:10:01.229,20162,20163,20162,8,-8
2024-04-26 15:10:01.229,20162,20163,20162,2,-2
2024-04-26 15:10:01.233,20162,20163,20161,1,-1
2024-04-26 15:10:02.840,20161,20162,20161,1,-1
2024-04-26 15:10:02.841,20161,20162,20161,1,-1
2024-04-26 15:10:02.841,20161,20162,20161,2,-2
2024-04-26 15:10:02.841,20161,20162,20161,1,-1
2024-04-26 15:10:04.085,20161,20162,20162,3,3
2024-04-26 15:10:04.687,20161,20162,20161,5,-5
2024-04-26 15:10:04.688,20161,20162,20161,4,-4
2024-04-26 15:10:04.779,20161,20162,20160,1,-1
2024-04-26 15:10:04.923,20161,20162,20161,1,-1
2024-04-26 15:10:05.070,20160,20162,20161,1,-1
2024-04-26 15:10:05.243,20160,20162,20160,1,-1
2024-04-26 15:10:05.299,20160,20162,20160,1,-1
2024-04-26 15:10:05.396,20160,20162,20160,1,-1
2024-04-26 15:10:05.838,20161,20162,20161,1,-1
2024-04-26 15:10:05.838,20161,20162,20160,3,-3
2024-04-26 15:10:06.318,20160,20161,20160,1,-1
2024-04-26 15:10:07.848,20160,20161,20160,1,-1
2024-04-26 15:10:08.227,20160,20161,20160,1,-1
2024-04-26 15:10:08.969,20160,20161,20160,1,-1
2024-04-26 15:10:09.068,20160,20161,20160,1,-1
2024-04-26 15:10:09.544,20160,20161,20160,1,-1
2024-04-26 15:10:09.701,20160,20161,20161,3,3
2024-04-26 15:10:09.702,20160,20161,20160,1,-1
2024-04-26 15:10:09.853,20160,20161,20160,1,-1
2024-04-26 15:10:09.995,20160,20161,20160,1,-1
2024-04-26 15:10:09.995,20160,20161,20159,1,-1
2024-04-26 15:10:10.001,20160,20161,20159,1,-1
2024-04-26 15:10:10.141,20159,20161,20160,1,-1
2024-04-26 15:10:10.791,20160,20161,20160,1,-1
2024-04-26 15:10:10.952,20159,20161,20159,2,-2
2024-04-26 15:10:10.954,20159,20161,20160,2,-2
2024-04-26 15:10:13.246,20159,20160,20160,1,1
2024-04-26 15:10:14.688,20159,20160,20160,1,1
2024-04-26 15:10:14.854,20160,20161,20160,1,-1
2024-04-26 15:10:15.758,20160,20162,20160,1,-1
2024-04-26 15:10:16.739,20160,20162,20160,1,-1
2024-04-26 15:10:18.898,20161,20162,20162,1,1
2024-04-26 15:10:23.615,20161,20162,20161,1,-1
2024-04-26 15:10:26.579,20160,20162,20162,1,1
2024-04-26 15:10:30.815,20160,20161,20161,1,1
2024-04-26 15:10:31.600,20160,20162,20160,1,-1
2024-04-26 15:10:32.112,20160,20162,20160,1,-1
2024-04-26 15:10:32.113,20160,20162,20160,3,-3
2024-04-26 15:10:32.113,20160,20162,20160,1,-1
2024-04-26 15:10:34.338,20160,20161,20160,1,-1
2024-04-26 15:10:34.338,20160,20161,20159,1,-1
2024-04-26 15:10:35.667,20159,20160,20160,1,1
2024-04-26 15:10:35.891,20159,20161,20161,1,1
2024-04-26 15:10:36.273,20159,20161,20159,1,-1
2024-04-26 15:10:39.910,20159,20161,20159,1,-1
2024-04-26 15:10:43.507,20159,20160,20160,2,2
2024-04-26 15:10:48.185,20160,20161,20161,2,2
2024-04-26 15:10:51.751,20160,20161,20161,1,1
2024-04-26 15:10:54.555,20160,20161,20161,2,2
2024-04-26 15:10:54.556,20160,20161,20161,1,1
2024-04-26 15:10:54.556,20160,20161,20161,3,3
2024-04-26 15:10:56.389,20161,20162,20161,1,-1
2024-04-26 15:11:00.121,20161,20162,20162,1,1
2024-04-26 15:11:00.121,20161,20162,20162,1,1
2024-04-26 15:11:00.122,20161,20162,20162,3,3
2024-04-26 15:11:00.721,20162,20163,20162,1,-1
2024-04-26 15:11:02.204,20161,20163,20162,3,-3
2024-04-26 15:11:02.804,20162,20163,20162,1,-1
2024-04-26 15:11:03.986,20162,20163,20162,1,-1
2024-04-26 15:11:08.023,20161,20163,20163,3,3
2024-04-26 15:11:08.118,20161,20163,20161,1,-1
2024-04-26 15:11:14.619,20162,20163,20163,4,4
2024-04-26 15:11:14.620,20162,20163,20163,6,6
2024-04-26 15:11:14.620,20162,20163,20163,1,1
2024-04-26 15:11:14.620,20162,20163,20163,1,1
2024-04-26 15:11:14.620,20162,20163,20163,2,2
2024-04-26 15:11:16.143,20162,20164,20162,1,-1
2024-04-26 15:11:22.627,20162,20164,20164,1,1
2024-04-26 15:11:25.292,20163,20164,20163,1,-1
2024-04-26 15:11:26.311,20163,20164,20163,1,-1
2024-04-26 15:11:30.103,20162,20164,20163,1,-1
2024-04-26 15:11:30.725,20162,20163,20163,1,1
2024-04-26 15:11:30.772,20162,20163,20163,2,2
2024-04-26 15:11:31.129,20162,20163,20162,3,-3
2024-04-26 15:11:31.132,20162,20163,20161,1,-1
2024-04-26 15:11:31.134,20162,20163,20161,2,-2
2024-04-26 15:11:33.352,20161,20162,20161,1,-1
2024-04-26 15:11:33.468,20160,20162,20162,1,1
2024-04-26 15:11:33.496,20160,20162,20163,1,1
2024-04-26 15:11:33.496,20160,20162,20163,2,2
2024-04-26 15:11:48.595,20161,20163,20161,1,-1
2024-04-26 15:11:58.695,20160,20161,20161,3,3
2024-04-26 15:11:58.751,20160,20161,20162,1,1
2024-04-26 15:11:58.751,20160,20161,20162,1,1
2024-04-26 15:12:03.087,20161,20163,20161,2,-2
2024-04-26 15:12:04.339,20162,20163,20162,4,-4
2024-04-26 15:12:11.653,20162,20163,20164,4,4
2024-04-26 15:12:11.653,20162,20163,20163,1,1
2024-04-26 15:12:14.761,20163,20164,20164,1,1
2024-04-26 15:12:15.294,20163,20164,20164,2,2
2024-04-26 15:12:16.179,20163,20164,20164,1,1
2024-04-26 15:12:16.320,20163,20164,20163,7,-7
2024-04-26 15:12:16.320,20163,20164,20162,3,-3
2024-04-26 15:12:21.025,20161,20162,20161,1,-1
2024-04-26 15:12:24.203,20161,20162,20162,4,4
2024-04-26 15:12:24.203,20161,20162,20163,4,4
2024-04-26 15:12:25.487,20162,20164,20162,1,-1
2024-04-26 15:12:25.805,20162,20164,20162,1,-1
2024-04-26 15:12:27.809,20162,20163,20162,2,-2
2024-04-26 15:12:29.392,20162,20164,20162,1,-1
2024-04-26 15:12:31.892,20161,20162,20162,1,1
2024-04-26 15:12:32.847,20161,20162,20161,1,-1
2024-04-26 15:12:33.217,20161,20162,20161,1,-1
2024-04-26 15:12:37.586,20161,20162,20162,2,2
2024-04-26 15:12:38.010,20161,20162,20162,1,1
2024-04-26 15:12:38.010,20161,20162,20163,4,4
2024-04-26 15:12:38.722,20161,20163,20161,1,-1
2024-04-26 15:12:39.413,20161,20162,20161,1,-1
2024-04-26 15:12:42.848,20161,20163,20161,1,-1
2024-04-26 15:12:47.540,20161,20162,20161,1,-1
2024-04-26 15:12:49.474,20161,20162,20161,5,-5
2024-04-26 15:12:50.827,20160,20161,20160,5,-5
2024-04-26 15:12:50.827,20160,20161,20160,2,-2
2024-04-26 15:12:50.827,20160,20161,20160,5,-5
2024-04-26 15:12:51.015,20159,20160,20159,13,-13
2024-04-26 15:12:51.016,20159,20160,20159,3,-3
2024-04-26 15:12:51.016,20159,20160,20159,5,-5
2024-04-26 15:12:51.016,20159,20160,20159,4,-4
2024-04-26 15:12:51.016,20159,20160,20159,1,-1
2024-04-26 15:12:51.017,20159,20160,20158,5,-5
2024-04-26 15:12:51.057,20158,20159,20158,1,-1
2024-04-26 15:12:51.059,20158,20159,20158,1,-1
2024-04-26 15:12:51.108,20158,20159,20158,1,-1
2024-04-26 15:12:52.241,20157,20158,20158,1,1
2024-04-26 15:12:52.241,20157,20158,20159,1,1
2024-04-26 15:12:53.606,20157,20159,20159,1,1
2024-04-26 15:12:53.662,20158,20159,20158,1,-1
2024-04-26 15:12:58.648,20157,20158,20158,1,1
2024-04-26 15:12:59.968,20158,20159,20159,2,2
2024-04-26 15:13:01.009,20158,20159,20158,1,-1
2024-04-26 15:13:01.441,20158,20159,20158,1,-1
2024-04-26 15:13:02.796,20158,20159,20159,3,3
2024-04-26 15:13:02.876,20158,20159,20159,4,4
2024-04-26 15:13:02.876,20158,20159,20159,2,2
2024-04-26 15:13:03.970,20159,20160,20159,1,-1
2024-04-26 15:13:05.202,20159,20160,20160,2,2
2024-04-26 15:13:05.202,20159,20160,20160,1,1
2024-04-26 15:13:05.202,20159,20160,20160,2,2
2024-04-26 15:13:05.202,20159,20160,20160,6,6
2024-04-26 15:13:05.202,20159,20160,20160,2,2
2024-04-26 15:13:05.203,20159,20160,20160,1,1
2024-04-26 15:13:08.134,20159,20161,20160,1,1
2024-04-26 15:13:09.876,20159,20160,20160,1,1
2024-04-26 15:13:10.113,20159,20161,20161,2,2
2024-04-26 15:13:11.765,20159,20160,20160,2,2
2024-04-26 15:13:14.162,20159,20160,20159,1,-1
2024-04-26 15:13:14.570,20158,20159,20158,7,-7
2024-04-26 15:13:14.570,20158,20159,20158,4,-4
2024-04-26 15:13:14.570,20158,20159,20158,1,-1
2024-04-26 15:13:14.570,20158,20159,20158,1,-1
2024-04-26 15:13:15.906,20157,20158,20158,1,1
2024-04-26 15:13:17.064,20157,20158,20158,1,1
2024-04-26 15:13:18.034,20157,20159,20157,1,-1
2024-04-26 15:13:19.065,20157,20158,20157,1,-1
2024-04-26 15:13:19.913,20157,20158,20157,1,-1
2024-04-26 15:13:19.913,20157,20158,20157,1,-1
2024-04-26 15:13:19.913,20157,20158,20157,1,-1
2024-04-26 15:13:21.126,20156,20157,20157,1,1
2024-04-26 15:13:21.128,20156,20157,20158,1,1
2024-04-26 15:13:22.530,20157,20158,20158,2,2
2024-04-26 15:13:24.507,20158,20160,20158,5,-5
2024-04-26 15:13:26.615,20158,20159,20158,2,-2
2024-04-26 15:13:29.684,20158,20159,20159,1,1
2024-04-26 15:13:33.690,20159,20160,20160,4,4
2024-04-26 15:13:34.947,20160,20161,20160,1,-1
2024-04-26 15:13:34.974,20160,20161,20160,2,-2
2024-04-26 15:13:39.287,20160,20161,20161,4,4
2024-04-26 15:13:39.676,20161,20163,20161,1,-1
2024-04-26 15:13:45.106,20161,20163,20163,2,2
2024-04-26 15:13:47.618,20161,20163,20163,1,1
2024-04-26 15:13:53.739,20162,20163,20163,1,1
2024-04-26 15:13:55.828,20162,20163,20162,1,-1
2024-04-26 15:13:56.102,20162,20163,20162,4,-4
2024-04-26 15:13:58.691,20162,20163,20163,1,1
2024-04-26 15:14:00.719,20162,20163,20162,1,-1
2024-04-26 15:14:01.677,20162,20163,20162,1,-1
2024-04-26 15:14:03.320,20162,20163,20163,2,2
2024-04-26 15:14:03.837,20163,20164,20163,1,-1
2024-04-26 15:14:05.759,20163,20164,20164,2,2
2024-04-26 15:14:05.760,20163,20164,20164,2,2
2024-04-26 15:14:07.371,20164,20165,20164,1,-1
2024-04-26 15:14:09.065,20164,20165,20164,1,-1
2024-04-26 15:14:10.056,20164,20165,20165,1,1
2024-04-26 15:14:10.897,20164,20165,20164,5,-5
2024-04-26 15:14:11.365,20164,20165,20164,5,-5
2024-04-26 15:14:13.210,20163,20164,20163,5,-5
2024-04-26 15:14:23.629,20163,20164,20163,16,-16
2024-04-26 15:14:23.708,20162,20163,20163,2,2
2024-04-26 15:14:24.026,20162,20163,20162,3,-3
2024-04-26 15:14:27.401,20161,20163,20163,2,2
2024-04-26 15:14:32.672,20162,20163,20162,1,-1
2024-04-26 15:14:44.105,20162,20163,20162,1,-1
2024-04-26 15:14:59.310,20162,20163,20163,1,1
2024-04-26 15:15:01.865,20163,20164,20163,1,-1
2024-04-26 15:15:02.073,20163,20164,20164,2,2
2024-04-26 15:15:02.362,20163,20164,20164,4,4
2024-04-26 15:15:02.628,20163,20164,20164,1,1
2024-04-26 15:15:06.571,20164,20165,20164,1,-1
2024-04-26 15:15:06.571,20164,20165,20164,1,-1
2024-04-26 15:15:06.572,20164,20165,20164,1,-1
2024-04-26 15:15:06.572,20164,20165,20164,1,-1
2024-04-26 15:15:07.015,20162,20164,20164,1,1
2024-04-26 15:15:07.075,20163,20165,20165,1,1
2024-04-26 15:15:07.100,20163,20165,20165,1,1
2024-04-26 15:15:08.803,20162,20164,20164,1,1
2024-04-26 15:15:09.397,20162,20164,20164,1,1
2024-04-26 15:15:10.574,20162,20164,20164,1,1
2024-04-26 15:15:12.258,20162,20164,20164,5,5
2024-04-26 15:15:15.701,20163,20164,20164,1,1
2024-04-26 15:15:21.981,20164,20165,20165,1,1
2024-04-26 15:15:29.092,20164,20165,20165,1,1
2024-04-26 15:15:29.092,20164,20165,20165,14,14
2024-04-26 15:15:29.161,20165,20166,20165,1,-1
2024-04-26 15:15:30.787,20165,20166,20166,3,3
2024-04-26 15:15:30.787,20165,20166,20166,1,1
2024-04-26 15:15:30.787,20165,20166,20166,2,2
2024-04-26 15:15:30.911,20166,20167,20167,1,1
2024-04-26 15:15:30.912,20166,20167,20166,1,-1
2024-04-26 15:15:30.964,20166,20167,20167,1,1
2024-04-26 15:15:32.044,20166,20167,20166,1,-1
2024-04-26 15:15:34.413,20166,20167,20166,1,-1
2024-04-26 15:15:34.573,20165,20167,20165,3,-3
2024-04-26 15:15:35.678,20166,20167,20166,1,-1
2024-04-26 15:15:39.753,20164,20166,20166,2,2
2024-04-26 15:15:41.063,20164,20166,20166,2,2
2024-04-26 15:15:44.013,20165,20166,20166,1,1
2024-04-26 15:15:45.919,20166,20167,20167,1,1
2024-04-26 15:15:46.700,20166,20167,20166,2,-2
2024-04-26 15:15:47.608,20166,20167,20167,1,1
2024-04-26 15:15:48.270,20166,20167,20166,3,-3
2024-04-26 15:15:48.540,20165,20166,20166,1,1
2024-04-26 15:15:51.490,20165,20166,20165,3,-3
2024-04-26 15:15:51.490,20165,20166,20165,6,-6
2024-04-26 15:15:51.978,20164,20165,20165,3,3
2024-04-26 15:15:51.979,20164,20165,20165,1,1
2024-04-26 15:15:52.585,20164,20166,20166,2,2
2024-04-26 15:15:57.559,20165,20166,20166,1,1
2024-04-26 15:16:04.810,20164,20166,20166,1,1
2024-04-26 15:16:05.305,20164,20166,20166,1,1
2024-04-26 15:16:06.712,20165,20166,20166,1,1
2024-04-26 15:16:06.713,20165,20166,20166,3,3
2024-04-26 15:16:14.986,20165,20167,20165,1,-1
2024-04-26 15:16:16.628,20165,20167,20165,1,-1
2024-04-26 15:16:17.901,20165,20167,20165,1,-1
2024-04-26 15:16:20.223,20166,20167,20166,1,-1
2024-04-26 15:16:22.701,20166,20167,20167,3,3
2024-04-26 15:16:22.701,20166,20167,20168,2,2
2024-04-26 15:16:23.773,20166,20168,20168,1,1
2024-04-26 15:16:35.302,20165,20166,20166,1,1
2024-04-26 15:16:48.165,20167,20168,20167,1,-1
2024-04-26 15:16:50.258,20166,20167,20167,1,1
2024-04-26 15:16:50.451,20166,20168,20168,1,1
2024-04-26 15:16:53.431,20166,20167,20166,3,-3
2024-04-26 15:16:54.424,20165,20166,20166,1,1
2024-04-26 15:16:55.418,20165,20167,20165,1,-1
2024-04-26 15:16:57.117,20165,20166,20165,6,-6
2024-04-26 15:16:57.117,20165,20166,20165,2,-2
2024-04-26 15:16:57.117,20165,20166,20165,1,-1
2024-04-26 15:16:57.135,20165,20166,20165,1,-1
2024-04-26 15:16:59.009,20165,20166,20165,1,-1
2024-04-26 15:17:06.359,20165,20166,20166,1,1
2024-04-26 15:17:06.359,20165,20166,20166,1,1
2024-04-26 15:17:10.655,20165,20166,20165,2,-2
2024-04-26 15:17:13.750,20165,20166,20165,3,-3
2024-04-26 15:17:17.663,20164,20165,20165,1,1
2024-04-26 15:17:18.704,20164,20166,20166,1,1
2024-04-26 15:17:28.755,20164,20165,20165,1,1
2024-04-26 15:17:48.246,20164,20165,20164,1,-1
2024-04-26 15:17:48.246,20164,20165,20164,3,-3
2024-04-26 15:17:48.246,20164,20165,20164,1,-1
2024-04-26 15:17:50.186,20164,20165,20164,1,-1
2024-04-26 15:17:55.315,20164,20165,20164,1,-1
2024-04-26 15:17:55.315,20164,20165,20163,2,-2
2024-04-26 15:17:55.645,20163,20165,20163,2,-2
2024-04-26 15:18:03.576,20163,20164,20163,1,-1
2024-04-26 15:18:03.576,20163,20164,20163,1,-1
2024-04-26 15:18:03.576,20163,20164,20163,1,-1
2024-04-26 15:18:03.577,20163,20164,20163,1,-1
2024-04-26 15:18:03.577,20163,20164,20163,1,-1
2024-04-26 15:18:03.577,20163,20164,20163,2,-2
2024-04-26 15:18:03.577,20163,20164,20163,3,-3
2024-04-26 15:18:03.834,20162,20163,20162,2,-2
2024-04-26 15:18:03.834,20162,20163,20162,1,-1
2024-04-26 15:18:03.834,20162,20163,20162,7,-7
2024-04-26 15:18:04.986,20161,20162,20161,2,-2
2024-04-26 15:18:06.463,20161,20162,20162,1,1
2024-04-26 15:18:07.982,20161,20162,20161,5,-5
2024-04-26 15:18:12.414,20161,20162,20162,1,1
2024-04-26 15:18:12.708,20162,20163,20162,1,-1
2024-04-26 15:18:19.564,20162,20164,20162,4,-4
2024-04-26 15:18:29.049,20161,20162,20162,1,1
2024-04-26 15:18:38.552,20161,20162,20162,1,1
2024-04-26 15:18:39.624,20161,20162,20161,3,-3
2024-04-26 15:18:39.787,20160,20161,20160,5,-5
2024-04-26 15:18:39.788,20160,20161,20160,1,-1
2024-04-26 15:18:39.788,20160,20161,20160,1,-1
2024-04-26 15:18:42.676,20159,20160,20159,1,-1
2024-04-26 15:18:42.676,20159,20160,20158,1,-1
2024-04-26 15:18:50.435,20158,20159,20158,1,-1
2024-04-26 15:18:55.123,20159,20160,20160,1,1
2024-04-26 15:18:55.124,20159,20160,20160,1,1
2024-04-26 15:18:56.201,20159,20161,20161,1,1
2024-04-26 15:18:56.454,20159,20161,20159,5,-5
2024-04-26 15:18:57.255,20159,20161,20159,1,-1
2024-04-26 15:18:59.808,20158,20159,20159,1,1
2024-04-26 15:19:05.411,20160,20161,20161,1,1
2024-04-26 15:19:06.874,20161,20162,20161,1,-1
2024-04-26 15:19:09.314,20161,20162,20161,2,-2
2024-04-26 15:19:12.319,20161,20162,20162,2,2
2024-04-26 15:19:12.319,20161,20162,20162,9,9
2024-04-26 15:19:12.411,20162,20164,20162,1,-1
2024-04-26 15:19:14.620,20162,20164,20162,1,-1
2024-04-26 15:19:17.562,20162,20163,20162,7,-7
2024-04-26 15:19:21.201,20161,20162,20161,1,-1
2024-04-26 15:19:28.922,20159,20161,20161,3,3
2024-04-26 15:19:30.766,20159,20160,20159,1,-1
2024-04-26 15:19:34.618,20159,20161,20159,1,-1
2024-04-26 15:19:34.618,20159,20161,20158,1,-1
2024-04-26 15:19:36.894,20158,20160,20158,2,-2
2024-04-26 15:19:37.255,20158,20159,20158,1,-1
2024-04-26 15:19:38.033,20158,20159,20158,2,-2
2024-04-26 15:19:38.456,20157,20159,20157,5,-5
2024-04-26 15:19:38.698,20157,20158,20157,1,-1
2024-04-26 15:19:38.715,20157,20158,20156,1,-1
2024-04-26 15:19:38.715,20157,20158,20156,6,-6
2024-04-26 15:19:38.716,20157,20158,20156,2,-2
2024-04-26 15:19:38.716,20157,20158,20156,3,-3
2024-04-26 15:19:38.717,20157,20158,20156,1,-1
2024-04-26 15:19:38.717,20157,20158,20156,5,-5
2024-04-26 15:19:38.717,20157,20158,20156,1,-1
2024-04-26 15:19:38.717,20157,20158,20156,1,-1
2024-04-26 15:19:38.717,20157,20158,20156,5,-5
2024-04-26 15:19:38.719,20157,20158,20155,1,-1
2024-04-26 15:19:38.719,20157,20158,20155,1,-1
2024-04-26 15:19:38.719,20157,20158,20155,4,-4
2024-04-26 15:19:38.720,20157,20158,20154,1,-1
2024-04-26 15:19:38.753,20157,20158,20154,1,-1
2024-04-26 15:19:38.754,20157,20158,20154,3,-3
2024-04-26 15:19:38.754,20157,20158,20154,2,-2
2024-04-26 15:19:38.759,20157,20158,20155,3,-3
2024-04-26 15:19:38.813,20153,20155,20153,1,-1
2024-04-26 15:19:38.832,20153,20155,20153,1,-1
2024-04-26 15:19:38.833,20153,20155,20153,1,-1
2024-04-26 15:19:38.885,20153,20155,20153,5,-5
2024-04-26 15:19:38.885,20153,20155,20153,7,-7
2024-04-26 15:19:38.886,20153,20155,20152,2,-2
2024-04-26 15:19:38.935,20152,20153,20152,1,-1
2024-04-26 15:19:38.948,20152,20153,20152,1,-1
2024-04-26 15:19:38.995,20152,20153,20152,2,-2
2024-04-26 15:19:38.996,20152,20153,20152,1,-1
2024-04-26 15:19:38.999,20152,20153,20152,1,-1
2024-04-26 15:19:39.012,20152,20153,20152,1,-1
2024-04-26 15:19:39.028,20152,20153,20151,1,-1
2024-04-26 15:19:39.066,20151,20153,20151,1,-1
2024-04-26 15:19:39.095,20151,20153,20151,1,-1
2024-04-26 15:19:39.146,20151,20153,20151,1,-1
2024-04-26 15:19:39.236,20151,20153,20151,1,-1
2024-04-26 15:19:39.459,20151,20153,20151,8,-8
2024-04-26 15:19:39.804,20151,20153,20150,1,-1
2024-04-26 15:19:39.917,20150,20152,20150,10,-10
2024-04-26 15:19:40.143,20150,20152,20151,1,-1
2024-04-26 15:19:45.826,20151,20152,20151,1,-1
2024-04-26 15:19:47.823,20151,20152,20152,1,1
2024-04-26 15:19:48.016,20151,20152,20151,1,-1
2024-04-26 15:19:48.016,20151,20152,20151,2,-2
2024-04-26 15:19:49.165,20151,20152,20151,2,-2
2024-04-26 15:19:50.531,20151,20152,20151,1,-1
2024-04-26 15:19:50.618,20151,20152,20152,2,2
2024-04-26 15:19:50.695,20151,20153,20151,2,-2
2024-04-26 15:19:51.417,20152,20153,20152,1,-1
2024-04-26 15:19:52.350,20151,20153,20151,1,-1
2024-04-26 15:19:55.476,20152,20154,20152,1,-1
2024-04-26 15:19:56.400,20152,20153,20152,2,-2
2024-04-26 15:19:56.909,20151,20152,20152,1,1
2024-04-26 15:19:56.914,20151,20152,20152,1,1
2024-04-26 15:19:56.914,20151,20152,20152,1,1
2024-04-26 15:19:57.269,20152,20154,20152,2,-2
2024-04-26 15:19:57.424,20152,20154,20152,1,-1
2024-04-26 15:20:05.601,20153,20154,20153,1,-1
2024-04-26 15:20:06.095,20153,20154,20153,2,-2
2024-04-26 15:20:11.710,20153,20154,20153,1,-1
2024-04-26 15:20:14.017,20152,20154,20153,1,-1
2024-04-26 15:20:14.415,20153,20154,20154,2,2
2024-04-26 15:20:15.265,20153,20155,20153,1,-1
2024-04-26 15:20:19.852,20154,20155,20154,1,-1
2024-04-26 15:20:21.554,20153,20154,20153,2,-2
2024-04-26 15:20:21.661,20153,20154,20153,1,-1
2024-04-26 15:20:22.697,20153,20154,20153,1,-1
2024-04-26 15:20:25.310,20153,20154,20153,2,-2
2024-04-26 15:20:29.852,20153,20154,20153,1,-1
2024-04-26 15:20:30.270,20152,20153,20152,5,-5
2024-04-26 15:20:30.291,20152,20153,20152,1,-1
2024-04-26 15:20:30.622,20152,20153,20153,1,1
2024-04-26 15:20:31.190,20152,20153,20153,1,1
2024-04-26 15:20:33.475,20152,20153,20153,2,2
2024-04-26 15:20:33.476,20152,20153,20153,2,2
2024-04-26 15:20:34.353,20152,20153,20152,1,-1
2024-04-26 15:20:35.351,20152,20153,20152,1,-1
2024-04-26 15:20:40.294,20152,20153,20152,5,-5
2024-04-26 15:20:41.320,20151,20153,20153,1,1
2024-04-26 15:20:43.535,20151,20153,20151,17,-17
2024-04-26 15:20:43.535,20151,20153,20150,38,-38
2024-04-26 15:20:43.537,20151,20153,20150,6,-6
2024-04-26 15:20:43.539,20151,20153,20149,5,-5
2024-04-26 15:20:43.687,20148,20149,20148,1,-1
2024-04-26 15:20:43.688,20148,20149,20148,1,-1
2024-04-26 15:20:43.688,20148,20149,20148,2,-2
2024-04-26 15:20:43.688,20148,20149,20148,1,-1
2024-04-26 15:20:43.688,20148,20149,20148,1,-1
2024-04-26 15:20:43.688,20148,20149,20148,1,-1
2024-04-26 15:20:43.688,20148,20149,20148,2,-2
2024-04-26 15:20:44.159,20147,20148,20148,1,1
2024-04-26 15:20:44.484,20147,20148,20148,1,1
2024-04-26 15:20:45.146,20147,20148,20147,1,-1
2024-04-26 15:20:45.147,20147,20148,20147,1,-1
2024-04-26 15:20:45.147,20147,20148,20147,1,-1
2024-04-26 15:20:45.258,20146,20147,20146,1,-1
2024-04-26 15:20:45.274,20146,20147,20146,1,-1
2024-04-26 15:20:45.278,20146,20147,20146,1,-1
2024-04-26 15:20:45.280,20146,20147,20146,1,-1
2024-04-26 15:20:45.284,20146,20147,20146,1,-1
2024-04-26 15:20:45.303,20146,20147,20147,1,1
2024-04-26 15:20:45.305,20146,20147,20146,1,-1
2024-04-26 15:20:45.314,20146,20147,20147,1,1
2024-04-26 15:20:45.324,20146,20147,20146,9,-9
2024-04-26 15:20:45.325,20146,20147,20146,5,-5
2024-04-26 15:20:45.325,20146,20147,20146,1,-1
2024-04-26 15:20:45.331,20146,20147,20145,1,-1
2024-04-26 15:20:45.332,20146,20147,20145,2,-2
2024-04-26 15:20:45.332,20146,20147,20145,2,-2
2024-04-26 15:20:45.332,20146,20147,20145,1,-1
2024-04-26 15:20:45.332,20146,20147,20145,1,-1
2024-04-26 15:20:45.332,20146,20147,20145,2,-2
2024-04-26 15:20:45.332,20146,20147,20145,2,-2
2024-04-26 15:20:45.365,20146,20147,20144,1,-1
2024-04-26 15:20:45.388,20146,20147,20144,1,-1
2024-04-26 15:20:45.389,20146,20147,20144,4,-4
2024-04-26 15:20:45.389,20146,20147,20144,3,-3
2024-04-26 15:20:45.401,20146,20147,20143,1,-1
2024-04-26 15:20:45.405,20146,20147,20143,1,-1
2024-04-26 15:20:45.413,20143,20144,20143,1,-1
2024-04-26 15:20:45.425,20143,20144,20143,1,-1
2024-04-26 15:20:45.455,20143,20144,20143,12,-12
2024-04-26 15:20:45.457,20143,20144,20142,1,-1
2024-04-26 15:20:45.474,20143,20144,20142,1,-1
2024-04-26 15:20:45.567,20142,20143,20142,3,-3
2024-04-26 15:20:45.715,20142,20143,20142,2,-2
2024-04-26 15:20:45.721,20142,20143,20142,4,-4
2024-04-26 15:20:45.752,20142,20143,20142,2,-2
2024-04-26 15:20:45.752,20142,20143,20142,1,-1
2024-04-26 15:20:45.752,20142,20143,20142,4,-4
2024-04-26 15:20:45.752,20142,20143,20142,2,-2
2024-04-26 15:20:45.796,20141,20142,20141,2,-2
2024-04-26 15:20:45.838,20141,20142,20141,1,-1
2024-04-26 15:20:45.893,20141,20142,20142,1,1
2024-04-26 15:20:46.042,20141,20143,20141,1,-1
2024-04-26 15:20:46.058,20141,20143,20141,1,-1
2024-04-26 15:20:46.072,20141,20143,20141,1,-1
2024-04-26 15:20:46.218,20141,20143,20141,1,-1
2024-04-26 15:20:46.259,20141,20143,20141,1,-1
2024-04-26 15:20:46.271,20141,20143,20141,1,-1
2024-04-26 15:20:47.409,20142,20143,20143,1,1
2024-04-26 15:20:48.291,20143,20144,20142,2,-2
2024-04-26 15:20:48.291,20143,20144,20143,1,-1
2024-04-26 15:20:49.242,20142,20144,20142,1,-1
2024-04-26 15:20:49.317,20142,20144,20142,5,-5
2024-04-26 15:20:49.568,20142,20143,20143,3,3
2024-04-26 15:20:49.568,20142,20143,20144,7,7
2024-04-26 15:20:50.052,20142,20144,20142,1,-1
2024-04-26 15:20:50.130,20142,20144,20142,1,-1
2024-04-26 15:20:52.714,20142,20143,20142,1,-1
2024-04-26 15:20:52.731,20142,20143,20141,5,-5
2024-04-26 15:20:53.179,20141,20142,20142,1,1
2024-04-26 15:20:53.307,20141,20142,20142,4,4
2024-04-26 15:20:53.307,20141,20142,20143,14,14
2024-04-26 15:20:53.307,20141,20142,20144,12,12
2024-04-26 15:20:53.374,20141,20142,20144,1,1
2024-04-26 15:20:53.982,20143,20145,20145,1,1
2024-04-26 15:20:54.014,20143,20145,20143,1,-1
2024-04-26 15:20:54.112,20143,20145,20143,1,-1
2024-04-26 15:20:54.913,20142,20144,20144,2,2
2024-04-26 15:20:55.042,20143,20144,20144,1,1
2024-04-26 15:20:55.145,20143,20144,20143,2,-2
2024-04-26 15:20:57.761,20143,20144,20144,1,1
2024-04-26 15:21:01.343,20143,20145,20143,1,-1
2024-04-26 15:21:01.343,20143,20145,20142,4,-4
2024-04-26 15:21:01.370,20143,20145,20142,1,-1
2024-04-26 15:21:01.413,20142,20144,20142,1,-1
2024-04-26 15:21:01.413,20142,20144,20142,1,-1
2024-04-26 15:21:01.427,20142,20144,20142,1,-1
2024-04-26 15:21:01.427,20142,20144,20142,1,-1
2024-04-26 15:21:01.498,20142,20144,20141,2,-2
2024-04-26 15:21:01.498,20142,20144,20141,3,-3
2024-04-26 15:21:01.498,20142,20144,20141,1,-1
2024-04-26 15:21:01.831,20141,20142,20141,1,-1
2024-04-26 15:21:01.831,20141,20142,20140,1,-1
2024-04-26 15:21:01.978,20140,20142,20140,4,-4
2024-04-26 15:21:01.998,20140,20142,20140,1,-1
2024-04-26 15:21:02.102,20140,20141,20140,1,-1
2024-04-26 15:21:02.161,20140,20141,20140,1,-1
2024-04-26 15:21:02.162,20140,20141,20140,1,-1
2024-04-26 15:21:02.189,20140,20141,20140,1,-1
2024-04-26 15:21:02.189,20140,20141,20140,6,-6
2024-04-26 15:21:02.193,20140,20141,20139,3,-3
2024-04-26 15:21:02.193,20140,20141,20139,1,-1
2024-04-26 15:21:02.193,20140,20141,20139,1,-1
2024-04-26 15:21:02.193,20140,20141,20139,2,-2
2024-04-26 15:21:02.197,20140,20141,20138,1,-1
2024-04-26 15:21:02.198,20140,20141,20138,1,-1
2024-04-26 15:21:02.198,20140,20141,20138,1,-1
2024-04-26 15:21:02.198,20140,20141,20138,1,-1
2024-04-26 15:21:02.199,20140,20141,20138,1,-1
2024-04-26 15:21:02.199,20140,20141,20138,3,-3
2024-04-26 15:21:02.199,20140,20141,20138,5,-5
2024-04-26 15:21:02.200,20140,20141,20137,1,-1
2024-04-26 15:21:02.210,20140,20141,20137,1,-1
2024-04-26 15:21:02.304,20137,20138,20137,1,-1
2024-04-26 15:21:02.320,20137,20138,20138,2,2
2024-04-26 15:21:02.322,20137,20138,20139,1,1
2024-04-26 15:21:02.347,20137,20138,20137,1,-1
2024-04-26 15:21:02.369,20137,20138,20137,1,-1
2024-04-26 15:21:02.400,20137,20138,20138,1,1
2024-04-26 15:21:02.529,20138,20139,20138,1,-1
2024-04-26 15:21:02.608,20138,20140,20138,1,-1
2024-04-26 15:21:02.753,20138,20140,20138,1,-1
2024-04-26 15:21:03.584,20137,20139,20137,1,-1
2024-04-26 15:21:04.076,20137,20139,20137,1,-1
2024-04-26 15:21:04.084,20137,20139,20137,1,-1
2024-04-26 15:21:04.127,20137,20139,20137,1,-1
2024-04-26 15:21:04.260,20137,20139,20137,1,-1
2024-04-26 15:21:04.425,20136,20138,20136,1,-1
2024-04-26 15:21:04.950,20136,20138,20136,1,-1
2024-04-26 15:21:04.983,20136,20138,20138,1,1
2024-04-26 15:21:05.445,20136,20138,20136,1,-1
2024-04-26 15:21:05.794,20136,20138,20136,1,-1
2024-04-26 15:21:05.836,20136,20138,20136,1,-1
2024-04-26 15:21:05.888,20136,20138,20135,1,-1
2024-04-26 15:21:06.034,20135,20137,20135,1,-1
2024-04-26 15:21:06.590,20135,20137,20135,1,-1
2024-04-26 15:21:06.862,20135,20137,20135,1,-1
2024-04-26 15:21:07.516,20135,20137,20135,3,-3
2024-04-26 15:21:07.522,20135,20137,20136,2,-2
2024-04-26 15:21:07.537,20135,20137,20135,1,-1
2024-04-26 15:21:07.538,20135,20137,20135,1,-1
2024-04-26 15:21:07.761,20135,20137,20137,5,5
2024-04-26 15:21:07.812,20137,20138,20138,1,1
2024-04-26 15:21:07.854,20137,20138,20138,6,6
2024-04-26 15:21:07.854,20137,20138,20138,2,2
2024-04-26 15:21:07.854,20137,20138,20138,1,1
2024-04-26 15:21:07.937,20138,20139,20139,1,1
2024-04-26 15:21:07.948,20138,20139,20139,1,1
2024-04-26 15:21:08.117,20138,20140,20138,1,-1
2024-04-26 15:21:09.914,20139,20140,20140,1,1
2024-04-26 15:21:10.646,20139,20140,20140,5,5
2024-04-26 15:21:10.646,20139,20140,20141,5,5
2024-04-26 15:21:11.007,20139,20141,20142,5,5
2024-04-26 15:21:11.155,20141,20142,20141,1,-1
2024-04-26 15:21:11.155,20141,20142,20140,2,-2
2024-04-26 15:21:11.192,20140,20142,20142,5,5
2024-04-26 15:21:11.249,20140,20142,20141,1,1
2024-04-26 15:21:11.347,20141,20143,20142,5,5
2024-04-26 15:21:11.420,20141,20143,20143,1,1
2024-04-26 15:21:11.996,20140,20142,20143,1,1
2024-04-26 15:21:12.305,20141,20142,20142,1,1
2024-04-26 15:21:14.797,20141,20143,20141,1,-1
2024-04-26 15:21:15.830,20139,20141,20141,1,1
2024-04-26 15:21:16.075,20139,20141,20141,1,1
2024-04-26 15:21:17.637,20140,20141,20140,1,-1
2024-04-26 15:21:18.572,20139,20141,20139,1,-1
2024-04-26 15:21:18.661,20139,20141,20139,1,-1
2024-04-26 15:21:18.661,20139,20141,20139,1,-1
2024-04-26 15:21:18.971,20140,20141,20140,1,-1
2024-04-26 15:21:22.660,20140,20141,20140,1,-1
2024-04-26 15:21:22.726,20140,20141,20140,1,-1
2024-04-26 15:21:22.807,20140,20141,20141,1,1
2024-04-26 15:21:22.807,20140,20141,20141,2,2
2024-04-26 15:21:22.807,20140,20141,20141,1,1
2024-04-26 15:21:22.902,20140,20141,20140,2,-2
2024-04-26 15:21:23.460,20140,20142,20140,1,-1
2024-04-26 15:21:23.533,20140,20142,20142,1,1
2024-04-26 15:21:25.933,20140,20142,20140,1,-1
2024-04-26 15:21:26.902,20139,20141,20141,1,1
2024-04-26 15:21:28.397,20139,20140,20140,1,1
2024-04-26 15:21:28.411,20139,20140,20139,1,-1
2024-04-26 15:21:28.411,20139,20140,20139,1,-1
2024-04-26 15:21:28.412,20139,20140,20138,1,-1
2024-04-26 15:21:29.040,20138,20139,20139,1,1
2024-04-26 15:21:31.231,20138,20140,20139,6,6
2024-04-26 15:21:32.474,20138,20139,20138,1,-1
2024-04-26 15:21:33.092,20138,20139,20138,1,-1
2024-04-26 15:21:33.092,20138,20139,20138,1,-1
2024-04-26 15:21:34.233,20137,20138,20138,1,1
2024-04-26 15:21:35.611,20137,20139,20137,1,-1
2024-04-26 15:21:35.887,20137,20138,20138,1,1
2024-04-26 15:21:38.632,20137,20138,20137,1,-1
2024-04-26 15:21:38.632,20137,20138,20136,2,-2
2024-04-26 15:21:38.870,20136,20138,20137,1,-1
2024-04-26 15:21:38.965,20137,20138,20137,1,-1
2024-04-26 15:21:39.102,20137,20138,20138,3,3
2024-04-26 15:21:39.255,20137,20138,20138,1,1
2024-04-26 15:21:39.359,20137,20138,20138,1,1
2024-04-26 15:21:42.518,20137,20138,20137,4,-4
2024-04-26 15:21:45.923,20136,20137,20136,1,-1
2024-04-26 15:21:45.924,20136,20137,20136,3,-3
2024-04-26 15:21:45.924,20136,20137,20136,1,-1
2024-04-26 15:21:46.420,20135,20137,20135,1,-1
2024-04-26 15:21:47.283,20135,20137,20137,1,1
2024-04-26 15:21:48.055,20135,20136,20136,1,1
2024-04-26 15:21:48.565,20135,20136,20135,4,-4
2024-04-26 15:21:49.019,20135,20136,20135,1,-1
2024-04-26 15:21:49.020,20135,20136,20135,2,-2
2024-04-26 15:21:49.020,20135,20136,20135,8,-8
2024-04-26 15:21:49.707,20134,20136,20136,1,1
2024-04-26 15:21:50.220,20134,20136,20134,1,-1
2024-04-26 15:21:50.559,20134,20136,20136,1,1
2024-04-26 15:21:50.731,20134,20136,20134,2,-2
2024-04-26 15:21:50.736,20134,20136,20134,2,-2
2024-04-26 15:21:50.751,20134,20136,20134,1,-1
2024-04-26 15:21:50.841,20134,20136,20133,2,-2
2024-04-26 15:21:50.863,20134,20136,20133,1,-1
2024-04-26 15:21:50.864,20134,20136,20133,2,-2
2024-04-26 15:21:50.909,20133,20135,20133,1,-1
2024-04-26 15:21:51.780,20133,20135,20133,1,-1
2024-04-26 15:21:52.440,20133,20135,20133,1,-1
2024-04-26 15:21:53.220,20134,20135,20134,5,-5
2024-04-26 15:21:54.137,20132,20133,20132,1,-1
2024-04-26 15:21:54.639,20132,20133,20132,1,-1
2024-04-26 15:21:54.639,20132,20133,20132,1,-1
2024-04-26 15:21:54.640,20132,20133,20132,1,-1
2024-04-26 15:21:54.640,20132,20133,20132,1,-1
2024-04-26 15:21:54.640,20132,20133,20132,1,-1
2024-04-26 15:21:54.640,20132,20133,20132,1,-1
2024-04-26 15:21:55.053,20131,20133,20131,5,-5
2024-04-26 15:21:55.228,20131,20132,20131,1,-1
2024-04-26 15:21:55.228,20131,20132,20131,1,-1
2024-04-26 15:21:55.229,20131,20132,20131,2,-2
2024-04-26 15:21:55.254,20131,20132,20130,1,-1
2024-04-26 15:21:55.263,20131,20132,20130,1,-1
2024-04-26 15:21:55.273,20131,20132,20131,1,-1
2024-04-26 15:21:55.475,20130,20131,20131,1,1
2024-04-26 15:21:55.645,20130,20131,20131,1,1
2024-04-26 15:21:55.646,20130,20131,20132,1,1
2024-04-26 15:21:55.736,20131,20133,20133,1,1
2024-04-26 15:21:56.528,20131,20133,20131,1,-1
2024-04-26 15:21:56.639,20131,20133,20131,2,-2
2024-04-26 15:21:56.651,20131,20133,20130,3,-3
2024-04-26 15:21:57.721,20130,20132,20132,1,1
2024-04-26 15:21:57.852,20130,20132,20130,1,-1
2024-04-26 15:21:58.119,20130,20132,20130,5,-5
2024-04-26 15:21:58.320,20130,20132,20130,1,-1
2024-04-26 15:21:58.433,20129,20131,20129,9,-9
2024-04-26 15:21:58.434,20129,20131,20129,1,-1
2024-04-26 15:21:58.576,20128,20129,20128,1,-1
2024-04-26 15:21:58.642,20128,20129,20128,7,-7
2024-04-26 15:21:58.642,20128,20129,20128,2,-2
2024-04-26 15:21:58.651,20128,20129,20127,1,-1
2024-04-26 15:21:58.663,20127,20128,20127,1,-1
2024-04-26 15:21:58.671,20127,20128,20126,1,-1
2024-04-26 15:21:58.674,20127,20128,20126,1,-1
2024-04-26 15:21:58.674,20127,20128,20126,1,-1
2024-04-26 15:21:58.692,20127,20128,20125,1,-1
2024-04-26 15:21:58.722,20127,20128,20125,5,-5
2024-04-26 15:21:58.736,20127,20128,20125,5,-5
2024-04-26 15:21:58.744,20127,20128,20125,5,-5
2024-04-26 15:21:58.744,20127,20128,20125,1,-1
2024-04-26 15:21:58.757,20127,20128,20125,2,-2
2024-04-26 15:21:58.766,20127,20128,20123,3,-3
2024-04-26 15:21:58.766,20127,20128,20122,1,-1
2024-04-26 15:21:58.766,20127,20128,20124,1,-1
2024-04-26 15:21:58.768,20127,20128,20124,1,-1
2024-04-26 15:21:58.786,20124,20125,20125,2,2
2024-04-26 15:21:58.789,20124,20125,20125,2,2
2024-04-26 15:21:58.797,20124,20125,20126,1,1
2024-04-26 15:21:58.806,20124,20125,20124,1,-1
2024-04-26 15:21:58.810,20124,20125,20124,5,-5
2024-04-26 15:21:58.810,20124,20125,20123,1,-1
2024-04-26 15:21:58.814,20124,20125,20123,1,-1
2024-04-26 15:21:58.816,20124,20125,20123,1,-1
2024-04-26 15:21:58.816,20124,20125,20123,4,-4
2024-04-26 15:21:58.821,20124,20125,20123,1,-1
2024-04-26 15:21:58.832,20124,20125,20123,2,-2
2024-04-26 15:21:58.850,20124,20125,20122,1,-1
2024-04-26 15:21:58.862,20124,20125,20124,1,-1
2024-04-26 15:21:58.870,20124,20125,20122,1,-1
2024-04-26 15:21:58.883,20124,20125,20122,1,-1
2024-04-26 15:21:58.905,20124,20125,20124,1,-1
2024-04-26 15:21:59.013,20122,20124,20124,1,1
2024-04-26 15:21:59.022,20122,20124,20125,1,1
2024-04-26 15:21:59.032,20122,20124,20123,1,1
2024-04-26 15:21:59.048,20123,20125,20125,1,1
2024-04-26 15:21:59.108,20123,20125,20123,2,-2
2024-04-26 15:21:59.271,20123,20125,20123,1,-1
2024-04-26 15:21:59.319,20123,20124,20122,2,-2
2024-04-26 15:21:59.319,20123,20124,20122,1,-1
2024-04-26 15:21:59.335,20123,20124,20121,1,-1
2024-04-26 15:21:59.339,20123,20124,20121,2,-2
2024-04-26 15:21:59.344,20123,20124,20121,1,-1
2024-04-26 15:21:59.344,20123,20124,20121,3,-3
2024-04-26 15:21:59.348,20123,20124,20121,3,-3
2024-04-26 15:21:59.360,20123,20124,20120,1,-1
2024-04-26 15:21:59.444,20120,20122,20122,3,3
2024-04-26 15:21:59.454,20120,20122,20123,1,1
2024-04-26 15:21:59.518,20120,20122,20124,1,1
2024-04-26 15:21:59.566,20122,20124,20124,1,1
2024-04-26 15:21:59.610,20122,20124,20122,1,-1
2024-04-26 15:21:59.686,20122,20124,20122,1,-1
2024-04-26 15:21:59.779,20122,20124,20124,3,3
2024-04-26 15:21:59.794,20122,20125,20123,1,-1
2024-04-26 15:22:00.043,20122,20124,20122,1,-1
2024-04-26 15:22:00.047,20122,20124,20122,1,-1
2024-04-26 15:22:00.199,20122,20124,20122,1,-1
2024-04-26 15:22:00.410,20122,20124,20124,1,1
2024-04-26 15:22:00.411,20122,20124,20124,1,1
2024-04-26 15:22:00.420,20122,20124,20124,1,1
2024-04-26 15:22:00.470,20122,20124,20123,1,1
2024-04-26 15:22:00.503,20122,20124,20123,1,1
2024-04-26 15:22:00.580,20123,20125,20123,2,-2
2024-04-26 15:22:01.013,20122,20125,20126,1,1
2024-04-26 15:22:01.085,20125,20127,20125,1,-1
2024-04-26 15:22:01.454,20125,20127,20125,2,-2
2024-04-26 15:22:01.539,20125,20127,20124,1,-1
2024-04-26 15:22:01.539,20125,20127,20125,4,-4
2024-04-26 15:22:01.644,20125,20127,20123,1,-1
2024-04-26 15:22:02.262,20123,20125,20125,1,1
2024-04-26 15:22:02.286,20123,20125,20123,3,-3
2024-04-26 15:22:02.772,20122,20124,20124,2,2
2024-04-26 15:22:03.131,20123,20125,20125,1,1
2024-04-26 15:22:03.251,20123,20125,20123,2,-2
2024-04-26 15:22:03.634,20123,20125,20125,1,1
2024-04-26 15:22:04.359,20123,20125,20123,1,-1
2024-04-26 15:22:05.194,20123,20125,20125,1,1
2024-04-26 15:22:05.195,20123,20125,20125,2,2
2024-04-26 15:22:05.237,20123,20125,20126,1,1
2024-04-26 15:22:05.238,20123,20125,20127,1,1
2024-04-26 15:22:05.343,20126,20128,20128,1,1
2024-04-26 15:22:05.384,20126,20128,20129,1,1
2024-04-26 15:22:05.394,20126,20128,20129,1,1
2024-04-26 15:22:05.429,20127,20129,20129,1,1
2024-04-26 15:22:05.637,20127,20129,20129,1,1
2024-04-26 15:22:05.674,20127,20129,20129,2,2
2024-04-26 15:22:05.966,20127,20129,20129,1,1
2024-04-26 15:22:05.976,20127,20129,20129,1,1
2024-04-26 15:22:06.112,20127,20129,20127,4,-4
2024-04-26 15:22:06.112,20127,20129,20126,1,-1
2024-04-26 15:22:06.227,20126,20128,20126,1,-1
2024-04-26 15:22:06.239,20126,20128,20126,1,-1
2024-04-26 15:22:06.292,20126,20128,20126,1,-1
2024-04-26 15:22:06.917,20126,20128,20126,1,-1
2024-04-26 15:22:06.979,20126,20128,20128,1,1
2024-04-26 15:22:07.022,20126,20128,20126,1,-1
2024-04-26 15:22:07.036,20126,20128,20126,1,-1
2024-04-26 15:22:07.037,20126,20128,20126,1,-1
2024-04-26 15:22:07.037,20126,20128,20126,1,-1
2024-04-26 15:22:07.038,20126,20128,20126,1,-1
2024-04-26 15:22:08.308,20125,20126,20126,1,1
2024-04-26 15:22:08.469,20126,20128,20128,1,1
2024-04-26 15:22:08.667,20127,20128,20127,1,-1
2024-04-26 15:22:08.667,20127,20128,20126,1,-1
2024-04-26 15:22:09.193,20126,20127,20126,1,-1
2024-04-26 15:22:09.308,20126,20127,20126,1,-1
2024-04-26 15:22:09.554,20125,20126,20126,1,1
2024-04-26 15:22:09.568,20125,20126,20126,3,3
2024-04-26 15:22:09.780,20125,20127,20125,6,-6
2024-04-26 15:22:10.128,20124,20125,20124,1,-1
2024-04-26 15:22:10.128,20124,20125,20123,1,-1
2024-04-26 15:22:10.325,20124,20125,20125,1,1
2024-04-26 15:22:10.325,20124,20125,20125,3,3
2024-04-26 15:22:10.893,20126,20128,20126,1,-1
2024-04-26 15:22:12.271,20126,20127,20127,1,1
2024-04-26 15:22:12.272,20126,20127,20128,1,1
2024-04-26 15:22:12.274,20126,20127,20129,7,7
2024-04-26 15:22:12.492,20129,20130,20130,1,1
2024-04-26 15:22:12.493,20129,20130,20130,2,2
2024-04-26 15:22:12.495,20129,20130,20131,5,5
2024-04-26 15:22:12.831,20131,20132,20131,3,-3
2024-04-26 15:22:13.259,20130,20132,20130,10,-10
2024-04-26 15:22:13.259,20130,20132,20129,14,-14
2024-04-26 15:22:13.259,20130,20132,20128,1,-1
2024-04-26 15:22:13.546,20128,20129,20129,1,1
2024-04-26 15:22:13.588,20128,20129,20128,1,-1
2024-04-26 15:22:13.597,20128,20129,20128,1,-1
2024-04-26 15:22:13.831,20128,20129,20128,6,-6
2024-04-26 15:22:14.411,20127,20129,20127,1,-1
2024-04-26 15:22:15.702,20128,20130,20128,1,-1
2024-04-26 15:22:15.821,20128,20129,20129,1,1
2024-04-26 15:22:16.128,20128,20130,20128,1,-1
2024-04-26 15:22:16.146,20128,20130,20129,1,-1
2024-04-26 15:22:17.138,20129,20130,20129,1,-1
2024-04-26 15:22:18.070,20129,20130,20130,2,2
2024-04-26 15:22:18.161,20129,20130,20129,1,-1
2024-04-26 15:22:18.161,20129,20130,20129,1,-1
2024-04-26 15:22:18.162,20129,20130,20129,1,-1
2024-04-26 15:22:18.162,20129,20130,20128,1,-1
2024-04-26 15:22:18.162,20129,20130,20129,1,-1
2024-04-26 15:22:18.165,20129,20130,20128,1,-1
2024-04-26 15:22:18.206,20129,20130,20128,2,-2
2024-04-26 15:22:18.206,20129,20130,20127,3,-3
2024-04-26 15:22:19.564,20127,20128,20128,1,1
2024-04-26 15:22:20.224,20127,20128,20127,2,-2
2024-04-26 15:22:20.411,20126,20127,20127,3,3
2024-04-26 15:22:20.411,20126,20127,20128,2,2
2024-04-26 15:22:20.516,20126,20127,20127,1,1
2024-04-26 15:22:20.759,20126,20127,20126,2,-2
2024-04-26 15:22:20.759,20126,20127,20126,1,-1
2024-04-26 15:22:20.836,20125,20126,20126,1,1
2024-04-26 15:22:23.201,20126,20127,20126,1,-1
2024-04-26 15:22:25.150,20125,20127,20126,1,-1
2024-04-26 15:22:25.967,20126,20127,20127,4,4
2024-04-26 15:22:25.967,20126,20127,20127,1,1
2024-04-26 15:22:25.967,20126,20127,20127,4,4
2024-04-26 15:22:25.967,20126,20127,20127,1,1
2024-04-26 15:22:26.912,20127,20128,20127,1,-1
2024-04-26 15:22:27.822,20127,20128,20127,2,-2
2024-04-26 15:22:29.443,20126,20128,20128,1,1
2024-04-26 15:22:30.311,20126,20128,20128,1,1
2024-04-26 15:22:36.060,20127,20128,20128,1,1
2024-04-26 15:22:36.060,20127,20128,20128,5,5
2024-04-26 15:22:36.064,20127,20128,20129,1,1
2024-04-26 15:22:36.064,20127,20128,20129,2,2
2024-04-26 15:22:37.650,20129,20130,20130,1,1
2024-04-26 15:22:37.650,20129,20130,20130,10,10
2024-04-26 15:22:40.024,20130,20132,20132,1,1
2024-04-26 15:22:40.157,20130,20132,20132,1,1
2024-04-26 15:22:40.158,20130,20132,20132,1,1
2024-04-26 15:22:40.158,20130,20132,20132,1,1
2024-04-26 15:22:40.886,20132,20133,20133,3,3
2024-04-26 15:22:41.056,20133,20134,20134,5,5
2024-04-26 15:22:43.623,20134,20135,20134,3,-3
2024-04-26 15:22:43.623,20134,20135,20133,2,-2
2024-04-26 15:22:44.483,20132,20133,20133,1,1
2024-04-26 15:22:44.891,20132,20133,20132,1,-1
2024-04-26 15:22:44.891,20132,20133,20132,1,-1
2024-04-26 15:22:45.271,20131,20132,20131,1,-1
2024-04-26 15:22:47.255,20130,20131,20130,5,-5
2024-04-26 15:22:48.847,20130,20132,20130,1,-1
2024-04-26 15:22:48.847,20130,20132,20131,1,-1
2024-04-26 15:22:49.834,20130,20131,20130,1,-1
2024-04-26 15:22:49.834,20130,20131,20130,2,-2
2024-04-26 15:22:49.834,20130,20131,20130,3,-3
2024-04-26 15:22:51.262,20129,20130,20129,1,-1
2024-04-26 15:22:51.302,20128,20129,20129,3,3
2024-04-26 15:22:51.303,20128,20129,20129,1,1
2024-04-26 15:22:54.778,20128,20130,20130,3,3
2024-04-26 15:22:55.734,20128,20130,20130,2,2
2024-04-26 15:22:57.520,20129,20130,20129,4,-4
2024-04-26 15:22:58.460,20129,20130,20130,1,1
2024-04-26 15:22:59.240,20129,20130,20130,1,1
2024-04-26 15:23:00.073,20129,20130,20129,1,-1
2024-04-26 15:23:01.561,20129,20130,20130,2,2
2024-04-26 15:23:02.223,20129,20130,20130,3,3
2024-04-26 15:23:02.240,20129,20130,20130,2,2
2024-04-26 15:23:03.276,20129,20130,20130,5,5
2024-04-26 15:23:03.279,20129,20130,20130,1,1
2024-04-26 15:23:04.355,20130,20131,20130,1,-1
2024-04-26 15:23:04.967,20130,20131,20130,4,-4
2024-04-26 15:23:05.539,20130,20131,20130,3,-3
2024-04-26 15:23:06.718,20129,20130,20130,1,1
2024-04-26 15:23:08.061,20129,20130,20130,1,1
2024-04-26 15:23:10.598,20129,20130,20130,1,1
2024-04-26 15:23:10.598,20129,20130,20130,1,1
2024-04-26 15:23:10.598,20129,20130,20130,1,1
2024-04-26 15:23:10.599,20129,20130,20130,1,1
2024-04-26 15:23:10.601,20129,20130,20130,1,1
2024-04-26 15:23:10.601,20129,20130,20130,1,1
2024-04-26 15:23:12.966,20129,20130,20130,1,1
2024-04-26 15:23:12.997,20129,20130,20130,1,1
2024-04-26 15:23:14.648,20129,20130,20130,1,1
2024-04-26 15:23:16.239,20130,20131,20130,1,-1
2024-04-26 15:23:17.793,20130,20131,20131,5,5
2024-04-26 15:23:17.987,20130,20131,20131,1,1
2024-04-26 15:23:18.174,20130,20131,20131,31,31
2024-04-26 15:23:18.182,20130,20131,20132,1,1
2024-04-26 15:23:23.486,20133,20134,20133,1,-1
2024-04-26 15:23:26.420,20133,20134,20134,1,1
2024-04-26 15:23:28.856,20133,20134,20134,1,1
2024-04-26 15:23:29.161,20133,20134,20134,1,1
2024-04-26 15:23:29.162,20133,20134,20134,1,1
2024-04-26 15:23:29.162,20133,20134,20134,1,1
2024-04-26 15:23:29.163,20133,20134,20134,1,1
2024-04-26 15:23:29.643,20133,20135,20135,1,1
2024-04-26 15:23:29.680,20133,20135,20135,1,1
2024-04-26 15:23:29.684,20133,20135,20135,4,4
2024-04-26 15:23:32.398,20134,20135,20135,1,1
2024-04-26 15:23:32.572,20134,20135,20135,1,1
2024-04-26 15:23:33.808,20133,20135,20135,1,1
2024-04-26 15:23:35.515,20134,20135,20135,2,2
2024-04-26 15:23:36.999,20134,20135,20134,1,-1
2024-04-26 15:23:37.159,20133,20134,20133,2,-2
2024-04-26 15:23:37.159,20133,20134,20133,2,-2
2024-04-26 15:23:37.816,20132,20134,20134,1,1
2024-04-26 15:23:38.535,20132,20134,20134,1,1
2024-04-26 15:23:39.119,20132,20134,20132,1,-1
2024-04-26 15:23:48.218,20133,20134,20133,1,-1
2024-04-26 15:23:48.425,20132,20133,20133,1,1
2024-04-26 15:23:48.989,20132,20133,20133,1,1
2024-04-26 15:23:50.898,20133,20135,20135,1,1
2024-04-26 15:23:54.368,20133,20134,20133,1,-1
2024-04-26 15:23:55.251,20132,20134,20134,1,1
2024-04-26 15:23:57.130,20132,20133,20133,1,1
2024-04-26 15:23:59.814,20132,20133,20133,1,1
2024-04-26 15:24:03.229,20132,20133,20133,1,1
2024-04-26 15:24:03.229,20132,20133,20134,1,1
2024-04-26 15:24:08.518,20133,20134,20133,1,-1
2024-04-26 15:24:08.733,20133,20134,20133,1,-1
2024-04-26 15:24:09.903,20133,20134,20134,5,5
2024-04-26 15:24:12.247,20134,20135,20135,3,3
2024-04-26 15:24:12.247,20134,20135,20135,1,1
2024-04-26 15:24:12.247,20134,20135,20135,1,1
2024-04-26 15:24:12.247,20134,20135,20135,1,1
2024-04-26 15:24:12.450,20135,20136,20135,1,-1
2024-04-26 15:24:12.450,20135,20136,20135,1,-1
2024-04-26 15:24:12.451,20135,20136,20135,1,-1
2024-04-26 15:24:12.588,20134,20135,20134,2,-2
2024-04-26 15:24:12.609,20134,20135,20134,1,-1
2024-04-26 15:24:12.613,20134,20135,20134,1,-1
2024-04-26 15:24:12.729,20133,20135,20134,1,-1
2024-04-26 15:24:13.183,20135,20136,20135,1,-1
2024-04-26 15:24:14.940,20135,20136,20136,1,1
2024-04-26 15:24:15.086,20135,20136,20136,3,3
2024-04-26 15:24:15.230,20135,20136,20136,1,1
2024-04-26 15:24:15.230,20135,20136,20136,4,4
2024-04-26 15:24:15.359,20135,20137,20135,1,-1
2024-04-26 15:24:15.500,20135,20137,20135,2,-2
2024-04-26 15:24:17.365,20136,20137,20137,3,3
2024-04-26 15:24:17.365,20136,20137,20138,1,1
2024-04-26 15:24:20.230,20137,20138,20137,3,-3
2024-04-26 15:24:20.296,20136,20138,20136,1,-1
2024-04-26 15:24:21.020,20136,20138,20136,1,-1
2024-04-26 15:24:21.634,20136,20137,20136,12,-12
2024-04-26 15:24:21.988,20135,20136,20135,5,-5
2024-04-26 15:24:23.085,20134,20135,20135,1,1
2024-04-26 15:24:24.022,20134,20135,20135,1,1
2024-04-26 15:24:26.493,20134,20135,20135,1,1
2024-04-26 15:24:28.947,20134,20135,20135,1,1
2024-04-26 15:24:30.485,20134,20135,20135,1,1
2024-04-26 15:24:30.592,20134,20135,20135,1,1
2024-04-26 15:24:30.759,20134,20135,20135,1,1
2024-04-26 15:24:33.003,20135,20136,20135,1,-1
2024-04-26 15:24:34.395,20135,20136,20136,3,3
2024-04-26 15:24:34.395,20135,20136,20136,1,1
2024-04-26 15:24:34.395,20135,20136,20136,1,1
2024-04-26 15:24:34.395,20135,20136,20136,1,1
2024-04-26 15:24:34.395,20135,20136,20136,2,2
2024-04-26 15:24:34.395,20135,20136,20136,5,5
2024-04-26 15:24:34.832,20136,20137,20136,1,-1
2024-04-26 15:24:34.990,20136,20137,20135,1,-1
2024-04-26 15:24:34.990,20136,20137,20136,1,-1
2024-04-26 15:24:35.456,20135,20137,20135,1,-1
2024-04-26 15:24:41.894,20135,20136,20135,1,-1
2024-04-26 15:24:41.895,20135,20136,20135,2,-2
2024-04-26 15:24:41.895,20135,20136,20135,1,-1
2024-04-26 15:24:41.895,20135,20136,20135,1,-1
2024-04-26 15:24:41.895,20135,20136,20135,1,-1
2024-04-26 15:24:41.895,20135,20136,20135,1,-1
2024-04-26 15:24:41.895,20135,20136,20135,3,-3
2024-04-26 15:24:41.895,20135,20136,20135,1,-1
2024-04-26 15:24:42.820,20134,20135,20135,1,1
2024-04-26 15:24:44.568,20134,20135,20135,1,1
2024-04-26 15:24:44.814,20134,20135,20135,1,1
2024-04-26 15:24:46.172,20134,20135,20135,1,1
2024-04-26 15:24:47.800,20134,20135,20134,2,-2
2024-04-26 15:24:47.800,20134,20135,20133,1,-1
2024-04-26 15:24:47.806,20134,20135,20135,1,1
2024-04-26 15:24:48.551,20133,20135,20135,5,5
2024-04-26 15:24:51.408,20135,20136,20135,1,-1
2024-04-26 15:24:52.347,20135,20136,20135,3,-3
2024-04-26 15:24:55.091,20134,20135,20134,2,-2
2024-04-26 15:24:55.978,20133,20135,20135,1,1
2024-04-26 15:24:57.149,20133,20135,20135,5,5
2024-04-26 15:24:57.149,20133,20135,20136,5,5
2024-04-26 15:24:57.489,20134,20137,20135,1,-1
2024-04-26 15:24:57.633,20135,20136,20135,2,-2
2024-04-26 15:24:57.635,20135,20136,20134,1,-1
2024-04-26 15:25:00.715,20133,20135,20133,2,-2
2024-04-26 15:25:01.212,20134,20135,20134,1,-1
2024-04-26 15:25:01.639,20133,20134,20133,3,-3
2024-04-26 15:25:01.639,20133,20134,20133,2,-2
2024-04-26 15:25:01.683,20132,20134,20132,5,-5
2024-04-26 15:25:01.737,20132,20134,20131,1,-1
2024-04-26 15:25:01.816,20131,20133,20131,1,-1
2024-04-26 15:25:01.835,20131,20133,20131,1,-1
2024-04-26 15:25:01.838,20131,20133,20131,1,-1
2024-04-26 15:25:01.843,20131,20133,20130,1,-1
2024-04-26 15:25:01.913,20130,20132,20130,1,-1
2024-04-26 15:25:02.169,20130,20132,20130,1,-1
2024-04-26 15:25:02.337,20130,20132,20130,1,-1
2024-04-26 15:25:02.464,20130,20132,20130,1,-1
2024-04-26 15:25:03.811,20130,20131,20131,1,1
2024-04-26 15:25:04.531,20130,20132,20130,2,-2
2024-04-26 15:25:04.858,20130,20132,20132,4,4
2024-04-26 15:25:04.858,20130,20132,20133,6,6
2024-04-26 15:25:05.248,20132,20134,20132,1,-1
2024-04-26 15:25:05.579,20132,20134,20132,1,-1
2024-04-26 15:25:07.528,20132,20134,20132,2,-2
2024-04-26 15:25:07.528,20132,20134,20131,6,-6
2024-04-26 15:25:07.670,20131,20133,20131,1,-1
2024-04-26 15:25:08.296,20131,20133,20133,4,4
2024-04-26 15:25:08.296,20131,20133,20134,6,6
2024-04-26 15:25:14.281,20132,20133,20132,5,-5
2024-04-26 15:25:14.283,20132,20133,20131,5,-5
2024-04-26 15:25:14.848,20130,20131,20130,1,-1
2024-04-26 15:25:14.848,20130,20131,20130,2,-2
2024-04-26 15:25:14.848,20130,20131,20130,2,-2
2024-04-26 15:25:14.848,20130,20131,20130,4,-4
2024-04-26 15:25:14.886,20130,20131,20130,1,-1
2024-04-26 15:25:15.064,20129,20130,20130,2,2
2024-04-26 15:25:16.524,20129,20130,20131,4,4
2024-04-26 15:25:16.524,20129,20130,20130,1,1
2024-04-26 15:25:26.374,20130,20131,20130,1,-1
2024-04-26 15:25:27.410,20130,20131,20131,1,1
2024-04-26 15:25:28.597,20130,20131,20131,2,2
2024-04-26 15:25:30.525,20131,20132,20132,5,5
2024-04-26 15:25:30.844,20131,20132,20131,5,-5
2024-04-26 15:25:33.915,20131,20132,20131,1,-1
2024-04-26 15:25:35.163,20131,20132,20132,5,5
2024-04-26 15:25:35.164,20131,20132,20132,18,18
2024-04-26 15:25:35.164,20131,20132,20132,15,15
2024-04-26 15:25:35.164,20131,20132,20132,1,1
2024-04-26 15:25:35.164,20131,20132,20132,2,2
2024-04-26 15:25:35.165,20131,20132,20133,1,1
2024-04-26 15:25:36.859,20133,20134,20134,1,1
2024-04-26 15:25:37.028,20133,20134,20133,1,-1
2024-04-26 15:25:37.410,20132,20134,20134,1,1
2024-04-26 15:25:39.973,20132,20133,20133,1,1
2024-04-26 15:25:45.137,20133,20134,20133,2,-2
2024-04-26 15:25:48.246,20131,20132,20132,1,1
2024-04-26 15:25:48.342,20131,20132,20131,1,-1
2024-04-26 15:25:48.342,20131,20132,20131,1,-1
2024-04-26 15:25:48.342,20131,20132,20131,2,-2
2024-04-26 15:25:48.998,20130,20131,20130,1,-1
2024-04-26 15:25:48.999,20130,20131,20130,1,-1
2024-04-26 15:25:49.181,20130,20131,20131,5,5
2024-04-26 15:25:49.370,20130,20132,20131,1,1
2024-04-26 15:25:50.529,20130,20131,20131,1,1
2024-04-26 15:25:50.908,20130,20132,20132,1,1
2024-04-26 15:25:51.929,20130,20132,20132,3,3
2024-04-26 15:25:53.977,20130,20132,20130,7,-7
2024-04-26 15:25:57.181,20129,20131,20129,1,-1
2024-04-26 15:25:59.303,20129,20131,20129,5,-5
2024-04-26 15:26:00.555,20129,20131,20129,1,-1
2024-04-26 15:26:01.873,20128,20130,20130,1,1
2024-04-26 15:26:03.709,20129,20130,20130,1,1
2024-04-26 15:26:04.287,20130,20132,20130,3,-3
2024-04-26 15:26:06.028,20130,20132,20132,2,2
2024-04-26 15:26:07.495,20131,20133,20131,1,-1
2024-04-26 15:26:08.046,20131,20133,20131,1,-1
2024-04-26 15:26:10.299,20131,20133,20133,5,5
2024-04-26 15:26:12.925,20132,20133,20133,1,1
2024-04-26 15:26:12.925,20132,20133,20133,1,1
2024-04-26 15:26:13.173,20133,20134,20133,1,-1
2024-04-26 15:26:18.284,20132,20134,20134,8,8
2024-04-26 15:26:18.284,20132,20134,20135,2,2
2024-04-26 15:26:18.757,20134,20135,20135,1,1
2024-04-26 15:26:18.757,20134,20135,20135,3,3
2024-04-26 15:26:18.910,20135,20136,20136,1,1
2024-04-26 15:26:22.509,20135,20136,20135,1,-1
2024-04-26 15:26:26.903,20135,20136,20136,1,1
2024-04-26 15:26:33.231,20135,20136,20135,1,-1
2024-04-26 15:26:33.231,20135,20136,20135,3,-3
2024-04-26 15:26:33.495,20134,20135,20135,1,1
2024-04-26 15:26:34.435,20134,20136,20136,1,1
2024-04-26 15:26:37.667,20135,20136,20135,1,-1
2024-04-26 15:26:42.256,20135,20136,20136,5,5
2024-04-26 15:26:42.398,20136,20137,20137,2,2
2024-04-26 15:26:42.399,20136,20137,20137,10,10
2024-04-26 15:26:42.510,20137,20138,20138,4,4
2024-04-26 15:26:42.510,20137,20138,20138,3,3
2024-04-26 15:26:42.511,20137,20138,20138,4,4
2024-04-26 15:26:42.860,20138,20139,20138,1,-1
2024-04-26 15:26:43.485,20138,20139,20138,1,-1
2024-04-26 15:26:46.895,20138,20139,20139,1,1
2024-04-26 15:26:46.896,20138,20139,20139,2,2
2024-04-26 15:26:47.020,20138,20140,20140,5,5
2024-04-26 15:26:47.109,20139,20141,20141,1,1
2024-04-26 15:26:50.536,20140,20141,20141,2,2
2024-04-26 15:26:51.313,20140,20141,20140,5,-5
2024-04-26 15:26:52.032,20140,20141,20140,2,-2
2024-04-26 15:26:53.065,20140,20141,20140,1,-1
2024-04-26 15:26:53.906,20138,20141,20138,1,-1
2024-04-26 15:26:57.974,20139,20140,20139,1,-1
2024-04-26 15:26:58.043,20138,20139,20139,1,1
2024-04-26 15:26:59.398,20138,20139,20138,1,-1
2024-04-26 15:26:59.399,20138,20139,20138,5,-5
2024-04-26 15:27:00.210,20137,20138,20137,1,-1
2024-04-26 15:27:01.765,20137,20138,20138,1,1
2024-04-26 15:27:04.100,20139,20140,20140,2,2
2024-04-26 15:27:04.100,20139,20140,20140,1,1
2024-04-26 15:27:04.100,20139,20140,20140,1,1
2024-04-26 15:27:04.100,20139,20140,20140,1,1
2024-04-26 15:27:06.079,20139,20140,20141,6,6
2024-04-26 15:27:06.079,20139,20140,20140,2,2
2024-04-26 15:27:13.164,20141,20142,20141,1,-1
2024-04-26 15:27:13.404,20140,20142,20142,2,2
2024-04-26 15:27:14.357,20141,20142,20141,3,-3
2024-04-26 15:27:15.773,20141,20142,20142,2,2
2024-04-26 15:27:16.160,20141,20142,20141,1,-1
2024-04-26 15:27:16.435,20141,20142,20142,1,1
2024-04-26 15:27:18.840,20141,20142,20141,1,-1
2024-04-26 15:27:20.071,20141,20142,20142,1,1
2024-04-26 15:27:22.378,20141,20142,20142,1,1
2024-04-26 15:27:23.062,20141,20142,20143,1,1
2024-04-26 15:27:23.062,20141,20142,20142,1,1
2024-04-26 15:27:23.613,20141,20143,20141,1,-1
2024-04-26 15:27:24.402,20141,20143,20142,1,-1
2024-04-26 15:27:25.362,20141,20143,20143,1,1
2024-04-26 15:27:25.626,20142,20143,20143,2,2
2024-04-26 15:27:26.173,20142,20143,20143,2,2
2024-04-26 15:27:26.173,20142,20143,20144,3,3
2024-04-26 15:27:26.304,20143,20144,20144,1,1
2024-04-26 15:27:26.361,20143,20144,20144,1,1
2024-04-26 15:27:26.569,20143,20144,20144,1,1
2024-04-26 15:27:26.674,20143,20144,20143,1,-1
2024-04-26 15:27:27.581,20142,20144,20143,1,-1
2024-04-26 15:27:27.668,20143,20145,20145,1,1
2024-04-26 15:27:27.808,20143,20145,20145,1,1
2024-04-26 15:27:27.810,20143,20145,20145,1,1
2024-04-26 15:27:27.810,20143,20145,20146,1,1
2024-04-26 15:27:28.051,20145,20146,20145,3,-3
2024-04-26 15:27:28.413,20145,20146,20146,1,1
2024-04-26 15:27:29.499,20145,20146,20146,1,1
2024-04-26 15:27:30.798,20145,20147,20145,4,-4
2024-04-26 15:27:31.228,20145,20147,20147,1,1
2024-04-26 15:27:31.300,20145,20147,20147,5,5
2024-04-26 15:27:31.645,20146,20147,20147,1,1
2024-04-26 15:27:32.596,20146,20147,20146,1,-1
2024-04-26 15:27:32.791,20146,20147,20147,1,1
2024-04-26 15:27:33.214,20146,20147,20147,2,2
2024-04-26 15:27:34.640,20146,20147,20146,5,-5
2024-04-26 15:27:34.818,20146,20147,20147,1,1
2024-04-26 15:27:35.078,20146,20147,20147,1,1
2024-04-26 15:27:35.318,20146,20147,20146,1,-1
2024-04-26 15:27:35.323,20146,20147,20146,1,-1
2024-04-26 15:27:36.663,20146,20147,20146,2,-2
2024-04-26 15:27:36.993,20146,20147,20147,1,1
2024-04-26 15:27:36.993,20146,20147,20148,1,1
2024-04-26 15:27:37.587,20146,20148,20148,1,1
2024-04-26 15:27:39.416,20147,20148,20147,2,-2
2024-04-26 15:27:39.989,20147,20148,20148,2,2
2024-04-26 15:27:40.967,20147,20148,20147,1,-1
2024-04-26 15:27:41.133,20145,20147,20146,1,-1
2024-04-26 15:27:42.026,20145,20147,20148,16,16
2024-04-26 15:27:42.026,20145,20147,20147,4,4
2024-04-26 15:27:43.434,20147,20148,20147,1,-1
2024-04-26 15:27:45.579,20147,20148,20148,1,1
2024-04-26 15:27:49.665,20146,20147,20147,1,1
2024-04-26 15:27:50.981,20147,20148,20147,1,-1
2024-04-26 15:27:50.987,20147,20148,20147,1,-1
2024-04-26 15:27:51.479,20146,20147,20147,1,1
2024-04-26 15:27:53.136,20146,20147,20147,1,1
2024-04-26 15:27:53.352,20146,20147,20147,1,1
2024-04-26 15:27:54.752,20146,20147,20147,1,1
2024-04-26 15:27:55.423,20146,20147,20147,1,1
2024-04-26 15:27:56.970,20146,20147,20147,1,1
2024-04-26 15:27:57.058,20146,20147,20147,1,1
2024-04-26 15:27:57.058,20146,20147,20148,3,3
2024-04-26 15:27:59.706,20146,20147,20147,4,4
2024-04-26 15:28:01.484,20147,20148,20147,2,-2
2024-04-26 15:28:01.683,20146,20147,20146,1,-1
2024-04-26 15:28:01.751,20146,20147,20146,4,-4
2024-04-26 15:28:03.371,20145,20146,20145,1,-1
2024-04-26 15:28:08.611,20143,20145,20145,2,2
2024-04-26 15:28:14.017,20143,20144,20145,2,2
2024-04-26 15:28:14.017,20143,20144,20144,3,3
2024-04-26 15:28:18.962,20144,20145,20144,2,-2
2024-04-26 15:28:19.129,20144,20145,20145,1,1
2024-04-26 15:28:20.568,20144,20146,20145,1,1
2024-04-26 15:28:26.343,20143,20145,20143,1,-1
2024-04-26 15:28:28.263,20143,20144,20144,1,1
2024-04-26 15:28:28.283,20144,20146,20145,1,1
2024-04-26 15:28:37.455,20143,20145,20145,1,1
2024-04-26 15:28:41.205,20143,20145,20146,2,2
2024-04-26 15:28:41.205,20143,20145,20145,8,8
2024-04-26 15:28:59.450,20144,20145,20145,4,4
2024-04-26 15:29:06.018,20145,20146,20146,1,1
2024-04-26 15:29:06.018,20145,20146,20146,3,3
2024-04-26 15:29:10.824,20146,20147,20146,1,-1
2024-04-26 15:29:15.135,20145,20146,20145,1,-1
2024-04-26 15:29:15.135,20145,20146,20145,2,-2
2024-04-26 15:29:18.391,20144,20145,20145,1,1
2024-04-26 15:29:18.682,20144,20146,20144,1,-1
2024-04-26 15:29:29.305,20144,20145,20145,1,1
2024-04-26 15:29:31.428,20144,20145,20146,4,4
