2020-11-11,15:00:00.081000,13281,13286,13284,93
2020-11-11,15:00:00.084000,13284,13285,13285,29
2020-11-11,15:00:00.222000,13284,13286,13286,1
2020-11-11,15:00:00.323000,13284,13286,13286,1
2020-11-11,15:00:00.329000,13284,13286,13286,1
2020-11-11,15:00:00.354000,13284,13286,13286,3
2020-11-11,15:00:00.368000,13284,13286,13286,1
2020-11-11,15:00:00.382000,13284,13286,13286,1
2020-11-11,15:00:00.396000,13284,13286,13286,2
2020-11-11,15:00:00.414000,13284,13286,13286,1
2020-11-11,15:00:00.463000,13284,13286,13284,1
2020-11-11,15:00:00.474000,13284,13285,13285,2
2020-11-11,15:00:00.494000,13284,13285,13285,1
2020-11-11,15:00:00.513000,13284,13285,13285,1
2020-11-11,15:00:00.566000,13284,13285,13285,1
2020-11-11,15:00:00.615000,13284,13285,13285,1
2020-11-11,15:00:00.618000,13284,13285,13285,1
2020-11-11,15:00:00.622000,13284,13285,13285,1
2020-11-11,15:00:00.624000,13284,13285,13285,1
2020-11-11,15:00:00.650000,13284,13285,13285,2
2020-11-11,15:00:00.659000,13284,13285,13285,1
2020-11-11,15:00:00.659000,13284,13285,13286,2
2020-11-11,15:00:00.666000,13284,13285,13286,1
2020-11-11,15:00:00.676000,13284,13285,13286,1
2020-11-11,15:00:00.715000,13284,13285,13286,1
2020-11-11,15:00:00.727000,13284,13286,13286,2
2020-11-11,15:00:00.775000,13284,13286,13286,3
2020-11-11,15:00:00.782000,13284,13286,13286,1
2020-11-11,15:00:00.805000,13284,13286,13286,1
2020-11-11,15:00:00.814000,13284,13286,13286,1
2020-11-11,15:00:00.872000,13284,13286,13286,2
2020-11-11,15:00:00.872000,13284,13286,13287,2
2020-11-11,15:00:00.874000,13284,13286,13287,1
2020-11-11,15:00:00.905000,13284,13286,13286,2
2020-11-11,15:00:00.982000,13284,13286,13286,2
2020-11-11,15:00:00.982000,13284,13286,13287,1
2020-11-11,15:00:00.997000,13284,13286,13286,1
2020-11-11,15:00:01,13284,13286,13286,1
2020-11-11,15:00:01.057000,13284,13286,13284,4
2020-11-11,15:00:01.057000,13284,13286,13283,1
2020-11-11,15:00:01.082000,13284,13286,13284,1
2020-11-11,15:00:01.097000,13284,13285,13284,1
2020-11-11,15:00:01.209000,13284,13285,13283,1
2020-11-11,15:00:01.254000,13283,13284,13283,2
2020-11-11,15:00:01.258000,13283,13284,13284,1
2020-11-11,15:00:01.258000,13283,13284,13285,1
2020-11-11,15:00:01.339000,13283,13284,13285,1
2020-11-11,15:00:01.344000,13283,13284,13283,4
2020-11-11,15:00:01.344000,13283,13284,13282,1
2020-11-11,15:00:01.380000,13283,13284,13283,1
2020-11-11,15:00:01.469000,13283,13284,13283,1
2020-11-11,15:00:01.470000,13283,13284,13283,2
2020-11-11,15:00:01.576000,13282,13284,13282,2
2020-11-11,15:00:01.580000,13282,13284,13282,2
2020-11-11,15:00:01.580000,13282,13284,13281,3
2020-11-11,15:00:01.634000,13280,13282,13282,1
2020-11-11,15:00:01.700000,13280,13282,13280,2
2020-11-11,15:00:01.791000,13281,13282,13281,1
2020-11-11,15:00:01.791000,13281,13282,13280,1
2020-11-11,15:00:01.832000,13281,13282,13280,7
2020-11-11,15:00:01.834000,13281,13282,13279,1
2020-11-11,15:00:01.868000,13278,13280,13278,2
2020-11-11,15:00:01.868000,13278,13280,13277,3
2020-11-11,15:00:01.901000,13278,13280,13278,1
2020-11-11,15:00:02.013000,13278,13280,13278,2
2020-11-11,15:00:02.077000,13278,13280,13278,1
2020-11-11,15:00:02.129000,13278,13279,13278,4
2020-11-11,15:00:02.129000,13278,13279,13277,1
2020-11-11,15:00:02.165000,13278,13279,13278,1
2020-11-11,15:00:02.183000,13278,13279,13278,1
2020-11-11,15:00:02.209000,13278,13279,13278,1
2020-11-11,15:00:02.221000,13278,13279,13278,1
2020-11-11,15:00:02.372000,13278,13280,13280,1
2020-11-11,15:00:02.512000,13280,13282,13282,1
2020-11-11,15:00:02.815000,13280,13282,13282,1
2020-11-11,15:00:03.826000,13280,13281,13280,1
2020-11-11,15:00:04.210000,13278,13280,13278,2
2020-11-11,15:00:04.216000,13278,13280,13277,7
2020-11-11,15:00:04.502000,13277,13279,13279,1
2020-11-11,15:00:05.261000,13279,13280,13280,1
2020-11-11,15:00:06.766000,13280,13281,13280,1
2020-11-11,15:00:07.181000,13278,13280,13280,5
2020-11-11,15:00:07.563000,13279,13280,13279,1
2020-11-11,15:00:07.564000,13279,13280,13279,1
2020-11-11,15:00:07.708000,13278,13279,13278,1
2020-11-11,15:00:09.139000,13278,13279,13279,1
2020-11-11,15:00:10.472000,13279,13280,13279,2
2020-11-11,15:00:10.950000,13278,13280,13280,1
2020-11-11,15:00:11.070000,13279,13280,13279,1
2020-11-11,15:00:11.902000,13278,13280,13280,1
2020-11-11,15:00:12.197000,13279,13280,13279,5
2020-11-11,15:00:12.479000,13278,13279,13279,1
2020-11-11,15:00:12.930000,13279,13280,13280,1
2020-11-11,15:00:12.959000,13279,13280,13279,1
2020-11-11,15:00:13.703000,13279,13280,13280,1
2020-11-11,15:00:13.719000,13279,13280,13281,1
2020-11-11,15:00:13.737000,13279,13281,13281,2
2020-11-11,15:00:13.765000,13279,13281,13281,1
2020-11-11,15:00:14.005000,13280,13281,13281,1
2020-11-11,15:00:14.438000,13280,13281,13281,3
2020-11-11,15:00:15.330000,13280,13282,13280,1
2020-11-11,15:00:15.607000,13280,13282,13280,1
2020-11-11,15:00:16.117000,13281,13282,13281,1
2020-11-11,15:00:16.130000,13281,13282,13281,3
2020-11-11,15:00:16.401000,13280,13281,13281,1
2020-11-11,15:00:16.545000,13280,13281,13280,3
2020-11-11,15:00:16.710000,13280,13281,13281,1
2020-11-11,15:00:16.801000,13280,13281,13280,1
2020-11-11,15:00:18.562000,13280,13281,13281,2
2020-11-11,15:00:19.030000,13280,13281,13281,2
2020-11-11,15:00:19.479000,13280,13281,13281,2
2020-11-11,15:00:19.479000,13280,13281,13281,9
2020-11-11,15:00:19.492000,13280,13281,13281,1
2020-11-11,15:00:19.967000,13281,13282,13282,1
2020-11-11,15:00:19.972000,13281,13282,13281,1
2020-11-11,15:00:20.340000,13281,13282,13282,1
2020-11-11,15:00:20.399000,13281,13282,13282,1
2020-11-11,15:00:20.871000,13281,13282,13281,4
2020-11-11,15:00:21.162000,13281,13282,13281,3
2020-11-11,15:00:22.290000,13281,13282,13282,1
2020-11-11,15:00:22.525000,13281,13282,13281,6
2020-11-11,15:00:22.610000,13281,13282,13281,1
2020-11-11,15:00:23.332000,13281,13282,13282,1
2020-11-11,15:00:24.051000,13281,13282,13281,1
2020-11-11,15:00:25.141000,13281,13282,13282,1
2020-11-11,15:00:25.157000,13281,13282,13282,2
2020-11-11,15:00:25.159000,13281,13282,13282,8
2020-11-11,15:00:25.263000,13281,13283,13283,1
2020-11-11,15:00:25.422000,13281,13283,13281,1
2020-11-11,15:00:25.580000,13281,13283,13283,1
2020-11-11,15:00:26.058000,13282,13283,13283,1
2020-11-11,15:00:26.450000,13283,13284,13284,1
2020-11-11,15:00:26.472000,13283,13284,13284,1
2020-11-11,15:00:26.760000,13283,13284,13284,3
2020-11-11,15:00:26.761000,13283,13284,13284,9
2020-11-11,15:00:27.396000,13283,13285,13283,1
2020-11-11,15:00:27.415000,13283,13285,13285,1
2020-11-11,15:00:27.828000,13283,13285,13284,1
2020-11-11,15:00:28.475000,13284,13285,13285,1
2020-11-11,15:00:28.782000,13284,13285,13284,4
2020-11-11,15:00:29.576000,13283,13285,13285,1
2020-11-11,15:00:29.576000,13283,13285,13286,1
2020-11-11,15:00:29.794000,13283,13286,13286,1
2020-11-11,15:00:30.245000,13283,13285,13283,1
2020-11-11,15:00:30.323000,13283,13285,13283,1
2020-11-11,15:00:30.531000,13283,13285,13285,1
2020-11-11,15:00:32.511000,13283,13284,13284,1
2020-11-11,15:00:32.586000,13283,13284,13284,1
2020-11-11,15:00:33.502000,13283,13285,13283,1
2020-11-11,15:00:34.690000,13283,13285,13285,2
2020-11-11,15:00:35.084000,13283,13284,13283,1
2020-11-11,15:00:36.212000,13283,13284,13283,1
2020-11-11,15:00:37.112000,13283,13284,13284,4
2020-11-11,15:00:37.823000,13283,13285,13283,1
2020-11-11,15:00:40.070000,13283,13285,13285,1
2020-11-11,15:00:41.929000,13283,13284,13284,1
2020-11-11,15:00:43.242000,13283,13284,13283,1
2020-11-11,15:00:44.114000,13283,13284,13284,1
2020-11-11,15:00:44.257000,13283,13284,13284,1
2020-11-11,15:00:44.257000,13283,13284,13285,1
2020-11-11,15:00:44.756000,13284,13285,13284,1
2020-11-11,15:00:45.372000,13284,13285,13284,1
2020-11-11,15:00:46.380000,13284,13285,13284,3
2020-11-11,15:00:46.673000,13283,13284,13284,3
2020-11-11,15:00:47.229000,13283,13285,13285,1
2020-11-11,15:00:49.632000,13283,13284,13284,2
2020-11-11,15:00:49.911000,13283,13284,13284,1
2020-11-11,15:00:50.097000,13283,13284,13283,5
2020-11-11,15:00:50.098000,13283,13284,13283,1
2020-11-11,15:00:51.633000,13282,13283,13283,1
2020-11-11,15:00:52.347000,13282,13283,13282,6
2020-11-11,15:00:54.082000,13281,13283,13283,2
2020-11-11,15:00:54.365000,13281,13283,13283,2
2020-11-11,15:00:57.661000,13282,13283,13283,1
2020-11-11,15:00:59.017000,13282,13283,13283,1
2020-11-11,15:00:59.180000,13282,13283,13282,12
2020-11-11,15:00:59.898000,13282,13283,13283,1
2020-11-11,15:00:59.919000,13282,13283,13283,1
2020-11-11,15:00:59.923000,13282,13283,13283,1
2020-11-11,15:00:59.924000,13282,13283,13283,1
2020-11-11,15:00:59.940000,13282,13283,13283,1
2020-11-11,15:01:00.030000,13282,13283,13282,1
2020-11-11,15:01:00.058000,13282,13283,13283,1
2020-11-11,15:01:00.088000,13282,13283,13283,1
2020-11-11,15:01:00.102000,13282,13283,13283,1
2020-11-11,15:01:00.102000,13282,13283,13284,2
2020-11-11,15:01:00.105000,13282,13283,13284,1
2020-11-11,15:01:00.109000,13282,13283,13284,1
2020-11-11,15:01:00.110000,13282,13283,13284,1
2020-11-11,15:01:00.127000,13282,13283,13282,1
2020-11-11,15:01:00.143000,13282,13283,13283,2
2020-11-11,15:01:00.148000,13282,13283,13282,1
2020-11-11,15:01:00.165000,13282,13283,13282,1
2020-11-11,15:01:00.188000,13282,13283,13282,2
2020-11-11,15:01:00.192000,13282,13283,13282,1
2020-11-11,15:01:00.194000,13282,13283,13282,1
2020-11-11,15:01:00.199000,13282,13283,13282,1
2020-11-11,15:01:00.216000,13282,13283,13281,2
2020-11-11,15:01:00.277000,13281,13283,13281,2
2020-11-11,15:01:00.295000,13281,13283,13281,2
2020-11-11,15:01:00.321000,13281,13283,13281,2
2020-11-11,15:01:00.353000,13281,13283,13281,1
2020-11-11,15:01:00.413000,13281,13283,13283,1
2020-11-11,15:01:00.417000,13281,13283,13283,1
2020-11-11,15:01:00.528000,13281,13283,13281,2
2020-11-11,15:01:00.637000,13281,13283,13281,2
2020-11-11,15:01:00.748000,13281,13283,13281,3
2020-11-11,15:01:01.419000,13281,13283,13282,1
2020-11-11,15:01:02.394000,13281,13283,13281,1
2020-11-11,15:01:02.722000,13281,13282,13281,2
2020-11-11,15:01:02.966000,13280,13281,13281,1
2020-11-11,15:01:04.688000,13280,13281,13280,1
2020-11-11,15:01:04.897000,13280,13281,13281,1
2020-11-11,15:01:04.946000,13280,13281,13280,18
2020-11-11,15:01:04.972000,13280,13281,13280,5
2020-11-11,15:01:05.719000,13279,13281,13280,1
2020-11-11,15:01:05.814000,13279,13280,13280,1
2020-11-11,15:01:05.860000,13279,13281,13279,1
2020-11-11,15:01:05.932000,13279,13281,13281,1
2020-11-11,15:01:06.918000,13279,13281,13279,1
2020-11-11,15:01:09.597000,13279,13280,13279,11
2020-11-11,15:01:09.598000,13279,13280,13279,1
2020-11-11,15:01:09.598000,13279,13280,13279,1
2020-11-11,15:01:09.598000,13279,13280,13279,2
2020-11-11,15:01:09.723000,13279,13280,13280,1
2020-11-11,15:01:09.723000,13279,13280,13280,1
2020-11-11,15:01:10.142000,13279,13280,13280,2
2020-11-11,15:01:10.815000,13279,13280,13280,12
2020-11-11,15:01:10.823000,13279,13280,13281,1
2020-11-11,15:01:13.899000,13280,13282,13282,1
2020-11-11,15:01:14.964000,13280,13282,13280,1
2020-11-11,15:01:15.313000,13280,13281,13281,1
2020-11-11,15:01:15.635000,13280,13281,13281,1
2020-11-11,15:01:15.826000,13280,13282,13280,1
2020-11-11,15:01:15.945000,13280,13281,13281,2
2020-11-11,15:01:16.606000,13280,13282,13280,1
2020-11-11,15:01:17.134000,13280,13282,13282,2
2020-11-11,15:01:18.222000,13281,13282,13282,14
2020-11-11,15:01:18.597000,13282,13283,13283,4
2020-11-11,15:01:18.617000,13282,13283,13283,1
2020-11-11,15:01:19.988000,13282,13284,13282,1
2020-11-11,15:01:20.668000,13282,13283,13283,1
2020-11-11,15:01:20.989000,13282,13283,13282,1
2020-11-11,15:01:22.701000,13282,13283,13283,3
2020-11-11,15:01:22.908000,13283,13284,13283,1
2020-11-11,15:01:25.025000,13283,13284,13284,1
2020-11-11,15:01:25.439000,13283,13284,13283,2
2020-11-11,15:01:25.621000,13283,13284,13283,1
2020-11-11,15:01:25.901000,13283,13284,13283,1
2020-11-11,15:01:27.266000,13283,13284,13283,1
2020-11-11,15:01:27.934000,13283,13284,13284,3
2020-11-11,15:01:29.349000,13283,13284,13283,1
2020-11-11,15:01:29.473000,13283,13284,13284,1
2020-11-11,15:01:29.473000,13283,13284,13284,1
2020-11-11,15:01:29.586000,13283,13284,13283,1
2020-11-11,15:01:31.218000,13283,13284,13283,1
2020-11-11,15:01:31.478000,13283,13284,13283,1
2020-11-11,15:01:32.265000,13283,13284,13284,1
2020-11-11,15:01:34.619000,13283,13284,13283,1
2020-11-11,15:01:34.687000,13283,13284,13283,1
2020-11-11,15:01:35.295000,13283,13284,13284,1
2020-11-11,15:01:36.212000,13283,13284,13284,1
2020-11-11,15:01:37.417000,13283,13284,13284,1
2020-11-11,15:01:37.629000,13283,13284,13283,1
2020-11-11,15:01:40.825000,13283,13284,13284,2
2020-11-11,15:01:41.962000,13283,13284,13284,1
2020-11-11,15:01:42.716000,13283,13284,13283,2
2020-11-11,15:01:43.239000,13283,13284,13284,1
2020-11-11,15:01:45.862000,13283,13284,13284,1
2020-11-11,15:01:46.012000,13283,13284,13284,1
2020-11-11,15:01:46.391000,13283,13284,13283,1
2020-11-11,15:01:46.742000,13283,13284,13283,2
2020-11-11,15:01:47.494000,13283,13284,13283,1
2020-11-11,15:01:47.602000,13283,13284,13284,1
2020-11-11,15:01:48.985000,13283,13284,13283,1
2020-11-11,15:01:48.985000,13283,13284,13283,1
2020-11-11,15:01:48.985000,13283,13284,13283,1
2020-11-11,15:01:50.397000,13283,13284,13283,1
2020-11-11,15:01:52.921000,13283,13284,13284,10
2020-11-11,15:01:53.107000,13283,13284,13284,2
2020-11-11,15:01:53.144000,13283,13284,13283,1
2020-11-11,15:01:55.373000,13283,13284,13283,5
2020-11-11,15:01:57.023000,13283,13284,13283,1
2020-11-11,15:01:57.447000,13283,13284,13284,1
2020-11-11,15:01:57.741000,13283,13284,13284,6
2020-11-11,15:01:58.690000,13283,13284,13283,1
2020-11-11,15:02:00.095000,13283,13284,13284,1
2020-11-11,15:02:00.115000,13283,13284,13283,1
2020-11-11,15:02:00.657000,13283,13284,13284,3
2020-11-11,15:02:02.249000,13283,13284,13284,1
2020-11-11,15:02:02.343000,13283,13284,13283,8
2020-11-11,15:02:02.424000,13283,13284,13284,1
2020-11-11,15:02:06.021000,13283,13284,13284,1
2020-11-11,15:02:06.364000,13283,13284,13283,1
2020-11-11,15:02:06.473000,13283,13284,13283,1
2020-11-11,15:02:10.578000,13283,13284,13283,2
2020-11-11,15:02:11.507000,13283,13284,13283,1
2020-11-11,15:02:11.821000,13283,13284,13283,1
2020-11-11,15:02:13.150000,13283,13284,13283,1
2020-11-11,15:02:13.274000,13283,13284,13283,1
2020-11-11,15:02:13.935000,13283,13284,13283,1
2020-11-11,15:02:15.226000,13282,13283,13283,1
2020-11-11,15:02:15.558000,13282,13284,13284,1
2020-11-11,15:02:16.588000,13283,13284,13284,7
2020-11-11,15:02:18.070000,13283,13284,13283,2
2020-11-11,15:02:19.636000,13283,13284,13284,14
2020-11-11,15:02:19.637000,13283,13284,13284,13
2020-11-11,15:02:20.160000,13283,13285,13285,1
2020-11-11,15:02:25.271000,13284,13285,13285,1
2020-11-11,15:02:27.144000,13284,13285,13285,1
2020-11-11,15:02:30.351000,13284,13285,13284,1
2020-11-11,15:02:30.606000,13284,13285,13285,1
2020-11-11,15:02:31.137000,13284,13285,13285,1
2020-11-11,15:02:31.137000,13284,13285,13285,6
2020-11-11,15:02:31.137000,13284,13285,13285,1
2020-11-11,15:02:31.137000,13284,13285,13285,40
2020-11-11,15:02:31.137000,13284,13285,13285,4
2020-11-11,15:02:31.138000,13284,13285,13285,3
2020-11-11,15:02:31.905000,13285,13286,13285,1
2020-11-11,15:02:39.191000,13285,13286,13286,5
2020-11-11,15:02:39.645000,13285,13286,13285,2
2020-11-11,15:02:39.674000,13285,13286,13285,1
2020-11-11,15:02:40.197000,13285,13286,13286,1
2020-11-11,15:02:41.321000,13285,13286,13285,1
2020-11-11,15:02:41.929000,13285,13286,13285,6
2020-11-11,15:02:43.853000,13284,13285,13285,1
2020-11-11,15:02:46.921000,13284,13285,13285,1
2020-11-11,15:02:49.350000,13284,13285,13285,1
2020-11-11,15:02:50.327000,13284,13285,13285,1
2020-11-11,15:02:50.965000,13284,13285,13285,1
2020-11-11,15:02:52.376000,13284,13285,13285,6
2020-11-11,15:02:53.323000,13284,13285,13285,2
2020-11-11,15:02:53.808000,13284,13285,13285,1
2020-11-11,15:02:53.809000,13284,13285,13285,1
2020-11-11,15:02:54.344000,13285,13286,13285,2
2020-11-11,15:03:00.043000,13285,13286,13286,2
2020-11-11,15:03:00.114000,13285,13286,13285,1
2020-11-11,15:03:00.269000,13285,13286,13286,14
2020-11-11,15:03:00.269000,13285,13286,13286,14
2020-11-11,15:03:00.270000,13285,13286,13286,2
2020-11-11,15:03:00.610000,13286,13287,13287,1
2020-11-11,15:03:01.022000,13285,13287,13287,1
2020-11-11,15:03:01.100000,13285,13287,13285,1
2020-11-11,15:03:01.630000,13285,13287,13287,1
2020-11-11,15:03:01.842000,13285,13287,13285,1
2020-11-11,15:03:02.297000,13285,13286,13285,2
2020-11-11,15:03:03.340000,13285,13286,13286,1
2020-11-11,15:03:06.024000,13285,13286,13286,1
2020-11-11,15:03:06.640000,13285,13286,13286,1
2020-11-11,15:03:08.207000,13285,13286,13286,2
2020-11-11,15:03:09.492000,13285,13286,13286,12
2020-11-11,15:03:09.670000,13286,13287,13287,1
2020-11-11,15:03:09.775000,13286,13287,13287,1
2020-11-11,15:03:12.107000,13286,13287,13287,1
2020-11-11,15:03:14.855000,13286,13287,13286,1
2020-11-11,15:03:14.868000,13286,13287,13287,1
2020-11-11,15:03:15.406000,13286,13287,13286,2
2020-11-11,15:03:16.165000,13286,13287,13287,30
2020-11-11,15:03:16.437000,13287,13288,13288,2
2020-11-11,15:03:16.437000,13287,13288,13288,2
2020-11-11,15:03:16.518000,13287,13288,13288,1
2020-11-11,15:03:16.520000,13287,13288,13288,6
2020-11-11,15:03:16.680000,13288,13289,13289,1
2020-11-11,15:03:16.795000,13288,13289,13289,1
2020-11-11,15:03:17.002000,13288,13289,13288,3
2020-11-11,15:03:17.044000,13288,13289,13288,1
2020-11-11,15:03:17.224000,13288,13289,13289,2
2020-11-11,15:03:17.726000,13288,13289,13289,2
2020-11-11,15:03:18.136000,13288,13289,13289,5
2020-11-11,15:03:18.136000,13288,13289,13289,4
2020-11-11,15:03:18.856000,13288,13289,13289,1
2020-11-11,15:03:19.475000,13288,13289,13289,1
2020-11-11,15:03:20.298000,13288,13289,13289,1
2020-11-11,15:03:21.044000,13289,13290,13290,4
2020-11-11,15:03:21.171000,13289,13290,13289,3
2020-11-11,15:03:21.243000,13289,13290,13290,1
2020-11-11,15:03:21.292000,13289,13290,13290,2
2020-11-11,15:03:21.608000,13289,13290,13289,1
2020-11-11,15:03:22.265000,13289,13290,13289,1
2020-11-11,15:03:22.283000,13289,13290,13290,18
2020-11-11,15:03:22.283000,13289,13290,13290,4
2020-11-11,15:03:22.285000,13289,13290,13290,12
2020-11-11,15:03:22.411000,13290,13291,13291,4
2020-11-11,15:03:22.746000,13290,13291,13291,1
2020-11-11,15:03:22.756000,13290,13291,13291,1
2020-11-11,15:03:22.818000,13290,13291,13291,1
2020-11-11,15:03:24.017000,13290,13291,13291,2
2020-11-11,15:03:25.457000,13290,13291,13291,5
2020-11-11,15:03:25.563000,13290,13291,13291,1
2020-11-11,15:03:25.806000,13290,13291,13291,1
2020-11-11,15:03:26.283000,13290,13291,13290,1
2020-11-11,15:03:27.513000,13290,13291,13290,2
2020-11-11,15:03:27.637000,13290,13291,13291,2
2020-11-11,15:03:27.696000,13290,13291,13291,1
2020-11-11,15:03:28.030000,13290,13291,13291,1
2020-11-11,15:03:29.133000,13290,13291,13291,3
2020-11-11,15:03:30.125000,13290,13292,13292,5
2020-11-11,15:03:30.359000,13291,13292,13291,2
2020-11-11,15:03:30.473000,13291,13292,13292,1
2020-11-11,15:03:30.655000,13291,13292,13291,1
2020-11-11,15:03:30.684000,13291,13292,13291,1
2020-11-11,15:03:30.684000,13291,13292,13290,1
2020-11-11,15:03:30.728000,13290,13292,13290,3
2020-11-11,15:03:30.847000,13290,13291,13291,4
2020-11-11,15:03:30.863000,13290,13291,13291,1
2020-11-11,15:03:31.629000,13290,13291,13291,1
2020-11-11,15:03:31.751000,13291,13292,13292,2
2020-11-11,15:03:32.179000,13291,13292,13292,2
2020-11-11,15:03:32.390000,13291,13292,13291,1
2020-11-11,15:03:35.430000,13291,13292,13292,2
2020-11-11,15:03:35.432000,13291,13292,13292,9
2020-11-11,15:03:35.433000,13291,13292,13292,1
2020-11-11,15:03:35.433000,13291,13292,13292,1
2020-11-11,15:03:37.209000,13292,13293,13293,1
2020-11-11,15:03:37.512000,13292,13293,13293,1
2020-11-11,15:03:38.114000,13292,13293,13292,10
2020-11-11,15:03:38.202000,13292,13293,13292,3
2020-11-11,15:03:38.938000,13291,13292,13292,1
2020-11-11,15:03:39.354000,13291,13292,13292,2
2020-11-11,15:03:40.138000,13292,13293,13293,1
2020-11-11,15:03:40.737000,13292,13293,13293,1
2020-11-11,15:03:40.834000,13292,13293,13293,1
2020-11-11,15:03:41.065000,13292,13293,13293,1
2020-11-11,15:03:41.574000,13292,13293,13293,1
2020-11-11,15:03:42.980000,13292,13293,13293,1
2020-11-11,15:03:43.921000,13292,13293,13293,1
2020-11-11,15:03:45.994000,13292,13293,13293,1
2020-11-11,15:03:46.702000,13292,13293,13292,3
2020-11-11,15:03:47.928000,13292,13293,13293,1
2020-11-11,15:03:48.195000,13292,13293,13293,1
2020-11-11,15:03:48.203000,13292,13293,13293,1
2020-11-11,15:03:49.347000,13292,13293,13292,4
2020-11-11,15:03:49.347000,13292,13293,13292,3
2020-11-11,15:03:49.347000,13292,13293,13292,3
2020-11-11,15:03:50.054000,13291,13292,13292,3
2020-11-11,15:03:50.638000,13291,13292,13292,1
2020-11-11,15:03:51.529000,13291,13292,13292,1
2020-11-11,15:03:52.048000,13291,13292,13292,1
2020-11-11,15:03:52.498000,13291,13292,13292,1
2020-11-11,15:03:52.769000,13291,13292,13292,1
2020-11-11,15:03:54.430000,13291,13293,13293,1
2020-11-11,15:03:55.135000,13291,13292,13292,1
2020-11-11,15:03:55.508000,13291,13292,13292,1
2020-11-11,15:03:55.802000,13291,13292,13292,1
2020-11-11,15:03:55.851000,13291,13292,13292,9
2020-11-11,15:03:55.851000,13291,13292,13292,1
2020-11-11,15:03:55.852000,13291,13292,13292,1
2020-11-11,15:03:55.852000,13291,13292,13292,24
2020-11-11,15:03:56.439000,13291,13292,13292,3
2020-11-11,15:03:56.443000,13291,13292,13292,1
2020-11-11,15:03:57.211000,13291,13292,13292,5
2020-11-11,15:03:58.157000,13291,13292,13292,5
2020-11-11,15:03:58.856000,13292,13293,13292,2
2020-11-11,15:04:00.803000,13292,13293,13293,4
2020-11-11,15:04:00.863000,13292,13293,13292,1
2020-11-11,15:04:02.009000,13292,13293,13293,2
2020-11-11,15:04:02.503000,13292,13293,13292,10
2020-11-11,15:04:02.684000,13292,13293,13292,2
2020-11-11,15:04:05.301000,13292,13293,13292,15
2020-11-11,15:04:05.301000,13292,13293,13292,9
2020-11-11,15:04:06.270000,13291,13293,13293,1
2020-11-11,15:04:07.683000,13291,13292,13291,2
2020-11-11,15:04:08.725000,13291,13292,13292,1
2020-11-11,15:04:10.215000,13291,13293,13293,3
2020-11-11,15:04:12.153000,13292,13293,13292,1
2020-11-11,15:04:13.252000,13292,13293,13293,2
2020-11-11,15:04:14.174000,13292,13293,13292,1
2020-11-11,15:04:19.743000,13292,13293,13292,1
2020-11-11,15:04:22.898000,13292,13293,13292,1
2020-11-11,15:04:23.426000,13292,13293,13292,2
2020-11-11,15:04:23.983000,13292,13293,13292,2
2020-11-11,15:04:24.241000,13292,13293,13292,2
2020-11-11,15:04:24.662000,13291,13292,13291,1
2020-11-11,15:04:29.950000,13291,13292,13292,2
2020-11-11,15:04:30.345000,13292,13293,13293,1
2020-11-11,15:04:30.345000,13292,13293,13293,1
2020-11-11,15:04:30.345000,13292,13293,13293,2
2020-11-11,15:04:30.345000,13292,13293,13293,14
2020-11-11,15:04:30.345000,13292,13293,13293,6
2020-11-11,15:04:31.732000,13293,13294,13294,1
2020-11-11,15:04:32.216000,13293,13294,13293,1
2020-11-11,15:04:32.259000,13293,13294,13293,1
2020-11-11,15:04:33.143000,13293,13294,13294,6
2020-11-11,15:04:35.199000,13293,13294,13294,1
2020-11-11,15:04:35.489000,13293,13294,13294,1
2020-11-11,15:04:35.514000,13293,13294,13293,1
2020-11-11,15:04:36.234000,13293,13294,13294,2
2020-11-11,15:04:36.235000,13293,13294,13294,2
2020-11-11,15:04:36.649000,13294,13295,13294,2
2020-11-11,15:04:37.461000,13294,13295,13294,10
2020-11-11,15:04:38.284000,13293,13294,13294,2
2020-11-11,15:04:38.284000,13293,13294,13294,3
2020-11-11,15:04:38.366000,13294,13295,13294,1
2020-11-11,15:04:38.720000,13294,13295,13294,2
2020-11-11,15:04:40.114000,13294,13295,13294,1
2020-11-11,15:04:44.022000,13294,13295,13295,1
2020-11-11,15:04:44.261000,13294,13295,13294,6
2020-11-11,15:04:44.607000,13294,13295,13294,1
2020-11-11,15:04:45.012000,13294,13295,13295,5
2020-11-11,15:04:46.255000,13294,13295,13294,1
2020-11-11,15:04:46.424000,13294,13295,13294,1
2020-11-11,15:04:46.444000,13294,13295,13295,1
2020-11-11,15:04:46.872000,13294,13295,13294,1
2020-11-11,15:04:47.383000,13294,13295,13294,1
2020-11-11,15:04:47.716000,13294,13295,13295,5
2020-11-11,15:04:49.400000,13294,13295,13295,1
2020-11-11,15:04:49.721000,13294,13295,13294,1
2020-11-11,15:04:50.267000,13294,13295,13295,1
2020-11-11,15:04:51.073000,13294,13295,13295,1
2020-11-11,15:04:51.124000,13294,13295,13295,1
2020-11-11,15:04:51.706000,13294,13295,13295,1
2020-11-11,15:04:52.648000,13294,13295,13295,1
2020-11-11,15:04:53.185000,13294,13295,13295,1
2020-11-11,15:04:53.553000,13294,13295,13294,1
2020-11-11,15:04:55.013000,13294,13295,13295,4
2020-11-11,15:04:57.020000,13294,13295,13295,1
2020-11-11,15:04:57.052000,13294,13295,13294,1
2020-11-11,15:04:57.286000,13294,13295,13295,1
2020-11-11,15:04:58.099000,13294,13295,13294,1
2020-11-11,15:04:58.256000,13294,13295,13295,4
2020-11-11,15:04:59.648000,13294,13295,13295,1
2020-11-11,15:04:59.898000,13294,13295,13295,1
2020-11-11,15:05:00.187000,13294,13295,13295,1
2020-11-11,15:05:00.239000,13294,13295,13294,1
2020-11-11,15:05:00.290000,13294,13295,13295,1
2020-11-11,15:05:00.318000,13294,13295,13295,2
2020-11-11,15:05:00.527000,13294,13295,13295,1
2020-11-11,15:05:00.531000,13294,13295,13295,1
2020-11-11,15:05:00.533000,13294,13295,13295,1
2020-11-11,15:05:01.042000,13294,13295,13295,1
2020-11-11,15:05:01.527000,13295,13296,13295,1
2020-11-11,15:05:01.708000,13295,13296,13296,2
2020-11-11,15:05:01.775000,13295,13296,13295,1
2020-11-11,15:05:01.783000,13295,13296,13296,1
2020-11-11,15:05:01.789000,13295,13296,13296,1
2020-11-11,15:05:02.013000,13295,13296,13296,1
2020-11-11,15:05:02.045000,13295,13296,13296,1
2020-11-11,15:05:02.051000,13295,13296,13296,1
2020-11-11,15:05:02.088000,13295,13296,13295,1
2020-11-11,15:05:02.118000,13295,13296,13296,1
2020-11-11,15:05:02.142000,13295,13296,13295,1
2020-11-11,15:05:02.579000,13295,13296,13296,5
2020-11-11,15:05:02.723000,13295,13296,13296,2
2020-11-11,15:05:03.140000,13295,13296,13296,1
2020-11-11,15:05:03.264000,13295,13296,13296,2
2020-11-11,15:05:03.386000,13295,13296,13296,1
2020-11-11,15:05:03.803000,13295,13296,13296,1
2020-11-11,15:05:03.803000,13295,13296,13296,4
2020-11-11,15:05:03.803000,13295,13296,13296,3
2020-11-11,15:05:03.805000,13295,13296,13297,28
2020-11-11,15:05:03.891000,13297,13298,13297,1
2020-11-11,15:05:04.210000,13296,13298,13296,1
2020-11-11,15:05:04.253000,13296,13298,13296,1
2020-11-11,15:05:04.411000,13296,13298,13298,1
2020-11-11,15:05:04.522000,13296,13298,13298,2
2020-11-11,15:05:04.585000,13296,13298,13296,2
2020-11-11,15:05:04.727000,13296,13297,13296,1
2020-11-11,15:05:04.968000,13295,13297,13295,1
2020-11-11,15:05:05.016000,13295,13297,13297,1
2020-11-11,15:05:05.139000,13295,13297,13297,1
2020-11-11,15:05:05.195000,13295,13297,13297,2
2020-11-11,15:05:05.320000,13295,13297,13297,1
2020-11-11,15:05:05.415000,13295,13297,13295,1
2020-11-11,15:05:05.644000,13295,13297,13297,2
2020-11-11,15:05:05.835000,13296,13297,13296,3
2020-11-11,15:05:06.088000,13295,13297,13295,2
2020-11-11,15:05:06.118000,13295,13297,13295,6
2020-11-11,15:05:06.331000,13295,13297,13295,1
2020-11-11,15:05:06.557000,13295,13296,13295,2
2020-11-11,15:05:06.557000,13295,13296,13294,2
2020-11-11,15:05:06.638000,13294,13296,13294,2
2020-11-11,15:05:06.997000,13294,13296,13294,1
2020-11-11,15:05:07.289000,13294,13296,13294,1
2020-11-11,15:05:07.313000,13294,13296,13296,1
2020-11-11,15:05:08.896000,13294,13296,13294,1
2020-11-11,15:05:10.145000,13295,13296,13296,1
2020-11-11,15:05:10.362000,13295,13296,13295,1
2020-11-11,15:05:12.004000,13295,13296,13296,1
2020-11-11,15:05:14.505000,13295,13296,13296,1
2020-11-11,15:05:14.992000,13295,13296,13296,2
2020-11-11,15:05:15.631000,13295,13296,13295,2
2020-11-11,15:05:16.071000,13295,13296,13296,2
2020-11-11,15:05:16.186000,13295,13296,13296,1
2020-11-11,15:05:16.908000,13295,13296,13296,1
2020-11-11,15:05:19.264000,13295,13296,13296,1
2020-11-11,15:05:20.689000,13295,13296,13295,11
2020-11-11,15:05:24.820000,13294,13295,13295,1
2020-11-11,15:05:25.372000,13295,13296,13295,1
2020-11-11,15:05:25.441000,13295,13296,13295,1
2020-11-11,15:05:25.607000,13295,13296,13295,1
2020-11-11,15:05:27.239000,13295,13296,13295,1
2020-11-11,15:05:27.239000,13295,13296,13295,4
2020-11-11,15:05:28.296000,13294,13296,13294,1
2020-11-11,15:05:28.399000,13294,13296,13295,1
2020-11-11,15:05:28.545000,13294,13295,13295,3
2020-11-11,15:05:28.545000,13294,13295,13295,12
2020-11-11,15:05:28.897000,13294,13295,13294,1
2020-11-11,15:05:29.166000,13294,13295,13294,1
2020-11-11,15:05:29.844000,13294,13295,13295,1
2020-11-11,15:05:30.171000,13294,13295,13295,1
2020-11-11,15:05:31.375000,13294,13295,13295,1
2020-11-11,15:05:33.297000,13294,13295,13295,1
2020-11-11,15:05:37.178000,13295,13296,13296,1
2020-11-11,15:05:41.933000,13295,13296,13296,2
2020-11-11,15:05:43.347000,13295,13296,13295,2
2020-11-11,15:05:46.011000,13295,13296,13296,2
2020-11-11,15:05:49.745000,13295,13296,13296,1
2020-11-11,15:05:50.535000,13295,13296,13296,3
2020-11-11,15:05:57.445000,13295,13296,13296,1
2020-11-11,15:06:00.266000,13295,13296,13296,3
2020-11-11,15:06:00.289000,13295,13296,13296,3
2020-11-11,15:06:00.292000,13295,13296,13296,2
2020-11-11,15:06:00.292000,13295,13296,13296,2
2020-11-11,15:06:00.299000,13295,13296,13297,4
2020-11-11,15:06:00.301000,13295,13296,13297,2
2020-11-11,15:06:00.301000,13295,13296,13297,2
2020-11-11,15:06:00.303000,13295,13296,13297,1
2020-11-11,15:06:00.304000,13295,13296,13297,2
2020-11-11,15:06:00.308000,13295,13296,13298,1
2020-11-11,15:06:00.310000,13295,13296,13298,3
2020-11-11,15:06:00.316000,13295,13296,13298,4
2020-11-11,15:06:00.319000,13295,13296,13298,2
2020-11-11,15:06:00.365000,13296,13298,13296,1
2020-11-11,15:06:00.535000,13296,13298,13298,1
2020-11-11,15:06:00.930000,13296,13298,13296,1
2020-11-11,15:06:01.181000,13296,13298,13296,2
2020-11-11,15:06:02.272000,13297,13298,13297,4
2020-11-11,15:06:02.527000,13297,13298,13297,1
2020-11-11,15:06:04.153000,13297,13298,13298,2
2020-11-11,15:06:05.287000,13297,13298,13298,1
2020-11-11,15:06:05.747000,13297,13298,13297,5
2020-11-11,15:06:07.101000,13297,13298,13298,1
2020-11-11,15:06:08.726000,13297,13298,13298,1
2020-11-11,15:06:08.779000,13297,13298,13298,4
2020-11-11,15:06:09.136000,13298,13299,13299,2
2020-11-11,15:06:09.137000,13298,13299,13299,12
2020-11-11,15:06:09.237000,13299,13300,13299,3
2020-11-11,15:06:09.264000,13299,13300,13300,10
2020-11-11,15:06:09.365000,13299,13300,13300,1
2020-11-11,15:06:09.400000,13299,13300,13300,4
2020-11-11,15:06:09.403000,13299,13300,13300,6
2020-11-11,15:06:09.403000,13299,13300,13300,4
2020-11-11,15:06:09.403000,13299,13300,13300,6
2020-11-11,15:06:09.500000,13300,13301,13300,1
2020-11-11,15:06:09.550000,13300,13301,13301,3
2020-11-11,15:06:09.552000,13300,13301,13301,2
2020-11-11,15:06:09.560000,13300,13301,13301,2
2020-11-11,15:06:09.632000,13300,13301,13301,7
2020-11-11,15:06:09.633000,13300,13301,13301,2
2020-11-11,15:06:09.784000,13300,13302,13300,1
2020-11-11,15:06:09.819000,13300,13302,13302,1
2020-11-11,15:06:09.877000,13300,13302,13302,1
2020-11-11,15:06:09.890000,13300,13302,13302,6
2020-11-11,15:06:10.057000,13301,13302,13303,7
2020-11-11,15:06:10.132000,13302,13303,13302,1
2020-11-11,15:06:10.295000,13302,13303,13302,1
2020-11-11,15:06:10.422000,13301,13302,13301,1
2020-11-11,15:06:10.468000,13301,13302,13300,6
2020-11-11,15:06:10.731000,13300,13301,13300,1
2020-11-11,15:06:11.385000,13300,13301,13301,1
2020-11-11,15:06:11.808000,13300,13301,13301,1
2020-11-11,15:06:12.539000,13300,13301,13301,2
2020-11-11,15:06:13.048000,13300,13301,13301,1
2020-11-11,15:06:15.006000,13302,13303,13302,1
2020-11-11,15:06:15.383000,13302,13303,13303,3
2020-11-11,15:06:16.360000,13303,13304,13303,1
2020-11-11,15:06:17.236000,13302,13303,13303,2
2020-11-11,15:06:17.435000,13302,13303,13302,1
2020-11-11,15:06:17.821000,13302,13303,13303,1
2020-11-11,15:06:17.827000,13302,13303,13303,1
2020-11-11,15:06:17.830000,13302,13303,13304,1
2020-11-11,15:06:17.869000,13302,13304,13304,1
2020-11-11,15:06:18.136000,13302,13304,13304,1
2020-11-11,15:06:18.164000,13302,13304,13304,2
2020-11-11,15:06:18.204000,13302,13304,13304,1
2020-11-11,15:06:18.523000,13303,13304,13304,2
2020-11-11,15:06:18.642000,13303,13304,13304,1
2020-11-11,15:06:19.363000,13303,13304,13304,1
2020-11-11,15:06:19.610000,13303,13304,13304,1
2020-11-11,15:06:20.178000,13302,13304,13304,2
2020-11-11,15:06:20.565000,13303,13304,13304,1
2020-11-11,15:06:20.842000,13303,13305,13303,4
2020-11-11,15:06:21.515000,13303,13304,13304,1
2020-11-11,15:06:21.600000,13303,13304,13304,1
2020-11-11,15:06:22.030000,13303,13304,13304,5
2020-11-11,15:06:22.359000,13303,13304,13304,1
2020-11-11,15:06:23.102000,13303,13304,13304,1
2020-11-11,15:06:23.103000,13303,13304,13304,1
2020-11-11,15:06:23.119000,13303,13304,13305,1
2020-11-11,15:06:23.370000,13303,13305,13303,3
2020-11-11,15:06:23.422000,13303,13305,13304,1
2020-11-11,15:06:23.467000,13303,13305,13304,1
2020-11-11,15:06:23.468000,13303,13305,13304,1
2020-11-11,15:06:23.481000,13303,13305,13305,1
2020-11-11,15:06:23.483000,13303,13305,13305,1
2020-11-11,15:06:23.498000,13303,13305,13305,1
2020-11-11,15:06:23.537000,13303,13305,13305,1
2020-11-11,15:06:23.608000,13304,13305,13305,1
2020-11-11,15:06:23.618000,13304,13305,13305,3
2020-11-11,15:06:23.653000,13304,13305,13305,1
2020-11-11,15:06:23.660000,13304,13305,13304,4
2020-11-11,15:06:23.661000,13304,13305,13304,1
2020-11-11,15:06:23.666000,13304,13305,13305,2
2020-11-11,15:06:23.681000,13304,13305,13305,1
2020-11-11,15:06:23.687000,13304,13305,13305,2
2020-11-11,15:06:23.715000,13304,13305,13305,3
2020-11-11,15:06:23.722000,13304,13305,13305,2
2020-11-11,15:06:23.722000,13304,13305,13306,1
2020-11-11,15:06:23.726000,13304,13305,13306,1
2020-11-11,15:06:23.743000,13304,13305,13306,1
2020-11-11,15:06:23.745000,13304,13305,13306,1
2020-11-11,15:06:23.746000,13304,13305,13306,1
2020-11-11,15:06:23.760000,13304,13305,13306,1
2020-11-11,15:06:23.782000,13304,13305,13306,1
2020-11-11,15:06:23.789000,13304,13305,13306,3
2020-11-11,15:06:23.808000,13304,13305,13306,1
2020-11-11,15:06:23.860000,13305,13306,13306,1
2020-11-11,15:06:23.885000,13305,13306,13307,2
2020-11-11,15:06:23.886000,13305,13306,13307,1
2020-11-11,15:06:23.907000,13305,13306,13307,2
2020-11-11,15:06:23.931000,13305,13306,13307,3
2020-11-11,15:06:23.994000,13306,13307,13307,1
2020-11-11,15:06:24.030000,13306,13307,13307,1
2020-11-11,15:06:24.125000,13306,13307,13307,1
2020-11-11,15:06:24.125000,13306,13307,13308,1
2020-11-11,15:06:24.127000,13306,13307,13308,1
2020-11-11,15:06:24.248000,13306,13308,13306,3
2020-11-11,15:06:24.283000,13306,13308,13308,5
2020-11-11,15:06:24.325000,13306,13308,13306,2
2020-11-11,15:06:24.390000,13306,13308,13306,1
2020-11-11,15:06:24.457000,13306,13308,13307,1
2020-11-11,15:06:24.606000,13306,13307,13307,2
2020-11-11,15:06:24.653000,13306,13307,13306,1
2020-11-11,15:06:24.665000,13306,13307,13306,1
2020-11-11,15:06:24.795000,13305,13307,13307,1
2020-11-11,15:06:24.863000,13305,13307,13307,3
2020-11-11,15:06:24.973000,13305,13307,13305,1
2020-11-11,15:06:24.977000,13305,13307,13305,1
2020-11-11,15:06:24.983000,13305,13307,13305,1
2020-11-11,15:06:24.987000,13305,13307,13305,1
2020-11-11,15:06:25.255000,13305,13307,13307,2
2020-11-11,15:06:25.375000,13305,13307,13307,1
2020-11-11,15:06:25.506000,13305,13307,13308,1
2020-11-11,15:06:26.012000,13306,13308,13308,3
2020-11-11,15:06:26.173000,13306,13308,13308,2
2020-11-11,15:06:27.359000,13307,13308,13308,2
2020-11-11,15:06:27.831000,13308,13309,13309,2
2020-11-11,15:06:27.915000,13308,13309,13309,1
2020-11-11,15:06:28.016000,13308,13309,13309,1
2020-11-11,15:06:28.188000,13308,13309,13309,1
2020-11-11,15:06:28.213000,13308,13309,13308,1
2020-11-11,15:06:28.215000,13308,13309,13308,3
2020-11-11,15:06:28.262000,13307,13308,13307,1
2020-11-11,15:06:28.297000,13307,13308,13307,3
2020-11-11,15:06:28.387000,13307,13308,13307,1
2020-11-11,15:06:28.418000,13307,13308,13307,1
2020-11-11,15:06:28.522000,13307,13308,13307,3
2020-11-11,15:06:29.273000,13306,13308,13306,1
2020-11-11,15:06:29.786000,13305,13307,13305,1
2020-11-11,15:06:30.144000,13305,13307,13307,3
2020-11-11,15:06:30.519000,13306,13307,13307,1
2020-11-11,15:06:30.986000,13306,13307,13307,1
2020-11-11,15:06:31.407000,13306,13307,13306,1
2020-11-11,15:06:31.514000,13306,13307,13306,1
2020-11-11,15:06:31.514000,13306,13307,13305,1
2020-11-11,15:06:31.814000,13305,13306,13306,1
2020-11-11,15:06:32.634000,13305,13306,13306,1
2020-11-11,15:06:34.583000,13306,13307,13306,1
2020-11-11,15:06:34.634000,13306,13307,13307,5
2020-11-11,15:06:35.047000,13307,13308,13307,1
2020-11-11,15:06:35.351000,13306,13307,13307,2
2020-11-11,15:06:35.585000,13306,13307,13307,2
2020-11-11,15:06:37.337000,13306,13307,13307,1
2020-11-11,15:06:37.391000,13306,13307,13307,1
2020-11-11,15:06:38.236000,13306,13308,13308,1
2020-11-11,15:06:38.537000,13306,13308,13306,1
2020-11-11,15:06:38.918000,13306,13307,13307,1
2020-11-11,15:06:38.989000,13306,13307,13307,1
2020-11-11,15:06:39.533000,13306,13308,13308,1
2020-11-11,15:06:40.018000,13306,13308,13308,2
2020-11-11,15:06:40.095000,13306,13308,13308,1
2020-11-11,15:06:40.707000,13306,13308,13306,1
2020-11-11,15:06:41.872000,13306,13307,13306,1
2020-11-11,15:06:41.942000,13306,13307,13307,2
2020-11-11,15:06:43.079000,13306,13307,13307,1
2020-11-11,15:06:43.348000,13306,13307,13307,2
2020-11-11,15:06:44.676000,13306,13308,13308,1
2020-11-11,15:06:45.246000,13306,13308,13308,1
2020-11-11,15:06:46.698000,13307,13308,13308,3
2020-11-11,15:06:46.846000,13307,13308,13308,2
2020-11-11,15:06:47.679000,13307,13308,13308,2
2020-11-11,15:06:47.794000,13308,13309,13308,1
2020-11-11,15:06:49.564000,13308,13309,13309,4
2020-11-11,15:06:49.565000,13308,13309,13309,1
2020-11-11,15:06:49.565000,13308,13309,13309,16
2020-11-11,15:06:50.282000,13309,13310,13310,1
2020-11-11,15:06:50.372000,13309,13310,13309,1
2020-11-11,15:06:50.452000,13309,13310,13309,2
2020-11-11,15:06:50.505000,13309,13310,13309,1
2020-11-11,15:06:50.627000,13309,13310,13309,1
2020-11-11,15:06:50.819000,13309,13310,13309,5
2020-11-11,15:06:50.955000,13308,13310,13309,1
2020-11-11,15:06:51.383000,13309,13310,13308,1
2020-11-11,15:06:51.477000,13308,13310,13308,2
2020-11-11,15:06:51.582000,13308,13310,13310,1
2020-11-11,15:06:51.704000,13308,13310,13310,1
2020-11-11,15:06:53.974000,13309,13310,13310,1
2020-11-11,15:06:53.975000,13309,13310,13310,2
2020-11-11,15:06:53.975000,13309,13310,13310,2
2020-11-11,15:06:53.975000,13309,13310,13310,6
2020-11-11,15:06:53.995000,13309,13310,13310,3
2020-11-11,15:06:53.995000,13309,13310,13309,10
2020-11-11,15:06:54.281000,13308,13310,13310,1
2020-11-11,15:06:54.525000,13308,13310,13310,1
2020-11-11,15:06:55.115000,13309,13310,13309,1
2020-11-11,15:06:55.566000,13309,13310,13310,3
2020-11-11,15:06:56.498000,13309,13310,13310,5
2020-11-11,15:06:56.549000,13309,13310,13309,1
2020-11-11,15:06:56.557000,13309,13310,13310,2
2020-11-11,15:06:56.790000,13308,13310,13310,1
2020-11-11,15:06:57.555000,13309,13310,13310,1
2020-11-11,15:06:58.222000,13309,13310,13310,2
2020-11-11,15:06:58.238000,13309,13310,13309,1
2020-11-11,15:06:58.935000,13309,13310,13309,2
2020-11-11,15:06:59.341000,13308,13310,13310,3
2020-11-11,15:06:59.616000,13309,13310,13310,2
2020-11-11,15:07:00.180000,13309,13310,13310,3
2020-11-11,15:07:00.180000,13309,13310,13311,1
2020-11-11,15:07:00.228000,13309,13311,13311,2
2020-11-11,15:07:00.238000,13309,13311,13309,1
2020-11-11,15:07:00.254000,13309,13311,13311,6
2020-11-11,15:07:00.254000,13309,13311,13312,1
2020-11-11,15:07:00.370000,13309,13311,13311,1
2020-11-11,15:07:00.570000,13309,13311,13311,2
2020-11-11,15:07:00.577000,13309,13311,13311,1
2020-11-11,15:07:00.633000,13309,13311,13309,1
2020-11-11,15:07:00.670000,13309,13311,13311,1
2020-11-11,15:07:00.770000,13309,13311,13311,6
2020-11-11,15:07:00.770000,13309,13311,13312,2
2020-11-11,15:07:00.772000,13309,13311,13310,1
2020-11-11,15:07:00.869000,13310,13312,13310,1
2020-11-11,15:07:00.911000,13310,13312,13310,2
2020-11-11,15:07:01.655000,13309,13310,13310,1
2020-11-11,15:07:01.723000,13309,13310,13310,1
2020-11-11,15:07:01.724000,13309,13310,13311,1
2020-11-11,15:07:02.312000,13309,13310,13310,1
2020-11-11,15:07:02.973000,13309,13310,13310,1
2020-11-11,15:07:03.450000,13309,13310,13309,2
2020-11-11,15:07:03.547000,13309,13310,13310,2
2020-11-11,15:07:03.802000,13309,13310,13310,1
2020-11-11,15:07:04.023000,13309,13310,13310,2
2020-11-11,15:07:05.208000,13309,13310,13309,1
2020-11-11,15:07:05.256000,13309,13310,13310,1
2020-11-11,15:07:05.505000,13309,13310,13310,1
2020-11-11,15:07:05.889000,13309,13310,13310,1
2020-11-11,15:07:06.362000,13309,13310,13310,1
2020-11-11,15:07:08.393000,13309,13310,13310,1
2020-11-11,15:07:08.474000,13309,13310,13310,1
2020-11-11,15:07:08.475000,13309,13310,13310,1
2020-11-11,15:07:08.475000,13309,13310,13310,1
2020-11-11,15:07:08.726000,13309,13310,13309,10
2020-11-11,15:07:08.727000,13309,13310,13309,2
2020-11-11,15:07:08.783000,13309,13310,13308,2
2020-11-11,15:07:09.397000,13308,13309,13309,1
2020-11-11,15:07:10.985000,13308,13309,13308,9
2020-11-11,15:07:11.001000,13308,13309,13308,1
2020-11-11,15:07:11.237000,13308,13309,13308,1
2020-11-11,15:07:11.239000,13308,13309,13308,3
2020-11-11,15:07:11.539000,13307,13309,13309,1
2020-11-11,15:07:12.695000,13307,13309,13309,1
2020-11-11,15:07:12.876000,13307,13309,13309,1
2020-11-11,15:07:13.387000,13307,13309,13309,2
2020-11-11,15:07:13.747000,13307,13309,13309,1
2020-11-11,15:07:16.165000,13307,13309,13308,4
2020-11-11,15:07:16.555000,13307,13309,13308,4
2020-11-11,15:07:16.555000,13307,13309,13308,1
2020-11-11,15:07:16.557000,13307,13309,13308,4
2020-11-11,15:07:17.226000,13307,13309,13307,1
2020-11-11,15:07:17.571000,13307,13309,13307,1
2020-11-11,15:07:18.224000,13307,13308,13307,1
2020-11-11,15:07:18.309000,13307,13308,13307,4
2020-11-11,15:07:18.309000,13307,13308,13306,1
2020-11-11,15:07:18.404000,13306,13308,13306,2
2020-11-11,15:07:21.544000,13307,13308,13307,1
2020-11-11,15:07:22.356000,13307,13308,13307,2
2020-11-11,15:07:22.681000,13307,13308,13308,2
2020-11-11,15:07:23.435000,13307,13309,13309,1
2020-11-11,15:07:24.367000,13308,13309,13308,1
2020-11-11,15:07:24.436000,13308,13309,13308,2
2020-11-11,15:07:26.828000,13308,13309,13309,2
2020-11-11,15:07:26.828000,13308,13309,13309,6
2020-11-11,15:07:27.494000,13309,13310,13310,4
2020-11-11,15:07:27.495000,13309,13310,13310,3
2020-11-11,15:07:27.495000,13309,13310,13310,1
2020-11-11,15:07:28.628000,13310,13311,13310,1
2020-11-11,15:07:29.004000,13310,13311,13310,1
2020-11-11,15:07:29.777000,13310,13311,13310,1
2020-11-11,15:07:30.397000,13310,13311,13310,1
2020-11-11,15:07:31.147000,13310,13311,13310,2
2020-11-11,15:07:32.163000,13310,13311,13311,1
2020-11-11,15:07:32.909000,13310,13311,13311,5
2020-11-11,15:07:33.044000,13311,13312,13311,2
2020-11-11,15:07:33.087000,13311,13312,13311,3
2020-11-11,15:07:33.195000,13311,13312,13312,2
2020-11-11,15:07:33.195000,13311,13312,13312,2
2020-11-11,15:07:33.195000,13311,13312,13312,4
2020-11-11,15:07:33.196000,13311,13312,13312,3
2020-11-11,15:07:33.439000,13312,13313,13312,1
2020-11-11,15:07:33.444000,13312,13313,13312,1
2020-11-11,15:07:33.451000,13312,13313,13312,1
2020-11-11,15:07:33.463000,13312,13313,13312,1
2020-11-11,15:07:33.483000,13312,13313,13312,1
2020-11-11,15:07:33.502000,13312,13313,13311,1
2020-11-11,15:07:33.507000,13312,13313,13311,1
2020-11-11,15:07:33.522000,13312,13313,13311,1
2020-11-11,15:07:33.582000,13312,13313,13311,4
2020-11-11,15:07:33.768000,13311,13313,13313,1
2020-11-11,15:07:33.893000,13311,13313,13313,1
2020-11-11,15:07:34.239000,13311,13312,13311,1
2020-11-11,15:07:34.321000,13311,13312,13311,1
2020-11-11,15:07:35.096000,13310,13312,13312,1
2020-11-11,15:07:35.257000,13310,13312,13312,1
2020-11-11,15:07:35.923000,13310,13312,13312,1
2020-11-11,15:07:36.525000,13311,13312,13311,1
2020-11-11,15:07:36.637000,13310,13312,13310,1
2020-11-11,15:07:39.021000,13311,13312,13312,2
2020-11-11,15:07:39.098000,13311,13312,13312,1
2020-11-11,15:07:39.098000,13311,13312,13312,1
2020-11-11,15:07:39.099000,13311,13312,13312,1
2020-11-11,15:07:39.099000,13311,13312,13312,1
2020-11-11,15:07:39.099000,13311,13312,13312,1
2020-11-11,15:07:39.099000,13311,13312,13312,1
2020-11-11,15:07:39.100000,13311,13312,13312,1
2020-11-11,15:07:39.100000,13311,13312,13312,1
2020-11-11,15:07:39.100000,13311,13312,13312,1
2020-11-11,15:07:39.100000,13311,13312,13312,1
2020-11-11,15:07:39.100000,13311,13312,13312,1
2020-11-11,15:07:39.101000,13311,13312,13312,1
2020-11-11,15:07:40.085000,13311,13312,13312,1
2020-11-11,15:07:40.249000,13311,13312,13312,1
2020-11-11,15:07:41.047000,13312,13313,13312,1
2020-11-11,15:07:41.496000,13312,13313,13313,5
2020-11-11,15:07:41.818000,13312,13313,13312,1
2020-11-11,15:07:42.381000,13312,13313,13312,3
2020-11-11,15:07:45.376000,13311,13312,13312,1
2020-11-11,15:07:45.750000,13311,13312,13311,1
2020-11-11,15:07:45.839000,13311,13312,13312,1
2020-11-11,15:07:47.040000,13311,13312,13312,1
2020-11-11,15:07:48.242000,13311,13312,13311,1
2020-11-11,15:07:48.754000,13311,13312,13311,1
2020-11-11,15:07:51.807000,13311,13312,13312,2
2020-11-11,15:07:52.323000,13311,13312,13311,1
2020-11-11,15:07:52.612000,13311,13312,13312,1
2020-11-11,15:07:57.513000,13311,13312,13311,6
2020-11-11,15:07:57.513000,13311,13312,13311,4
2020-11-11,15:07:57.743000,13310,13312,13312,1
2020-11-11,15:07:57.844000,13310,13312,13312,2
2020-11-11,15:08:00.315000,13311,13312,13312,1
2020-11-11,15:08:00.365000,13311,13312,13311,1
2020-11-11,15:08:00.944000,13311,13312,13312,3
2020-11-11,15:08:01.504000,13311,13312,13311,1
2020-11-11,15:08:02.346000,13310,13311,13310,1
2020-11-11,15:08:02.533000,13310,13311,13310,2
2020-11-11,15:08:02.670000,13310,13311,13311,1
2020-11-11,15:08:03.879000,13310,13311,13311,1
2020-11-11,15:08:04.976000,13310,13311,13311,1
2020-11-11,15:08:04.989000,13310,13311,13311,1
2020-11-11,15:08:05.908000,13310,13311,13310,1
2020-11-11,15:08:06.379000,13310,13311,13311,1
2020-11-11,15:08:06.482000,13310,13311,13310,1
2020-11-11,15:08:06.692000,13310,13311,13310,19
2020-11-11,15:08:06.722000,13309,13310,13309,2
2020-11-11,15:08:07.353000,13308,13309,13308,1
2020-11-11,15:08:07.495000,13308,13309,13308,2
2020-11-11,15:08:08.660000,13309,13310,13309,1
2020-11-11,15:08:11.467000,13308,13309,13309,1
2020-11-11,15:08:11.588000,13308,13309,13309,3
2020-11-11,15:08:12.627000,13309,13310,13309,1
2020-11-11,15:08:12.627000,13309,13310,13309,1
2020-11-11,15:08:12.628000,13309,13310,13309,4
2020-11-11,15:08:12.628000,13309,13310,13309,1
2020-11-11,15:08:16.134000,13309,13310,13309,1
2020-11-11,15:08:16.134000,13309,13310,13308,1
2020-11-11,15:08:16.194000,13309,13310,13308,1
2020-11-11,15:08:17.424000,13308,13309,13309,1
2020-11-11,15:08:17.520000,13308,13309,13308,1
2020-11-11,15:08:20.453000,13308,13309,13309,1
2020-11-11,15:08:21.171000,13308,13309,13309,1
2020-11-11,15:08:21.302000,13308,13310,13309,1
2020-11-11,15:08:22.797000,13308,13310,13308,2
2020-11-11,15:08:23.783000,13308,13310,13308,1
2020-11-11,15:08:25.401000,13308,13310,13309,1
2020-11-11,15:08:25.808000,13308,13310,13310,3
2020-11-11,15:08:25.812000,13308,13310,13310,1
2020-11-11,15:08:25.899000,13309,13310,13310,1
2020-11-11,15:08:27.322000,13309,13310,13309,1
2020-11-11,15:08:29.049000,13309,13310,13310,2
2020-11-11,15:08:29.817000,13309,13310,13310,1
2020-11-11,15:08:31.001000,13309,13310,13310,1
2020-11-11,15:08:32.818000,13309,13310,13309,1
2020-11-11,15:08:33.001000,13309,13310,13310,1
2020-11-11,15:08:33.264000,13309,13310,13309,1
2020-11-11,15:08:34.496000,13309,13310,13309,1
2020-11-11,15:08:35.259000,13309,13310,13310,5
2020-11-11,15:08:35.266000,13309,13310,13310,1
2020-11-11,15:08:35.306000,13309,13310,13311,1
2020-11-11,15:08:35.306000,13309,13310,13311,13
2020-11-11,15:08:35.306000,13309,13310,13311,3
2020-11-11,15:08:35.307000,13309,13310,13311,9
2020-11-11,15:08:35.369000,13311,13312,13311,1
2020-11-11,15:08:35.666000,13311,13312,13311,1
2020-11-11,15:08:36.881000,13311,13312,13312,1
2020-11-11,15:08:38.645000,13311,13312,13312,7
2020-11-11,15:08:38.972000,13312,13313,13313,2
2020-11-11,15:08:39.202000,13312,13313,13313,1
2020-11-11,15:08:40.047000,13312,13313,13313,2
2020-11-11,15:08:40.047000,13312,13313,13313,5
2020-11-11,15:08:40.047000,13312,13313,13313,2
2020-11-11,15:08:40.640000,13313,13314,13313,1
2020-11-11,15:08:41.398000,13313,13314,13313,3
2020-11-11,15:08:41.398000,13313,13314,13312,3
2020-11-11,15:08:46.260000,13313,13314,13313,1
2020-11-11,15:08:46.404000,13313,13314,13313,1
2020-11-11,15:08:46.537000,13313,13314,13313,1
2020-11-11,15:08:48.628000,13313,13314,13313,1
2020-11-11,15:08:49.130000,13313,13314,13313,3
2020-11-11,15:08:49.130000,13313,13314,13312,2
2020-11-11,15:08:49.401000,13313,13314,13313,1
2020-11-11,15:08:49.899000,13313,13314,13314,4
2020-11-11,15:08:49.899000,13313,13314,13314,1
2020-11-11,15:08:49.900000,13313,13314,13314,9
2020-11-11,15:08:50.033000,13313,13315,13315,1
2020-11-11,15:08:50.428000,13313,13315,13313,1
2020-11-11,15:08:50.503000,13313,13315,13313,1
2020-11-11,15:08:50.545000,13313,13315,13313,3
2020-11-11,15:08:50.623000,13313,13315,13313,1
2020-11-11,15:08:50.959000,13313,13315,13313,1
2020-11-11,15:08:51.107000,13313,13315,13315,5
2020-11-11,15:08:51.227000,13314,13315,13315,5
2020-11-11,15:08:52.605000,13314,13315,13314,1
2020-11-11,15:08:52.610000,13314,13315,13314,1
2020-11-11,15:08:52.619000,13314,13315,13314,1
2020-11-11,15:08:52.619000,13314,13315,13314,1
2020-11-11,15:08:52.621000,13314,13315,13313,1
2020-11-11,15:08:52.625000,13314,13315,13313,1
2020-11-11,15:08:52.687000,13314,13315,13314,1
2020-11-11,15:08:52.722000,13313,13314,13314,3
2020-11-11,15:08:53.673000,13314,13315,13315,1
2020-11-11,15:08:55.168000,13314,13315,13315,1
2020-11-11,15:08:55.273000,13314,13315,13314,1
2020-11-11,15:08:55.836000,13314,13315,13314,1
2020-11-11,15:08:56.912000,13314,13315,13315,3
2020-11-11,15:08:57.076000,13314,13315,13315,2
2020-11-11,15:08:57.254000,13314,13315,13315,1
2020-11-11,15:08:57.399000,13314,13315,13315,2
2020-11-11,15:08:57.466000,13314,13315,13315,1
2020-11-11,15:08:58.696000,13315,13316,13316,1
2020-11-11,15:08:59.259000,13315,13316,13316,1
2020-11-11,15:08:59.284000,13315,13316,13315,1
2020-11-11,15:09:00.189000,13315,13316,13316,2
2020-11-11,15:09:00.239000,13315,13316,13315,1
2020-11-11,15:09:00.265000,13315,13316,13316,2
2020-11-11,15:09:00.364000,13315,13316,13315,5
2020-11-11,15:09:00.477000,13314,13316,13316,1
2020-11-11,15:09:00.691000,13315,13316,13316,1
2020-11-11,15:09:00.938000,13315,13316,13315,1
2020-11-11,15:09:01.589000,13315,13316,13314,5
2020-11-11,15:09:01.622000,13314,13315,13315,1
2020-11-11,15:09:01.635000,13314,13315,13315,1
2020-11-11,15:09:01.681000,13314,13315,13315,1
2020-11-11,15:09:01.914000,13314,13316,13316,7
2020-11-11,15:09:02.252000,13315,13316,13315,1
2020-11-11,15:09:02.255000,13315,13316,13316,1
2020-11-11,15:09:02.612000,13315,13316,13316,1
2020-11-11,15:09:03.138000,13315,13316,13316,1
2020-11-11,15:09:03.161000,13315,13316,13315,1
2020-11-11,15:09:05.060000,13315,13317,13316,1
2020-11-11,15:09:05.627000,13316,13317,13317,1
2020-11-11,15:09:05.767000,13316,13317,13317,4
2020-11-11,15:09:05.975000,13316,13317,13317,1
2020-11-11,15:09:06.295000,13316,13317,13316,1
2020-11-11,15:09:06.521000,13316,13317,13317,1
2020-11-11,15:09:06.894000,13316,13317,13317,5
2020-11-11,15:09:06.904000,13316,13317,13317,1
2020-11-11,15:09:06.934000,13316,13317,13318,1
2020-11-11,15:09:07.043000,13316,13318,13317,1
2020-11-11,15:09:07.457000,13317,13318,13317,2
2020-11-11,15:09:07.955000,13316,13318,13318,1
2020-11-11,15:09:07.966000,13316,13318,13316,1
2020-11-11,15:09:07.984000,13316,13318,13318,1
2020-11-11,15:09:10.709000,13317,13318,13318,1
2020-11-11,15:09:11.341000,13317,13318,13317,1
2020-11-11,15:09:11.740000,13317,13318,13318,1
2020-11-11,15:09:11.788000,13317,13318,13318,5
2020-11-11,15:09:11.788000,13317,13318,13318,4
2020-11-11,15:09:11.788000,13317,13318,13318,7
2020-11-11,15:09:12.554000,13318,13319,13318,1
2020-11-11,15:09:13.011000,13317,13318,13318,1
2020-11-11,15:09:13.248000,13317,13318,13317,1
2020-11-11,15:09:15.201000,13317,13318,13317,1
2020-11-11,15:09:15.226000,13317,13318,13318,1
2020-11-11,15:09:15.303000,13317,13318,13318,1
2020-11-11,15:09:15.352000,13317,13318,13318,1
2020-11-11,15:09:15.574000,13317,13318,13318,4
2020-11-11,15:09:15.574000,13317,13318,13319,1
2020-11-11,15:09:15.603000,13317,13319,13319,1
2020-11-11,15:09:16.060000,13318,13319,13318,1
2020-11-11,15:09:16.092000,13318,13319,13318,2
2020-11-11,15:09:16.137000,13317,13319,13317,2
2020-11-11,15:09:16.356000,13318,13319,13318,1
2020-11-11,15:09:17.043000,13317,13318,13318,1
2020-11-11,15:09:17.375000,13317,13319,13317,2
2020-11-11,15:09:20.497000,13317,13318,13318,2
2020-11-11,15:09:20.610000,13317,13318,13318,2
2020-11-11,15:09:20.759000,13317,13318,13318,3
2020-11-11,15:09:20.829000,13317,13318,13317,2
2020-11-11,15:09:21.068000,13317,13318,13317,1
2020-11-11,15:09:21.124000,13317,13318,13318,1
2020-11-11,15:09:21.782000,13317,13318,13317,1
2020-11-11,15:09:21.782000,13317,13318,13317,5
2020-11-11,15:09:23.021000,13316,13318,13318,5
2020-11-11,15:09:23.022000,13316,13318,13317,1
2020-11-11,15:09:23.315000,13316,13317,13317,3
2020-11-11,15:09:23.315000,13316,13317,13318,2
2020-11-11,15:09:23.804000,13317,13318,13317,1
2020-11-11,15:09:23.862000,13317,13318,13317,2
2020-11-11,15:09:24.935000,13316,13317,13316,7
2020-11-11,15:09:25.009000,13315,13317,13317,5
2020-11-11,15:09:25.476000,13315,13317,13317,1
2020-11-11,15:09:26.296000,13315,13317,13317,1
2020-11-11,15:09:26.374000,13315,13317,13317,1
2020-11-11,15:09:27.380000,13315,13316,13315,1
2020-11-11,15:09:28.008000,13315,13316,13316,1
2020-11-11,15:09:28.104000,13315,13316,13316,1
2020-11-11,15:09:28.784000,13315,13316,13315,2
2020-11-11,15:09:28.970000,13315,13316,13315,2
2020-11-11,15:09:28.972000,13315,13316,13315,1
2020-11-11,15:09:32.805000,13316,13317,13316,1
2020-11-11,15:09:33.053000,13316,13317,13316,1
2020-11-11,15:09:33.458000,13316,13317,13316,1
2020-11-11,15:09:35.681000,13316,13317,13317,1
2020-11-11,15:09:36.723000,13317,13318,13317,2
2020-11-11,15:09:37.484000,13317,13318,13317,2
2020-11-11,15:09:38.259000,13316,13318,13318,1
2020-11-11,15:09:38.421000,13317,13318,13317,3
2020-11-11,15:09:39.453000,13317,13318,13317,3
2020-11-11,15:09:39.766000,13317,13318,13317,3
2020-11-11,15:09:40.642000,13317,13318,13317,3
2020-11-11,15:09:40.989000,13317,13318,13317,1
2020-11-11,15:09:41.706000,13316,13318,13318,1
2020-11-11,15:09:43.915000,13316,13317,13317,1
2020-11-11,15:09:44.171000,13316,13317,13317,1
2020-11-11,15:09:46.181000,13316,13317,13316,1
2020-11-11,15:09:47.041000,13316,13317,13316,1
2020-11-11,15:09:47.874000,13316,13317,13317,1
2020-11-11,15:09:50.538000,13316,13317,13317,1
2020-11-11,15:09:52.031000,13316,13317,13316,7
2020-11-11,15:09:53.230000,13316,13317,13316,1
2020-11-11,15:09:53.704000,13316,13317,13316,1
2020-11-11,15:09:56.426000,13316,13317,13317,3
2020-11-11,15:10:00.223000,13316,13317,13317,1
2020-11-11,15:10:00.365000,13316,13317,13316,1
2020-11-11,15:10:01.185000,13316,13317,13317,1
2020-11-11,15:10:01.185000,13316,13317,13317,5
2020-11-11,15:10:01.185000,13316,13317,13317,1
2020-11-11,15:10:01.186000,13316,13317,13317,6
2020-11-11,15:10:02.077000,13317,13318,13318,1
2020-11-11,15:10:02.206000,13317,13318,13317,1
2020-11-11,15:10:02.518000,13317,13318,13318,2
2020-11-11,15:10:02.691000,13317,13318,13317,1
2020-11-11,15:10:02.706000,13317,13318,13317,1
2020-11-11,15:10:03.144000,13317,13318,13317,5
2020-11-11,15:10:03.189000,13317,13318,13317,2
2020-11-11,15:10:03.648000,13316,13317,13317,2
2020-11-11,15:10:04.139000,13316,13317,13317,2
2020-11-11,15:10:05.507000,13316,13317,13317,1
2020-11-11,15:10:06.040000,13317,13318,13317,1
2020-11-11,15:10:06.446000,13317,13318,13317,1
2020-11-11,15:10:06.465000,13317,13318,13317,2
2020-11-11,15:10:07.130000,13316,13317,13316,14
2020-11-11,15:10:07.768000,13315,13317,13317,1
2020-11-11,15:10:07.823000,13315,13317,13317,1
2020-11-11,15:10:09.505000,13315,13317,13317,9
2020-11-11,15:10:10.477000,13315,13317,13317,1
2020-11-11,15:10:11.102000,13315,13316,13316,1
2020-11-11,15:10:11.361000,13315,13316,13316,2
2020-11-11,15:10:11.798000,13315,13316,13315,1
2020-11-11,15:10:11.843000,13315,13316,13316,3
2020-11-11,15:10:11.913000,13315,13316,13315,1
2020-11-11,15:10:11.943000,13315,13316,13316,3
2020-11-11,15:10:12.194000,13315,13316,13315,1
2020-11-11,15:10:12.412000,13315,13316,13316,1
2020-11-11,15:10:12.513000,13315,13316,13316,1
2020-11-11,15:10:12.832000,13315,13316,13315,1
2020-11-11,15:10:13.149000,13315,13316,13315,1
2020-11-11,15:10:13.459000,13315,13316,13316,1
2020-11-11,15:10:13.626000,13315,13316,13316,1
2020-11-11,15:10:13.796000,13315,13316,13315,2
2020-11-11,15:10:14.528000,13315,13316,13315,1
2020-11-11,15:10:14.597000,13315,13316,13315,11
2020-11-11,15:10:15.495000,13314,13315,13315,1
2020-11-11,15:10:15.808000,13314,13315,13315,2
2020-11-11,15:10:18.439000,13314,13315,13314,1
2020-11-11,15:10:18.553000,13314,13315,13314,1
2020-11-11,15:10:20.185000,13314,13315,13314,1
2020-11-11,15:10:20.185000,13314,13315,13314,9
2020-11-11,15:10:20.630000,13313,13315,13315,1
2020-11-11,15:10:20.715000,13313,13315,13315,1
2020-11-11,15:10:21.032000,13313,13314,13314,1
2020-11-11,15:10:22.136000,13313,13314,13314,1
2020-11-11,15:10:22.519000,13313,13315,13315,2
2020-11-11,15:10:22.613000,13313,13315,13315,1
2020-11-11,15:10:22.743000,13313,13314,13314,1
2020-11-11,15:10:22.849000,13314,13315,13315,1
2020-11-11,15:10:24.327000,13314,13315,13314,1
2020-11-11,15:10:24.482000,13314,13315,13315,1
2020-11-11,15:10:25.222000,13314,13315,13314,2
2020-11-11,15:10:25.726000,13312,13314,13314,1
2020-11-11,15:10:25.849000,13312,13314,13314,1
2020-11-11,15:10:26.946000,13313,13314,13313,1
2020-11-11,15:10:27.638000,13313,13314,13313,1
2020-11-11,15:10:28.516000,13313,13314,13314,1
2020-11-11,15:10:28.640000,13313,13314,13314,2
2020-11-11,15:10:29.157000,13313,13315,13313,2
2020-11-11,15:10:29.394000,13313,13315,13313,3
2020-11-11,15:10:30.054000,13313,13315,13313,1
2020-11-11,15:10:30.641000,13313,13314,13314,1
2020-11-11,15:10:30.708000,13313,13314,13315,1
2020-11-11,15:10:31.343000,13314,13315,13314,1
2020-11-11,15:10:31.920000,13313,13315,13313,1
2020-11-11,15:10:35.905000,13314,13315,13314,4
2020-11-11,15:10:35.905000,13314,13315,13313,6
2020-11-11,15:10:36.266000,13313,13314,13314,1
2020-11-11,15:10:37.136000,13313,13315,13313,1
2020-11-11,15:10:39.650000,13314,13315,13315,1
2020-11-11,15:10:39.934000,13314,13315,13314,1
2020-11-11,15:10:47.378000,13314,13315,13314,1
2020-11-11,15:10:47.908000,13314,13315,13315,1
2020-11-11,15:10:47.909000,13314,13315,13315,11
2020-11-11,15:10:48.140000,13315,13316,13315,1
2020-11-11,15:10:49.272000,13315,13316,13315,1
2020-11-11,15:10:50.049000,13315,13316,13315,1
2020-11-11,15:10:50.282000,13314,13316,13314,1
2020-11-11,15:10:51.052000,13314,13316,13314,1
2020-11-11,15:10:51.476000,13314,13316,13315,1
2020-11-11,15:10:55.447000,13315,13316,13315,2
2020-11-11,15:10:58.543000,13315,13316,13315,2
2020-11-11,15:11:00.360000,13315,13316,13316,1
2020-11-11,15:11:00.588000,13315,13316,13316,3
2020-11-11,15:11:00.588000,13315,13316,13316,5
2020-11-11,15:11:00.676000,13316,13317,13316,1
2020-11-11,15:11:01.472000,13316,13317,13317,8
2020-11-11,15:11:01.472000,13316,13317,13317,1
2020-11-11,15:11:01.699000,13317,13318,13317,1
2020-11-11,15:11:06.179000,13316,13317,13317,1
2020-11-11,15:11:07.152000,13317,13318,13318,1
2020-11-11,15:11:08.314000,13317,13318,13317,3
2020-11-11,15:11:08.948000,13316,13318,13318,1
2020-11-11,15:11:09.040000,13316,13318,13316,1
2020-11-11,15:11:10.788000,13316,13318,13318,1
2020-11-11,15:11:12.097000,13316,13317,13317,1
2020-11-11,15:11:12.097000,13316,13317,13318,9
2020-11-11,15:11:13.069000,13316,13318,13318,2
2020-11-11,15:11:14.531000,13317,13318,13317,1
2020-11-11,15:11:16.431000,13317,13318,13318,1
2020-11-11,15:11:18.765000,13317,13318,13318,1
2020-11-11,15:11:19.310000,13317,13318,13317,4
2020-11-11,15:11:19.611000,13317,13318,13318,2
2020-11-11,15:11:19.975000,13317,13318,13317,2
2020-11-11,15:11:20.373000,13317,13318,13317,1
2020-11-11,15:11:20.730000,13317,13318,13318,2
2020-11-11,15:11:21.100000,13317,13318,13317,3
2020-11-11,15:11:21.579000,13317,13318,13317,1
2020-11-11,15:11:21.579000,13317,13318,13317,6
2020-11-11,15:11:21.580000,13317,13318,13317,2
2020-11-11,15:11:21.580000,13317,13318,13317,1
2020-11-11,15:11:21.696000,13316,13317,13317,1
2020-11-11,15:11:23.474000,13315,13317,13317,1
2020-11-11,15:11:25.202000,13315,13317,13317,1
2020-11-11,15:11:25.226000,13315,13317,13317,1
2020-11-11,15:11:25.333000,13315,13317,13317,2
2020-11-11,15:11:25.402000,13315,13317,13317,1
2020-11-11,15:11:26.559000,13316,13317,13317,1
2020-11-11,15:11:26.786000,13315,13317,13317,1
2020-11-11,15:11:28.049000,13315,13317,13315,1
2020-11-11,15:11:30.052000,13316,13317,13316,1
2020-11-11,15:11:32.003000,13315,13317,13315,3
2020-11-11,15:11:32.878000,13316,13317,13316,1
2020-11-11,15:11:34.068000,13316,13317,13316,3
2020-11-11,15:11:36.600000,13316,13317,13316,1
2020-11-11,15:11:37.674000,13315,13317,13317,1
2020-11-11,15:11:41.701000,13315,13316,13315,3
2020-11-11,15:11:42.521000,13315,13316,13316,1
2020-11-11,15:11:42.593000,13315,13316,13316,1
2020-11-11,15:11:44.993000,13315,13317,13315,2
2020-11-11,15:11:46.077000,13315,13316,13315,1
2020-11-11,15:11:50.723000,13315,13316,13315,3
2020-11-11,15:11:52.085000,13315,13316,13315,3
2020-11-11,15:11:52.085000,13315,13316,13315,4
2020-11-11,15:11:52.085000,13315,13316,13315,1
2020-11-11,15:11:52.594000,13314,13315,13315,3
2020-11-11,15:11:55.920000,13314,13315,13315,1
2020-11-11,15:11:59.304000,13314,13315,13315,1
2020-11-11,15:12:01.329000,13314,13315,13315,1
2020-11-11,15:12:01.401000,13314,13315,13315,1
2020-11-11,15:12:01.409000,13314,13315,13316,1
2020-11-11,15:12:02.004000,13314,13316,13314,2
2020-11-11,15:12:02.053000,13314,13316,13314,1
2020-11-11,15:12:02.172000,13314,13316,13314,1
2020-11-11,15:12:02.442000,13314,13316,13316,1
2020-11-11,15:12:05.410000,13315,13316,13315,1
2020-11-11,15:12:09.364000,13315,13316,13315,1
2020-11-11,15:12:14.476000,13314,13315,13315,1
2020-11-11,15:12:14.836000,13314,13315,13314,2
2020-11-11,15:12:14.847000,13314,13315,13314,16
2020-11-11,15:12:15.582000,13313,13314,13314,1
2020-11-11,15:12:16.269000,13313,13315,13313,2
2020-11-11,15:12:16.472000,13314,13315,13314,1
2020-11-11,15:12:20.405000,13314,13315,13315,1
2020-11-11,15:12:20.836000,13314,13315,13314,1
2020-11-11,15:12:21.586000,13314,13315,13314,1
2020-11-11,15:12:25.847000,13313,13314,13313,11
2020-11-11,15:12:25.847000,13313,13314,13313,2
2020-11-11,15:12:26.828000,13312,13314,13313,1
2020-11-11,15:12:30.151000,13312,13313,13312,3
2020-11-11,15:12:30.463000,13312,13313,13312,2
2020-11-11,15:12:32.482000,13312,13313,13313,1
2020-11-11,15:12:33.582000,13312,13313,13312,1
2020-11-11,15:12:39.910000,13311,13312,13311,2
2020-11-11,15:12:40.347000,13311,13312,13311,2
2020-11-11,15:12:40.362000,13311,13312,13312,2
2020-11-11,15:12:40.761000,13311,13312,13311,1
2020-11-11,15:12:40.889000,13311,13312,13311,1
2020-11-11,15:12:43.379000,13311,13312,13311,3
2020-11-11,15:12:43.498000,13311,13312,13312,3
2020-11-11,15:12:43.999000,13311,13312,13311,1
2020-11-11,15:12:44.320000,13311,13312,13311,1
2020-11-11,15:12:44.777000,13311,13312,13311,1
2020-11-11,15:12:47.667000,13311,13312,13311,1
2020-11-11,15:12:47.674000,13311,13312,13311,1
2020-11-11,15:12:47.675000,13311,13312,13311,2
2020-11-11,15:12:47.695000,13311,13312,13311,1
2020-11-11,15:12:49.418000,13310,13311,13310,1
2020-11-11,15:12:51.550000,13310,13311,13311,2
2020-11-11,15:12:51.935000,13311,13312,13311,1
2020-11-11,15:12:52.885000,13310,13311,13311,1
2020-11-11,15:12:54.361000,13310,13311,13310,6
2020-11-11,15:12:57.668000,13310,13311,13310,1
2020-11-11,15:12:58.049000,13310,13311,13310,1
2020-11-11,15:12:59.509000,13310,13311,13310,1
2020-11-11,15:13:01.176000,13310,13311,13311,1
2020-11-11,15:13:01.422000,13310,13311,13311,2
2020-11-11,15:13:01.951000,13310,13311,13310,1
2020-11-11,15:13:02.206000,13310,13311,13310,4
2020-11-11,15:13:03.167000,13310,13311,13310,1
2020-11-11,15:13:04.053000,13310,13311,13311,1
2020-11-11,15:13:04.452000,13310,13311,13310,1
2020-11-11,15:13:04.715000,13310,13311,13310,1
2020-11-11,15:13:09.357000,13310,13311,13310,1
2020-11-11,15:13:09.430000,13310,13311,13310,1
2020-11-11,15:13:09.608000,13310,13311,13310,1
2020-11-11,15:13:16.934000,13310,13311,13311,9
2020-11-11,15:13:17.536000,13310,13311,13310,2
2020-11-11,15:13:17.975000,13310,13311,13311,1
2020-11-11,15:13:17.975000,13310,13311,13311,2
2020-11-11,15:13:17.976000,13310,13311,13311,1
2020-11-11,15:13:19.065000,13310,13312,13310,1
2020-11-11,15:13:21.053000,13311,13312,13311,1
2020-11-11,15:13:25.425000,13311,13312,13311,1
2020-11-11,15:13:26.602000,13311,13312,13311,1
2020-11-11,15:13:28.746000,13311,13312,13311,2
2020-11-11,15:13:32.119000,13311,13312,13311,1
2020-11-11,15:13:32.136000,13311,13312,13312,2
2020-11-11,15:13:33.295000,13311,13312,13311,1
2020-11-11,15:13:33.492000,13311,13312,13311,1
2020-11-11,15:13:33.614000,13311,13312,13311,1
2020-11-11,15:13:36.326000,13311,13312,13312,7
2020-11-11,15:13:36.484000,13312,13313,13313,18
2020-11-11,15:13:36.484000,13312,13313,13313,1
2020-11-11,15:13:36.484000,13312,13313,13313,2
2020-11-11,15:13:36.484000,13312,13313,13313,4
2020-11-11,15:13:37.205000,13313,13314,13313,1
2020-11-11,15:13:38.351000,13313,13314,13314,3
2020-11-11,15:13:38.691000,13313,13314,13313,1
2020-11-11,15:13:44.804000,13313,13314,13313,1
2020-11-11,15:13:47.349000,13313,13314,13313,1
2020-11-11,15:13:59.159000,13312,13313,13312,2
2020-11-11,15:14:00.828000,13312,13313,13312,1
2020-11-11,15:14:01.066000,13311,13312,13312,1
2020-11-11,15:14:01.103000,13311,13313,13313,2
2020-11-11,15:14:02.744000,13311,13312,13312,1
2020-11-11,15:14:07.140000,13311,13312,13312,2
2020-11-11,15:14:11.304000,13312,13313,13313,1
2020-11-11,15:14:16.553000,13312,13313,13313,1
2020-11-11,15:14:25.988000,13312,13313,13312,1
2020-11-11,15:14:27.021000,13312,13313,13313,4
2020-11-11,15:14:27.021000,13312,13313,13313,1
2020-11-11,15:14:27.021000,13312,13313,13313,1
2020-11-11,15:14:27.097000,13313,13314,13313,1
2020-11-11,15:14:36.113000,13312,13313,13312,2
2020-11-11,15:14:37.006000,13312,13313,13313,3
2020-11-11,15:14:42.536000,13312,13313,13313,2
2020-11-11,15:14:42.733000,13313,13314,13313,1
2020-11-11,15:14:43.305000,13313,13314,13313,1
2020-11-11,15:14:43.434000,13313,13314,13313,2
2020-11-11,15:14:45.424000,13312,13313,13312,1
2020-11-11,15:14:46.158000,13312,13313,13313,2
2020-11-11,15:14:46.707000,13313,13314,13313,1
2020-11-11,15:14:52.677000,13313,13314,13313,1
2020-11-11,15:14:53.725000,13313,13314,13313,1
2020-11-11,15:14:54.636000,13312,13313,13312,3
2020-11-11,15:14:56.292000,13312,13313,13312,1
2020-11-11,15:14:57.407000,13312,13313,13313,1
2020-11-11,15:14:59.240000,13312,13313,13313,1
2020-11-11,15:14:59.779000,13312,13313,13312,4
2020-11-11,15:14:59.779000,13312,13313,13312,5
2020-11-11,15:15:02.308000,13311,13312,13312,1
2020-11-11,15:15:02.477000,13311,13313,13311,7
2020-11-11,15:15:03.301000,13311,13312,13312,1
2020-11-11,15:15:03.370000,13311,13312,13312,5
2020-11-11,15:15:03.370000,13311,13312,13312,1
2020-11-11,15:15:03.370000,13311,13312,13313,4
2020-11-11,15:15:03.964000,13311,13313,13311,1
2020-11-11,15:15:04.738000,13311,13312,13312,1
2020-11-11,15:15:04.899000,13311,13312,13312,5
2020-11-11,15:15:06.505000,13312,13313,13312,1
2020-11-11,15:15:14.876000,13312,13313,13312,1
2020-11-11,15:15:15.156000,13312,13313,13313,1
2020-11-11,15:15:15.156000,13312,13313,13313,4
2020-11-11,15:15:15.157000,13312,13313,13313,1
2020-11-11,15:15:16.976000,13313,13314,13313,4
2020-11-11,15:15:17.904000,13313,13314,13313,1
2020-11-11,15:15:18.120000,13313,13314,13313,1
2020-11-11,15:15:19.313000,13312,13314,13314,17
2020-11-11,15:15:23.868000,13313,13314,13313,1
2020-11-11,15:15:27.017000,13313,13314,13313,1
2020-11-11,15:15:27.052000,13313,13314,13313,1
2020-11-11,15:15:27.089000,13313,13314,13313,1
2020-11-11,15:15:27.131000,13312,13314,13312,2
2020-11-11,15:15:27.274000,13312,13314,13312,2
2020-11-11,15:15:27.294000,13312,13314,13312,1
2020-11-11,15:15:27.333000,13312,13314,13312,1
2020-11-11,15:15:27.382000,13312,13314,13312,1
2020-11-11,15:15:27.553000,13312,13314,13312,1
2020-11-11,15:15:27.573000,13312,13314,13312,1
2020-11-11,15:15:27.617000,13312,13313,13312,1
2020-11-11,15:15:27.659000,13312,13313,13312,2
2020-11-11,15:15:27.837000,13312,13313,13312,1
2020-11-11,15:15:27.874000,13312,13313,13312,1
2020-11-11,15:15:27.899000,13312,13313,13312,1
2020-11-11,15:15:27.933000,13312,13313,13312,1
2020-11-11,15:15:27.975000,13312,13313,13312,1
2020-11-11,15:15:28.188000,13312,13313,13312,1
2020-11-11,15:15:28.238000,13312,13313,13312,1
2020-11-11,15:15:28.268000,13312,13313,13312,1
2020-11-11,15:15:28.303000,13312,13313,13312,2
2020-11-11,15:15:28.458000,13312,13313,13312,1
2020-11-11,15:15:28.476000,13312,13313,13312,1
2020-11-11,15:15:28.500000,13312,13313,13312,1
2020-11-11,15:15:28.554000,13312,13313,13312,1
2020-11-11,15:15:28.580000,13312,13313,13312,1
2020-11-11,15:15:28.620000,13312,13313,13313,1
2020-11-11,15:15:29.897000,13311,13313,13313,5
2020-11-11,15:15:33.566000,13311,13312,13312,1
2020-11-11,15:15:33.674000,13311,13312,13312,2
2020-11-11,15:15:36.373000,13312,13313,13313,1
2020-11-11,15:15:43.253000,13313,13314,13313,1
2020-11-11,15:15:46.709000,13313,13314,13313,1
2020-11-11,15:15:48.812000,13313,13314,13313,1
2020-11-11,15:15:50.552000,13313,13314,13313,1
2020-11-11,15:15:50.582000,13313,13314,13313,1
2020-11-11,15:15:51.477000,13313,13314,13313,4
2020-11-11,15:15:51.477000,13313,13314,13313,2
2020-11-11,15:15:59.277000,13312,13313,13312,1
2020-11-11,15:16:08.303000,13312,13313,13312,3
2020-11-11,15:16:08.589000,13311,13312,13312,1
2020-11-11,15:16:09.839000,13311,13312,13312,1
2020-11-11,15:16:11.703000,13311,13312,13312,3
2020-11-11,15:16:13.458000,13311,13312,13312,2
2020-11-11,15:16:14.915000,13311,13312,13311,2
2020-11-11,15:16:15.115000,13311,13312,13311,7
2020-11-11,15:16:15.115000,13311,13312,13311,16
2020-11-11,15:16:25.756000,13310,13311,13310,1
2020-11-11,15:16:26.675000,13310,13311,13310,5
2020-11-11,15:16:26.723000,13310,13311,13310,1
2020-11-11,15:16:26.723000,13310,13311,13310,1
2020-11-11,15:16:26.724000,13310,13311,13310,1
2020-11-11,15:16:26.724000,13310,13311,13310,1
2020-11-11,15:16:26.724000,13310,13311,13310,1
2020-11-11,15:16:26.724000,13310,13311,13310,1
2020-11-11,15:16:26.725000,13310,13311,13310,1
2020-11-11,15:16:26.725000,13310,13311,13310,1
2020-11-11,15:16:26.725000,13310,13311,13310,1
2020-11-11,15:16:26.725000,13310,13311,13310,1
2020-11-11,15:16:26.725000,13310,13311,13310,1
2020-11-11,15:16:26.725000,13310,13311,13310,1
2020-11-11,15:16:27.843000,13310,13311,13310,1
2020-11-11,15:16:27.848000,13310,13311,13310,1
2020-11-11,15:16:27.850000,13310,13311,13310,1
2020-11-11,15:16:27.850000,13310,13311,13310,1
2020-11-11,15:16:27.850000,13310,13311,13310,4
2020-11-11,15:16:27.850000,13310,13311,13310,1
2020-11-11,15:16:27.851000,13310,13311,13310,1
2020-11-11,15:16:27.851000,13310,13311,13310,4
2020-11-11,15:16:29.684000,13309,13311,13309,1
2020-11-11,15:16:30.719000,13309,13311,13309,30
2020-11-11,15:16:30.720000,13309,13311,13309,1
2020-11-11,15:16:30.721000,13309,13311,13309,4
2020-11-11,15:16:33.971000,13310,13311,13310,2
2020-11-11,15:16:34.790000,13310,13311,13310,1
2020-11-11,15:16:34.883000,13310,13311,13310,2
2020-11-11,15:16:38.823000,13309,13310,13310,1
2020-11-11,15:16:38.830000,13309,13310,13310,3
2020-11-11,15:16:39.880000,13310,13311,13310,1
2020-11-11,15:16:40.589000,13310,13311,13310,1
2020-11-11,15:16:40.761000,13310,13311,13310,1
2020-11-11,15:16:47.308000,13310,13311,13310,1
2020-11-11,15:16:47.488000,13310,13311,13310,1
2020-11-11,15:16:47.653000,13310,13311,13310,1
2020-11-11,15:16:49.169000,13310,13311,13310,1
2020-11-11,15:16:49.224000,13310,13311,13310,1
2020-11-11,15:16:50.572000,13309,13310,13309,2
2020-11-11,15:16:53.508000,13309,13310,13310,1
2020-11-11,15:16:54.108000,13309,13310,13310,1
2020-11-11,15:16:55.258000,13309,13310,13309,7
2020-11-11,15:16:55.680000,13308,13309,13308,2
2020-11-11,15:16:55.821000,13308,13309,13308,1
2020-11-11,15:16:56.792000,13308,13309,13308,3
2020-11-11,15:16:59.141000,13308,13309,13309,1
2020-11-11,15:16:59.823000,13308,13309,13309,2
2020-11-11,15:16:59.932000,13308,13309,13308,1
2020-11-11,15:17:01.669000,13308,13309,13308,1
2020-11-11,15:17:02.058000,13308,13309,13309,1
2020-11-11,15:17:02.294000,13308,13309,13308,1
2020-11-11,15:17:03.415000,13308,13309,13309,4
2020-11-11,15:17:03.784000,13308,13309,13309,1
2020-11-11,15:17:05.617000,13308,13309,13308,5
2020-11-11,15:17:06.439000,13308,13309,13308,1
2020-11-11,15:17:07.037000,13308,13309,13309,2
2020-11-11,15:17:07.038000,13308,13309,13309,4
2020-11-11,15:17:07.038000,13308,13309,13309,2
2020-11-11,15:17:07.038000,13308,13309,13309,21
2020-11-11,15:17:07.356000,13309,13310,13310,1
2020-11-11,15:17:08.021000,13309,13310,13309,1
2020-11-11,15:17:08.198000,13308,13310,13308,1
2020-11-11,15:17:08.495000,13308,13310,13308,5
2020-11-11,15:17:09.954000,13308,13309,13309,1
2020-11-11,15:17:11.696000,13308,13309,13308,12
2020-11-11,15:17:11.696000,13308,13309,13307,28
2020-11-11,15:17:11.697000,13308,13309,13307,1
2020-11-11,15:17:11.697000,13308,13309,13307,6
2020-11-11,15:17:11.697000,13308,13309,13307,9
2020-11-11,15:17:11.698000,13308,13309,13307,1
2020-11-11,15:17:13.063000,13306,13308,13308,1
2020-11-11,15:17:15.059000,13307,13308,13307,1
2020-11-11,15:17:15.314000,13307,13308,13308,2
2020-11-11,15:17:17.570000,13307,13308,13308,2
2020-11-11,15:17:17.924000,13307,13308,13307,1
2020-11-11,15:17:18.599000,13307,13308,13307,1
2020-11-11,15:17:22.020000,13307,13308,13307,2
2020-11-11,15:17:22.211000,13307,13308,13307,12
2020-11-11,15:17:22.211000,13307,13308,13306,36
2020-11-11,15:17:22.638000,13305,13307,13305,2
2020-11-11,15:17:22.695000,13305,13307,13305,2
2020-11-11,15:17:22.722000,13305,13307,13305,1
2020-11-11,15:17:22.767000,13305,13307,13305,1
2020-11-11,15:17:22.788000,13305,13307,13306,1
2020-11-11,15:17:23.012000,13305,13306,13305,1
2020-11-11,15:17:23.025000,13305,13306,13306,1
2020-11-11,15:17:24.827000,13305,13306,13305,1
2020-11-11,15:17:25.792000,13305,13306,13305,2
2020-11-11,15:17:26.260000,13305,13306,13306,1
2020-11-11,15:17:26.402000,13305,13306,13306,1
2020-11-11,15:17:27.351000,13305,13306,13305,2
2020-11-11,15:17:27.442000,13305,13306,13305,1
2020-11-11,15:17:27.941000,13305,13306,13306,6
2020-11-11,15:17:29.021000,13305,13306,13305,2
2020-11-11,15:17:29.525000,13305,13306,13305,1
2020-11-11,15:17:30.333000,13305,13306,13305,1
2020-11-11,15:17:30.334000,13305,13306,13305,1
2020-11-11,15:17:30.337000,13305,13306,13305,2
2020-11-11,15:17:30.338000,13305,13306,13305,1
2020-11-11,15:17:30.338000,13305,13306,13305,1
2020-11-11,15:17:30.338000,13305,13306,13305,8
2020-11-11,15:17:30.477000,13304,13305,13305,5
2020-11-11,15:17:30.557000,13304,13305,13305,1
2020-11-11,15:17:30.973000,13304,13305,13305,1
2020-11-11,15:17:32.487000,13304,13305,13304,2
2020-11-11,15:17:32.810000,13304,13305,13304,1
2020-11-11,15:17:32.815000,13304,13305,13303,12
2020-11-11,15:17:33.633000,13303,13304,13303,1
2020-11-11,15:17:33.657000,13303,13304,13302,6
2020-11-11,15:17:33.723000,13302,13303,13302,1
2020-11-11,15:17:33.846000,13302,13303,13302,2
2020-11-11,15:17:34.087000,13302,13303,13302,1
2020-11-11,15:17:34.088000,13302,13303,13302,1
2020-11-11,15:17:34.100000,13302,13303,13302,1
2020-11-11,15:17:34.102000,13302,13303,13302,1
2020-11-11,15:17:34.108000,13302,13303,13302,1
2020-11-11,15:17:34.112000,13302,13303,13301,1
2020-11-11,15:17:34.126000,13302,13303,13301,1
2020-11-11,15:17:34.134000,13302,13303,13301,1
2020-11-11,15:17:34.138000,13302,13303,13301,1
2020-11-11,15:17:34.146000,13302,13303,13301,1
2020-11-11,15:17:34.168000,13302,13303,13301,1
2020-11-11,15:17:34.359000,13301,13302,13301,1
2020-11-11,15:17:34.392000,13301,13302,13301,1
2020-11-11,15:17:34.455000,13301,13302,13301,1
2020-11-11,15:17:34.562000,13301,13302,13301,1
2020-11-11,15:17:35.299000,13301,13302,13301,1
2020-11-11,15:17:35.317000,13301,13302,13301,1
2020-11-11,15:17:35.425000,13301,13302,13301,1
2020-11-11,15:17:36.378000,13301,13302,13301,1
2020-11-11,15:17:36.475000,13301,13302,13301,1
2020-11-11,15:17:36.476000,13301,13302,13301,1
2020-11-11,15:17:36.580000,13301,13302,13301,1
2020-11-11,15:17:36.725000,13301,13302,13301,1
2020-11-11,15:17:37.384000,13301,13302,13301,1
2020-11-11,15:17:37.941000,13301,13302,13301,3
2020-11-11,15:17:39.093000,13301,13302,13301,3
2020-11-11,15:17:40.807000,13301,13302,13301,1
2020-11-11,15:17:40.807000,13301,13302,13301,2
2020-11-11,15:17:41.965000,13301,13302,13302,1
2020-11-11,15:17:42.309000,13302,13303,13302,1
2020-11-11,15:17:42.509000,13302,13303,13303,1
2020-11-11,15:17:44.375000,13302,13303,13302,3
2020-11-11,15:17:50.504000,13302,13303,13303,1
2020-11-11,15:17:50.783000,13302,13303,13302,3
2020-11-11,15:17:51.154000,13302,13303,13302,1
2020-11-11,15:17:51.357000,13302,13303,13302,1
2020-11-11,15:17:52.356000,13302,13303,13302,1
2020-11-11,15:17:52.947000,13301,13302,13302,1
2020-11-11,15:17:54.192000,13301,13302,13301,2
2020-11-11,15:17:57.527000,13301,13302,13301,3
2020-11-11,15:17:57.750000,13301,13302,13301,4
2020-11-11,15:17:57.750000,13301,13302,13301,3
2020-11-11,15:17:57.750000,13301,13302,13301,1
2020-11-11,15:17:58.679000,13300,13301,13301,1
2020-11-11,15:17:59.158000,13300,13301,13300,1
2020-11-11,15:17:59.250000,13300,13301,13300,1
2020-11-11,15:17:59.353000,13300,13301,13300,6
2020-11-11,15:17:59.354000,13300,13301,13300,8
2020-11-11,15:17:59.354000,13300,13301,13300,4
2020-11-11,15:17:59.354000,13300,13301,13300,6
2020-11-11,15:17:59.364000,13300,13301,13299,1
2020-11-11,15:17:59.554000,13299,13300,13300,1
2020-11-11,15:17:59.575000,13299,13300,13299,2
2020-11-11,15:17:59.620000,13299,13300,13299,2
2020-11-11,15:17:59.694000,13299,13300,13299,1
2020-11-11,15:17:59.695000,13299,13300,13299,1
2020-11-11,15:17:59.695000,13299,13300,13299,2
2020-11-11,15:17:59.695000,13299,13300,13299,1
2020-11-11,15:17:59.695000,13299,13300,13299,1
2020-11-11,15:17:59.695000,13299,13300,13299,2
2020-11-11,15:18:00.334000,13298,13299,13298,1
2020-11-11,15:18:00.386000,13298,13299,13298,2
2020-11-11,15:18:00.588000,13298,13299,13298,1
2020-11-11,15:18:00.588000,13298,13299,13297,2
2020-11-11,15:18:00.599000,13297,13298,13297,3
2020-11-11,15:18:01.053000,13297,13298,13297,1
2020-11-11,15:18:01.097000,13297,13298,13297,6
2020-11-11,15:18:01.098000,13297,13298,13297,1
2020-11-11,15:18:01.198000,13297,13298,13297,1
2020-11-11,15:18:01.198000,13297,13298,13298,2
2020-11-11,15:18:01.575000,13297,13298,13298,1
2020-11-11,15:18:01.575000,13297,13298,13299,1
2020-11-11,15:18:03.279000,13297,13299,13297,4
2020-11-11,15:18:03.294000,13297,13299,13299,1
2020-11-11,15:18:04.263000,13298,13299,13298,1
2020-11-11,15:18:04.473000,13297,13299,13299,3
2020-11-11,15:18:06.706000,13298,13300,13298,1
2020-11-11,15:18:07.570000,13298,13300,13298,1
2020-11-11,15:18:08.692000,13299,13300,13299,1
2020-11-11,15:18:09.024000,13299,13300,13300,1
2020-11-11,15:18:09.821000,13299,13300,13300,3
2020-11-11,15:18:11.457000,13299,13300,13300,1
2020-11-11,15:18:12.997000,13300,13301,13300,3
2020-11-11,15:18:13.847000,13300,13301,13300,1
2020-11-11,15:18:16.647000,13300,13301,13300,2
2020-11-11,15:18:17.196000,13300,13301,13300,2
2020-11-11,15:18:17.379000,13299,13301,13301,1
2020-11-11,15:18:21.641000,13300,13301,13301,1
2020-11-11,15:18:21.937000,13300,13301,13300,1
2020-11-11,15:18:23.610000,13300,13301,13301,1
2020-11-11,15:18:27.891000,13300,13301,13300,6
2020-11-11,15:18:29.657000,13300,13301,13300,1
2020-11-11,15:18:29.951000,13300,13301,13300,1
2020-11-11,15:18:29.952000,13300,13301,13300,6
2020-11-11,15:18:30.732000,13300,13301,13300,2
2020-11-11,15:18:32.624000,13300,13301,13300,1
2020-11-11,15:18:34.228000,13300,13301,13300,1
2020-11-11,15:18:34.402000,13300,13301,13300,2
2020-11-11,15:18:35.286000,13300,13301,13300,1
2020-11-11,15:18:36.981000,13299,13300,13300,1
2020-11-11,15:18:41.622000,13299,13300,13300,5
2020-11-11,15:18:42.059000,13299,13300,13300,1
2020-11-11,15:18:47.332000,13299,13300,13299,2
2020-11-11,15:18:47.333000,13299,13300,13299,1
2020-11-11,15:18:47.404000,13298,13299,13298,1
2020-11-11,15:18:47.419000,13298,13299,13298,2
2020-11-11,15:18:47.419000,13298,13299,13297,8
2020-11-11,15:18:49.837000,13297,13299,13299,1
2020-11-11,15:18:50.676000,13297,13299,13297,1
2020-11-11,15:18:52.416000,13297,13298,13297,1
2020-11-11,15:18:54.047000,13297,13298,13298,1
2020-11-11,15:18:54.289000,13297,13298,13297,1
2020-11-11,15:18:55.082000,13297,13298,13298,1
2020-11-11,15:18:57.111000,13297,13298,13297,9
2020-11-11,15:18:57.111000,13297,13298,13296,11
2020-11-11,15:18:59.990000,13296,13297,13296,1
2020-11-11,15:19:00.422000,13296,13297,13296,1
2020-11-11,15:19:00.665000,13296,13297,13296,1
2020-11-11,15:19:00.711000,13296,13297,13297,1
2020-11-11,15:19:00.711000,13296,13297,13297,1
2020-11-11,15:19:00.827000,13296,13297,13296,1
2020-11-11,15:19:01.919000,13296,13297,13296,1
2020-11-11,15:19:02.521000,13296,13297,13297,1
2020-11-11,15:19:02.522000,13296,13297,13297,1
2020-11-11,15:19:02.738000,13296,13297,13296,1
2020-11-11,15:19:03.189000,13295,13296,13296,1
2020-11-11,15:19:05.287000,13295,13296,13295,2
2020-11-11,15:19:06.152000,13295,13296,13295,8
2020-11-11,15:19:07.088000,13294,13295,13294,1
2020-11-11,15:19:07.142000,13294,13295,13294,2
2020-11-11,15:19:07.163000,13294,13295,13295,1
2020-11-11,15:19:07.354000,13294,13295,13295,1
2020-11-11,15:19:07.522000,13294,13296,13296,1
2020-11-11,15:19:07.668000,13294,13296,13295,1
2020-11-11,15:19:07.709000,13294,13296,13295,1
2020-11-11,15:19:07.932000,13294,13296,13294,5
2020-11-11,15:19:08.068000,13294,13295,13294,1
2020-11-11,15:19:09.377000,13294,13295,13294,1
2020-11-11,15:19:10.189000,13293,13295,13294,1
2020-11-11,15:19:10.554000,13294,13295,13294,1
2020-11-11,15:19:10.584000,13294,13295,13294,1
2020-11-11,15:19:12.045000,13293,13294,13294,1
2020-11-11,15:19:15.966000,13293,13294,13294,2
2020-11-11,15:19:16.796000,13293,13294,13294,1
2020-11-11,15:19:16.840000,13293,13294,13294,5
2020-11-11,15:19:16.911000,13294,13295,13294,1
2020-11-11,15:19:17.231000,13294,13295,13294,1
2020-11-11,15:19:17.771000,13294,13295,13294,1
2020-11-11,15:19:18.181000,13294,13295,13294,1
2020-11-11,15:19:18.875000,13294,13295,13295,1
2020-11-11,15:19:20.093000,13294,13295,13294,1
2020-11-11,15:19:20.220000,13295,13296,13295,10
2020-11-11,15:19:21.805000,13295,13296,13295,2
2020-11-11,15:19:24.549000,13294,13295,13294,1
2020-11-11,15:19:24.702000,13294,13295,13294,1
2020-11-11,15:19:26.383000,13294,13295,13294,1
2020-11-11,15:19:26.563000,13294,13295,13295,1
2020-11-11,15:19:28.264000,13294,13295,13294,2
2020-11-11,15:19:28.902000,13294,13295,13294,1
2020-11-11,15:19:29.611000,13293,13295,13295,1
2020-11-11,15:19:29.708000,13293,13295,13294,2
2020-11-11,15:19:29.934000,13293,13294,13294,2
2020-11-11,15:19:30.401000,13293,13294,13294,1
2020-11-11,15:19:30.854000,13293,13294,13293,1
2020-11-11,15:19:31.424000,13293,13294,13293,1
2020-11-11,15:19:31.442000,13293,13294,13293,1
2020-11-11,15:19:32.375000,13293,13294,13293,4
2020-11-11,15:19:32.641000,13293,13294,13293,4
2020-11-11,15:19:32.642000,13293,13294,13293,3
2020-11-11,15:19:35.557000,13292,13293,13293,2
2020-11-11,15:19:35.919000,13293,13294,13293,1
2020-11-11,15:19:36.482000,13292,13293,13292,1
2020-11-11,15:19:36.646000,13292,13293,13292,4
2020-11-11,15:19:36.689000,13292,13293,13292,1
2020-11-11,15:19:37.022000,13292,13293,13293,1
2020-11-11,15:19:38.070000,13292,13293,13292,1
2020-11-11,15:19:38.972000,13292,13293,13293,4
2020-11-11,15:19:39.666000,13292,13293,13293,1
2020-11-11,15:19:40.075000,13292,13293,13292,2
2020-11-11,15:19:40.075000,13292,13293,13291,2
2020-11-11,15:19:40.355000,13291,13293,13291,1
2020-11-11,15:19:40.383000,13291,13293,13291,1
2020-11-11,15:19:40.721000,13291,13293,13291,1
2020-11-11,15:19:40.721000,13291,13293,13293,1
2020-11-11,15:19:40.876000,13291,13292,13292,1
2020-11-11,15:19:41.164000,13291,13292,13291,1
2020-11-11,15:19:42.393000,13291,13292,13291,29
2020-11-11,15:19:42.393000,13291,13292,13290,50
2020-11-11,15:19:42.395000,13291,13292,13290,1
2020-11-11,15:19:42.732000,13289,13290,13289,1
2020-11-11,15:19:42.733000,13289,13290,13289,3
2020-11-11,15:19:42.951000,13288,13289,13288,1
2020-11-11,15:19:42.959000,13288,13289,13288,1
2020-11-11,15:19:43.118000,13288,13289,13289,1
2020-11-11,15:19:43.126000,13288,13289,13288,1
2020-11-11,15:19:43.153000,13288,13289,13288,3
2020-11-11,15:19:43.161000,13288,13289,13288,3
2020-11-11,15:19:43.171000,13288,13289,13288,1
2020-11-11,15:19:43.176000,13288,13289,13288,1
2020-11-11,15:19:43.177000,13288,13289,13288,1
2020-11-11,15:19:43.177000,13288,13289,13288,2
2020-11-11,15:19:43.241000,13287,13288,13287,2
2020-11-11,15:19:43.263000,13287,13288,13287,1
2020-11-11,15:19:43.418000,13286,13288,13286,2
2020-11-11,15:19:43.451000,13286,13288,13286,1
2020-11-11,15:19:43.490000,13286,13288,13286,1
2020-11-11,15:19:43.500000,13286,13288,13286,2
2020-11-11,15:19:43.505000,13286,13288,13286,1
2020-11-11,15:19:43.650000,13286,13288,13286,1
2020-11-11,15:19:43.718000,13286,13288,13286,1
2020-11-11,15:19:43.722000,13286,13288,13286,1
2020-11-11,15:19:43.743000,13286,13288,13286,1
2020-11-11,15:19:43.781000,13286,13288,13286,1
2020-11-11,15:19:43.793000,13286,13288,13286,1
2020-11-11,15:19:43.994000,13286,13287,13286,1
2020-11-11,15:19:44.001000,13286,13287,13285,4
2020-11-11,15:19:44.020000,13286,13287,13285,3
2020-11-11,15:19:44.064000,13286,13287,13285,1
2020-11-11,15:19:44.087000,13286,13287,13285,1
2020-11-11,15:19:44.244000,13285,13286,13285,1
2020-11-11,15:19:44.244000,13285,13286,13284,1
2020-11-11,15:19:44.277000,13285,13286,13284,1
2020-11-11,15:19:44.278000,13285,13286,13284,1
2020-11-11,15:19:44.424000,13284,13286,13285,1
2020-11-11,15:19:44.488000,13284,13286,13285,1
2020-11-11,15:19:44.542000,13284,13286,13284,1
2020-11-11,15:19:44.571000,13284,13286,13284,1
2020-11-11,15:19:44.621000,13284,13286,13284,1
2020-11-11,15:19:44.671000,13284,13286,13283,1
2020-11-11,15:19:44.761000,13283,13285,13283,1
2020-11-11,15:19:45,13284,13285,13285,1
2020-11-11,15:19:45.213000,13284,13286,13284,1
2020-11-11,15:19:45.904000,13284,13286,13284,1
2020-11-11,15:19:46.570000,13284,13285,13285,3
2020-11-11,15:19:47.442000,13285,13286,13285,1
2020-11-11,15:19:47.473000,13285,13286,13285,1
2020-11-11,15:19:47.473000,13285,13286,13285,1
2020-11-11,15:19:47.850000,13284,13286,13286,1
2020-11-11,15:19:48.318000,13284,13286,13285,1
2020-11-11,15:19:48.318000,13284,13286,13286,1
2020-11-11,15:19:48.333000,13284,13286,13284,1
2020-11-11,15:19:48.498000,13284,13286,13284,1
2020-11-11,15:19:48.647000,13284,13286,13284,1
2020-11-11,15:19:48.888000,13284,13286,13286,2
2020-11-11,15:19:49.247000,13285,13286,13285,2
2020-11-11,15:19:49.301000,13285,13286,13285,1
2020-11-11,15:19:49.828000,13285,13286,13285,1
2020-11-11,15:19:50.094000,13285,13286,13285,2
2020-11-11,15:19:50.278000,13285,13287,13285,1
2020-11-11,15:19:50.647000,13285,13287,13285,1
2020-11-11,15:19:50.694000,13285,13287,13285,1
2020-11-11,15:19:51.053000,13285,13286,13285,5
2020-11-11,15:19:51.226000,13285,13286,13286,1
2020-11-11,15:19:51.226000,13285,13286,13287,1
2020-11-11,15:19:51.377000,13285,13287,13285,1
2020-11-11,15:19:51.678000,13285,13287,13285,3
2020-11-11,15:19:52.171000,13284,13286,13284,1
2020-11-11,15:19:52.206000,13284,13286,13284,1
2020-11-11,15:19:52.269000,13284,13286,13286,1
2020-11-11,15:19:54.941000,13284,13285,13285,1
2020-11-11,15:19:55.336000,13284,13285,13285,1
2020-11-11,15:19:55.491000,13284,13285,13285,1
2020-11-11,15:19:55.847000,13285,13286,13285,1
2020-11-11,15:19:56.859000,13285,13286,13285,1
2020-11-11,15:19:57.156000,13285,13286,13286,1
2020-11-11,15:19:57.910000,13285,13286,13286,1
2020-11-11,15:19:57.949000,13285,13286,13285,4
2020-11-11,15:19:59.006000,13285,13286,13285,1
2020-11-11,15:20:01.307000,13284,13285,13285,5
2020-11-11,15:20:01.365000,13284,13285,13284,1
2020-11-11,15:20:01.797000,13284,13285,13284,1
2020-11-11,15:20:01.908000,13284,13285,13284,1
2020-11-11,15:20:02.106000,13284,13285,13284,1
2020-11-11,15:20:02.155000,13284,13285,13284,1
2020-11-11,15:20:02.155000,13284,13285,13283,1
2020-11-11,15:20:02.175000,13284,13285,13283,1
2020-11-11,15:20:02.241000,13283,13284,13283,2
2020-11-11,15:20:02.389000,13283,13284,13283,1
2020-11-11,15:20:02.391000,13283,13284,13283,1
2020-11-11,15:20:02.392000,13283,13284,13283,3
2020-11-11,15:20:02.392000,13283,13284,13283,2
2020-11-11,15:20:02.398000,13283,13284,13282,1
2020-11-11,15:20:02.485000,13282,13284,13282,2
2020-11-11,15:20:02.711000,13282,13283,13283,1
2020-11-11,15:20:02.961000,13282,13283,13282,1
2020-11-11,15:20:03.456000,13282,13283,13282,3
2020-11-11,15:20:04.154000,13282,13284,13284,3
2020-11-11,15:20:04.328000,13283,13284,13283,1
2020-11-11,15:20:04.844000,13283,13284,13284,1
2020-11-11,15:20:05.186000,13283,13284,13283,4
2020-11-11,15:20:05.282000,13283,13284,13283,1
2020-11-11,15:20:05.814000,13283,13284,13283,3
2020-11-11,15:20:05.878000,13283,13284,13283,2
2020-11-11,15:20:05.904000,13283,13284,13283,2
2020-11-11,15:20:06.083000,13282,13283,13283,1
2020-11-11,15:20:06.527000,13282,13283,13283,2
2020-11-11,15:20:06.735000,13282,13283,13282,1
2020-11-11,15:20:06.792000,13282,13283,13282,1
2020-11-11,15:20:07.233000,13282,13283,13282,1
2020-11-11,15:20:08.376000,13282,13283,13283,3
2020-11-11,15:20:09.940000,13283,13284,13283,1
2020-11-11,15:20:10.102000,13283,13284,13283,1
2020-11-11,15:20:10.332000,13282,13283,13282,2
2020-11-11,15:20:10.552000,13282,13283,13283,1
2020-11-11,15:20:11.915000,13282,13283,13283,2
2020-11-11,15:20:12.557000,13282,13283,13282,2
2020-11-11,15:20:12.960000,13282,13283,13282,1
2020-11-11,15:20:13.652000,13282,13283,13282,1
2020-11-11,15:20:13.907000,13282,13283,13283,4
2020-11-11,15:20:14.602000,13282,13283,13283,1
2020-11-11,15:20:14.803000,13283,13284,13283,1
2020-11-11,15:20:16.165000,13283,13284,13284,1
2020-11-11,15:20:16.635000,13283,13284,13284,1
2020-11-11,15:20:16.637000,13283,13284,13283,5
2020-11-11,15:20:18.333000,13283,13284,13284,7
2020-11-11,15:20:18.334000,13283,13284,13284,27
2020-11-11,15:20:18.348000,13284,13285,13284,1
2020-11-11,15:20:18.349000,13284,13285,13284,1
2020-11-11,15:20:18.772000,13283,13285,13283,5
2020-11-11,15:20:18.924000,13283,13285,13285,1
2020-11-11,15:20:19.322000,13283,13285,13285,2
2020-11-11,15:20:19.571000,13284,13285,13284,1
2020-11-11,15:20:20.063000,13283,13285,13283,2
2020-11-11,15:20:21.375000,13283,13285,13283,2
2020-11-11,15:20:21.572000,13283,13284,13283,4
2020-11-11,15:20:21.573000,13283,13284,13283,1
2020-11-11,15:20:23.351000,13283,13284,13284,1
2020-11-11,15:20:23.758000,13283,13284,13284,1
2020-11-11,15:20:25.532000,13283,13285,13283,1
2020-11-11,15:20:27.682000,13283,13284,13284,5
2020-11-11,15:20:27.788000,13283,13284,13283,1
2020-11-11,15:20:27.815000,13283,13284,13283,1
2020-11-11,15:20:28.019000,13283,13284,13284,4
2020-11-11,15:20:28.346000,13283,13284,13283,2
2020-11-11,15:20:29.249000,13282,13283,13282,1
2020-11-11,15:20:30.387000,13282,13283,13283,1
2020-11-11,15:20:30.427000,13282,13283,13283,1
2020-11-11,15:20:30.450000,13282,13283,13283,2
2020-11-11,15:20:30.682000,13283,13284,13283,4
2020-11-11,15:20:30.699000,13283,13284,13284,1
2020-11-11,15:20:35.048000,13283,13284,13283,1
2020-11-11,15:20:35.559000,13283,13284,13284,1
2020-11-11,15:20:36.558000,13283,13284,13283,1
2020-11-11,15:20:37.275000,13282,13283,13282,1
2020-11-11,15:20:37.351000,13282,13283,13283,1
2020-11-11,15:20:38.586000,13282,13283,13283,1
2020-11-11,15:20:38.794000,13282,13284,13282,5
2020-11-11,15:20:38.907000,13282,13283,13282,1
2020-11-11,15:20:39.888000,13282,13283,13283,5
2020-11-11,15:20:39.888000,13282,13283,13284,9
2020-11-11,15:20:40.203000,13282,13284,13284,1
2020-11-11,15:20:41.115000,13283,13284,13283,2
2020-11-11,15:20:41.447000,13282,13283,13283,3
2020-11-11,15:20:42.660000,13283,13285,13283,1
2020-11-11,15:20:43.066000,13283,13284,13283,5
2020-11-11,15:20:43.934000,13283,13284,13283,4
2020-11-11,15:20:43.935000,13283,13284,13283,1
2020-11-11,15:20:43.935000,13283,13284,13283,1
2020-11-11,15:20:44.014000,13282,13284,13282,5
2020-11-11,15:20:44.154000,13282,13283,13282,1
2020-11-11,15:20:44.238000,13282,13283,13282,7
2020-11-11,15:20:44.238000,13282,13283,13281,1
2020-11-11,15:20:44.663000,13281,13283,13281,1
2020-11-11,15:20:45.275000,13281,13283,13283,1
2020-11-11,15:20:45.969000,13282,13283,13283,6
2020-11-11,15:20:45.969000,13283,13284,13283,1
2020-11-11,15:20:46.474000,13283,13284,13283,1
2020-11-11,15:20:46.635000,13283,13284,13283,2
2020-11-11,15:20:47.206000,13283,13284,13283,1
2020-11-11,15:20:47.249000,13283,13284,13283,2
2020-11-11,15:20:47.357000,13282,13283,13283,3
2020-11-11,15:20:47.513000,13283,13284,13284,1
2020-11-11,15:20:48.278000,13283,13284,13284,2
2020-11-11,15:20:48.785000,13283,13284,13283,5
2020-11-11,15:20:49.856000,13283,13284,13283,2
2020-11-11,15:20:49.905000,13283,13284,13283,1
2020-11-11,15:20:49.951000,13283,13284,13283,1
2020-11-11,15:20:51.183000,13282,13283,13283,2
2020-11-11,15:20:51.221000,13282,13283,13283,1
2020-11-11,15:20:51.249000,13282,13283,13283,1
2020-11-11,15:20:51.543000,13282,13283,13283,1
2020-11-11,15:20:51.642000,13282,13283,13282,1
2020-11-11,15:20:51.877000,13282,13283,13283,2
2020-11-11,15:20:51.986000,13282,13283,13282,5
2020-11-11,15:20:52.350000,13282,13283,13283,1
2020-11-11,15:20:53.762000,13282,13283,13282,5
2020-11-11,15:20:53.986000,13282,13283,13283,9
2020-11-11,15:20:53.986000,13282,13283,13283,1
2020-11-11,15:20:54.006000,13282,13283,13283,1
2020-11-11,15:20:55.234000,13283,13284,13283,2
2020-11-11,15:20:55.291000,13283,13284,13283,1
2020-11-11,15:20:55.514000,13282,13283,13282,4
2020-11-11,15:20:55.871000,13282,13283,13282,2
2020-11-11,15:20:56.731000,13282,13283,13283,1
2020-11-11,15:20:57.802000,13282,13283,13283,2
2020-11-11,15:20:58.218000,13282,13283,13283,1
2020-11-11,15:20:58.218000,13282,13283,13284,1
2020-11-11,15:20:59.506000,13282,13283,13283,1
2020-11-11,15:21:00.801000,13282,13283,13283,1
2020-11-11,15:21:01.472000,13283,13284,13284,12
2020-11-11,15:21:02.447000,13284,13285,13284,4
2020-11-11,15:21:04.611000,13284,13285,13284,10
2020-11-11,15:21:06.711000,13283,13284,13283,1
2020-11-11,15:21:06.846000,13283,13284,13284,2
2020-11-11,15:21:07.071000,13283,13284,13284,1
2020-11-11,15:21:07.590000,13283,13284,13284,1
2020-11-11,15:21:07.857000,13283,13284,13284,1
2020-11-11,15:21:07.972000,13283,13284,13284,7
2020-11-11,15:21:11.347000,13284,13285,13285,15
2020-11-11,15:21:11.347000,13284,13285,13285,2
2020-11-11,15:21:11.347000,13284,13285,13285,2
2020-11-11,15:21:11.347000,13284,13285,13285,4
2020-11-11,15:21:11.348000,13284,13285,13285,1
2020-11-11,15:21:11.454000,13284,13285,13284,2
2020-11-11,15:21:12.443000,13284,13285,13284,1
2020-11-11,15:21:13.579000,13284,13285,13285,1
2020-11-11,15:21:15.164000,13284,13286,13286,1
2020-11-11,15:21:15.836000,13284,13286,13286,2
2020-11-11,15:21:15.912000,13284,13286,13286,2
2020-11-11,15:21:17.498000,13284,13286,13286,2
2020-11-11,15:21:19.041000,13285,13286,13286,5
2020-11-11,15:21:19.215000,13284,13286,13284,1
2020-11-11,15:21:19.358000,13284,13286,13286,1
2020-11-11,15:21:19.509000,13284,13286,13284,1
2020-11-11,15:21:20.387000,13285,13286,13286,1
2020-11-11,15:21:22.148000,13285,13287,13287,2
2020-11-11,15:21:23.779000,13286,13287,13286,1
2020-11-11,15:21:24.616000,13286,13287,13287,1
2020-11-11,15:21:27.276000,13286,13287,13287,2
2020-11-11,15:21:28.020000,13287,13288,13287,2
2020-11-11,15:21:28.166000,13287,13288,13288,1
2020-11-11,15:21:28.468000,13287,13288,13287,3
2020-11-11,15:21:29.406000,13287,13288,13288,1
2020-11-11,15:21:30.151000,13287,13288,13288,1
2020-11-11,15:21:30.171000,13287,13288,13289,3
2020-11-11,15:21:30.958000,13288,13289,13288,2
2020-11-11,15:21:31.489000,13288,13289,13289,1
2020-11-11,15:21:32.794000,13288,13289,13289,1
2020-11-11,15:21:32.794000,13288,13289,13289,1
2020-11-11,15:21:32.826000,13288,13289,13289,1
2020-11-11,15:21:33.070000,13288,13290,13290,1
2020-11-11,15:21:33.174000,13288,13290,13290,3
2020-11-11,15:21:34.507000,13290,13291,13291,1
2020-11-11,15:21:34.524000,13290,13291,13291,4
2020-11-11,15:21:34.524000,13290,13291,13292,1
2020-11-11,15:21:35.147000,13291,13292,13291,1
2020-11-11,15:21:35.148000,13291,13292,13291,1
2020-11-11,15:21:35.585000,13290,13291,13290,1
2020-11-11,15:21:35.624000,13289,13291,13291,2
2020-11-11,15:21:35.704000,13289,13291,13289,4
2020-11-11,15:21:35.845000,13289,13290,13290,1
2020-11-11,15:21:36.301000,13290,13291,13291,1
2020-11-11,15:21:37.453000,13290,13291,13291,1
2020-11-11,15:21:38.339000,13290,13291,13291,2
2020-11-11,15:21:38.414000,13290,13291,13291,2
2020-11-11,15:21:38.719000,13290,13291,13291,1
2020-11-11,15:21:39.454000,13290,13292,13292,8
2020-11-11,15:21:39.455000,13290,13292,13292,2
2020-11-11,15:21:39.534000,13291,13293,13293,1
2020-11-11,15:21:41.009000,13291,13293,13293,2
2020-11-11,15:21:41.896000,13291,13293,13293,1
2020-11-11,15:21:42.238000,13291,13293,13291,2
2020-11-11,15:21:42.922000,13291,13292,13291,2
2020-11-11,15:21:43.389000,13291,13292,13292,2
2020-11-11,15:21:43.397000,13291,13292,13292,2
2020-11-11,15:21:48.098000,13291,13292,13292,1
2020-11-11,15:21:48.103000,13291,13292,13293,3
2020-11-11,15:21:48.412000,13292,13293,13292,1
2020-11-11,15:21:49.822000,13291,13292,13292,1
2020-11-11,15:21:50.537000,13292,13293,13292,1
2020-11-11,15:21:51.085000,13291,13292,13292,1
2020-11-11,15:21:51.405000,13292,13293,13293,2
2020-11-11,15:21:51.689000,13292,13293,13292,1
2020-11-11,15:21:52.431000,13291,13292,13291,8
2020-11-11,15:21:52.935000,13290,13291,13290,11
2020-11-11,15:21:53.409000,13289,13290,13289,1
2020-11-11,15:21:53.573000,13288,13290,13288,1
2020-11-11,15:21:54.141000,13288,13289,13288,2
2020-11-11,15:21:57.807000,13287,13288,13288,2
2020-11-11,15:21:57.809000,13287,13288,13288,1
2020-11-11,15:21:57.855000,13287,13289,13289,3
2020-11-11,15:21:58.647000,13288,13289,13289,2
2020-11-11,15:21:59.402000,13288,13289,13288,2
2020-11-11,15:22:00.460000,13288,13289,13288,1
2020-11-11,15:22:01.681000,13288,13289,13288,2
2020-11-11,15:22:04.211000,13288,13289,13288,4
2020-11-11,15:22:04.212000,13288,13289,13288,4
2020-11-11,15:22:06.940000,13287,13288,13288,1
2020-11-11,15:22:08.205000,13287,13288,13288,1
2020-11-11,15:22:08.497000,13288,13289,13288,1
2020-11-11,15:22:09.023000,13287,13288,13287,2
2020-11-11,15:22:12.244000,13286,13287,13287,1
2020-11-11,15:22:12.245000,13286,13287,13287,1
2020-11-11,15:22:12.721000,13287,13288,13287,1
2020-11-11,15:22:12.890000,13287,13288,13287,1
2020-11-11,15:22:15.888000,13287,13288,13288,4
2020-11-11,15:22:15.888000,13287,13288,13288,1
2020-11-11,15:22:15.888000,13287,13288,13288,4
2020-11-11,15:22:17.616000,13288,13289,13289,2
2020-11-11,15:22:17.616000,13288,13289,13289,1
2020-11-11,15:22:19.050000,13289,13290,13291,2
2020-11-11,15:22:19.368000,13290,13291,13291,1
2020-11-11,15:22:21.304000,13291,13292,13292,2
2020-11-11,15:22:21.304000,13291,13292,13293,3
2020-11-11,15:22:23.508000,13292,13293,13293,1
2020-11-11,15:22:23.523000,13292,13293,13293,1
2020-11-11,15:22:25.062000,13292,13293,13293,1
2020-11-11,15:22:25.561000,13292,13293,13293,2
2020-11-11,15:22:26.922000,13291,13292,13292,3
2020-11-11,15:22:28.308000,13290,13292,13292,1
2020-11-11,15:22:29.992000,13291,13292,13292,1
2020-11-11,15:22:29.993000,13291,13292,13292,1
2020-11-11,15:22:33.886000,13291,13292,13292,1
2020-11-11,15:22:36.009000,13291,13292,13292,1
2020-11-11,15:22:37.617000,13292,13293,13292,1
2020-11-11,15:22:38.904000,13291,13292,13291,1
2020-11-11,15:22:39.306000,13290,13291,13291,1
2020-11-11,15:22:39.390000,13290,13291,13291,1
2020-11-11,15:22:39.465000,13290,13291,13291,1
2020-11-11,15:22:40.280000,13290,13291,13291,1
2020-11-11,15:22:44.492000,13291,13292,13291,1
2020-11-11,15:22:46.582000,13291,13292,13292,2
2020-11-11,15:22:46.582000,13291,13292,13293,3
2020-11-11,15:22:46.626000,13291,13293,13293,2
2020-11-11,15:22:47.403000,13291,13292,13292,1
2020-11-11,15:22:51.025000,13292,13293,13292,1
2020-11-11,15:22:56.506000,13292,13293,13293,1
2020-11-11,15:23:00.207000,13292,13293,13292,3
2020-11-11,15:23:02.734000,13292,13293,13293,1
2020-11-11,15:23:03.802000,13292,13293,13293,5
2020-11-11,15:23:08.400000,13292,13293,13293,1
2020-11-11,15:23:09.309000,13292,13293,13293,4
