2024-01-22 15:00:00.001,17802,17802,17802,186,0
2024-01-22 15:00:00.001,17802,17802,17802,10,0
2024-01-22 15:00:00.001,17801,17801,17801,4,-4
2024-01-22 15:00:00.001,17801,17801,17801,2,0
2024-01-22 15:00:00.001,17801,17801,17801,2,0
2024-01-22 15:00:00.001,17801,17801,17801,2,0
2024-01-22 15:00:00.001,17801,17801,17801,2,0
2024-01-22 15:00:00.001,17802,17802,17802,10,10
2024-01-22 15:00:00.001,17802,17802,17802,6,0
2024-01-22 15:00:00.001,17801,17801,17801,2,-2
2024-01-22 15:00:00.001,17801,17801,17801,2,0
2024-01-22 15:00:00.001,17803,17803,17803,2,2
2024-01-22 15:00:00.001,17803,17803,17803,2,0
2024-01-22 15:00:00.001,17803,17803,17803,2,0
2024-01-22 15:00:00.001,17803,17803,17803,2,0
2024-01-22 15:00:00.001,17803,17803,17803,2,0
2024-01-22 15:00:00.001,17804,17804,17804,2,2
2024-01-22 15:00:00.001,17804,17804,17804,2,0
2024-01-22 15:00:00.001,17804,17804,17804,4,0
2024-01-22 15:00:00.001,17805,17805,17805,4,4
2024-01-22 15:00:00.001,17801,17801,17801,2,-2
2024-01-22 15:00:00.001,17802,17802,17802,2,2
2024-01-22 15:00:00.001,17804,17804,17804,4,4
2024-01-22 15:00:00.001,17802,17802,17802,2,-2
2024-01-22 15:00:00.001,17801,17801,17801,2,-2
2024-01-22 15:00:00.001,17803,17803,17803,4,4
2024-01-22 15:00:01.001,17803,17803,17803,6,0
2024-01-22 15:00:01.001,17802,17802,17802,2,-2
2024-01-22 15:00:01.001,17801,17801,17801,2,-2
2024-01-22 15:00:01.001,17801,17801,17801,2,0
2024-01-22 15:00:01.001,17801,17801,17801,2,0
2024-01-22 15:00:01.001,17803,17803,17803,2,2
2024-01-22 15:00:01.001,17803,17803,17803,2,0
2024-01-22 15:00:01.001,17803,17803,17803,2,0
2024-01-22 15:00:02.001,17801,17801,17801,2,-2
2024-01-22 15:00:02.001,17801,17801,17801,2,0
2024-01-22 15:00:02.001,17803,17803,17803,2,2
2024-01-22 15:00:02.001,17801,17801,17801,2,-2
2024-01-22 15:00:02.001,17801,17801,17801,2,0
2024-01-22 15:00:02.001,17801,17801,17801,2,0
2024-01-22 15:00:02.001,17801,17801,17801,2,0
2024-01-22 15:00:03.001,17802,17802,17802,2,2
2024-01-22 15:00:03.001,17801,17801,17801,2,-2
2024-01-22 15:00:03.001,17801,17801,17801,2,0
2024-01-22 15:00:03.001,17801,17801,17801,16,0
2024-01-22 15:00:03.001,17801,17801,17801,2,0
2024-01-22 15:00:03.001,17801,17801,17801,2,0
2024-01-22 15:00:03.001,17801,17801,17801,2,0
2024-01-22 15:00:03.001,17801,17801,17801,2,0
2024-01-22 15:00:03.001,17801,17801,17801,2,0
2024-01-22 15:00:03.001,17801,17801,17801,2,0
2024-01-22 15:00:03.001,17801,17801,17801,2,0
2024-01-22 15:00:03.001,17801,17801,17801,4,0
2024-01-22 15:00:03.001,17800,17800,17800,4,-4
2024-01-22 15:00:03.001,17800,17800,17800,6,0
2024-01-22 15:00:03.001,17800,17800,17800,4,0
2024-01-22 15:00:04.001,17800,17800,17800,2,0
2024-01-22 15:00:04.001,17800,17800,17800,2,0
2024-01-22 15:00:05.001,17800,17800,17800,2,0
2024-01-22 15:00:05.001,17800,17800,17800,2,0
2024-01-22 15:00:05.001,17800,17800,17800,2,0
2024-01-22 15:00:05.001,17800,17800,17800,2,0
2024-01-22 15:00:05.001,17800,17800,17800,4,0
2024-01-22 15:00:05.001,17801,17801,17801,2,2
2024-01-22 15:00:05.001,17800,17800,17800,2,-2
2024-01-22 15:00:07.001,17799,17799,17799,2,-2
2024-01-22 15:00:07.001,17799,17799,17799,2,0
2024-01-22 15:00:07.001,17799,17799,17799,4,0
2024-01-22 15:00:07.001,17799,17799,17799,4,0
2024-01-22 15:00:07.001,17799,17799,17799,2,0
2024-01-22 15:00:07.001,17799,17799,17799,2,0
2024-01-22 15:00:07.001,17798,17798,17798,2,-2
2024-01-22 15:00:07.001,17798,17798,17798,2,0
2024-01-22 15:00:07.001,17798,17798,17798,2,0
2024-01-22 15:00:07.001,17797,17797,17797,2,-2
2024-01-22 15:00:07.001,17797,17797,17797,2,0
2024-01-22 15:00:07.001,17797,17797,17797,2,0
2024-01-22 15:00:08.001,17797,17797,17797,2,0
2024-01-22 15:00:08.001,17798,17798,17798,2,2
2024-01-22 15:00:08.001,17797,17797,17797,2,-2
2024-01-22 15:00:08.001,17797,17797,17797,4,0
2024-01-22 15:00:08.001,17797,17797,17797,4,0
2024-01-22 15:00:08.001,17797,17797,17797,4,0
2024-01-22 15:00:08.001,17797,17797,17797,2,0
2024-01-22 15:00:08.001,17797,17797,17797,2,0
2024-01-22 15:00:09.001,17796,17796,17796,2,-2
2024-01-22 15:00:10.001,17796,17796,17796,6,0
2024-01-22 15:00:10.001,17796,17796,17796,2,0
2024-01-22 15:00:10.001,17796,17796,17796,2,0
2024-01-22 15:00:10.001,17798,17798,17798,2,2
2024-01-22 15:00:11.001,17796,17796,17796,2,-2
2024-01-22 15:00:11.001,17797,17797,17797,2,2
2024-01-22 15:00:11.001,17796,17796,17796,2,-2
2024-01-22 15:00:11.001,17796,17796,17796,2,0
2024-01-22 15:00:12.001,17796,17796,17796,4,0
2024-01-22 15:00:12.001,17796,17796,17796,2,0
2024-01-22 15:00:13.001,17796,17796,17796,2,0
2024-01-22 15:00:13.001,17795,17795,17795,4,-4
2024-01-22 15:00:13.001,17795,17795,17795,2,0
2024-01-22 15:00:13.001,17795,17795,17795,10,0
2024-01-22 15:00:13.001,17795,17795,17795,2,0
2024-01-22 15:00:14.001,17795,17795,17795,2,0
2024-01-22 15:00:15.001,17794,17794,17794,2,-2
2024-01-22 15:00:16.001,17795,17795,17795,12,12
2024-01-22 15:00:16.001,17795,17795,17795,20,0
2024-01-22 15:00:16.001,17795,17795,17795,2,0
2024-01-22 15:00:16.001,17795,17795,17795,2,0
2024-01-22 15:00:16.001,17795,17795,17795,2,0
2024-01-22 15:00:16.001,17796,17796,17796,6,6
2024-01-22 15:00:16.001,17795,17795,17795,2,-2
2024-01-22 15:00:16.001,17796,17796,17796,8,8
2024-01-22 15:00:17.001,17796,17796,17796,6,0
2024-01-22 15:00:17.001,17795,17795,17795,4,-4
2024-01-22 15:00:17.001,17795,17795,17795,2,0
2024-01-22 15:00:17.001,17795,17795,17795,2,0
2024-01-22 15:00:17.001,17795,17795,17795,2,0
2024-01-22 15:00:17.001,17795,17795,17795,2,0
2024-01-22 15:00:17.001,17795,17795,17795,2,0
2024-01-22 15:00:17.001,17795,17795,17795,4,0
2024-01-22 15:00:19.001,17795,17795,17795,4,0
2024-01-22 15:00:20.001,17796,17796,17796,4,4
2024-01-22 15:00:20.001,17795,17795,17795,2,-2
2024-01-22 15:00:20.001,17795,17795,17795,2,0
2024-01-22 15:00:20.001,17795,17795,17795,4,0
2024-01-22 15:00:20.001,17795,17795,17795,4,0
2024-01-22 15:00:20.001,17795,17795,17795,2,0
2024-01-22 15:00:20.001,17795,17795,17795,2,0
2024-01-22 15:00:20.001,17795,17795,17795,2,0
2024-01-22 15:00:20.001,17795,17795,17795,2,0
2024-01-22 15:00:21.001,17795,17795,17795,4,0
2024-01-22 15:00:21.001,17795,17795,17795,2,0
2024-01-22 15:00:22.001,17795,17795,17795,2,0
2024-01-22 15:00:22.001,17795,17795,17795,2,0
2024-01-22 15:00:23.001,17796,17796,17796,8,8
2024-01-22 15:00:23.001,17796,17796,17796,2,0
2024-01-22 15:00:23.001,17796,17796,17796,2,0
2024-01-22 15:00:23.001,17796,17796,17796,2,0
2024-01-22 15:00:23.001,17796,17796,17796,2,0
2024-01-22 15:00:24.001,17795,17795,17795,2,-2
2024-01-22 15:00:24.001,17795,17795,17795,4,0
2024-01-22 15:00:24.001,17795,17795,17795,4,0
2024-01-22 15:00:24.001,17795,17795,17795,2,0
2024-01-22 15:00:24.001,17796,17796,17796,2,2
2024-01-22 15:00:24.001,17797,17797,17797,2,2
2024-01-22 15:00:27.001,17796,17796,17796,2,-2
2024-01-22 15:00:27.001,17796,17796,17796,2,0
2024-01-22 15:00:27.001,17796,17796,17796,2,0
2024-01-22 15:00:27.001,17796,17796,17796,2,0
2024-01-22 15:00:27.001,17796,17796,17796,2,0
2024-01-22 15:00:28.001,17797,17797,17797,4,4
2024-01-22 15:00:28.001,17797,17797,17797,2,0
2024-01-22 15:00:28.001,17797,17797,17797,2,0
2024-01-22 15:00:29.001,17797,17797,17797,2,0
2024-01-22 15:00:29.001,17797,17797,17797,4,0
2024-01-22 15:00:29.001,17797,17797,17797,2,0
2024-01-22 15:00:31.001,17798,17798,17798,4,4
2024-01-22 15:00:32.001,17797,17797,17797,2,-2
2024-01-22 15:00:32.001,17799,17799,17799,2,2
2024-01-22 15:00:33.001,17798,17798,17798,2,-2
2024-01-22 15:00:33.001,17799,17799,17799,2,2
2024-01-22 15:00:33.001,17799,17799,17799,2,0
2024-01-22 15:00:33.001,17799,17799,17799,2,0
2024-01-22 15:00:33.001,17799,17799,17799,2,0
2024-01-22 15:00:34.001,17799,17799,17799,2,0
2024-01-22 15:00:34.001,17798,17798,17798,2,-2
2024-01-22 15:00:35.001,17799,17799,17799,2,2
2024-01-22 15:00:40.001,17799,17799,17799,2,0
2024-01-22 15:00:40.001,17799,17799,17799,6,0
2024-01-22 15:00:43.001,17800,17800,17800,2,2
2024-01-22 15:00:44.001,17799,17799,17799,6,-6
2024-01-22 15:00:44.001,17800,17800,17800,10,10
2024-01-22 15:00:46.001,17800,17800,17800,2,0
2024-01-22 15:00:47.001,17800,17800,17800,4,0
2024-01-22 15:00:48.001,17799,17799,17799,2,-2
2024-01-22 15:00:48.001,17799,17799,17799,2,0
2024-01-22 15:00:48.001,17799,17799,17799,2,0
2024-01-22 15:00:48.001,17799,17799,17799,2,0
2024-01-22 15:00:48.001,17800,17800,17800,2,2
2024-01-22 15:00:49.001,17798,17798,17798,6,-6
2024-01-22 15:00:49.001,17798,17798,17798,4,0
2024-01-22 15:00:51.001,17800,17800,17800,2,2
2024-01-22 15:00:56.001,17799,17799,17799,2,-2
2024-01-22 15:00:57.001,17800,17800,17800,10,10
2024-01-22 15:00:57.001,17799,17799,17799,2,-2
2024-01-22 15:00:59.001,17800,17800,17800,2,2
2024-01-22 15:00:59.001,17800,17800,17800,2,0
2024-01-22 15:01:00.001,17799,17799,17799,8,-8
2024-01-22 15:01:00.001,17799,17799,17799,2,0
2024-01-22 15:01:00.001,17800,17800,17800,2,2
2024-01-22 15:01:00.001,17800,17800,17800,2,0
2024-01-22 15:01:00.001,17800,17800,17800,8,0
2024-01-22 15:01:00.001,17800,17800,17800,2,0
2024-01-22 15:01:00.001,17802,17802,17802,2,2
2024-01-22 15:01:02.001,17803,17803,17803,2,2
2024-01-22 15:01:06.001,17804,17804,17804,2,2
2024-01-22 15:01:07.001,17803,17803,17803,12,-12
2024-01-22 15:01:07.001,17803,17803,17803,2,0
2024-01-22 15:01:07.001,17802,17802,17802,2,-2
2024-01-22 15:01:07.001,17802,17802,17802,2,0
2024-01-22 15:01:07.001,17802,17802,17802,4,0
2024-01-22 15:01:07.001,17802,17802,17802,4,0
2024-01-22 15:01:07.001,17802,17802,17802,2,0
2024-01-22 15:01:07.001,17802,17802,17802,2,0
2024-01-22 15:01:07.001,17802,17802,17802,2,0
2024-01-22 15:01:13.001,17801,17801,17801,2,-2
2024-01-22 15:01:13.001,17800,17800,17800,2,-2
2024-01-22 15:01:15.001,17800,17800,17800,2,0
2024-01-22 15:01:17.001,17800,17800,17800,2,0
2024-01-22 15:01:17.001,17802,17802,17802,2,2
2024-01-22 15:01:17.001,17800,17800,17800,2,-2
2024-01-22 15:01:17.001,17800,17800,17800,2,0
2024-01-22 15:01:20.001,17800,17800,17800,2,0
2024-01-22 15:01:26.001,17800,17800,17800,2,0
2024-01-22 15:01:26.001,17800,17800,17800,6,0
2024-01-22 15:01:26.001,17800,17800,17800,2,0
2024-01-22 15:01:26.001,17800,17800,17800,2,0
2024-01-22 15:01:26.001,17800,17800,17800,2,0
2024-01-22 15:01:26.001,17800,17800,17800,2,0
2024-01-22 15:01:26.001,17800,17800,17800,2,0
2024-01-22 15:01:26.001,17800,17800,17800,2,0
2024-01-22 15:01:26.001,17800,17800,17800,2,0
2024-01-22 15:01:26.001,17800,17800,17800,10,0
2024-01-22 15:01:26.001,17800,17800,17800,6,0
2024-01-22 15:01:29.001,17799,17799,17799,4,-4
2024-01-22 15:01:29.001,17799,17799,17799,2,0
2024-01-22 15:01:29.001,17799,17799,17799,2,0
2024-01-22 15:01:29.001,17799,17799,17799,2,0
2024-01-22 15:01:29.001,17799,17799,17799,2,0
2024-01-22 15:01:29.001,17799,17799,17799,2,0
2024-01-22 15:01:29.001,17799,17799,17799,2,0
2024-01-22 15:01:32.001,17800,17800,17800,2,2
2024-01-22 15:01:36.001,17800,17800,17800,4,0
2024-01-22 15:01:38.001,17799,17799,17799,2,-2
2024-01-22 15:01:39.001,17800,17800,17800,2,2
2024-01-22 15:01:40.001,17799,17799,17799,2,-2
2024-01-22 15:01:40.001,17799,17799,17799,2,0
2024-01-22 15:01:40.001,17799,17799,17799,4,0
2024-01-22 15:01:42.001,17799,17799,17799,2,0
2024-01-22 15:01:42.001,17799,17799,17799,2,0
2024-01-22 15:01:43.001,17799,17799,17799,10,0
2024-01-22 15:01:47.001,17799,17799,17799,10,0
2024-01-22 15:01:48.001,17799,17799,17799,2,0
2024-01-22 15:01:52.001,17799,17799,17799,2,0
2024-01-22 15:01:53.001,17799,17799,17799,2,0
2024-01-22 15:01:53.001,17799,17799,17799,2,0
2024-01-22 15:01:57.001,17799,17799,17799,4,0
2024-01-22 15:01:57.001,17799,17799,17799,2,0
2024-01-22 15:01:57.001,17799,17799,17799,2,0
2024-01-22 15:01:58.001,17799,17799,17799,2,0
2024-01-22 15:01:58.001,17799,17799,17799,2,0
2024-01-22 15:02:00.001,17799,17799,17799,4,0
2024-01-22 15:02:05.001,17800,17800,17800,2,2
2024-01-22 15:02:08.001,17799,17799,17799,2,-2
2024-01-22 15:02:08.001,17800,17800,17800,2,2
2024-01-22 15:02:09.001,17799,17799,17799,2,-2
2024-01-22 15:02:12.001,17799,17799,17799,2,0
2024-01-22 15:02:12.001,17799,17799,17799,4,0
2024-01-22 15:02:12.001,17799,17799,17799,2,0
2024-01-22 15:02:12.001,17799,17799,17799,2,0
2024-01-22 15:02:12.001,17799,17799,17799,2,0
2024-01-22 15:02:12.001,17799,17799,17799,2,0
2024-01-22 15:02:12.001,17799,17799,17799,2,0
2024-01-22 15:02:12.001,17799,17799,17799,2,0
2024-01-22 15:02:13.001,17800,17800,17800,4,4
2024-01-22 15:02:18.001,17799,17799,17799,2,-2
2024-01-22 15:02:19.001,17800,17800,17800,2,2
2024-01-22 15:02:19.001,17799,17799,17799,2,-2
2024-01-22 15:02:20.001,17798,17798,17798,10,-10
2024-01-22 15:02:24.001,17799,17799,17799,2,2
2024-01-22 15:02:24.001,17799,17799,17799,4,0
2024-01-22 15:02:24.001,17799,17799,17799,4,0
2024-01-22 15:02:24.001,17799,17799,17799,2,0
2024-01-22 15:02:24.001,17799,17799,17799,2,0
2024-01-22 15:02:25.001,17799,17799,17799,2,0
2024-01-22 15:02:26.001,17799,17799,17799,2,0
2024-01-22 15:02:29.001,17799,17799,17799,2,0
2024-01-22 15:02:30.001,17799,17799,17799,2,0
2024-01-22 15:02:33.001,17798,17798,17798,4,-4
2024-01-22 15:02:33.001,17798,17798,17798,2,0
2024-01-22 15:02:33.001,17798,17798,17798,2,0
2024-01-22 15:02:34.001,17799,17799,17799,8,8
2024-01-22 15:02:36.001,17799,17799,17799,18,0
2024-01-22 15:02:36.001,17799,17799,17799,2,0
2024-01-22 15:02:38.001,17798,17798,17798,2,-2
2024-01-22 15:02:38.001,17798,17798,17798,2,0
2024-01-22 15:02:38.001,17798,17798,17798,2,0
2024-01-22 15:02:38.001,17798,17798,17798,2,0
2024-01-22 15:02:40.001,17797,17797,17797,2,-2
2024-01-22 15:02:40.001,17797,17797,17797,2,0
2024-01-22 15:02:40.001,17797,17797,17797,2,0
2024-01-22 15:02:40.001,17797,17797,17797,2,0
2024-01-22 15:02:40.001,17797,17797,17797,2,0
2024-01-22 15:02:41.001,17796,17796,17796,2,-2
2024-01-22 15:02:41.001,17796,17796,17796,2,0
2024-01-22 15:02:46.001,17796,17796,17796,2,0
2024-01-22 15:02:46.001,17796,17796,17796,2,0
2024-01-22 15:02:46.001,17796,17796,17796,8,0
2024-01-22 15:02:48.001,17796,17796,17796,2,0
2024-01-22 15:02:48.001,17796,17796,17796,2,0
2024-01-22 15:02:48.001,17796,17796,17796,2,0
2024-01-22 15:02:48.001,17796,17796,17796,2,0
2024-01-22 15:02:48.001,17796,17796,17796,2,0
2024-01-22 15:02:49.001,17795,17795,17795,2,-2
2024-01-22 15:02:49.001,17795,17795,17795,4,0
2024-01-22 15:02:49.001,17795,17795,17795,2,0
2024-01-22 15:02:49.001,17795,17795,17795,2,0
2024-01-22 15:02:49.001,17795,17795,17795,2,0
2024-01-22 15:02:49.001,17795,17795,17795,2,0
2024-01-22 15:02:49.001,17795,17795,17795,2,0
2024-01-22 15:02:49.001,17795,17795,17795,10,0
2024-01-22 15:02:49.001,17795,17795,17795,4,0
2024-01-22 15:02:49.001,17795,17795,17795,4,0
2024-01-22 15:02:49.001,17795,17795,17795,2,0
2024-01-22 15:02:49.001,17795,17795,17795,2,0
2024-01-22 15:02:49.001,17795,17795,17795,10,0
2024-01-22 15:02:49.001,17795,17795,17795,2,0
2024-01-22 15:02:49.001,17795,17795,17795,2,0
2024-01-22 15:02:49.001,17795,17795,17795,2,0
2024-01-22 15:02:49.001,17795,17795,17795,4,0
2024-01-22 15:02:50.001,17794,17794,17794,2,-2
2024-01-22 15:02:50.001,17794,17794,17794,16,0
2024-01-22 15:02:50.001,17794,17794,17794,4,0
2024-01-22 15:02:50.001,17794,17794,17794,2,0
2024-01-22 15:02:50.001,17794,17794,17794,2,0
2024-01-22 15:02:50.001,17794,17794,17794,6,0
2024-01-22 15:02:50.001,17794,17794,17794,6,0
2024-01-22 15:02:50.001,17794,17794,17794,10,0
2024-01-22 15:02:50.001,17794,17794,17794,2,0
2024-01-22 15:02:50.001,17794,17794,17794,2,0
2024-01-22 15:02:50.001,17793,17793,17793,2,-2
2024-01-22 15:02:50.001,17793,17793,17793,2,0
2024-01-22 15:02:50.001,17793,17793,17793,2,0
2024-01-22 15:02:50.001,17793,17793,17793,4,0
2024-01-22 15:02:51.001,17793,17793,17793,2,0
2024-01-22 15:02:51.001,17793,17793,17793,2,0
2024-01-22 15:02:52.001,17793,17793,17793,2,0
2024-01-22 15:02:57.001,17793,17793,17793,2,0
2024-01-22 15:02:57.001,17793,17793,17793,2,0
2024-01-22 15:02:57.001,17793,17793,17793,2,0
2024-01-22 15:03:01.001,17794,17794,17794,2,2
2024-01-22 15:03:06.001,17795,17795,17795,2,2
2024-01-22 15:03:07.001,17795,17795,17795,2,0
2024-01-22 15:03:09.001,17797,17797,17797,2,2
2024-01-22 15:03:09.001,17797,17797,17797,2,0
2024-01-22 15:03:15.001,17796,17796,17796,2,-2
2024-01-22 15:03:15.001,17796,17796,17796,2,0
2024-01-22 15:03:15.001,17795,17795,17795,6,-6
2024-01-22 15:03:20.001,17795,17795,17795,2,0
2024-01-22 15:03:20.001,17795,17795,17795,2,0
2024-01-22 15:03:20.001,17795,17795,17795,2,0
2024-01-22 15:03:20.001,17795,17795,17795,2,0
2024-01-22 15:03:21.001,17796,17796,17796,2,2
2024-01-22 15:03:23.001,17795,17795,17795,2,-2
2024-01-22 15:03:23.001,17795,17795,17795,2,0
2024-01-22 15:03:23.001,17795,17795,17795,2,0
2024-01-22 15:03:23.001,17795,17795,17795,2,0
2024-01-22 15:03:24.001,17795,17795,17795,2,0
2024-01-22 15:03:29.001,17796,17796,17796,2,2
2024-01-22 15:03:29.001,17796,17796,17796,2,0
2024-01-22 15:03:32.001,17796,17796,17796,2,0
2024-01-22 15:03:32.001,17796,17796,17796,2,0
2024-01-22 15:03:37.001,17795,17795,17795,2,-2
2024-01-22 15:03:37.001,17795,17795,17795,2,0
2024-01-22 15:03:37.001,17795,17795,17795,2,0
2024-01-22 15:03:37.001,17795,17795,17795,2,0
2024-01-22 15:03:37.001,17795,17795,17795,2,0
2024-01-22 15:03:43.001,17796,17796,17796,2,2
2024-01-22 15:03:54.001,17796,17796,17796,10,0
2024-01-22 15:03:57.001,17795,17795,17795,2,-2
2024-01-22 15:04:08.001,17796,17796,17796,10,10
2024-01-22 15:04:09.001,17795,17795,17795,2,-2
2024-01-22 15:04:11.001,17796,17796,17796,2,2
2024-01-22 15:04:14.001,17796,17796,17796,18,0
2024-01-22 15:04:14.001,17796,17796,17796,16,0
2024-01-22 15:04:14.001,17796,17796,17796,16,0
2024-01-22 15:04:14.001,17796,17796,17796,10,0
2024-01-22 15:04:14.001,17796,17796,17796,4,0
2024-01-22 15:04:14.001,17796,17796,17796,2,0
2024-01-22 15:04:14.001,17796,17796,17796,6,0
2024-01-22 15:04:14.001,17796,17796,17796,2,0
2024-01-22 15:04:14.001,17796,17796,17796,4,0
2024-01-22 15:04:14.001,17796,17796,17796,2,0
2024-01-22 15:04:14.001,17796,17796,17796,2,0
2024-01-22 15:04:14.001,17796,17796,17796,2,0
2024-01-22 15:04:14.001,17796,17796,17796,4,0
2024-01-22 15:04:14.001,17796,17796,17796,2,0
2024-01-22 15:04:14.001,17796,17796,17796,16,0
2024-01-22 15:04:14.001,17796,17796,17796,2,0
2024-01-22 15:04:22.001,17796,17796,17796,2,0
2024-01-22 15:04:25.001,17797,17797,17797,8,8
2024-01-22 15:04:25.001,17797,17797,17797,2,0
2024-01-22 15:04:32.001,17797,17797,17797,2,0
2024-01-22 15:04:33.001,17798,17798,17798,4,4
2024-01-22 15:04:42.001,17798,17798,17798,2,0
2024-01-22 15:04:45.001,17797,17797,17797,2,-2
2024-01-22 15:04:45.001,17797,17797,17797,2,0
2024-01-22 15:04:45.001,17797,17797,17797,2,0
2024-01-22 15:04:45.001,17797,17797,17797,2,0
2024-01-22 15:04:57.001,17797,17797,17797,2,0
2024-01-22 15:05:00.001,17796,17796,17796,2,-2
2024-01-22 15:05:04.001,17797,17797,17797,2,2
2024-01-22 15:05:08.001,17797,17797,17797,4,0
2024-01-22 15:05:18.001,17797,17797,17797,2,0
2024-01-22 15:05:20.001,17796,17796,17796,2,-2
2024-01-22 15:05:21.001,17797,17797,17797,2,2
2024-01-22 15:05:24.001,17797,17797,17797,2,0
2024-01-22 15:05:25.001,17797,17797,17797,2,0
2024-01-22 15:05:31.001,17797,17797,17797,2,0
2024-01-22 15:05:32.001,17798,17798,17798,2,2
2024-01-22 15:05:32.001,17798,17798,17798,4,0
2024-01-22 15:05:32.001,17798,17798,17798,6,0
2024-01-22 15:05:32.001,17798,17798,17798,2,0
2024-01-22 15:05:33.001,17798,17798,17798,2,0
2024-01-22 15:05:33.001,17798,17798,17798,2,0
2024-01-22 15:05:33.001,17798,17798,17798,2,0
2024-01-22 15:05:33.001,17798,17798,17798,2,0
2024-01-22 15:05:34.001,17798,17798,17798,2,0
2024-01-22 15:05:34.001,17798,17798,17798,2,0
2024-01-22 15:05:36.001,17799,17799,17799,2,2
2024-01-22 15:05:40.001,17799,17799,17799,2,0
2024-01-22 15:05:47.001,17799,17799,17799,6,0
2024-01-22 15:05:48.001,17799,17799,17799,2,0
2024-01-22 15:05:51.001,17799,17799,17799,2,0
2024-01-22 15:05:51.001,17799,17799,17799,2,0
2024-01-22 15:05:52.001,17799,17799,17799,2,0
2024-01-22 15:05:53.001,17799,17799,17799,2,0
2024-01-22 15:05:53.001,17799,17799,17799,20,0
2024-01-22 15:05:53.001,17799,17799,17799,6,0
2024-01-22 15:05:55.001,17799,17799,17799,2,0
2024-01-22 15:05:56.001,17799,17799,17799,2,0
2024-01-22 15:05:56.001,17799,17799,17799,2,0
2024-01-22 15:05:56.001,17800,17800,17800,2,2
2024-01-22 15:05:57.001,17800,17800,17800,2,0
2024-01-22 15:06:01.001,17800,17800,17800,2,0
2024-01-22 15:06:02.001,17799,17799,17799,6,-6
2024-01-22 15:06:09.001,17799,17799,17799,2,0
2024-01-22 15:06:09.001,17799,17799,17799,2,0
2024-01-22 15:06:09.001,17799,17799,17799,2,0
2024-01-22 15:06:11.001,17799,17799,17799,2,0
2024-01-22 15:06:11.001,17799,17799,17799,2,0
2024-01-22 15:06:11.001,17799,17799,17799,2,0
2024-01-22 15:06:13.001,17799,17799,17799,6,0
2024-01-22 15:06:14.001,17799,17799,17799,10,0
2024-01-22 15:06:18.001,17799,17799,17799,2,0
2024-01-22 15:06:19.001,17799,17799,17799,2,0
2024-01-22 15:06:25.001,17800,17800,17800,12,12
2024-01-22 15:06:27.001,17800,17800,17800,2,0
2024-01-22 15:06:33.001,17800,17800,17800,2,0
2024-01-22 15:06:34.001,17799,17799,17799,2,-2
2024-01-22 15:06:37.001,17799,17799,17799,2,0
2024-01-22 15:06:46.001,17799,17799,17799,2,0
2024-01-22 15:06:46.001,17800,17800,17800,2,2
2024-01-22 15:06:55.001,17800,17800,17800,2,0
2024-01-22 15:06:59.001,17800,17800,17800,4,0
2024-01-22 15:07:01.001,17800,17800,17800,8,0
2024-01-22 15:07:02.001,17800,17800,17800,4,0
2024-01-22 15:07:02.001,17799,17799,17799,2,-2
2024-01-22 15:07:04.001,17799,17799,17799,2,0
2024-01-22 15:07:04.001,17799,17799,17799,2,0
2024-01-22 15:07:05.001,17798,17798,17798,6,-6
2024-01-22 15:07:05.001,17798,17798,17798,2,0
2024-01-22 15:07:05.001,17798,17798,17798,2,0
2024-01-22 15:07:05.001,17798,17798,17798,2,0
2024-01-22 15:07:05.001,17798,17798,17798,2,0
2024-01-22 15:07:05.001,17798,17798,17798,2,0
2024-01-22 15:07:05.001,17798,17798,17798,2,0
2024-01-22 15:07:05.001,17798,17798,17798,2,0
2024-01-22 15:07:09.001,17797,17797,17797,2,-2
2024-01-22 15:07:09.001,17797,17797,17797,4,0
2024-01-22 15:07:09.001,17797,17797,17797,2,0
2024-01-22 15:07:11.001,17797,17797,17797,2,0
2024-01-22 15:07:12.001,17797,17797,17797,2,0
2024-01-22 15:07:21.001,17799,17799,17799,2,2
2024-01-22 15:07:25.001,17798,17798,17798,4,-4
2024-01-22 15:07:25.001,17798,17798,17798,2,0
2024-01-22 15:07:27.001,17798,17798,17798,2,0
2024-01-22 15:07:29.001,17798,17798,17798,2,0
2024-01-22 15:07:50.001,17798,17798,17798,6,0
2024-01-22 15:07:56.001,17798,17798,17798,4,0
2024-01-22 15:07:56.001,17797,17797,17797,8,-8
2024-01-22 15:08:03.001,17797,17797,17797,2,0
2024-01-22 15:08:04.001,17797,17797,17797,2,0
2024-01-22 15:08:13.001,17797,17797,17797,18,0
2024-01-22 15:08:13.001,17797,17797,17797,2,0
2024-01-22 15:08:13.001,17797,17797,17797,2,0
2024-01-22 15:08:13.001,17797,17797,17797,10,0
2024-01-22 15:08:13.001,17797,17797,17797,2,0
2024-01-22 15:08:13.001,17797,17797,17797,2,0
2024-01-22 15:08:13.001,17797,17797,17797,2,0
2024-01-22 15:08:13.001,17797,17797,17797,2,0
2024-01-22 15:08:14.001,17796,17796,17796,2,-2
2024-01-22 15:08:14.001,17796,17796,17796,2,0
2024-01-22 15:08:18.001,17797,17797,17797,2,2
2024-01-22 15:08:25.001,17796,17796,17796,2,-2
2024-01-22 15:08:25.001,17796,17796,17796,2,0
2024-01-22 15:08:25.001,17796,17796,17796,2,0
2024-01-22 15:08:25.001,17796,17796,17796,2,0
2024-01-22 15:08:25.001,17796,17796,17796,2,0
2024-01-22 15:08:25.001,17796,17796,17796,2,0
2024-01-22 15:08:25.001,17796,17796,17796,2,0
2024-01-22 15:08:25.001,17796,17796,17796,2,0
2024-01-22 15:08:25.001,17796,17796,17796,4,0
2024-01-22 15:08:25.001,17796,17796,17796,4,0
2024-01-22 15:08:25.001,17796,17796,17796,2,0
2024-01-22 15:08:25.001,17796,17796,17796,2,0
2024-01-22 15:08:25.001,17795,17795,17795,2,-2
2024-01-22 15:08:25.001,17795,17795,17795,2,0
2024-01-22 15:08:25.001,17795,17795,17795,2,0
2024-01-22 15:08:25.001,17795,17795,17795,2,0
2024-01-22 15:08:25.001,17795,17795,17795,2,0
2024-01-22 15:08:25.001,17795,17795,17795,2,0
2024-01-22 15:08:27.001,17796,17796,17796,2,2
2024-01-22 15:08:33.001,17796,17796,17796,28,0
2024-01-22 15:08:33.001,17796,17796,17796,2,0
2024-01-22 15:08:52.001,17796,17796,17796,2,0
2024-01-22 15:08:56.001,17796,17796,17796,6,0
2024-01-22 15:09:01.001,17796,17796,17796,2,0
2024-01-22 15:09:03.001,17796,17796,17796,2,0
2024-01-22 15:09:07.001,17796,17796,17796,8,0
2024-01-22 15:09:07.001,17796,17796,17796,2,0
2024-01-22 15:09:07.001,17796,17796,17796,4,0
2024-01-22 15:09:07.001,17796,17796,17796,4,0
2024-01-22 15:09:07.001,17796,17796,17796,2,0
2024-01-22 15:09:07.001,17796,17796,17796,2,0
2024-01-22 15:09:07.001,17796,17796,17796,4,0
2024-01-22 15:09:07.001,17796,17796,17796,4,0
2024-01-22 15:09:07.001,17796,17796,17796,2,0
2024-01-22 15:09:14.001,17795,17795,17795,2,-2
2024-01-22 15:09:14.001,17795,17795,17795,2,0
2024-01-22 15:09:14.001,17795,17795,17795,4,0
2024-01-22 15:09:18.001,17796,17796,17796,2,2
2024-01-22 15:09:21.001,17797,17797,17797,4,4
2024-01-22 15:09:30.001,17796,17796,17796,2,-2
2024-01-22 15:09:53.001,17796,17796,17796,2,0
2024-01-22 15:10:00.001,17796,17796,17796,6,0
2024-01-22 15:10:06.001,17796,17796,17796,2,0
2024-01-22 15:10:06.001,17796,17796,17796,2,0
2024-01-22 15:10:06.001,17797,17797,17797,6,6
2024-01-22 15:10:07.001,17796,17796,17796,2,-2
2024-01-22 15:10:15.001,17796,17796,17796,2,0
2024-01-22 15:10:20.001,17796,17796,17796,2,0
2024-01-22 15:10:29.001,17796,17796,17796,4,0
2024-01-22 15:10:29.001,17796,17796,17796,4,0
2024-01-22 15:10:29.001,17796,17796,17796,4,0
2024-01-22 15:10:29.001,17796,17796,17796,4,0
2024-01-22 15:10:29.001,17796,17796,17796,2,0
2024-01-22 15:10:30.001,17795,17795,17795,2,-2
2024-01-22 15:10:30.001,17795,17795,17795,2,0
2024-01-22 15:10:41.001,17795,17795,17795,4,0
2024-01-22 15:10:49.001,17796,17796,17796,4,4
2024-01-22 15:10:49.001,17796,17796,17796,2,0
2024-01-22 15:10:49.001,17796,17796,17796,10,0
2024-01-22 15:10:49.001,17797,17797,17797,6,6
2024-01-22 15:10:52.001,17796,17796,17796,2,-2
2024-01-22 15:10:54.001,17797,17797,17797,2,2
2024-01-22 15:11:09.001,17797,17797,17797,2,0
2024-01-22 15:11:19.001,17796,17796,17796,2,-2
2024-01-22 15:11:44.001,17796,17796,17796,2,0
2024-01-22 15:11:44.001,17796,17796,17796,2,0
2024-01-22 15:11:46.001,17797,17797,17797,2,2
2024-01-22 15:11:46.001,17796,17796,17796,2,-2
2024-01-22 15:11:46.001,17796,17796,17796,4,0
2024-01-22 15:11:46.001,17796,17796,17796,4,0
2024-01-22 15:11:53.001,17796,17796,17796,2,0
2024-01-22 15:11:53.001,17796,17796,17796,2,0
2024-01-22 15:11:53.001,17796,17796,17796,2,0
2024-01-22 15:11:55.001,17796,17796,17796,6,0
2024-01-22 15:11:59.001,17796,17796,17796,2,0
2024-01-22 15:11:59.001,17796,17796,17796,4,0
2024-01-22 15:11:59.001,17796,17796,17796,6,0
2024-01-22 15:11:59.001,17796,17796,17796,2,0
2024-01-22 15:11:59.001,17796,17796,17796,2,0
2024-01-22 15:11:59.001,17796,17796,17796,4,0
2024-01-22 15:11:59.001,17796,17796,17796,4,0
2024-01-22 15:11:59.001,17796,17796,17796,6,0
2024-01-22 15:11:59.001,17796,17796,17796,2,0
2024-01-22 15:11:59.001,17795,17795,17795,2,-2
2024-01-22 15:11:59.001,17795,17795,17795,14,0
2024-01-22 15:12:00.001,17795,17795,17795,4,0
2024-01-22 15:12:02.001,17795,17795,17795,6,0
2024-01-22 15:12:03.001,17795,17795,17795,2,0
2024-01-22 15:12:03.001,17795,17795,17795,2,0
2024-01-22 15:12:06.001,17796,17796,17796,2,2
2024-01-22 15:12:13.001,17796,17796,17796,2,0
2024-01-22 15:12:17.001,17797,17797,17797,2,2
2024-01-22 15:12:25.001,17797,17797,17797,2,0
2024-01-22 15:12:25.001,17797,17797,17797,2,0
2024-01-22 15:12:25.001,17797,17797,17797,2,0
2024-01-22 15:12:25.001,17797,17797,17797,4,0
2024-01-22 15:12:25.001,17797,17797,17797,10,0
2024-01-22 15:12:27.001,17798,17798,17798,26,26
2024-01-22 15:12:27.001,17798,17798,17798,4,0
2024-01-22 15:12:27.001,17798,17798,17798,2,0
2024-01-22 15:12:31.001,17799,17799,17799,2,2
2024-01-22 15:12:31.001,17799,17799,17799,4,0
2024-01-22 15:12:31.001,17799,17799,17799,6,0
2024-01-22 15:12:32.001,17799,17799,17799,2,0
2024-01-22 15:12:34.001,17800,17800,17800,2,2
2024-01-22 15:12:34.001,17800,17800,17800,2,0
2024-01-22 15:12:34.001,17799,17799,17799,2,-2
2024-01-22 15:12:44.001,17800,17800,17800,2,2
2024-01-22 15:12:45.001,17800,17800,17800,8,0
2024-01-22 15:12:49.001,17801,17801,17801,2,2
2024-01-22 15:12:51.001,17801,17801,17801,2,0
2024-01-22 15:12:51.001,17802,17802,17802,2,2
2024-01-22 15:12:54.001,17802,17802,17802,10,0
2024-01-22 15:12:56.001,17801,17801,17801,2,-2
2024-01-22 15:13:04.001,17800,17800,17800,2,-2
2024-01-22 15:13:04.001,17800,17800,17800,2,0
2024-01-22 15:13:04.001,17800,17800,17800,2,0
2024-01-22 15:13:04.001,17800,17800,17800,2,0
2024-01-22 15:13:04.001,17800,17800,17800,4,0
2024-01-22 15:13:04.001,17801,17801,17801,2,2
2024-01-22 15:13:04.001,17801,17801,17801,2,0
2024-01-22 15:13:04.001,17801,17801,17801,2,0
2024-01-22 15:13:04.001,17801,17801,17801,2,0
2024-01-22 15:13:05.001,17801,17801,17801,2,0
2024-01-22 15:13:05.001,17801,17801,17801,2,0
2024-01-22 15:13:05.001,17801,17801,17801,2,0
2024-01-22 15:13:05.001,17801,17801,17801,2,0
2024-01-22 15:13:05.001,17801,17801,17801,2,0
2024-01-22 15:13:05.001,17801,17801,17801,2,0
2024-01-22 15:13:05.001,17801,17801,17801,2,0
2024-01-22 15:13:05.001,17801,17801,17801,2,0
2024-01-22 15:13:06.001,17801,17801,17801,2,0
2024-01-22 15:13:06.001,17801,17801,17801,2,0
2024-01-22 15:13:06.001,17801,17801,17801,2,0
2024-01-22 15:13:06.001,17801,17801,17801,2,0
2024-01-22 15:13:07.001,17801,17801,17801,2,0
2024-01-22 15:13:13.001,17801,17801,17801,2,0
2024-01-22 15:13:15.001,17800,17800,17800,2,-2
2024-01-22 15:13:32.001,17801,17801,17801,4,4
2024-01-22 15:13:35.001,17802,17802,17802,2,2
2024-01-22 15:13:38.001,17802,17802,17802,8,0
2024-01-22 15:13:38.001,17802,17802,17802,2,0
2024-01-22 15:13:38.001,17802,17802,17802,2,0
2024-01-22 15:13:38.001,17802,17802,17802,2,0
2024-01-22 15:13:40.001,17802,17802,17802,2,0
2024-01-22 15:13:42.001,17803,17803,17803,10,10
2024-01-22 15:13:42.001,17803,17803,17803,2,0
2024-01-22 15:13:42.001,17802,17802,17802,2,-2
2024-01-22 15:13:42.001,17803,17803,17803,2,2
2024-01-22 15:13:42.001,17802,17802,17802,2,-2
2024-01-22 15:13:43.001,17802,17802,17802,2,0
2024-01-22 15:13:45.001,17803,17803,17803,4,4
2024-01-22 15:13:45.001,17804,17804,17804,2,2
2024-01-22 15:13:48.001,17803,17803,17803,2,-2
2024-01-22 15:13:48.001,17802,17802,17802,4,-4
2024-01-22 15:13:48.001,17802,17802,17802,2,0
2024-01-22 15:13:52.001,17804,17804,17804,68,68
2024-01-22 15:13:52.001,17805,17805,17805,12,12
2024-01-22 15:13:53.001,17805,17805,17805,2,0
2024-01-22 15:13:54.001,17805,17805,17805,4,0
2024-01-22 15:13:55.001,17805,17805,17805,4,0
2024-01-22 15:13:56.001,17805,17805,17805,2,0
2024-01-22 15:13:57.001,17805,17805,17805,2,0
2024-01-22 15:13:59.001,17805,17805,17805,2,0
2024-01-22 15:13:59.001,17805,17805,17805,10,0
2024-01-22 15:14:00.001,17805,17805,17805,2,0
2024-01-22 15:14:01.001,17805,17805,17805,2,0
2024-01-22 15:14:05.001,17806,17806,17806,6,6
2024-01-22 15:14:05.001,17806,17806,17806,2,0
2024-01-22 15:14:06.001,17805,17805,17805,2,-2
2024-01-22 15:14:06.001,17806,17806,17806,2,2
2024-01-22 15:14:06.001,17805,17805,17805,2,-2
2024-01-22 15:14:06.001,17805,17805,17805,2,0
2024-01-22 15:14:08.001,17806,17806,17806,4,4
2024-01-22 15:14:13.001,17806,17806,17806,2,0
2024-01-22 15:14:15.001,17805,17805,17805,2,-2
2024-01-22 15:14:16.001,17805,17805,17805,2,0
2024-01-22 15:14:16.001,17805,17805,17805,2,0
2024-01-22 15:14:17.001,17805,17805,17805,6,0
2024-01-22 15:14:17.001,17806,17806,17806,2,2
2024-01-22 15:14:20.001,17805,17805,17805,2,-2
2024-01-22 15:14:23.001,17805,17805,17805,2,0
2024-01-22 15:14:23.001,17806,17806,17806,2,2
2024-01-22 15:14:25.001,17805,17805,17805,2,-2
2024-01-22 15:14:30.001,17805,17805,17805,2,0
2024-01-22 15:14:30.001,17805,17805,17805,6,0
2024-01-22 15:14:30.001,17805,17805,17805,4,0
2024-01-22 15:14:30.001,17805,17805,17805,4,0
2024-01-22 15:14:30.001,17805,17805,17805,4,0
2024-01-22 15:14:30.001,17805,17805,17805,2,0
2024-01-22 15:14:30.001,17805,17805,17805,4,0
2024-01-22 15:14:31.001,17805,17805,17805,2,0
2024-01-22 15:14:33.001,17805,17805,17805,2,0
2024-01-22 15:14:35.001,17805,17805,17805,2,0
2024-01-22 15:14:36.001,17805,17805,17805,2,0
2024-01-22 15:14:37.001,17805,17805,17805,2,0
2024-01-22 15:14:38.001,17805,17805,17805,6,0
2024-01-22 15:14:39.001,17805,17805,17805,2,0
2024-01-22 15:14:41.001,17804,17804,17804,2,-2
2024-01-22 15:14:45.001,17804,17804,17804,2,0
2024-01-22 15:14:47.001,17805,17805,17805,2,2
2024-01-22 15:14:49.001,17806,17806,17806,2,2
2024-01-22 15:14:52.001,17805,17805,17805,2,-2
2024-01-22 15:14:56.001,17806,17806,17806,2,2
2024-01-22 15:14:58.001,17805,17805,17805,2,-2
2024-01-22 15:14:59.001,17805,17805,17805,2,0
2024-01-22 15:15:00.001,17806,17806,17806,24,24
2024-01-22 15:15:00.001,17806,17806,17806,2,0
2024-01-22 15:15:00.001,17807,17807,17807,2,2
2024-01-22 15:15:00.001,17807,17807,17807,2,0
2024-01-22 15:15:00.001,17807,17807,17807,2,0
2024-01-22 15:15:00.001,17807,17807,17807,2,0
2024-01-22 15:15:01.001,17807,17807,17807,2,0
2024-01-22 15:15:01.001,17807,17807,17807,2,0
2024-01-22 15:15:03.001,17806,17806,17806,2,-2
2024-01-22 15:15:04.001,17806,17806,17806,2,0
2024-01-22 15:15:05.001,17806,17806,17806,2,0
2024-01-22 15:15:05.001,17806,17806,17806,4,0
2024-01-22 15:15:05.001,17806,17806,17806,2,0
2024-01-22 15:15:09.001,17806,17806,17806,2,0
2024-01-22 15:15:12.001,17807,17807,17807,2,2
2024-01-22 15:15:12.001,17807,17807,17807,2,0
2024-01-22 15:15:17.001,17806,17806,17806,2,-2
2024-01-22 15:15:22.001,17807,17807,17807,10,10
2024-01-22 15:15:22.001,17808,17808,17808,2,2
2024-01-22 15:15:22.001,17808,17808,17808,2,0
2024-01-22 15:15:23.001,17807,17807,17807,2,-2
2024-01-22 15:15:23.001,17807,17807,17807,2,0
2024-01-22 15:15:25.001,17808,17808,17808,4,4
2024-01-22 15:15:25.001,17808,17808,17808,2,0
2024-01-22 15:15:29.001,17808,17808,17808,4,0
2024-01-22 15:15:29.001,17808,17808,17808,4,0
2024-01-22 15:15:32.001,17808,17808,17808,2,0
2024-01-22 15:15:32.001,17808,17808,17808,10,0
2024-01-22 15:15:32.001,17808,17808,17808,4,0
2024-01-22 15:15:32.001,17808,17808,17808,2,0
2024-01-22 15:15:33.001,17808,17808,17808,10,0
2024-01-22 15:15:34.001,17808,17808,17808,2,0
2024-01-22 15:15:35.001,17808,17808,17808,2,0
2024-01-22 15:15:35.001,17809,17809,17809,2,2
2024-01-22 15:15:36.001,17809,17809,17809,2,0
2024-01-22 15:15:37.001,17809,17809,17809,4,0
2024-01-22 15:15:37.001,17809,17809,17809,2,0
2024-01-22 15:15:39.001,17809,17809,17809,2,0
2024-01-22 15:15:39.001,17809,17809,17809,8,0
2024-01-22 15:15:39.001,17810,17810,17810,6,6
2024-01-22 15:15:39.001,17810,17810,17810,6,0
2024-01-22 15:15:40.001,17810,17810,17810,2,0
2024-01-22 15:15:40.001,17810,17810,17810,54,0
2024-01-22 15:15:40.001,17810,17810,17810,4,0
2024-01-22 15:15:40.001,17810,17810,17810,2,0
2024-01-22 15:15:40.001,17810,17810,17810,2,0
2024-01-22 15:15:42.001,17809,17809,17809,2,-2
2024-01-22 15:15:46.001,17809,17809,17809,2,0
2024-01-22 15:15:47.001,17809,17809,17809,2,0
2024-01-22 15:15:47.001,17809,17809,17809,10,0
2024-01-22 15:15:48.001,17810,17810,17810,8,8
2024-01-22 15:15:49.001,17810,17810,17810,4,0
2024-01-22 15:15:49.001,17809,17809,17809,2,-2
2024-01-22 15:15:49.001,17810,17810,17810,8,8
2024-01-22 15:15:52.001,17810,17810,17810,2,0
2024-01-22 15:15:52.001,17810,17810,17810,2,0
2024-01-22 15:15:53.001,17809,17809,17809,2,-2
2024-01-22 15:15:54.001,17809,17809,17809,2,0
2024-01-22 15:15:54.001,17810,17810,17810,2,2
2024-01-22 15:15:56.001,17810,17810,17810,18,0
2024-01-22 15:15:59.001,17810,17810,17810,2,0
2024-01-22 15:15:59.001,17810,17810,17810,4,0
2024-01-22 15:16:05.001,17809,17809,17809,2,-2
2024-01-22 15:16:05.001,17809,17809,17809,2,0
2024-01-22 15:16:05.001,17809,17809,17809,16,0
2024-01-22 15:16:05.001,17809,17809,17809,2,0
2024-01-22 15:16:05.001,17809,17809,17809,4,0
2024-01-22 15:16:05.001,17809,17809,17809,2,0
2024-01-22 15:16:05.001,17809,17809,17809,2,0
2024-01-22 15:16:05.001,17809,17809,17809,6,0
2024-01-22 15:16:05.001,17809,17809,17809,2,0
2024-01-22 15:16:05.001,17809,17809,17809,2,0
2024-01-22 15:16:05.001,17809,17809,17809,2,0
2024-01-22 15:16:05.001,17808,17808,17808,2,-2
2024-01-22 15:16:05.001,17808,17808,17808,2,0
2024-01-22 15:16:05.001,17808,17808,17808,2,0
2024-01-22 15:16:05.001,17808,17808,17808,2,0
2024-01-22 15:16:05.001,17808,17808,17808,2,0
2024-01-22 15:16:05.001,17808,17808,17808,8,0
2024-01-22 15:16:05.001,17808,17808,17808,2,0
2024-01-22 15:16:05.001,17808,17808,17808,2,0
2024-01-22 15:16:05.001,17808,17808,17808,2,0
2024-01-22 15:16:05.001,17808,17808,17808,2,0
2024-01-22 15:16:06.001,17807,17807,17807,2,-2
2024-01-22 15:16:06.001,17807,17807,17807,2,0
2024-01-22 15:16:06.001,17807,17807,17807,4,0
2024-01-22 15:16:06.001,17807,17807,17807,6,0
2024-01-22 15:16:06.001,17807,17807,17807,12,0
2024-01-22 15:16:06.001,17807,17807,17807,2,0
2024-01-22 15:16:06.001,17807,17807,17807,2,0
2024-01-22 15:16:11.001,17806,17806,17806,2,-2
2024-01-22 15:16:19.001,17806,17806,17806,2,0
2024-01-22 15:16:19.001,17806,17806,17806,2,0
2024-01-22 15:16:24.001,17807,17807,17807,4,4
2024-01-22 15:16:25.001,17808,17808,17808,2,2
2024-01-22 15:16:25.001,17808,17808,17808,2,0
2024-01-22 15:16:28.001,17808,17808,17808,8,0
2024-01-22 15:16:28.001,17808,17808,17808,4,0
2024-01-22 15:16:28.001,17808,17808,17808,4,0
2024-01-22 15:16:28.001,17808,17808,17808,4,0
2024-01-22 15:16:29.001,17808,17808,17808,2,0
2024-01-22 15:16:34.001,17809,17809,17809,2,2
2024-01-22 15:16:35.001,17809,17809,17809,2,0
2024-01-22 15:16:39.001,17808,17808,17808,2,-2
2024-01-22 15:16:39.001,17808,17808,17808,2,0
2024-01-22 15:16:39.001,17808,17808,17808,4,0
2024-01-22 15:16:40.001,17809,17809,17809,4,4
2024-01-22 15:16:41.001,17808,17808,17808,2,-2
2024-01-22 15:16:43.001,17808,17808,17808,2,0
2024-01-22 15:16:43.001,17808,17808,17808,8,0
2024-01-22 15:16:47.001,17807,17807,17807,2,-2
2024-01-22 15:16:47.001,17807,17807,17807,4,0
2024-01-22 15:16:47.001,17807,17807,17807,2,0
2024-01-22 15:16:47.001,17807,17807,17807,2,0
2024-01-22 15:16:47.001,17807,17807,17807,2,0
2024-01-22 15:16:55.001,17807,17807,17807,2,0
2024-01-22 15:17:00.001,17807,17807,17807,2,0
2024-01-22 15:17:01.001,17807,17807,17807,2,0
2024-01-22 15:17:02.001,17807,17807,17807,2,0
2024-01-22 15:17:03.001,17808,17808,17808,6,6
2024-01-22 15:17:05.001,17807,17807,17807,2,-2
2024-01-22 15:17:10.001,17807,17807,17807,2,0
2024-01-22 15:17:10.001,17808,17808,17808,6,6
2024-01-22 15:17:13.001,17808,17808,17808,2,0
2024-01-22 15:17:13.001,17808,17808,17808,2,0
2024-01-22 15:17:13.001,17808,17808,17808,2,0
2024-01-22 15:17:17.001,17808,17808,17808,2,0
2024-01-22 15:17:20.001,17809,17809,17809,8,8
2024-01-22 15:17:23.001,17808,17808,17808,2,-2
2024-01-22 15:17:26.001,17808,17808,17808,2,0
2024-01-22 15:17:40.001,17809,17809,17809,4,4
2024-01-22 15:17:40.001,17809,17809,17809,2,0
2024-01-22 15:17:41.001,17809,17809,17809,2,0
2024-01-22 15:17:43.001,17809,17809,17809,4,0
2024-01-22 15:17:50.001,17809,17809,17809,2,0
2024-01-22 15:17:50.001,17809,17809,17809,10,0
2024-01-22 15:17:56.001,17809,17809,17809,2,0
2024-01-22 15:17:56.001,17809,17809,17809,4,0
2024-01-22 15:17:56.001,17809,17809,17809,4,0
2024-01-22 15:17:59.001,17808,17808,17808,2,-2
2024-01-22 15:18:00.001,17808,17808,17808,4,0
2024-01-22 15:18:00.001,17808,17808,17808,4,0
2024-01-22 15:18:01.001,17810,17810,17810,2,2
2024-01-22 15:18:01.001,17810,17810,17810,2,0
2024-01-22 15:18:01.001,17810,17810,17810,2,0
2024-01-22 15:18:01.001,17810,17810,17810,2,0
2024-01-22 15:18:05.001,17810,17810,17810,4,0
2024-01-22 15:18:05.001,17810,17810,17810,4,0
2024-01-22 15:18:05.001,17810,17810,17810,8,0
2024-01-22 15:18:05.001,17810,17810,17810,6,0
2024-01-22 15:18:05.001,17810,17810,17810,12,0
2024-01-22 15:18:07.001,17810,17810,17810,2,0
2024-01-22 15:18:07.001,17810,17810,17810,6,0
2024-01-22 15:18:07.001,17810,17810,17810,2,0
2024-01-22 15:18:14.001,17810,17810,17810,2,0
2024-01-22 15:18:17.001,17810,17810,17810,2,0
2024-01-22 15:18:17.001,17810,17810,17810,2,0
2024-01-22 15:18:17.001,17810,17810,17810,2,0
2024-01-22 15:18:17.001,17810,17810,17810,2,0
2024-01-22 15:18:20.001,17810,17810,17810,8,0
2024-01-22 15:18:22.001,17810,17810,17810,2,0
2024-01-22 15:18:25.001,17809,17809,17809,4,-4
2024-01-22 15:18:25.001,17809,17809,17809,2,0
2024-01-22 15:18:25.001,17809,17809,17809,2,0
2024-01-22 15:18:27.001,17809,17809,17809,2,0
2024-01-22 15:18:31.001,17810,17810,17810,4,4
2024-01-22 15:18:34.001,17810,17810,17810,2,0
2024-01-22 15:18:35.001,17809,17809,17809,2,-2
2024-01-22 15:18:40.001,17810,17810,17810,2,2
2024-01-22 15:18:40.001,17810,17810,17810,2,0
2024-01-22 15:18:41.001,17809,17809,17809,2,-2
2024-01-22 15:18:46.001,17810,17810,17810,2,2
2024-01-22 15:18:46.001,17810,17810,17810,2,0
2024-01-22 15:18:46.001,17810,17810,17810,4,0
2024-01-22 15:18:50.001,17810,17810,17810,2,0
2024-01-22 15:18:50.001,17810,17810,17810,4,0
2024-01-22 15:18:52.001,17809,17809,17809,4,-4
2024-01-22 15:18:52.001,17809,17809,17809,2,0
2024-01-22 15:18:52.001,17809,17809,17809,4,0
2024-01-22 15:18:53.001,17809,17809,17809,2,0
2024-01-22 15:18:53.001,17809,17809,17809,2,0
2024-01-22 15:19:02.001,17809,17809,17809,4,0
2024-01-22 15:19:02.001,17809,17809,17809,2,0
2024-01-22 15:19:02.001,17809,17809,17809,2,0
2024-01-22 15:19:02.001,17809,17809,17809,2,0
2024-01-22 15:19:02.001,17809,17809,17809,2,0
2024-01-22 15:19:02.001,17809,17809,17809,2,0
2024-01-22 15:19:02.001,17808,17808,17808,2,-2
2024-01-22 15:19:06.001,17809,17809,17809,8,8
2024-01-22 15:19:11.001,17808,17808,17808,2,-2
2024-01-22 15:19:12.001,17810,17810,17810,12,12
2024-01-22 15:19:14.001,17809,17809,17809,2,-2
2024-01-22 15:19:14.001,17809,17809,17809,2,0
2024-01-22 15:19:14.001,17809,17809,17809,2,0
2024-01-22 15:19:14.001,17809,17809,17809,4,0
2024-01-22 15:19:14.001,17810,17810,17810,2,2
2024-01-22 15:19:24.001,17809,17809,17809,6,-6
2024-01-22 15:19:29.001,17809,17809,17809,2,0
2024-01-22 15:19:32.001,17809,17809,17809,2,0
2024-01-22 15:19:45.001,17810,17810,17810,4,4
2024-01-22 15:19:46.001,17811,17811,17811,2,2
2024-01-22 15:19:47.001,17809,17809,17809,2,-2
2024-01-22 15:19:55.001,17810,17810,17810,2,2
2024-01-22 15:20:02.001,17810,17810,17810,2,0
2024-01-22 15:20:02.001,17811,17811,17811,2,2
2024-01-22 15:20:02.001,17810,17810,17810,2,-2
2024-01-22 15:20:05.001,17809,17809,17809,2,-2
2024-01-22 15:20:17.001,17810,17810,17810,2,2
2024-01-22 15:20:19.001,17810,17810,17810,2,0
2024-01-22 15:20:19.001,17810,17810,17810,2,0
2024-01-22 15:20:20.001,17810,17810,17810,4,0
2024-01-22 15:20:23.001,17809,17809,17809,2,-2
2024-01-22 15:20:35.001,17810,17810,17810,2,2
2024-01-22 15:20:41.001,17809,17809,17809,2,-2
2024-01-22 15:20:47.001,17809,17809,17809,2,0
2024-01-22 15:20:49.001,17810,17810,17810,24,24
2024-01-22 15:20:50.001,17810,17810,17810,4,0
2024-01-22 15:20:52.001,17810,17810,17810,2,0
2024-01-22 15:20:59.001,17810,17810,17810,2,0
2024-01-22 15:20:59.001,17810,17810,17810,8,0
2024-01-22 15:20:59.001,17810,17810,17810,2,0
2024-01-22 15:20:59.001,17810,17810,17810,2,0
2024-01-22 15:20:59.001,17810,17810,17810,2,0
2024-01-22 15:20:59.001,17810,17810,17810,2,0
2024-01-22 15:20:59.001,17810,17810,17810,2,0
2024-01-22 15:20:59.001,17809,17809,17809,6,-6
2024-01-22 15:20:59.001,17809,17809,17809,20,0
2024-01-22 15:20:59.001,17809,17809,17809,2,0
2024-01-22 15:20:59.001,17809,17809,17809,2,0
2024-01-22 15:20:59.001,17809,17809,17809,4,0
2024-01-22 15:20:59.001,17809,17809,17809,2,0
2024-01-22 15:20:59.001,17809,17809,17809,2,0
2024-01-22 15:21:03.001,17808,17808,17808,2,-2
2024-01-22 15:21:03.001,17808,17808,17808,2,0
2024-01-22 15:21:03.001,17808,17808,17808,2,0
2024-01-22 15:21:03.001,17808,17808,17808,2,0
2024-01-22 15:21:03.001,17808,17808,17808,2,0
2024-01-22 15:21:03.001,17808,17808,17808,2,0
2024-01-22 15:21:03.001,17808,17808,17808,2,0
2024-01-22 15:21:03.001,17808,17808,17808,2,0
2024-01-22 15:21:03.001,17808,17808,17808,4,0
2024-01-22 15:21:03.001,17808,17808,17808,2,0
2024-01-22 15:21:03.001,17808,17808,17808,2,0
2024-01-22 15:21:03.001,17808,17808,17808,2,0
2024-01-22 15:21:03.001,17808,17808,17808,4,0
2024-01-22 15:21:03.001,17808,17808,17808,2,0
2024-01-22 15:21:03.001,17808,17808,17808,2,0
2024-01-22 15:21:03.001,17808,17808,17808,2,0
2024-01-22 15:21:03.001,17807,17807,17807,2,-2
2024-01-22 15:21:03.001,17807,17807,17807,2,0
2024-01-22 15:21:03.001,17807,17807,17807,2,0
2024-01-22 15:21:03.001,17807,17807,17807,2,0
2024-01-22 15:21:03.001,17807,17807,17807,2,0
2024-01-22 15:21:03.001,17807,17807,17807,2,0
2024-01-22 15:21:03.001,17807,17807,17807,2,0
2024-01-22 15:21:09.001,17807,17807,17807,4,0
2024-01-22 15:21:10.001,17807,17807,17807,8,0
2024-01-22 15:21:10.001,17808,17808,17808,32,32
2024-01-22 15:21:14.001,17808,17808,17808,2,0
2024-01-22 15:21:16.001,17808,17808,17808,2,0
2024-01-22 15:21:17.001,17807,17807,17807,2,-2
2024-01-22 15:21:19.001,17808,17808,17808,18,18
2024-01-22 15:21:22.001,17809,17809,17809,4,4
2024-01-22 15:21:26.001,17809,17809,17809,2,0
2024-01-22 15:21:30.001,17808,17808,17808,4,-4
2024-01-22 15:21:30.001,17808,17808,17808,4,0
2024-01-22 15:21:30.001,17808,17808,17808,6,0
2024-01-22 15:21:30.001,17808,17808,17808,8,0
2024-01-22 15:21:30.001,17808,17808,17808,2,0
2024-01-22 15:21:35.001,17807,17807,17807,2,-2
2024-01-22 15:21:45.001,17808,17808,17808,2,2
2024-01-22 15:21:45.001,17808,17808,17808,2,0
2024-01-22 15:21:49.001,17809,17809,17809,4,4
2024-01-22 15:21:49.001,17809,17809,17809,2,0
2024-01-22 15:21:49.001,17809,17809,17809,2,0
2024-01-22 15:21:53.001,17809,17809,17809,2,0
2024-01-22 15:22:00.001,17810,17810,17810,2,2
2024-01-22 15:22:09.001,17809,17809,17809,2,-2
2024-01-22 15:22:09.001,17809,17809,17809,4,0
2024-01-22 15:22:09.001,17809,17809,17809,2,0
2024-01-22 15:22:09.001,17808,17808,17808,2,-2
2024-01-22 15:22:11.001,17807,17807,17807,2,-2
2024-01-22 15:22:17.001,17809,17809,17809,2,2
2024-01-22 15:22:18.001,17809,17809,17809,2,0
2024-01-22 15:22:23.001,17810,17810,17810,22,22
2024-01-22 15:22:29.001,17809,17809,17809,2,-2
2024-01-22 15:22:31.001,17810,17810,17810,2,2
2024-01-22 15:22:31.001,17810,17810,17810,4,0
2024-01-22 15:22:31.001,17810,17810,17810,2,0
2024-01-22 15:22:32.001,17811,17811,17811,2,2
2024-01-22 15:22:36.001,17811,17811,17811,12,0
2024-01-22 15:22:40.001,17811,17811,17811,14,0
2024-01-22 15:22:43.001,17812,17812,17812,4,4
2024-01-22 15:22:47.001,17811,17811,17811,2,-2
2024-01-22 15:22:49.001,17810,17810,17810,2,-2
2024-01-22 15:22:55.001,17811,17811,17811,2,2
2024-01-22 15:22:57.001,17811,17811,17811,2,0
2024-01-22 15:22:57.001,17811,17811,17811,2,0
2024-01-22 15:22:58.001,17811,17811,17811,4,0
2024-01-22 15:22:58.001,17811,17811,17811,2,0
2024-01-22 15:22:58.001,17811,17811,17811,2,0
2024-01-22 15:22:59.001,17812,17812,17812,2,2
2024-01-22 15:22:59.001,17811,17811,17811,2,-2
2024-01-22 15:23:00.001,17812,17812,17812,4,4
2024-01-22 15:23:00.001,17812,17812,17812,6,0
2024-01-22 15:23:01.001,17812,17812,17812,2,0
2024-01-22 15:23:02.001,17812,17812,17812,2,0
2024-01-22 15:23:05.001,17811,17811,17811,2,-2
2024-01-22 15:23:05.001,17812,17812,17812,2,2
2024-01-22 15:23:05.001,17812,17812,17812,2,0
2024-01-22 15:23:08.001,17812,17812,17812,2,0
2024-01-22 15:23:10.001,17813,17813,17813,2,2
2024-01-22 15:23:11.001,17812,17812,17812,2,-2
2024-01-22 15:23:13.001,17812,17812,17812,2,0
2024-01-22 15:23:13.001,17812,17812,17812,4,0
2024-01-22 15:23:13.001,17812,17812,17812,2,0
2024-01-22 15:23:13.001,17812,17812,17812,2,0
2024-01-22 15:23:16.001,17812,17812,17812,2,0
2024-01-22 15:23:17.001,17812,17812,17812,2,0
2024-01-22 15:23:20.001,17812,17812,17812,2,0
2024-01-22 15:23:20.001,17811,17811,17811,4,-4
2024-01-22 15:23:22.001,17812,17812,17812,8,8
2024-01-22 15:23:22.001,17813,17813,17813,4,4
2024-01-22 15:23:23.001,17811,17811,17811,2,-2
2024-01-22 15:23:24.001,17812,17812,17812,2,2
2024-01-22 15:23:29.001,17812,17812,17812,4,0
2024-01-22 15:23:30.001,17812,17812,17812,2,0
2024-01-22 15:23:31.001,17811,17811,17811,2,-2
2024-01-22 15:23:41.001,17811,17811,17811,2,0
2024-01-22 15:23:41.001,17811,17811,17811,2,0
2024-01-22 15:23:42.001,17811,17811,17811,2,0
2024-01-22 15:23:42.001,17811,17811,17811,2,0
2024-01-22 15:23:42.001,17811,17811,17811,2,0
2024-01-22 15:23:42.001,17811,17811,17811,2,0
2024-01-22 15:23:42.001,17811,17811,17811,4,0
2024-01-22 15:23:43.001,17811,17811,17811,2,0
2024-01-22 15:23:48.001,17810,17810,17810,4,-4
2024-01-22 15:23:49.001,17811,17811,17811,2,2
2024-01-22 15:23:54.001,17810,17810,17810,2,-2
2024-01-22 15:23:59.001,17810,17810,17810,2,0
2024-01-22 15:24:00.001,17811,17811,17811,2,2
2024-01-22 15:24:00.001,17811,17811,17811,2,0
2024-01-22 15:24:01.001,17811,17811,17811,2,0
2024-01-22 15:24:02.001,17811,17811,17811,2,0
2024-01-22 15:24:05.001,17811,17811,17811,6,0
2024-01-22 15:24:10.001,17811,17811,17811,2,0
2024-01-22 15:24:11.001,17811,17811,17811,4,0
2024-01-22 15:24:11.001,17810,17810,17810,4,-4
2024-01-22 15:24:11.001,17810,17810,17810,2,0
2024-01-22 15:24:11.001,17810,17810,17810,2,0
2024-01-22 15:24:11.001,17810,17810,17810,2,0
2024-01-22 15:24:11.001,17810,17810,17810,4,0
2024-01-22 15:24:11.001,17810,17810,17810,4,0
2024-01-22 15:24:11.001,17810,17810,17810,2,0
2024-01-22 15:24:11.001,17810,17810,17810,6,0
2024-01-22 15:24:11.001,17810,17810,17810,2,0
2024-01-22 15:24:11.001,17810,17810,17810,2,0
2024-01-22 15:24:11.001,17810,17810,17810,2,0
2024-01-22 15:24:11.001,17810,17810,17810,4,0
2024-01-22 15:24:11.001,17810,17810,17810,2,0
2024-01-22 15:24:11.001,17810,17810,17810,2,0
2024-01-22 15:24:11.001,17809,17809,17809,2,-2
2024-01-22 15:24:16.001,17810,17810,17810,2,2
2024-01-22 15:24:17.001,17809,17809,17809,2,-2
2024-01-22 15:24:25.001,17809,17809,17809,2,0
2024-01-22 15:24:29.001,17809,17809,17809,4,0
2024-01-22 15:24:29.001,17809,17809,17809,2,0
2024-01-22 15:24:35.001,17808,17808,17808,2,-2
2024-01-22 15:24:36.001,17809,17809,17809,2,2
2024-01-22 15:24:40.001,17809,17809,17809,2,0
2024-01-22 15:24:40.001,17810,17810,17810,4,4
2024-01-22 15:24:43.001,17809,17809,17809,2,-2
2024-01-22 15:24:43.001,17809,17809,17809,2,0
2024-01-22 15:24:53.001,17809,17809,17809,2,0
2024-01-22 15:24:58.001,17810,17810,17810,2,2
2024-01-22 15:25:00.001,17810,17810,17810,10,0
2024-01-22 15:25:11.001,17808,17808,17808,2,-2
2024-01-22 15:25:18.001,17809,17809,17809,2,2
2024-01-22 15:25:27.001,17808,17808,17808,2,-2
2024-01-22 15:25:29.001,17808,17808,17808,2,0
2024-01-22 15:25:31.001,17809,17809,17809,2,2
2024-01-22 15:25:31.001,17809,17809,17809,2,0
2024-01-22 15:25:31.001,17810,17810,17810,4,4
2024-01-22 15:25:40.001,17810,17810,17810,6,0
2024-01-22 15:25:40.001,17810,17810,17810,6,0
2024-01-22 15:25:46.001,17810,17810,17810,2,0
2024-01-22 15:25:47.001,17810,17810,17810,2,0
2024-01-22 15:25:53.001,17810,17810,17810,4,0
2024-01-22 15:26:05.001,17809,17809,17809,2,-2
2024-01-22 15:26:05.001,17810,17810,17810,2,2
2024-01-22 15:26:11.001,17810,17810,17810,2,0
2024-01-22 15:26:17.001,17809,17809,17809,2,-2
2024-01-22 15:26:17.001,17809,17809,17809,2,0
2024-01-22 15:26:18.001,17810,17810,17810,2,2
2024-01-22 15:26:23.001,17809,17809,17809,2,-2
2024-01-22 15:26:30.001,17808,17808,17808,2,-2
2024-01-22 15:26:30.001,17808,17808,17808,2,0
2024-01-22 15:26:30.001,17808,17808,17808,2,0
2024-01-22 15:26:33.001,17810,17810,17810,6,6
2024-01-22 15:26:38.001,17808,17808,17808,2,-2
2024-01-22 15:26:41.001,17808,17808,17808,2,0
2024-01-22 15:26:44.001,17810,17810,17810,6,6
2024-01-22 15:26:45.001,17810,17810,17810,8,0
2024-01-22 15:26:48.001,17810,17810,17810,2,0
2024-01-22 15:26:49.001,17810,17810,17810,2,0
2024-01-22 15:26:59.001,17809,17809,17809,2,-2
2024-01-22 15:27:01.001,17810,17810,17810,2,2
2024-01-22 15:27:09.001,17808,17808,17808,2,-2
2024-01-22 15:27:16.001,17808,17808,17808,2,0
2024-01-22 15:27:17.001,17808,17808,17808,2,0
2024-01-22 15:27:19.001,17808,17808,17808,2,0
2024-01-22 15:27:20.001,17809,17809,17809,4,4
2024-01-22 15:27:31.001,17809,17809,17809,2,0
2024-01-22 15:27:31.001,17809,17809,17809,2,0
2024-01-22 15:27:35.001,17809,17809,17809,2,0
2024-01-22 15:27:36.001,17810,17810,17810,2,2
2024-01-22 15:27:36.001,17810,17810,17810,12,0
2024-01-22 15:27:36.001,17810,17810,17810,4,0
2024-01-22 15:27:37.001,17811,17811,17811,4,4
2024-01-22 15:27:52.001,17810,17810,17810,2,-2
2024-01-22 15:27:52.001,17810,17810,17810,2,0
2024-01-22 15:27:52.001,17810,17810,17810,2,0
2024-01-22 15:27:53.001,17809,17809,17809,2,-2
2024-01-22 15:28:04.001,17810,17810,17810,2,2
2024-01-22 15:28:11.001,17809,17809,17809,2,-2
2024-01-22 15:28:13.001,17811,17811,17811,18,18
2024-01-22 15:28:20.001,17812,17812,17812,12,12
2024-01-22 15:28:21.001,17812,17812,17812,2,0
2024-01-22 15:28:26.001,17812,17812,17812,2,0
2024-01-22 15:28:30.001,17812,17812,17812,2,0
2024-01-22 15:28:33.001,17813,17813,17813,6,6
2024-01-22 15:28:38.001,17813,17813,17813,2,0
2024-01-22 15:28:38.001,17813,17813,17813,12,0
2024-01-22 15:28:47.001,17813,17813,17813,2,0
2024-01-22 15:28:50.001,17813,17813,17813,2,0
2024-01-22 15:28:53.001,17813,17813,17813,2,0
2024-01-22 15:28:55.001,17812,17812,17812,2,-2
2024-01-22 15:28:55.001,17812,17812,17812,2,0
2024-01-22 15:28:55.001,17812,17812,17812,4,0
2024-01-22 15:29:00.001,17813,17813,17813,4,4
2024-01-22 15:29:10.001,17813,17813,17813,2,0
2024-01-22 15:29:12.001,17812,17812,17812,2,-2
2024-01-22 15:29:12.001,17812,17812,17812,2,0
2024-01-22 15:29:12.001,17812,17812,17812,2,0
2024-01-22 15:29:12.001,17812,17812,17812,2,0
2024-01-22 15:29:17.001,17813,17813,17813,2,2
2024-01-22 15:29:20.001,17813,17813,17813,16,0
2024-01-22 15:29:21.001,17813,17813,17813,2,0
2024-01-22 15:29:32.001,17813,17813,17813,2,0
2024-01-22 15:29:34.001,17812,17812,17812,2,-2
2024-01-22 15:29:36.001,17812,17812,17812,2,0
2024-01-22 15:29:36.001,17812,17812,17812,2,0
2024-01-22 15:29:37.001,17811,17811,17811,2,-2
2024-01-22 15:29:44.001,17812,17812,17812,2,2
2024-01-22 15:29:45.001,17812,17812,17812,2,0
2024-01-22 15:29:49.001,17812,17812,17812,2,0
2024-01-22 15:29:51.001,17813,17813,17813,10,10
2024-01-22 15:29:52.001,17812,17812,17812,2,-2
2024-01-22 15:29:52.001,17812,17812,17812,2,0
2024-01-22 15:30:01.001,17812,17812,17812,2,0
2024-01-22 15:30:02.001,17812,17812,17812,2,0
2024-01-22 15:30:02.001,17812,17812,17812,2,0
2024-01-22 15:30:02.001,17812,17812,17812,2,0
2024-01-22 15:30:02.001,17812,17812,17812,2,0
2024-01-22 15:30:02.001,17812,17812,17812,2,0
2024-01-22 15:30:19.001,17812,17812,17812,4,0
2024-01-22 15:30:19.001,17812,17812,17812,8,0
2024-01-22 15:30:22.001,17812,17812,17812,2,0
2024-01-22 15:30:32.001,17812,17812,17812,2,0
2024-01-22 15:30:48.001,17811,17811,17811,2,-2
2024-01-22 15:30:48.001,17811,17811,17811,2,0
2024-01-22 15:30:55.001,17811,17811,17811,2,0
2024-01-22 15:30:57.001,17812,17812,17812,6,6
2024-01-22 15:31:08.001,17813,17813,17813,4,4
2024-01-22 15:31:08.001,17813,17813,17813,2,0
2024-01-22 15:31:08.001,17813,17813,17813,12,0
2024-01-22 15:31:08.001,17813,17813,17813,2,0
2024-01-22 15:31:08.001,17813,17813,17813,2,0
2024-01-22 15:31:20.001,17814,17814,17814,8,8
2024-01-22 15:31:27.001,17814,17814,17814,2,0
2024-01-22 15:31:27.001,17814,17814,17814,2,0
2024-01-22 15:31:30.001,17814,17814,17814,4,0
2024-01-22 15:31:30.001,17814,17814,17814,2,0
2024-01-22 15:31:32.001,17813,17813,17813,2,-2
2024-01-22 15:31:32.001,17813,17813,17813,2,0
2024-01-22 15:31:34.001,17814,17814,17814,24,24
2024-01-22 15:31:40.001,17814,17814,17814,2,0
2024-01-22 15:31:40.001,17815,17815,17815,4,4
2024-01-22 15:31:40.001,17815,17815,17815,2,0
2024-01-22 15:31:46.001,17814,17814,17814,2,-2
2024-01-22 15:31:47.001,17815,17815,17815,2,2
2024-01-22 15:32:02.001,17815,17815,17815,6,0
2024-01-22 15:32:02.001,17815,17815,17815,2,0
2024-01-22 15:32:03.001,17814,17814,17814,2,-2
2024-01-22 15:32:14.001,17814,17814,17814,2,0
2024-01-22 15:32:21.001,17815,17815,17815,116,116
2024-01-22 15:32:21.001,17815,17815,17815,12,0
2024-01-22 15:32:21.001,17815,17815,17815,6,0
2024-01-22 15:32:21.001,17815,17815,17815,2,0
2024-01-22 15:32:21.001,17815,17815,17815,12,0
2024-01-22 15:32:21.001,17815,17815,17815,4,0
2024-01-22 15:32:21.001,17815,17815,17815,8,0
2024-01-22 15:32:21.001,17815,17815,17815,4,0
2024-01-22 15:32:21.001,17815,17815,17815,4,0
2024-01-22 15:32:21.001,17815,17815,17815,2,0
2024-01-22 15:32:21.001,17815,17815,17815,2,0
2024-01-22 15:32:21.001,17815,17815,17815,2,0
2024-01-22 15:32:21.001,17815,17815,17815,8,0
2024-01-22 15:32:21.001,17815,17815,17815,28,0
2024-01-22 15:32:21.001,17816,17816,17816,2,2
2024-01-22 15:32:21.001,17816,17816,17816,4,0
2024-01-22 15:32:21.001,17816,17816,17816,18,0
2024-01-22 15:32:21.001,17817,17817,17817,22,22
2024-01-22 15:32:21.001,17817,17817,17817,2,0
2024-01-22 15:32:21.001,17818,17818,17818,16,16
2024-01-22 15:32:21.001,17818,17818,17818,8,0
2024-01-22 15:32:21.001,17818,17818,17818,28,0
2024-01-22 15:32:21.001,17819,17819,17819,2,2
2024-01-22 15:32:21.001,17819,17819,17819,2,0
2024-01-22 15:32:21.001,17819,17819,17819,30,0
2024-01-22 15:32:21.001,17820,17820,17820,8,8
2024-01-22 15:32:21.001,17820,17820,17820,2,0
2024-01-22 15:32:21.001,17820,17820,17820,8,0
2024-01-22 15:32:21.001,17820,17820,17820,2,0
2024-01-22 15:32:21.001,17820,17820,17820,2,0
2024-01-22 15:32:21.001,17820,17820,17820,2,0
2024-01-22 15:32:21.001,17819,17819,17819,2,-2
2024-01-22 15:32:21.001,17820,17820,17820,2,2
2024-01-22 15:32:21.001,17820,17820,17820,2,0
2024-01-22 15:32:21.001,17820,17820,17820,2,0
2024-01-22 15:32:21.001,17820,17820,17820,2,0
2024-01-22 15:32:21.001,17820,17820,17820,8,0
2024-01-22 15:32:21.001,17820,17820,17820,2,0
2024-01-22 15:32:21.001,17820,17820,17820,4,0
2024-01-22 15:32:21.001,17820,17820,17820,6,0
2024-01-22 15:32:21.001,17820,17820,17820,2,0
2024-01-22 15:32:21.001,17820,17820,17820,4,0
2024-01-22 15:32:21.001,17820,17820,17820,2,0
2024-01-22 15:32:21.001,17820,17820,17820,2,0
2024-01-22 15:32:21.001,17820,17820,17820,10,0
2024-01-22 15:32:21.001,17821,17821,17821,2,2
2024-01-22 15:32:21.001,17821,17821,17821,4,0
2024-01-22 15:32:21.001,17821,17821,17821,2,0
2024-01-22 15:32:21.001,17820,17820,17820,2,-2
2024-01-22 15:32:21.001,17820,17820,17820,4,0
2024-01-22 15:32:21.001,17820,17820,17820,4,0
2024-01-22 15:32:22.001,17819,17819,17819,2,-2
2024-01-22 15:32:24.001,17819,17819,17819,2,0
2024-01-22 15:32:24.001,17818,17818,17818,2,-2
2024-01-22 15:32:25.001,17818,17818,17818,2,0
2024-01-22 15:32:25.001,17818,17818,17818,2,0
2024-01-22 15:32:29.001,17818,17818,17818,4,0
2024-01-22 15:32:29.001,17818,17818,17818,4,0
2024-01-22 15:32:29.001,17818,17818,17818,2,0
2024-01-22 15:32:29.001,17818,17818,17818,2,0
2024-01-22 15:32:29.001,17818,17818,17818,2,0
2024-01-22 15:32:29.001,17817,17817,17817,2,-2
2024-01-22 15:32:29.001,17817,17817,17817,6,0
2024-01-22 15:32:31.001,17817,17817,17817,2,0
2024-01-22 15:32:31.001,17817,17817,17817,2,0
2024-01-22 15:32:36.001,17817,17817,17817,12,0
2024-01-22 15:32:38.001,17816,17816,17816,4,-4
2024-01-22 15:32:39.001,17816,17816,17816,6,0
2024-01-22 15:32:39.001,17816,17816,17816,2,0
2024-01-22 15:32:39.001,17816,17816,17816,2,0
2024-01-22 15:32:39.001,17815,17815,17815,2,-2
2024-01-22 15:32:41.001,17815,17815,17815,2,0
2024-01-22 15:32:43.001,17815,17815,17815,2,0
2024-01-22 15:32:49.001,17816,17816,17816,8,8
2024-01-22 15:32:49.001,17817,17817,17817,8,8
2024-01-22 15:32:52.001,17816,17816,17816,4,-4
2024-01-22 15:32:52.001,17816,17816,17816,2,0
2024-01-22 15:32:52.001,17815,17815,17815,4,-4
2024-01-22 15:32:58.001,17815,17815,17815,2,0
2024-01-22 15:33:05.001,17815,17815,17815,2,0
2024-01-22 15:33:06.001,17815,17815,17815,2,0
2024-01-22 15:33:06.001,17815,17815,17815,2,0
2024-01-22 15:33:08.001,17815,17815,17815,2,0
2024-01-22 15:33:08.001,17815,17815,17815,4,0
2024-01-22 15:33:08.001,17815,17815,17815,6,0
2024-01-22 15:33:08.001,17815,17815,17815,2,0
2024-01-22 15:33:08.001,17815,17815,17815,2,0
2024-01-22 15:33:08.001,17815,17815,17815,2,0
2024-01-22 15:33:08.001,17815,17815,17815,2,0
2024-01-22 15:33:08.001,17815,17815,17815,8,0
2024-01-22 15:33:08.001,17815,17815,17815,2,0
2024-01-22 15:33:08.001,17815,17815,17815,4,0
2024-01-22 15:33:08.001,17815,17815,17815,2,0
2024-01-22 15:33:08.001,17814,17814,17814,2,-2
2024-01-22 15:33:08.001,17815,17815,17815,4,4
2024-01-22 15:33:11.001,17815,17815,17815,6,0
2024-01-22 15:33:12.001,17814,17814,17814,2,-2
2024-01-22 15:33:12.001,17815,17815,17815,2,2
2024-01-22 15:33:12.001,17814,17814,17814,2,-2
2024-01-22 15:33:12.001,17814,17814,17814,2,0
2024-01-22 15:33:12.001,17814,17814,17814,2,0
2024-01-22 15:33:14.001,17814,17814,17814,2,0
2024-01-22 15:33:14.001,17814,17814,17814,2,0
2024-01-22 15:33:14.001,17814,17814,17814,2,0
2024-01-22 15:33:24.001,17813,17813,17813,2,-2
2024-01-22 15:33:24.001,17813,17813,17813,4,0
2024-01-22 15:33:24.001,17812,17812,17812,2,-2
2024-01-22 15:33:24.001,17811,17811,17811,2,-2
2024-01-22 15:33:24.001,17811,17811,17811,2,0
2024-01-22 15:33:26.001,17811,17811,17811,2,0
2024-01-22 15:33:30.001,17812,17812,17812,2,2
2024-01-22 15:33:38.001,17812,17812,17812,2,0
2024-01-22 15:33:38.001,17812,17812,17812,2,0
2024-01-22 15:33:38.001,17812,17812,17812,2,0
2024-01-22 15:33:39.001,17812,17812,17812,2,0
2024-01-22 15:33:40.001,17812,17812,17812,30,0
2024-01-22 15:33:40.001,17811,17811,17811,2,-2
2024-01-22 15:33:42.001,17813,17813,17813,6,6
2024-01-22 15:33:42.001,17811,17811,17811,2,-2
2024-01-22 15:33:43.001,17811,17811,17811,2,0
2024-01-22 15:33:43.001,17811,17811,17811,2,0
2024-01-22 15:33:43.001,17811,17811,17811,2,0
2024-01-22 15:33:46.001,17811,17811,17811,2,0
2024-01-22 15:33:47.001,17811,17811,17811,2,0
2024-01-22 15:33:47.001,17811,17811,17811,2,0
2024-01-22 15:33:48.001,17811,17811,17811,2,0
2024-01-22 15:33:58.001,17810,17810,17810,2,-2
2024-01-22 15:33:58.001,17810,17810,17810,2,0
2024-01-22 15:34:03.001,17811,17811,17811,2,2
2024-01-22 15:34:05.001,17810,17810,17810,2,-2
2024-01-22 15:34:07.001,17810,17810,17810,2,0
2024-01-22 15:34:14.001,17810,17810,17810,2,0
2024-01-22 15:34:17.001,17810,17810,17810,2,0
2024-01-22 15:34:21.001,17810,17810,17810,2,0
2024-01-22 15:34:29.001,17809,17809,17809,2,-2
2024-01-22 15:34:29.001,17809,17809,17809,2,0
2024-01-22 15:34:29.001,17809,17809,17809,2,0
2024-01-22 15:34:29.001,17809,17809,17809,2,0
2024-01-22 15:34:29.001,17809,17809,17809,2,0
2024-01-22 15:34:29.001,17809,17809,17809,2,0
2024-01-22 15:34:33.001,17809,17809,17809,2,0
2024-01-22 15:34:39.001,17810,17810,17810,2,2
2024-01-22 15:34:40.001,17809,17809,17809,2,-2
2024-01-22 15:34:40.001,17809,17809,17809,2,0
2024-01-22 15:34:40.001,17809,17809,17809,4,0
2024-01-22 15:34:41.001,17810,17810,17810,4,4
2024-01-22 15:34:41.001,17809,17809,17809,2,-2
2024-01-22 15:34:41.001,17809,17809,17809,2,0
2024-01-22 15:34:41.001,17809,17809,17809,2,0
2024-01-22 15:34:42.001,17810,17810,17810,2,2
2024-01-22 15:34:57.001,17809,17809,17809,4,-4
2024-01-22 15:34:58.001,17809,17809,17809,2,0
2024-01-22 15:35:03.001,17809,17809,17809,2,0
2024-01-22 15:35:08.001,17809,17809,17809,2,0
2024-01-22 15:35:13.001,17809,17809,17809,2,0
2024-01-22 15:35:19.001,17809,17809,17809,2,0
2024-01-22 15:35:22.001,17808,17808,17808,2,-2
2024-01-22 15:35:25.001,17808,17808,17808,2,0
2024-01-22 15:35:25.001,17808,17808,17808,2,0
2024-01-22 15:35:27.001,17808,17808,17808,2,0
2024-01-22 15:35:27.001,17809,17809,17809,2,2
2024-01-22 15:35:27.001,17809,17809,17809,2,0
2024-01-22 15:35:27.001,17809,17809,17809,2,0
2024-01-22 15:35:27.001,17809,17809,17809,4,0
2024-01-22 15:35:27.001,17809,17809,17809,4,0
2024-01-22 15:35:27.001,17809,17809,17809,2,0
2024-01-22 15:35:29.001,17809,17809,17809,2,0
2024-01-22 15:35:29.001,17809,17809,17809,2,0
2024-01-22 15:35:29.001,17809,17809,17809,2,0
2024-01-22 15:35:33.001,17809,17809,17809,2,0
2024-01-22 15:35:33.001,17809,17809,17809,2,0
2024-01-22 15:35:36.001,17810,17810,17810,4,4
2024-01-22 15:35:36.001,17810,17810,17810,2,0
2024-01-22 15:35:41.001,17809,17809,17809,2,-2
2024-01-22 15:35:43.001,17810,17810,17810,2,2
2024-01-22 15:35:55.001,17809,17809,17809,2,-2
2024-01-22 15:35:55.001,17810,17810,17810,20,20
2024-01-22 15:35:58.001,17810,17810,17810,2,0
2024-01-22 15:36:02.001,17809,17809,17809,2,-2
2024-01-22 15:36:11.001,17808,17808,17808,2,-2
2024-01-22 15:36:11.001,17808,17808,17808,2,0
2024-01-22 15:36:11.001,17808,17808,17808,2,0
2024-01-22 15:36:11.001,17808,17808,17808,2,0
2024-01-22 15:36:11.001,17808,17808,17808,2,0
2024-01-22 15:36:11.001,17808,17808,17808,4,0
2024-01-22 15:36:11.001,17808,17808,17808,4,0
2024-01-22 15:36:11.001,17808,17808,17808,2,0
2024-01-22 15:36:11.001,17808,17808,17808,2,0
2024-01-22 15:36:11.001,17808,17808,17808,2,0
2024-01-22 15:36:11.001,17808,17808,17808,2,0
2024-01-22 15:36:11.001,17808,17808,17808,2,0
2024-01-22 15:36:11.001,17807,17807,17807,2,-2
2024-01-22 15:36:11.001,17807,17807,17807,2,0
2024-01-22 15:36:11.001,17807,17807,17807,2,0
2024-01-22 15:36:11.001,17807,17807,17807,10,0
2024-01-22 15:36:11.001,17807,17807,17807,2,0
2024-01-22 15:36:11.001,17807,17807,17807,2,0
2024-01-22 15:36:11.001,17807,17807,17807,2,0
2024-01-22 15:36:11.001,17807,17807,17807,2,0
2024-01-22 15:36:11.001,17806,17806,17806,2,-2
2024-01-22 15:36:11.001,17806,17806,17806,2,0
2024-01-22 15:36:11.001,17806,17806,17806,2,0
2024-01-22 15:36:11.001,17806,17806,17806,2,0
2024-01-22 15:36:11.001,17806,17806,17806,2,0
2024-01-22 15:36:11.001,17806,17806,17806,2,0
2024-01-22 15:36:11.001,17806,17806,17806,4,0
2024-01-22 15:36:11.001,17806,17806,17806,4,0
2024-01-22 15:36:11.001,17807,17807,17807,8,8
2024-01-22 15:36:11.001,17806,17806,17806,2,-2
2024-01-22 15:36:17.001,17806,17806,17806,2,0
2024-01-22 15:36:18.001,17806,17806,17806,2,0
2024-01-22 15:36:18.001,17806,17806,17806,2,0
2024-01-22 15:36:18.001,17806,17806,17806,2,0
2024-01-22 15:36:18.001,17806,17806,17806,6,0
2024-01-22 15:36:21.001,17806,17806,17806,2,0
2024-01-22 15:36:25.001,17806,17806,17806,2,0
2024-01-22 15:36:25.001,17806,17806,17806,2,0
2024-01-22 15:36:30.001,17806,17806,17806,2,0
2024-01-22 15:36:31.001,17806,17806,17806,2,0
2024-01-22 15:36:31.001,17806,17806,17806,4,0
2024-01-22 15:36:31.001,17806,17806,17806,2,0
2024-01-22 15:36:31.001,17806,17806,17806,2,0
2024-01-22 15:36:31.001,17806,17806,17806,2,0
2024-01-22 15:36:31.001,17806,17806,17806,2,0
2024-01-22 15:36:36.001,17805,17805,17805,2,-2
2024-01-22 15:36:36.001,17805,17805,17805,2,0
2024-01-22 15:36:36.001,17805,17805,17805,4,0
2024-01-22 15:36:36.001,17805,17805,17805,2,0
2024-01-22 15:36:36.001,17805,17805,17805,2,0
2024-01-22 15:36:37.001,17805,17805,17805,2,0
2024-01-22 15:36:37.001,17805,17805,17805,6,0
2024-01-22 15:36:37.001,17805,17805,17805,2,0
2024-01-22 15:36:37.001,17805,17805,17805,2,0
2024-01-22 15:36:37.001,17805,17805,17805,2,0
2024-01-22 15:36:37.001,17805,17805,17805,2,0
2024-01-22 15:36:37.001,17805,17805,17805,4,0
2024-01-22 15:36:37.001,17805,17805,17805,2,0
2024-01-22 15:36:37.001,17805,17805,17805,2,0
2024-01-22 15:36:37.001,17804,17804,17804,2,-2
2024-01-22 15:36:37.001,17804,17804,17804,2,0
2024-01-22 15:36:37.001,17804,17804,17804,2,0
2024-01-22 15:36:37.001,17804,17804,17804,2,0
2024-01-22 15:36:38.001,17804,17804,17804,4,0
2024-01-22 15:36:43.001,17804,17804,17804,6,0
2024-01-22 15:36:44.001,17803,17803,17803,4,-4
2024-01-22 15:36:44.001,17803,17803,17803,2,0
2024-01-22 15:36:44.001,17803,17803,17803,2,0
2024-01-22 15:36:45.001,17803,17803,17803,6,0
2024-01-22 15:36:46.001,17803,17803,17803,2,0
2024-01-22 15:36:47.001,17803,17803,17803,2,0
2024-01-22 15:36:47.001,17803,17803,17803,2,0
2024-01-22 15:36:49.001,17803,17803,17803,2,0
2024-01-22 15:36:50.001,17803,17803,17803,2,0
2024-01-22 15:36:50.001,17803,17803,17803,2,0
2024-01-22 15:36:50.001,17803,17803,17803,2,0
2024-01-22 15:36:50.001,17803,17803,17803,2,0
2024-01-22 15:36:53.001,17803,17803,17803,2,0
2024-01-22 15:36:53.001,17803,17803,17803,2,0
2024-01-22 15:36:55.001,17804,17804,17804,2,2
2024-01-22 15:37:05.001,17804,17804,17804,2,0
2024-01-22 15:37:05.001,17804,17804,17804,6,0
2024-01-22 15:37:05.001,17804,17804,17804,2,0
2024-01-22 15:37:09.001,17804,17804,17804,2,0
2024-01-22 15:37:10.001,17804,17804,17804,2,0
2024-01-22 15:37:10.001,17804,17804,17804,2,0
2024-01-22 15:37:14.001,17804,17804,17804,2,0
2024-01-22 15:37:15.001,17804,17804,17804,2,0
2024-01-22 15:37:24.001,17803,17803,17803,2,-2
2024-01-22 15:37:28.001,17803,17803,17803,2,0
2024-01-22 15:37:35.001,17803,17803,17803,2,0
2024-01-22 15:37:35.001,17803,17803,17803,6,0
2024-01-22 15:37:41.001,17804,17804,17804,14,14
2024-01-22 15:37:49.001,17805,17805,17805,2,2
2024-01-22 15:37:57.001,17805,17805,17805,2,0
2024-01-22 15:38:03.001,17804,17804,17804,2,-2
2024-01-22 15:38:03.001,17805,17805,17805,2,2
2024-01-22 15:38:04.001,17804,17804,17804,2,-2
2024-01-22 15:38:05.001,17805,17805,17805,2,2
2024-01-22 15:38:09.001,17804,17804,17804,2,-2
2024-01-22 15:38:09.001,17804,17804,17804,2,0
2024-01-22 15:38:09.001,17804,17804,17804,2,0
2024-01-22 15:38:09.001,17804,17804,17804,2,0
2024-01-22 15:38:10.001,17804,17804,17804,2,0
2024-01-22 15:38:10.001,17804,17804,17804,2,0
2024-01-22 15:38:12.001,17804,17804,17804,2,0
2024-01-22 15:38:12.001,17804,17804,17804,2,0
2024-01-22 15:38:16.001,17804,17804,17804,2,0
2024-01-22 15:38:20.001,17803,17803,17803,2,-2
2024-01-22 15:38:20.001,17803,17803,17803,2,0
2024-01-22 15:38:20.001,17803,17803,17803,2,0
2024-01-22 15:38:20.001,17803,17803,17803,2,0
2024-01-22 15:38:20.001,17803,17803,17803,2,0
2024-01-22 15:38:20.001,17803,17803,17803,2,0
2024-01-22 15:38:20.001,17803,17803,17803,2,0
2024-01-22 15:38:20.001,17803,17803,17803,2,0
2024-01-22 15:38:20.001,17803,17803,17803,2,0
2024-01-22 15:38:20.001,17802,17802,17802,2,-2
2024-01-22 15:38:21.001,17802,17802,17802,2,0
2024-01-22 15:38:21.001,17802,17802,17802,2,0
2024-01-22 15:38:21.001,17802,17802,17802,2,0
2024-01-22 15:38:21.001,17802,17802,17802,2,0
2024-01-22 15:38:21.001,17802,17802,17802,4,0
2024-01-22 15:38:24.001,17802,17802,17802,2,0
2024-01-22 15:38:26.001,17802,17802,17802,4,0
2024-01-22 15:38:26.001,17802,17802,17802,4,0
2024-01-22 15:38:26.001,17802,17802,17802,2,0
2024-01-22 15:38:27.001,17802,17802,17802,2,0
2024-01-22 15:38:28.001,17802,17802,17802,2,0
2024-01-22 15:38:28.001,17802,17802,17802,2,0
2024-01-22 15:38:30.001,17802,17802,17802,2,0
2024-01-22 15:38:30.001,17802,17802,17802,2,0
2024-01-22 15:38:31.001,17802,17802,17802,2,0
2024-01-22 15:38:32.001,17802,17802,17802,2,0
2024-01-22 15:38:40.001,17802,17802,17802,2,0
2024-01-22 15:38:55.001,17802,17802,17802,2,0
2024-01-22 15:38:55.001,17802,17802,17802,2,0
2024-01-22 15:38:56.001,17802,17802,17802,2,0
2024-01-22 15:39:04.001,17802,17802,17802,4,0
2024-01-22 15:39:05.001,17803,17803,17803,2,2
2024-01-22 15:39:06.001,17803,17803,17803,2,0
2024-01-22 15:39:09.001,17802,17802,17802,2,-2
2024-01-22 15:39:09.001,17802,17802,17802,2,0
2024-01-22 15:39:09.001,17802,17802,17802,2,0
2024-01-22 15:39:09.001,17802,17802,17802,2,0
2024-01-22 15:39:09.001,17802,17802,17802,2,0
2024-01-22 15:39:10.001,17801,17801,17801,2,-2
2024-01-22 15:39:10.001,17801,17801,17801,2,0
2024-01-22 15:39:10.001,17801,17801,17801,2,0
2024-01-22 15:39:10.001,17801,17801,17801,2,0
2024-01-22 15:39:10.001,17801,17801,17801,4,0
2024-01-22 15:39:10.001,17801,17801,17801,2,0
2024-01-22 15:39:10.001,17801,17801,17801,2,0
2024-01-22 15:39:10.001,17801,17801,17801,2,0
2024-01-22 15:39:10.001,17801,17801,17801,2,0
2024-01-22 15:39:10.001,17801,17801,17801,4,0
2024-01-22 15:39:16.001,17800,17800,17800,2,-2
2024-01-22 15:39:17.001,17800,17800,17800,4,0
2024-01-22 15:39:17.001,17800,17800,17800,2,0
2024-01-22 15:39:17.001,17800,17800,17800,4,0
2024-01-22 15:39:18.001,17801,17801,17801,2,2
2024-01-22 15:39:25.001,17801,17801,17801,2,0
2024-01-22 15:39:28.001,17801,17801,17801,2,0
2024-01-22 15:39:28.001,17800,17800,17800,2,-2
2024-01-22 15:39:28.001,17800,17800,17800,2,0
2024-01-22 15:39:28.001,17800,17800,17800,2,0
2024-01-22 15:39:28.001,17800,17800,17800,2,0
2024-01-22 15:39:28.001,17800,17800,17800,2,0
2024-01-22 15:39:31.001,17801,17801,17801,2,2
2024-01-22 15:39:31.001,17801,17801,17801,2,0
2024-01-22 15:39:31.001,17800,17800,17800,2,-2
2024-01-22 15:39:31.001,17801,17801,17801,2,2
2024-01-22 15:39:31.001,17801,17801,17801,6,0
2024-01-22 15:39:32.001,17801,17801,17801,2,0
2024-01-22 15:39:36.001,17801,17801,17801,2,0
2024-01-22 15:39:36.001,17801,17801,17801,2,0
2024-01-22 15:39:37.001,17800,17800,17800,2,-2
2024-01-22 15:39:37.001,17800,17800,17800,2,0
2024-01-22 15:39:38.001,17800,17800,17800,2,0
2024-01-22 15:39:38.001,17800,17800,17800,2,0
2024-01-22 15:39:38.001,17800,17800,17800,2,0
2024-01-22 15:39:38.001,17800,17800,17800,2,0
2024-01-22 15:39:38.001,17800,17800,17800,4,0
2024-01-22 15:39:41.001,17800,17800,17800,2,0
2024-01-22 15:39:44.001,17800,17800,17800,2,0
2024-01-22 15:39:47.001,17800,17800,17800,2,0
2024-01-22 15:39:51.001,17800,17800,17800,4,0
2024-01-22 15:39:54.001,17800,17800,17800,2,0
2024-01-22 15:39:54.001,17801,17801,17801,4,4
2024-01-22 15:39:58.001,17802,17802,17802,16,16
2024-01-22 15:39:58.001,17802,17802,17802,4,0
2024-01-22 15:39:59.001,17801,17801,17801,4,-4
2024-01-22 15:39:59.001,17801,17801,17801,4,0
2024-01-22 15:40:01.001,17801,17801,17801,2,0
2024-01-22 15:40:01.001,17801,17801,17801,6,0
2024-01-22 15:40:03.001,17801,17801,17801,2,0
2024-01-22 15:40:09.001,17802,17802,17802,2,2
2024-01-22 15:40:09.001,17801,17801,17801,2,-2
2024-01-22 15:40:13.001,17801,17801,17801,2,0
2024-01-22 15:40:14.001,17802,17802,17802,2,2
2024-01-22 15:40:15.001,17802,17802,17802,2,0
2024-01-22 15:40:15.001,17801,17801,17801,2,-2
2024-01-22 15:40:19.001,17802,17802,17802,6,6
2024-01-22 15:40:21.001,17802,17802,17802,2,0
2024-01-22 15:40:23.001,17802,17802,17802,4,0
2024-01-22 15:40:23.001,17802,17802,17802,2,0
2024-01-22 15:40:23.001,17802,17802,17802,2,0
2024-01-22 15:40:23.001,17802,17802,17802,44,0
2024-01-22 15:40:23.001,17802,17802,17802,2,0
2024-01-22 15:40:23.001,17802,17802,17802,2,0
2024-01-22 15:40:23.001,17802,17802,17802,2,0
2024-01-22 15:40:23.001,17802,17802,17802,4,0
2024-01-22 15:40:25.001,17803,17803,17803,4,4
2024-01-22 15:40:26.001,17803,17803,17803,2,0
2024-01-22 15:40:27.001,17803,17803,17803,2,0
2024-01-22 15:40:27.001,17804,17804,17804,6,6
2024-01-22 15:40:28.001,17803,17803,17803,2,-2
2024-01-22 15:40:35.001,17802,17802,17802,2,-2
2024-01-22 15:40:49.001,17804,17804,17804,2,2
2024-01-22 15:40:49.001,17804,17804,17804,2,0
2024-01-22 15:40:55.001,17805,17805,17805,6,6
2024-01-22 15:40:55.001,17805,17805,17805,2,0
2024-01-22 15:40:58.001,17805,17805,17805,2,0
2024-01-22 15:41:00.001,17805,17805,17805,4,0
2024-01-22 15:41:01.001,17805,17805,17805,2,0
2024-01-22 15:41:01.001,17804,17804,17804,2,-2
2024-01-22 15:41:11.001,17805,17805,17805,2,2
2024-01-22 15:41:11.001,17806,17806,17806,2,2
2024-01-22 15:41:13.001,17805,17805,17805,2,-2
2024-01-22 15:41:15.001,17805,17805,17805,2,0
2024-01-22 15:41:22.001,17804,17804,17804,2,-2
2024-01-22 15:41:22.001,17804,17804,17804,2,0
2024-01-22 15:41:22.001,17804,17804,17804,2,0
2024-01-22 15:41:22.001,17804,17804,17804,6,0
2024-01-22 15:41:26.001,17805,17805,17805,2,2
2024-01-22 15:41:29.001,17805,17805,17805,2,0
2024-01-22 15:41:40.001,17804,17804,17804,4,-4
2024-01-22 15:41:40.001,17804,17804,17804,4,0
2024-01-22 15:41:40.001,17804,17804,17804,2,0
2024-01-22 15:41:40.001,17804,17804,17804,2,0
2024-01-22 15:41:40.001,17804,17804,17804,2,0
2024-01-22 15:41:40.001,17804,17804,17804,2,0
2024-01-22 15:41:40.001,17804,17804,17804,2,0
2024-01-22 15:41:40.001,17804,17804,17804,2,0
2024-01-22 15:41:48.001,17804,17804,17804,2,0
2024-01-22 15:41:59.001,17804,17804,17804,2,0
2024-01-22 15:42:09.001,17805,17805,17805,2,2
2024-01-22 15:42:13.001,17805,17805,17805,2,0
2024-01-22 15:42:19.001,17805,17805,17805,2,0
2024-01-22 15:42:19.001,17805,17805,17805,6,0
2024-01-22 15:42:27.001,17805,17805,17805,2,0
2024-01-22 15:42:35.001,17804,17804,17804,2,-2
2024-01-22 15:42:38.001,17804,17804,17804,2,0
2024-01-22 15:42:46.001,17804,17804,17804,4,0
2024-01-22 15:42:46.001,17804,17804,17804,6,0
2024-01-22 15:43:03.001,17803,17803,17803,4,-4
2024-01-22 15:43:06.001,17804,17804,17804,2,2
2024-01-22 15:43:06.001,17804,17804,17804,2,0
2024-01-22 15:43:06.001,17804,17804,17804,2,0
2024-01-22 15:43:07.001,17803,17803,17803,2,-2
2024-01-22 15:43:07.001,17803,17803,17803,2,0
2024-01-22 15:43:07.001,17803,17803,17803,2,0
2024-01-22 15:43:07.001,17803,17803,17803,2,0
2024-01-22 15:43:07.001,17803,17803,17803,10,0
2024-01-22 15:43:07.001,17803,17803,17803,2,0
2024-01-22 15:43:15.001,17802,17802,17802,2,-2
2024-01-22 15:43:18.001,17803,17803,17803,4,4
2024-01-22 15:43:25.001,17802,17802,17802,2,-2
2024-01-22 15:43:31.001,17802,17802,17802,2,0
2024-01-22 15:43:32.001,17803,17803,17803,2,2
2024-01-22 15:43:40.001,17802,17802,17802,2,-2
2024-01-22 15:43:58.001,17803,17803,17803,6,6
2024-01-22 15:44:00.001,17803,17803,17803,2,0
2024-01-22 15:44:01.001,17803,17803,17803,2,0
2024-01-22 15:44:04.001,17804,17804,17804,2,2
2024-01-22 15:44:05.001,17803,17803,17803,4,-4
2024-01-22 15:44:10.001,17803,17803,17803,2,0
2024-01-22 15:44:11.001,17803,17803,17803,2,0
2024-01-22 15:44:21.001,17803,17803,17803,2,0
2024-01-22 15:44:41.001,17803,17803,17803,4,0
2024-01-22 15:44:41.001,17803,17803,17803,4,0
2024-01-22 15:44:41.001,17803,17803,17803,2,0
2024-01-22 15:44:45.001,17804,17804,17804,2,2
2024-01-22 15:44:47.001,17804,17804,17804,4,0
2024-01-22 15:44:47.001,17804,17804,17804,4,0
2024-01-22 15:44:47.001,17804,17804,17804,2,0
2024-01-22 15:44:47.001,17804,17804,17804,2,0
2024-01-22 15:44:49.001,17804,17804,17804,4,0
2024-01-22 15:44:49.001,17804,17804,17804,2,0
2024-01-22 15:44:49.001,17804,17804,17804,2,0
2024-01-22 15:44:49.001,17804,17804,17804,4,0
2024-01-22 15:44:49.001,17803,17803,17803,2,-2
2024-01-22 15:44:51.001,17804,17804,17804,2,2
2024-01-22 15:44:51.001,17804,17804,17804,4,0
2024-01-22 15:44:51.001,17804,17804,17804,2,0
2024-01-22 15:44:59.001,17804,17804,17804,2,0
2024-01-22 15:45:00.001,17804,17804,17804,4,0
2024-01-22 15:45:09.001,17804,17804,17804,2,0
2024-01-22 15:45:10.001,17803,17803,17803,2,-2
2024-01-22 15:45:12.001,17804,17804,17804,8,8
2024-01-22 15:45:12.001,17803,17803,17803,2,-2
2024-01-22 15:45:14.001,17803,17803,17803,2,0
2024-01-22 15:45:15.001,17803,17803,17803,2,0
2024-01-22 15:45:20.001,17804,17804,17804,2,2
2024-01-22 15:45:24.001,17804,17804,17804,2,0
2024-01-22 15:45:31.001,17804,17804,17804,2,0
2024-01-22 15:45:38.001,17804,17804,17804,8,0
2024-01-22 15:45:39.001,17804,17804,17804,2,0
2024-01-22 15:45:40.001,17804,17804,17804,2,0
2024-01-22 15:45:40.001,17804,17804,17804,2,0
2024-01-22 15:45:58.001,17803,17803,17803,2,-2
2024-01-22 15:45:58.001,17803,17803,17803,2,0
2024-01-22 15:46:00.001,17804,17804,17804,2,2
2024-01-22 15:46:01.001,17803,17803,17803,2,-2
2024-01-22 15:46:02.001,17803,17803,17803,2,0
2024-01-22 15:46:02.001,17803,17803,17803,2,0
2024-01-22 15:46:02.001,17802,17802,17802,2,-2
2024-01-22 15:46:14.001,17803,17803,17803,2,2
2024-01-22 15:46:14.001,17803,17803,17803,2,0
2024-01-22 15:46:14.001,17803,17803,17803,4,0
2024-01-22 15:46:20.001,17804,17804,17804,2,2
2024-01-22 15:46:39.001,17803,17803,17803,4,-4
2024-01-22 15:46:41.001,17804,17804,17804,6,6
2024-01-22 15:46:52.001,17803,17803,17803,2,-2
2024-01-22 15:46:56.001,17803,17803,17803,2,0
2024-01-22 15:47:06.001,17804,17804,17804,2,2
2024-01-22 15:47:06.001,17804,17804,17804,2,0
2024-01-22 15:47:06.001,17804,17804,17804,2,0
2024-01-22 15:47:07.001,17804,17804,17804,2,0
2024-01-22 15:47:35.001,17804,17804,17804,8,0
2024-01-22 15:47:50.001,17803,17803,17803,2,-2
2024-01-22 15:47:50.001,17803,17803,17803,4,0
2024-01-22 15:47:50.001,17803,17803,17803,2,0
2024-01-22 15:47:50.001,17803,17803,17803,2,0
2024-01-22 15:47:55.001,17804,17804,17804,2,2
2024-01-22 15:48:30.001,17804,17804,17804,2,0
2024-01-22 15:48:30.001,17804,17804,17804,2,0
2024-01-22 15:48:33.001,17805,17805,17805,2,2
2024-01-22 15:48:48.001,17805,17805,17805,2,0
2024-01-22 15:48:57.001,17805,17805,17805,4,0
2024-01-22 15:48:59.001,17805,17805,17805,2,0
2024-01-22 15:49:00.001,17806,17806,17806,2,2
2024-01-22 15:49:04.001,17805,17805,17805,2,-2
2024-01-22 15:49:08.001,17805,17805,17805,2,0
2024-01-22 15:49:27.001,17805,17805,17805,10,0
2024-01-22 15:49:30.001,17805,17805,17805,2,0
2024-01-22 15:49:33.001,17805,17805,17805,2,0
2024-01-22 15:49:50.001,17805,17805,17805,2,0
2024-01-22 15:50:09.001,17804,17804,17804,2,-2
2024-01-22 15:50:09.001,17804,17804,17804,2,0
2024-01-22 15:50:24.001,17805,17805,17805,6,6
2024-01-22 15:50:38.001,17804,17804,17804,2,-2
2024-01-22 15:50:45.001,17804,17804,17804,2,0
2024-01-22 15:50:51.001,17803,17803,17803,2,-2
2024-01-22 15:50:56.001,17803,17803,17803,2,0
2024-01-22 15:50:59.001,17803,17803,17803,2,0
2024-01-22 15:50:59.001,17803,17803,17803,2,0
2024-01-22 15:51:24.001,17803,17803,17803,2,0
2024-01-22 15:51:24.001,17803,17803,17803,2,0
2024-01-22 15:51:25.001,17804,17804,17804,8,8
2024-01-22 15:51:25.001,17804,17804,17804,6,0
2024-01-22 15:51:45.001,17803,17803,17803,2,-2
2024-01-22 15:51:45.001,17803,17803,17803,6,0
2024-01-22 15:51:45.001,17803,17803,17803,2,0
2024-01-22 15:51:45.001,17803,17803,17803,2,0
2024-01-22 15:51:45.001,17803,17803,17803,8,0
2024-01-22 15:51:45.001,17803,17803,17803,2,0
2024-01-22 15:51:49.001,17802,17802,17802,4,-4
2024-01-22 15:51:49.001,17802,17802,17802,2,0
2024-01-22 15:51:49.001,17802,17802,17802,2,0
2024-01-22 15:51:49.001,17802,17802,17802,2,0
2024-01-22 15:51:49.001,17802,17802,17802,2,0
2024-01-22 15:51:49.001,17802,17802,17802,6,0
2024-01-22 15:51:49.001,17802,17802,17802,2,0
2024-01-22 15:51:49.001,17802,17802,17802,2,0
2024-01-22 15:51:49.001,17802,17802,17802,2,0
2024-01-22 15:51:49.001,17802,17802,17802,2,0
2024-01-22 15:51:49.001,17802,17802,17802,2,0
2024-01-22 15:51:49.001,17802,17802,17802,2,0
2024-01-22 15:51:49.001,17802,17802,17802,2,0
2024-01-22 15:51:49.001,17802,17802,17802,2,0
2024-01-22 15:51:49.001,17802,17802,17802,2,0
2024-01-22 15:52:00.001,17803,17803,17803,4,4
2024-01-22 15:52:11.001,17804,17804,17804,6,6
2024-01-22 15:52:11.001,17804,17804,17804,2,0
2024-01-22 15:52:37.001,17803,17803,17803,4,-4
2024-01-22 15:52:37.001,17804,17804,17804,2,2
2024-01-22 15:52:37.001,17804,17804,17804,2,0
2024-01-22 15:52:37.001,17804,17804,17804,2,0
2024-01-22 15:52:37.001,17804,17804,17804,2,0
2024-01-22 15:52:37.001,17804,17804,17804,8,0
2024-01-22 15:52:37.001,17804,17804,17804,2,0
2024-01-22 15:52:37.001,17804,17804,17804,2,0
2024-01-22 15:52:37.001,17804,17804,17804,2,0
2024-01-22 15:52:37.001,17803,17803,17803,4,-4
2024-01-22 15:52:40.001,17804,17804,17804,2,2
2024-01-22 15:52:40.001,17805,17805,17805,2,2
2024-01-22 15:52:40.001,17805,17805,17805,2,0
2024-01-22 15:52:40.001,17805,17805,17805,2,0
2024-01-22 15:52:45.001,17805,17805,17805,4,0
2024-01-22 15:52:48.001,17805,17805,17805,2,0
2024-01-22 15:52:50.001,17804,17804,17804,2,-2
2024-01-22 15:52:51.001,17804,17804,17804,2,0
2024-01-22 15:52:54.001,17804,17804,17804,2,0
2024-01-22 15:53:00.001,17804,17804,17804,6,0
2024-01-22 15:53:03.001,17804,17804,17804,2,0
2024-01-22 15:53:08.001,17805,17805,17805,8,8
2024-01-22 15:53:12.001,17805,17805,17805,2,0
2024-01-22 15:53:12.001,17805,17805,17805,2,0
2024-01-22 15:53:19.001,17805,17805,17805,2,0
2024-01-22 15:53:21.001,17806,17806,17806,4,4
2024-01-22 15:53:30.001,17806,17806,17806,2,0
2024-01-22 15:53:32.001,17806,17806,17806,2,0
2024-01-22 15:53:32.001,17807,17807,17807,10,10
2024-01-22 15:53:32.001,17807,17807,17807,2,0
2024-01-22 15:53:33.001,17806,17806,17806,2,-2
2024-01-22 15:53:33.001,17806,17806,17806,2,0
2024-01-22 15:53:33.001,17806,17806,17806,2,0
2024-01-22 15:53:35.001,17807,17807,17807,14,14
2024-01-22 15:53:39.001,17806,17806,17806,2,-2
2024-01-22 15:53:39.001,17806,17806,17806,2,0
2024-01-22 15:53:43.001,17806,17806,17806,12,0
2024-01-22 15:53:50.001,17806,17806,17806,2,0
2024-01-22 15:53:53.001,17806,17806,17806,4,0
2024-01-22 15:53:54.001,17806,17806,17806,2,0
2024-01-22 15:53:55.001,17805,17805,17805,2,-2
2024-01-22 15:53:59.001,17805,17805,17805,2,0
2024-01-22 15:54:21.001,17806,17806,17806,2,2
2024-01-22 15:54:23.001,17807,17807,17807,2,2
2024-01-22 15:54:29.001,17806,17806,17806,2,-2
2024-01-22 15:54:48.001,17805,17805,17805,2,-2
2024-01-22 15:54:48.001,17805,17805,17805,4,0
2024-01-22 15:54:48.001,17805,17805,17805,4,0
2024-01-22 15:54:48.001,17805,17805,17805,2,0
2024-01-22 15:54:55.001,17804,17804,17804,2,-2
2024-01-22 15:55:00.001,17805,17805,17805,4,4
2024-01-22 15:55:02.001,17805,17805,17805,2,0
2024-01-22 15:55:05.001,17805,17805,17805,2,0
2024-01-22 15:55:05.001,17805,17805,17805,2,0
2024-01-22 15:55:11.001,17806,17806,17806,2,2
2024-01-22 15:55:34.001,17806,17806,17806,2,0
2024-01-22 15:55:36.001,17805,17805,17805,2,-2
2024-01-22 15:55:36.001,17805,17805,17805,2,0
2024-01-22 15:55:50.001,17805,17805,17805,2,0
2024-01-22 15:56:06.001,17806,17806,17806,2,2
2024-01-22 15:56:24.001,17806,17806,17806,8,0
2024-01-22 15:56:40.001,17806,17806,17806,2,0
2024-01-22 15:56:59.001,17806,17806,17806,2,0
2024-01-22 15:56:59.001,17806,17806,17806,6,0
2024-01-22 15:57:01.001,17807,17807,17807,2,2
2024-01-22 15:57:14.001,17807,17807,17807,2,0
2024-01-22 15:57:20.001,17807,17807,17807,2,0
2024-01-22 15:57:20.001,17807,17807,17807,2,0
2024-01-22 15:57:25.001,17808,17808,17808,8,8
2024-01-22 15:57:25.001,17808,17808,17808,2,0
2024-01-22 15:57:25.001,17808,17808,17808,4,0
2024-01-22 15:57:43.001,17809,17809,17809,4,4
2024-01-22 15:57:51.001,17809,17809,17809,2,0
2024-01-22 15:57:51.001,17809,17809,17809,2,0
2024-01-22 15:57:55.001,17808,17808,17808,2,-2
2024-01-22 15:57:55.001,17808,17808,17808,2,0
2024-01-22 15:57:55.001,17808,17808,17808,2,0
2024-01-22 15:57:58.001,17808,17808,17808,2,0
2024-01-22 15:58:10.001,17806,17806,17806,2,-2
2024-01-22 15:58:13.001,17806,17806,17806,2,0
2024-01-22 15:58:16.001,17806,17806,17806,2,0
2024-01-22 15:58:28.001,17806,17806,17806,4,0
2024-01-22 15:58:28.001,17807,17807,17807,2,2
2024-01-22 15:58:34.001,17807,17807,17807,2,0
2024-01-22 15:59:03.001,17806,17806,17806,2,-2
2024-01-22 15:59:03.001,17805,17805,17805,2,-2
2024-01-22 15:59:06.001,17806,17806,17806,2,2
2024-01-22 15:59:09.001,17805,17805,17805,2,-2
2024-01-22 15:59:09.001,17805,17805,17805,2,0
2024-01-22 15:59:09.001,17805,17805,17805,2,0
2024-01-22 15:59:09.001,17805,17805,17805,2,0
2024-01-22 15:59:17.001,17805,17805,17805,2,0
2024-01-22 15:59:19.001,17805,17805,17805,2,0
2024-01-22 15:59:19.001,17804,17804,17804,2,-2
2024-01-22 15:59:19.001,17804,17804,17804,4,0
2024-01-22 15:59:31.001,17804,17804,17804,2,0
2024-01-22 15:59:31.001,17804,17804,17804,2,0
2024-01-22 15:59:44.001,17805,17805,17805,2,2
2024-01-22 15:59:44.001,17805,17805,17805,2,0
2024-01-22 15:59:55.001,17806,17806,17806,2,2
2024-01-22 15:59:55.001,17806,17806,17806,2,0
2024-01-22 16:00:00.001,17805,17805,17805,2,-2
2024-01-22 16:00:00.001,17805,17805,17805,2,0
2024-01-22 16:00:00.001,17805,17805,17805,2,0
2024-01-22 16:00:00.001,17806,17806,17806,2,2
2024-01-22 16:00:00.001,17806,17806,17806,4,0
2024-01-22 16:00:00.001,17806,17806,17806,2,0
2024-01-22 16:00:00.001,17807,17807,17807,2,2
2024-01-22 16:00:00.001,17807,17807,17807,2,0
2024-01-22 16:00:00.001,17808,17808,17808,2,2
2024-01-22 16:00:00.001,17808,17808,17808,2,0
2024-01-22 16:00:01.001,17807,17807,17807,2,-2
2024-01-22 16:00:01.001,17807,17807,17807,2,0
2024-01-22 16:00:01.001,17807,17807,17807,4,0
2024-01-22 16:00:01.001,17807,17807,17807,2,0
2024-01-22 16:00:05.001,17805,17805,17805,2,-2
2024-01-22 16:00:06.001,17805,17805,17805,2,0
2024-01-22 16:00:11.001,17805,17805,17805,2,0
2024-01-22 16:00:11.001,17806,17806,17806,2,2
2024-01-22 16:00:21.001,17806,17806,17806,2,0
2024-01-22 16:00:21.001,17807,17807,17807,4,4
2024-01-22 16:00:22.001,17807,17807,17807,6,0
2024-01-22 16:00:23.001,17807,17807,17807,2,0
2024-01-22 16:00:23.001,17808,17808,17808,4,4
2024-01-22 16:00:25.001,17806,17806,17806,2,-2
2024-01-22 16:00:27.001,17807,17807,17807,2,2
2024-01-22 16:00:30.001,17808,17808,17808,10,10
2024-01-22 16:00:30.001,17808,17808,17808,2,0
2024-01-22 16:00:30.001,17808,17808,17808,2,0
2024-01-22 16:00:30.001,17808,17808,17808,4,0
2024-01-22 16:00:30.001,17808,17808,17808,2,0
2024-01-22 16:00:41.001,17807,17807,17807,4,-4
2024-01-22 16:00:50.001,17806,17806,17806,2,-2
2024-01-22 16:00:50.001,17806,17806,17806,4,0
2024-01-22 16:00:50.001,17805,17805,17805,2,-2
2024-01-22 16:00:50.001,17805,17805,17805,2,0
2024-01-22 16:01:02.001,17806,17806,17806,2,2
2024-01-22 16:01:13.001,17807,17807,17807,4,4
2024-01-22 16:01:13.001,17807,17807,17807,2,0
2024-01-22 16:01:13.001,17807,17807,17807,2,0
2024-01-22 16:01:20.001,17808,17808,17808,8,8
2024-01-22 16:01:26.001,17809,17809,17809,6,6
2024-01-22 16:01:28.001,17809,17809,17809,6,0
2024-01-22 16:01:29.001,17809,17809,17809,6,0
2024-01-22 16:01:32.001,17809,17809,17809,2,0
2024-01-22 16:01:33.001,17809,17809,17809,2,0
2024-01-22 16:01:36.001,17809,17809,17809,2,0
2024-01-22 16:01:36.001,17809,17809,17809,2,0
2024-01-22 16:01:40.001,17809,17809,17809,8,0
2024-01-22 16:01:46.001,17809,17809,17809,4,0
2024-01-22 16:01:46.001,17809,17809,17809,4,0
2024-01-22 16:01:57.001,17809,17809,17809,2,0
2024-01-22 16:02:00.001,17809,17809,17809,4,0
2024-01-22 16:02:00.001,17809,17809,17809,10,0
2024-01-22 16:02:01.001,17809,17809,17809,2,0
2024-01-22 16:02:01.001,17809,17809,17809,2,0
2024-01-22 16:02:03.001,17809,17809,17809,2,0
2024-01-22 16:02:03.001,17809,17809,17809,2,0
2024-01-22 16:02:03.001,17809,17809,17809,2,0
2024-01-22 16:02:08.001,17809,17809,17809,2,0
2024-01-22 16:02:10.001,17810,17810,17810,2,2
2024-01-22 16:02:10.001,17809,17809,17809,2,-2
2024-01-22 16:02:12.001,17810,17810,17810,2,2
2024-01-22 16:02:12.001,17810,17810,17810,2,0
2024-01-22 16:02:12.001,17810,17810,17810,2,0
2024-01-22 16:02:13.001,17810,17810,17810,2,0
2024-01-22 16:02:13.001,17810,17810,17810,2,0
2024-01-22 16:02:14.001,17810,17810,17810,2,0
2024-01-22 16:02:14.001,17810,17810,17810,2,0
2024-01-22 16:02:15.001,17810,17810,17810,2,0
2024-01-22 16:02:15.001,17810,17810,17810,2,0
2024-01-22 16:02:16.001,17810,17810,17810,2,0
2024-01-22 16:02:17.001,17810,17810,17810,2,0
2024-01-22 16:02:17.001,17810,17810,17810,6,0
2024-01-22 16:02:18.001,17810,17810,17810,6,0
2024-01-22 16:02:22.001,17809,17809,17809,2,-2
2024-01-22 16:02:27.001,17809,17809,17809,2,0
2024-01-22 16:02:31.001,17809,17809,17809,2,0
2024-01-22 16:02:37.001,17809,17809,17809,2,0
2024-01-22 16:02:40.001,17810,17810,17810,6,6
2024-01-22 16:02:52.001,17811,17811,17811,4,4
2024-01-22 16:02:52.001,17811,17811,17811,4,0
2024-01-22 16:02:52.001,17811,17811,17811,8,0
2024-01-22 16:02:52.001,17811,17811,17811,2,0
2024-01-22 16:02:52.001,17811,17811,17811,2,0
2024-01-22 16:02:52.001,17812,17812,17812,2,2
2024-01-22 16:02:52.001,17812,17812,17812,2,0
2024-01-22 16:02:53.001,17812,17812,17812,2,0
2024-01-22 16:02:53.001,17812,17812,17812,2,0
2024-01-22 16:02:53.001,17812,17812,17812,2,0
2024-01-22 16:02:56.001,17812,17812,17812,2,0
2024-01-22 16:02:58.001,17812,17812,17812,2,0
2024-01-22 16:03:00.001,17811,17811,17811,2,-2
2024-01-22 16:03:00.001,17812,17812,17812,8,8
2024-01-22 16:03:01.001,17813,17813,17813,2,2
2024-01-22 16:03:01.001,17813,17813,17813,24,0
2024-01-22 16:03:01.001,17814,17814,17814,2,2
2024-01-22 16:03:01.001,17814,17814,17814,2,0
2024-01-22 16:03:03.001,17814,17814,17814,2,0
2024-01-22 16:03:03.001,17814,17814,17814,2,0
2024-01-22 16:03:04.001,17815,17815,17815,4,4
2024-01-22 16:03:04.001,17815,17815,17815,4,0
2024-01-22 16:03:04.001,17815,17815,17815,4,0
2024-01-22 16:03:04.001,17815,17815,17815,8,0
2024-01-22 16:03:04.001,17815,17815,17815,2,0
2024-01-22 16:03:04.001,17815,17815,17815,2,0
2024-01-22 16:03:04.001,17815,17815,17815,6,0
2024-01-22 16:03:04.001,17815,17815,17815,2,0
2024-01-22 16:03:04.001,17816,17816,17816,4,4
2024-01-22 16:03:05.001,17815,17815,17815,2,-2
2024-01-22 16:03:05.001,17816,17816,17816,8,8
2024-01-22 16:03:07.001,17814,17814,17814,2,-2
2024-01-22 16:03:09.001,17815,17815,17815,4,4
2024-01-22 16:03:09.001,17815,17815,17815,6,0
2024-01-22 16:03:10.001,17815,17815,17815,4,0
2024-01-22 16:03:11.001,17813,17813,17813,2,-2
2024-01-22 16:03:13.001,17815,17815,17815,6,6
2024-01-22 16:03:13.001,17813,17813,17813,2,-2
2024-01-22 16:03:13.001,17813,17813,17813,2,0
2024-01-22 16:03:18.001,17812,17812,17812,2,-2
2024-01-22 16:03:28.001,17814,17814,17814,6,6
2024-01-22 16:03:31.001,17813,17813,17813,2,-2
2024-01-22 16:03:32.001,17812,17812,17812,2,-2
2024-01-22 16:03:32.001,17811,17811,17811,2,-2
2024-01-22 16:03:33.001,17812,17812,17812,2,2
2024-01-22 16:03:41.001,17812,17812,17812,2,0
2024-01-22 16:03:41.001,17812,17812,17812,2,0
2024-01-22 16:03:42.001,17811,17811,17811,4,-4
2024-01-22 16:03:42.001,17811,17811,17811,2,0
2024-01-22 16:03:42.001,17811,17811,17811,2,0
2024-01-22 16:03:51.001,17811,17811,17811,2,0
2024-01-22 16:03:51.001,17811,17811,17811,2,0
2024-01-22 16:03:52.001,17810,17810,17810,2,-2
2024-01-22 16:03:53.001,17810,17810,17810,6,0
2024-01-22 16:03:54.001,17809,17809,17809,2,-2
2024-01-22 16:03:54.001,17809,17809,17809,2,0
2024-01-22 16:03:54.001,17809,17809,17809,6,0
2024-01-22 16:03:55.001,17808,17808,17808,8,-8
2024-01-22 16:03:55.001,17808,17808,17808,2,0
2024-01-22 16:03:55.001,17808,17808,17808,2,0
2024-01-22 16:03:55.001,17808,17808,17808,2,0
2024-01-22 16:03:57.001,17807,17807,17807,2,-2
2024-01-22 16:04:00.001,17809,17809,17809,4,4
2024-01-22 16:04:01.001,17808,17808,17808,2,-2
2024-01-22 16:04:07.001,17808,17808,17808,2,0
2024-01-22 16:04:10.001,17809,17809,17809,4,4
2024-01-22 16:04:11.001,17810,17810,17810,6,6
2024-01-22 16:04:11.001,17809,17809,17809,2,-2
2024-01-22 16:04:12.001,17809,17809,17809,2,0
2024-01-22 16:04:12.001,17809,17809,17809,2,0
2024-01-22 16:04:22.001,17809,17809,17809,2,0
2024-01-22 16:04:27.001,17809,17809,17809,2,0
2024-01-22 16:04:29.001,17810,17810,17810,4,4
2024-01-22 16:04:31.001,17811,17811,17811,2,2
2024-01-22 16:04:38.001,17811,17811,17811,6,0
2024-01-22 16:04:51.001,17812,17812,17812,4,4
2024-01-22 16:04:55.001,17812,17812,17812,2,0
2024-01-22 16:04:56.001,17812,17812,17812,2,0
2024-01-22 16:04:56.001,17813,17813,17813,2,2
2024-01-22 16:04:56.001,17813,17813,17813,2,0
2024-01-22 16:05:01.001,17813,17813,17813,2,0
2024-01-22 16:05:07.001,17812,17812,17812,2,-2
2024-01-22 16:05:07.001,17813,17813,17813,2,2
2024-01-22 16:05:10.001,17811,17811,17811,2,-2
2024-01-22 16:05:13.001,17812,17812,17812,2,2
2024-01-22 16:05:13.001,17813,17813,17813,4,4
2024-01-22 16:05:14.001,17812,17812,17812,2,-2
2024-01-22 16:05:17.001,17811,17811,17811,2,-2
2024-01-22 16:05:17.001,17811,17811,17811,2,0
2024-01-22 16:05:20.001,17811,17811,17811,8,0
2024-01-22 16:05:23.001,17810,17810,17810,2,-2
2024-01-22 16:05:23.001,17810,17810,17810,4,0
2024-01-22 16:05:36.001,17810,17810,17810,2,0
2024-01-22 16:05:52.001,17809,17809,17809,2,-2
2024-01-22 16:05:52.001,17809,17809,17809,2,0
2024-01-22 16:05:52.001,17809,17809,17809,2,0
2024-01-22 16:05:56.001,17810,17810,17810,6,6
2024-01-22 16:05:59.001,17810,17810,17810,6,0
2024-01-22 16:06:00.001,17809,17809,17809,2,-2
2024-01-22 16:06:00.001,17809,17809,17809,2,0
2024-01-22 16:06:03.001,17810,17810,17810,2,2
2024-01-22 16:06:18.001,17810,17810,17810,4,0
2024-01-22 16:06:19.001,17809,17809,17809,2,-2
2024-01-22 16:06:25.001,17809,17809,17809,2,0
2024-01-22 16:06:36.001,17808,17808,17808,2,-2
2024-01-22 16:06:55.001,17808,17808,17808,4,0
2024-01-22 16:06:55.001,17808,17808,17808,2,0
2024-01-22 16:06:55.001,17808,17808,17808,8,0
2024-01-22 16:06:55.001,17808,17808,17808,2,0
2024-01-22 16:07:06.001,17808,17808,17808,4,0
2024-01-22 16:07:06.001,17808,17808,17808,4,0
2024-01-22 16:07:06.001,17807,17807,17807,2,-2
2024-01-22 16:07:06.001,17807,17807,17807,2,0
2024-01-22 16:07:06.001,17807,17807,17807,4,0
2024-01-22 16:07:06.001,17807,17807,17807,2,0
2024-01-22 16:07:06.001,17807,17807,17807,2,0
2024-01-22 16:07:06.001,17807,17807,17807,2,0
2024-01-22 16:07:06.001,17807,17807,17807,4,0
2024-01-22 16:07:06.001,17807,17807,17807,4,0
2024-01-22 16:07:21.001,17807,17807,17807,2,0
2024-01-22 16:07:23.001,17807,17807,17807,2,0
2024-01-22 16:07:29.001,17807,17807,17807,4,0
2024-01-22 16:07:29.001,17807,17807,17807,8,0
2024-01-22 16:07:29.001,17807,17807,17807,6,0
2024-01-22 16:07:29.001,17807,17807,17807,4,0
2024-01-22 16:07:29.001,17807,17807,17807,4,0
2024-01-22 16:07:29.001,17807,17807,17807,12,0
2024-01-22 16:07:29.001,17807,17807,17807,2,0
2024-01-22 16:07:37.001,17808,17808,17808,2,2
2024-01-22 16:07:37.001,17808,17808,17808,2,0
2024-01-22 16:07:42.001,17808,17808,17808,4,0
2024-01-22 16:07:42.001,17808,17808,17808,40,0
2024-01-22 16:07:42.001,17808,17808,17808,2,0
2024-01-22 16:07:43.001,17807,17807,17807,2,-2
2024-01-22 16:07:53.001,17807,17807,17807,8,0
2024-01-22 16:07:58.001,17808,17808,17808,2,2
2024-01-22 16:07:58.001,17808,17808,17808,2,0
2024-01-22 16:08:00.001,17808,17808,17808,2,0
2024-01-22 16:08:00.001,17809,17809,17809,2,2
2024-01-22 16:08:00.001,17809,17809,17809,2,0
2024-01-22 16:08:00.001,17808,17808,17808,2,-2
2024-01-22 16:08:01.001,17810,17810,17810,2,2
2024-01-22 16:08:07.001,17808,17808,17808,2,-2
2024-01-22 16:08:07.001,17808,17808,17808,4,0
2024-01-22 16:08:07.001,17808,17808,17808,2,0
2024-01-22 16:08:10.001,17808,17808,17808,2,0
2024-01-22 16:08:17.001,17808,17808,17808,2,0
2024-01-22 16:08:25.001,17807,17807,17807,4,-4
2024-01-22 16:08:25.001,17807,17807,17807,4,0
2024-01-22 16:08:25.001,17807,17807,17807,2,0
2024-01-22 16:08:25.001,17807,17807,17807,2,0
2024-01-22 16:08:25.001,17807,17807,17807,22,0
2024-01-22 16:08:25.001,17807,17807,17807,2,0
2024-01-22 16:08:25.001,17807,17807,17807,4,0
2024-01-22 16:08:25.001,17807,17807,17807,4,0
2024-01-22 16:08:25.001,17807,17807,17807,6,0
2024-01-22 16:08:25.001,17807,17807,17807,40,0
2024-01-22 16:08:28.001,17806,17806,17806,2,-2
2024-01-22 16:08:28.001,17806,17806,17806,2,0
2024-01-22 16:08:28.001,17806,17806,17806,2,0
2024-01-22 16:08:28.001,17806,17806,17806,2,0
2024-01-22 16:08:28.001,17806,17806,17806,2,0
2024-01-22 16:08:28.001,17806,17806,17806,2,0
2024-01-22 16:08:28.001,17806,17806,17806,4,0
2024-01-22 16:08:28.001,17806,17806,17806,2,0
2024-01-22 16:08:31.001,17807,17807,17807,2,2
2024-01-22 16:08:34.001,17806,17806,17806,6,-6
2024-01-22 16:08:38.001,17806,17806,17806,4,0
2024-01-22 16:08:40.001,17806,17806,17806,16,0
2024-01-22 16:08:40.001,17806,17806,17806,2,0
2024-01-22 16:08:43.001,17806,17806,17806,10,0
2024-01-22 16:08:44.001,17806,17806,17806,2,0
2024-01-22 16:08:45.001,17806,17806,17806,2,0
2024-01-22 16:08:46.001,17806,17806,17806,24,0
2024-01-22 16:08:46.001,17806,17806,17806,16,0
2024-01-22 16:08:51.001,17806,17806,17806,2,0
2024-01-22 16:08:55.001,17806,17806,17806,2,0
2024-01-22 16:08:58.001,17807,17807,17807,2,2
2024-01-22 16:08:59.001,17807,17807,17807,2,0
2024-01-22 16:09:00.001,17806,17806,17806,2,-2
2024-01-22 16:09:01.001,17805,17805,17805,2,-2
2024-01-22 16:09:01.001,17805,17805,17805,2,0
2024-01-22 16:09:01.001,17805,17805,17805,2,0
2024-01-22 16:09:06.001,17805,17805,17805,2,0
2024-01-22 16:09:09.001,17805,17805,17805,2,0
2024-01-22 16:09:09.001,17805,17805,17805,2,0
2024-01-22 16:09:09.001,17805,17805,17805,2,0
2024-01-22 16:09:09.001,17805,17805,17805,12,0
2024-01-22 16:09:09.001,17805,17805,17805,22,0
2024-01-22 16:09:09.001,17804,17804,17804,2,-2
2024-01-22 16:09:09.001,17804,17804,17804,2,0
2024-01-22 16:09:09.001,17804,17804,17804,2,0
2024-01-22 16:09:10.001,17804,17804,17804,2,0
2024-01-22 16:09:11.001,17804,17804,17804,2,0
2024-01-22 16:09:13.001,17804,17804,17804,2,0
2024-01-22 16:09:16.001,17805,17805,17805,4,4
2024-01-22 16:09:24.001,17805,17805,17805,2,0
2024-01-22 16:09:30.001,17805,17805,17805,2,0
2024-01-22 16:09:36.001,17803,17803,17803,2,-2
2024-01-22 16:09:40.001,17803,17803,17803,2,0
2024-01-22 16:09:41.001,17803,17803,17803,2,0
2024-01-22 16:09:41.001,17803,17803,17803,2,0
2024-01-22 16:09:41.001,17803,17803,17803,2,0
2024-01-22 16:09:42.001,17803,17803,17803,2,0
2024-01-22 16:09:46.001,17804,17804,17804,4,4
2024-01-22 16:09:50.001,17804,17804,17804,2,0
2024-01-22 16:09:51.001,17804,17804,17804,2,0
2024-01-22 16:09:52.001,17804,17804,17804,2,0
2024-01-22 16:09:52.001,17804,17804,17804,2,0
2024-01-22 16:09:53.001,17805,17805,17805,8,8
2024-01-22 16:09:53.001,17805,17805,17805,26,0
2024-01-22 16:10:00.001,17805,17805,17805,2,0
2024-01-22 16:10:04.001,17806,17806,17806,4,4
2024-01-22 16:10:25.001,17806,17806,17806,2,0
2024-01-22 16:10:25.001,17806,17806,17806,2,0
2024-01-22 16:10:32.001,17806,17806,17806,2,0
2024-01-22 16:10:32.001,17806,17806,17806,2,0
2024-01-22 16:10:32.001,17807,17807,17807,2,2
2024-01-22 16:10:32.001,17807,17807,17807,6,0
2024-01-22 16:10:35.001,17807,17807,17807,22,0
2024-01-22 16:10:39.001,17807,17807,17807,2,0
2024-01-22 16:10:41.001,17808,17808,17808,2,2
2024-01-22 16:10:41.001,17808,17808,17808,4,0
2024-01-22 16:10:41.001,17808,17808,17808,6,0
2024-01-22 16:10:41.001,17809,17809,17809,4,4
2024-01-22 16:10:46.001,17809,17809,17809,2,0
