2019-12-27 15:00:00.000,12097,12098,12103,36,36
2019-12-27 15:00:00.000,12102,12103,12103,1,1
2019-12-27 15:00:00.000,12102,12103,12103,1,1
2019-12-27 15:00:00.000,12102,12103,12102,1,-1
2019-12-27 15:00:00.000,12102,12103,12102,3,-3
2019-12-27 15:00:00.000,12102,12103,12102,1,-1
2019-12-27 15:00:00.000,12102,12103,12103,9,9
2019-12-27 15:00:00.000,12102,12103,12103,10,10
2019-12-27 15:00:00.000,12102,12103,12103,4,4
2019-12-27 15:00:00.000,12102,12103,12103,4,4
2019-12-27 15:00:00.000,12101,12102,12102,1,1
2019-12-27 15:00:00.000,12101,12102,12102,1,1
2019-12-27 15:00:00.000,12101,12102,12102,1,1
2019-12-27 15:00:00.000,12101,12102,12102,1,1
2019-12-27 15:00:00.000,12101,12102,12101,1,-1
2019-12-27 15:00:00.000,12101,12102,12102,3,3
2019-12-27 15:00:02.000,12102,12103,12103,2,2
2019-12-27 15:00:02.000,12102,12103,12103,3,3
2019-12-27 15:00:02.000,12102,12103,12103,18,18
2019-12-27 15:00:02.000,12103,12104,12103,2,-2
2019-12-27 15:00:03.000,12103,12104,12103,1,-1
2019-12-27 15:00:06.000,12103,12104,12103,1,-1
2019-12-27 15:00:06.000,12103,12104,12103,1,-1
2019-12-27 15:00:08.000,12103,12104,12104,1,1
2019-12-27 15:00:09.000,12103,12104,12103,4,-4
2019-12-27 15:00:09.000,12103,12104,12103,5,-5
2019-12-27 15:00:12.000,12103,12104,12103,1,-1
2019-12-27 15:00:13.000,12103,12104,12103,1,-1
2019-12-27 15:00:14.000,12103,12104,12103,5,-5
2019-12-27 15:00:14.000,12103,12104,12104,37,37
2019-12-27 15:00:14.000,12104,12105,12105,33,33
2019-12-27 15:00:15.000,12105,12106,12106,3,3
2019-12-27 15:00:15.000,12105,12106,12106,1,1
2019-12-27 15:00:15.000,12105,12106,12105,4,-4
2019-12-27 15:00:15.000,12105,12106,12106,1,1
2019-12-27 15:00:16.000,12105,12106,12106,1,1
2019-12-27 15:00:16.000,12105,12106,12106,1,1
2019-12-27 15:00:16.000,12105,12106,12105,1,-1
2019-12-27 15:00:19.000,12105,12106,12105,4,-4
2019-12-27 15:00:19.000,12105,12106,12106,5,5
2019-12-27 15:00:19.000,12105,12106,12106,1,1
2019-12-27 15:00:19.000,12105,12106,12106,1,1
2019-12-27 15:00:20.000,12105,12106,12105,1,-1
2019-12-27 15:00:22.000,12105,12106,12106,1,1
2019-12-27 15:00:23.000,12105,12106,12105,1,-1
2019-12-27 15:00:23.000,12105,12106,12105,1,-1
2019-12-27 15:00:23.000,12105,12106,12105,5,-5
2019-12-27 15:00:25.000,12105,12106,12105,6,-6
2019-12-27 15:00:29.000,12105,12106,12105,2,-2
2019-12-27 15:00:30.000,12104,12105,12105,1,1
2019-12-27 15:00:30.000,12104,12105,12105,1,1
2019-12-27 15:00:30.000,12104,12105,12104,1,-1
2019-12-27 15:00:31.000,12104,12105,12104,1,-1
2019-12-27 15:00:32.000,12103,12104,12104,2,2
2019-12-27 15:00:33.000,12103,12104,12103,1,-1
2019-12-27 15:00:34.000,12103,12104,12104,13,13
2019-12-27 15:00:34.000,12103,12104,12105,3,3
2019-12-27 15:00:35.000,12103,12105,12103,1,-1
2019-12-27 15:00:36.000,12103,12105,12103,3,-3
2019-12-27 15:00:40.000,12103,12104,12103,5,-5
2019-12-27 15:00:40.000,12103,12104,12103,1,-1
2019-12-27 15:00:42.000,12103,12104,12103,2,-2
2019-12-27 15:00:43.000,12102,12103,12103,3,3
2019-12-27 15:00:47.000,12102,12103,12103,1,1
2019-12-27 15:00:49.000,12103,12104,12104,8,8
2019-12-27 15:00:53.000,12103,12104,12103,1,-1
2019-12-27 15:00:57.000,12103,12104,12104,1,1
2019-12-27 15:00:57.000,12103,12104,12104,8,8
2019-12-27 15:00:58.000,12103,12104,12104,1,1
2019-12-27 15:00:58.000,12103,12104,12104,1,1
2019-12-27 15:00:58.000,12103,12105,12105,2,2
2019-12-27 15:01:00.000,12104,12105,12104,1,-1
2019-12-27 15:01:00.000,12104,12105,12104,1,-1
2019-12-27 15:01:02.000,12104,12105,12104,3,-3
2019-12-27 15:01:04.000,12103,12104,12104,1,1
2019-12-27 15:01:05.000,12103,12104,12104,1,1
2019-12-27 15:01:06.000,12103,12104,12104,1,1
2019-12-27 15:01:07.000,12103,12104,12104,1,1
2019-12-27 15:01:08.000,12103,12104,12103,2,-2
2019-12-27 15:01:08.000,12103,12104,12103,3,-3
2019-12-27 15:01:09.000,12102,12103,12103,1,1
2019-12-27 15:01:10.000,12102,12103,12103,1,1
2019-12-27 15:01:10.000,12102,12103,12102,5,-5
2019-12-27 15:01:10.000,12102,12103,12102,5,-5
2019-12-27 15:01:10.000,12102,12103,12103,1,1
2019-12-27 15:01:13.000,12102,12103,12103,5,5
2019-12-27 15:01:15.000,12102,12103,12103,1,1
2019-12-27 15:01:18.000,12102,12103,12103,1,1
2019-12-27 15:01:19.000,12102,12103,12102,4,-4
2019-12-27 15:01:21.000,12102,12103,12103,1,1
2019-12-27 15:01:22.000,12102,12103,12103,1,1
2019-12-27 15:01:32.000,12103,12104,12103,2,-2
2019-12-27 15:01:34.000,12102,12103,12103,1,1
2019-12-27 15:01:36.000,12103,12104,12103,1,-1
2019-12-27 15:01:39.000,12103,12104,12104,1,1
2019-12-27 15:01:44.000,12103,12104,12103,1,-1
2019-12-27 15:01:44.000,12103,12104,12103,1,-1
2019-12-27 15:01:48.000,12102,12103,12103,3,3
2019-12-27 15:01:49.000,12103,12104,12103,1,-1
2019-12-27 15:01:49.000,12102,12103,12103,1,1
2019-12-27 15:01:55.000,12102,12103,12103,1,1
2019-12-27 15:01:55.000,12102,12103,12103,2,2
2019-12-27 15:02:05.000,12103,12104,12104,1,1
2019-12-27 15:02:07.000,12103,12104,12104,1,1
2019-12-27 15:02:10.000,12103,12104,12103,4,-4
2019-12-27 15:02:22.000,12103,12104,12103,1,-1
2019-12-27 15:02:25.000,12103,12104,12104,2,2
2019-12-27 15:02:27.000,12103,12104,12103,3,-3
2019-12-27 15:02:28.000,12103,12104,12103,4,-4
2019-12-27 15:02:35.000,12103,12104,12103,1,-1
2019-12-27 15:02:40.000,12103,12104,12103,5,-5
2019-12-27 15:02:46.000,12103,12104,12104,1,1
2019-12-27 15:02:48.000,12103,12104,12103,1,-1
2019-12-27 15:02:48.000,12103,12104,12104,1,1
2019-12-27 15:03:01.000,12103,12104,12104,19,19
2019-12-27 15:03:05.000,12103,12104,12104,1,1
2019-12-27 15:03:11.000,12103,12104,12104,1,1
2019-12-27 15:03:17.000,12103,12104,12104,1,1
2019-12-27 15:03:19.000,12103,12104,12104,1,1
2019-12-27 15:03:19.000,12103,12104,12104,1,1
2019-12-27 15:03:20.000,12103,12104,12104,1,1
2019-12-27 15:03:22.000,12104,12105,12105,1,1
2019-12-27 15:03:24.000,12104,12105,12105,7,7
2019-12-27 15:03:25.000,12104,12105,12105,5,5
2019-12-27 15:03:56.000,12104,12105,12104,1,-1
2019-12-27 15:03:58.000,12104,12105,12104,1,-1
2019-12-27 15:03:59.000,12104,12105,12104,1,-1
2019-12-27 15:04:12.000,12104,12105,12104,3,-3
2019-12-27 15:04:12.000,12104,12105,12104,3,-3
2019-12-27 15:04:12.000,12104,12105,12104,1,-1
2019-12-27 15:04:12.000,12104,12105,12104,1,-1
2019-12-27 15:04:13.000,12104,12105,12104,1,-1
2019-12-27 15:04:22.000,12103,12104,12103,1,-1
2019-12-27 15:04:23.000,12103,12104,12103,1,-1
2019-12-27 15:04:24.000,12103,12104,12104,2,2
2019-12-27 15:04:30.000,12103,12104,12103,5,-5
2019-12-27 15:04:40.000,12103,12104,12103,5,-5
2019-12-27 15:04:41.000,12103,12104,12104,1,1
2019-12-27 15:04:47.000,12103,12104,12103,1,-1
2019-12-27 15:04:51.000,12103,12104,12103,1,-1
2019-12-27 15:04:52.000,12102,12103,12103,1,1
2019-12-27 15:04:53.000,12103,12104,12104,1,1
2019-12-27 15:04:55.000,12103,12104,12104,1,1
2019-12-27 15:04:57.000,12103,12104,12104,1,1
2019-12-27 15:04:57.000,12103,12104,12104,1,1
2019-12-27 15:05:10.000,12103,12104,12103,1,-1
2019-12-27 15:05:11.000,12102,12104,12104,1,1
2019-12-27 15:05:11.000,12102,12104,12104,1,1
2019-12-27 15:05:11.000,12102,12104,12104,1,1
2019-12-27 15:05:23.000,12103,12104,12103,1,-1
2019-12-27 15:05:29.000,12103,12104,12104,25,25
2019-12-27 15:05:30.000,12103,12104,12104,1,1
2019-12-27 15:05:31.000,12103,12104,12104,1,1
2019-12-27 15:05:33.000,12103,12104,12104,1,1
2019-12-27 15:05:34.000,12103,12104,12104,1,1
2019-12-27 15:05:41.000,12103,12104,12102,1,-1
2019-12-27 15:05:41.000,12103,12104,12103,9,9
2019-12-27 15:05:49.000,12103,12104,12103,1,-1
2019-12-27 15:05:56.000,12103,12104,12103,4,-4
2019-12-27 15:06:01.000,12103,12104,12104,4,4
2019-12-27 15:06:09.000,12103,12104,12104,1,1
2019-12-27 15:06:10.000,12103,12104,12104,1,1
2019-12-27 15:06:10.000,12103,12104,12104,3,3
2019-12-27 15:06:10.000,12103,12104,12104,6,6
2019-12-27 15:06:11.000,12104,12105,12104,1,-1
2019-12-27 15:06:17.000,12104,12105,12104,1,-1
2019-12-27 15:06:17.000,12104,12105,12105,1,1
2019-12-27 15:06:26.000,12104,12105,12104,2,-2
2019-12-27 15:06:28.000,12104,12105,12104,1,-1
2019-12-27 15:06:35.000,12104,12105,12104,1,-1
2019-12-27 15:06:37.000,12104,12105,12104,2,-2
2019-12-27 15:06:38.000,12104,12105,12104,1,-1
2019-12-27 15:06:38.000,12104,12105,12104,2,-2
2019-12-27 15:06:47.000,12104,12105,12104,1,-1
2019-12-27 15:06:56.000,12104,12105,12104,1,-1
2019-12-27 15:07:09.000,12104,12105,12104,1,-1
2019-12-27 15:07:09.000,12104,12105,12104,1,-1
2019-12-27 15:07:16.000,12104,12105,12105,96,96
2019-12-27 15:07:16.000,12104,12105,12105,1,1
2019-12-27 15:07:16.000,12104,12105,12106,6,6
2019-12-27 15:07:16.000,12105,12106,12106,1,1
2019-12-27 15:07:16.000,12105,12106,12106,26,26
2019-12-27 15:07:17.000,12106,12107,12106,2,-2
2019-12-27 15:07:22.000,12106,12107,12107,3,3
2019-12-27 15:07:22.000,12106,12107,12107,14,14
2019-12-27 15:07:22.000,12106,12107,12107,1,1
2019-12-27 15:07:22.000,12106,12107,12107,10,10
2019-12-27 15:07:23.000,12107,12108,12107,1,-1
2019-12-27 15:07:24.000,12106,12108,12106,1,-1
2019-12-27 15:07:25.000,12106,12108,12106,1,-1
2019-12-27 15:07:27.000,12106,12107,12108,1,1
2019-12-27 15:07:27.000,12106,12108,12108,1,1
2019-12-27 15:07:28.000,12106,12108,12108,1,1
2019-12-27 15:07:30.000,12107,12108,12107,1,-1
2019-12-27 15:07:33.000,12107,12108,12107,1,-1
2019-12-27 15:07:37.000,12107,12108,12107,2,-2
2019-12-27 15:07:38.000,12107,12108,12108,1,1
2019-12-27 15:07:41.000,12107,12108,12107,4,-4
2019-12-27 15:07:44.000,12107,12108,12108,1,1
2019-12-27 15:07:47.000,12107,12108,12108,20,20
2019-12-27 15:07:49.000,12107,12108,12108,1,1
2019-12-27 15:07:53.000,12107,12108,12108,1,1
2019-12-27 15:07:53.000,12107,12108,12108,1,1
2019-12-27 15:08:02.000,12107,12108,12108,2,2
2019-12-27 15:08:03.000,12107,12108,12108,1,1
2019-12-27 15:08:04.000,12107,12108,12108,1,1
2019-12-27 15:08:04.000,12107,12108,12108,1,1
2019-12-27 15:08:05.000,12107,12108,12108,1,1
2019-12-27 15:08:05.000,12107,12108,12108,2,2
2019-12-27 15:08:06.000,12108,12109,12108,1,-1
2019-12-27 15:08:11.000,12108,12109,12108,1,-1
2019-12-27 15:08:25.000,12108,12109,12108,10,-10
2019-12-27 15:08:25.000,12108,12109,12108,1,-1
2019-12-27 15:08:32.000,12107,12108,12107,2,-2
2019-12-27 15:08:33.000,12107,12108,12107,1,-1
2019-12-27 15:08:34.000,12107,12108,12107,1,-1
2019-12-27 15:08:39.000,12107,12108,12108,1,1
2019-12-27 15:08:45.000,12107,12108,12108,3,3
2019-12-27 15:08:45.000,12107,12108,12107,3,-3
2019-12-27 15:08:48.000,12107,12108,12107,1,-1
2019-12-27 15:08:53.000,12107,12108,12107,1,-1
2019-12-27 15:08:57.000,12107,12108,12107,1,-1
2019-12-27 15:08:59.000,12107,12108,12107,3,-3
2019-12-27 15:09:02.000,12107,12108,12107,3,-3
2019-12-27 15:09:02.000,12106,12107,12106,1,-1
2019-12-27 15:09:09.000,12106,12107,12106,1,-1
2019-12-27 15:09:09.000,12106,12107,12106,3,-3
2019-12-27 15:09:09.000,12106,12107,12106,9,-9
2019-12-27 15:09:17.000,12105,12106,12105,3,-3
2019-12-27 15:09:19.000,12105,12106,12106,1,1
2019-12-27 15:09:29.000,12105,12106,12105,2,-2
2019-12-27 15:09:34.000,12105,12106,12105,8,-8
2019-12-27 15:09:45.000,12104,12105,12104,2,-2
2019-12-27 15:09:46.000,12104,12105,12105,1,1
2019-12-27 15:09:48.000,12104,12105,12104,2,-2
2019-12-27 15:09:59.000,12104,12105,12104,4,-4
2019-12-27 15:10:00.000,12104,12105,12105,1,1
2019-12-27 15:10:01.000,12104,12105,12104,1,-1
2019-12-27 15:10:11.000,12104,12105,12105,5,5
2019-12-27 15:10:14.000,12104,12105,12105,1,1
2019-12-27 15:10:26.000,12104,12105,12105,1,1
2019-12-27 15:10:28.000,12104,12105,12105,3,3
2019-12-27 15:10:30.000,12104,12105,12105,2,2
2019-12-27 15:10:31.000,12104,12105,12105,1,1
2019-12-27 15:10:31.000,12104,12105,12105,1,1
2019-12-27 15:10:31.000,12104,12105,12105,3,3
2019-12-27 15:10:31.000,12105,12106,12105,1,-1
2019-12-27 15:10:50.000,12105,12106,12105,1,-1
2019-12-27 15:11:03.000,12105,12106,12105,1,-1
2019-12-27 15:11:05.000,12104,12106,12106,1,1
2019-12-27 15:11:39.000,12105,12106,12106,2,2
2019-12-27 15:11:39.000,12105,12106,12106,1,1
2019-12-27 15:11:39.000,12105,12106,12106,1,1
2019-12-27 15:11:42.000,12105,12106,12106,1,1
2019-12-27 15:12:04.000,12105,12106,12106,6,6
2019-12-27 15:12:04.000,12106,12107,12106,4,-4
2019-12-27 15:12:25.000,12105,12106,12105,1,-1
2019-12-27 15:12:30.000,12105,12106,12105,8,-8
2019-12-27 15:12:32.000,12105,12106,12105,1,-1
2019-12-27 15:12:35.000,12105,12106,12105,1,-1
2019-12-27 15:12:46.000,12105,12106,12105,1,-1
2019-12-27 15:12:47.000,12105,12106,12106,1,1
2019-12-27 15:13:15.000,12105,12106,12105,1,-1
2019-12-27 15:13:24.000,12105,12106,12105,1,-1
2019-12-27 15:13:58.000,12105,12106,12105,1,-1
2019-12-27 15:14:05.000,12105,12106,12105,1,-1
2019-12-27 15:14:11.000,12105,12106,12105,1,-1
2019-12-27 15:14:14.000,12105,12106,12105,1,-1
2019-12-27 15:14:31.000,12105,12106,12105,1,-1
2019-12-27 15:15:18.000,12105,12106,12106,1,1
2019-12-27 15:15:18.000,12105,12106,12105,4,-4
2019-12-27 15:15:19.000,12105,12106,12105,4,-4
2019-12-27 15:15:35.000,12105,12106,12105,2,-2
2019-12-27 15:15:45.000,12105,12106,12105,1,-1
2019-12-27 15:15:46.000,12105,12106,12105,1,-1
2019-12-27 15:15:48.000,12105,12106,12105,1,-1
2019-12-27 15:15:56.000,12105,12106,12105,1,-1
2019-12-27 15:15:58.000,12105,12106,12105,1,-1
2019-12-27 15:15:58.000,12105,12106,12105,1,-1
2019-12-27 15:16:08.000,12105,12106,12105,1,-1
2019-12-27 15:16:43.000,12105,12106,12105,1,-1
2019-12-27 15:16:44.000,12105,12106,12105,1,-1
2019-12-27 15:16:46.000,12105,12106,12105,1,-1
2019-12-27 15:16:46.000,12105,12106,12105,1,-1
2019-12-27 15:16:52.000,12105,12106,12105,1,-1
2019-12-27 15:16:53.000,12105,12106,12105,1,-1
2019-12-27 15:17:03.000,12104,12105,12105,2,2
2019-12-27 15:17:05.000,12104,12105,12104,1,-1
2019-12-27 15:17:21.000,12104,12105,12105,1,1
2019-12-27 15:17:22.000,12104,12105,12105,1,1
2019-12-27 15:17:35.000,12104,12105,12105,1,1
2019-12-27 15:17:45.000,12104,12105,12105,1,1
2019-12-27 15:17:46.000,12104,12105,12104,1,-1
2019-12-27 15:18:41.000,12104,12105,12104,1,-1
2019-12-27 15:19:05.000,12104,12105,12104,1,-1
2019-12-27 15:19:06.000,12104,12105,12104,1,-1
2019-12-27 15:19:32.000,12104,12105,12104,5,-5
2019-12-27 15:19:38.000,12104,12105,12104,5,-5
2019-12-27 15:19:46.000,12104,12105,12105,1,1
2019-12-27 15:19:49.000,12104,12105,12105,1,1
2019-12-27 15:19:50.000,12104,12105,12105,1,1
2019-12-27 15:20:01.000,12104,12105,12105,6,6
2019-12-27 15:20:03.000,12104,12105,12105,1,1
2019-12-27 15:20:29.000,12105,12106,12105,1,-1
2019-12-27 15:21:07.000,12105,12106,12105,1,-1
2019-12-27 15:21:09.000,12105,12106,12105,1,-1
2019-12-27 15:21:32.000,12104,12105,12105,1,1
2019-12-27 15:21:36.000,12104,12105,12104,27,-27
2019-12-27 15:21:36.000,12104,12105,12104,1,-1
2019-12-27 15:21:36.000,12104,12105,12104,2,-2
2019-12-27 15:21:56.000,12104,12105,12104,1,-1
2019-12-27 15:22:12.000,12103,12105,12103,1,-1
2019-12-27 15:22:31.000,12103,12104,12104,1,1
2019-12-27 15:22:47.000,12103,12104,12104,1,1
2019-12-27 15:23:04.000,12103,12104,12103,3,-3
2019-12-27 15:23:12.000,12103,12104,12103,1,-1
2019-12-27 15:23:23.000,12103,12104,12103,1,-1
2019-12-27 15:23:25.000,12103,12104,12104,4,4
2019-12-27 15:23:27.000,12103,12104,12104,2,2
2019-12-27 15:23:34.000,12103,12104,12104,1,1
2019-12-27 15:23:42.000,12104,12105,12104,1,-1
2019-12-27 15:23:49.000,12104,12105,12104,2,-2
2019-12-27 15:24:26.000,12104,12105,12104,8,-8
2019-12-27 15:25:22.000,12104,12105,12104,1,-1
2019-12-27 15:26:53.000,12104,12105,12105,1,1
2019-12-27 15:26:57.000,12104,12105,12105,1,1
2019-12-27 15:26:57.000,12104,12105,12105,4,4
2019-12-27 15:26:57.000,12104,12105,12105,1,1
2019-12-27 15:26:57.000,12104,12105,12105,1,1
2019-12-27 15:27:27.000,12104,12105,12105,1,1
2019-12-27 15:27:27.000,12105,12106,12105,1,-1
2019-12-27 15:27:31.000,12104,12105,12105,2,2
2019-12-27 15:27:50.000,12104,12106,12106,1,1
2019-12-27 15:27:56.000,12104,12105,12105,1,1
2019-12-27 15:28:07.000,12104,12106,12104,1,-1
2019-12-27 15:28:18.000,12105,12106,12104,1,-1
2019-12-27 15:28:18.000,12105,12106,12105,1,1
2019-12-27 15:28:37.000,12104,12105,12105,1,1
2019-12-27 15:29:15.000,12105,12106,12105,1,-1
2019-12-27 15:29:36.000,12105,12106,12106,6,6
2019-12-27 15:29:37.000,12105,12106,12106,6,6
2019-12-27 15:29:49.000,12105,12106,12105,1,-1
2019-12-27 15:30:24.000,12105,12106,12106,2,2
2019-12-27 15:30:25.000,12105,12106,12105,1,-1
2019-12-27 15:30:26.000,12105,12106,12106,10,10
2019-12-27 15:30:37.000,12105,12106,12106,1,1
2019-12-27 15:30:51.000,12105,12106,12106,5,5
2019-12-27 15:30:52.000,12105,12106,12106,1,1
2019-12-27 15:30:57.000,12106,12107,12106,1,-1
2019-12-27 15:30:59.000,12106,12107,12106,2,-2
2019-12-27 15:31:13.000,12106,12107,12106,1,-1
2019-12-27 15:31:14.000,12106,12107,12106,4,-4
2019-12-27 15:31:25.000,12105,12106,12106,1,1
2019-12-27 15:31:26.000,12105,12106,12106,2,2
2019-12-27 15:31:33.000,12106,12107,12107,2,2
2019-12-27 15:31:34.000,12106,12107,12107,2,2
2019-12-27 15:31:34.000,12106,12107,12107,1,1
2019-12-27 15:31:36.000,12106,12107,12107,2,2
2019-12-27 15:31:45.000,12106,12107,12107,1,1
2019-12-27 15:31:54.000,12106,12107,12107,2,2
2019-12-27 15:31:54.000,12106,12107,12107,2,2
2019-12-27 15:31:54.000,12106,12107,12107,2,2
2019-12-27 15:31:55.000,12106,12107,12107,2,2
2019-12-27 15:31:56.000,12106,12107,12107,2,2
2019-12-27 15:31:57.000,12106,12107,12107,2,2
2019-12-27 15:32:06.000,12106,12107,12107,1,1
2019-12-27 15:32:06.000,12106,12107,12107,1,1
2019-12-27 15:32:07.000,12106,12107,12107,1,1
2019-12-27 15:32:49.000,12106,12107,12106,1,-1
2019-12-27 15:32:49.000,12106,12107,12107,1,1
2019-12-27 15:32:51.000,12106,12107,12106,1,-1
2019-12-27 15:32:53.000,12106,12107,12106,1,-1
2019-12-27 15:33:02.000,12106,12107,12106,1,-1
2019-12-27 15:33:44.000,12106,12107,12106,1,-1
2019-12-27 15:33:45.000,12106,12107,12106,1,-1
2019-12-27 15:33:45.000,12106,12107,12107,1,1
2019-12-27 15:33:45.000,12106,12107,12106,1,-1
2019-12-27 15:34:01.000,12106,12107,12106,1,-1
2019-12-27 15:34:02.000,12106,12107,12107,3,3
2019-12-27 15:34:02.000,12106,12107,12107,1,1
2019-12-27 15:34:09.000,12106,12107,12107,1,1
2019-12-27 15:34:25.000,12106,12107,12107,1,1
2019-12-27 15:34:26.000,12106,12107,12107,1,1
2019-12-27 15:34:26.000,12106,12107,12107,1,1
2019-12-27 15:34:30.000,12106,12107,12106,1,-1
2019-12-27 15:34:33.000,12106,12107,12106,1,-1
2019-12-27 15:34:33.000,12106,12107,12106,1,-1
2019-12-27 15:34:38.000,12106,12107,12107,1,1
2019-12-27 15:34:39.000,12106,12107,12107,1,1
2019-12-27 15:34:39.000,12106,12107,12107,1,1
2019-12-27 15:34:47.000,12106,12107,12106,1,-1
2019-12-27 15:34:55.000,12106,12107,12107,1,1
2019-12-27 15:34:57.000,12106,12107,12107,1,1
2019-12-27 15:35:17.000,12106,12107,12106,1,-1
2019-12-27 15:35:45.000,12106,12107,12106,1,-1
2019-12-27 15:35:58.000,12106,12107,12106,1,-1
2019-12-27 15:36:49.000,12106,12107,12106,1,-1
2019-12-27 15:37:40.000,12106,12107,12106,1,-1
2019-12-27 15:37:44.000,12106,12107,12106,4,-4
2019-12-27 15:37:46.000,12106,12107,12106,10,-10
2019-12-27 15:38:29.000,12105,12106,12106,1,1
2019-12-27 15:38:54.000,12105,12106,12106,1,1
2019-12-27 15:38:57.000,12105,12106,12106,1,1
2019-12-27 15:39:03.000,12105,12106,12106,1,1
2019-12-27 15:39:04.000,12105,12106,12106,1,1
2019-12-27 15:39:04.000,12105,12106,12106,1,1
2019-12-27 15:39:04.000,12105,12106,12106,1,1
2019-12-27 15:39:05.000,12105,12106,12106,1,1
2019-12-27 15:39:05.000,12105,12106,12106,1,1
2019-12-27 15:39:05.000,12105,12106,12106,1,1
2019-12-27 15:39:05.000,12105,12106,12106,1,1
2019-12-27 15:39:05.000,12105,12106,12106,1,1
2019-12-27 15:39:06.000,12105,12106,12106,1,1
2019-12-27 15:39:06.000,12105,12106,12106,1,1
2019-12-27 15:39:06.000,12105,12106,12106,1,1
2019-12-27 15:39:06.000,12105,12106,12106,1,1
2019-12-27 15:39:06.000,12105,12106,12106,1,1
2019-12-27 15:39:07.000,12105,12106,12106,1,1
2019-12-27 15:39:17.000,12105,12106,12106,1,1
2019-12-27 15:39:37.000,12105,12107,12105,1,-1
2019-12-27 15:39:57.000,12106,12107,12106,1,1
2019-12-27 15:40:18.000,12105,12106,12106,1,1
2019-12-27 15:40:19.000,12105,12106,12105,1,-1
2019-12-27 15:40:28.000,12105,12106,12106,1,1
2019-12-27 15:40:52.000,12105,12106,12106,1,1
2019-12-27 15:40:57.000,12105,12106,12106,1,1
2019-12-27 15:41:01.000,12105,12106,12106,1,1
2019-12-27 15:42:10.000,12105,12106,12106,2,2
2019-12-27 15:42:18.000,12105,12106,12106,1,1
2019-12-27 15:42:23.000,12105,12106,12106,3,3
2019-12-27 15:42:23.000,12106,12107,12106,4,-4
2019-12-27 15:42:23.000,12106,12107,12106,1,-1
2019-12-27 15:42:25.000,12106,12107,12106,2,-2
2019-12-27 15:43:20.000,12105,12106,12105,1,-1
2019-12-27 15:43:32.000,12105,12106,12105,1,-1
2019-12-27 15:43:41.000,12105,12106,12105,1,-1
2019-12-27 15:43:53.000,12105,12106,12105,1,-1
2019-12-27 15:43:55.000,12105,12106,12106,1,1
2019-12-27 15:43:55.000,12105,12106,12106,1,1
2019-12-27 15:43:55.000,12105,12106,12106,1,1
2019-12-27 15:43:55.000,12105,12106,12106,1,1
2019-12-27 15:43:55.000,12105,12106,12106,1,1
2019-12-27 15:44:46.000,12105,12106,12106,1,1
2019-12-27 15:44:48.000,12105,12106,12106,1,1
2019-12-27 15:44:49.000,12105,12106,12106,1,1
2019-12-27 15:44:50.000,12105,12106,12106,1,1
2019-12-27 15:44:54.000,12105,12106,12106,1,1
2019-12-27 15:44:54.000,12105,12106,12106,1,1
2019-12-27 15:44:56.000,12105,12106,12106,1,1
2019-12-27 15:45:11.000,12105,12106,12106,1,1
2019-12-27 15:45:13.000,12105,12106,12106,2,2
2019-12-27 15:45:49.000,12106,12107,12106,1,-1
2019-12-27 15:46:02.000,12106,12107,12106,1,-1
2019-12-27 15:46:08.000,12106,12107,12106,1,-1
2019-12-27 15:47:28.000,12106,12107,12106,1,-1
2019-12-27 15:48:10.000,12106,12107,12106,1,-1
2019-12-27 15:48:15.000,12106,12107,12106,3,-3
2019-12-27 15:48:30.000,12106,12107,12106,2,-2
2019-12-27 15:49:02.000,12106,12107,12106,5,-5
2019-12-27 15:49:08.000,12106,12107,12106,1,-1
2019-12-27 15:49:11.000,12106,12107,12106,1,-1
2019-12-27 15:49:12.000,12106,12107,12106,5,-5
2019-12-27 15:49:12.000,12106,12107,12106,9,-9
2019-12-27 15:49:12.000,12106,12107,12106,2,-2
2019-12-27 15:49:12.000,12106,12107,12106,4,-4
2019-12-27 15:49:12.000,12106,12107,12106,2,-2
2019-12-27 15:49:12.000,12106,12107,12106,2,-2
2019-12-27 15:49:13.000,12105,12106,12105,5,-5
2019-12-27 15:49:25.000,12105,12106,12105,1,-1
2019-12-27 15:49:32.000,12105,12106,12105,1,-1
2019-12-27 15:49:37.000,12105,12106,12106,4,4
2019-12-27 15:49:40.000,12106,12107,12106,1,-1
2019-12-27 15:50:21.000,12105,12106,12105,1,-1
2019-12-27 15:50:21.000,12105,12106,12106,1,1
2019-12-27 15:50:24.000,12105,12106,12105,4,-4
2019-12-27 15:50:25.000,12105,12106,12106,3,3
2019-12-27 15:50:25.000,12106,12107,12106,1,-1
2019-12-27 15:50:43.000,12106,12107,12106,1,-1
2019-12-27 15:50:54.000,12106,12107,12106,1,-1
2019-12-27 15:51:01.000,12106,12107,12106,1,-1
2019-12-27 15:51:34.000,12105,12106,12106,1,1
2019-12-27 15:52:11.000,12105,12106,12106,1,1
2019-12-27 15:52:11.000,12105,12106,12106,1,1
2019-12-27 15:52:11.000,12105,12106,12106,1,1
2019-12-27 15:52:11.000,12105,12106,12106,1,1
2019-12-27 15:53:09.000,12106,12107,12106,1,-1
2019-12-27 15:53:13.000,12106,12107,12106,3,-3
2019-12-27 15:53:14.000,12106,12107,12107,1,1
2019-12-27 15:53:14.000,12106,12107,12107,1,1
2019-12-27 15:53:14.000,12106,12107,12107,1,1
2019-12-27 15:53:15.000,12106,12107,12106,7,-7
2019-12-27 15:53:31.000,12105,12106,12106,3,3
2019-12-27 15:54:29.000,12105,12106,12106,2,2
2019-12-27 15:54:40.000,12106,12107,12106,1,-1
2019-12-27 15:55:15.000,12105,12106,12106,1,1
2019-12-27 15:55:15.000,12105,12106,12106,1,1
2019-12-27 15:55:40.000,12105,12106,12106,1,1
2019-12-27 15:56:26.000,12106,12107,12106,1,-1
2019-12-27 15:56:56.000,12106,12107,12106,10,-10
2019-12-27 15:56:56.000,12106,12107,12106,2,-2
2019-12-27 15:57:22.000,12106,12107,12106,1,-1
2019-12-27 15:58:02.000,12105,12106,12106,1,1
2019-12-27 15:58:58.000,12105,12106,12106,1,1
2019-12-27 15:59:52.000,12105,12106,12106,2,2
2019-12-27 16:00:00.000,12105,12106,12106,2,2
2019-12-27 16:00:00.000,12105,12106,12106,2,2
2019-12-27 16:00:00.000,12105,12106,12106,1,1
2019-12-27 16:00:01.000,12106,12107,12106,1,-1
2019-12-27 16:00:01.000,12106,12107,12106,2,-2
2019-12-27 16:00:01.000,12106,12107,12106,1,-1
2019-12-27 16:00:02.000,12105,12106,12106,2,2
2019-12-27 16:00:02.000,12105,12107,12107,5,5
2019-12-27 16:00:02.000,12105,12107,12107,2,2
2019-12-27 16:00:03.000,12105,12107,12107,2,2
2019-12-27 16:00:05.000,12106,12107,12106,1,-1
2019-12-27 16:00:05.000,12106,12107,12106,1,-1
2019-12-27 16:00:05.000,12105,12106,12106,2,2
2019-12-27 16:00:18.000,12105,12106,12106,20,20
2019-12-27 16:00:18.000,12106,12107,12106,5,-5
2019-12-27 16:01:57.000,12106,12107,12106,5,-5
2019-12-27 16:01:57.000,12106,12107,12106,3,-3
2019-12-27 16:03:11.000,12105,12106,12106,1,1
2019-12-27 16:04:05.000,12105,12106,12106,2,2
2019-12-27 16:04:13.000,12105,12106,12106,2,2
2019-12-27 16:04:13.000,12105,12106,12106,1,1
2019-12-27 16:04:13.000,12105,12106,12106,1,1
2019-12-27 16:04:13.000,12105,12106,12106,1,1
2019-12-27 16:04:13.000,12105,12106,12106,1,1
2019-12-27 16:04:13.000,12105,12106,12106,1,1
2019-12-27 16:04:13.000,12105,12106,12106,1,1
2019-12-27 16:04:13.000,12105,12106,12106,1,1
2019-12-27 16:04:13.000,12105,12106,12106,1,1
2019-12-27 16:05:07.000,12105,12106,12105,1,-1
2019-12-27 16:05:38.000,12105,12106,12106,4,4
2019-12-27 16:05:42.000,12105,12106,12106,1,1
2019-12-27 16:05:50.000,12105,12106,12106,2,2
2019-12-27 16:06:10.000,12105,12106,12105,1,-1
2019-12-27 16:07:03.000,12105,12106,12106,4,4
2019-12-27 16:07:04.000,12105,12106,12106,17,17
2019-12-27 16:07:04.000,12105,12106,12106,3,3
2019-12-27 16:07:04.000,12105,12106,12106,5,5
2019-12-27 16:07:04.000,12105,12106,12106,2,2
2019-12-27 16:07:04.000,12106,12107,12107,1,1
2019-12-27 16:07:21.000,12106,12107,12107,4,4
2019-12-27 16:07:36.000,12106,12107,12107,4,4
2019-12-27 16:08:05.000,12106,12107,12106,2,-2
2019-12-27 16:08:56.000,12106,12107,12106,1,-1
2019-12-27 16:09:18.000,12106,12107,12106,1,-1
2019-12-27 16:09:18.000,12106,12107,12107,1,1
2019-12-27 16:09:23.000,12106,12107,12107,2,2
2019-12-27 16:09:23.000,12106,12107,12107,17,17
2019-12-27 16:10:00.000,12107,12108,12108,1,1
2019-12-27 16:10:00.000,12107,12108,12108,1,1
2019-12-27 16:10:00.000,12107,12108,12108,4,4
2019-12-27 16:10:00.000,12107,12108,12108,11,11
2019-12-27 16:10:00.000,12107,12108,12108,4,4
2019-12-27 16:10:00.000,12107,12108,12108,1,1
2019-12-27 16:10:00.000,12107,12108,12108,4,4
2019-12-27 16:10:00.000,12107,12108,12108,2,2
2019-12-27 16:10:01.000,12108,12109,12109,1,1
2019-12-27 16:10:01.000,12108,12109,12109,1,1
2019-12-27 16:10:01.000,12107,12109,12107,1,-1
2019-12-27 16:10:02.000,12107,12109,12109,10,10
2019-12-27 16:10:09.000,12108,12109,12108,2,-2
2019-12-27 16:10:11.000,12108,12109,12109,1,1
2019-12-27 16:10:13.000,12108,12109,12109,3,3
2019-12-27 16:10:16.000,12108,12109,12109,1,1
2019-12-27 16:10:21.000,12108,12109,12109,2,2
2019-12-27 16:10:26.000,12108,12109,12109,1,1
2019-12-27 16:10:29.000,12108,12109,12109,2,2
2019-12-27 16:10:34.000,12108,12109,12109,5,5
2019-12-27 16:10:59.000,12108,12109,12108,1,-1
2019-12-27 16:11:09.000,12108,12109,12108,1,-1
2019-12-27 16:11:20.000,12108,12109,12108,1,-1
2019-12-27 16:11:21.000,12108,12109,12108,2,-2
2019-12-27 16:11:22.000,12108,12109,12108,1,-1
2019-12-27 16:11:25.000,12108,12109,12107,1,-1
2019-12-27 16:11:25.000,12108,12109,12108,2,2
2019-12-27 16:11:29.000,12108,12109,12108,1,-1
2019-12-27 16:11:49.000,12108,12109,12108,1,-1
2019-12-27 16:11:53.000,12108,12109,12108,1,-1
2019-12-27 16:12:18.000,12107,12108,12108,1,1
2019-12-27 16:12:25.000,12107,12108,12108,1,1
2019-12-27 16:12:53.000,12107,12108,12108,4,4
2019-12-27 16:12:58.000,12107,12108,12108,1,1
2019-12-27 16:13:05.000,12107,12109,12109,1,1
2019-12-27 16:13:11.000,12107,12109,12109,4,4
2019-12-27 16:13:27.000,12107,12108,12108,1,1
2019-12-27 16:13:49.000,12107,12108,12108,1,1
2019-12-27 16:13:51.000,12107,12108,12108,1,1
2019-12-27 16:14:00.000,12107,12109,12109,1,1
2019-12-27 16:14:48.000,12107,12108,12108,1,1
2019-12-27 16:14:54.000,12107,12108,12108,1,1
2019-12-27 16:15:09.000,12107,12108,12108,2,2
2019-12-27 16:16:24.000,12107,12108,12108,2,2
2019-12-27 16:16:38.000,12107,12108,12108,2,2
2019-12-27 16:17:06.000,12107,12108,12108,1,1
2019-12-27 16:17:48.000,12107,12108,12107,3,-3
2019-12-27 16:18:28.000,12107,12108,12108,8,8
2019-12-27 16:18:29.000,12107,12108,12108,1,1
2019-12-27 16:19:53.000,12107,12108,12108,1,1
2019-12-27 16:19:54.000,12107,12108,12108,1,1
2019-12-27 16:19:56.000,12107,12108,12108,1,1
2019-12-27 16:19:59.000,12107,12108,12107,1,-1
2019-12-27 16:20:50.000,12107,12108,12108,1,1
2019-12-27 16:22:08.000,12107,12108,12108,1,1
2019-12-27 16:22:08.000,12107,12108,12108,3,3
2019-12-27 16:22:08.000,12107,12108,12108,2,2
2019-12-27 16:22:08.000,12107,12108,12108,6,6
2019-12-27 16:22:08.000,12107,12108,12108,2,2
2019-12-27 16:22:08.000,12107,12108,12108,1,1
2019-12-27 16:22:08.000,12107,12108,12108,1,1
2019-12-27 16:22:08.000,12107,12108,12108,1,1
2019-12-27 16:22:08.000,12107,12108,12108,1,1
2019-12-27 16:22:08.000,12107,12108,12108,3,3
2019-12-27 16:22:51.000,12108,12109,12109,4,4
2019-12-27 16:22:59.000,12108,12109,12109,1,1
2019-12-27 16:23:04.000,12108,12109,12109,1,1
2019-12-27 16:23:06.000,12108,12109,12109,1,1
2019-12-27 16:23:06.000,12108,12109,12109,3,3
2019-12-27 16:23:07.000,12108,12109,12109,2,2
2019-12-27 16:23:09.000,12108,12109,12109,1,1
2019-12-27 16:23:46.000,12109,12110,12109,5,-5
2019-12-27 16:23:53.000,12109,12110,12109,2,-2
2019-12-27 16:23:57.000,12109,12110,12109,1,-1
2019-12-27 16:24:14.000,12108,12109,12108,1,-1
2019-12-27 16:24:22.000,12108,12109,12108,1,-1
2019-12-27 16:24:31.000,12108,12109,12108,1,-1
2019-12-27 16:24:36.000,12108,12109,12109,1,1
2019-12-27 16:24:37.000,12108,12109,12109,1,1
2019-12-27 16:24:37.000,12108,12109,12109,1,1
2019-12-27 16:24:40.000,12108,12109,12109,1,1
2019-12-27 16:24:55.000,12108,12109,12109,1,1
2019-12-27 16:24:56.000,12108,12109,12109,1,1
2019-12-27 16:24:57.000,12108,12109,12109,1,1
2019-12-27 16:25:00.000,12108,12109,12109,1,1
2019-12-27 16:25:05.000,12108,12109,12109,1,1
2019-12-27 16:25:09.000,12108,12109,12109,1,1
2019-12-27 16:25:46.000,12108,12109,12108,1,-1
2019-12-27 16:26:03.000,12108,12109,12108,12,-12
2019-12-27 16:26:05.000,12107,12108,12107,2,-2
2019-12-27 16:26:05.000,12107,12108,12107,4,-4
2019-12-27 16:26:05.000,12107,12108,12107,18,-18
2019-12-27 16:26:05.000,12107,12108,12107,1,-1
2019-12-27 16:26:05.000,12106,12107,12106,1,-1
2019-12-27 16:26:33.000,12107,12108,12107,1,1
2019-12-27 16:27:01.000,12107,12108,12108,2,2
2019-12-27 16:27:01.000,12107,12108,12107,1,-1
2019-12-27 16:28:03.000,12107,12108,12108,2,2
2019-12-27 16:28:03.000,12107,12109,12109,1,1
2019-12-27 16:28:09.000,12107,12108,12108,1,1
2019-12-27 16:28:20.000,12107,12108,12107,2,-2
2019-12-27 16:28:48.000,12107,12108,12107,7,-7
2019-12-27 16:28:49.000,12107,12108,12107,1,-1
2019-12-27 16:28:49.000,12106,12107,12107,1,1
2019-12-27 16:29:12.000,12106,12107,12107,1,1
2019-12-27 16:29:22.000,12106,12107,12107,2,2
2019-12-27 16:29:24.000,12106,12107,12107,3,3
2019-12-27 16:29:32.000,12107,12108,12107,2,-2
2019-12-27 16:29:36.000,12107,12108,12107,1,-1
2019-12-27 16:29:38.000,12107,12108,12107,1,-1
2019-12-27 16:29:40.000,12107,12108,12108,2,2
2019-12-27 16:30:13.000,12107,12108,12108,2,2
2019-12-27 16:31:06.000,12107,12108,12108,1,1
2019-12-27 16:31:25.000,12107,12108,12108,5,5
2019-12-27 16:31:48.000,12107,12108,12108,1,1
2019-12-27 16:33:05.000,12107,12108,12108,1,1
2019-12-27 16:33:59.000,12107,12108,12108,1,1
2019-12-27 16:34:48.000,12108,12109,12108,1,-1
2019-12-27 16:36:06.000,12108,12109,12108,1,-1
2019-12-27 16:36:07.000,12108,12109,12109,1,1
2019-12-27 16:36:22.000,12108,12109,12109,1,1
2019-12-27 16:36:44.000,12108,12109,12108,1,-1
2019-12-27 16:37:04.000,12108,12109,12108,1,-1
2019-12-27 16:37:04.000,12108,12109,12108,3,-3
2019-12-27 16:37:04.000,12107,12108,12108,1,1
2019-12-27 16:37:06.000,12107,12108,12108,1,1
2019-12-27 16:37:07.000,12107,12108,12108,1,1
2019-12-27 16:37:09.000,12107,12108,12107,5,-5
2019-12-27 16:37:14.000,12107,12108,12108,2,2
2019-12-27 16:37:14.000,12107,12108,12107,17,-17
2019-12-27 16:37:14.000,12106,12107,12106,3,-3
2019-12-27 16:37:20.000,12107,12108,12107,1,1
2019-12-27 16:38:57.000,12106,12107,12107,1,1
2019-12-27 16:38:57.000,12106,12107,12107,1,1
2019-12-27 16:39:00.000,12107,12108,12107,1,-1
2019-12-27 16:39:11.000,12107,12108,12107,1,-1
2019-12-27 16:39:17.000,12106,12107,12107,1,1
2019-12-27 16:39:17.000,12107,12108,12108,1,1
2019-12-27 16:40:14.000,12107,12108,12108,2,2
2019-12-27 16:40:15.000,12107,12108,12108,1,1
2019-12-27 16:40:24.000,12107,12108,12108,2,2
2019-12-27 16:40:24.000,12107,12108,12108,1,1
2019-12-27 16:40:24.000,12107,12108,12108,2,2
2019-12-27 16:40:24.000,12107,12108,12108,2,2
2019-12-27 16:40:24.000,12108,12109,12109,4,4
2019-12-27 16:40:32.000,12108,12109,12109,5,5
2019-12-27 16:40:41.000,12108,12109,12108,4,-4
2019-12-27 16:40:41.000,12108,12109,12108,1,-1
2019-12-27 16:40:44.000,12107,12108,12108,2,2
2019-12-27 16:40:59.000,12107,12108,12107,9,-9
2019-12-27 16:41:41.000,12106,12107,12106,1,-1
2019-12-27 16:41:41.000,12106,12107,12106,27,-27
2019-12-27 16:41:41.000,12105,12106,12105,1,-1
2019-12-27 16:41:46.000,12105,12106,12105,5,-5
2019-12-27 16:42:06.000,12105,12106,12106,1,1
2019-12-27 16:42:07.000,12105,12106,12105,2,-2
2019-12-27 16:42:07.000,12105,12106,12105,1,-1
2019-12-27 16:42:32.000,12105,12106,12106,1,1
2019-12-27 16:42:40.000,12106,12107,12106,1,-1
2019-12-27 16:42:50.000,12106,12107,12106,1,-1
2019-12-27 16:42:56.000,12106,12107,12106,1,-1
2019-12-27 16:43:28.000,12105,12106,12106,2,2
2019-12-27 16:43:34.000,12105,12106,12106,1,1
2019-12-27 16:43:36.000,12105,12106,12105,1,-1
2019-12-27 16:43:48.000,12105,12106,12105,3,-3
2019-12-27 16:44:09.000,12105,12106,12105,1,-1
2019-12-27 16:44:11.000,12105,12106,12105,1,-1
2019-12-27 16:44:20.000,12105,12106,12106,1,1
2019-12-27 16:44:23.000,12105,12106,12106,5,5
2019-12-27 16:44:24.000,12105,12106,12106,1,1
2019-12-27 16:44:36.000,12105,12106,12106,1,1
2019-12-27 16:45:10.000,12105,12106,12106,4,4
2019-12-27 16:45:17.000,12105,12106,12106,2,2
2019-12-27 16:45:19.000,12105,12106,12105,1,-1
2019-12-27 16:45:21.000,12105,12106,12106,1,1
2019-12-27 16:45:22.000,12105,12106,12106,1,1
2019-12-27 16:45:35.000,12106,12107,12107,1,1
2019-12-27 16:45:41.000,12106,12107,12107,2,2
2019-12-27 16:45:45.000,12106,12107,12107,1,1
2019-12-27 16:45:46.000,12107,12108,12107,1,-1
2019-12-27 16:45:50.000,12107,12108,12107,2,-2
2019-12-27 16:45:59.000,12107,12108,12107,2,-2
2019-12-27 16:46:00.000,12106,12107,12107,1,1
2019-12-27 16:46:04.000,12107,12108,12107,1,-1
2019-12-27 16:46:10.000,12107,12108,12107,2,-2
2019-12-27 16:46:15.000,12107,12108,12107,1,-1
2019-12-27 16:46:20.000,12107,12108,12107,1,-1
2019-12-27 16:47:13.000,12106,12107,12107,1,1
2019-12-27 16:47:30.000,12106,12107,12107,2,2
2019-12-27 16:47:48.000,12106,12107,12106,10,-10
2019-12-27 16:47:50.000,12105,12107,12105,1,-1
2019-12-27 16:48:10.000,12105,12106,12105,1,-1
2019-12-27 16:48:19.000,12105,12106,12106,2,2
2019-12-27 16:48:32.000,12105,12106,12106,2,2
2019-12-27 16:48:57.000,12105,12106,12106,2,2
2019-12-27 16:50:16.000,12106,12107,12107,1,1
2019-12-27 16:50:18.000,12106,12107,12107,2,2
2019-12-27 16:50:23.000,12107,12108,12107,2,-2
2019-12-27 16:50:25.000,12107,12108,12107,3,-3
2019-12-27 16:50:35.000,12107,12108,12108,5,5
2019-12-27 16:50:37.000,12107,12108,12108,1,1
2019-12-27 16:50:44.000,12107,12108,12108,2,2
2019-12-27 16:50:44.000,12107,12108,12108,1,1
2019-12-27 16:50:51.000,12108,12109,12108,1,-1
2019-12-27 16:51:08.000,12108,12109,12108,1,-1
2019-12-27 16:51:18.000,12108,12109,12108,3,-3
2019-12-27 16:51:20.000,12108,12109,12108,2,-2
2019-12-27 16:51:28.000,12107,12108,12108,1,1
2019-12-27 16:52:37.000,12107,12108,12108,4,4
2019-12-27 16:53:05.000,12107,12108,12108,2,2
2019-12-27 16:53:54.000,12107,12108,12108,1,1
2019-12-27 16:53:57.000,12107,12108,12108,4,4
2019-12-27 16:55:02.000,12107,12108,12107,2,-2
2019-12-27 16:55:08.000,12107,12108,12107,1,-1
2019-12-27 16:55:08.000,12107,12108,12107,1,-1
2019-12-27 16:55:08.000,12107,12108,12107,1,-1
2019-12-27 16:55:09.000,12107,12108,12107,1,-1
2019-12-27 16:55:09.000,12107,12108,12107,1,-1
2019-12-27 16:55:18.000,12106,12107,12107,1,1
2019-12-27 16:55:24.000,12106,12107,12106,2,-2
2019-12-27 16:55:25.000,12106,12107,12106,2,-2
2019-12-27 16:55:36.000,12106,12107,12106,2,-2
2019-12-27 16:55:36.000,12106,12107,12106,2,-2
2019-12-27 16:55:36.000,12106,12107,12106,4,-4
2019-12-27 16:55:38.000,12105,12106,12105,2,-2
2019-12-27 16:55:40.000,12105,12106,12105,18,-18
2019-12-27 16:55:40.000,12105,12106,12105,13,-13
2019-12-27 16:55:48.000,12104,12105,12104,1,-1
2019-12-27 16:55:50.000,12104,12105,12104,1,-1
2019-12-27 16:55:51.000,12104,12105,12104,1,-1
2019-12-27 16:55:52.000,12104,12105,12104,1,-1
2019-12-27 16:55:53.000,12104,12105,12104,2,-2
2019-12-27 16:55:54.000,12104,12105,12104,2,-2
2019-12-27 16:55:54.000,12104,12105,12104,2,-2
2019-12-27 16:55:55.000,12104,12105,12104,2,-2
2019-12-27 16:55:55.000,12104,12105,12104,4,-4
2019-12-27 16:55:59.000,12104,12105,12104,1,-1
2019-12-27 16:55:59.000,12104,12105,12104,2,-2
2019-12-27 16:56:02.000,12104,12105,12104,1,-1
2019-12-27 16:56:09.000,12104,12105,12105,2,2
2019-12-27 16:56:32.000,12104,12105,12104,1,-1
2019-12-27 16:56:32.000,12104,12105,12105,1,1
2019-12-27 16:57:09.000,12104,12105,12104,1,-1
2019-12-27 16:57:31.000,12104,12105,12104,2,-2
2019-12-27 16:57:32.000,12104,12105,12104,1,-1
2019-12-27 16:57:36.000,12104,12105,12104,1,-1
2019-12-27 16:57:46.000,12104,12105,12104,2,-2
2019-12-27 16:57:48.000,12104,12105,12105,2,2
2019-12-27 16:58:02.000,12104,12105,12105,3,3
2019-12-27 16:58:09.000,12104,12105,12105,1,1
2019-12-27 16:58:31.000,12104,12105,12105,3,3
2019-12-27 16:58:31.000,12104,12105,12105,1,1
2019-12-27 16:58:31.000,12104,12105,12105,2,2
2019-12-27 16:58:31.000,12104,12105,12105,3,3
2019-12-27 16:58:31.000,12104,12105,12105,2,2
2019-12-27 16:59:15.000,12105,12106,12105,2,-2
2019-12-27 17:00:08.000,12105,12106,12105,1,-1
2019-12-27 17:00:08.000,12105,12106,12105,1,-1
2019-12-27 17:00:09.000,12104,12105,12104,2,-2
2019-12-27 17:00:09.000,12104,12105,12104,1,-1
2019-12-27 17:00:46.000,12104,12105,12104,1,-1
2019-12-27 17:00:46.000,12104,12105,12104,2,-2
2019-12-27 17:00:46.000,12104,12105,12104,1,-1
2019-12-27 17:00:57.000,12104,12105,12104,1,-1
2019-12-27 17:01:05.000,12104,12105,12104,1,-1
2019-12-27 17:01:05.000,12104,12105,12104,1,-1
2019-12-27 17:02:00.000,12104,12105,12104,1,-1
2019-12-27 17:02:03.000,12104,12105,12105,6,6
2019-12-27 17:02:16.000,12104,12105,12104,1,-1
2019-12-27 17:02:16.000,12104,12105,12104,1,-1
2019-12-27 17:02:23.000,12104,12105,12105,2,2
2019-12-27 17:02:33.000,12104,12105,12105,1,1
2019-12-27 17:02:45.000,12104,12105,12105,1,1
2019-12-27 17:02:53.000,12104,12105,12105,1,1
2019-12-27 17:03:22.000,12104,12105,12104,1,-1
2019-12-27 17:04:06.000,12104,12105,12104,1,-1
2019-12-27 17:04:11.000,12104,12105,12105,1,1
2019-12-27 17:04:44.000,12104,12105,12104,1,-1
2019-12-27 17:05:07.000,12104,12105,12104,1,-1
2019-12-27 17:05:07.000,12104,12105,12104,1,-1
2019-12-27 17:05:07.000,12104,12105,12104,1,-1
2019-12-27 17:05:40.000,12104,12105,12104,2,-2
2019-12-27 17:05:56.000,12104,12105,12104,1,-1
2019-12-27 17:06:33.000,12104,12105,12104,1,-1
2019-12-27 17:06:46.000,12104,12105,12104,1,-1
2019-12-27 17:07:01.000,12104,12105,12104,6,-6
2019-12-27 17:07:01.000,12104,12105,12104,1,-1
2019-12-27 17:07:01.000,12104,12105,12104,3,-3
2019-12-27 17:07:01.000,12104,12105,12104,4,-4
2019-12-27 17:07:01.000,12104,12105,12104,2,-2
2019-12-27 17:07:01.000,12104,12105,12104,11,-11
2019-12-27 17:07:01.000,12104,12105,12104,2,-2
2019-12-27 17:07:02.000,12104,12105,12104,3,-3
2019-12-27 17:07:02.000,12104,12105,12104,2,-2
2019-12-27 17:07:02.000,12104,12105,12104,3,-3
2019-12-27 17:07:02.000,12104,12105,12104,4,-4
2019-12-27 17:07:02.000,12104,12105,12104,6,-6
2019-12-27 17:07:02.000,12104,12105,12104,9,-9
2019-12-27 17:07:02.000,12104,12105,12104,6,-6
2019-12-27 17:07:04.000,12103,12104,12104,1,1
2019-12-27 17:07:05.000,12103,12104,12103,2,-2
2019-12-27 17:07:05.000,12103,12104,12103,1,-1
2019-12-27 17:07:05.000,12103,12104,12103,2,-2
2019-12-27 17:07:06.000,12103,12104,12103,1,-1
2019-12-27 17:07:10.000,12103,12104,12103,1,-1
2019-12-27 17:07:20.000,12103,12104,12103,2,-2
2019-12-27 17:07:21.000,12103,12104,12103,2,-2
2019-12-27 17:07:21.000,12103,12104,12103,1,-1
2019-12-27 17:07:21.000,12103,12104,12103,2,-2
2019-12-27 17:07:24.000,12103,12104,12103,20,-20
2019-12-27 17:07:25.000,12103,12104,12103,6,-6
2019-12-27 17:07:25.000,12103,12104,12103,2,-2
2019-12-27 17:07:44.000,12103,12104,12103,1,-1
2019-12-27 17:07:49.000,12103,12104,12103,5,-5
2019-12-27 17:07:50.000,12103,12104,12103,2,-2
2019-12-27 17:07:58.000,12103,12104,12103,1,-1
2019-12-27 17:08:00.000,12103,12104,12103,1,-1
2019-12-27 17:08:07.000,12103,12104,12103,6,-6
2019-12-27 17:08:08.000,12102,12103,12103,1,1
2019-12-27 17:08:08.000,12102,12103,12103,1,1
2019-12-27 17:08:10.000,12102,12103,12103,2,2
2019-12-27 17:08:18.000,12102,12103,12103,2,2
2019-12-27 17:08:23.000,12102,12103,12102,2,-2
2019-12-27 17:08:23.000,12102,12103,12102,1,-1
2019-12-27 17:08:23.000,12102,12103,12103,1,1
2019-12-27 17:08:33.000,12102,12103,12103,4,4
2019-12-27 17:08:33.000,12102,12103,12103,2,2
2019-12-27 17:08:33.000,12102,12103,12103,1,1
2019-12-27 17:08:33.000,12102,12103,12103,2,2
2019-12-27 17:08:33.000,12102,12103,12103,1,1
2019-12-27 17:08:40.000,12102,12103,12102,2,-2
2019-12-27 17:08:40.000,12102,12103,12102,2,-2
2019-12-27 17:08:40.000,12102,12103,12102,2,-2
2019-12-27 17:08:40.000,12102,12103,12102,2,-2
2019-12-27 17:08:40.000,12102,12103,12102,2,-2
2019-12-27 17:08:48.000,12102,12103,12103,6,6
2019-12-27 17:08:49.000,12102,12103,12102,36,-36
2019-12-27 17:08:54.000,12102,12103,12102,1,-1
2019-12-27 17:09:03.000,12102,12103,12102,1,-1
2019-12-27 17:09:04.000,12102,12103,12102,1,-1
2019-12-27 17:09:04.000,12102,12103,12102,16,-16
2019-12-27 17:09:08.000,12101,12102,12101,28,-28
2019-12-27 17:09:08.000,12100,12102,12100,1,-1
2019-12-27 17:09:08.000,12100,12101,12100,1,-1
2019-12-27 17:09:08.000,12100,12101,12100,4,-4
2019-12-27 17:09:08.000,12100,12101,12100,1,-1
2019-12-27 17:09:08.000,12100,12101,12100,1,-1
2019-12-27 17:09:08.000,12100,12101,12101,1,1
2019-12-27 17:09:09.000,12100,12101,12100,1,-1
2019-12-27 17:09:09.000,12100,12101,12101,1,1
2019-12-27 17:09:10.000,12100,12101,12100,2,-2
2019-12-27 17:09:10.000,12100,12101,12100,2,-2
2019-12-27 17:09:10.000,12100,12101,12100,2,-2
2019-12-27 17:09:10.000,12100,12101,12100,2,-2
2019-12-27 17:09:10.000,12100,12101,12100,2,-2
2019-12-27 17:09:10.000,12100,12101,12100,2,-2
2019-12-27 17:09:11.000,12100,12101,12100,2,-2
2019-12-27 17:09:12.000,12100,12101,12101,2,2
2019-12-27 17:09:13.000,12100,12101,12100,2,-2
2019-12-27 17:09:16.000,12100,12101,12100,2,-2
2019-12-27 17:09:18.000,12100,12101,12100,2,-2
2019-12-27 17:09:19.000,12100,12101,12100,2,-2
2019-12-27 17:09:19.000,12100,12101,12100,1,-1
2019-12-27 17:09:23.000,12100,12101,12100,5,-5
2019-12-27 17:09:23.000,12100,12101,12101,1,1
2019-12-27 17:09:40.000,12100,12101,12100,1,-1
2019-12-27 17:09:43.000,12100,12101,12100,1,-1
2019-12-27 17:09:44.000,12100,12101,12101,1,1
2019-12-27 17:09:49.000,12100,12101,12101,1,1
2019-12-27 17:09:53.000,12100,12101,12101,2,2
2019-12-27 17:09:57.000,12100,12101,12101,1,1
2019-12-27 17:09:59.000,12100,12101,12101,1,1
2019-12-27 17:09:59.000,12100,12101,12101,1,1
2019-12-27 17:09:59.000,12100,12101,12101,5,5
2019-12-27 17:10:01.000,12101,12102,12101,1,-1
2019-12-27 17:10:03.000,12101,12102,12101,1,-1
2019-12-27 17:10:06.000,12101,12102,12102,1,1
2019-12-27 17:10:32.000,12101,12102,12101,1,-1
2019-12-27 17:10:45.000,12101,12102,12101,1,-1
2019-12-27 17:10:48.000,12101,12102,12101,3,-3
2019-12-27 17:10:48.000,12100,12101,12101,1,1
2019-12-27 17:10:54.000,12100,12101,12101,1,1
2019-12-27 17:11:06.000,12100,12101,12101,2,2
2019-12-27 17:11:10.000,12100,12101,12101,1,1
2019-12-27 17:11:29.000,12101,12102,12101,1,-1
2019-12-27 17:11:40.000,12101,12102,12101,2,-2
2019-12-27 17:11:47.000,12101,12102,12101,2,-2
2019-12-27 17:11:58.000,12101,12102,12101,1,-1
2019-12-27 17:11:58.000,12101,12102,12101,1,-1
2019-12-27 17:12:16.000,12101,12102,12101,1,-1
2019-12-27 17:12:20.000,12101,12102,12101,1,-1
2019-12-27 17:12:39.000,12101,12102,12101,2,-2
2019-12-27 17:12:54.000,12101,12102,12102,2,2
2019-12-27 17:13:11.000,12101,12102,12102,36,36
2019-12-27 17:13:11.000,12101,12102,12102,3,3
2019-12-27 17:13:11.000,12101,12102,12102,1,1
2019-12-27 17:13:19.000,12102,12103,12103,6,6
2019-12-27 17:13:20.000,12102,12103,12102,1,-1
2019-12-27 17:13:46.000,12102,12103,12102,4,-4
2019-12-27 17:13:47.000,12102,12103,12102,1,-1
2019-12-27 17:13:57.000,12101,12102,12102,1,1
2019-12-27 17:13:57.000,12101,12102,12102,1,1
2019-12-27 17:13:58.000,12101,12103,12101,1,-1
2019-12-27 17:14:03.000,12101,12103,12101,1,-1
2019-12-27 17:14:27.000,12102,12103,12102,2,2
2019-12-27 17:14:28.000,12102,12103,12102,1,-1
2019-12-27 17:14:44.000,12102,12103,12102,1,-1
2019-12-27 17:14:44.000,12102,12103,12102,1,-1
2019-12-27 17:14:49.000,12102,12103,12102,2,-2
2019-12-27 17:14:54.000,12101,12102,12101,1,-1
2019-12-27 17:15:00.000,12101,12102,12102,3,3
2019-12-27 17:15:09.000,12102,12103,12102,2,-2
2019-12-27 17:15:13.000,12102,12103,12102,1,-1
2019-12-27 17:15:18.000,12102,12103,12102,1,-1
2019-12-27 17:15:23.000,12101,12102,12102,2,2
2019-12-27 17:15:51.000,12101,12102,12101,1,-1
2019-12-27 17:15:51.000,12101,12102,12101,1,-1
2019-12-27 17:16:23.000,12101,12102,12102,1,1
2019-12-27 17:16:23.000,12101,12102,12102,2,2
2019-12-27 17:16:23.000,12101,12102,12102,6,6
2019-12-27 17:16:23.000,12101,12102,12102,3,3
2019-12-27 17:16:23.000,12101,12102,12102,3,3
2019-12-27 17:16:24.000,12102,12103,12102,1,-1
2019-12-27 17:16:24.000,12102,12103,12102,2,-2
2019-12-27 17:16:24.000,12102,12103,12102,1,-1
2019-12-27 17:16:28.000,12102,12103,12102,1,-1
2019-12-27 17:16:28.000,12102,12103,12102,2,-2
2019-12-27 17:16:28.000,12102,12103,12102,1,-1
2019-12-27 17:16:28.000,12102,12103,12102,1,-1
2019-12-27 17:16:29.000,12102,12103,12102,1,-1
2019-12-27 17:16:35.000,12102,12103,12103,3,3
2019-12-27 17:16:37.000,12102,12103,12103,1,1
2019-12-27 17:17:45.000,12103,12104,12103,1,-1
2019-12-27 17:18:00.000,12103,12104,12103,1,-1
2019-12-27 17:18:36.000,12103,12104,12103,1,-1
2019-12-27 17:18:36.000,12103,12104,12103,1,-1
2019-12-27 17:19:04.000,12103,12104,12104,2,2
2019-12-27 17:19:07.000,12103,12104,12104,1,1
2019-12-27 17:19:25.000,12103,12104,12104,1,1
2019-12-27 17:19:25.000,12103,12104,12103,1,-1
2019-12-27 17:19:25.000,12103,12104,12103,1,-1
2019-12-27 17:19:39.000,12103,12104,12104,1,1
2019-12-27 17:19:47.000,12103,12104,12104,4,4
2019-12-27 17:19:47.000,12104,12105,12104,1,-1
2019-12-27 17:21:14.000,12104,12105,12105,1,1
2019-12-27 17:21:14.000,12104,12105,12105,1,1
2019-12-27 17:21:14.000,12104,12105,12104,2,-2
2019-12-27 17:21:23.000,12104,12105,12104,1,-1
2019-12-27 17:21:24.000,12104,12105,12104,1,-1
2019-12-27 17:21:25.000,12104,12105,12104,1,-1
2019-12-27 17:21:39.000,12104,12105,12104,1,-1
2019-12-27 17:21:39.000,12104,12105,12104,1,-1
2019-12-27 17:21:40.000,12104,12105,12104,1,-1
2019-12-27 17:21:43.000,12104,12105,12104,1,-1
2019-12-27 17:21:52.000,12104,12105,12104,1,-1
2019-12-27 17:22:07.000,12103,12104,12103,1,-1
2019-12-27 17:22:12.000,12103,12104,12104,1,1
2019-12-27 17:22:12.000,12103,12104,12104,2,2
2019-12-27 17:22:16.000,12104,12105,12104,1,-1
2019-12-27 17:22:50.000,12103,12104,12103,1,-1
2019-12-27 17:23:01.000,12103,12104,12104,3,3
2019-12-27 17:23:07.000,12103,12104,12104,2,2
2019-12-27 17:23:18.000,12103,12104,12104,1,1
2019-12-27 17:23:39.000,12103,12104,12104,1,1
2019-12-27 17:23:57.000,12103,12104,12103,7,-7
2019-12-27 17:24:03.000,12103,12104,12103,7,-7
2019-12-27 17:24:26.000,12102,12103,12102,1,-1
2019-12-27 17:25:01.000,12102,12103,12102,1,-1
2019-12-27 17:25:04.000,12102,12103,12102,1,-1
2019-12-27 17:25:06.000,12102,12103,12102,7,-7
2019-12-27 17:25:13.000,12102,12103,12102,1,-1
2019-12-27 17:25:22.000,12102,12103,12102,2,-2
2019-12-27 17:25:33.000,12102,12103,12102,1,-1
2019-12-27 17:25:35.000,12102,12103,12102,1,-1
2019-12-27 17:25:35.000,12102,12103,12102,1,-1
2019-12-27 17:25:36.000,12101,12102,12101,1,-1
2019-12-27 17:25:40.000,12101,12102,12102,1,1
2019-12-27 17:25:59.000,12101,12102,12102,1,1
2019-12-27 17:26:12.000,12101,12102,12102,1,1
2019-12-27 17:26:18.000,12101,12102,12102,5,5
2019-12-27 17:26:19.000,12101,12103,12101,1,-1
2019-12-27 17:26:20.000,12101,12102,12101,2,-2
2019-12-27 17:26:22.000,12101,12102,12102,2,2
2019-12-27 17:26:23.000,12101,12102,12102,1,1
2019-12-27 17:26:24.000,12102,12103,12102,1,-1
2019-12-27 17:26:31.000,12102,12103,12102,1,-1
2019-12-27 17:26:36.000,12101,12102,12102,1,1
2019-12-27 17:26:37.000,12102,12103,12102,1,-1
2019-12-27 17:26:40.000,12102,12103,12102,1,-1
2019-12-27 17:26:44.000,12101,12102,12101,1,-1
2019-12-27 17:27:05.000,12101,12102,12102,2,2
2019-12-27 17:27:06.000,12101,12103,12102,1,-1
2019-12-27 17:27:24.000,12102,12103,12102,2,-2
2019-12-27 17:27:27.000,12102,12103,12102,1,-1
2019-12-27 17:27:32.000,12102,12103,12103,2,2
2019-12-27 17:27:56.000,12102,12103,12103,1,1
2019-12-27 17:27:58.000,12102,12103,12102,1,-1
2019-12-27 17:28:13.000,12102,12103,12102,1,-1
2019-12-27 17:28:45.000,12102,12103,12103,3,3
2019-12-27 17:29:09.000,12102,12103,12102,1,-1
2019-12-27 17:29:18.000,12102,12103,12102,1,-1
2019-12-27 17:29:25.000,12102,12103,12102,1,-1
2019-12-27 17:29:44.000,12102,12103,12102,1,-1
2019-12-27 17:29:55.000,12102,12103,12102,1,-1
2019-12-27 17:30:37.000,12102,12103,12102,1,-1
2019-12-27 17:30:37.000,12102,12103,12102,2,-2
2019-12-27 17:30:40.000,12102,12103,12102,1,-1
2019-12-27 17:30:40.000,12102,12103,12102,1,-1
2019-12-27 17:31:01.000,12102,12103,12102,1,-1
2019-12-27 17:31:49.000,12102,12103,12102,1,-1
2019-12-27 17:32:05.000,12102,12103,12102,1,-1
2019-12-27 17:32:07.000,12102,12103,12102,1,-1
2019-12-27 17:32:24.000,12102,12103,12102,1,-1
2019-12-27 17:32:49.000,12102,12103,12103,4,4
2019-12-27 17:32:49.000,12102,12103,12103,5,5
2019-12-27 17:34:29.000,12103,12104,12103,1,-1
2019-12-27 17:34:49.000,12103,12104,12103,1,-1
2019-12-27 17:34:49.000,12103,12104,12103,1,-1
2019-12-27 17:35:41.000,12103,12104,12103,1,-1
2019-12-27 17:36:04.000,12103,12104,12104,3,3
2019-12-27 17:36:18.000,12103,12104,12103,1,-1
2019-12-27 17:36:21.000,12103,12104,12104,1,1
2019-12-27 17:36:35.000,12103,12104,12103,1,-1
2019-12-27 17:36:50.000,12103,12104,12103,1,-1
2019-12-27 17:37:13.000,12103,12104,12103,1,-1
2019-12-27 17:37:19.000,12103,12104,12103,1,-1
2019-12-27 17:37:26.000,12103,12104,12103,1,-1
2019-12-27 17:37:26.000,12103,12104,12103,1,-1
2019-12-27 17:37:26.000,12103,12104,12103,1,-1
2019-12-27 17:37:26.000,12103,12104,12103,1,-1
2019-12-27 17:37:40.000,12102,12103,12103,1,1
2019-12-27 17:37:46.000,12102,12103,12103,1,1
2019-12-27 17:37:48.000,12102,12103,12102,1,-1
2019-12-27 17:37:48.000,12102,12103,12102,1,-1
2019-12-27 17:38:00.000,12102,12103,12102,5,-5
2019-12-27 17:38:05.000,12102,12103,12102,1,-1
2019-12-27 17:38:08.000,12102,12103,12102,1,-1
2019-12-27 17:38:19.000,12102,12103,12102,5,-5
2019-12-27 17:38:47.000,12102,12103,12102,5,-5
2019-12-27 17:39:04.000,12102,12103,12102,2,-2
2019-12-27 17:39:11.000,12101,12102,12101,1,-1
2019-12-27 17:39:11.000,12101,12102,12101,1,-1
2019-12-27 17:39:11.000,12101,12102,12101,1,-1
2019-12-27 17:39:32.000,12101,12102,12101,3,-3
2019-12-27 17:39:33.000,12101,12102,12101,10,-10
2019-12-27 17:39:35.000,12101,12102,12101,2,-2
2019-12-27 17:39:38.000,12101,12102,12101,2,-2
2019-12-27 17:39:59.000,12101,12102,12101,5,-5
2019-12-27 17:39:59.000,12101,12102,12101,5,-5
2019-12-27 17:40:02.000,12101,12102,12101,1,-1
2019-12-27 17:40:02.000,12101,12102,12101,1,-1
2019-12-27 17:40:18.000,12100,12101,12101,1,1
2019-12-27 17:40:33.000,12100,12101,12100,1,-1
2019-12-27 17:40:33.000,12100,12101,12100,1,-1
2019-12-27 17:40:33.000,12100,12101,12100,1,-1
2019-12-27 17:40:43.000,12100,12101,12101,2,2
2019-12-27 17:40:45.000,12100,12101,12100,2,-2
2019-12-27 17:40:57.000,12100,12101,12100,1,-1
2019-12-27 17:41:00.000,12100,12101,12100,1,-1
2019-12-27 17:41:06.000,12100,12101,12101,1,1
2019-12-27 17:41:07.000,12100,12101,12100,1,-1
2019-12-27 17:41:12.000,12100,12101,12100,1,-1
2019-12-27 17:41:17.000,12100,12101,12100,10,-10
2019-12-27 17:41:31.000,12100,12101,12101,5,5
2019-12-27 17:41:31.000,12100,12101,12101,2,2
2019-12-27 17:41:39.000,12101,12102,12101,3,-3
2019-12-27 17:41:39.000,12101,12102,12101,1,-1
2019-12-27 17:41:48.000,12100,12101,12101,1,1
2019-12-27 17:42:37.000,12101,12102,12102,1,1
2019-12-27 17:42:51.000,12101,12102,12102,1,1
2019-12-27 17:43:00.000,12101,12102,12101,1,-1
2019-12-27 17:43:15.000,12101,12102,12101,12,-12
2019-12-27 17:43:15.000,12101,12102,12101,1,-1
2019-12-27 17:43:15.000,12101,12102,12101,1,-1
2019-12-27 17:43:42.000,12100,12101,12101,1,1
2019-12-27 17:43:54.000,12100,12101,12100,1,-1
2019-12-27 17:44:10.000,12100,12101,12100,1,-1
2019-12-27 17:44:16.000,12100,12101,12100,1,-1
2019-12-27 17:44:16.000,12100,12101,12101,2,2
2019-12-27 17:44:17.000,12100,12101,12101,2,2
2019-12-27 17:44:19.000,12100,12101,12101,5,5
2019-12-27 17:44:19.000,12100,12101,12101,2,2
2019-12-27 17:44:20.000,12100,12102,12100,2,-2
2019-12-27 17:44:25.000,12100,12101,12100,3,-3
2019-12-27 17:44:44.000,12100,12101,12100,1,-1
2019-12-27 17:44:51.000,12100,12101,12100,1,-1
2019-12-27 17:44:51.000,12100,12101,12100,1,-1
2019-12-27 17:44:59.000,12100,12101,12101,1,1
2019-12-27 17:45:10.000,12100,12101,12101,1,1
2019-12-27 17:45:14.000,12100,12101,12101,2,2
2019-12-27 17:45:23.000,12100,12101,12101,1,1
2019-12-27 17:45:23.000,12100,12101,12101,1,1
2019-12-27 17:45:26.000,12100,12101,12101,1,1
2019-12-27 17:45:33.000,12100,12101,12101,1,1
2019-12-27 17:45:34.000,12100,12101,12101,1,1
2019-12-27 17:45:47.000,12100,12101,12101,1,1
2019-12-27 17:45:47.000,12100,12101,12101,4,4
2019-12-27 17:46:07.000,12101,12102,12101,1,-1
2019-12-27 17:46:07.000,12101,12102,12101,1,-1
2019-12-27 17:46:07.000,12101,12102,12101,1,-1
2019-12-27 17:46:07.000,12101,12102,12101,1,-1
2019-12-27 17:46:07.000,12101,12102,12101,1,-1
2019-12-27 17:46:25.000,12101,12102,12102,2,2
2019-12-27 17:46:31.000,12101,12102,12101,4,-4
2019-12-27 17:46:34.000,12101,12102,12101,1,-1
2019-12-27 17:47:21.000,12101,12102,12101,1,-1
2019-12-27 17:47:31.000,12101,12102,12102,5,5
2019-12-27 17:47:32.000,12101,12102,12102,5,5
2019-12-27 17:47:36.000,12101,12102,12102,1,1
2019-12-27 17:47:48.000,12102,12103,12102,4,-4
2019-12-27 17:48:05.000,12101,12102,12102,1,1
2019-12-27 17:48:06.000,12101,12103,12101,1,-1
2019-12-27 17:48:40.000,12101,12102,12102,1,1
2019-12-27 17:49:10.000,12102,12103,12102,1,-1
2019-12-27 17:50:14.000,12102,12103,12102,1,-1
2019-12-27 17:50:14.000,12102,12103,12102,1,-1
2019-12-27 17:50:38.000,12102,12103,12102,1,-1
2019-12-27 17:51:04.000,12102,12103,12102,1,-1
2019-12-27 17:51:18.000,12102,12103,12103,14,14
2019-12-27 17:52:59.000,12103,12104,12103,1,-1
2019-12-27 17:52:59.000,12103,12104,12103,1,-1
2019-12-27 17:53:12.000,12103,12104,12104,2,2
2019-12-27 17:53:13.000,12103,12104,12104,2,2
2019-12-27 17:53:14.000,12103,12104,12103,1,-1
2019-12-27 17:54:28.000,12103,12104,12103,2,-2
2019-12-27 17:54:28.000,12103,12104,12103,1,-1
2019-12-27 17:54:28.000,12103,12104,12103,1,-1
2019-12-27 17:54:34.000,12103,12104,12103,1,-1
2019-12-27 17:54:44.000,12103,12104,12103,1,-1
2019-12-27 17:55:20.000,12103,12104,12103,1,-1
2019-12-27 17:55:37.000,12103,12104,12103,1,-1
2019-12-27 17:55:40.000,12103,12104,12103,1,-1
2019-12-27 17:55:51.000,12103,12104,12103,1,-1
2019-12-27 17:56:03.000,12103,12104,12103,1,-1
2019-12-27 17:56:17.000,12103,12104,12104,1,1
2019-12-27 17:56:48.000,12103,12104,12103,1,-1
2019-12-27 17:56:53.000,12103,12104,12103,1,-1
2019-12-27 17:56:54.000,12103,12104,12104,1,1
2019-12-27 17:57:11.000,12103,12104,12103,1,-1
2019-12-27 17:57:36.000,12103,12104,12103,1,-1
2019-12-27 17:57:43.000,12103,12104,12103,3,-3
2019-12-27 17:57:55.000,12103,12104,12103,1,-1
2019-12-27 17:58:28.000,12103,12104,12103,1,-1
2019-12-27 17:58:40.000,12103,12104,12104,2,2
2019-12-27 17:58:45.000,12103,12104,12103,1,-1
2019-12-27 17:59:08.000,12103,12104,12103,1,-1
2019-12-27 17:59:48.000,12103,12104,12103,2,-2
2019-12-27 17:59:48.000,12103,12104,12103,1,-1
2019-12-27 17:59:54.000,12103,12104,12104,1,1
2019-12-27 17:59:54.000,12103,12104,12104,1,1
2019-12-27 18:00:20.000,12103,12104,12103,1,-1
2019-12-27 18:00:20.000,12103,12104,12103,1,-1
2019-12-27 18:00:20.000,12103,12104,12103,1,-1
2019-12-27 18:00:21.000,12103,12104,12103,1,-1
2019-12-27 18:00:21.000,12103,12104,12103,1,-1
2019-12-27 18:00:21.000,12103,12104,12102,2,-2
2019-12-27 18:00:21.000,12103,12104,12103,3,3
2019-12-27 18:00:21.000,12103,12104,12102,2,-2
2019-12-27 18:00:22.000,12102,12104,12104,3,3
2019-12-27 18:00:49.000,12102,12104,12104,1,1
2019-12-27 18:01:02.000,12103,12104,12103,1,-1
2019-12-27 18:01:25.000,12102,12103,12102,1,-1
2019-12-27 18:01:46.000,12102,12103,12102,1,-1
2019-12-27 18:02:39.000,12102,12103,12102,1,-1
2019-12-27 18:02:39.000,12102,12103,12102,1,-1
2019-12-27 18:03:05.000,12102,12103,12102,1,-1
2019-12-27 18:03:31.000,12102,12103,12103,3,3
2019-12-27 18:03:40.000,12102,12103,12103,1,1
2019-12-27 18:03:40.000,12102,12104,12104,2,2
2019-12-27 18:04:55.000,12103,12104,12104,1,1
2019-12-27 18:05:04.000,12103,12104,12103,1,-1
2019-12-27 18:05:22.000,12103,12104,12103,1,-1
2019-12-27 18:05:24.000,12102,12104,12104,1,1
2019-12-27 18:05:33.000,12103,12104,12103,1,-1
2019-12-27 18:05:48.000,12103,12104,12103,1,-1
2019-12-27 18:05:51.000,12102,12103,12103,1,1
2019-12-27 18:06:22.000,12102,12104,12102,1,-1
2019-12-27 18:06:38.000,12102,12103,12102,1,-1
2019-12-27 18:06:44.000,12102,12103,12103,12,12
2019-12-27 18:06:44.000,12103,12104,12103,2,-2
2019-12-27 18:06:44.000,12103,12104,12103,1,-1
2019-12-27 18:07:14.000,12102,12103,12102,1,-1
2019-12-27 18:07:24.000,12102,12103,12102,2,-2
2019-12-27 18:08:17.000,12102,12103,12103,1,1
2019-12-27 18:08:26.000,12103,12104,12104,7,7
2019-12-27 18:08:42.000,12103,12104,12103,1,-1
2019-12-27 18:08:59.000,12103,12104,12103,1,-1
2019-12-27 18:09:21.000,12103,12104,12103,1,-1
2019-12-27 18:09:23.000,12103,12104,12103,1,-1
2019-12-27 18:09:36.000,12103,12104,12103,1,-1
2019-12-27 18:09:36.000,12103,12104,12103,1,-1
2019-12-27 18:09:53.000,12102,12103,12103,2,2
2019-12-27 18:10:05.000,12103,12104,12104,1,1
2019-12-27 18:10:35.000,12103,12104,12104,6,6
2019-12-27 18:10:42.000,12103,12104,12103,1,-1
2019-12-27 18:11:19.000,12103,12104,12103,1,-1
2019-12-27 18:11:35.000,12103,12104,12103,1,-1
2019-12-27 18:12:07.000,12103,12104,12103,1,-1
2019-12-27 18:12:35.000,12103,12104,12103,1,-1
2019-12-27 18:12:47.000,12103,12104,12104,18,18
2019-12-27 18:12:48.000,12103,12104,12104,6,6
2019-12-27 18:12:48.000,12103,12104,12104,6,6
2019-12-27 18:12:48.000,12103,12104,12104,4,4
2019-12-27 18:12:48.000,12103,12104,12104,3,3
2019-12-27 18:12:48.000,12103,12104,12104,3,3
2019-12-27 18:12:48.000,12103,12104,12104,4,4
2019-12-27 18:12:48.000,12103,12104,12104,17,17
2019-12-27 18:12:56.000,12104,12105,12105,2,2
2019-12-27 18:12:56.000,12104,12105,12105,9,9
2019-12-27 18:12:57.000,12105,12106,12106,1,1
2019-12-27 18:13:16.000,12105,12106,12106,2,2
2019-12-27 18:13:29.000,12105,12106,12106,1,1
2019-12-27 18:14:03.000,12105,12106,12106,5,5
2019-12-27 18:14:03.000,12105,12106,12106,5,5
2019-12-27 18:14:13.000,12105,12106,12106,5,5
2019-12-27 18:14:20.000,12105,12106,12105,1,-1
2019-12-27 18:14:23.000,12105,12106,12105,1,-1
2019-12-27 18:14:23.000,12105,12106,12105,1,-1
2019-12-27 18:14:33.000,12105,12106,12105,1,-1
2019-12-27 18:14:53.000,12105,12106,12105,1,-1
2019-12-27 18:15:16.000,12105,12106,12105,1,-1
2019-12-27 18:15:19.000,12105,12106,12106,8,8
2019-12-27 18:15:27.000,12105,12106,12105,1,-1
2019-12-27 18:15:34.000,12105,12106,12106,1,1
2019-12-27 18:15:42.000,12105,12106,12105,1,-1
2019-12-27 18:16:07.000,12105,12106,12105,3,-3
2019-12-27 18:16:15.000,12105,12106,12105,1,-1
2019-12-27 18:16:15.000,12105,12106,12105,1,-1
2019-12-27 18:16:28.000,12105,12106,12105,1,-1
2019-12-27 18:16:39.000,12105,12106,12105,1,-1
2019-12-27 18:16:51.000,12105,12106,12105,1,-1
2019-12-27 18:16:59.000,12105,12106,12106,1,1
2019-12-27 18:16:59.000,12105,12106,12106,4,4
2019-12-27 18:17:05.000,12105,12106,12106,2,2
2019-12-27 18:17:06.000,12105,12106,12106,2,2
2019-12-27 18:17:08.000,12105,12106,12106,6,6
2019-12-27 18:17:10.000,12105,12106,12106,1,1
2019-12-27 18:17:11.000,12105,12106,12106,1,1
2019-12-27 18:17:27.000,12105,12106,12106,1,1
2019-12-27 18:17:29.000,12106,12107,12107,1,1
2019-12-27 18:17:29.000,12106,12107,12107,1,1
2019-12-27 18:17:49.000,12106,12107,12107,1,1
2019-12-27 18:17:53.000,12106,12107,12107,4,4
2019-12-27 18:17:58.000,12106,12107,12107,1,1
2019-12-27 18:18:24.000,12106,12107,12107,1,1
2019-12-27 18:18:25.000,12106,12107,12107,1,1
2019-12-27 18:18:41.000,12106,12107,12107,1,1
2019-12-27 18:18:43.000,12106,12107,12106,1,-1
2019-12-27 18:18:46.000,12106,12107,12106,1,-1
2019-12-27 18:18:46.000,12106,12107,12106,1,-1
2019-12-27 18:18:46.000,12106,12107,12106,1,-1
2019-12-27 18:19:04.000,12105,12106,12106,1,1
2019-12-27 18:19:05.000,12106,12107,12106,1,-1
2019-12-27 18:19:19.000,12106,12107,12106,1,-1
2019-12-27 18:19:22.000,12106,12107,12107,1,1
2019-12-27 18:19:28.000,12106,12107,12107,1,1
2019-12-27 18:20:03.000,12106,12107,12106,1,-1
2019-12-27 18:20:03.000,12106,12107,12106,1,-1
2019-12-27 18:20:20.000,12106,12107,12106,1,-1
2019-12-27 18:20:30.000,12106,12107,12107,10,10
2019-12-27 18:20:33.000,12106,12107,12107,4,4
2019-12-27 18:20:42.000,12106,12107,12107,1,1
2019-12-27 18:20:43.000,12106,12107,12107,2,2
2019-12-27 18:20:54.000,12106,12107,12107,4,4
2019-12-27 18:20:58.000,12106,12107,12107,1,1
2019-12-27 18:21:12.000,12106,12107,12107,1,1
2019-12-27 18:21:19.000,12106,12107,12106,1,-1
2019-12-27 18:21:19.000,12106,12107,12106,1,-1
2019-12-27 18:21:35.000,12106,12107,12106,1,-1
2019-12-27 18:21:42.000,12106,12107,12107,1,1
2019-12-27 18:21:43.000,12106,12107,12107,4,4
2019-12-27 18:22:02.000,12106,12107,12107,1,1
2019-12-27 18:22:19.000,12106,12107,12107,3,3
2019-12-27 18:22:32.000,12106,12107,12107,1,1
2019-12-27 18:22:32.000,12106,12107,12107,1,1
2019-12-27 18:22:33.000,12106,12107,12107,1,1
2019-12-27 18:22:33.000,12106,12107,12107,1,1
2019-12-27 18:22:33.000,12106,12107,12106,1,-1
2019-12-27 18:22:37.000,12106,12107,12106,1,-1
2019-12-27 18:22:49.000,12106,12107,12106,1,-1
2019-12-27 18:23:06.000,12106,12107,12106,1,-1
2019-12-27 18:23:10.000,12106,12107,12106,1,-1
2019-12-27 18:23:18.000,12106,12107,12106,1,-1
2019-12-27 18:23:54.000,12106,12107,12106,1,-1
2019-12-27 18:24:09.000,12106,12107,12106,1,-1
2019-12-27 18:24:25.000,12106,12107,12106,3,-3
2019-12-27 18:24:25.000,12106,12107,12106,1,-1
2019-12-27 18:24:27.000,12106,12107,12106,5,-5
2019-12-27 18:24:59.000,12106,12107,12106,1,-1
2019-12-27 18:25:00.000,12106,12107,12106,1,-1
2019-12-27 18:25:20.000,12106,12107,12106,5,-5
2019-12-27 18:25:27.000,12105,12106,12106,2,2
2019-12-27 18:25:27.000,12106,12107,12106,1,-1
2019-12-27 18:25:51.000,12106,12107,12106,1,-1
2019-12-27 18:26:09.000,12106,12107,12106,1,-1
2019-12-27 18:26:53.000,12106,12107,12106,1,-1
2019-12-27 18:26:56.000,12106,12107,12107,1,1
2019-12-27 18:27:00.000,12106,12107,12106,1,-1
2019-12-27 18:27:08.000,12106,12107,12106,1,-1
2019-12-27 18:27:14.000,12106,12107,12107,1,1
2019-12-27 18:27:14.000,12105,12107,12105,1,-1
2019-12-27 18:27:14.000,12105,12107,12105,1,-1
2019-12-27 18:27:15.000,12105,12106,12106,1,1
2019-12-27 18:27:25.000,12105,12106,12106,1,1
2019-12-27 18:28:30.000,12106,12107,12106,1,-1
2019-12-27 18:28:30.000,12106,12107,12106,1,-1
2019-12-27 18:28:40.000,12106,12107,12106,1,-1
2019-12-27 18:28:41.000,12106,12107,12107,1,1
2019-12-27 18:28:51.000,12106,12107,12106,1,-1
2019-12-27 18:29:07.000,12106,12107,12106,2,-2
2019-12-27 18:29:19.000,12106,12107,12106,5,-5
2019-12-27 18:29:37.000,12106,12107,12106,1,-1
2019-12-27 18:29:54.000,12106,12107,12106,4,-4
2019-12-27 18:29:56.000,12106,12107,12106,1,-1
2019-12-27 18:29:56.000,12106,12107,12106,1,-1
2019-12-27 18:29:56.000,12106,12107,12106,1,-1
2019-12-27 18:30:01.000,12106,12107,12106,1,-1
2019-12-27 18:30:08.000,12106,12107,12105,1,-1
2019-12-27 18:30:08.000,12106,12107,12106,9,9
2019-12-27 18:30:08.000,12105,12107,12105,4,-4
2019-12-27 18:30:08.000,12105,12107,12105,1,-1
2019-12-27 18:30:08.000,12105,12107,12105,6,-6
2019-12-27 18:30:08.000,12105,12107,12104,20,-20
2019-12-27 18:30:08.000,12105,12107,12105,25,25
2019-12-27 18:30:08.000,12105,12107,12105,1,-1
2019-12-27 18:30:08.000,12105,12107,12104,5,-5
2019-12-27 18:30:08.000,12104,12105,12105,2,2
2019-12-27 18:30:09.000,12104,12105,12105,1,1
2019-12-27 18:30:38.000,12106,12107,12107,1,1
2019-12-27 18:31:04.000,12106,12107,12106,1,-1
2019-12-27 18:31:27.000,12106,12107,12106,1,-1
2019-12-27 18:31:27.000,12106,12107,12106,1,-1
2019-12-27 18:31:35.000,12106,12107,12106,1,-1
2019-12-27 18:31:38.000,12106,12107,12106,1,-1
2019-12-27 18:32:19.000,12106,12107,12107,12,12
2019-12-27 18:32:19.000,12106,12107,12107,2,2
2019-12-27 18:32:19.000,12106,12107,12107,2,2
2019-12-27 18:32:19.000,12106,12107,12107,11,11
2019-12-27 18:32:19.000,12106,12107,12107,2,2
2019-12-27 18:32:19.000,12106,12107,12107,2,2
2019-12-27 18:32:19.000,12106,12107,12108,1,1
2019-12-27 18:32:19.000,12106,12107,12108,25,25
2019-12-27 18:32:19.000,12106,12107,12108,11,11
2019-12-27 18:32:19.000,12106,12107,12108,3,3
2019-12-27 18:32:19.000,12107,12108,12108,1,1
2019-12-27 18:32:19.000,12107,12108,12108,2,2
2019-12-27 18:32:19.000,12107,12108,12108,27,27
2019-12-27 18:32:20.000,12108,12109,12108,1,-1
2019-12-27 18:32:20.000,12108,12109,12108,7,-7
2019-12-27 18:32:20.000,12107,12108,12108,1,1
2019-12-27 18:32:21.000,12107,12109,12109,2,2
2019-12-27 18:32:29.000,12108,12109,12109,3,3
2019-12-27 18:32:42.000,12108,12109,12109,9,9
2019-12-27 18:32:57.000,12108,12109,12109,1,1
2019-12-27 18:33:15.000,12108,12109,12108,4,-4
2019-12-27 18:33:15.000,12108,12109,12108,16,-16
2019-12-27 18:33:15.000,12108,12109,12108,1,-1
2019-12-27 18:33:22.000,12107,12108,12108,1,1
2019-12-27 18:33:32.000,12107,12108,12107,1,-1
2019-12-27 18:33:41.000,12107,12108,12107,5,-5
2019-12-27 18:33:41.000,12107,12108,12107,2,-2
2019-12-27 18:33:55.000,12107,12108,12107,1,-1
2019-12-27 18:33:57.000,12107,12108,12107,1,-1
2019-12-27 18:34:19.000,12107,12108,12107,1,-1
2019-12-27 18:34:23.000,12107,12108,12107,1,-1
2019-12-27 18:34:34.000,12107,12108,12107,1,-1
2019-12-27 18:34:45.000,12107,12108,12107,1,-1
2019-12-27 18:34:45.000,12107,12108,12107,1,-1
2019-12-27 18:34:45.000,12107,12108,12107,3,-3
2019-12-27 18:34:54.000,12106,12107,12106,1,-1
2019-12-27 18:35:06.000,12106,12107,12106,1,-1
2019-12-27 18:35:21.000,12106,12107,12106,1,-1
2019-12-27 18:35:34.000,12106,12107,12107,1,1
2019-12-27 18:36:07.000,12106,12107,12107,1,1
2019-12-27 18:36:18.000,12106,12107,12107,1,1
2019-12-27 18:36:19.000,12106,12107,12106,1,-1
2019-12-27 18:36:58.000,12106,12107,12106,1,-1
2019-12-27 18:37:15.000,12106,12107,12106,1,-1
2019-12-27 18:37:16.000,12106,12107,12107,1,1
2019-12-27 18:37:27.000,12106,12107,12107,1,1
2019-12-27 18:37:38.000,12106,12107,12107,1,1
2019-12-27 18:37:51.000,12106,12107,12107,3,3
2019-12-27 18:37:52.000,12106,12107,12107,3,3
2019-12-27 18:38:20.000,12106,12107,12106,1,-1
2019-12-27 18:38:26.000,12106,12107,12107,3,3
2019-12-27 18:38:39.000,12106,12107,12107,1,1
2019-12-27 18:38:48.000,12106,12107,12107,2,2
2019-12-27 18:39:09.000,12106,12107,12107,1,1
2019-12-27 18:39:25.000,12106,12107,12106,1,-1
2019-12-27 18:39:28.000,12106,12107,12106,15,-15
2019-12-27 18:39:52.000,12106,12107,12106,1,-1
2019-12-27 18:39:55.000,12106,12107,12106,1,-1
2019-12-27 18:39:55.000,12106,12107,12106,1,-1
2019-12-27 18:40:57.000,12106,12107,12107,1,1
2019-12-27 18:40:57.000,12106,12107,12106,1,-1
2019-12-27 18:40:57.000,12106,12107,12106,1,-1
2019-12-27 18:41:12.000,12106,12107,12106,1,-1
2019-12-27 18:41:36.000,12106,12107,12106,6,-6
2019-12-27 18:41:36.000,12105,12107,12106,3,-3
2019-12-27 18:42:07.000,12105,12106,12106,7,7
2019-12-27 18:42:25.000,12106,12107,12106,1,-1
2019-12-27 18:42:43.000,12105,12107,12105,1,-1
2019-12-27 18:43:29.000,12105,12106,12105,1,-1
2019-12-27 18:43:29.000,12105,12106,12105,1,-1
2019-12-27 18:43:50.000,12105,12106,12106,4,4
2019-12-27 18:43:57.000,12106,12107,12106,1,-1
2019-12-27 18:44:30.000,12106,12107,12106,1,-1
2019-12-27 18:44:31.000,12106,12107,12105,3,-3
2019-12-27 18:44:31.000,12106,12107,12106,14,14
2019-12-27 18:44:31.000,12106,12107,12105,3,-3
2019-12-27 18:44:31.000,12105,12106,12105,13,-13
2019-12-27 18:44:31.000,12105,12106,12105,2,-2
2019-12-27 18:44:31.000,12105,12106,12105,6,-6
2019-12-27 18:45:37.000,12105,12106,12105,1,-1
2019-12-27 18:45:54.000,12105,12106,12105,1,-1
2019-12-27 18:45:54.000,12105,12106,12105,1,-1
2019-12-27 18:46:59.000,12105,12106,12105,1,-1
2019-12-27 18:47:19.000,12105,12106,12105,1,-1
2019-12-27 18:47:19.000,12105,12106,12105,1,-1
2019-12-27 18:47:29.000,12105,12106,12106,1,1
2019-12-27 18:47:58.000,12105,12106,12106,1,1
2019-12-27 18:48:23.000,12105,12106,12106,1,1
2019-12-27 18:49:00.000,12105,12106,12105,1,-1
2019-12-27 18:49:23.000,12105,12106,12105,1,-1
2019-12-27 18:49:23.000,12105,12106,12105,1,-1
2019-12-27 18:50:20.000,12105,12106,12105,1,-1
2019-12-27 18:50:41.000,12105,12106,12105,1,-1
2019-12-27 18:50:58.000,12105,12106,12105,1,-1
2019-12-27 18:50:58.000,12104,12105,12105,1,1
2019-12-27 18:50:58.000,12104,12105,12105,2,2
2019-12-27 18:50:58.000,12104,12105,12105,1,1
2019-12-27 18:51:29.000,12105,12106,12106,1,1
2019-12-27 18:51:48.000,12105,12106,12105,1,-1
2019-12-27 18:52:08.000,12105,12106,12105,1,-1
2019-12-27 18:52:08.000,12105,12106,12105,1,-1
2019-12-27 18:52:09.000,12105,12106,12105,1,-1
2019-12-27 18:52:09.000,12105,12106,12105,1,-1
2019-12-27 18:52:09.000,12105,12106,12105,1,-1
2019-12-27 18:53:01.000,12104,12106,12104,1,-1
2019-12-27 18:53:22.000,12104,12106,12104,1,-1
2019-12-27 18:53:37.000,12104,12105,12105,1,1
2019-12-27 18:53:44.000,12104,12105,12105,2,2
2019-12-27 18:53:48.000,12105,12106,12105,1,-1
2019-12-27 18:54:26.000,12105,12106,12105,1,-1
2019-12-27 18:54:27.000,12105,12106,12106,3,3
2019-12-27 18:54:35.000,12105,12106,12106,1,1
2019-12-27 18:54:35.000,12105,12106,12106,2,2
2019-12-27 18:55:12.000,12105,12106,12106,1,1
2019-12-27 18:55:55.000,12106,12107,12106,1,-1
2019-12-27 18:55:57.000,12106,12107,12106,1,-1
2019-12-27 18:56:50.000,12106,12107,12106,1,-1
2019-12-27 18:57:06.000,12106,12107,12106,1,-1
2019-12-27 18:57:06.000,12106,12107,12106,1,-1
2019-12-27 18:57:12.000,12106,12107,12106,2,-2
2019-12-27 18:58:22.000,12106,12107,12106,1,-1
2019-12-27 18:58:22.000,12106,12107,12106,1,-1
2019-12-27 18:58:37.000,12106,12107,12106,1,-1
2019-12-27 18:59:13.000,12106,12107,12106,1,-1
2019-12-27 18:59:28.000,12106,12107,12106,1,-1
2019-12-27 18:59:43.000,12106,12107,12106,1,-1
2019-12-27 19:00:00.000,12106,12107,12106,1,-1
2019-12-27 19:00:47.000,12106,12107,12106,1,-1
2019-12-27 19:01:05.000,12106,12107,12106,1,-1
2019-12-27 19:01:09.000,12106,12107,12107,1,1
2019-12-27 19:01:15.000,12106,12107,12107,16,16
2019-12-27 19:01:31.000,12107,12108,12108,1,1
2019-12-27 19:01:31.000,12107,12108,12108,2,2
2019-12-27 19:01:41.000,12107,12108,12108,1,1
2019-12-27 19:02:12.000,12107,12108,12108,1,1
2019-12-27 19:02:13.000,12107,12108,12107,2,-2
2019-12-27 19:02:21.000,12107,12108,12107,5,-5
2019-12-27 19:02:33.000,12107,12108,12107,1,-1
2019-12-27 19:03:05.000,12107,12108,12108,1,1
2019-12-27 19:03:07.000,12107,12108,12107,5,-5
2019-12-27 19:03:26.000,12107,12108,12107,1,-1
2019-12-27 19:03:30.000,12107,12108,12108,32,32
2019-12-27 19:03:30.000,12107,12108,12108,6,6
2019-12-27 19:03:31.000,12108,12109,12108,1,-1
2019-12-27 19:03:31.000,12108,12109,12108,1,-1
2019-12-27 19:03:37.000,12108,12109,12109,17,17
2019-12-27 19:03:37.000,12108,12109,12109,1,1
2019-12-27 19:03:37.000,12108,12109,12109,4,4
2019-12-27 19:03:37.000,12108,12109,12109,3,3
2019-12-27 19:03:37.000,12109,12110,12110,2,2
2019-12-27 19:03:37.000,12109,12110,12110,1,1
2019-12-27 19:03:37.000,12109,12110,12110,1,1
2019-12-27 19:03:37.000,12109,12110,12110,4,4
2019-12-27 19:03:37.000,12109,12110,12110,4,4
2019-12-27 19:03:38.000,12109,12110,12110,2,2
2019-12-27 19:03:38.000,12109,12110,12110,1,1
2019-12-27 19:03:38.000,12109,12110,12110,2,2
2019-12-27 19:03:38.000,12109,12110,12110,2,2
2019-12-27 19:03:38.000,12109,12110,12110,1,1
2019-12-27 19:04:04.000,12109,12110,12109,2,-2
2019-12-27 19:04:07.000,12108,12109,12109,1,1
2019-12-27 19:04:11.000,12108,12109,12109,1,1
2019-12-27 19:04:12.000,12108,12109,12109,1,1
2019-12-27 19:04:15.000,12108,12109,12109,1,1
2019-12-27 19:04:31.000,12108,12109,12109,1,1
2019-12-27 19:04:31.000,12108,12109,12109,2,2
2019-12-27 19:04:31.000,12108,12109,12110,1,1
2019-12-27 19:04:36.000,12108,12110,12110,3,3
2019-12-27 19:04:38.000,12109,12110,12109,3,-3
2019-12-27 19:04:39.000,12108,12109,12108,2,-2
2019-12-27 19:04:40.000,12108,12109,12109,8,8
2019-12-27 19:04:50.000,12108,12109,12109,1,1
2019-12-27 19:05:24.000,12109,12110,12109,1,-1
2019-12-27 19:05:39.000,12109,12110,12109,3,-3
2019-12-27 19:05:39.000,12109,12110,12109,4,-4
2019-12-27 19:05:40.000,12108,12109,12108,1,-1
2019-12-27 19:06:06.000,12108,12109,12108,2,-2
2019-12-27 19:06:07.000,12108,12109,12108,2,-2
2019-12-27 19:06:37.000,12108,12109,12108,5,-5
2019-12-27 19:06:38.000,12108,12109,12108,5,-5
2019-12-27 19:06:39.000,12108,12109,12108,10,-10
2019-12-27 19:06:41.000,12107,12108,12107,1,-1
2019-12-27 19:06:41.000,12107,12108,12107,1,-1
2019-12-27 19:06:43.000,12107,12108,12107,1,-1
2019-12-27 19:06:52.000,12107,12108,12108,3,3
2019-12-27 19:07:08.000,12108,12109,12108,2,-2
2019-12-27 19:07:28.000,12107,12108,12108,1,1
2019-12-27 19:08:16.000,12107,12108,12107,1,-1
2019-12-27 19:08:29.000,12107,12108,12108,2,2
2019-12-27 19:08:59.000,12107,12108,12108,1,1
2019-12-27 19:09:27.000,12107,12108,12107,1,-1
2019-12-27 19:09:49.000,12107,12108,12107,1,-1
2019-12-27 19:09:49.000,12107,12108,12107,1,-1
2019-12-27 19:09:49.000,12107,12108,12107,1,-1
2019-12-27 19:09:59.000,12107,12108,12108,1,1
2019-12-27 19:09:59.000,12107,12108,12108,1,1
2019-12-27 19:10:00.000,12107,12108,12108,2,2
2019-12-27 19:10:01.000,12107,12108,12108,2,2
2019-12-27 19:10:10.000,12107,12108,12108,1,1
2019-12-27 19:10:11.000,12107,12108,12108,1,1
2019-12-27 19:10:13.000,12107,12108,12108,1,1
2019-12-27 19:10:30.000,12107,12108,12107,1,-1
2019-12-27 19:10:54.000,12107,12108,12107,2,-2
2019-12-27 19:10:54.000,12107,12108,12107,2,-2
2019-12-27 19:10:54.000,12107,12108,12107,8,-8
2019-12-27 19:10:54.000,12107,12108,12107,1,-1
2019-12-27 19:10:57.000,12106,12107,12107,1,1
2019-12-27 19:11:03.000,12106,12107,12107,1,1
2019-12-27 19:11:08.000,12106,12107,12107,2,2
2019-12-27 19:11:12.000,12106,12107,12107,1,1
2019-12-27 19:11:20.000,12106,12107,12107,1,1
2019-12-27 19:11:27.000,12106,12107,12107,2,2
2019-12-27 19:11:32.000,12106,12107,12107,2,2
2019-12-27 19:11:32.000,12106,12107,12107,1,1
2019-12-27 19:11:34.000,12107,12108,12107,1,-1
2019-12-27 19:11:59.000,12106,12107,12106,1,-1
2019-12-27 19:12:15.000,12106,12107,12106,1,-1
2019-12-27 19:12:15.000,12106,12107,12106,1,-1
2019-12-27 19:13:04.000,12106,12107,12107,5,5
2019-12-27 19:14:04.000,12107,12108,12107,2,-2
2019-12-27 19:14:14.000,12107,12108,12107,1,-1
2019-12-27 19:14:29.000,12107,12108,12107,5,-5
2019-12-27 19:14:44.000,12106,12107,12107,1,1
2019-12-27 19:14:54.000,12106,12107,12107,1,1
2019-12-27 19:14:55.000,12106,12107,12106,1,-1
2019-12-27 19:15:04.000,12106,12107,12106,1,-1
2019-12-27 19:15:04.000,12106,12107,12106,1,-1
2019-12-27 19:15:11.000,12106,12107,12106,1,-1
2019-12-27 19:15:36.000,12106,12107,12106,2,-2
2019-12-27 19:15:47.000,12106,12107,12106,1,-1
2019-12-27 19:16:02.000,12106,12107,12107,1,1
2019-12-27 19:16:18.000,12106,12107,12106,1,-1
2019-12-27 19:16:34.000,12106,12107,12106,1,-1
2019-12-27 19:16:40.000,12106,12107,12107,2,2
2019-12-27 19:16:45.000,12106,12107,12106,1,-1
2019-12-27 19:16:45.000,12106,12107,12106,1,-1
2019-12-27 19:17:00.000,12106,12107,12106,1,-1
2019-12-27 19:17:36.000,12106,12107,12107,4,4
2019-12-27 19:18:14.000,12106,12107,12106,1,-1
2019-12-27 19:18:35.000,12106,12107,12107,1,1
2019-12-27 19:18:59.000,12106,12107,12106,1,-1
2019-12-27 19:19:09.000,12106,12107,12106,1,-1
2019-12-27 19:19:14.000,12106,12107,12106,1,-1
2019-12-27 19:19:31.000,12106,12107,12106,1,-1
2019-12-27 19:20:21.000,12106,12107,12106,1,-1
2019-12-27 19:20:38.000,12106,12107,12106,1,-1
2019-12-27 19:20:38.000,12106,12107,12106,1,-1
2019-12-27 19:20:39.000,12106,12107,12106,10,-10
2019-12-27 19:20:40.000,12106,12107,12106,1,-1
2019-12-27 19:20:42.000,12106,12107,12106,1,-1
2019-12-27 19:21:42.000,12106,12107,12106,1,-1
2019-12-27 19:21:55.000,12106,12107,12106,7,-7
2019-12-27 19:21:58.000,12105,12106,12106,2,2
2019-12-27 19:21:58.000,12105,12106,12106,3,3
2019-12-27 19:22:17.000,12106,12107,12106,1,-1
2019-12-27 19:22:58.000,12106,12107,12107,1,1
2019-12-27 19:23:15.000,12106,12107,12106,1,-1
2019-12-27 19:23:15.000,12106,12107,12106,1,-1
2019-12-27 19:23:34.000,12106,12107,12106,1,-1
2019-12-27 19:24:16.000,12106,12107,12106,1,-1
2019-12-27 19:24:31.000,12106,12107,12106,1,-1
2019-12-27 19:24:36.000,12106,12107,12106,1,-1
2019-12-27 19:24:52.000,12106,12107,12106,1,-1
2019-12-27 19:24:55.000,12106,12107,12106,1,-1
2019-12-27 19:25:13.000,12106,12107,12106,2,-2
2019-12-27 19:25:32.000,12105,12106,12105,1,-1
2019-12-27 19:25:32.000,12105,12106,12105,1,-1
2019-12-27 19:25:57.000,12105,12106,12105,1,-1
2019-12-27 19:26:29.000,12105,12106,12105,1,-1
2019-12-27 19:26:46.000,12105,12106,12105,1,-1
2019-12-27 19:27:17.000,12105,12106,12105,1,-1
2019-12-27 19:27:49.000,12105,12106,12105,1,-1
2019-12-27 19:28:07.000,12105,12106,12105,1,-1
2019-12-27 19:28:07.000,12105,12106,12106,1,1
2019-12-27 19:28:16.000,12105,12106,12106,2,2
2019-12-27 19:28:17.000,12105,12106,12106,1,1
2019-12-27 19:28:23.000,12105,12106,12106,1,1
2019-12-27 19:28:23.000,12105,12106,12106,1,1
2019-12-27 19:28:30.000,12105,12106,12106,5,5
2019-12-27 19:29:47.000,12106,12107,12106,1,-1
2019-12-27 19:30:01.000,12106,12107,12106,1,-1
2019-12-27 19:30:51.000,12106,12107,12106,1,-1
2019-12-27 19:30:51.000,12106,12107,12106,1,-1
2019-12-27 19:30:51.000,12106,12107,12106,1,-1
2019-12-27 19:30:51.000,12106,12107,12106,1,-1
2019-12-27 19:31:21.000,12106,12107,12106,1,-1
2019-12-27 19:31:21.000,12106,12107,12106,1,-1
2019-12-27 19:31:54.000,12106,12107,12106,5,-5
2019-12-27 19:32:13.000,12105,12106,12106,1,1
2019-12-27 19:32:22.000,12105,12106,12106,1,1
2019-12-27 19:32:22.000,12105,12106,12106,2,2
2019-12-27 19:33:04.000,12106,12107,12106,1,-1
2019-12-27 19:33:04.000,12106,12107,12106,1,-1
2019-12-27 19:33:19.000,12105,12106,12105,1,-1
2019-12-27 19:34:05.000,12105,12106,12105,1,-1
2019-12-27 19:34:05.000,12105,12106,12105,1,-1
2019-12-27 19:34:21.000,12105,12106,12105,1,-1
2019-12-27 19:34:43.000,12105,12106,12106,3,3
2019-12-27 19:34:59.000,12105,12106,12105,1,-1
2019-12-27 19:35:16.000,12105,12106,12105,1,-1
2019-12-27 19:35:23.000,12105,12106,12106,4,4
2019-12-27 19:35:23.000,12105,12106,12106,2,2
2019-12-27 19:35:33.000,12106,12107,12107,4,4
2019-12-27 19:35:33.000,12106,12107,12107,4,4
2019-12-27 19:35:33.000,12106,12107,12107,1,1
2019-12-27 19:35:37.000,12106,12107,12107,1,1
2019-12-27 19:35:40.000,12106,12107,12106,1,-1
2019-12-27 19:36:03.000,12106,12107,12106,2,-2
2019-12-27 19:36:37.000,12106,12107,12106,1,-1
2019-12-27 19:36:58.000,12106,12107,12106,1,-1
2019-12-27 19:37:06.000,12106,12107,12106,19,-19
2019-12-27 19:37:42.000,12105,12106,12106,1,1
2019-12-27 19:37:43.000,12105,12106,12106,2,2
2019-12-27 19:38:00.000,12105,12107,12105,1,-1
2019-12-27 19:38:02.000,12105,12106,12106,2,2
2019-12-27 19:38:29.000,12106,12107,12106,1,-1
2019-12-27 19:39:13.000,12106,12107,12106,1,-1
2019-12-27 19:39:13.000,12106,12107,12106,2,-2
2019-12-27 19:39:21.000,12105,12106,12106,1,1
2019-12-27 19:39:28.000,12105,12106,12105,1,-1
2019-12-27 19:40:32.000,12105,12106,12105,1,-1
2019-12-27 19:40:32.000,12105,12106,12105,1,-1
2019-12-27 19:41:04.000,12105,12106,12105,1,-1
2019-12-27 19:41:09.000,12105,12106,12106,15,15
2019-12-27 19:41:09.000,12105,12106,12105,1,-1
2019-12-27 19:41:43.000,12105,12106,12105,1,-1
2019-12-27 19:41:59.000,12105,12106,12105,1,-1
2019-12-27 19:42:16.000,12105,12106,12105,1,-1
2019-12-27 19:42:16.000,12105,12106,12105,2,-2
2019-12-27 19:42:26.000,12105,12106,12106,1,1
2019-12-27 19:42:33.000,12105,12106,12106,1,1
2019-12-27 19:42:34.000,12105,12106,12106,1,1
2019-12-27 19:42:41.000,12105,12106,12106,1,1
2019-12-27 19:42:41.000,12105,12106,12106,1,1
2019-12-27 19:42:47.000,12105,12106,12106,1,1
2019-12-27 19:42:47.000,12105,12106,12105,1,-1
2019-12-27 19:42:49.000,12105,12106,12106,7,7
2019-12-27 19:42:49.000,12105,12106,12106,2,2
2019-12-27 19:42:49.000,12105,12106,12106,4,4
2019-12-27 19:42:49.000,12105,12106,12106,2,2
2019-12-27 19:42:49.000,12105,12106,12106,1,1
2019-12-27 19:42:49.000,12105,12106,12106,2,2
2019-12-27 19:43:03.000,12106,12107,12107,5,5
2019-12-27 19:43:04.000,12106,12107,12106,1,-1
2019-12-27 19:43:04.000,12106,12107,12106,1,-1
2019-12-27 19:43:04.000,12106,12107,12106,1,-1
2019-12-27 19:43:04.000,12105,12107,12105,1,-1
2019-12-27 19:43:05.000,12105,12107,12105,1,-1
2019-12-27 19:43:05.000,12105,12107,12105,1,-1
2019-12-27 19:43:05.000,12105,12107,12105,1,-1
2019-12-27 19:43:05.000,12105,12107,12105,1,-1
2019-12-27 19:43:05.000,12105,12107,12105,1,-1
2019-12-27 19:43:06.000,12105,12107,12105,1,-1
2019-12-27 19:44:40.000,12105,12107,12105,1,-1
2019-12-27 19:45:02.000,12105,12106,12105,1,-1
2019-12-27 19:45:02.000,12105,12106,12105,1,-1
2019-12-27 19:45:39.000,12105,12106,12106,1,1
2019-12-27 19:45:48.000,12105,12106,12106,1,1
2019-12-27 19:45:53.000,12105,12106,12106,1,1
2019-12-27 19:46:05.000,12105,12106,12106,1,1
2019-12-27 19:46:37.000,12105,12106,12105,1,-1
2019-12-27 19:47:25.000,12105,12106,12105,1,-1
2019-12-27 19:47:25.000,12105,12106,12105,1,-1
2019-12-27 19:47:42.000,12105,12106,12105,1,-1
2019-12-27 19:48:00.000,12105,12106,12106,14,14
2019-12-27 19:48:00.000,12105,12106,12106,4,4
2019-12-27 19:48:30.000,12106,12107,12107,2,2
2019-12-27 19:49:03.000,12106,12107,12106,1,-1
2019-12-27 19:49:03.000,12106,12107,12106,1,-1
2019-12-27 19:49:07.000,12106,12107,12107,3,3
2019-12-27 19:49:26.000,12106,12107,12107,1,1
2019-12-27 19:50:12.000,12106,12107,12106,1,-1
2019-12-27 19:50:19.000,12106,12107,12107,1,1
2019-12-27 19:50:24.000,12106,12107,12106,2,-2
2019-12-27 19:50:27.000,12106,12107,12106,1,-1
2019-12-27 19:50:27.000,12106,12107,12106,1,-1
2019-12-27 19:50:33.000,12106,12107,12107,1,1
2019-12-27 19:51:11.000,12106,12107,12107,1,1
2019-12-27 19:51:25.000,12106,12107,12107,2,2
2019-12-27 19:51:32.000,12106,12107,12106,15,-15
2019-12-27 19:51:33.000,12106,12107,12106,1,-1
2019-12-27 19:51:44.000,12106,12107,12106,1,-1
2019-12-27 19:51:52.000,12106,12107,12107,1,1
2019-12-27 19:52:43.000,12106,12107,12106,1,-1
2019-12-27 19:52:58.000,12106,12107,12106,1,-1
2019-12-27 19:52:58.000,12106,12107,12106,1,-1
2019-12-27 19:53:43.000,12106,12107,12107,1,1
2019-12-27 19:54:00.000,12106,12107,12106,1,-1
2019-12-27 19:54:01.000,12106,12107,12107,2,2
2019-12-27 19:54:22.000,12106,12107,12107,1,1
2019-12-27 19:54:29.000,12106,12107,12106,1,-1
2019-12-27 19:54:49.000,12106,12107,12106,1,-1
2019-12-27 19:55:34.000,12106,12107,12107,4,4
2019-12-27 19:55:59.000,12106,12107,12107,1,1
2019-12-27 19:56:19.000,12106,12107,12107,1,1
2019-12-27 19:56:23.000,12106,12107,12107,1,1
2019-12-27 19:57:19.000,12107,12108,12107,1,-1
2019-12-27 19:57:46.000,12107,12108,12107,1,-1
2019-12-27 19:57:46.000,12107,12108,12107,1,-1
2019-12-27 19:58:37.000,12107,12108,12107,1,-1
2019-12-27 19:59:02.000,12107,12108,12107,1,-1
2019-12-27 19:59:02.000,12107,12108,12106,1,-1
2019-12-27 19:59:04.000,12106,12107,12107,1,1
2019-12-27 19:59:14.000,12106,12108,12108,1,1
2019-12-27 19:59:20.000,12107,12108,12107,1,-1
2019-12-27 20:00:00.000,12107,12108,12107,1,-1
2019-12-27 20:00:00.000,12107,12108,12107,2,-2
2019-12-27 20:00:11.000,12107,12108,12107,1,-1
2019-12-27 20:00:12.000,12106,12107,12106,2,-2
2019-12-27 20:00:12.000,12106,12107,12106,5,-5
2019-12-27 20:00:12.000,12106,12107,12107,5,5
2019-12-27 20:00:12.000,12106,12107,12108,2,2
2019-12-27 20:00:20.000,12107,12108,12107,1,-1
2019-12-27 20:01:06.000,12107,12108,12107,1,-1
2019-12-27 20:01:06.000,12107,12108,12107,1,-1
2019-12-27 20:01:30.000,12107,12108,12107,2,-2
2019-12-27 20:01:30.000,12107,12108,12107,2,-2
2019-12-27 20:01:30.000,12107,12108,12107,4,-4
2019-12-27 20:01:30.000,12107,12108,12107,2,-2
2019-12-27 20:01:42.000,12106,12107,12107,1,1
2019-12-27 20:02:52.000,12107,12108,12107,1,-1
2019-12-27 20:02:52.000,12107,12108,12107,1,-1
2019-12-27 20:03:11.000,12107,12108,12107,1,-1
2019-12-27 20:03:43.000,12107,12108,12107,1,-1
2019-12-27 20:03:52.000,12107,12108,12107,1,-1
2019-12-27 20:04:00.000,12107,12108,12107,1,-1
2019-12-27 20:04:00.000,12107,12108,12107,1,-1
2019-12-27 20:04:16.000,12107,12108,12107,1,-1
2019-12-27 20:04:20.000,12107,12108,12107,1,-1
2019-12-27 20:04:32.000,12107,12108,12107,1,-1
2019-12-27 20:04:36.000,12107,12108,12107,2,-2
2019-12-27 20:05:03.000,12106,12108,12106,1,-1
2019-12-27 20:05:36.000,12107,12108,12107,1,1
2019-12-27 20:05:57.000,12107,12108,12107,1,-1
2019-12-27 20:06:10.000,12107,12108,12107,1,-1
2019-12-27 20:06:26.000,12106,12107,12107,1,1
2019-12-27 20:06:37.000,12107,12108,12108,1,1
2019-12-27 20:06:48.000,12106,12108,12106,1,-1
2019-12-27 20:07:13.000,12106,12107,12106,5,-5
2019-12-27 20:07:14.000,12106,12107,12106,1,-1
2019-12-27 20:07:18.000,12106,12107,12106,1,-1
2019-12-27 20:07:32.000,12106,12107,12106,1,-1
2019-12-27 20:07:39.000,12106,12107,12106,1,-1
2019-12-27 20:08:14.000,12106,12107,12106,1,-1
2019-12-27 20:09:07.000,12106,12107,12106,1,-1
2019-12-27 20:09:07.000,12106,12107,12106,1,-1
2019-12-27 20:09:42.000,12106,12107,12106,1,-1
2019-12-27 20:09:59.000,12106,12107,12106,1,-1
2019-12-27 20:10:01.000,12106,12107,12107,4,4
2019-12-27 20:10:35.000,12106,12107,12107,1,1
2019-12-27 20:10:47.000,12106,12107,12107,3,3
2019-12-27 20:11:27.000,12106,12107,12106,1,-1
2019-12-27 20:11:38.000,12106,12107,12107,1,1
2019-12-27 20:12:17.000,12106,12107,12106,1,-1
2019-12-27 20:12:41.000,12106,12107,12106,1,-1
2019-12-27 20:12:49.000,12106,12107,12107,3,3
2019-12-27 20:12:56.000,12106,12107,12106,1,-1
2019-12-27 20:13:00.000,12106,12107,12107,2,2
2019-12-27 20:14:06.000,12106,12107,12106,1,-1
2019-12-27 20:14:06.000,12106,12107,12106,1,-1
2019-12-27 20:14:25.000,12106,12107,12106,1,-1
2019-12-27 20:15:05.000,12106,12107,12106,1,-1
2019-12-27 20:15:05.000,12106,12107,12106,1,-1
2019-12-27 20:15:10.000,12106,12107,12106,1,-1
2019-12-27 20:15:20.000,12106,12107,12107,1,1
2019-12-27 20:15:52.000,12106,12107,12106,1,-1
2019-12-27 20:16:24.000,12106,12107,12106,1,-1
2019-12-27 20:16:24.000,12106,12107,12106,1,-1
2019-12-27 20:17:11.000,12106,12107,12106,1,-1
2019-12-27 20:17:11.000,12106,12107,12106,6,-6
2019-12-27 20:17:26.000,12106,12107,12106,5,-5
2019-12-27 20:17:26.000,12105,12107,12105,1,-1
2019-12-27 20:17:33.000,12105,12106,12106,3,3
2019-12-27 20:18:04.000,12106,12107,12106,1,-1
2019-12-27 20:18:36.000,12106,12107,12106,1,-1
2019-12-27 20:18:58.000,12106,12107,12106,1,-1
2019-12-27 20:19:02.000,12106,12107,12106,2,-2
2019-12-27 20:19:28.000,12105,12106,12105,1,-1
2019-12-27 20:19:36.000,12105,12106,12105,3,-3
2019-12-27 20:19:56.000,12105,12106,12105,1,-1
2019-12-27 20:19:56.000,12105,12106,12105,1,-1
2019-12-27 20:20:24.000,12105,12106,12106,1,1
2019-12-27 20:20:30.000,12105,12106,12106,2,2
2019-12-27 20:20:33.000,12105,12106,12106,1,1
2019-12-27 20:21:46.000,12105,12106,12105,1,-1
2019-12-27 20:21:46.000,12105,12106,12105,1,-1
2019-12-27 20:22:19.000,12105,12106,12105,1,-1
2019-12-27 20:22:37.000,12105,12106,12105,1,-1
2019-12-27 20:22:49.000,12105,12106,12106,1,1
2019-12-27 20:22:59.000,12105,12106,12105,1,-1
2019-12-27 20:23:06.000,12105,12106,12106,1,1
2019-12-27 20:23:09.000,12105,12106,12105,1,-1
2019-12-27 20:23:11.000,12105,12106,12106,1,1
2019-12-27 20:23:14.000,12105,12106,12106,1,1
2019-12-27 20:23:33.000,12105,12106,12106,1,1
2019-12-27 20:23:43.000,12105,12106,12106,1,1
2019-12-27 20:24:20.000,12106,12107,12106,1,-1
2019-12-27 20:25:05.000,12105,12107,12105,1,-1
2019-12-27 20:25:05.000,12105,12107,12105,1,-1
2019-12-27 20:25:44.000,12105,12106,12105,1,-1
2019-12-27 20:25:52.000,12105,12106,12105,1,-1
2019-12-27 20:25:53.000,12105,12106,12105,1,-1
2019-12-27 20:26:11.000,12105,12106,12105,1,-1
2019-12-27 20:26:11.000,12105,12106,12105,1,-1
2019-12-27 20:26:30.000,12105,12106,12105,1,-1
2019-12-27 20:27:02.000,12105,12106,12105,1,-1
2019-12-27 20:27:19.000,12105,12106,12105,1,-1
2019-12-27 20:27:19.000,12105,12106,12105,1,-1
2019-12-27 20:27:29.000,12105,12106,12106,1,1
2019-12-27 20:27:29.000,12105,12106,12106,2,2
2019-12-27 20:27:29.000,12105,12106,12106,1,1
2019-12-27 20:27:40.000,12105,12106,12106,1,1
2019-12-27 20:28:41.000,12106,12107,12106,1,-1
2019-12-27 20:29:15.000,12106,12107,12106,3,-3
2019-12-27 20:30:00.000,12105,12106,12105,1,-1
2019-12-27 20:30:00.000,12105,12106,12105,1,-1
2019-12-27 20:30:13.000,12105,12106,12105,1,-1
2019-12-27 20:30:14.000,12105,12106,12105,1,-1
2019-12-27 20:30:20.000,12105,12106,12105,1,-1
2019-12-27 20:30:20.000,12105,12106,12106,2,2
2019-12-27 20:30:44.000,12105,12106,12106,1,1
2019-12-27 20:31:06.000,12105,12106,12106,1,1
2019-12-27 20:31:20.000,12105,12106,12105,1,-1
2019-12-27 20:32:04.000,12105,12106,12106,4,4
2019-12-27 20:32:29.000,12105,12106,12106,1,1
2019-12-27 20:33:07.000,12105,12106,12105,1,-1
2019-12-27 20:33:30.000,12105,12106,12105,1,-1
2019-12-27 20:33:30.000,12105,12106,12105,1,-1
2019-12-27 20:33:50.000,12105,12106,12105,1,-1
2019-12-27 20:33:57.000,12105,12106,12106,1,1
2019-12-27 20:33:57.000,12105,12106,12106,1,1
2019-12-27 20:34:31.000,12106,12107,12106,1,-1
2019-12-27 20:35:06.000,12106,12107,12107,1,1
2019-12-27 20:35:29.000,12106,12107,12106,1,-1
2019-12-27 20:35:30.000,12106,12107,12106,1,-1
2019-12-27 20:35:47.000,12106,12107,12106,1,-1
2019-12-27 20:36:10.000,12106,12107,12106,1,-1
2019-12-27 20:36:10.000,12106,12107,12106,7,-7
2019-12-27 20:36:10.000,12106,12107,12106,1,-1
2019-12-27 20:36:10.000,12106,12107,12106,2,-2
2019-12-27 20:36:10.000,12105,12106,12105,1,-1
2019-12-27 20:37:03.000,12105,12106,12105,1,-1
2019-12-27 20:37:03.000,12105,12106,12105,1,-1
2019-12-27 20:37:03.000,12105,12106,12105,1,-1
2019-12-27 20:37:20.000,12105,12106,12105,1,-1
2019-12-27 20:38:06.000,12105,12106,12106,5,5
2019-12-27 20:38:24.000,12105,12106,12105,1,-1
2019-12-27 20:38:24.000,12105,12106,12105,1,-1
2019-12-27 20:38:39.000,12105,12106,12105,1,-1
2019-12-27 20:39:06.000,12105,12106,12106,1,1
2019-12-27 20:39:48.000,12105,12106,12106,1,1
2019-12-27 20:39:48.000,12105,12106,12105,1,-1
2019-12-27 20:39:48.000,12105,12106,12105,1,-1
2019-12-27 20:40:58.000,12105,12106,12105,1,-1
2019-12-27 20:41:16.000,12105,12106,12105,1,-1
2019-12-27 20:41:16.000,12105,12106,12105,1,-1
2019-12-27 20:41:20.000,12105,12106,12105,4,-4
2019-12-27 20:41:32.000,12105,12106,12105,9,-9
2019-12-27 20:41:32.000,12105,12106,12105,1,-1
2019-12-27 20:41:32.000,12104,12105,12105,1,1
2019-12-27 20:41:34.000,12104,12105,12105,2,2
2019-12-27 20:41:35.000,12105,12106,12105,3,-3
2019-12-27 20:42:12.000,12105,12106,12105,1,-1
2019-12-27 20:42:35.000,12105,12106,12105,1,-1
2019-12-27 20:42:35.000,12105,12106,12105,1,-1
2019-12-27 20:42:54.000,12105,12106,12105,1,-1
2019-12-27 20:43:25.000,12105,12106,12105,1,-1
2019-12-27 20:43:36.000,12105,12106,12105,1,-1
2019-12-27 20:44:00.000,12105,12106,12105,5,-5
2019-12-27 20:44:00.000,12104,12105,12104,1,-1
2019-12-27 20:44:00.000,12104,12105,12104,1,-1
2019-12-27 20:44:00.000,12104,12105,12105,2,2
2019-12-27 20:44:00.000,12104,12105,12105,1,1
2019-12-27 20:44:00.000,12104,12105,12105,1,1
2019-12-27 20:44:00.000,12104,12105,12105,1,1
2019-12-27 20:44:00.000,12104,12105,12105,2,2
2019-12-27 20:44:48.000,12104,12105,12104,1,-1
2019-12-27 20:45:02.000,12104,12105,12104,1,-1
2019-12-27 20:45:23.000,12104,12105,12104,20,-20
2019-12-27 20:45:23.000,12104,12105,12104,7,-7
2019-12-27 20:45:37.000,12103,12104,12104,1,1
2019-12-27 20:45:40.000,12103,12104,12104,1,1
2019-12-27 20:45:49.000,12103,12104,12104,1,1
2019-12-27 20:45:54.000,12103,12104,12104,1,1
2019-12-27 20:46:03.000,12103,12104,12103,1,-1
2019-12-27 20:46:03.000,12103,12104,12103,2,-2
2019-12-27 20:46:03.000,12103,12104,12103,5,-5
2019-12-27 20:46:03.000,12103,12104,12103,5,-5
2019-12-27 20:46:03.000,12103,12104,12103,5,-5
2019-12-27 20:46:03.000,12103,12104,12103,4,-4
2019-12-27 20:46:10.000,12103,12104,12103,1,-1
2019-12-27 20:46:20.000,12103,12104,12103,1,-1
2019-12-27 20:46:21.000,12103,12104,12103,3,-3
2019-12-27 20:46:21.000,12103,12104,12103,1,-1
2019-12-27 20:46:26.000,12103,12104,12103,1,-1
2019-12-27 20:46:30.000,12103,12104,12103,1,-1
2019-12-27 20:46:32.000,12103,12104,12103,1,-1
2019-12-27 20:46:35.000,12103,12104,12103,1,-1
2019-12-27 20:46:40.000,12103,12104,12103,1,-1
2019-12-27 20:46:54.000,12103,12104,12104,1,1
2019-12-27 20:46:59.000,12103,12104,12103,1,-1
2019-12-27 20:47:03.000,12103,12104,12103,1,-1
2019-12-27 20:47:11.000,12103,12104,12104,10,10
2019-12-27 20:47:11.000,12103,12104,12104,2,2
2019-12-27 20:48:10.000,12104,12105,12104,2,-2
2019-12-27 20:48:35.000,12103,12104,12103,1,-1
2019-12-27 20:48:40.000,12103,12104,12103,4,-4
2019-12-27 20:48:42.000,12103,12104,12103,5,-5
2019-12-27 20:48:45.000,12103,12104,12103,5,-5
2019-12-27 20:48:45.000,12103,12104,12104,1,1
2019-12-27 20:48:59.000,12103,12104,12103,1,-1
2019-12-27 20:49:01.000,12103,12104,12103,1,-1
2019-12-27 20:49:06.000,12103,12104,12103,1,-1
2019-12-27 20:49:26.000,12103,12104,12103,1,-1
2019-12-27 20:49:37.000,12103,12104,12103,1,-1
2019-12-27 20:49:39.000,12103,12104,12103,1,-1
2019-12-27 20:49:46.000,12103,12104,12103,1,-1
2019-12-27 20:49:46.000,12103,12104,12103,1,-1
2019-12-27 20:49:58.000,12103,12104,12103,1,-1
2019-12-27 20:50:01.000,12103,12104,12103,1,-1
2019-12-27 20:50:02.000,12103,12104,12103,1,-1
2019-12-27 20:50:02.000,12103,12104,12103,1,-1
2019-12-27 20:50:35.000,12103,12104,12103,1,-1
2019-12-27 20:50:56.000,12103,12104,12103,1,-1
2019-12-27 20:51:07.000,12103,12104,12103,1,-1
2019-12-27 20:51:14.000,12103,12104,12103,1,-1
2019-12-27 20:51:17.000,12103,12104,12103,1,-1
2019-12-27 20:51:28.000,12103,12104,12103,2,-2
2019-12-27 20:51:54.000,12103,12104,12103,6,-6
2019-12-27 20:51:54.000,12103,12104,12103,1,-1
2019-12-27 20:52:09.000,12102,12103,12102,1,-1
2019-12-27 20:52:09.000,12102,12103,12102,1,-1
2019-12-27 20:52:09.000,12102,12103,12102,1,-1
2019-12-27 20:52:24.000,12102,12103,12103,1,1
2019-12-27 20:52:26.000,12102,12103,12102,1,-1
2019-12-27 20:52:35.000,12102,12103,12103,2,2
2019-12-27 20:52:41.000,12102,12103,12103,1,1
2019-12-27 20:52:42.000,12102,12103,12103,1,1
2019-12-27 20:52:51.000,12102,12103,12103,1,1
2019-12-27 20:53:22.000,12103,12104,12103,1,-1
2019-12-27 20:53:54.000,12103,12104,12104,8,8
2019-12-27 20:54:11.000,12103,12104,12104,5,5
2019-12-27 20:54:31.000,12103,12104,12103,1,-1
2019-12-27 20:54:46.000,12103,12104,12104,2,2
2019-12-27 20:54:46.000,12103,12104,12103,1,-1
2019-12-27 20:54:48.000,12103,12104,12103,1,-1
2019-12-27 20:55:12.000,12103,12104,12103,1,-1
2019-12-27 20:55:32.000,12103,12104,12103,1,-1
2019-12-27 20:55:41.000,12103,12104,12103,1,-1
2019-12-27 20:55:50.000,12103,12104,12103,1,-1
2019-12-27 20:55:52.000,12103,12104,12103,2,-2
2019-12-27 20:55:58.000,12103,12104,12103,1,-1
2019-12-27 20:56:41.000,12103,12104,12103,1,-1
2019-12-27 20:56:41.000,12103,12104,12103,1,-1
2019-12-27 20:57:06.000,12103,12104,12103,1,-1
2019-12-27 20:57:12.000,12103,12104,12103,1,-1
2019-12-27 20:57:34.000,12103,12104,12103,1,-1
2019-12-27 20:57:43.000,12103,12104,12103,1,-1
2019-12-27 20:58:28.000,12103,12104,12103,1,-1
2019-12-27 20:58:28.000,12103,12104,12103,1,-1
2019-12-27 20:58:49.000,12103,12104,12103,1,-1
2019-12-27 20:59:21.000,12103,12104,12104,4,4
2019-12-27 20:59:27.000,12103,12104,12104,1,1
2019-12-27 20:59:32.000,12103,12104,12104,1,1
2019-12-27 20:59:49.000,12104,12105,12105,1,1
2019-12-27 20:59:49.000,12104,12105,12104,4,-4
2019-12-27 20:59:59.000,12103,12104,12104,1,1
2019-12-27 20:59:59.000,12103,12104,12104,2,2
2019-12-27 21:00:00.000,12103,12104,12103,2,-2
2019-12-27 21:00:01.000,12103,12104,12103,2,-2
2019-12-27 21:00:02.000,12103,12105,12103,1,-1
2019-12-27 21:00:02.000,12103,12104,12103,1,-1
2019-12-27 21:00:50.000,12103,12104,12103,1,-1
2019-12-27 21:01:08.000,12103,12104,12103,1,-1
2019-12-27 21:01:30.000,12103,12104,12103,1,-1
2019-12-27 21:02:15.000,12103,12104,12103,1,-1
2019-12-27 21:02:33.000,12103,12104,12103,1,-1
2019-12-27 21:03:07.000,12103,12104,12103,1,-1
2019-12-27 21:03:07.000,12103,12104,12103,1,-1
2019-12-27 21:03:24.000,12103,12104,12103,1,-1
2019-12-27 21:04:00.000,12103,12104,12103,1,-1
2019-12-27 21:04:19.000,12103,12104,12103,1,-1
2019-12-27 21:04:47.000,12103,12104,12103,1,-1
2019-12-27 21:05:04.000,12103,12104,12103,1,-1
2019-12-27 21:05:07.000,12103,12104,12103,1,-1
2019-12-27 21:05:17.000,12103,12104,12103,1,-1
2019-12-27 21:05:41.000,12103,12104,12103,1,-1
2019-12-27 21:05:41.000,12103,12104,12103,1,-1
2019-12-27 21:06:12.000,12103,12104,12104,1,1
2019-12-27 21:06:14.000,12103,12104,12104,1,1
2019-12-27 21:06:26.000,12103,12104,12104,1,1
2019-12-27 21:06:40.000,12103,12104,12103,1,-1
2019-12-27 21:07:03.000,12103,12104,12103,1,-1
2019-12-27 21:07:03.000,12103,12104,12103,2,-2
2019-12-27 21:07:22.000,12103,12104,12103,1,-1
2019-12-27 21:08:00.000,12103,12104,12104,13,13
2019-12-27 21:08:00.000,12103,12104,12104,11,11
2019-12-27 21:08:00.000,12103,12104,12104,2,2
2019-12-27 21:08:00.000,12103,12104,12104,1,1
2019-12-27 21:08:00.000,12103,12104,12104,3,3
2019-12-27 21:08:00.000,12103,12104,12104,3,3
2019-12-27 21:08:00.000,12103,12104,12104,2,2
2019-12-27 21:08:00.000,12103,12104,12104,9,9
2019-12-27 21:08:17.000,12104,12105,12104,1,-1
2019-12-27 21:09:22.000,12104,12105,12104,1,-1
2019-12-27 21:09:22.000,12104,12105,12104,1,-1
2019-12-27 21:09:23.000,12104,12105,12104,1,-1
2019-12-27 21:09:23.000,12104,12105,12104,1,-1
2019-12-27 21:09:23.000,12104,12105,12104,1,-1
2019-12-27 21:09:23.000,12104,12105,12103,1,-1
2019-12-27 21:09:39.000,12104,12105,12104,1,1
2019-12-27 21:10:16.000,12104,12105,12104,2,-2
2019-12-27 21:10:24.000,12103,12104,12104,2,2
2019-12-27 21:10:25.000,12103,12104,12104,1,1
2019-12-27 21:10:34.000,12103,12104,12104,1,1
2019-12-27 21:10:58.000,12103,12105,12103,1,-1
2019-12-27 21:10:58.000,12103,12105,12103,1,-1
2019-12-27 21:11:20.000,12103,12104,12104,1,1
2019-12-27 21:11:35.000,12103,12104,12104,1,1
2019-12-27 21:11:35.000,12103,12104,12104,1,1
2019-12-27 21:11:35.000,12104,12105,12104,2,-2
2019-12-27 21:12:02.000,12103,12105,12105,1,1
2019-12-27 21:12:36.000,12103,12104,12104,1,1
2019-12-27 21:12:59.000,12104,12105,12104,1,-1
2019-12-27 21:13:10.000,12104,12105,12104,1,-1
2019-12-27 21:13:29.000,12104,12105,12104,4,-4
2019-12-27 21:13:47.000,12103,12104,12103,1,-1
2019-12-27 21:14:05.000,12103,12104,12103,1,-1
2019-12-27 21:14:23.000,12103,12104,12103,1,-1
2019-12-27 21:14:23.000,12103,12104,12103,1,-1
2019-12-27 21:14:40.000,12103,12104,12104,1,1
2019-12-27 21:14:48.000,12103,12104,12104,1,1
2019-12-27 21:14:49.000,12103,12104,12104,14,14
2019-12-27 21:14:55.000,12103,12104,12104,1,1
2019-12-27 21:14:57.000,12103,12104,12104,1,1
2019-12-27 21:14:58.000,12103,12104,12104,1,1
2019-12-27 21:15:37.000,12103,12104,12104,1,1
2019-12-27 21:16:14.000,12103,12104,12104,1,1
2019-12-27 21:16:14.000,12103,12104,12104,2,2
2019-12-27 21:16:33.000,12104,12105,12104,1,-1
2019-12-27 21:16:33.000,12104,12105,12104,1,-1
2019-12-27 21:16:49.000,12104,12105,12104,1,-1
2019-12-27 21:17:58.000,12104,12105,12104,1,-1
2019-12-27 21:17:58.000,12104,12105,12104,1,-1
2019-12-27 21:18:14.000,12104,12105,12104,1,-1
2019-12-27 21:19:27.000,12104,12105,12104,1,-1
2019-12-27 21:19:27.000,12104,12105,12104,1,-1
2019-12-27 21:19:27.000,12104,12105,12104,1,-1
2019-12-27 21:19:52.000,12104,12105,12105,2,2
2019-12-27 21:19:52.000,12104,12105,12105,1,1
2019-12-27 21:19:52.000,12104,12105,12105,4,4
2019-12-27 21:19:52.000,12104,12105,12105,1,1
2019-12-27 21:19:52.000,12104,12105,12105,1,1
2019-12-27 21:19:52.000,12104,12105,12105,1,1
2019-12-27 21:19:52.000,12104,12105,12105,1,1
2019-12-27 21:19:52.000,12104,12105,12105,1,1
2019-12-27 21:19:52.000,12104,12105,12105,2,2
2019-12-27 21:19:52.000,12104,12105,12105,5,5
2019-12-27 21:19:55.000,12105,12106,12106,2,2
