2020-12-21 15:00:00.052,14319,14320,14318,62,-62
2020-12-21 15:00:00.190,14317,14318,14318,2,2
2020-12-21 15:00:00.215,14317,14318,14318,1,1
2020-12-21 15:00:00.307,14317,14318,14318,3,3
2020-12-21 15:00:00.307,14317,14318,14319,11,11
2020-12-21 15:00:00.307,14317,14318,14320,9,9
2020-12-21 15:00:00.307,14317,14318,14321,7,7
2020-12-21 15:00:00.308,14317,14318,14318,2,2
2020-12-21 15:00:00.309,14317,14318,14320,4,4
2020-12-21 15:00:00.309,14317,14318,14321,1,1
2020-12-21 15:00:00.309,14317,14318,14322,15,15
2020-12-21 15:00:00.309,14317,14318,14323,10,10
2020-12-21 15:00:00.312,14317,14318,14319,1,1
2020-12-21 15:00:00.312,14317,14318,14318,5,5
2020-12-21 15:00:00.335,14317,14318,14318,2,2
2020-12-21 15:00:00.343,14317,14318,14318,15,15
2020-12-21 15:00:00.346,14317,14318,14318,7,7
2020-12-21 15:00:00.346,14317,14318,14320,4,4
2020-12-21 15:00:00.346,14317,14318,14321,1,1
2020-12-21 15:00:00.346,14317,14318,14322,3,3
2020-12-21 15:00:00.357,14317,14318,14318,1,1
2020-12-21 15:00:00.364,14317,14318,14318,1,1
2020-12-21 15:00:00.410,14317,14318,14317,1,-1
2020-12-21 15:00:00.410,14317,14318,14316,1,-1
2020-12-21 15:00:00.414,14316,14318,14318,1,1
2020-12-21 15:00:00.442,14316,14318,14318,2,2
2020-12-21 15:00:00.445,14316,14318,14318,3,3
2020-12-21 15:00:00.454,14316,14318,14317,2,-2
2020-12-21 15:00:00.463,14316,14318,14318,2,2
2020-12-21 15:00:00.467,14316,14318,14318,3,3
2020-12-21 15:00:00.490,14316,14318,14317,1,-1
2020-12-21 15:00:00.496,14316,14318,14317,1,-1
2020-12-21 15:00:00.496,14316,14318,14316,2,-2
2020-12-21 15:00:00.497,14316,14318,14316,2,-2
2020-12-21 15:00:00.541,14316,14318,14318,1,1
2020-12-21 15:00:00.606,14316,14318,14318,2,2
2020-12-21 15:00:00.606,14316,14318,14320,1,1
2020-12-21 15:00:00.662,14316,14318,14316,2,-2
2020-12-21 15:00:00.690,14316,14319,14316,2,-2
2020-12-21 15:00:00.690,14316,14319,14315,2,-2
2020-12-21 15:00:00.694,14316,14319,14315,1,-1
2020-12-21 15:00:00.706,14316,14319,14319,1,1
2020-12-21 15:00:00.706,14316,14319,14320,2,2
2020-12-21 15:00:00.730,14316,14319,14320,1,1
2020-12-21 15:00:00.752,14316,14319,14316,1,-1
2020-12-21 15:00:00.794,14315,14321,14315,3,-3
2020-12-21 15:00:00.844,14315,14321,14319,1,1
2020-12-21 15:00:00.844,14315,14321,14320,1,1
2020-12-21 15:00:00.844,14315,14321,14320,1,-1
2020-12-21 15:00:00.878,14315,14321,14315,1,-1
2020-12-21 15:00:00.882,14315,14321,14314,2,-2
2020-12-21 15:00:00.885,14315,14321,14314,1,-1
2020-12-21 15:00:01.165,14315,14318,14318,1,1
2020-12-21 15:00:01.208,14315,14318,14315,1,-1
2020-12-21 15:00:01.290,14315,14317,14317,1,1
2020-12-21 15:00:01.415,14315,14318,14318,11,11
2020-12-21 15:00:01.417,14315,14318,14316,1,-1
2020-12-21 15:00:01.454,14315,14318,14316,4,-4
2020-12-21 15:00:01.458,14315,14318,14318,1,1
2020-12-21 15:00:01.540,14317,14318,14318,3,3
2020-12-21 15:00:01.540,14317,14318,14319,3,3
2020-12-21 15:00:01.599,14317,14318,14318,1,1
2020-12-21 15:00:01.599,14317,14318,14317,1,-1
2020-12-21 15:00:01.624,14317,14318,14318,1,1
2020-12-21 15:00:01.629,14317,14318,14319,1,1
2020-12-21 15:00:01.656,14317,14318,14317,3,-3
2020-12-21 15:00:01.665,14316,14318,14318,2,2
2020-12-21 15:00:01.668,14316,14318,14318,2,2
2020-12-21 15:00:01.668,14316,14318,14319,1,1
2020-12-21 15:00:01.668,14316,14318,14320,5,5
2020-12-21 15:00:01.728,14316,14318,14317,4,-4
2020-12-21 15:00:01.810,14317,14319,14319,1,1
2020-12-21 15:00:01.855,14317,14319,14319,1,1
2020-12-21 15:00:01.872,14317,14319,14319,1,1
2020-12-21 15:00:02.129,14317,14320,14317,1,-1
2020-12-21 15:00:02.129,14317,14320,14316,1,-1
2020-12-21 15:00:02.215,14316,14319,14319,1,1
2020-12-21 15:00:02.347,14316,14319,14319,1,1
2020-12-21 15:00:02.415,14317,14320,14320,1,1
2020-12-21 15:00:02.513,14317,14320,14317,1,-1
2020-12-21 15:00:02.659,14317,14320,14317,1,-1
2020-12-21 15:00:02.670,14317,14320,14317,2,-2
2020-12-21 15:00:03.001,14316,14320,14320,1,1
2020-12-21 15:00:03.008,14316,14320,14317,2,-2
2020-12-21 15:00:03.123,14316,14320,14316,2,-2
2020-12-21 15:00:03.179,14316,14318,14316,2,-2
2020-12-21 15:00:03.236,14316,14318,14316,2,-2
2020-12-21 15:00:03.413,14315,14318,14316,2,-2
2020-12-21 15:00:04.290,14316,14318,14318,4,4
2020-12-21 15:00:04.484,14316,14318,14318,1,1
2020-12-21 15:00:04.579,14316,14318,14316,1,-1
2020-12-21 15:00:04.634,14316,14318,14316,3,-3
2020-12-21 15:00:05.691,14315,14317,14315,1,-1
2020-12-21 15:00:05.747,14315,14317,14315,2,-2
2020-12-21 15:00:05.774,14315,14317,14315,1,-1
2020-12-21 15:00:05.774,14315,14317,14314,4,-4
2020-12-21 15:00:06.095,14314,14316,14316,1,1
2020-12-21 15:00:06.095,14314,14316,14316,1,1
2020-12-21 15:00:06.121,14314,14316,14314,2,-2
2020-12-21 15:00:06.233,14313,14316,14314,3,-3
2020-12-21 15:00:06.368,14313,14316,14313,3,-3
2020-12-21 15:00:06.737,14313,14314,14313,1,-1
2020-12-21 15:00:06.808,14313,14314,14313,2,-2
2020-12-21 15:00:06.808,14313,14314,14313,1,-1
2020-12-21 15:00:07.133,14312,14314,14314,3,3
2020-12-21 15:00:07.209,14312,14314,14314,1,1
2020-12-21 15:00:07.400,14312,14314,14314,1,1
2020-12-21 15:00:07.905,14314,14315,14314,1,-1
2020-12-21 15:00:07.905,14314,14315,14313,1,-1
2020-12-21 15:00:07.909,14314,14315,14312,2,-2
2020-12-21 15:00:07.965,14312,14314,14312,2,-2
2020-12-21 15:00:08.594,14312,14314,14313,4,4
2020-12-21 15:00:08.990,14313,14316,14315,1,1
2020-12-21 15:00:09.365,14313,14316,14313,3,-3
2020-12-21 15:00:09.443,14313,14316,14313,2,-2
2020-12-21 15:00:09.487,14313,14316,14314,1,1
2020-12-21 15:00:09.518,14313,14316,14314,1,-1
2020-12-21 15:00:09.536,14313,14316,14313,1,-1
2020-12-21 15:00:09.758,14313,14314,14313,1,-1
2020-12-21 15:00:09.758,14313,14314,14312,3,-3
2020-12-21 15:00:09.800,14312,14314,14314,3,3
2020-12-21 15:00:09.956,14313,14315,14313,1,-1
2020-12-21 15:00:10.165,14314,14315,14315,2,2
2020-12-21 15:00:10.341,14314,14316,14314,5,-5
2020-12-21 15:00:10.674,14314,14315,14314,5,-5
2020-12-21 15:00:10.702,14314,14315,14314,1,-1
2020-12-21 15:00:11.129,14313,14315,14314,4,-4
2020-12-21 15:00:11.129,14313,14315,14315,3,3
2020-12-21 15:00:11.129,14313,14315,14316,2,2
2020-12-21 15:00:11.343,14313,14315,14315,1,1
2020-12-21 15:00:11.684,14313,14315,14315,1,1
2020-12-21 15:00:12.569,14313,14314,14314,2,2
2020-12-21 15:00:14.271,14313,14314,14314,1,1
2020-12-21 15:00:14.888,14313,14314,14314,1,1
2020-12-21 15:00:14.888,14313,14314,14315,1,1
2020-12-21 15:00:14.906,14313,14314,14315,6,6
2020-12-21 15:00:14.915,14314,14315,14315,4,4
2020-12-21 15:00:15.461,14314,14316,14314,1,-1
2020-12-21 15:00:16.305,14314,14315,14314,1,-1
2020-12-21 15:00:16.388,14314,14315,14314,1,-1
2020-12-21 15:00:16.389,14314,14315,14314,2,-2
2020-12-21 15:00:17.228,14314,14315,14314,2,-2
2020-12-21 15:00:17.228,14314,14315,14313,1,-1
2020-12-21 15:00:17.587,14313,14315,14313,2,-2
2020-12-21 15:00:18.011,14314,14315,14314,1,1
2020-12-21 15:00:18.345,14313,14315,14313,2,-2
2020-12-21 15:00:19.574,14312,14314,14312,9,-9
2020-12-21 15:00:19.672,14311,14314,14314,9,9
2020-12-21 15:00:19.672,14311,14314,14315,3,3
2020-12-21 15:00:20.415,14311,14312,14311,8,-8
2020-12-21 15:00:20.540,14310,14312,14310,5,-5
2020-12-21 15:00:20.576,14310,14312,14310,3,-3
2020-12-21 15:00:20.576,14310,14312,14310,4,-4
2020-12-21 15:00:20.576,14310,14312,14310,6,-6
2020-12-21 15:00:20.585,14310,14312,14309,4,-4
2020-12-21 15:00:20.755,14308,14310,14308,1,-1
2020-12-21 15:00:20.969,14308,14310,14308,1,-1
2020-12-21 15:00:21.323,14307,14310,14310,2,2
2020-12-21 15:00:21.576,14308,14310,14308,6,-6
2020-12-21 15:00:22.578,14307,14309,14307,2,-2
2020-12-21 15:00:22.635,14307,14309,14307,2,-2
2020-12-21 15:00:22.921,14307,14309,14309,1,1
2020-12-21 15:00:23.898,14307,14308,14307,2,-2
2020-12-21 15:00:24.290,14307,14308,14308,2,2
2020-12-21 15:00:24.471,14307,14309,14307,2,-2
2020-12-21 15:00:25.008,14307,14308,14308,1,1
2020-12-21 15:00:25.165,14308,14309,14309,5,5
2020-12-21 15:00:26.807,14309,14311,14311,2,2
2020-12-21 15:00:27.165,14311,14312,14312,2,2
2020-12-21 15:00:27.367,14311,14313,14313,3,3
2020-12-21 15:00:27.537,14311,14314,14311,1,-1
2020-12-21 15:00:27.574,14311,14314,14311,2,-2
2020-12-21 15:00:28.261,14311,14314,14314,1,1
2020-12-21 15:00:29.092,14311,14314,14311,1,-1
2020-12-21 15:00:29.508,14311,14314,14313,1,1
2020-12-21 15:00:29.588,14312,14314,14314,3,3
2020-12-21 15:00:29.790,14312,14314,14314,4,4
2020-12-21 15:00:30.994,14313,14315,14313,3,-3
2020-12-21 15:00:30.994,14313,14315,14313,1,-1
2020-12-21 15:00:30.995,14313,14315,14313,1,-1
2020-12-21 15:00:30.995,14313,14315,14313,1,-1
2020-12-21 15:00:30.995,14313,14315,14313,4,-4
2020-12-21 15:00:30.995,14313,14315,14312,1,-1
2020-12-21 15:00:31.059,14312,14315,14312,5,-5
2020-12-21 15:00:32.534,14312,14314,14312,2,-2
2020-12-21 15:00:33.859,14313,14314,14314,1,1
2020-12-21 15:00:34.040,14313,14314,14314,1,1
2020-12-21 15:00:34.415,14313,14315,14315,8,8
2020-12-21 15:00:34.540,14315,14316,14316,4,4
2020-12-21 15:00:34.665,14315,14317,14317,4,4
2020-12-21 15:00:34.719,14315,14317,14315,2,-2
2020-12-21 15:00:35.756,14313,14315,14315,1,1
2020-12-21 15:00:36.760,14313,14315,14315,2,2
2020-12-21 15:00:36.909,14315,14316,14315,1,-1
2020-12-21 15:00:37.766,14315,14316,14315,1,-1
2020-12-21 15:00:38.519,14315,14316,14316,1,1
2020-12-21 15:00:38.658,14315,14317,14315,1,-1
2020-12-21 15:00:39.025,14313,14316,14316,1,1
2020-12-21 15:00:40.648,14315,14316,14315,2,-2
2020-12-21 15:00:41.031,14314,14316,14316,1,1
2020-12-21 15:00:41.594,14315,14317,14316,1,-1
2020-12-21 15:00:42.311,14315,14317,14315,1,-1
2020-12-21 15:00:43.069,14315,14316,14316,1,1
2020-12-21 15:00:43.968,14315,14316,14316,1,1
2020-12-21 15:00:44.257,14315,14316,14315,1,-1
2020-12-21 15:00:44.445,14315,14316,14316,1,1
2020-12-21 15:00:45.839,14315,14316,14315,3,-3
2020-12-21 15:00:46.305,14315,14316,14316,3,3
2020-12-21 15:00:46.415,14316,14317,14317,1,1
2020-12-21 15:00:46.540,14315,14316,14316,2,2
2020-12-21 15:00:47.127,14315,14317,14315,2,-2
2020-12-21 15:00:48.618,14315,14316,14316,2,2
2020-12-21 15:00:48.755,14315,14316,14315,2,-2
2020-12-21 15:00:48.790,14315,14316,14315,2,-2
2020-12-21 15:00:48.915,14314,14315,14314,2,-2
2020-12-21 15:00:50.149,14313,14315,14316,1,1
2020-12-21 15:00:50.157,14313,14315,14314,1,-1
2020-12-21 15:00:50.165,14314,14315,14315,5,5
2020-12-21 15:00:50.301,14314,14316,14314,1,-1
2020-12-21 15:00:50.736,14314,14315,14315,1,1
2020-12-21 15:00:50.740,14314,14315,14315,2,2
2020-12-21 15:00:51.491,14315,14316,14315,1,-1
2020-12-21 15:00:51.567,14314,14316,14316,5,5
2020-12-21 15:00:52.699,14315,14316,14315,1,-1
2020-12-21 15:00:53.742,14315,14316,14316,1,1
2020-12-21 15:00:53.791,14315,14317,14315,1,-1
2020-12-21 15:00:56.357,14315,14317,14315,1,-1
2020-12-21 15:00:56.599,14315,14317,14315,4,-4
2020-12-21 15:00:56.969,14314,14316,14314,3,-3
2020-12-21 15:00:57.421,14314,14315,14315,2,2
2020-12-21 15:00:57.489,14314,14315,14314,1,-1
2020-12-21 15:00:57.867,14314,14315,14315,1,1
2020-12-21 15:00:59.382,14314,14315,14314,1,-1
2020-12-21 15:00:59.665,14314,14315,14314,1,-1
2020-12-21 15:01:00.017,14313,14315,14315,1,1
2020-12-21 15:01:00.037,14313,14315,14315,2,2
2020-12-21 15:01:00.045,14313,14315,14315,1,1
2020-12-21 15:01:00.045,14313,14315,14315,1,1
2020-12-21 15:01:00.049,14313,14315,14316,1,1
2020-12-21 15:01:00.060,14313,14315,14314,2,-2
2020-12-21 15:01:00.067,14313,14315,14314,3,-3
2020-12-21 15:01:00.069,14313,14315,14313,1,-1
2020-12-21 15:01:00.118,14313,14315,14315,1,1
2020-12-21 15:01:00.133,14313,14315,14313,2,-2
2020-12-21 15:01:00.136,14313,14315,14313,2,-2
2020-12-21 15:01:00.159,14313,14315,14313,2,-2
2020-12-21 15:01:00.162,14313,14315,14313,2,-2
2020-12-21 15:01:00.210,14313,14314,14313,2,-2
2020-12-21 15:01:00.219,14313,14314,14312,2,-2
2020-12-21 15:01:00.254,14313,14314,14312,1,-1
2020-12-21 15:01:00.254,14313,14314,14311,1,-1
2020-12-21 15:01:00.335,14312,14314,14312,2,2
2020-12-21 15:01:00.405,14312,14314,14312,3,-3
2020-12-21 15:01:00.772,14312,14313,14313,1,1
2020-12-21 15:01:00.790,14312,14313,14312,4,-4
2020-12-21 15:01:01.415,14311,14312,14311,8,-8
2020-12-21 15:01:01.540,14310,14312,14310,7,-7
2020-12-21 15:01:01.541,14310,14312,14311,1,1
2020-12-21 15:01:01.619,14310,14312,14311,1,-1
2020-12-21 15:01:01.658,14310,14312,14311,1,-1
2020-12-21 15:01:03.637,14311,14312,14311,4,-4
2020-12-21 15:01:04.213,14310,14311,14310,1,-1
2020-12-21 15:01:04.954,14310,14311,14311,1,1
2020-12-21 15:01:04.954,14310,14311,14312,3,3
2020-12-21 15:01:05.218,14310,14312,14312,1,1
2020-12-21 15:01:05.578,14310,14312,14312,1,1
2020-12-21 15:01:05.584,14310,14312,14312,1,1
2020-12-21 15:01:06.030,14311,14313,14310,1,-1
2020-12-21 15:01:07.565,14310,14312,14310,2,-2
2020-12-21 15:01:07.666,14310,14312,14312,1,1
2020-12-21 15:01:07.666,14310,14312,14312,1,1
2020-12-21 15:01:07.667,14310,14312,14312,1,1
2020-12-21 15:01:07.667,14310,14312,14312,1,1
2020-12-21 15:01:07.667,14310,14312,14312,1,1
2020-12-21 15:01:07.667,14310,14312,14312,1,1
2020-12-21 15:01:07.668,14310,14312,14312,1,1
2020-12-21 15:01:07.668,14310,14312,14312,1,1
2020-12-21 15:01:07.668,14310,14312,14312,2,2
2020-12-21 15:01:07.668,14310,14312,14312,1,1
2020-12-21 15:01:07.668,14310,14312,14313,1,1
2020-12-21 15:01:07.668,14310,14312,14313,1,1
2020-12-21 15:01:07.669,14310,14312,14313,1,1
2020-12-21 15:01:07.669,14310,14312,14314,1,1
2020-12-21 15:01:07.669,14310,14312,14314,1,1
2020-12-21 15:01:07.669,14310,14312,14314,1,1
2020-12-21 15:01:07.669,14310,14312,14314,1,1
2020-12-21 15:01:07.670,14310,14312,14313,1,1
2020-12-21 15:01:07.671,14310,14312,14314,1,1
2020-12-21 15:01:07.672,14310,14312,14314,1,1
2020-12-21 15:01:07.672,14310,14312,14314,1,1
2020-12-21 15:01:08.982,14312,14314,14312,1,-1
2020-12-21 15:01:09.790,14312,14313,14312,1,-1
2020-12-21 15:01:10.915,14311,14313,14311,5,-5
2020-12-21 15:01:11.450,14311,14313,14311,1,-1
2020-12-21 15:01:12.963,14310,14311,14311,1,1
2020-12-21 15:01:13.333,14311,14313,14313,1,1
2020-12-21 15:01:14.567,14311,14313,14311,2,-2
2020-12-21 15:01:17.039,14311,14312,14312,1,1
2020-12-21 15:01:18.085,14311,14312,14311,3,-3
2020-12-21 15:01:18.166,14310,14312,14312,2,2
2020-12-21 15:01:18.166,14310,14312,14312,1,1
2020-12-21 15:01:18.326,14311,14312,14311,1,-1
2020-12-21 15:01:18.775,14311,14313,14313,1,1
2020-12-21 15:01:21.589,14311,14312,14312,1,1
2020-12-21 15:01:22.524,14311,14313,14312,1,-1
2020-12-21 15:01:26.572,14311,14312,14311,3,-3
2020-12-21 15:01:27.343,14310,14312,14311,1,-1
2020-12-21 15:01:27.416,14310,14311,14311,1,1
2020-12-21 15:01:27.416,14310,14311,14311,1,1
2020-12-21 15:01:27.491,14310,14311,14311,1,1
2020-12-21 15:01:29.209,14310,14311,14310,1,-1
2020-12-21 15:01:29.325,14310,14311,14310,9,-9
2020-12-21 15:01:29.326,14310,14311,14310,4,-4
2020-12-21 15:01:30.182,14309,14310,14309,3,-3
2020-12-21 15:01:31.003,14309,14310,14310,3,3
2020-12-21 15:01:31.261,14309,14310,14309,2,-2
2020-12-21 15:01:31.932,14309,14310,14310,1,1
2020-12-21 15:01:32.016,14309,14310,14309,5,-5
2020-12-21 15:01:33.123,14308,14310,14310,2,2
2020-12-21 15:01:33.499,14308,14310,14308,3,-3
2020-12-21 15:01:33.499,14308,14310,14308,6,-6
2020-12-21 15:01:33.971,14307,14308,14308,1,1
2020-12-21 15:01:34.017,14307,14308,14307,1,-1
2020-12-21 15:01:34.220,14307,14308,14307,1,-1
2020-12-21 15:01:34.222,14307,14308,14307,3,-3
2020-12-21 15:01:34.264,14307,14308,14306,1,-1
2020-12-21 15:01:34.379,14306,14308,14306,1,-1
2020-12-21 15:01:34.380,14306,14308,14306,1,-1
2020-12-21 15:01:34.630,14306,14308,14308,1,1
2020-12-21 15:01:36.108,14306,14308,14306,1,-1
2020-12-21 15:01:39.047,14306,14307,14306,1,-1
2020-12-21 15:01:39.166,14306,14307,14307,1,1
2020-12-21 15:01:39.168,14306,14307,14307,1,1
2020-12-21 15:01:40.342,14306,14308,14308,1,1
2020-12-21 15:01:40.622,14307,14308,14308,2,2
2020-12-21 15:01:41.864,14307,14308,14307,3,-3
2020-12-21 15:01:42.879,14307,14308,14307,1,-1
2020-12-21 15:01:43.789,14307,14308,14307,3,-3
2020-12-21 15:01:44.175,14307,14308,14307,4,-4
2020-12-21 15:01:44.175,14307,14308,14306,1,-1
2020-12-21 15:01:44.620,14307,14308,14308,7,7
2020-12-21 15:01:47.287,14308,14309,14308,1,-1
2020-12-21 15:01:47.498,14308,14309,14308,1,-1
2020-12-21 15:01:49.016,14308,14309,14308,1,-1
2020-12-21 15:01:49.770,14308,14309,14309,3,3
2020-12-21 15:01:49.770,14308,14309,14309,3,3
2020-12-21 15:01:49.770,14308,14309,14309,1,1
2020-12-21 15:01:49.770,14308,14309,14309,24,24
2020-12-21 15:01:49.770,14308,14309,14309,12,12
2020-12-21 15:01:50.388,14308,14310,14308,1,-1
2020-12-21 15:01:50.440,14308,14310,14308,1,-1
2020-12-21 15:01:51.229,14309,14310,14310,1,1
2020-12-21 15:01:52.636,14308,14310,14309,1,-1
2020-12-21 15:01:55.257,14309,14310,14309,1,-1
2020-12-21 15:01:57.260,14308,14309,14309,1,1
2020-12-21 15:01:59.430,14309,14310,14310,1,1
2020-12-21 15:02:01.196,14309,14310,14309,1,-1
2020-12-21 15:02:01.314,14308,14310,14308,1,-1
2020-12-21 15:02:01.339,14308,14310,14310,1,1
2020-12-21 15:02:01.476,14308,14310,14310,4,4
2020-12-21 15:02:01.984,14308,14310,14310,1,1
2020-12-21 15:02:04.943,14308,14309,14309,1,1
2020-12-21 15:02:05.316,14308,14310,14310,1,1
2020-12-21 15:02:05.939,14308,14309,14309,1,1
2020-12-21 15:02:06.181,14308,14309,14308,5,-5
2020-12-21 15:02:06.259,14308,14309,14309,1,1
2020-12-21 15:02:06.319,14307,14309,14309,2,2
2020-12-21 15:02:09.193,14307,14309,14307,5,-5
2020-12-21 15:02:09.373,14306,14308,14306,1,-1
2020-12-21 15:02:09.527,14306,14308,14308,1,1
2020-12-21 15:02:15.607,14307,14308,14307,1,-1
2020-12-21 15:02:18.880,14306,14308,14308,1,1
2020-12-21 15:02:22.451,14307,14308,14307,1,-1
2020-12-21 15:02:22.451,14307,14308,14306,1,-1
2020-12-21 15:02:22.656,14306,14308,14306,1,-1
2020-12-21 15:02:22.850,14306,14307,14306,1,-1
2020-12-21 15:02:24.973,14306,14307,14306,1,-1
2020-12-21 15:02:25.127,14306,14307,14306,6,-6
2020-12-21 15:02:25.128,14306,14307,14306,3,-3
2020-12-21 15:02:25.183,14305,14306,14306,1,1
2020-12-21 15:02:26.499,14305,14306,14306,1,1
2020-12-21 15:02:26.628,14305,14306,14305,1,-1
2020-12-21 15:02:26.628,14305,14306,14305,2,-2
2020-12-21 15:02:26.628,14305,14306,14305,4,-4
2020-12-21 15:02:26.628,14305,14306,14305,6,-6
2020-12-21 15:02:26.725,14304,14306,14305,1,-1
2020-12-21 15:02:27.445,14304,14306,14304,5,-5
2020-12-21 15:02:27.775,14304,14305,14304,1,-1
2020-12-21 15:02:27.924,14304,14305,14304,1,-1
2020-12-21 15:02:28.579,14304,14305,14304,1,-1
2020-12-21 15:02:29.856,14304,14305,14305,1,1
2020-12-21 15:02:30.086,14304,14305,14304,2,-2
2020-12-21 15:02:30.522,14304,14305,14304,2,-2
2020-12-21 15:02:30.859,14304,14305,14304,4,-4
2020-12-21 15:02:30.912,14304,14305,14305,1,1
2020-12-21 15:02:31.195,14304,14305,14304,1,-1
2020-12-21 15:02:31.195,14304,14305,14303,1,-1
2020-12-21 15:02:31.503,14304,14305,14304,1,1
2020-12-21 15:02:31.576,14304,14305,14304,1,-1
2020-12-21 15:02:32.173,14304,14305,14304,2,-2
2020-12-21 15:02:32.193,14304,14305,14304,1,-1
2020-12-21 15:02:33.079,14304,14305,14305,1,1
2020-12-21 15:02:33.405,14304,14305,14304,1,-1
2020-12-21 15:02:33.784,14303,14305,14303,1,-1
2020-12-21 15:02:33.848,14303,14305,14303,1,-1
2020-12-21 15:02:35.042,14303,14304,14304,1,1
2020-12-21 15:02:35.626,14303,14305,14303,1,-1
2020-12-21 15:02:35.806,14303,14305,14303,2,-2
2020-12-21 15:02:36.821,14303,14304,14303,1,-1
2020-12-21 15:02:37.634,14302,14304,14304,1,1
2020-12-21 15:02:38.115,14302,14304,14304,1,1
2020-12-21 15:02:38.287,14303,14304,14303,1,-1
2020-12-21 15:02:38.894,14303,14304,14304,3,3
2020-12-21 15:02:39.109,14303,14304,14304,1,1
2020-12-21 15:02:39.679,14303,14305,14303,1,-1
2020-12-21 15:02:40.747,14304,14305,14304,1,1
2020-12-21 15:02:42.058,14304,14305,14305,5,5
2020-12-21 15:02:42.190,14305,14306,14306,2,2
2020-12-21 15:02:42.645,14305,14307,14305,1,-1
2020-12-21 15:02:43.076,14305,14307,14305,4,-4
2020-12-21 15:02:43.285,14305,14307,14305,1,-1
2020-12-21 15:02:48.068,14306,14307,14306,2,2
2020-12-21 15:02:48.763,14306,14307,14306,2,-2
2020-12-21 15:02:48.763,14306,14307,14305,3,-3
2020-12-21 15:02:49.026,14305,14306,14305,1,-1
2020-12-21 15:02:51.324,14305,14306,14306,1,1
2020-12-21 15:02:51.622,14305,14307,14305,3,-3
2020-12-21 15:02:54.983,14305,14306,14306,1,1
2020-12-21 15:02:57.770,14306,14307,14306,1,-1
2020-12-21 15:02:59.665,14306,14307,14307,6,6
2020-12-21 15:02:59.896,14307,14308,14308,1,1
2020-12-21 15:02:59.918,14307,14308,14308,1,1
2020-12-21 15:03:00.063,14307,14308,14308,1,1
2020-12-21 15:03:00.184,14307,14308,14307,1,-1
2020-12-21 15:03:00.455,14307,14308,14308,3,3
2020-12-21 15:03:00.540,14307,14308,14308,3,3
2020-12-21 15:03:00.798,14307,14309,14307,1,-1
2020-12-21 15:03:00.882,14307,14309,14307,1,-1
2020-12-21 15:03:01.263,14306,14308,14308,4,4
2020-12-21 15:03:02.272,14306,14307,14306,3,-3
2020-12-21 15:03:02.272,14306,14307,14306,1,-1
2020-12-21 15:03:02.272,14306,14307,14306,1,-1
2020-12-21 15:03:02.272,14306,14307,14306,1,-1
2020-12-21 15:03:02.272,14306,14307,14306,1,-1
2020-12-21 15:03:02.466,14305,14307,14305,1,-1
2020-12-21 15:03:05.346,14305,14307,14307,1,1
2020-12-21 15:03:06.932,14306,14307,14306,1,-1
2020-12-21 15:03:07.597,14305,14307,14307,2,2
2020-12-21 15:03:08.309,14305,14307,14307,1,1
2020-12-21 15:03:10.455,14306,14307,14307,1,1
2020-12-21 15:03:14.148,14306,14307,14307,1,1
2020-12-21 15:03:17.387,14306,14307,14307,4,4
2020-12-21 15:03:17.387,14306,14307,14308,5,5
2020-12-21 15:03:18.346,14306,14308,14306,1,-1
2020-12-21 15:03:20.090,14306,14308,14306,1,-1
2020-12-21 15:03:21.491,14306,14307,14306,2,-2
2020-12-21 15:03:21.926,14306,14307,14306,2,-2
2020-12-21 15:03:23.708,14305,14307,14305,1,-1
2020-12-21 15:03:25.046,14305,14306,14305,1,-1
2020-12-21 15:03:25.387,14305,14306,14306,3,3
2020-12-21 15:03:25.632,14305,14306,14306,1,1
2020-12-21 15:03:26.921,14305,14306,14306,2,2
2020-12-21 15:03:27.910,14305,14306,14306,1,1
2020-12-21 15:03:29.339,14305,14306,14306,1,1
2020-12-21 15:03:31.368,14305,14306,14306,8,8
2020-12-21 15:03:33.090,14306,14307,14306,1,-1
2020-12-21 15:03:33.587,14306,14307,14306,1,-1
2020-12-21 15:03:34.790,14306,14307,14307,4,4
2020-12-21 15:03:35.165,14307,14308,14308,4,4
2020-12-21 15:03:36.133,14307,14309,14307,1,-1
2020-12-21 15:03:38.734,14307,14308,14307,1,-1
2020-12-21 15:03:39.718,14307,14308,14308,1,1
2020-12-21 15:03:41.082,14307,14308,14307,5,-5
2020-12-21 15:03:43.258,14307,14309,14309,1,1
2020-12-21 15:03:44.289,14307,14309,14307,5,-5
2020-12-21 15:03:47.539,14307,14308,14308,3,3
2020-12-21 15:03:52.379,14307,14308,14307,3,-3
2020-12-21 15:03:53.190,14307,14308,14307,1,-1
2020-12-21 15:03:54.804,14307,14308,14308,1,1
2020-12-21 15:03:55.383,14307,14308,14307,7,-7
2020-12-21 15:03:58.914,14306,14307,14306,2,-2
2020-12-21 15:03:59.040,14306,14307,14306,1,-1
2020-12-21 15:03:59.534,14305,14307,14306,1,-1
2020-12-21 15:03:59.886,14305,14306,14306,2,2
2020-12-21 15:03:59.947,14305,14306,14305,1,-1
2020-12-21 15:04:02.404,14306,14307,14306,1,1
2020-12-21 15:04:02.433,14305,14306,14305,1,-1
2020-12-21 15:04:03.670,14305,14306,14306,1,1
2020-12-21 15:04:05.303,14306,14307,14307,1,1
2020-12-21 15:04:05.354,14306,14307,14308,1,1
2020-12-21 15:04:06.456,14307,14308,14308,1,1
2020-12-21 15:04:06.457,14307,14308,14308,2,2
2020-12-21 15:04:07.022,14308,14309,14308,1,-1
2020-12-21 15:04:07.603,14308,14309,14308,2,-2
2020-12-21 15:04:14.314,14308,14309,14308,2,-2
2020-12-21 15:04:14.315,14308,14309,14308,2,-2
2020-12-21 15:04:15.415,14307,14308,14308,1,1
2020-12-21 15:04:15.874,14308,14309,14308,4,-4
2020-12-21 15:04:15.874,14308,14309,14307,1,-1
2020-12-21 15:04:24.660,14308,14309,14309,12,12
2020-12-21 15:04:26.242,14308,14309,14308,1,-1
2020-12-21 15:04:30.367,14308,14309,14309,3,3
2020-12-21 15:04:32.100,14308,14309,14309,1,1
2020-12-21 15:04:32.101,14308,14309,14309,1,1
2020-12-21 15:04:32.101,14308,14309,14309,1,1
2020-12-21 15:04:32.101,14308,14309,14309,1,1
2020-12-21 15:04:32.101,14308,14309,14309,12,12
2020-12-21 15:04:32.101,14308,14309,14309,2,2
2020-12-21 15:04:32.170,14309,14310,14310,1,1
2020-12-21 15:04:32.171,14309,14310,14310,13,13
2020-12-21 15:04:32.246,14309,14310,14311,2,2
2020-12-21 15:04:32.425,14309,14311,14309,2,-2
2020-12-21 15:04:32.938,14309,14311,14311,1,1
2020-12-21 15:04:33.391,14310,14312,14310,5,-5
2020-12-21 15:04:34.590,14308,14310,14308,2,-2
2020-12-21 15:04:45.870,14309,14310,14309,1,1
2020-12-21 15:04:48.455,14308,14310,14308,1,-1
2020-12-21 15:04:51.751,14309,14310,14310,1,1
2020-12-21 15:04:51.784,14309,14310,14309,2,-2
2020-12-21 15:04:51.946,14308,14310,14310,3,3
2020-12-21 15:04:52.984,14308,14310,14309,1,-1
2020-12-21 15:04:53.226,14308,14310,14308,1,-1
2020-12-21 15:04:56.033,14309,14310,14310,2,2
2020-12-21 15:04:58.974,14309,14311,14311,1,1
2020-12-21 15:05:01.369,14309,14311,14309,1,-1
2020-12-21 15:05:01.431,14309,14311,14309,1,-1
2020-12-21 15:05:02.927,14309,14311,14311,2,2
2020-12-21 15:05:03.935,14309,14311,14311,1,1
2020-12-21 15:05:06.503,14308,14310,14310,1,1
2020-12-21 15:05:16.762,14309,14310,14310,3,3
2020-12-21 15:05:17.891,14309,14310,14309,1,-1
2020-12-21 15:05:17.902,14309,14310,14310,6,6
2020-12-21 15:05:18.742,14309,14311,14311,1,1
2020-12-21 15:05:21.290,14310,14311,14311,3,3
2020-12-21 15:05:24.528,14311,14312,14312,1,1
2020-12-21 15:05:31.174,14311,14312,14311,1,-1
2020-12-21 15:05:33.945,14311,14312,14312,1,1
2020-12-21 15:05:34.118,14311,14312,14311,1,-1
2020-12-21 15:05:35.141,14310,14311,14311,2,2
2020-12-21 15:05:35.895,14310,14311,14311,1,1
2020-12-21 15:05:39.070,14310,14311,14310,1,-1
2020-12-21 15:05:47.536,14310,14311,14310,1,-1
2020-12-21 15:05:47.888,14310,14311,14310,1,-1
2020-12-21 15:05:52.303,14310,14311,14311,11,11
2020-12-21 15:05:52.345,14310,14311,14311,4,4
2020-12-21 15:06:00.066,14310,14311,14310,1,-1
2020-12-21 15:06:00.067,14310,14311,14310,1,-1
2020-12-21 15:06:00.073,14310,14311,14310,1,-1
2020-12-21 15:06:00.183,14310,14311,14310,1,-1
2020-12-21 15:06:03.288,14310,14311,14311,1,1
2020-12-21 15:06:07.946,14310,14311,14310,1,-1
2020-12-21 15:06:09.255,14310,14311,14310,3,-3
2020-12-21 15:06:09.288,14310,14311,14310,2,-2
2020-12-21 15:06:09.299,14310,14311,14310,2,-2
2020-12-21 15:06:09.299,14310,14311,14310,20,-20
2020-12-21 15:06:09.761,14309,14310,14309,2,-2
2020-12-21 15:06:12.774,14309,14310,14309,2,-2
2020-12-21 15:06:17.790,14308,14310,14310,3,3
2020-12-21 15:06:28.440,14309,14310,14310,1,1
2020-12-21 15:06:28.639,14309,14310,14310,1,1
2020-12-21 15:06:34.430,14309,14310,14309,1,-1
2020-12-21 15:06:36.139,14309,14310,14309,1,-1
2020-12-21 15:06:36.139,14309,14310,14309,2,-2
2020-12-21 15:06:36.139,14309,14310,14309,1,-1
2020-12-21 15:06:36.140,14309,14310,14309,1,-1
2020-12-21 15:06:36.226,14308,14309,14309,3,3
2020-12-21 15:06:38.839,14308,14310,14310,1,1
2020-12-21 15:06:40.561,14308,14309,14309,1,1
2020-12-21 15:06:40.790,14308,14309,14309,1,1
2020-12-21 15:06:40.828,14308,14309,14309,1,1
2020-12-21 15:06:47.195,14309,14310,14310,2,2
2020-12-21 15:06:51.392,14310,14311,14310,1,-1
2020-12-21 15:06:52.188,14309,14311,14311,3,3
2020-12-21 15:06:54.036,14310,14311,14311,3,3
2020-12-21 15:07:05.432,14310,14311,14311,2,2
2020-12-21 15:07:05.557,14310,14311,14310,1,-1
2020-12-21 15:07:07.713,14310,14311,14310,2,-2
2020-12-21 15:07:13.415,14309,14310,14310,1,1
2020-12-21 15:07:20.092,14309,14310,14310,1,1
2020-12-21 15:07:21.223,14309,14310,14310,1,1
2020-12-21 15:07:21.591,14309,14310,14309,3,-3
2020-12-21 15:07:23.306,14309,14310,14310,2,2
2020-12-21 15:07:34.034,14310,14311,14310,1,-1
2020-12-21 15:07:34.476,14310,14311,14310,1,-1
2020-12-21 15:07:34.621,14309,14310,14310,1,1
2020-12-21 15:07:37.299,14309,14311,14311,3,3
2020-12-21 15:07:37.621,14310,14311,14311,1,1
2020-12-21 15:07:38.900,14310,14311,14310,1,-1
2020-12-21 15:07:39.073,14309,14310,14310,1,1
2020-12-21 15:07:42.556,14309,14310,14310,1,1
2020-12-21 15:07:48.169,14309,14310,14310,2,2
2020-12-21 15:07:49.770,14309,14310,14310,1,1
2020-12-21 15:07:52.622,14309,14310,14310,1,1
2020-12-21 15:07:53.443,14309,14310,14310,2,2
2020-12-21 15:07:57.272,14309,14310,14310,2,2
2020-12-21 15:07:58.192,14309,14310,14309,2,-2
2020-12-21 15:07:58.192,14309,14310,14309,9,-9
2020-12-21 15:08:06.212,14308,14309,14309,1,1
2020-12-21 15:08:06.308,14308,14309,14308,1,-1
2020-12-21 15:08:07.669,14308,14309,14309,1,1
2020-12-21 15:08:10.954,14308,14309,14309,3,3
2020-12-21 15:08:10.954,14308,14309,14310,3,3
2020-12-21 15:08:11.768,14308,14310,14308,1,-1
2020-12-21 15:08:11.920,14308,14309,14308,21,-21
2020-12-21 15:08:19.985,14307,14308,14307,2,-2
2020-12-21 15:08:21.354,14307,14308,14308,1,1
2020-12-21 15:08:21.537,14307,14308,14307,1,-1
2020-12-21 15:08:21.623,14307,14308,14307,17,-17
2020-12-21 15:08:21.977,14306,14307,14306,2,-2
2020-12-21 15:08:23.783,14306,14307,14306,2,-2
2020-12-21 15:08:23.784,14306,14307,14306,3,-3
2020-12-21 15:08:23.906,14305,14306,14305,2,-2
2020-12-21 15:08:23.915,14305,14306,14305,17,-17
2020-12-21 15:08:24.040,14304,14306,14304,3,-3
2020-12-21 15:08:27.036,14304,14306,14304,1,-1
2020-12-21 15:08:27.440,14304,14306,14304,1,-1
2020-12-21 15:08:28.546,14304,14305,14305,2,2
2020-12-21 15:08:28.546,14304,14305,14306,1,1
2020-12-21 15:08:28.914,14304,14305,14304,1,-1
2020-12-21 15:08:29.732,14304,14305,14304,1,-1
2020-12-21 15:08:35.279,14304,14305,14305,1,1
2020-12-21 15:08:36.405,14304,14305,14304,3,-3
2020-12-21 15:08:37.476,14304,14305,14304,1,-1
2020-12-21 15:08:39.802,14304,14305,14304,3,-3
2020-12-21 15:08:43.562,14304,14305,14305,1,1
2020-12-21 15:08:44.775,14304,14305,14305,1,1
2020-12-21 15:08:44.920,14304,14305,14305,1,1
2020-12-21 15:08:46.796,14304,14305,14305,1,1
2020-12-21 15:08:46.796,14304,14305,14306,3,3
2020-12-21 15:08:47.206,14305,14306,14305,3,-3
2020-12-21 15:08:48.044,14305,14306,14305,1,-1
2020-12-21 15:08:56.559,14305,14306,14305,6,-6
2020-12-21 15:08:57.008,14304,14305,14305,2,2
2020-12-21 15:08:57.504,14304,14305,14304,2,-2
2020-12-21 15:08:59.767,14304,14305,14305,3,3
2020-12-21 15:09:01.010,14304,14306,14305,3,-3
2020-12-21 15:09:01.062,14304,14305,14304,1,-1
2020-12-21 15:09:01.112,14304,14305,14304,5,-5
2020-12-21 15:09:02.724,14303,14305,14303,3,-3
2020-12-21 15:09:03.002,14303,14305,14305,1,1
2020-12-21 15:09:04.391,14303,14305,14305,1,1
2020-12-21 15:09:04.841,14303,14305,14304,1,-1
2020-12-21 15:09:05.471,14303,14305,14305,3,3
2020-12-21 15:09:10.363,14303,14304,14304,1,1
2020-12-21 15:09:12.748,14303,14304,14303,1,-1
2020-12-21 15:09:12.748,14303,14304,14303,1,-1
2020-12-21 15:09:12.748,14303,14304,14303,1,-1
2020-12-21 15:09:12.748,14303,14304,14303,4,-4
2020-12-21 15:09:12.749,14303,14304,14303,3,-3
2020-12-21 15:09:15.105,14302,14303,14302,1,-1
2020-12-21 15:09:15.182,14302,14303,14302,19,-19
2020-12-21 15:09:15.194,14302,14303,14301,1,-1
2020-12-21 15:09:15.283,14302,14303,14301,1,-1
2020-12-21 15:09:15.291,14301,14302,14301,1,-1
2020-12-21 15:09:15.310,14301,14302,14301,1,-1
2020-12-21 15:09:15.377,14301,14302,14301,1,-1
2020-12-21 15:09:15.455,14301,14302,14301,1,-1
2020-12-21 15:09:15.457,14301,14302,14301,1,-1
2020-12-21 15:09:15.997,14301,14302,14301,2,-2
2020-12-21 15:09:17.335,14301,14302,14302,1,1
2020-12-21 15:09:18.553,14301,14303,14303,3,3
2020-12-21 15:09:20.534,14302,14303,14303,1,1
2020-12-21 15:09:24.826,14302,14303,14302,1,-1
2020-12-21 15:09:25.325,14302,14303,14302,1,-1
2020-12-21 15:09:26.548,14301,14302,14302,1,1
2020-12-21 15:09:28.122,14301,14302,14301,2,-2
2020-12-21 15:09:28.600,14301,14302,14301,2,-2
2020-12-21 15:09:28.851,14301,14302,14301,5,-5
2020-12-21 15:09:29.098,14301,14302,14301,2,-2
2020-12-21 15:09:30.375,14301,14302,14301,5,-5
2020-12-21 15:09:31.794,14301,14302,14301,3,-3
2020-12-21 15:09:31.794,14301,14302,14301,1,-1
2020-12-21 15:09:31.794,14301,14302,14301,1,-1
2020-12-21 15:09:32.398,14301,14302,14301,1,-1
2020-12-21 15:09:32.894,14301,14302,14301,1,-1
2020-12-21 15:09:35.510,14301,14303,14303,3,3
2020-12-21 15:09:36.526,14301,14303,14301,1,-1
2020-12-21 15:09:39.113,14302,14303,14303,1,1
2020-12-21 15:09:42.194,14302,14303,14303,1,1
2020-12-21 15:09:43.165,14302,14303,14303,1,1
2020-12-21 15:09:46.626,14303,14304,14303,1,-1
2020-12-21 15:09:46.626,14303,14304,14302,4,-4
2020-12-21 15:09:49.871,14302,14303,14302,3,-3
2020-12-21 15:09:49.872,14302,14303,14302,1,-1
2020-12-21 15:09:51.164,14301,14302,14302,2,2
2020-12-21 15:09:51.371,14301,14303,14303,5,5
2020-12-21 15:09:51.645,14301,14303,14301,1,-1
2020-12-21 15:09:55.176,14302,14303,14302,1,1
2020-12-21 15:09:55.922,14301,14303,14301,3,-3
2020-12-21 15:09:56.060,14301,14303,14301,3,-3
2020-12-21 15:09:57.552,14302,14303,14302,2,2
2020-12-21 15:09:57.757,14301,14303,14302,2,-2
2020-12-21 15:09:59.002,14302,14303,14302,1,-1
2020-12-21 15:10:03.929,14301,14302,14301,5,-5
2020-12-21 15:10:04.058,14301,14302,14301,1,-1
2020-12-21 15:10:04.418,14301,14302,14302,1,1
2020-12-21 15:10:04.430,14301,14302,14302,1,1
2020-12-21 15:10:06.720,14301,14302,14302,1,1
2020-12-21 15:10:09.132,14302,14303,14302,5,-5
2020-12-21 15:10:09.619,14302,14303,14303,3,3
2020-12-21 15:10:13.216,14303,14305,14305,1,1
2020-12-21 15:10:18.532,14303,14305,14303,1,-1
2020-12-21 15:10:20.430,14303,14305,14304,1,1
2020-12-21 15:10:30.765,14303,14304,14304,2,2
2020-12-21 15:10:30.887,14304,14305,14305,3,3
2020-12-21 15:10:35.040,14303,14304,14304,3,3
2020-12-21 15:10:39.078,14304,14305,14304,1,-1
2020-12-21 15:10:42.769,14304,14305,14305,2,2
2020-12-21 15:10:43.087,14304,14305,14305,1,1
2020-12-21 15:10:43.968,14304,14305,14305,3,3
2020-12-21 15:10:54.643,14304,14305,14305,1,1
2020-12-21 15:10:54.643,14304,14305,14306,9,9
2020-12-21 15:10:56.559,14304,14305,14305,3,3
2020-12-21 15:11:02.493,14305,14306,14306,5,5
2020-12-21 15:11:02.557,14305,14306,14305,1,-1
2020-12-21 15:11:05.185,14304,14305,14305,3,3
2020-12-21 15:11:12.207,14305,14306,14306,1,1
2020-12-21 15:11:12.208,14305,14306,14306,2,2
2020-12-21 15:11:12.827,14305,14307,14307,1,1
2020-12-21 15:11:14.472,14306,14307,14307,2,2
2020-12-21 15:11:17.382,14306,14307,14306,1,-1
2020-12-21 15:11:20.885,14305,14306,14306,1,1
2020-12-21 15:11:25.060,14305,14306,14306,1,1
2020-12-21 15:11:30.618,14306,14307,14307,6,6
2020-12-21 15:11:31.809,14306,14307,14306,2,-2
2020-12-21 15:11:32.553,14306,14307,14307,2,2
2020-12-21 15:11:38.967,14306,14307,14306,1,-1
2020-12-21 15:11:41.196,14306,14307,14306,1,-1
2020-12-21 15:11:42.503,14306,14307,14306,3,-3
2020-12-21 15:12:00.965,14306,14307,14307,4,4
2020-12-21 15:12:01.061,14307,14308,14307,1,-1
2020-12-21 15:12:01.216,14306,14308,14308,2,2
2020-12-21 15:12:01.216,14306,14308,14308,15,15
2020-12-21 15:12:01.216,14306,14308,14309,15,15
2020-12-21 15:12:01.229,14306,14308,14309,11,11
2020-12-21 15:12:01.229,14306,14308,14310,4,4
2020-12-21 15:12:01.237,14306,14308,14310,3,3
2020-12-21 15:12:01.237,14306,14308,14310,2,2
2020-12-21 15:12:01.302,14309,14310,14310,1,1
2020-12-21 15:12:01.345,14309,14310,14310,3,3
2020-12-21 15:12:01.506,14309,14310,14309,2,-2
2020-12-21 15:12:12.784,14309,14310,14310,1,1
2020-12-21 15:12:13.073,14309,14310,14310,3,3
2020-12-21 15:12:13.074,14309,14310,14310,4,4
2020-12-21 15:12:17.152,14310,14311,14310,1,-1
2020-12-21 15:12:17.892,14309,14311,14309,3,-3
2020-12-21 15:12:17.945,14309,14311,14311,3,3
2020-12-21 15:12:31.434,14309,14310,14310,10,10
2020-12-21 15:12:31.846,14309,14310,14310,1,1
2020-12-21 15:12:36.127,14309,14310,14310,1,1
2020-12-21 15:12:36.130,14309,14310,14311,14,14
2020-12-21 15:12:37.423,14310,14312,14312,18,18
2020-12-21 15:12:37.790,14312,14313,14313,8,8
2020-12-21 15:12:37.986,14312,14314,14314,1,1
2020-12-21 15:12:38.040,14313,14314,14314,6,6
2020-12-21 15:12:38.058,14313,14314,14315,1,1
2020-12-21 15:12:40.196,14313,14315,14313,1,-1
2020-12-21 15:12:40.604,14312,14314,14312,2,-2
2020-12-21 15:12:44.715,14310,14312,14312,3,3
2020-12-21 15:12:45.391,14311,14313,14313,1,1
2020-12-21 15:12:47.356,14311,14312,14312,1,1
2020-12-21 15:12:52.073,14311,14312,14312,1,1
2020-12-21 15:12:53.922,14311,14312,14312,1,1
2020-12-21 15:12:58.786,14311,14312,14312,3,3
2020-12-21 15:12:59.665,14312,14313,14313,4,4
2020-12-21 15:13:00.040,14313,14314,14314,2,2
2020-12-21 15:13:00.186,14313,14315,14313,1,-1
2020-12-21 15:13:00.233,14313,14315,14313,3,-3
2020-12-21 15:13:00.573,14313,14315,14313,1,-1
2020-12-21 15:13:00.669,14313,14315,14313,1,-1
2020-12-21 15:13:01.736,14313,14315,14313,1,-1
2020-12-21 15:13:02.006,14313,14315,14315,4,4
2020-12-21 15:13:03.290,14313,14314,14314,1,1
2020-12-21 15:13:06.040,14313,14314,14314,2,2
2020-12-21 15:13:07.736,14314,14315,14314,1,-1
2020-12-21 15:13:09.822,14314,14315,14315,1,1
2020-12-21 15:13:12.317,14314,14315,14314,1,-1
2020-12-21 15:13:13.540,14314,14315,14315,4,4
2020-12-21 15:13:13.541,14314,14315,14315,8,8
2020-12-21 15:13:15.184,14315,14316,14316,1,1
2020-12-21 15:13:16.041,14315,14316,14316,1,1
2020-12-21 15:13:16.957,14315,14316,14316,2,2
2020-12-21 15:13:17.906,14315,14316,14315,2,-2
2020-12-21 15:13:18.306,14314,14315,14315,1,1
2020-12-21 15:13:20.647,14314,14315,14314,1,-1
2020-12-21 15:13:20.731,14314,14315,14315,5,5
2020-12-21 15:13:22.014,14314,14315,14315,5,5
2020-12-21 15:13:23.327,14314,14315,14315,5,5
2020-12-21 15:13:25.854,14314,14315,14315,5,5
2020-12-21 15:13:26.239,14314,14315,14314,3,-3
2020-12-21 15:13:27.734,14313,14314,14313,2,-2
2020-12-21 15:13:27.963,14313,14314,14313,6,-6
2020-12-21 15:13:28.142,14312,14313,14312,3,-3
2020-12-21 15:13:29.488,14312,14314,14314,1,1
2020-12-21 15:13:29.583,14312,14314,14312,2,-2
2020-12-21 15:13:31.989,14312,14313,14313,1,1
2020-12-21 15:13:32.005,14312,14313,14314,4,4
2020-12-21 15:13:42.253,14313,14314,14313,2,-2
2020-12-21 15:13:44.925,14313,14314,14314,2,2
2020-12-21 15:13:44.984,14313,14314,14314,2,2
2020-12-21 15:13:46.845,14313,14314,14313,2,-2
2020-12-21 15:13:49.748,14313,14314,14314,5,5
2020-12-21 15:13:50.117,14313,14314,14313,1,-1
2020-12-21 15:13:50.851,14313,14314,14313,4,-4
2020-12-21 15:13:56.419,14313,14314,14313,3,-3
2020-12-21 15:13:58.048,14313,14314,14313,1,-1
2020-12-21 15:14:00.147,14313,14314,14313,1,-1
2020-12-21 15:14:00.183,14313,14314,14313,1,-1
2020-12-21 15:14:04.517,14312,14313,14313,1,1
2020-12-21 15:14:07.233,14313,14314,14313,1,-1
2020-12-21 15:14:07.520,14313,14314,14314,3,3
2020-12-21 15:14:07.590,14314,14315,14314,4,-4
2020-12-21 15:14:08.080,14313,14315,14313,6,-6
2020-12-21 15:14:08.080,14313,14315,14312,2,-2
2020-12-21 15:14:08.290,14312,14314,14312,1,-1
2020-12-21 15:14:15.365,14313,14314,14313,1,1
2020-12-21 15:14:37.069,14313,14314,14313,4,-4
2020-12-21 15:14:38.511,14312,14313,14312,1,-1
2020-12-21 15:15:00.315,14312,14313,14313,1,1
2020-12-21 15:15:00.435,14313,14314,14313,1,-1
2020-12-21 15:15:09.722,14312,14313,14313,1,1
2020-12-21 15:15:09.722,14312,14313,14314,3,3
2020-12-21 15:15:10.152,14313,14314,14314,1,1
2020-12-21 15:15:10.154,14313,14314,14314,1,1
2020-12-21 15:15:10.196,14313,14315,14315,2,2
2020-12-21 15:15:10.339,14313,14315,14313,1,-1
2020-12-21 15:15:10.369,14313,14315,14313,1,-1
2020-12-21 15:15:10.740,14312,14314,14312,1,-1
2020-12-21 15:15:10.757,14312,14314,14314,1,1
2020-12-21 15:15:10.780,14312,14314,14314,1,1
2020-12-21 15:15:10.803,14313,14314,14314,1,1
2020-12-21 15:15:10.810,14313,14314,14315,1,1
2020-12-21 15:15:10.826,14313,14314,14315,1,1
2020-12-21 15:15:10.862,14313,14314,14315,1,1
2020-12-21 15:15:10.878,14313,14314,14315,1,1
2020-12-21 15:15:12.718,14314,14315,14315,2,2
2020-12-21 15:15:17.346,14315,14316,14315,1,-1
2020-12-21 15:15:17.731,14314,14316,14314,4,-4
2020-12-21 15:15:18.990,14314,14315,14315,1,1
2020-12-21 15:15:22.962,14314,14315,14315,7,7
2020-12-21 15:15:23.967,14315,14316,14316,1,1
2020-12-21 15:15:24.145,14315,14316,14316,1,1
2020-12-21 15:15:24.179,14315,14316,14315,1,-1
2020-12-21 15:15:25.060,14315,14316,14315,1,-1
2020-12-21 15:15:26.286,14315,14316,14315,1,-1
2020-12-21 15:15:28.879,14315,14316,14316,24,24
2020-12-21 15:15:29.032,14316,14317,14317,1,1
2020-12-21 15:15:29.576,14316,14317,14316,4,-4
2020-12-21 15:15:30.101,14316,14317,14316,1,-1
2020-12-21 15:15:33.136,14316,14317,14316,3,-3
2020-12-21 15:15:34.581,14316,14317,14317,2,2
2020-12-21 15:15:36.024,14316,14317,14316,3,-3
2020-12-21 15:15:36.078,14316,14317,14317,1,1
2020-12-21 15:15:36.884,14316,14317,14316,1,-1
2020-12-21 15:15:37.641,14316,14317,14317,1,1
2020-12-21 15:15:40.724,14316,14317,14317,12,12
2020-12-21 15:15:47.971,14317,14318,14317,1,-1
2020-12-21 15:15:51.171,14317,14318,14317,1,-1
2020-12-21 15:15:52.870,14317,14318,14318,3,3
2020-12-21 15:15:52.978,14317,14318,14318,9,9
2020-12-21 15:15:53.243,14318,14319,14319,4,4
2020-12-21 15:15:53.313,14318,14319,14318,1,-1
2020-12-21 15:15:55.013,14318,14319,14318,1,-1
2020-12-21 15:15:55.441,14318,14319,14318,1,-1
2020-12-21 15:15:56.516,14318,14319,14318,1,-1
2020-12-21 15:15:56.675,14318,14319,14318,1,-1
2020-12-21 15:15:58.822,14318,14319,14319,8,8
2020-12-21 15:15:59.611,14318,14319,14319,1,1
2020-12-21 15:15:59.665,14318,14319,14319,1,1
2020-12-21 15:16:00.366,14318,14320,14319,1,-1
2020-12-21 15:16:00.431,14318,14320,14318,1,-1
2020-12-21 15:16:01.928,14318,14320,14318,1,-1
2020-12-21 15:16:02.662,14319,14320,14319,2,2
2020-12-21 15:16:03.300,14318,14320,14318,1,-1
2020-12-21 15:16:03.583,14318,14320,14320,1,1
2020-12-21 15:16:03.680,14318,14320,14320,1,1
2020-12-21 15:16:03.688,14318,14320,14320,1,1
2020-12-21 15:16:03.855,14319,14320,14320,6,6
2020-12-21 15:16:03.856,14319,14320,14320,14,14
2020-12-21 15:16:05.466,14320,14321,14321,6,6
2020-12-21 15:16:05.546,14320,14322,14322,5,5
2020-12-21 15:16:05.704,14320,14322,14322,1,1
2020-12-21 15:16:05.753,14320,14322,14322,1,1
2020-12-21 15:16:05.815,14320,14322,14322,1,1
2020-12-21 15:16:05.955,14320,14322,14322,1,1
2020-12-21 15:16:06.131,14320,14322,14320,2,-2
2020-12-21 15:16:06.131,14320,14322,14320,1,-1
2020-12-21 15:16:06.298,14320,14322,14322,1,1
2020-12-21 15:16:06.346,14320,14322,14322,1,1
2020-12-21 15:16:06.378,14320,14322,14322,1,1
2020-12-21 15:16:06.485,14320,14322,14322,1,1
2020-12-21 15:16:06.550,14320,14322,14322,1,1
2020-12-21 15:16:06.623,14320,14322,14322,1,1
2020-12-21 15:16:06.749,14320,14322,14322,1,1
2020-12-21 15:16:07.398,14320,14322,14322,1,1
2020-12-21 15:16:09.701,14320,14321,14320,1,-1
2020-12-21 15:16:10.018,14320,14321,14321,1,1
2020-12-21 15:16:15.345,14320,14321,14321,2,2
2020-12-21 15:16:15.660,14320,14321,14320,1,-1
2020-12-21 15:16:15.660,14320,14321,14320,1,-1
2020-12-21 15:16:15.660,14320,14321,14320,3,-3
2020-12-21 15:16:15.846,14319,14320,14319,1,-1
2020-12-21 15:16:15.846,14319,14320,14318,2,-2
2020-12-21 15:16:15.943,14318,14320,14318,1,-1
2020-12-21 15:16:16.022,14318,14320,14320,3,3
2020-12-21 15:16:16.258,14318,14320,14318,1,-1
2020-12-21 15:16:16.384,14318,14320,14320,1,1
2020-12-21 15:16:17.077,14318,14320,14320,1,1
2020-12-21 15:16:18.708,14318,14319,14318,4,-4
2020-12-21 15:16:18.708,14318,14319,14318,3,-3
2020-12-21 15:16:18.962,14317,14318,14318,1,1
2020-12-21 15:16:22.912,14317,14318,14318,2,2
2020-12-21 15:16:25.254,14318,14319,14318,1,-1
2020-12-21 15:16:28.255,14317,14318,14317,4,-4
2020-12-21 15:16:28.255,14317,14318,14317,1,-1
2020-12-21 15:16:28.331,14316,14317,14316,1,-1
2020-12-21 15:16:28.369,14316,14317,14316,4,-4
2020-12-21 15:16:28.708,14315,14317,14315,1,-1
2020-12-21 15:16:29.482,14315,14317,14317,3,3
2020-12-21 15:16:30.109,14315,14316,14316,1,1
2020-12-21 15:16:31.341,14315,14316,14315,2,-2
2020-12-21 15:16:33.183,14315,14316,14315,1,-1
2020-12-21 15:16:34.704,14315,14316,14315,1,-1
2020-12-21 15:16:36.595,14315,14316,14316,5,5
2020-12-21 15:16:36.739,14316,14317,14316,1,-1
2020-12-21 15:16:41.002,14315,14316,14316,1,1
2020-12-21 15:16:42.602,14315,14316,14315,1,-1
2020-12-21 15:16:43.477,14315,14317,14315,2,-2
2020-12-21 15:16:43.908,14315,14316,14316,1,1
2020-12-21 15:16:45.601,14315,14316,14316,6,6
2020-12-21 15:16:45.601,14315,14316,14316,3,3
2020-12-21 15:16:50.727,14315,14316,14316,1,1
2020-12-21 15:16:52.791,14315,14316,14315,1,-1
2020-12-21 15:16:55.059,14315,14316,14315,1,-1
2020-12-21 15:16:55.080,14315,14316,14315,1,-1
2020-12-21 15:16:57.511,14315,14316,14315,3,-3
2020-12-21 15:16:58.350,14315,14316,14315,4,-4
2020-12-21 15:16:59.680,14315,14316,14315,3,-3
2020-12-21 15:17:00.494,14314,14315,14314,6,-6
2020-12-21 15:17:00.556,14313,14315,14313,1,-1
2020-12-21 15:17:02.815,14313,14314,14313,1,-1
2020-12-21 15:17:03.638,14313,14314,14313,7,-7
2020-12-21 15:17:04.086,14312,14314,14312,2,-2
2020-12-21 15:17:04.088,14312,14314,14312,10,-10
2020-12-21 15:17:04.407,14311,14313,14313,2,2
2020-12-21 15:17:06.419,14312,14313,14312,4,-4
2020-12-21 15:17:06.740,14311,14312,14312,1,1
2020-12-21 15:17:11.013,14311,14312,14312,1,1
2020-12-21 15:17:14.744,14311,14312,14311,1,-1
2020-12-21 15:17:15.601,14311,14312,14311,5,-5
2020-12-21 15:17:17.959,14311,14312,14311,5,-5
2020-12-21 15:17:17.959,14311,14312,14311,3,-3
2020-12-21 15:17:17.960,14311,14312,14311,1,-1
2020-12-21 15:17:17.960,14311,14312,14311,1,-1
2020-12-21 15:17:20.445,14310,14311,14311,1,1
2020-12-21 15:17:21.190,14310,14311,14311,1,1
2020-12-21 15:17:21.790,14310,14311,14310,7,-7
2020-12-21 15:17:22.036,14309,14311,14309,1,-1
2020-12-21 15:17:23.397,14309,14310,14310,1,1
2020-12-21 15:17:23.725,14309,14311,14309,1,-1
2020-12-21 15:17:23.861,14309,14311,14309,1,-1
2020-12-21 15:17:26.428,14309,14310,14310,1,1
2020-12-21 15:17:28.587,14309,14310,14309,3,-3
2020-12-21 15:17:28.658,14309,14310,14309,1,-1
2020-12-21 15:17:30.123,14309,14310,14309,1,-1
2020-12-21 15:17:30.664,14309,14310,14309,2,-2
2020-12-21 15:17:31.026,14309,14310,14310,2,2
2020-12-21 15:17:31.248,14309,14310,14310,2,2
2020-12-21 15:17:33.320,14309,14310,14309,3,-3
2020-12-21 15:17:33.320,14309,14310,14309,2,-2
2020-12-21 15:17:34.611,14309,14310,14310,3,3
2020-12-21 15:17:34.611,14309,14310,14310,1,1
2020-12-21 15:17:34.611,14309,14310,14310,1,1
2020-12-21 15:17:34.612,14309,14310,14310,1,1
2020-12-21 15:17:34.612,14309,14310,14310,1,1
2020-12-21 15:17:34.612,14309,14310,14310,1,1
2020-12-21 15:17:34.612,14309,14310,14310,2,2
2020-12-21 15:17:34.817,14309,14311,14309,5,-5
2020-12-21 15:17:35.863,14309,14311,14309,1,-1
2020-12-21 15:17:37.819,14309,14310,14310,3,3
2020-12-21 15:17:39.156,14309,14310,14310,1,1
2020-12-21 15:17:43.351,14309,14310,14309,12,-12
2020-12-21 15:17:43.397,14309,14310,14308,7,-7
2020-12-21 15:17:43.415,14307,14309,14309,1,1
2020-12-21 15:17:43.488,14307,14309,14307,3,-3
2020-12-21 15:17:43.718,14307,14309,14309,1,1
2020-12-21 15:17:43.857,14307,14309,14309,1,1
2020-12-21 15:17:46.642,14307,14309,14309,1,1
2020-12-21 15:17:50.465,14308,14309,14309,1,1
2020-12-21 15:17:53.854,14308,14309,14308,1,-1
2020-12-21 15:17:54.059,14307,14308,14308,1,1
2020-12-21 15:17:55.168,14307,14308,14308,1,1
2020-12-21 15:17:55.271,14307,14308,14307,1,-1
2020-12-21 15:17:55.998,14307,14308,14308,2,2
2020-12-21 15:17:56.392,14307,14309,14309,1,1
2020-12-21 15:17:57.394,14307,14309,14309,4,4
2020-12-21 15:17:59.177,14308,14309,14308,2,-2
2020-12-21 15:18:00.960,14307,14308,14308,3,3
2020-12-21 15:18:00.960,14307,14308,14309,1,1
2020-12-21 15:18:01.063,14307,14309,14307,1,-1
2020-12-21 15:18:02.449,14308,14309,14309,4,4
2020-12-21 15:18:02.870,14309,14310,14309,2,-2
2020-12-21 15:18:02.870,14309,14310,14308,3,-3
2020-12-21 15:18:06.740,14308,14309,14308,1,-1
2020-12-21 15:18:08.193,14308,14309,14309,3,3
2020-12-21 15:18:08.275,14308,14309,14308,1,-1
2020-12-21 15:18:09.721,14308,14309,14308,1,-1
2020-12-21 15:18:10.662,14307,14309,14307,5,-5
2020-12-21 15:18:11.492,14307,14309,14307,1,-1
2020-12-21 15:18:13.409,14307,14309,14309,10,10
2020-12-21 15:18:13.409,14307,14309,14310,16,16
2020-12-21 15:18:13.409,14307,14309,14311,14,14
2020-12-21 15:18:13.484,14310,14311,14310,2,-2
2020-12-21 15:18:17.153,14310,14311,14310,1,-1
2020-12-21 15:18:17.487,14309,14310,14310,1,1
2020-12-21 15:18:18.987,14309,14310,14310,1,1
2020-12-21 15:18:19.655,14309,14310,14310,3,3
2020-12-21 15:18:19.655,14309,14310,14311,3,3
2020-12-21 15:18:23.391,14309,14311,14309,5,-5
2020-12-21 15:18:24.635,14310,14311,14310,2,2
2020-12-21 15:18:25.575,14310,14311,14310,5,-5
2020-12-21 15:18:27.899,14310,14311,14310,2,-2
2020-12-21 15:18:27.899,14310,14311,14310,2,-2
2020-12-21 15:18:27.900,14310,14311,14310,1,-1
2020-12-21 15:18:28.267,14310,14311,14310,2,-2
2020-12-21 15:18:29.539,14310,14311,14310,2,-2
2020-12-21 15:18:30.144,14309,14310,14309,1,-1
2020-12-21 15:18:31.398,14309,14310,14310,3,3
2020-12-21 15:18:31.780,14310,14311,14310,1,-1
2020-12-21 15:18:34.300,14310,14311,14310,2,-2
2020-12-21 15:18:34.300,14310,14311,14309,3,-3
2020-12-21 15:18:35.024,14309,14311,14310,7,7
2020-12-21 15:18:36.062,14310,14311,14310,3,-3
2020-12-21 15:18:39.306,14309,14310,14309,1,-1
2020-12-21 15:18:39.495,14308,14309,14309,2,2
2020-12-21 15:18:40.414,14308,14309,14309,1,1
2020-12-21 15:18:40.414,14308,14309,14309,1,1
2020-12-21 15:18:45.561,14309,14310,14309,5,-5
2020-12-21 15:18:47.006,14309,14310,14309,3,-3
2020-12-21 15:18:47.007,14309,14310,14309,2,-2
2020-12-21 15:18:48.970,14309,14310,14310,4,4
2020-12-21 15:18:50.885,14309,14310,14309,7,-7
2020-12-21 15:18:55.153,14308,14309,14309,1,1
2020-12-21 15:18:57.623,14308,14309,14309,3,3
2020-12-21 15:19:00.767,14308,14309,14309,1,1
2020-12-21 15:19:00.806,14308,14309,14308,1,-1
2020-12-21 15:19:01.836,14308,14309,14309,1,1
2020-12-21 15:19:01.836,14308,14309,14309,1,1
2020-12-21 15:19:01.836,14308,14309,14309,1,1
2020-12-21 15:19:02.546,14309,14310,14310,1,1
2020-12-21 15:19:02.546,14309,14310,14310,1,1
2020-12-21 15:19:10.637,14309,14310,14310,3,3
2020-12-21 15:19:10.872,14309,14310,14310,5,5
2020-12-21 15:19:11.796,14310,14311,14310,5,-5
2020-12-21 15:19:12.511,14310,14311,14310,4,-4
2020-12-21 15:19:13.074,14309,14310,14309,8,-8
2020-12-21 15:19:14.890,14308,14309,14309,1,1
2020-12-21 15:19:17.435,14308,14309,14308,9,-9
2020-12-21 15:19:17.968,14307,14308,14308,2,2
2020-12-21 15:19:20.427,14307,14308,14307,4,-4
2020-12-21 15:19:20.427,14307,14308,14307,4,-4
2020-12-21 15:19:20.428,14307,14308,14307,5,-5
2020-12-21 15:19:22.029,14306,14307,14306,1,-1
2020-12-21 15:19:26.917,14306,14307,14307,4,4
2020-12-21 15:19:26.918,14306,14307,14307,1,1
2020-12-21 15:19:27.417,14307,14308,14307,1,-1
2020-12-21 15:19:27.931,14306,14308,14306,1,-1
2020-12-21 15:19:29.216,14307,14308,14307,2,2
2020-12-21 15:19:31.460,14307,14308,14307,1,-1
2020-12-21 15:19:31.771,14306,14308,14308,2,2
2020-12-21 15:19:32.430,14306,14308,14308,5,5
2020-12-21 15:19:34.314,14307,14308,14308,3,3
2020-12-21 15:19:34.764,14308,14309,14309,1,1
2020-12-21 15:19:34.880,14308,14309,14308,2,-2
2020-12-21 15:19:34.944,14307,14309,14309,1,1
2020-12-21 15:19:35.047,14307,14308,14308,2,2
2020-12-21 15:19:35.156,14307,14308,14308,1,1
2020-12-21 15:19:35.757,14307,14308,14308,1,1
2020-12-21 15:19:35.757,14307,14308,14309,2,2
2020-12-21 15:19:39.056,14307,14308,14308,5,5
2020-12-21 15:19:42.226,14307,14308,14308,1,1
2020-12-21 15:19:42.795,14308,14309,14308,5,-5
2020-12-21 15:19:42.876,14308,14309,14308,1,-1
2020-12-21 15:19:44.317,14307,14309,14309,3,3
2020-12-21 15:19:50.958,14307,14308,14307,1,-1
2020-12-21 15:19:55.006,14306,14307,14307,1,1
2020-12-21 15:19:58.045,14306,14307,14307,1,1
2020-12-21 15:20:04.249,14306,14307,14307,1,1
2020-12-21 15:20:04.307,14307,14308,14307,1,-1
2020-12-21 15:20:04.825,14307,14308,14308,1,1
2020-12-21 15:20:15.156,14307,14308,14307,2,-2
2020-12-21 15:20:20.406,14306,14307,14306,2,-2
2020-12-21 15:20:20.406,14306,14307,14306,15,-15
2020-12-21 15:20:21.776,14305,14306,14305,45,-45
2020-12-21 15:20:21.777,14305,14306,14305,1,-1
2020-12-21 15:20:21.777,14305,14306,14305,1,-1
2020-12-21 15:20:26.536,14304,14305,14304,10,-10
2020-12-21 15:20:27.733,14304,14305,14305,1,1
2020-12-21 15:20:28.169,14304,14306,14304,1,-1
2020-12-21 15:20:30.078,14305,14307,14305,1,1
2020-12-21 15:20:31.721,14305,14306,14306,4,4
2020-12-21 15:20:31.721,14305,14306,14306,1,1
2020-12-21 15:20:33.177,14305,14307,14305,1,-1
2020-12-21 15:20:33.497,14305,14307,14305,3,-3
2020-12-21 15:20:40.248,14305,14306,14306,7,7
2020-12-21 15:20:41.170,14306,14307,14307,2,2
2020-12-21 15:20:50.604,14306,14307,14306,1,-1
2020-12-21 15:20:55.984,14306,14307,14307,5,5
2020-12-21 15:21:05.034,14306,14307,14306,10,-10
2020-12-21 15:21:05.057,14306,14307,14306,1,-1
2020-12-21 15:21:06.578,14306,14307,14307,1,1
2020-12-21 15:21:10.927,14306,14307,14307,2,2
2020-12-21 15:21:13.519,14306,14307,14307,1,1
2020-12-21 15:21:13.519,14306,14307,14307,2,2
2020-12-21 15:21:18.354,14306,14307,14307,1,1
2020-12-21 15:21:29.092,14307,14308,14307,1,-1
2020-12-21 15:21:29.257,14307,14308,14308,3,3
2020-12-21 15:21:34.057,14307,14308,14307,5,-5
2020-12-21 15:21:34.625,14307,14308,14307,1,-1
2020-12-21 15:21:34.858,14306,14307,14307,1,1
2020-12-21 15:21:41.067,14306,14307,14307,1,1
2020-12-21 15:21:41.605,14306,14307,14306,2,-2
2020-12-21 15:21:43.785,14306,14307,14306,1,-1
2020-12-21 15:21:43.878,14306,14307,14306,1,-1
2020-12-21 15:21:48.573,14306,14307,14306,1,-1
2020-12-21 15:21:53.517,14306,14307,14306,12,-12
2020-12-21 15:21:53.958,14305,14306,14305,1,-1
2020-12-21 15:21:58.227,14305,14306,14305,1,-1
2020-12-21 15:22:00.954,14305,14306,14305,4,-4
2020-12-21 15:22:01.059,14305,14306,14305,1,-1
2020-12-21 15:22:03.290,14304,14305,14305,1,1
2020-12-21 15:22:06.694,14304,14305,14305,2,2
2020-12-21 15:22:09.212,14305,14306,14305,2,-2
2020-12-21 15:22:10.868,14305,14306,14305,1,-1
2020-12-21 15:22:18.846,14305,14306,14306,5,5
2020-12-21 15:22:27.673,14305,14306,14306,8,8
2020-12-21 15:22:27.763,14305,14306,14306,1,1
2020-12-21 15:22:34.931,14306,14307,14306,3,-3
2020-12-21 15:22:34.932,14306,14307,14306,1,-1
2020-12-21 15:22:35.734,14306,14307,14306,2,-2
2020-12-21 15:22:35.969,14306,14307,14306,1,-1
2020-12-21 15:22:36.168,14306,14307,14306,2,-2
2020-12-21 15:22:37.453,14306,14307,14306,2,-2
2020-12-21 15:22:37.601,14306,14307,14306,2,-2
2020-12-21 15:22:41.704,14305,14306,14306,1,1
2020-12-21 15:22:41.704,14305,14306,14307,3,3
2020-12-21 15:22:47.125,14306,14307,14306,1,-1
2020-12-21 15:22:48.110,14306,14307,14306,1,-1
2020-12-21 15:22:52.813,14306,14307,14307,2,2
2020-12-21 15:22:52.915,14306,14307,14307,2,2
2020-12-21 15:22:54.166,14306,14308,14306,1,-1
2020-12-21 15:22:54.575,14306,14308,14308,3,3
2020-12-21 15:23:01.259,14306,14307,14306,1,-1
2020-12-21 15:23:01.311,14306,14307,14306,1,-1
2020-12-21 15:23:11.290,14307,14308,14308,1,1
2020-12-21 15:23:13.349,14308,14309,14308,1,-1
2020-12-21 15:23:14.436,14308,14309,14309,3,3
2020-12-21 15:23:16.129,14307,14309,14309,1,1
2020-12-21 15:23:17.107,14307,14309,14309,3,3
2020-12-21 15:23:19.547,14307,14309,14309,1,1
2020-12-21 15:23:22.996,14307,14308,14308,1,1
2020-12-21 15:23:23.913,14307,14308,14307,3,-3
2020-12-21 15:23:23.917,14307,14308,14307,1,-1
2020-12-21 15:23:29.632,14307,14308,14308,1,1
2020-12-21 15:23:31.794,14307,14308,14307,8,-8
2020-12-21 15:23:33.043,14306,14307,14307,1,1
2020-12-21 15:23:35.094,14306,14307,14306,1,-1
2020-12-21 15:23:36.518,14306,14307,14306,1,-1
2020-12-21 15:23:40.028,14306,14307,14307,1,1
2020-12-21 15:23:40.028,14306,14307,14307,1,1
2020-12-21 15:23:44.202,14307,14308,14307,1,-1
2020-12-21 15:23:47.235,14307,14308,14307,1,-1
2020-12-21 15:23:49.154,14307,14308,14308,3,3
2020-12-21 15:23:49.154,14307,14308,14309,1,1
2020-12-21 15:23:49.483,14308,14309,14309,2,2
2020-12-21 15:24:00.877,14308,14309,14308,1,-1
2020-12-21 15:24:00.934,14308,14309,14308,1,-1
2020-12-21 15:24:01.228,14307,14308,14307,2,-2
2020-12-21 15:24:02.481,14307,14308,14307,1,-1
2020-12-21 15:24:02.481,14307,14308,14307,1,-1
2020-12-21 15:24:08.752,14306,14307,14307,1,1
2020-12-21 15:24:08.752,14306,14307,14308,3,3
2020-12-21 15:24:24.067,14306,14307,14307,2,2
2020-12-21 15:24:34.171,14306,14307,14307,1,1
2020-12-21 15:24:34.171,14306,14307,14308,2,2
2020-12-21 15:24:39.975,14307,14308,14308,3,3
2020-12-21 15:24:56.470,14307,14308,14307,1,-1
2020-12-21 15:25:02.449,14307,14308,14307,1,-1
2020-12-21 15:25:02.557,14307,14308,14307,1,-1
2020-12-21 15:25:05.815,14306,14307,14306,2,-2
2020-12-21 15:25:05.817,14306,14307,14306,1,-1
2020-12-21 15:25:05.819,14306,14307,14306,1,-1
2020-12-21 15:25:08.955,14307,14308,14307,1,1
2020-12-21 15:25:11.450,14307,14308,14307,1,-1
2020-12-21 15:25:14.057,14307,14308,14307,1,-1
2020-12-21 15:25:19.965,14306,14308,14306,10,-10
2020-12-21 15:25:24.505,14307,14308,14307,3,3
2020-12-21 15:25:26.791,14307,14308,14307,1,-1
2020-12-21 15:25:28.819,14307,14308,14307,1,-1
2020-12-21 15:25:32.499,14307,14308,14307,1,-1
2020-12-21 15:25:34.353,14307,14308,14307,3,-3
2020-12-21 15:25:35.456,14307,14308,14307,3,-3
2020-12-21 15:25:35.456,14307,14308,14306,7,-7
2020-12-21 15:25:35.457,14307,14308,14307,4,4
2020-12-21 15:25:43.697,14306,14307,14307,1,1
2020-12-21 15:25:45.961,14306,14307,14306,1,-1
2020-12-21 15:25:59.471,14306,14307,14306,1,-1
2020-12-21 15:25:59.527,14306,14307,14306,2,-2
2020-12-21 15:25:59.542,14305,14306,14306,2,2
2020-12-21 15:25:59.641,14305,14306,14306,2,2
2020-12-21 15:26:03.139,14305,14306,14306,3,3
2020-12-21 15:26:03.139,14305,14306,14307,2,2
2020-12-21 15:26:03.182,14305,14307,14305,1,-1
2020-12-21 15:26:03.243,14305,14307,14305,2,-2
2020-12-21 15:26:03.408,14305,14306,14305,2,-2
2020-12-21 15:26:03.529,14305,14306,14305,2,-2
2020-12-21 15:26:04.432,14305,14306,14305,2,-2
2020-12-21 15:26:04.579,14305,14306,14305,2,-2
2020-12-21 15:26:04.616,14305,14306,14305,1,-1
2020-12-21 15:26:22.269,14306,14307,14306,2,2
2020-12-21 15:26:27.540,14306,14307,14306,2,-2
2020-12-21 15:26:27.552,14306,14307,14306,1,-1
2020-12-21 15:26:27.553,14306,14307,14306,1,-1
2020-12-21 15:26:28.406,14305,14306,14305,1,-1
2020-12-21 15:26:29.245,14305,14306,14305,1,-1
2020-12-21 15:26:34.236,14305,14306,14305,16,-16
2020-12-21 15:26:35.107,14304,14305,14305,1,1
2020-12-21 15:26:35.107,14304,14305,14306,2,2
2020-12-21 15:26:41.867,14304,14306,14304,1,-1
2020-12-21 15:26:46.016,14305,14306,14305,1,1
2020-12-21 15:26:49.900,14304,14305,14305,3,3
2020-12-21 15:26:50.643,14304,14305,14304,5,-5
2020-12-21 15:26:50.647,14304,14305,14304,13,-13
2020-12-21 15:26:55.554,14303,14305,14303,1,-1
2020-12-21 15:26:55.846,14303,14304,14303,1,-1
2020-12-21 15:26:55.897,14303,14304,14303,1,-1
2020-12-21 15:26:55.957,14303,14304,14303,1,-1
2020-12-21 15:26:56.030,14303,14304,14303,1,-1
2020-12-21 15:26:56.220,14303,14304,14303,1,-1
2020-12-21 15:26:57.123,14303,14304,14303,1,-1
2020-12-21 15:26:58.129,14303,14304,14304,4,4
2020-12-21 15:27:01.512,14303,14304,14304,1,1
2020-12-21 15:27:01.559,14303,14304,14303,1,-1
2020-12-21 15:27:03.878,14303,14304,14303,1,-1
2020-12-21 15:27:08.809,14303,14304,14303,1,-1
2020-12-21 15:27:08.878,14303,14304,14303,2,-2
2020-12-21 15:27:11.549,14303,14304,14303,1,-1
2020-12-21 15:27:12.920,14303,14304,14303,1,-1
2020-12-21 15:27:13.117,14303,14304,14303,1,-1
2020-12-21 15:27:17.186,14303,14304,14303,4,-4
2020-12-21 15:27:17.871,14303,14304,14303,2,-2
2020-12-21 15:27:18.322,14303,14304,14303,1,-1
2020-12-21 15:27:19.568,14303,14304,14303,8,-8
2020-12-21 15:27:19.734,14302,14303,14303,1,1
2020-12-21 15:27:21.241,14302,14303,14303,2,2
2020-12-21 15:27:23.445,14302,14303,14303,1,1
2020-12-21 15:27:24.279,14302,14303,14302,3,-3
2020-12-21 15:27:24.476,14302,14303,14302,1,-1
2020-12-21 15:27:24.546,14302,14303,14302,1,-1
2020-12-21 15:27:24.593,14302,14303,14302,1,-1
2020-12-21 15:27:24.825,14302,14303,14302,1,-1
2020-12-21 15:27:24.868,14302,14303,14302,1,-1
2020-12-21 15:27:24.896,14302,14303,14302,1,-1
2020-12-21 15:27:24.957,14302,14303,14302,1,-1
2020-12-21 15:27:27.247,14302,14303,14302,1,-1
2020-12-21 15:27:27.247,14302,14303,14302,3,-3
2020-12-21 15:27:27.247,14302,14303,14302,1,-1
2020-12-21 15:27:27.247,14302,14303,14302,20,-20
2020-12-21 15:27:27.247,14302,14303,14302,1,-1
2020-12-21 15:27:27.837,14301,14302,14302,1,1
2020-12-21 15:27:28.932,14301,14303,14301,4,-4
2020-12-21 15:27:29.042,14301,14303,14301,1,-1
2020-12-21 15:27:29.072,14301,14303,14301,3,-3
2020-12-21 15:27:29.168,14301,14302,14301,4,-4
2020-12-21 15:27:31.748,14302,14303,14302,1,1
2020-12-21 15:27:31.748,14302,14303,14301,3,-3
2020-12-21 15:27:33.669,14301,14303,14301,2,-2
2020-12-21 15:27:34.206,14301,14303,14301,2,-2
2020-12-21 15:27:34.694,14301,14302,14301,1,-1
2020-12-21 15:27:36.335,14301,14302,14301,3,-3
2020-12-21 15:27:39.208,14301,14302,14301,1,-1
2020-12-21 15:27:39.949,14301,14302,14301,1,-1
2020-12-21 15:27:41.378,14301,14302,14302,1,1
2020-12-21 15:27:41.930,14301,14302,14302,1,1
2020-12-21 15:27:42.669,14301,14302,14301,1,-1
2020-12-21 15:27:44.928,14301,14302,14301,1,-1
2020-12-21 15:27:46.458,14301,14302,14301,1,-1
2020-12-21 15:27:47.489,14301,14302,14301,2,-2
2020-12-21 15:27:47.543,14301,14302,14301,1,-1
2020-12-21 15:27:47.659,14301,14302,14301,1,-1
2020-12-21 15:27:47.694,14301,14302,14301,1,-1
2020-12-21 15:27:47.759,14301,14302,14301,1,-1
2020-12-21 15:27:50.752,14301,14302,14302,1,1
2020-12-21 15:27:56.260,14301,14302,14301,1,-1
2020-12-21 15:27:59.923,14301,14302,14301,1,-1
2020-12-21 15:27:59.979,14301,14302,14301,4,-4
2020-12-21 15:28:00.073,14301,14302,14301,1,-1
2020-12-21 15:28:00.102,14301,14302,14301,1,-1
2020-12-21 15:28:00.102,14301,14302,14301,1,-1
2020-12-21 15:28:00.128,14301,14302,14301,1,-1
2020-12-21 15:28:00.186,14300,14302,14300,1,-1
2020-12-21 15:28:00.306,14300,14302,14300,1,-1
2020-12-21 15:28:00.321,14300,14302,14300,1,-1
2020-12-21 15:28:00.336,14300,14302,14300,1,-1
2020-12-21 15:28:00.607,14300,14302,14300,1,-1
2020-12-21 15:28:01.994,14300,14301,14300,5,-5
2020-12-21 15:28:02.339,14300,14301,14301,1,1
2020-12-21 15:28:02.400,14300,14301,14301,1,1
2020-12-21 15:28:02.416,14300,14302,14302,1,1
2020-12-21 15:28:02.463,14300,14302,14302,1,1
2020-12-21 15:28:02.466,14300,14302,14301,1,-1
2020-12-21 15:28:02.781,14301,14302,14302,4,4
2020-12-21 15:28:02.832,14301,14302,14302,3,3
2020-12-21 15:28:02.833,14301,14302,14301,3,-3
2020-12-21 15:28:02.859,14301,14302,14302,6,6
2020-12-21 15:28:02.890,14301,14302,14301,1,-1
2020-12-21 15:28:02.898,14301,14302,14302,2,2
2020-12-21 15:28:02.946,14301,14303,14301,4,-4
2020-12-21 15:28:02.986,14301,14303,14303,6,6
2020-12-21 15:28:03.006,14301,14303,14303,1,1
2020-12-21 15:28:03.024,14301,14303,14301,2,-2
2020-12-21 15:28:03.046,14301,14303,14303,2,2
2020-12-21 15:28:03.066,14301,14303,14303,1,1
2020-12-21 15:28:03.167,14302,14303,14303,1,1
2020-12-21 15:28:03.167,14302,14303,14304,1,1
2020-12-21 15:28:03.211,14302,14303,14304,1,1
2020-12-21 15:28:03.380,14302,14304,14302,2,-2
2020-12-21 15:28:03.417,14302,14304,14304,4,4
2020-12-21 15:28:03.488,14302,14304,14303,1,-1
2020-12-21 15:28:03.515,14302,14304,14304,1,1
2020-12-21 15:28:03.536,14302,14304,14304,2,2
2020-12-21 15:28:03.605,14303,14304,14303,2,-2
2020-12-21 15:28:04.040,14303,14304,14304,1,1
2020-12-21 15:28:04.058,14303,14304,14305,1,1
2020-12-21 15:28:14.024,14303,14304,14304,2,2
2020-12-21 15:28:14.373,14303,14304,14304,3,3
2020-12-21 15:28:14.373,14303,14304,14305,1,1
2020-12-21 15:28:17.061,14303,14304,14303,1,-1
2020-12-21 15:28:20.916,14303,14304,14304,1,1
2020-12-21 15:28:21.110,14303,14304,14303,2,-2
2020-12-21 15:28:25.235,14303,14304,14303,1,-1
2020-12-21 15:28:25.620,14303,14304,14303,1,-1
2020-12-21 15:28:29.148,14303,14304,14303,4,-4
2020-12-21 15:28:29.972,14302,14303,14303,2,2
2020-12-21 15:28:29.972,14302,14303,14304,1,1
2020-12-21 15:28:30.188,14302,14303,14302,2,-2
2020-12-21 15:28:33.004,14302,14303,14303,1,1
2020-12-21 15:28:39.649,14301,14303,14303,3,3
2020-12-21 15:28:40.882,14301,14302,14301,2,-2
2020-12-21 15:28:41.120,14301,14302,14302,1,1
2020-12-21 15:28:42.744,14301,14302,14302,1,1
2020-12-21 15:28:45.363,14302,14303,14302,1,-1
2020-12-21 15:28:46.933,14302,14303,14302,2,-2
2020-12-21 15:28:49.248,14302,14303,14302,1,-1
2020-12-21 15:28:49.930,14302,14303,14302,1,-1
2020-12-21 15:28:50.809,14302,14303,14302,1,-1
2020-12-21 15:28:51.733,14302,14303,14302,1,-1
2020-12-21 15:28:54.567,14302,14303,14302,2,-2
2020-12-21 15:28:54.568,14302,14303,14302,1,-1
2020-12-21 15:28:55.213,14302,14303,14302,1,-1
2020-12-21 15:29:00.138,14302,14303,14303,2,2
2020-12-21 15:29:00.138,14302,14303,14304,2,2
2020-12-21 15:29:00.184,14303,14304,14303,1,-1
2020-12-21 15:29:03.910,14302,14303,14303,1,1
2020-12-21 15:29:09.708,14303,14304,14303,2,-2
2020-12-21 15:29:18.201,14302,14303,14303,1,1
2020-12-21 15:29:18.201,14302,14303,14303,4,4
2020-12-21 15:29:24.154,14303,14304,14303,4,-4
2020-12-21 15:29:27.659,14303,14304,14303,1,-1
2020-12-21 15:29:30.613,14302,14303,14303,5,5
2020-12-21 15:29:36.794,14302,14303,14302,1,-1
2020-12-21 15:29:38.065,14302,14303,14303,1,1
2020-12-21 15:29:42.810,14302,14303,14303,2,2
2020-12-21 15:29:42.810,14302,14303,14304,1,1
2020-12-21 15:29:52.505,14302,14304,14302,1,-1
2020-12-21 15:29:54.289,14302,14303,14302,1,-1
2020-12-21 15:29:54.345,14302,14303,14302,2,-2
2020-12-21 15:29:54.394,14302,14303,14302,2,-2
2020-12-21 15:29:55.214,14301,14302,14301,2,-2
2020-12-21 15:29:55.292,14301,14302,14301,1,-1
2020-12-21 15:29:58.586,14301,14302,14302,3,3
2020-12-21 15:30:02.322,14301,14302,14301,2,-2
2020-12-21 15:30:02.431,14301,14302,14301,1,-1
2020-12-21 15:30:02.540,14301,14302,14301,8,-8
2020-12-21 15:30:02.859,14300,14302,14301,1,-1
2020-12-21 15:30:02.965,14301,14302,14302,2,2
2020-12-21 15:30:03.209,14301,14302,14301,4,-4
2020-12-21 15:30:03.229,14301,14302,14301,1,-1
2020-12-21 15:30:03.267,14301,14302,14301,1,-1
2020-12-21 15:30:03.272,14301,14302,14301,1,-1
2020-12-21 15:30:03.501,14300,14302,14302,1,1
2020-12-21 15:30:03.849,14300,14302,14302,3,3
2020-12-21 15:30:08.368,14301,14302,14301,1,-1
2020-12-21 15:30:10.403,14301,14302,14301,1,-1
2020-12-21 15:30:15.053,14300,14301,14300,4,-4
2020-12-21 15:30:15.054,14300,14301,14300,9,-9
2020-12-21 15:30:15.054,14300,14301,14300,4,-4
2020-12-21 15:30:15.054,14300,14301,14300,37,-37
2020-12-21 15:30:15.054,14300,14301,14300,4,-4
2020-12-21 15:30:15.054,14300,14301,14300,1,-1
2020-12-21 15:30:15.055,14300,14301,14300,11,-11
2020-12-21 15:30:15.055,14300,14301,14300,9,-9
2020-12-21 15:30:15.055,14300,14301,14300,5,-5
2020-12-21 15:30:15.055,14300,14301,14300,1,-1
2020-12-21 15:30:15.057,14300,14301,14300,4,-4
2020-12-21 15:30:15.156,14300,14301,14300,2,-2
2020-12-21 15:30:15.157,14300,14301,14300,2,-2
2020-12-21 15:30:15.157,14300,14301,14300,6,-6
2020-12-21 15:30:15.165,14300,14301,14300,1,-1
2020-12-21 15:30:15.291,14299,14301,14299,1,-1
2020-12-21 15:30:15.420,14299,14301,14299,10,-10
2020-12-21 15:30:15.438,14299,14301,14299,1,-1
2020-12-21 15:30:15.493,14299,14301,14299,2,-2
2020-12-21 15:30:15.520,14299,14301,14299,1,-1
2020-12-21 15:30:16.113,14299,14300,14300,3,3
2020-12-21 15:30:16.114,14299,14300,14300,1,1
2020-12-21 15:30:24.044,14299,14300,14300,4,4
2020-12-21 15:30:24.045,14299,14300,14300,11,11
2020-12-21 15:30:28.249,14300,14301,14300,2,-2
2020-12-21 15:30:28.816,14300,14301,14301,1,1
2020-12-21 15:30:28.816,14300,14301,14301,5,5
2020-12-21 15:30:28.817,14300,14301,14301,1,1
2020-12-21 15:30:28.817,14300,14301,14301,2,2
2020-12-21 15:30:32.160,14301,14302,14302,2,2
2020-12-21 15:30:32.160,14301,14302,14303,3,3
2020-12-21 15:30:33.167,14301,14303,14301,1,-1
2020-12-21 15:30:34.481,14302,14303,14302,1,1
2020-12-21 15:30:35.166,14302,14303,14302,1,-1
2020-12-21 15:30:37.838,14302,14303,14303,3,3
2020-12-21 15:30:38.292,14302,14304,14304,3,3
2020-12-21 15:30:38.466,14302,14303,14303,1,1
2020-12-21 15:30:38.540,14302,14303,14303,4,4
2020-12-21 15:30:41.491,14302,14304,14304,1,1
2020-12-21 15:30:42.161,14302,14304,14302,1,-1
2020-12-21 15:30:42.206,14302,14304,14302,2,-2
2020-12-21 15:30:43.454,14302,14304,14302,1,-1
2020-12-21 15:30:44.077,14302,14304,14302,1,-1
2020-12-21 15:30:46.355,14302,14303,14303,1,1
2020-12-21 15:30:46.355,14302,14303,14303,2,2
2020-12-21 15:30:47.053,14303,14304,14303,1,-1
2020-12-21 15:30:47.499,14303,14304,14303,1,-1
2020-12-21 15:30:58.241,14302,14303,14303,2,2
2020-12-21 15:31:00.660,14303,14304,14303,1,-1
2020-12-21 15:31:00.715,14303,14304,14303,2,-2
2020-12-21 15:31:02.187,14303,14304,14303,2,-2
2020-12-21 15:31:02.229,14303,14304,14303,2,-2
2020-12-21 15:31:02.247,14303,14304,14302,1,-1
2020-12-21 15:31:02.288,14303,14304,14302,1,-1
2020-12-21 15:31:04.095,14302,14303,14303,1,1
2020-12-21 15:31:24.967,14302,14303,14303,1,1
2020-12-21 15:31:27.916,14302,14303,14302,9,-9
2020-12-21 15:31:28.795,14302,14303,14302,1,-1
2020-12-21 15:31:28.873,14302,14303,14303,1,1
2020-12-21 15:31:38.932,14302,14303,14302,1,-1
2020-12-21 15:31:40.334,14302,14303,14303,3,3
2020-12-21 15:31:42.753,14302,14303,14302,1,-1
2020-12-21 15:31:46.487,14301,14302,14301,6,-6
2020-12-21 15:31:49.670,14300,14301,14300,1,-1
2020-12-21 15:31:49.670,14300,14301,14300,4,-4
2020-12-21 15:31:49.670,14300,14301,14300,4,-4
2020-12-21 15:31:49.790,14300,14301,14300,11,-11
2020-12-21 15:31:50.165,14299,14300,14299,6,-6
2020-12-21 15:31:50.290,14298,14300,14298,5,-5
2020-12-21 15:31:50.419,14298,14300,14298,10,-10
2020-12-21 15:31:50.513,14298,14300,14298,1,-1
2020-12-21 15:31:50.665,14297,14299,14299,1,1
2020-12-21 15:31:51.462,14298,14299,14299,1,1
2020-12-21 15:31:52.462,14298,14300,14298,3,-3
2020-12-21 15:31:53.548,14298,14299,14298,1,-1
2020-12-21 15:31:54.150,14298,14299,14299,1,1
2020-12-21 15:31:55.284,14298,14300,14298,1,-1
2020-12-21 15:31:55.901,14298,14300,14298,3,-3
2020-12-21 15:31:56.759,14298,14299,14298,1,-1
2020-12-21 15:32:00.620,14298,14299,14298,1,-1
2020-12-21 15:32:02.733,14297,14298,14297,1,-1
2020-12-21 15:32:04.578,14297,14298,14297,1,-1
2020-12-21 15:32:05.945,14297,14298,14298,1,1
2020-12-21 15:32:06.152,14297,14298,14297,1,-1
2020-12-21 15:32:10.567,14297,14298,14297,1,-1
2020-12-21 15:32:11.694,14297,14298,14297,16,-16
2020-12-21 15:32:11.694,14297,14298,14296,10,-10
2020-12-21 15:32:11.855,14296,14297,14296,1,-1
2020-12-21 15:32:11.949,14296,14297,14296,1,-1
2020-12-21 15:32:12.204,14295,14297,14297,5,5
2020-12-21 15:32:12.207,14295,14297,14296,4,-4
2020-12-21 15:32:12.264,14295,14297,14296,4,-4
2020-12-21 15:32:12.762,14296,14297,14296,1,-1
2020-12-21 15:32:12.958,14296,14297,14297,1,1
2020-12-21 15:32:13.182,14296,14297,14297,1,1
2020-12-21 15:32:13.845,14297,14298,14297,3,-3
2020-12-21 15:32:14.649,14296,14297,14297,1,1
2020-12-21 15:32:16.876,14297,14298,14297,1,-1
2020-12-21 15:32:17.749,14297,14298,14297,1,-1
2020-12-21 15:32:18.709,14297,14298,14298,2,2
2020-12-21 15:32:20.255,14298,14299,14298,1,-1
2020-12-21 15:32:20.574,14298,14299,14298,1,-1
2020-12-21 15:32:20.708,14298,14299,14298,3,-3
2020-12-21 15:32:20.906,14298,14299,14299,1,1
2020-12-21 15:32:21.050,14298,14300,14298,1,-1
2020-12-21 15:32:23.110,14299,14300,14299,1,1
2020-12-21 15:32:26.596,14299,14300,14300,1,1
2020-12-21 15:32:26.596,14299,14300,14300,2,2
2020-12-21 15:32:26.596,14299,14300,14300,1,1
2020-12-21 15:32:27.411,14300,14301,14301,1,1
2020-12-21 15:32:40.266,14299,14301,14299,5,-5
2020-12-21 15:32:43.800,14300,14301,14300,1,1
2020-12-21 15:32:45.484,14299,14301,14301,1,1
2020-12-21 15:32:45.971,14299,14301,14299,7,-7
2020-12-21 15:32:49.660,14300,14301,14301,2,2
2020-12-21 15:32:51.970,14300,14301,14300,1,-1
2020-12-21 15:32:52.000,14300,14301,14301,1,1
2020-12-21 15:32:52.131,14300,14301,14300,1,-1
2020-12-21 15:32:53.473,14300,14301,14301,6,6
2020-12-21 15:32:59.553,14301,14302,14301,18,-18
2020-12-21 15:32:59.555,14301,14302,14301,2,-2
2020-12-21 15:32:59.606,14301,14302,14301,1,-1
2020-12-21 15:33:02.264,14300,14301,14300,1,-1
2020-12-21 15:33:07.109,14300,14301,14300,2,-2
2020-12-21 15:33:09.140,14300,14301,14300,2,-2
2020-12-21 15:33:10.530,14299,14300,14300,1,1
2020-12-21 15:33:11.711,14299,14300,14300,1,1
2020-12-21 15:33:14.575,14299,14300,14299,1,-1
2020-12-21 15:33:14.576,14299,14300,14299,5,-5
2020-12-21 15:33:14.576,14299,14300,14299,2,-2
2020-12-21 15:33:15.688,14298,14299,14299,1,1
2020-12-21 15:33:18.494,14298,14299,14299,1,1
2020-12-21 15:33:21.081,14298,14299,14298,1,-1
2020-12-21 15:33:21.936,14298,14299,14298,1,-1
2020-12-21 15:33:22.197,14298,14299,14298,2,-2
2020-12-21 15:33:25.646,14298,14299,14298,1,-1
2020-12-21 15:33:29.381,14298,14299,14298,1,-1
2020-12-21 15:33:35.418,14298,14299,14298,1,-1
2020-12-21 15:33:37.402,14298,14299,14299,1,1
2020-12-21 15:33:44.872,14298,14299,14298,1,-1
2020-12-21 15:33:48.512,14298,14299,14299,1,1
2020-12-21 15:33:48.579,14298,14299,14298,1,-1
2020-12-21 15:34:01.194,14298,14299,14298,15,-15
2020-12-21 15:34:01.195,14298,14299,14298,1,-1
2020-12-21 15:34:01.195,14298,14299,14298,1,-1
2020-12-21 15:34:01.481,14297,14298,14297,3,-3
2020-12-21 15:34:02.100,14296,14298,14296,2,-2
2020-12-21 15:34:02.168,14296,14298,14296,1,-1
2020-12-21 15:34:02.363,14296,14297,14297,3,3
2020-12-21 15:34:02.590,14296,14297,14296,1,-1
2020-12-21 15:34:05.263,14296,14297,14296,2,-2
2020-12-21 15:34:05.282,14296,14297,14297,1,1
2020-12-21 15:34:09.582,14296,14297,14297,1,1
2020-12-21 15:34:10.574,14296,14297,14297,1,1
2020-12-21 15:34:12.633,14297,14298,14297,1,-1
2020-12-21 15:34:16.498,14296,14298,14297,1,-1
2020-12-21 15:34:20.871,14297,14298,14298,2,2
2020-12-21 15:34:21.239,14297,14298,14297,1,-1
2020-12-21 15:34:22.651,14297,14298,14298,9,9
2020-12-21 15:34:25.825,14297,14298,14298,1,1
2020-12-21 15:34:26.743,14297,14299,14299,2,2
2020-12-21 15:34:37.867,14298,14299,14298,1,-1
2020-12-21 15:34:41.613,14297,14298,14298,1,1
2020-12-21 15:34:42.051,14297,14298,14298,1,1
2020-12-21 15:34:50.000,14298,14299,14298,1,-1
2020-12-21 15:34:50.786,14298,14299,14298,2,-2
2020-12-21 15:34:50.787,14298,14299,14298,1,-1
2020-12-21 15:34:50.787,14298,14299,14298,3,-3
2020-12-21 15:34:50.787,14298,14299,14298,1,-1
2020-12-21 15:34:51.209,14297,14298,14297,2,-2
2020-12-21 15:34:51.376,14297,14298,14297,2,-2
2020-12-21 15:34:59.266,14296,14297,14296,1,-1
2020-12-21 15:34:59.840,14296,14297,14296,1,-1
2020-12-21 15:34:59.840,14296,14297,14296,4,-4
2020-12-21 15:34:59.840,14296,14297,14296,3,-3
2020-12-21 15:35:04.159,14295,14296,14295,5,-5
2020-12-21 15:35:04.193,14295,14296,14295,2,-2
2020-12-21 15:35:04.518,14295,14296,14295,1,-1
2020-12-21 15:35:04.673,14295,14296,14295,1,-1
2020-12-21 15:35:04.770,14295,14296,14295,1,-1
2020-12-21 15:35:04.792,14295,14296,14295,1,-1
2020-12-21 15:35:05.032,14295,14296,14296,1,1
2020-12-21 15:35:05.041,14295,14296,14295,1,-1
2020-12-21 15:35:06.355,14295,14296,14295,4,-4
2020-12-21 15:35:06.725,14295,14296,14296,1,1
2020-12-21 15:35:07.560,14295,14296,14295,1,-1
2020-12-21 15:35:07.573,14295,14296,14295,1,-1
2020-12-21 15:35:07.666,14295,14296,14295,1,-1
2020-12-21 15:35:07.667,14295,14296,14295,2,-2
2020-12-21 15:35:08.190,14295,14296,14296,1,1
2020-12-21 15:35:09.728,14295,14296,14295,2,-2
2020-12-21 15:35:09.794,14295,14296,14295,3,-3
2020-12-21 15:35:10.925,14294,14296,14294,15,-15
2020-12-21 15:35:11.079,14294,14295,14294,1,-1
2020-12-21 15:35:11.079,14294,14295,14293,3,-3
2020-12-21 15:35:11.218,14293,14295,14295,5,5
2020-12-21 15:35:11.309,14294,14295,14294,5,-5
2020-12-21 15:35:11.309,14294,14295,14293,18,-18
2020-12-21 15:35:11.309,14294,14295,14292,7,-7
2020-12-21 15:35:11.309,14294,14295,14292,2,-2
2020-12-21 15:35:11.327,14294,14295,14292,15,-15
2020-12-21 15:35:11.377,14294,14295,14292,2,-2
2020-12-21 15:35:11.378,14294,14295,14292,1,-1
2020-12-21 15:35:11.385,14294,14295,14292,1,-1
2020-12-21 15:35:11.385,14294,14295,14291,2,-2
2020-12-21 15:35:11.483,14291,14293,14292,1,1
2020-12-21 15:35:11.503,14291,14293,14292,2,-2
2020-12-21 15:35:11.503,14291,14293,14291,1,-1
2020-12-21 15:35:11.731,14292,14293,14292,1,1
2020-12-21 15:35:11.800,14292,14293,14292,1,-1
2020-12-21 15:35:11.800,14292,14293,14291,1,-1
2020-12-21 15:35:11.851,14292,14293,14291,1,-1
2020-12-21 15:35:11.910,14292,14293,14292,1,1
2020-12-21 15:35:12.161,14292,14293,14292,1,-1
2020-12-21 15:35:12.370,14292,14293,14292,1,-1
2020-12-21 15:35:12.636,14292,14293,14293,1,1
2020-12-21 15:35:13.102,14293,14294,14293,4,-4
2020-12-21 15:35:14.614,14293,14294,14294,2,2
2020-12-21 15:35:16.670,14294,14296,14294,1,-1
2020-12-21 15:35:16.971,14294,14296,14294,9,-9
2020-12-21 15:35:16.971,14294,14296,14293,2,-2
2020-12-21 15:35:21.390,14293,14294,14294,1,1
2020-12-21 15:35:21.416,14293,14294,14293,1,-1
2020-12-21 15:35:21.417,14293,14294,14293,1,-1
2020-12-21 15:35:22.439,14292,14293,14293,1,1
2020-12-21 15:35:24.719,14292,14293,14293,1,1
2020-12-21 15:35:25.427,14292,14293,14293,1,1
2020-12-21 15:35:27.328,14292,14293,14292,2,-2
2020-12-21 15:35:27.803,14292,14293,14292,1,-1
2020-12-21 15:35:28.221,14292,14293,14293,1,1
2020-12-21 15:35:28.284,14292,14293,14292,2,-2
2020-12-21 15:35:28.291,14292,14293,14292,1,-1
2020-12-21 15:35:28.292,14292,14293,14292,1,-1
2020-12-21 15:35:28.292,14292,14293,14291,1,-1
2020-12-21 15:35:28.292,14292,14293,14291,1,-1
2020-12-21 15:35:28.292,14292,14293,14292,1,1
2020-12-21 15:35:28.292,14292,14293,14291,1,-1
2020-12-21 15:35:28.293,14292,14293,14291,1,-1
2020-12-21 15:35:28.293,14292,14293,14291,1,-1
2020-12-21 15:35:28.293,14292,14293,14291,1,-1
2020-12-21 15:35:28.293,14292,14293,14291,1,-1
2020-12-21 15:35:28.293,14292,14293,14291,1,-1
2020-12-21 15:35:28.293,14292,14293,14291,1,-1
2020-12-21 15:35:28.293,14292,14293,14291,1,-1
2020-12-21 15:35:28.294,14292,14293,14291,1,-1
2020-12-21 15:35:28.294,14292,14293,14291,1,-1
2020-12-21 15:35:28.294,14292,14293,14291,1,-1
2020-12-21 15:35:28.295,14292,14293,14291,1,-1
2020-12-21 15:35:28.295,14292,14293,14291,1,-1
2020-12-21 15:35:28.295,14292,14293,14291,1,-1
2020-12-21 15:35:28.297,14292,14293,14291,1,-1
2020-12-21 15:35:28.297,14292,14293,14291,1,-1
2020-12-21 15:35:29.578,14291,14292,14291,1,-1
2020-12-21 15:35:30.181,14290,14291,14291,1,1
2020-12-21 15:35:31.346,14292,14293,14292,1,1
2020-12-21 15:35:31.346,14292,14293,14291,1,-1
2020-12-21 15:35:33.092,14290,14292,14290,1,-1
2020-12-21 15:35:33.274,14290,14292,14290,1,-1
2020-12-21 15:35:33.336,14290,14292,14290,1,-1
2020-12-21 15:35:33.370,14290,14292,14290,1,-1
2020-12-21 15:35:33.403,14290,14292,14290,1,-1
2020-12-21 15:35:33.428,14290,14292,14290,1,-1
2020-12-21 15:35:33.435,14290,14292,14290,2,-2
2020-12-21 15:35:33.445,14290,14292,14290,1,-1
2020-12-21 15:35:33.446,14290,14292,14290,1,-1
2020-12-21 15:35:33.446,14290,14292,14290,2,-2
2020-12-21 15:35:33.446,14290,14292,14290,6,-6
2020-12-21 15:35:33.446,14290,14292,14290,2,-2
2020-12-21 15:35:33.446,14290,14292,14290,5,-5
2020-12-21 15:35:33.446,14290,14292,14290,1,-1
2020-12-21 15:35:33.446,14290,14292,14290,1,-1
2020-12-21 15:35:33.477,14290,14292,14289,1,-1
2020-12-21 15:35:33.487,14290,14292,14289,2,-2
2020-12-21 15:35:33.535,14290,14292,14289,5,-5
2020-12-21 15:35:33.549,14289,14290,14289,1,-1
2020-12-21 15:35:33.607,14289,14290,14289,1,-1
2020-12-21 15:35:33.657,14289,14290,14289,1,-1
2020-12-21 15:35:33.657,14289,14290,14288,1,-1
2020-12-21 15:35:33.669,14288,14290,14288,5,-5
2020-12-21 15:35:33.671,14288,14290,14288,1,-1
2020-12-21 15:35:33.677,14288,14290,14288,1,-1
2020-12-21 15:35:33.688,14288,14290,14288,1,-1
2020-12-21 15:35:33.701,14288,14290,14288,1,-1
2020-12-21 15:35:33.704,14288,14290,14288,1,-1
2020-12-21 15:35:33.707,14288,14290,14288,9,-9
2020-12-21 15:35:33.709,14288,14290,14288,4,-4
2020-12-21 15:35:33.715,14288,14290,14288,1,-1
2020-12-21 15:35:33.731,14288,14290,14287,1,-1
2020-12-21 15:35:33.772,14288,14290,14287,4,-4
2020-12-21 15:35:33.810,14287,14288,14287,1,-1
2020-12-21 15:35:33.812,14287,14288,14287,1,-1
2020-12-21 15:35:33.823,14287,14288,14286,2,-2
2020-12-21 15:35:33.840,14287,14288,14286,1,-1
2020-12-21 15:35:33.862,14287,14288,14286,3,-3
2020-12-21 15:35:33.871,14287,14288,14286,1,-1
2020-12-21 15:35:33.872,14287,14288,14286,15,-15
2020-12-21 15:35:33.964,14285,14287,14285,1,-1
2020-12-21 15:35:33.968,14285,14287,14285,2,-2
2020-12-21 15:35:34.039,14285,14287,14285,1,-1
2020-12-21 15:35:34.060,14285,14287,14285,1,-1
2020-12-21 15:35:34.339,14286,14287,14286,1,1
2020-12-21 15:35:34.641,14286,14288,14286,1,-1
2020-12-21 15:35:34.901,14286,14288,14286,1,-1
2020-12-21 15:35:35.092,14286,14288,14288,1,1
2020-12-21 15:35:35.093,14286,14288,14288,1,1
2020-12-21 15:35:35.153,14286,14288,14289,2,2
2020-12-21 15:35:35.153,14286,14288,14289,1,1
2020-12-21 15:35:35.154,14286,14288,14289,2,2
2020-12-21 15:35:35.154,14286,14288,14289,2,2
2020-12-21 15:35:35.341,14288,14289,14289,2,2
2020-12-21 15:35:35.370,14288,14289,14288,1,-1
2020-12-21 15:35:35.676,14288,14290,14290,1,1
2020-12-21 15:35:35.844,14288,14290,14288,1,-1
2020-12-21 15:35:35.975,14288,14290,14290,1,1
2020-12-21 15:35:36.140,14288,14290,14288,1,-1
2020-12-21 15:35:36.182,14288,14290,14288,2,-2
2020-12-21 15:35:36.213,14288,14290,14288,1,-1
2020-12-21 15:35:38.222,14289,14291,14289,2,2
2020-12-21 15:35:38.291,14289,14291,14289,2,-2
2020-12-21 15:35:38.292,14289,14291,14289,3,-3
2020-12-21 15:35:38.292,14289,14291,14289,1,-1
2020-12-21 15:35:39.294,14289,14291,14289,1,-1
2020-12-21 15:35:39.463,14289,14291,14289,10,-10
2020-12-21 15:35:39.835,14289,14291,14290,1,1
2020-12-21 15:35:40.051,14289,14291,14291,1,1
2020-12-21 15:35:43.315,14289,14290,14289,1,-1
2020-12-21 15:35:45.235,14289,14290,14289,1,-1
2020-12-21 15:35:46.344,14289,14290,14289,1,-1
2020-12-21 15:35:46.346,14289,14290,14289,4,-4
2020-12-21 15:35:46.411,14289,14290,14288,1,-1
2020-12-21 15:35:46.456,14288,14289,14289,1,1
2020-12-21 15:35:46.644,14288,14290,14290,5,5
2020-12-21 15:35:51.732,14289,14290,14289,1,-1
2020-12-21 15:35:51.732,14289,14290,14288,1,-1
2020-12-21 15:35:51.791,14288,14290,14288,1,-1
2020-12-21 15:35:51.792,14288,14290,14288,1,-1
2020-12-21 15:35:53.631,14288,14290,14289,1,1
2020-12-21 15:35:54.709,14289,14290,14290,1,1
2020-12-21 15:35:55.179,14289,14290,14289,2,-2
2020-12-21 15:35:55.601,14289,14290,14289,1,-1
2020-12-21 15:35:56.038,14289,14290,14290,1,1
2020-12-21 15:35:59.574,14289,14290,14290,3,3
2020-12-21 15:35:59.666,14289,14290,14289,1,-1
2020-12-21 15:35:59.973,14288,14290,14290,1,1
2020-12-21 15:36:00.467,14288,14290,14289,1,-1
2020-12-21 15:36:00.907,14288,14290,14290,1,1
2020-12-21 15:36:01.132,14288,14290,14290,1,1
2020-12-21 15:36:01.328,14288,14290,14288,3,-3
2020-12-21 15:36:01.566,14288,14289,14288,2,-2
2020-12-21 15:36:01.754,14287,14288,14288,1,1
2020-12-21 15:36:01.911,14288,14289,14288,1,-1
2020-12-21 15:36:02.027,14287,14288,14287,1,-1
2020-12-21 15:36:02.027,14287,14288,14287,1,-1
2020-12-21 15:36:02.032,14287,14288,14286,2,-2
2020-12-21 15:36:02.106,14286,14287,14286,8,-8
2020-12-21 15:36:02.107,14286,14287,14286,1,-1
2020-12-21 15:36:02.107,14286,14287,14286,3,-3
2020-12-21 15:36:02.854,14285,14287,14285,1,-1
2020-12-21 15:36:03.985,14285,14287,14285,1,-1
2020-12-21 15:36:04.736,14285,14287,14285,2,-2
2020-12-21 15:36:05.024,14285,14287,14287,1,1
2020-12-21 15:36:06.705,14286,14288,14288,5,5
2020-12-21 15:36:09.435,14286,14288,14288,1,1
2020-12-21 15:36:09.582,14286,14288,14286,1,-1
2020-12-21 15:36:09.843,14286,14288,14287,1,1
2020-12-21 15:36:09.958,14286,14288,14286,1,-1
2020-12-21 15:36:10.086,14286,14288,14288,2,2
2020-12-21 15:36:10.316,14286,14288,14286,1,-1
2020-12-21 15:36:10.518,14286,14288,14286,1,-1
2020-12-21 15:36:11.165,14287,14289,14287,1,1
2020-12-21 15:36:11.685,14287,14289,14287,1,-1
2020-12-21 15:36:12.037,14287,14289,14287,1,-1
2020-12-21 15:36:12.649,14287,14288,14287,1,-1
2020-12-21 15:36:13.112,14286,14287,14287,1,1
2020-12-21 15:36:13.113,14286,14287,14287,2,2
2020-12-21 15:36:15.798,14287,14289,14289,2,2
2020-12-21 15:36:15.824,14287,14289,14287,1,-1
2020-12-21 15:36:15.908,14287,14289,14287,1,-1
2020-12-21 15:36:16.989,14287,14289,14289,5,5
2020-12-21 15:36:17.340,14288,14289,14288,1,-1
2020-12-21 15:36:17.565,14288,14289,14288,5,-5
2020-12-21 15:36:18.785,14287,14288,14287,3,-3
2020-12-21 15:36:18.787,14287,14288,14287,2,-2
2020-12-21 15:36:20.289,14287,14289,14289,5,5
2020-12-21 15:36:21.403,14287,14289,14289,3,3
2020-12-21 15:36:21.581,14288,14289,14289,1,1
2020-12-21 15:36:24.684,14287,14289,14288,1,-1
2020-12-21 15:36:24.796,14287,14288,14287,1,-1
2020-12-21 15:36:25.924,14287,14288,14288,1,1
2020-12-21 15:36:28.713,14288,14290,14290,1,1
2020-12-21 15:36:29.010,14288,14289,14289,5,5
2020-12-21 15:36:29.010,14288,14289,14290,1,1
2020-12-21 15:36:29.046,14288,14290,14288,1,-1
2020-12-21 15:36:29.152,14288,14290,14288,2,-2
2020-12-21 15:36:32.054,14289,14290,14289,1,1
2020-12-21 15:36:32.368,14289,14290,14290,3,3
2020-12-21 15:36:33.685,14290,14291,14291,1,1
2020-12-21 15:36:33.764,14290,14291,14290,2,-2
2020-12-21 15:36:33.996,14290,14291,14291,1,1
2020-12-21 15:36:36.804,14290,14291,14291,1,1
2020-12-21 15:36:36.806,14290,14291,14290,1,-1
2020-12-21 15:36:37.555,14290,14291,14291,1,1
2020-12-21 15:36:38.119,14290,14291,14290,1,-1
2020-12-21 15:36:38.414,14289,14291,14291,1,1
2020-12-21 15:36:40.444,14290,14291,14291,1,1
2020-12-21 15:36:41.951,14290,14291,14290,1,-1
2020-12-21 15:36:42.151,14290,14291,14290,1,-1
2020-12-21 15:36:51.485,14290,14291,14290,1,-1
2020-12-21 15:36:51.987,14290,14291,14291,1,1
2020-12-21 15:36:52.434,14290,14291,14290,1,-1
2020-12-21 15:36:55.611,14290,14291,14291,1,1
2020-12-21 15:36:55.723,14290,14291,14290,2,-2
2020-12-21 15:36:55.875,14290,14291,14290,2,-2
2020-12-21 15:36:59.207,14290,14291,14290,4,-4
2020-12-21 15:36:59.924,14289,14290,14290,2,2
2020-12-21 15:36:59.924,14289,14290,14290,17,17
2020-12-21 15:36:59.925,14289,14290,14291,2,2
2020-12-21 15:37:01.822,14289,14291,14289,1,-1
2020-12-21 15:37:02.137,14289,14290,14290,1,1
2020-12-21 15:37:02.195,14289,14290,14289,5,-5
2020-12-21 15:37:03.052,14288,14290,14290,1,1
2020-12-21 15:37:03.415,14289,14290,14290,1,1
2020-12-21 15:37:04.209,14288,14290,14290,3,3
2020-12-21 15:37:05.470,14288,14290,14290,1,1
2020-12-21 15:37:06.080,14288,14290,14288,1,-1
2020-12-21 15:37:07.605,14289,14290,14289,1,1
2020-12-21 15:37:08.105,14288,14289,14288,2,-2
2020-12-21 15:37:08.105,14288,14289,14288,4,-4
2020-12-21 15:37:08.105,14288,14289,14288,1,-1
2020-12-21 15:37:08.203,14287,14288,14288,1,1
2020-12-21 15:37:11.018,14287,14289,14288,1,-1
2020-12-21 15:37:12.186,14287,14288,14288,1,1
2020-12-21 15:37:13.294,14287,14288,14287,2,-2
2020-12-21 15:37:13.484,14287,14288,14287,2,-2
2020-12-21 15:37:13.618,14287,14288,14287,2,-2
2020-12-21 15:37:13.618,14287,14288,14287,4,-4
2020-12-21 15:37:13.618,14287,14288,14287,3,-3
2020-12-21 15:37:14.344,14286,14287,14287,1,1
2020-12-21 15:37:15.136,14286,14287,14287,1,1
2020-12-21 15:37:15.383,14286,14287,14286,1,-1
2020-12-21 15:37:15.714,14286,14287,14287,5,5
2020-12-21 15:37:17.089,14287,14288,14288,1,1
2020-12-21 15:37:18.540,14287,14288,14288,11,11
2020-12-21 15:37:24.672,14287,14288,14288,1,1
2020-12-21 15:37:24.807,14287,14288,14288,10,10
2020-12-21 15:37:24.961,14287,14288,14287,1,-1
2020-12-21 15:37:27.374,14287,14288,14288,2,2
2020-12-21 15:37:27.518,14287,14288,14288,1,1
2020-12-21 15:37:28.279,14287,14289,14289,1,1
2020-12-21 15:37:30.424,14287,14288,14288,3,3
2020-12-21 15:37:32.837,14287,14289,14287,12,-12
2020-12-21 15:37:32.837,14287,14289,14286,13,-13
2020-12-21 15:37:33.097,14286,14288,14287,1,1
2020-12-21 15:37:33.097,14286,14288,14288,4,4
2020-12-21 15:37:33.139,14286,14288,14288,1,1
2020-12-21 15:37:36.229,14287,14289,14287,2,-2
2020-12-21 15:37:36.984,14287,14288,14287,1,-1
2020-12-21 15:37:39.915,14286,14287,14287,1,1
2020-12-21 15:37:41.416,14286,14287,14287,1,1
2020-12-21 15:37:41.817,14286,14287,14287,1,1
2020-12-21 15:37:41.957,14286,14287,14286,1,-1
2020-12-21 15:37:41.994,14286,14287,14287,1,1
2020-12-21 15:37:42.441,14286,14287,14287,1,1
2020-12-21 15:37:42.759,14286,14288,14286,2,-2
2020-12-21 15:37:42.978,14286,14288,14288,2,2
2020-12-21 15:37:43.584,14287,14288,14287,1,-1
2020-12-21 15:37:43.738,14287,14288,14288,1,1
2020-12-21 15:37:45.586,14287,14288,14288,3,3
2020-12-21 15:37:47.496,14288,14289,14288,1,-1
2020-12-21 15:37:51.158,14288,14289,14289,3,3
2020-12-21 15:37:51.159,14288,14289,14289,1,1
2020-12-21 15:37:51.410,14289,14290,14289,1,-1
2020-12-21 15:37:53.843,14289,14290,14289,2,-2
2020-12-21 15:37:57.381,14289,14290,14290,1,1
2020-12-21 15:37:57.382,14289,14290,14290,4,4
2020-12-21 15:37:57.382,14289,14290,14290,2,2
2020-12-21 15:38:00.662,14290,14291,14290,6,-6
2020-12-21 15:38:00.668,14290,14291,14290,1,-1
2020-12-21 15:38:00.672,14290,14291,14289,1,-1
2020-12-21 15:38:00.673,14290,14291,14289,1,-1
2020-12-21 15:38:06.298,14289,14290,14290,4,4
2020-12-21 15:38:06.298,14289,14290,14290,1,1
2020-12-21 15:38:06.298,14289,14290,14290,1,1
2020-12-21 15:38:06.298,14289,14290,14290,1,1
2020-12-21 15:38:06.298,14289,14290,14290,1,1
2020-12-21 15:38:06.417,14290,14291,14290,1,-1
2020-12-21 15:38:06.905,14289,14291,14289,2,-2
2020-12-21 15:38:08.574,14290,14291,14291,1,1
2020-12-21 15:38:08.666,14290,14291,14290,1,-1
2020-12-21 15:38:08.666,14290,14291,14289,1,-1
2020-12-21 15:38:08.667,14290,14291,14289,1,-1
2020-12-21 15:38:09.099,14289,14290,14290,2,2
2020-12-21 15:38:09.180,14289,14291,14289,2,-2
2020-12-21 15:38:14.569,14290,14291,14291,1,1
2020-12-21 15:38:15.036,14290,14291,14290,1,-1
2020-12-21 15:38:15.582,14290,14291,14290,1,-1
2020-12-21 15:38:15.633,14290,14291,14291,1,1
2020-12-21 15:38:15.633,14290,14291,14291,2,2
2020-12-21 15:38:15.634,14290,14291,14291,1,1
2020-12-21 15:38:15.634,14290,14291,14291,3,3
2020-12-21 15:38:15.634,14290,14291,14291,1,1
2020-12-21 15:38:18.090,14291,14292,14291,1,-1
2020-12-21 15:38:22.038,14291,14292,14292,1,1
2020-12-21 15:38:22.042,14291,14292,14291,1,-1
2020-12-21 15:38:22.109,14291,14292,14292,1,1
2020-12-21 15:38:22.931,14291,14292,14291,4,-4
2020-12-21 15:38:23.445,14290,14291,14291,1,1
2020-12-21 15:38:23.504,14290,14291,14290,9,-9
2020-12-21 15:38:24.376,14289,14291,14291,1,1
2020-12-21 15:38:25.161,14289,14291,14289,1,-1
2020-12-21 15:38:26.290,14289,14290,14290,1,1
2020-12-21 15:38:27.248,14289,14291,14289,1,-1
2020-12-21 15:38:27.291,14289,14291,14289,1,-1
2020-12-21 15:38:27.291,14289,14291,14289,1,-1
2020-12-21 15:38:27.292,14289,14291,14289,1,-1
2020-12-21 15:38:27.292,14289,14291,14289,1,-1
2020-12-21 15:38:27.292,14289,14291,14289,1,-1
2020-12-21 15:38:27.293,14289,14291,14289,1,-1
2020-12-21 15:38:27.293,14289,14291,14289,1,-1
2020-12-21 15:38:27.293,14289,14291,14289,1,-1
2020-12-21 15:38:35.110,14290,14291,14290,1,1
2020-12-21 15:38:35.777,14290,14291,14291,2,2
2020-12-21 15:38:38.046,14289,14290,14290,5,5
2020-12-21 15:38:38.522,14289,14290,14290,1,1
2020-12-21 15:38:39.931,14289,14290,14290,1,1
2020-12-21 15:38:40.042,14289,14290,14289,1,-1
2020-12-21 15:38:47.880,14289,14290,14290,3,3
2020-12-21 15:38:49.807,14290,14291,14290,1,-1
2020-12-21 15:38:50.109,14290,14291,14290,1,-1
2020-12-21 15:38:52.177,14290,14291,14290,1,-1
2020-12-21 15:38:52.422,14290,14291,14290,1,-1
2020-12-21 15:38:52.423,14290,14291,14290,1,-1
2020-12-21 15:38:52.423,14290,14291,14290,2,-2
2020-12-21 15:38:53.342,14289,14290,14289,2,-2
2020-12-21 15:38:57.054,14289,14290,14290,1,1
2020-12-21 15:38:57.441,14289,14290,14290,1,1
2020-12-21 15:38:59.589,14289,14291,14291,3,3
2020-12-21 15:39:00.308,14290,14291,14291,2,2
2020-12-21 15:39:00.415,14290,14291,14291,1,1
2020-12-21 15:39:04.134,14291,14292,14291,1,-1
2020-12-21 15:39:09.546,14291,14292,14292,1,1
2020-12-21 15:39:11.117,14291,14292,14292,1,1
2020-12-21 15:39:11.807,14291,14292,14291,2,-2
2020-12-21 15:39:17.444,14291,14292,14292,1,1
2020-12-21 15:39:19.120,14292,14293,14292,1,-1
2020-12-21 15:39:23.040,14292,14293,14293,1,1
2020-12-21 15:39:23.669,14292,14294,14292,1,-1
2020-12-21 15:39:25.424,14292,14293,14293,1,1
2020-12-21 15:39:25.424,14292,14293,14294,2,2
2020-12-21 15:39:27.557,14292,14293,14293,1,1
2020-12-21 15:39:30.960,14293,14294,14293,5,-5
2020-12-21 15:39:33.937,14293,14294,14294,6,6
2020-12-21 15:39:34.798,14293,14294,14293,2,-2
2020-12-21 15:39:34.824,14293,14294,14294,3,3
2020-12-21 15:39:34.825,14293,14294,14294,3,3
2020-12-21 15:39:38.441,14293,14295,14293,1,-1
2020-12-21 15:39:38.892,14293,14295,14295,1,1
2020-12-21 15:39:42.949,14293,14295,14295,1,1
2020-12-21 15:39:43.569,14293,14295,14295,1,1
2020-12-21 15:39:43.671,14293,14295,14295,7,7
2020-12-21 15:39:45.375,14294,14295,14295,2,2
2020-12-21 15:39:46.302,14294,14295,14295,1,1
2020-12-21 15:39:46.682,14294,14295,14295,5,5
2020-12-21 15:39:46.682,14294,14295,14295,1,1
2020-12-21 15:39:46.682,14294,14295,14295,4,4
2020-12-21 15:39:47.041,14295,14296,14296,1,1
2020-12-21 15:39:49.576,14295,14296,14296,2,2
2020-12-21 15:39:53.718,14295,14296,14295,1,-1
2020-12-21 15:39:54.106,14295,14296,14296,2,2
2020-12-21 15:39:55.558,14295,14296,14295,1,-1
2020-12-21 15:39:55.892,14295,14296,14295,1,-1
2020-12-21 15:39:57.344,14294,14295,14295,1,1
2020-12-21 15:39:58.258,14295,14296,14296,2,2
2020-12-21 15:40:01.402,14295,14296,14295,1,-1
2020-12-21 15:40:01.844,14294,14295,14295,1,1
2020-12-21 15:40:02.595,14294,14296,14296,1,1
2020-12-21 15:40:03.011,14294,14296,14296,1,1
2020-12-21 15:40:05.586,14295,14296,14296,5,5
2020-12-21 15:40:05.615,14295,14296,14296,1,1
2020-12-21 15:40:08.356,14295,14296,14296,1,1
2020-12-21 15:40:08.964,14296,14297,14296,1,-1
2020-12-21 15:40:13.120,14296,14297,14297,1,1
2020-12-21 15:40:14.964,14296,14297,14296,2,-2
2020-12-21 15:40:15.594,14295,14297,14297,1,1
2020-12-21 15:40:16.980,14296,14297,14297,1,1
2020-12-21 15:40:17.627,14296,14297,14297,2,2
2020-12-21 15:40:18.800,14296,14297,14296,1,-1
2020-12-21 15:40:19.525,14295,14296,14295,3,-3
2020-12-21 15:40:19.564,14295,14296,14295,5,-5
2020-12-21 15:40:19.778,14294,14296,14296,5,5
2020-12-21 15:40:20.382,14295,14297,14297,3,3
2020-12-21 15:40:25.194,14296,14297,14297,1,1
2020-12-21 15:40:25.947,14296,14297,14297,2,2
2020-12-21 15:40:30.599,14296,14297,14297,1,1
2020-12-21 15:40:31.656,14296,14297,14297,1,1
2020-12-21 15:40:33.277,14296,14297,14296,1,-1
2020-12-21 15:40:34.543,14296,14297,14297,1,1
2020-12-21 15:40:35.593,14296,14297,14297,1,1
2020-12-21 15:40:36.867,14296,14297,14297,1,1
2020-12-21 15:40:38.400,14296,14297,14296,4,-4
2020-12-21 15:40:39.042,14295,14296,14296,2,2
2020-12-21 15:40:39.116,14295,14296,14296,1,1
2020-12-21 15:40:42.817,14296,14297,14296,1,-1
2020-12-21 15:40:44.563,14296,14297,14297,2,2
2020-12-21 15:40:48.555,14296,14297,14296,1,-1
2020-12-21 15:40:53.882,14296,14297,14296,1,-1
2020-12-21 15:40:53.906,14296,14297,14296,1,-1
2020-12-21 15:40:56.252,14296,14297,14296,1,-1
2020-12-21 15:40:56.427,14296,14297,14296,4,-4
2020-12-21 15:41:04.283,14296,14297,14297,1,1
2020-12-21 15:41:08.344,14296,14297,14297,1,1
2020-12-21 15:41:12.333,14296,14297,14296,2,-2
2020-12-21 15:41:15.244,14295,14296,14295,1,-1
2020-12-21 15:41:17.567,14295,14296,14295,1,-1
2020-12-21 15:41:18.097,14295,14296,14295,1,-1
2020-12-21 15:41:18.165,14295,14296,14295,3,-3
2020-12-21 15:41:18.165,14295,14296,14295,3,-3
2020-12-21 15:41:18.165,14295,14296,14295,1,-1
2020-12-21 15:41:18.165,14295,14296,14295,1,-1
2020-12-21 15:41:18.165,14295,14296,14295,1,-1
2020-12-21 15:41:22.358,14294,14296,14296,1,1
2020-12-21 15:41:26.403,14294,14295,14294,2,-2
2020-12-21 15:41:28.829,14294,14295,14294,1,-1
2020-12-21 15:41:31.148,14294,14295,14294,1,-1
2020-12-21 15:41:33.590,14294,14295,14295,3,3
2020-12-21 15:41:34.625,14294,14296,14295,1,-1
2020-12-21 15:41:37.342,14295,14296,14295,1,-1
2020-12-21 15:41:38.553,14295,14296,14295,1,-1
2020-12-21 15:41:45.547,14295,14296,14296,5,5
2020-12-21 15:41:45.975,14296,14297,14296,1,-1
2020-12-21 15:42:04.001,14295,14296,14295,2,-2
2020-12-21 15:42:05.363,14295,14296,14296,9,9
2020-12-21 15:42:05.363,14295,14296,14297,1,1
2020-12-21 15:42:06.191,14295,14296,14295,1,-1
2020-12-21 15:42:18.091,14295,14296,14295,1,-1
2020-12-21 15:42:24.631,14295,14296,14295,1,-1
2020-12-21 15:42:31.743,14295,14296,14295,1,-1
2020-12-21 15:42:35.127,14294,14295,14295,1,1
2020-12-21 15:42:36.717,14294,14296,14295,1,-1
2020-12-21 15:42:37.086,14295,14296,14295,3,-3
2020-12-21 15:42:44.412,14295,14296,14296,5,5
2020-12-21 15:42:48.231,14296,14297,14297,10,10
2020-12-21 15:42:48.397,14297,14298,14297,2,-2
2020-12-21 15:43:00.180,14297,14298,14298,1,1
2020-12-21 15:43:00.180,14297,14298,14298,4,4
2020-12-21 15:43:01.788,14298,14299,14297,3,-3
2020-12-21 15:43:06.169,14298,14299,14299,1,1
2020-12-21 15:43:06.169,14298,14299,14299,1,1
2020-12-21 15:43:06.169,14298,14299,14299,1,1
2020-12-21 15:43:06.170,14298,14299,14299,1,1
2020-12-21 15:43:06.170,14298,14299,14299,9,9
2020-12-21 15:43:06.347,14299,14300,14300,1,1
2020-12-21 15:43:09.252,14298,14299,14299,10,10
2020-12-21 15:43:10.007,14299,14300,14300,2,2
2020-12-21 15:43:15.155,14299,14300,14299,1,-1
2020-12-21 15:43:18.713,14299,14300,14300,1,1
2020-12-21 15:43:20.494,14299,14300,14299,1,-1
2020-12-21 15:43:24.265,14299,14300,14299,3,-3
2020-12-21 15:43:28.457,14299,14300,14300,2,2
2020-12-21 15:43:30.884,14299,14300,14300,1,1
2020-12-21 15:43:32.102,14299,14300,14300,1,1
2020-12-21 15:43:36.476,14299,14300,14300,5,5
2020-12-21 15:43:36.875,14299,14300,14300,2,2
2020-12-21 15:43:36.875,14299,14300,14300,6,6
2020-12-21 15:43:39.282,14299,14300,14300,5,5
2020-12-21 15:43:39.283,14299,14300,14300,2,2
2020-12-21 15:43:40.423,14299,14300,14300,5,5
2020-12-21 15:43:42.238,14299,14301,14300,1,-1
2020-12-21 15:43:43.262,14300,14301,14300,1,-1
2020-12-21 15:43:44.639,14300,14301,14301,1,1
2020-12-21 15:43:45.059,14300,14301,14301,4,4
2020-12-21 15:43:47.681,14300,14301,14300,1,-1
2020-12-21 15:43:49.004,14300,14301,14300,1,-1
2020-12-21 15:43:49.270,14300,14301,14301,3,3
2020-12-21 15:43:50.099,14301,14302,14301,1,-1
2020-12-21 15:43:52.525,14300,14301,14301,1,1
2020-12-21 15:43:52.711,14301,14302,14301,1,-1
2020-12-21 15:43:53.277,14301,14302,14301,3,-3
2020-12-21 15:43:53.339,14300,14301,14301,1,1
2020-12-21 15:43:55.818,14300,14301,14300,1,-1
2020-12-21 15:43:55.818,14300,14301,14300,5,-5
2020-12-21 15:43:55.965,14299,14301,14299,1,-1
2020-12-21 15:43:56.633,14299,14301,14301,2,2
2020-12-21 15:44:05.241,14300,14301,14301,1,1
2020-12-21 15:44:05.794,14300,14301,14301,1,1
2020-12-21 15:44:10.598,14300,14301,14301,2,2
2020-12-21 15:44:11.342,14301,14302,14301,1,-1
2020-12-21 15:44:11.434,14301,14302,14301,1,-1
2020-12-21 15:44:19.470,14301,14302,14301,5,-5
2020-12-21 15:44:21.152,14300,14302,14302,2,2
2020-12-21 15:44:22.561,14300,14302,14302,1,1
2020-12-21 15:44:24.822,14300,14301,14300,2,-2
2020-12-21 15:44:25.962,14300,14301,14301,1,1
2020-12-21 15:44:27.362,14301,14302,14301,2,-2
2020-12-21 15:44:30.890,14300,14301,14301,1,1
2020-12-21 15:44:31.602,14300,14301,14300,3,-3
2020-12-21 15:44:33.128,14300,14301,14301,1,1
2020-12-21 15:44:35.112,14300,14301,14300,10,-10
2020-12-21 15:44:35.459,14299,14300,14299,2,-2
2020-12-21 15:44:36.948,14299,14300,14300,5,5
2020-12-21 15:44:39.703,14299,14300,14300,1,1
2020-12-21 15:44:42.622,14300,14301,14300,3,-3
2020-12-21 15:44:52.468,14300,14301,14301,3,3
2020-12-21 15:44:53.439,14300,14301,14300,6,-6
2020-12-21 15:44:57.743,14299,14300,14300,2,2
2020-12-21 15:44:57.983,14299,14300,14300,1,1
2020-12-21 15:44:58.127,14299,14300,14299,1,-1
2020-12-21 15:44:58.688,14299,14300,14300,1,1
2020-12-21 15:44:58.836,14299,14300,14299,1,-1
2020-12-21 15:45:04.283,14298,14299,14299,2,2
2020-12-21 15:45:04.654,14298,14300,14298,5,-5
2020-12-21 15:45:04.654,14298,14300,14298,2,-2
2020-12-21 15:45:04.654,14298,14300,14297,3,-3
2020-12-21 15:45:14.189,14299,14300,14300,1,1
2020-12-21 15:45:14.655,14299,14300,14299,2,-2
2020-12-21 15:45:18.993,14299,14300,14299,2,-2
2020-12-21 15:45:18.995,14299,14300,14298,1,-1
2020-12-21 15:45:18.995,14299,14300,14298,1,-1
2020-12-21 15:45:19.113,14297,14298,14297,2,-2
2020-12-21 15:45:24.377,14296,14297,14296,1,-1
2020-12-21 15:45:32.201,14295,14296,14296,1,1
2020-12-21 15:45:37.083,14295,14296,14295,1,-1
2020-12-21 15:45:38.927,14295,14296,14295,1,-1
2020-12-21 15:45:39.449,14295,14296,14296,1,1
2020-12-21 15:45:40.390,14295,14296,14295,1,-1
2020-12-21 15:45:42.062,14295,14296,14296,2,2
2020-12-21 15:45:42.062,14295,14296,14296,2,2
2020-12-21 15:45:42.062,14295,14296,14296,4,4
2020-12-21 15:45:42.273,14296,14298,14296,1,-1
2020-12-21 15:45:45.471,14296,14298,14296,1,-1
2020-12-21 15:45:47.533,14296,14298,14296,2,-2
2020-12-21 15:45:54.841,14295,14296,14295,1,-1
2020-12-21 15:45:56.850,14294,14296,14296,3,3
2020-12-21 15:45:57.536,14295,14296,14295,1,-1
2020-12-21 15:45:59.473,14295,14296,14296,1,1
2020-12-21 15:46:00.739,14296,14297,14296,1,-1
2020-12-21 15:46:08.290,14296,14297,14296,3,-3
2020-12-21 15:46:11.736,14296,14297,14297,2,2
2020-12-21 15:46:29.194,14298,14299,14299,3,3
2020-12-21 15:46:31.313,14299,14300,14299,1,-1
2020-12-21 15:46:41.576,14299,14300,14299,1,-1
2020-12-21 15:46:41.576,14299,14300,14299,1,-1
2020-12-21 15:46:48.500,14298,14299,14298,1,-1
2020-12-21 15:46:58.548,14298,14300,14300,2,2
2020-12-21 15:47:19.861,14298,14299,14299,1,1
2020-12-21 15:47:20.895,14298,14299,14298,8,-8
2020-12-21 15:47:20.895,14298,14299,14297,2,-2
2020-12-21 15:47:27.948,14298,14299,14299,1,1
2020-12-21 15:47:32.040,14298,14299,14299,2,2
2020-12-21 15:47:33.040,14299,14300,14300,4,4
2020-12-21 15:47:33.250,14299,14301,14299,2,-2
