2019-06-19 15:00:00.062,10572,10573,10572,73
2019-06-19 15:00:00.094,10572,10573,10573,8
2019-06-19 15:00:00.094,10572,10573,10574,8
2019-06-19 15:00:00.185,10572,10573,10574,2
2019-06-19 15:00:00.185,10572,10573,10575,5
2019-06-19 15:00:00.185,10572,10573,10576,9
2019-06-19 15:00:00.185,10572,10573,10577,11
2019-06-19 15:00:00.185,10572,10573,10578,3
2019-06-19 15:00:00.186,10572,10573,10578,2
2019-06-19 15:00:00.186,10572,10573,10579,11
2019-06-19 15:00:00.186,10572,10573,10579,6
2019-06-19 15:00:00.186,10572,10573,10580,2
2019-06-19 15:00:00.284,10573,10580,10580,1
2019-06-19 15:00:00.297,10573,10580,10580,1
2019-06-19 15:00:00.324,10573,10580,10580,1
2019-06-19 15:00:00.335,10573,10580,10580,1
2019-06-19 15:00:00.364,10573,10580,10573,1
2019-06-19 15:00:00.365,10573,10580,10580,1
2019-06-19 15:00:00.455,10573,10580,10580,1
2019-06-19 15:00:00.495,10573,10580,10574,1
2019-06-19 15:00:00.495,10573,10580,10573,1
2019-06-19 15:00:00.581,10574,10579,10573,1
2019-06-19 15:00:00.696,10573,10578,10577,3
2019-06-19 15:00:00.696,10573,10578,10578,1
2019-06-19 15:00:00.754,10573,10578,10577,1
2019-06-19 15:00:00.758,10573,10578,10577,2
2019-06-19 15:00:00.771,10573,10578,10577,1
2019-06-19 15:00:00.879,10573,10577,10577,2
2019-06-19 15:00:00.879,10573,10577,10578,2
2019-06-19 15:00:00.930,10573,10577,10578,1
2019-06-19 15:00:00.940,10573,10577,10578,1
2019-06-19 15:00:01.932,10574,10575,10574,1
2019-06-19 15:00:02.483,10574,10575,10574,15
2019-06-19 15:00:02.483,10574,10575,10573,12
2019-06-19 15:00:02.483,10574,10575,10572,3
2019-06-19 15:00:02.792,10573,10575,10573,1
2019-06-19 15:00:03.088,10573,10574,10573,1
2019-06-19 15:00:03.218,10573,10574,10574,1
2019-06-19 15:00:03.655,10573,10574,10573,1
2019-06-19 15:00:03.806,10573,10574,10573,2
2019-06-19 15:00:04.007,10572,10574,10572,5
2019-06-19 15:00:04.189,10572,10574,10572,1
2019-06-19 15:00:04.964,10573,10574,10573,1
2019-06-19 15:00:04.980,10573,10574,10573,1
2019-06-19 15:00:05.092,10573,10574,10573,1
2019-06-19 15:00:05.109,10573,10574,10572,1
2019-06-19 15:00:05.197,10572,10574,10572,1
2019-06-19 15:00:05.285,10572,10574,10572,1
2019-06-19 15:00:05.777,10572,10573,10573,1
2019-06-19 15:00:06.592,10572,10573,10573,1
2019-06-19 15:00:07.089,10572,10573,10572,1
2019-06-19 15:00:08.783,10572,10573,10572,1
2019-06-19 15:00:09.528,10572,10573,10573,1
2019-06-19 15:00:10.242,10572,10573,10573,5
2019-06-19 15:00:10.511,10572,10573,10573,1
2019-06-19 15:00:10.963,10572,10573,10572,1
2019-06-19 15:00:11.690,10572,10573,10573,1
2019-06-19 15:00:11.730,10572,10573,10573,1
2019-06-19 15:00:12.413,10572,10573,10573,1
2019-06-19 15:00:12.614,10572,10573,10572,1
2019-06-19 15:00:13.839,10572,10573,10572,6
2019-06-19 15:00:14.810,10572,10573,10573,1
2019-06-19 15:00:15.908,10572,10573,10573,1
2019-06-19 15:00:16.761,10572,10573,10573,3
2019-06-19 15:00:16.761,10572,10573,10574,2
2019-06-19 15:00:19.432,10573,10574,10574,1
2019-06-19 15:00:20.994,10573,10574,10574,3
2019-06-19 15:00:20.994,10573,10574,10575,7
2019-06-19 15:00:21.774,10574,10575,10574,1
2019-06-19 15:00:22.141,10574,10575,10575,1
2019-06-19 15:00:24.776,10574,10575,10575,1
2019-06-19 15:00:27.403,10574,10575,10574,12
2019-06-19 15:00:27.687,10574,10575,10574,1
2019-06-19 15:00:27.891,10574,10575,10575,1
2019-06-19 15:00:31.710,10574,10575,10574,1
2019-06-19 15:00:32.751,10574,10575,10575,1
2019-06-19 15:00:32.977,10574,10575,10574,1
2019-06-19 15:00:33.187,10574,10575,10574,1
2019-06-19 15:00:33.669,10574,10575,10574,1
2019-06-19 15:00:34.009,10574,10575,10575,1
2019-06-19 15:00:34.166,10574,10575,10575,5
2019-06-19 15:00:34.518,10574,10575,10574,1
2019-06-19 15:00:37.868,10574,10575,10575,5
2019-06-19 15:00:39.206,10574,10575,10574,1
2019-06-19 15:00:39.233,10574,10575,10574,4
2019-06-19 15:00:39.880,10574,10575,10575,4
2019-06-19 15:00:41.559,10574,10575,10574,1
2019-06-19 15:00:44.543,10574,10575,10575,1
2019-06-19 15:00:45.176,10574,10575,10574,1
2019-06-19 15:00:46.733,10574,10575,10574,1
2019-06-19 15:00:47.095,10574,10575,10574,1
2019-06-19 15:00:48.568,10574,10575,10575,1
2019-06-19 15:00:50.897,10574,10575,10574,1
2019-06-19 15:00:51.100,10574,10575,10575,13
2019-06-19 15:00:52.506,10575,10576,10576,1
2019-06-19 15:00:54.634,10575,10576,10576,1
2019-06-19 15:00:55.115,10575,10576,10576,1
2019-06-19 15:00:55.360,10576,10577,10576,2
2019-06-19 15:00:56.969,10576,10577,10576,1
2019-06-19 15:01:00.015,10576,10577,10577,5
2019-06-19 15:01:00.015,10576,10577,10578,1
2019-06-19 15:01:00.015,10576,10577,10578,8
2019-06-19 15:01:00.015,10576,10577,10579,3
2019-06-19 15:01:00.037,10576,10577,10576,1
2019-06-19 15:01:00.059,10576,10577,10576,1
2019-06-19 15:01:00.065,10576,10577,10580,12
2019-06-19 15:01:00.073,10576,10580,10580,1
2019-06-19 15:01:00.073,10576,10580,10581,6
2019-06-19 15:01:00.073,10576,10580,10582,5
2019-06-19 15:01:00.111,10576,10580,10583,1
2019-06-19 15:01:00.114,10576,10580,10583,3
2019-06-19 15:01:00.114,10576,10580,10584,2
2019-06-19 15:01:00.119,10576,10580,10577,2
2019-06-19 15:01:00.247,10577,10584,10584,1
2019-06-19 15:01:00.312,10577,10584,10577,2
2019-06-19 15:01:00.472,10577,10584,10584,5
2019-06-19 15:01:00.481,10577,10584,10578,1
2019-06-19 15:01:00.522,10577,10584,10584,3
2019-06-19 15:01:00.522,10577,10584,10585,2
2019-06-19 15:01:00.704,10577,10585,10585,2
2019-06-19 15:01:00.807,10577,10585,10577,4
2019-06-19 15:01:00.808,10577,10585,10577,1
2019-06-19 15:01:00.808,10577,10585,10576,2
2019-06-19 15:01:00.814,10577,10585,10576,2
2019-06-19 15:01:00.824,10576,10580,10577,1
2019-06-19 15:01:00.824,10576,10580,10575,2
2019-06-19 15:01:00.881,10576,10580,10580,1
2019-06-19 15:01:01.081,10577,10583,10583,1
2019-06-19 15:01:01.482,10577,10581,10581,1
2019-06-19 15:01:01.600,10577,10581,10577,4
2019-06-19 15:01:01.600,10577,10581,10576,5
2019-06-19 15:01:01.600,10577,10581,10575,8
2019-06-19 15:01:01.600,10577,10581,10575,8
2019-06-19 15:01:01.632,10577,10581,10581,1
2019-06-19 15:01:01.683,10577,10581,10581,1
2019-06-19 15:01:01.699,10575,10581,10577,1
2019-06-19 15:01:01.699,10575,10581,10575,3
2019-06-19 15:01:01.699,10575,10581,10575,1
2019-06-19 15:01:01.699,10575,10581,10574,3
2019-06-19 15:01:01.699,10575,10581,10574,8
2019-06-19 15:01:01.700,10575,10581,10574,8
2019-06-19 15:01:01.700,10575,10581,10573,5
2019-06-19 15:01:01.700,10575,10581,10573,7
2019-06-19 15:01:01.700,10575,10581,10572,21
2019-06-19 15:01:01.700,10575,10581,10571,2
2019-06-19 15:01:02.445,10572,10574,10574,1
2019-06-19 15:01:05.119,10575,10576,10576,1
2019-06-19 15:01:05.119,10575,10576,10578,1
2019-06-19 15:01:08.953,10575,10576,10576,1
2019-06-19 15:01:09.536,10576,10577,10577,1
2019-06-19 15:01:10.528,10576,10577,10577,1
2019-06-19 15:01:10.639,10576,10577,10576,1
2019-06-19 15:01:11.084,10576,10577,10576,1
2019-06-19 15:01:11.496,10576,10577,10576,1
2019-06-19 15:01:12.253,10576,10577,10577,1
2019-06-19 15:01:13.092,10576,10578,10576,1
2019-06-19 15:01:13.471,10576,10577,10577,2
2019-06-19 15:01:14.987,10576,10577,10577,1
2019-06-19 15:01:15.951,10576,10577,10576,1
2019-06-19 15:01:16.177,10576,10577,10576,1
2019-06-19 15:01:16.647,10576,10577,10576,1
2019-06-19 15:01:16.833,10576,10577,10577,1
2019-06-19 15:01:17.657,10576,10577,10577,1
2019-06-19 15:01:17.657,10576,10577,10578,1
2019-06-19 15:01:22.119,10577,10578,10577,1
2019-06-19 15:01:26.102,10577,10578,10578,1
2019-06-19 15:01:27.458,10577,10578,10577,1
2019-06-19 15:01:28.255,10577,10578,10577,2
2019-06-19 15:01:32.195,10577,10578,10577,1
2019-06-19 15:01:34.047,10577,10578,10578,1
2019-06-19 15:01:34.150,10577,10578,10577,1
2019-06-19 15:01:34.803,10577,10578,10577,3
2019-06-19 15:01:35.389,10577,10578,10578,1
2019-06-19 15:01:35.604,10577,10578,10577,1
2019-06-19 15:01:36.402,10577,10578,10577,1
2019-06-19 15:01:36.813,10577,10578,10577,1
2019-06-19 15:01:38.458,10577,10578,10577,1
2019-06-19 15:01:38.836,10577,10578,10577,1
2019-06-19 15:01:38.983,10577,10578,10578,1
2019-06-19 15:01:40.000,10577,10578,10578,3
2019-06-19 15:01:40.923,10577,10578,10577,1
2019-06-19 15:01:41.764,10577,10578,10578,5
2019-06-19 15:01:42.741,10577,10578,10578,1
2019-06-19 15:01:43.082,10577,10578,10578,5
2019-06-19 15:01:45.406,10577,10578,10578,1
2019-06-19 15:01:48.056,10577,10578,10578,2
2019-06-19 15:01:48.081,10577,10578,10578,1
2019-06-19 15:01:48.819,10577,10578,10577,1
2019-06-19 15:01:49.719,10577,10578,10578,1
2019-06-19 15:01:50.595,10577,10578,10577,1
2019-06-19 15:01:51.299,10577,10578,10577,1
2019-06-19 15:01:55.156,10577,10578,10578,5
2019-06-19 15:01:57.487,10577,10578,10578,1
2019-06-19 15:01:57.543,10577,10578,10578,1
2019-06-19 15:01:57.859,10577,10578,10578,1
2019-06-19 15:01:58.963,10577,10578,10577,1
2019-06-19 15:01:59.414,10577,10578,10578,1
2019-06-19 15:01:59.495,10577,10578,10578,1
2019-06-19 15:02:00.418,10577,10578,10578,1
2019-06-19 15:02:00.428,10577,10578,10578,1
2019-06-19 15:02:00.485,10577,10578,10578,1
2019-06-19 15:02:01.055,10577,10578,10578,1
2019-06-19 15:02:01.700,10577,10578,10578,3
2019-06-19 15:02:01.700,10577,10578,10579,1
2019-06-19 15:02:03.410,10577,10579,10577,1
2019-06-19 15:02:04.274,10578,10579,10579,2
2019-06-19 15:02:04.488,10578,10579,10578,1
2019-06-19 15:02:08.041,10577,10578,10578,1
2019-06-19 15:02:10.287,10577,10578,10577,1
2019-06-19 15:02:11.758,10577,10578,10578,2
2019-06-19 15:02:13.590,10577,10578,10578,1
2019-06-19 15:02:13.630,10577,10578,10577,2
2019-06-19 15:02:16.395,10577,10578,10578,3
2019-06-19 15:02:17.105,10577,10578,10577,1
2019-06-19 15:02:18.086,10577,10578,10578,1
2019-06-19 15:02:18.859,10577,10578,10577,1
2019-06-19 15:02:20.657,10577,10578,10578,4
2019-06-19 15:02:20.987,10578,10579,10578,1
2019-06-19 15:02:22.496,10578,10579,10578,1
2019-06-19 15:02:24.821,10577,10578,10578,2
2019-06-19 15:02:25.963,10577,10578,10577,5
2019-06-19 15:02:26.194,10577,10578,10578,1
2019-06-19 15:02:28.243,10577,10578,10578,1
2019-06-19 15:02:30.340,10577,10578,10577,5
2019-06-19 15:02:30.719,10577,10578,10577,11
2019-06-19 15:02:31.250,10577,10578,10577,8
2019-06-19 15:02:32.104,10576,10578,10578,1
2019-06-19 15:02:34.586,10576,10577,10577,2
2019-06-19 15:02:34.618,10576,10577,10576,1
2019-06-19 15:02:36.191,10576,10577,10576,1
2019-06-19 15:02:38.360,10576,10577,10576,1
2019-06-19 15:02:38.517,10576,10577,10577,1
2019-06-19 15:02:39.702,10576,10577,10576,2
2019-06-19 15:02:42.020,10576,10577,10576,1
2019-06-19 15:02:42.830,10576,10577,10576,2
2019-06-19 15:02:45.027,10575,10576,10576,1
2019-06-19 15:02:45.070,10575,10576,10576,1
2019-06-19 15:02:46.014,10575,10576,10576,1
2019-06-19 15:02:46.041,10575,10576,10575,5
2019-06-19 15:02:47.128,10575,10576,10576,1
2019-06-19 15:02:50.727,10575,10576,10575,1
2019-06-19 15:02:52.192,10575,10576,10575,5
2019-06-19 15:02:53.821,10575,10576,10575,5
2019-06-19 15:02:56.216,10575,10576,10576,1
2019-06-19 15:02:56.437,10575,10576,10575,1
2019-06-19 15:02:57.233,10575,10576,10575,5
2019-06-19 15:02:57.422,10575,10576,10575,1
2019-06-19 15:02:57.941,10575,10576,10575,3
2019-06-19 15:02:57.941,10575,10576,10574,1
2019-06-19 15:02:58.431,10574,10576,10574,1
2019-06-19 15:02:59.223,10574,10575,10575,2
2019-06-19 15:02:59.603,10574,10576,10576,1
2019-06-19 15:03:02.820,10575,10576,10576,6
2019-06-19 15:03:05.145,10576,10577,10576,1
2019-06-19 15:03:05.558,10576,10577,10576,2
2019-06-19 15:03:05.635,10576,10577,10576,2
2019-06-19 15:03:05.732,10576,10577,10576,1
2019-06-19 15:03:06.278,10576,10577,10576,2
2019-06-19 15:03:10.758,10576,10577,10576,1
2019-06-19 15:03:14.027,10576,10577,10576,1
2019-06-19 15:03:16.376,10576,10577,10577,1
2019-06-19 15:03:18.864,10576,10577,10576,1
2019-06-19 15:03:18.907,10576,10577,10576,1
2019-06-19 15:03:19.468,10576,10577,10577,1
2019-06-19 15:03:26.213,10576,10577,10577,1
2019-06-19 15:03:28.938,10576,10577,10577,1
2019-06-19 15:03:29.301,10576,10577,10577,1
2019-06-19 15:03:29.687,10576,10577,10577,2
2019-06-19 15:03:30.907,10576,10577,10576,5
2019-06-19 15:03:31.324,10576,10577,10577,2
2019-06-19 15:03:32.953,10576,10577,10576,1
2019-06-19 15:03:33.677,10576,10577,10576,1
2019-06-19 15:03:44.141,10576,10577,10577,2
2019-06-19 15:03:45.118,10576,10577,10576,1
2019-06-19 15:03:45.694,10576,10577,10577,2
2019-06-19 15:03:46.316,10576,10577,10577,1
2019-06-19 15:03:49.447,10576,10577,10577,2
2019-06-19 15:03:50.499,10577,10578,10578,3
2019-06-19 15:03:52.852,10577,10578,10578,2
2019-06-19 15:04:09.214,10577,10578,10578,1
2019-06-19 15:04:10.060,10577,10578,10578,10
2019-06-19 15:04:12.476,10577,10578,10578,1
2019-06-19 15:04:16.992,10577,10578,10578,2
2019-06-19 15:04:17.487,10577,10578,10578,1
2019-06-19 15:04:18.798,10577,10578,10578,1
2019-06-19 15:04:20.294,10577,10578,10577,1
2019-06-19 15:04:21.714,10577,10578,10578,2
2019-06-19 15:04:27.583,10577,10578,10578,1
2019-06-19 15:04:30.516,10577,10578,10577,1
2019-06-19 15:04:36.565,10577,10578,10577,3
2019-06-19 15:04:40.792,10577,10578,10578,1
2019-06-19 15:04:41.692,10577,10578,10577,1
2019-06-19 15:04:44.317,10577,10578,10578,1
2019-06-19 15:04:45.508,10577,10578,10578,3
2019-06-19 15:04:46.191,10577,10578,10577,1
2019-06-19 15:04:49.572,10577,10578,10578,10
2019-06-19 15:04:54.451,10578,10579,10578,1
2019-06-19 15:04:57.719,10578,10579,10578,2
2019-06-19 15:05:00.328,10578,10579,10578,5
2019-06-19 15:05:06.488,10578,10579,10578,1
2019-06-19 15:05:07.017,10578,10579,10579,1
2019-06-19 15:05:07.031,10578,10579,10579,1
2019-06-19 15:05:11.611,10578,10579,10579,2
2019-06-19 15:05:14.786,10578,10579,10578,9
2019-06-19 15:05:17.595,10578,10579,10578,1
2019-06-19 15:05:19.282,10578,10579,10578,5
2019-06-19 15:05:20.231,10578,10579,10578,7
2019-06-19 15:05:21.380,10577,10578,10578,1
2019-06-19 15:05:21.912,10577,10578,10578,5
2019-06-19 15:05:22.029,10578,10579,10578,2
2019-06-19 15:05:24.845,10578,10579,10578,1
2019-06-19 15:05:25.197,10578,10579,10579,14
2019-06-19 15:05:25.443,10578,10580,10579,1
2019-06-19 15:05:31.754,10579,10580,10580,1
2019-06-19 15:05:31.855,10579,10580,10580,1
2019-06-19 15:05:32.114,10579,10580,10580,20
2019-06-19 15:05:32.979,10580,10581,10580,5
2019-06-19 15:05:34.436,10580,10581,10580,1
2019-06-19 15:05:35.189,10580,10581,10580,1
2019-06-19 15:05:35.396,10580,10581,10581,9
2019-06-19 15:05:35.396,10580,10581,10582,1
2019-06-19 15:05:37.493,10581,10582,10581,3
2019-06-19 15:05:39.717,10581,10582,10581,1
2019-06-19 15:05:39.852,10580,10582,10581,1
2019-06-19 15:05:42.722,10581,10582,10582,1
2019-06-19 15:05:50.004,10581,10582,10581,1
2019-06-19 15:05:50.428,10581,10582,10582,20
2019-06-19 15:05:54.021,10581,10582,10582,1
2019-06-19 15:05:54.356,10581,10582,10581,5
2019-06-19 15:05:54.897,10581,10582,10582,1
2019-06-19 15:05:56.376,10581,10582,10582,1
2019-06-19 15:05:56.813,10581,10582,10582,1
2019-06-19 15:05:57.375,10581,10582,10582,1
2019-06-19 15:05:58.401,10581,10582,10582,1
2019-06-19 15:05:58.492,10581,10582,10582,1
2019-06-19 15:05:58.508,10581,10582,10582,1
2019-06-19 15:05:58.540,10581,10582,10582,2
2019-06-19 15:05:59.412,10581,10582,10582,1
2019-06-19 15:05:59.768,10582,10583,10582,4
2019-06-19 15:05:59.799,10582,10583,10581,1
2019-06-19 15:06:00.009,10581,10582,10582,1
2019-06-19 15:06:00.323,10581,10582,10581,4
2019-06-19 15:06:00.403,10581,10582,10582,1
2019-06-19 15:06:01.007,10581,10582,10582,1
2019-06-19 15:06:01.121,10581,10583,10582,1
2019-06-19 15:06:01.121,10581,10583,10582,1
2019-06-19 15:06:01.138,10581,10583,10582,1
2019-06-19 15:06:01.378,10581,10583,10581,7
2019-06-19 15:06:01.578,10581,10582,10582,1
2019-06-19 15:06:02.340,10581,10583,10581,1
2019-06-19 15:06:04.227,10581,10582,10582,5
2019-06-19 15:06:05.232,10581,10582,10582,1
2019-06-19 15:06:05.527,10581,10582,10582,2
2019-06-19 15:06:05.829,10581,10582,10581,1
2019-06-19 15:06:06.548,10581,10582,10581,1
2019-06-19 15:06:07.036,10581,10582,10582,1
2019-06-19 15:06:07.584,10581,10582,10581,3
2019-06-19 15:06:09.786,10581,10582,10581,5
2019-06-19 15:06:10.871,10581,10582,10581,1
2019-06-19 15:06:11.379,10581,10582,10582,5
2019-06-19 15:06:12.577,10581,10582,10582,4
2019-06-19 15:06:12.613,10581,10582,10582,1
2019-06-19 15:06:13.659,10581,10583,10583,1
2019-06-19 15:06:14.547,10581,10582,10582,2
2019-06-19 15:06:14.572,10582,10583,10582,1
2019-06-19 15:06:15.311,10581,10582,10582,1
2019-06-19 15:06:18.571,10581,10582,10581,14
2019-06-19 15:06:20.009,10580,10581,10581,4
2019-06-19 15:06:21.130,10580,10581,10581,1
2019-06-19 15:06:21.156,10580,10581,10581,2
2019-06-19 15:06:21.156,10580,10581,10582,1
2019-06-19 15:06:23.575,10581,10582,10581,2
2019-06-19 15:06:25.601,10580,10581,10580,1
2019-06-19 15:06:26.043,10580,10581,10581,3
2019-06-19 15:06:26.043,10580,10581,10582,20
2019-06-19 15:06:26.043,10580,10581,10583,11
2019-06-19 15:06:29.178,10581,10582,10582,1
2019-06-19 15:06:30.609,10581,10582,10582,1
2019-06-19 15:06:30.695,10581,10582,10582,4
2019-06-19 15:06:30.927,10582,10583,10582,3
2019-06-19 15:06:31.917,10582,10583,10582,10
2019-06-19 15:06:32.465,10581,10583,10581,1
2019-06-19 15:06:34.838,10581,10582,10582,2
2019-06-19 15:06:37.929,10581,10582,10582,1
2019-06-19 15:06:39.409,10581,10582,10582,1
2019-06-19 15:06:40.270,10581,10582,10582,1
2019-06-19 15:06:41.384,10581,10582,10582,7
2019-06-19 15:06:44.835,10582,10583,10582,1
2019-06-19 15:06:45.482,10582,10583,10582,1
2019-06-19 15:06:46.249,10582,10583,10583,1
2019-06-19 15:06:46.984,10582,10583,10582,1
2019-06-19 15:06:47.645,10582,10583,10582,1
2019-06-19 15:06:49.323,10582,10583,10583,2
2019-06-19 15:06:49.378,10582,10583,10582,1
2019-06-19 15:06:54.960,10582,10583,10583,2
2019-06-19 15:06:56.070,10582,10583,10583,1
2019-06-19 15:06:56.530,10582,10583,10583,3
2019-06-19 15:06:57.115,10582,10583,10582,1
2019-06-19 15:06:57.802,10582,10583,10582,1
2019-06-19 15:07:01.994,10582,10583,10583,1
2019-06-19 15:07:02.292,10582,10583,10582,1
2019-06-19 15:07:02.296,10582,10583,10583,5
2019-06-19 15:07:03.507,10582,10583,10583,1
2019-06-19 15:07:05.192,10583,10584,10583,1
2019-06-19 15:07:07.627,10583,10584,10583,1
2019-06-19 15:07:11.444,10583,10584,10584,6
2019-06-19 15:07:11.713,10583,10584,10584,2
2019-06-19 15:07:12.925,10583,10584,10584,1
2019-06-19 15:07:13.194,10583,10584,10583,1
2019-06-19 15:07:14.579,10583,10584,10584,1
2019-06-19 15:07:14.944,10583,10584,10584,1
2019-06-19 15:07:15.519,10583,10584,10584,1
2019-06-19 15:07:16.529,10583,10584,10583,1
2019-06-19 15:07:16.676,10583,10584,10584,1
2019-06-19 15:07:19.846,10583,10584,10583,10
2019-06-19 15:07:20.913,10583,10584,10583,1
2019-06-19 15:07:23.077,10583,10584,10584,1
2019-06-19 15:07:23.874,10583,10584,10583,1
2019-06-19 15:07:24.566,10583,10584,10583,1
2019-06-19 15:07:27.216,10583,10584,10583,2
2019-06-19 15:07:28.428,10583,10584,10583,2
2019-06-19 15:07:33.028,10582,10583,10583,2
2019-06-19 15:07:33.244,10582,10583,10582,1
2019-06-19 15:07:34.067,10582,10583,10582,1
2019-06-19 15:07:38.879,10582,10583,10583,5
2019-06-19 15:07:39.007,10582,10584,10584,1
2019-06-19 15:07:39.032,10582,10584,10584,1
2019-06-19 15:07:39.070,10582,10583,10583,1
2019-06-19 15:07:39.070,10582,10583,10583,1
2019-06-19 15:07:42.615,10583,10584,10584,5
2019-06-19 15:07:44.024,10583,10584,10583,1
2019-06-19 15:07:51.784,10583,10584,10583,1
2019-06-19 15:07:56.776,10583,10584,10584,3
2019-06-19 15:08:04.287,10583,10584,10584,1
2019-06-19 15:08:04.349,10583,10584,10584,1
2019-06-19 15:08:04.350,10583,10584,10584,6
2019-06-19 15:08:04.350,10583,10584,10584,1
2019-06-19 15:08:04.483,10583,10584,10583,1
2019-06-19 15:08:05.348,10583,10584,10584,1
2019-06-19 15:08:13.034,10583,10584,10584,2
2019-06-19 15:08:13.100,10583,10584,10584,1
2019-06-19 15:08:13.107,10583,10584,10584,1
2019-06-19 15:08:13.125,10583,10584,10584,2
2019-06-19 15:08:13.305,10583,10584,10584,1
2019-06-19 15:08:13.377,10583,10584,10584,7
2019-06-19 15:08:13.774,10584,10585,10584,8
2019-06-19 15:08:16.653,10583,10584,10584,1
2019-06-19 15:08:18.445,10583,10584,10584,1
2019-06-19 15:08:18.445,10583,10584,10585,1
2019-06-19 15:08:19.985,10583,10585,10585,1
2019-06-19 15:08:25.921,10584,10585,10585,1
2019-06-19 15:08:27.594,10584,10585,10584,5
2019-06-19 15:08:29.509,10584,10585,10585,1
2019-06-19 15:08:33.443,10584,10585,10585,1
2019-06-19 15:08:33.637,10584,10585,10584,1
2019-06-19 15:08:34.227,10584,10585,10584,2
2019-06-19 15:08:34.458,10584,10585,10584,5
2019-06-19 15:08:37.792,10584,10585,10584,1
2019-06-19 15:08:41.210,10584,10585,10584,1
2019-06-19 15:08:44.803,10584,10585,10584,2
2019-06-19 15:08:46.414,10584,10585,10584,1
2019-06-19 15:08:53.268,10584,10585,10585,1
2019-06-19 15:08:57.326,10584,10585,10585,2
2019-06-19 15:08:58.427,10584,10585,10585,1
2019-06-19 15:09:03.384,10584,10585,10585,1
2019-06-19 15:09:07.785,10584,10585,10585,1
2019-06-19 15:09:07.925,10584,10585,10584,1
2019-06-19 15:09:09.356,10584,10585,10585,1
2019-06-19 15:09:13.309,10584,10585,10585,1
2019-06-19 15:09:18.088,10584,10585,10585,1
2019-06-19 15:09:18.089,10584,10585,10584,10
2019-06-19 15:09:20.957,10584,10585,10584,16
2019-06-19 15:09:24.518,10583,10584,10584,1
2019-06-19 15:09:34.815,10583,10584,10584,1
2019-06-19 15:09:35.447,10583,10584,10583,22
2019-06-19 15:09:42.633,10582,10583,10582,1
2019-06-19 15:09:42.947,10582,10583,10582,16
2019-06-19 15:09:43.556,10582,10583,10582,1
2019-06-19 15:09:49.795,10581,10582,10581,1
2019-06-19 15:09:53.641,10581,10582,10581,2
2019-06-19 15:09:56.992,10581,10582,10581,1
2019-06-19 15:09:59.088,10581,10582,10582,1
2019-06-19 15:10:06.871,10581,10582,10581,1
2019-06-19 15:10:10.236,10581,10582,10581,29
2019-06-19 15:10:10.391,10580,10582,10581,1
2019-06-19 15:10:12.199,10580,10581,10581,1
2019-06-19 15:10:14.166,10580,10581,10581,1
2019-06-19 15:10:17.313,10580,10581,10580,1
2019-06-19 15:10:18.545,10580,10581,10581,5
2019-06-19 15:10:19.342,10580,10581,10581,2
2019-06-19 15:10:19.673,10580,10581,10581,1
2019-06-19 15:10:20.599,10580,10581,10580,1
2019-06-19 15:10:22.074,10580,10581,10581,1
2019-06-19 15:10:25.665,10580,10581,10581,2
2019-06-19 15:10:27.126,10580,10581,10581,1
2019-06-19 15:10:36.368,10580,10581,10581,1
2019-06-19 15:10:37.327,10580,10581,10581,2
2019-06-19 15:10:40.607,10580,10581,10581,1
2019-06-19 15:10:46.341,10580,10581,10580,30
2019-06-19 15:10:46.447,10580,10581,10580,3
2019-06-19 15:10:48.291,10579,10580,10580,3
2019-06-19 15:10:49.250,10579,10580,10580,1
2019-06-19 15:10:55.856,10579,10580,10579,24
2019-06-19 15:10:56.204,10579,10580,10579,2
2019-06-19 15:10:57.729,10579,10580,10580,1
2019-06-19 15:11:07.063,10579,10580,10580,1
2019-06-19 15:11:09.905,10579,10580,10579,1
2019-06-19 15:11:12.863,10579,10580,10579,1
2019-06-19 15:11:18.955,10578,10579,10578,2
2019-06-19 15:11:25.088,10578,10579,10578,1
2019-06-19 15:11:26.628,10578,10579,10578,1
2019-06-19 15:11:26.901,10578,10579,10579,4
2019-06-19 15:11:45.663,10579,10580,10580,1
2019-06-19 15:11:51.120,10579,10580,10580,2
2019-06-19 15:12:07.071,10579,10580,10580,2
2019-06-19 15:12:16.382,10579,10580,10580,1
2019-06-19 15:12:16.577,10579,10580,10579,2
2019-06-19 15:12:16.839,10579,10580,10579,10
2019-06-19 15:12:22.427,10579,10580,10579,1
2019-06-19 15:12:23.933,10579,10580,10579,1
2019-06-19 15:12:30.704,10579,10580,10579,4
2019-06-19 15:12:34.371,10578,10579,10578,5
2019-06-19 15:12:45.484,10578,10579,10578,5
2019-06-19 15:12:45.752,10578,10579,10578,20
2019-06-19 15:12:49.729,10577,10578,10577,1
2019-06-19 15:12:49.856,10577,10578,10577,2
2019-06-19 15:12:54.897,10577,10578,10577,2
2019-06-19 15:12:56.327,10577,10578,10577,1
2019-06-19 15:12:57.713,10577,10578,10577,1
2019-06-19 15:12:57.975,10577,10578,10578,8
2019-06-19 15:12:58.094,10577,10578,10577,1
2019-06-19 15:12:59.077,10577,10578,10577,5
2019-06-19 15:12:59.667,10577,10578,10577,5
2019-06-19 15:13:00.463,10577,10578,10577,1
2019-06-19 15:13:02.281,10577,10578,10577,1
2019-06-19 15:13:02.509,10577,10578,10577,1
2019-06-19 15:13:02.752,10577,10578,10577,1
2019-06-19 15:13:02.928,10577,10578,10577,1
2019-06-19 15:13:03.119,10577,10578,10577,1
2019-06-19 15:13:03.226,10577,10578,10577,2
2019-06-19 15:13:03.298,10577,10578,10578,1
2019-06-19 15:13:03.310,10577,10578,10577,1
2019-06-19 15:13:03.691,10577,10578,10577,1
2019-06-19 15:13:10.463,10577,10578,10577,10
2019-06-19 15:13:13.479,10577,10578,10577,1
2019-06-19 15:13:15.708,10577,10578,10577,5
2019-06-19 15:13:18.873,10577,10578,10577,1
2019-06-19 15:13:19.213,10577,10578,10577,1
2019-06-19 15:13:19.832,10577,10578,10577,1
2019-06-19 15:13:21.437,10576,10577,10577,1
2019-06-19 15:13:24.521,10576,10577,10577,4
2019-06-19 15:13:26.870,10576,10577,10576,7
2019-06-19 15:13:36.907,10576,10577,10576,1
2019-06-19 15:13:39.233,10576,10577,10577,10
2019-06-19 15:13:39.564,10576,10577,10577,1
2019-06-19 15:13:39.761,10576,10577,10577,1
2019-06-19 15:13:44.807,10576,10577,10577,3
2019-06-19 15:13:45.684,10576,10577,10576,1
2019-06-19 15:13:48.340,10576,10577,10577,1
2019-06-19 15:13:49.374,10576,10577,10577,1
2019-06-19 15:13:49.597,10576,10577,10577,5
2019-06-19 15:13:49.738,10576,10577,10577,1
2019-06-19 15:13:50.658,10576,10577,10577,1
2019-06-19 15:13:53.760,10576,10577,10577,1
2019-06-19 15:14:00.858,10577,10578,10577,1
2019-06-19 15:14:02.950,10577,10578,10577,4
2019-06-19 15:14:04.571,10576,10577,10577,1
2019-06-19 15:14:15.260,10576,10577,10576,1
2019-06-19 15:14:20.476,10576,10577,10577,5
2019-06-19 15:14:20.668,10576,10577,10577,1
2019-06-19 15:14:21.715,10576,10577,10577,1
2019-06-19 15:14:25.620,10576,10577,10577,1
2019-06-19 15:14:26.428,10576,10577,10577,5
2019-06-19 15:14:30.794,10576,10577,10577,1
2019-06-19 15:14:33.057,10576,10577,10577,2
2019-06-19 15:14:34.712,10576,10577,10577,1
2019-06-19 15:14:39.557,10576,10577,10577,1
2019-06-19 15:14:39.633,10576,10577,10577,1
2019-06-19 15:14:44.524,10576,10577,10576,3
2019-06-19 15:14:46.738,10576,10577,10577,1
2019-06-19 15:14:48.337,10576,10577,10576,1
2019-06-19 15:14:48.377,10576,10577,10577,5
2019-06-19 15:14:48.377,10576,10577,10578,4
2019-06-19 15:14:49.864,10576,10578,10576,1
2019-06-19 15:15:00.088,10576,10577,10577,1
2019-06-19 15:15:00.434,10576,10577,10577,1
2019-06-19 15:15:01.722,10576,10577,10576,1
2019-06-19 15:15:02.834,10576,10577,10576,2
2019-06-19 15:15:03.357,10576,10577,10576,2
2019-06-19 15:15:06.218,10576,10577,10577,2
2019-06-19 15:15:06.486,10576,10577,10576,1
2019-06-19 15:15:07.068,10576,10577,10576,2
2019-06-19 15:15:10.070,10576,10577,10577,1
2019-06-19 15:15:11.388,10576,10577,10577,1
2019-06-19 15:15:15.209,10576,10577,10577,4
2019-06-19 15:15:15.653,10577,10578,10577,1
2019-06-19 15:15:19.320,10576,10577,10577,1
2019-06-19 15:15:20.565,10576,10577,10577,1
2019-06-19 15:15:21.359,10576,10577,10577,1
2019-06-19 15:15:34.116,10576,10577,10577,1
2019-06-19 15:15:44.203,10576,10577,10577,1
2019-06-19 15:15:47.976,10576,10577,10577,10
2019-06-19 15:15:50.082,10576,10577,10577,5
2019-06-19 15:15:51.695,10576,10577,10577,1
2019-06-19 15:15:51.695,10576,10577,10577,1
2019-06-19 15:15:51.820,10576,10577,10577,1
2019-06-19 15:15:51.820,10576,10577,10577,1
2019-06-19 15:15:52.629,10576,10577,10577,1
2019-06-19 15:15:53.809,10577,10578,10577,2
2019-06-19 15:15:57.765,10577,10578,10577,1
2019-06-19 15:16:00.859,10577,10578,10577,3
2019-06-19 15:16:12.143,10577,10578,10577,1
2019-06-19 15:16:14.961,10577,10578,10577,1
2019-06-19 15:16:19.909,10577,10578,10577,3
2019-06-19 15:16:20.753,10577,10578,10578,1
2019-06-19 15:16:38.428,10577,10578,10578,1
2019-06-19 15:16:38.621,10577,10578,10577,1
2019-06-19 15:16:39.794,10577,10578,10578,1
2019-06-19 15:16:41.684,10577,10578,10578,1
2019-06-19 15:16:53.928,10577,10578,10578,1
2019-06-19 15:16:56.975,10577,10578,10578,1
2019-06-19 15:16:57.340,10577,10578,10577,1
2019-06-19 15:17:20.892,10577,10578,10577,1
2019-06-19 15:17:22.061,10577,10578,10577,1
2019-06-19 15:17:48.455,10577,10578,10577,1
2019-06-19 15:17:52.679,10577,10578,10577,10
2019-06-19 15:17:53.824,10577,10578,10577,1
2019-06-19 15:17:54.420,10577,10578,10577,1
2019-06-19 15:17:56.079,10577,10578,10577,1
2019-06-19 15:17:57.538,10577,10578,10577,1
2019-06-19 15:17:58.822,10577,10578,10577,1
2019-06-19 15:18:00.877,10577,10578,10577,1
2019-06-19 15:18:01.053,10577,10578,10577,1
2019-06-19 15:18:04.291,10577,10578,10577,1
2019-06-19 15:18:07.509,10577,10578,10577,1
2019-06-19 15:18:12.116,10577,10578,10577,1
2019-06-19 15:18:18.792,10577,10578,10577,1
2019-06-19 15:18:37.590,10577,10578,10577,1
2019-06-19 15:19:05.414,10577,10578,10578,3
2019-06-19 15:19:09.934,10577,10578,10577,1
2019-06-19 15:19:18.989,10577,10578,10578,16
2019-06-19 15:19:30.608,10578,10579,10578,1
2019-06-19 15:19:31.195,10578,10579,10579,1
2019-06-19 15:19:32.136,10578,10579,10579,1
2019-06-19 15:19:32.322,10578,10579,10579,1
2019-06-19 15:19:33.463,10579,10580,10579,1
2019-06-19 15:19:35.898,10578,10579,10579,1
2019-06-19 15:19:38.132,10578,10579,10579,1
2019-06-19 15:19:43.864,10578,10579,10579,1
2019-06-19 15:19:44.104,10578,10580,10579,1
2019-06-19 15:19:44.152,10578,10580,10579,1
2019-06-19 15:19:54.462,10579,10580,10579,2
2019-06-19 15:19:56.450,10579,10580,10579,1
2019-06-19 15:19:59.335,10578,10579,10579,1
2019-06-19 15:19:59.574,10579,10580,10579,1
2019-06-19 15:20:00.148,10578,10579,10579,1
2019-06-19 15:20:00.480,10579,10580,10580,12
2019-06-19 15:20:05.137,10579,10580,10579,1
2019-06-19 15:20:06.451,10578,10579,10579,1
2019-06-19 15:20:08.714,10578,10579,10578,1
2019-06-19 15:20:14.395,10578,10579,10579,1
2019-06-19 15:20:16.081,10578,10579,10579,1
2019-06-19 15:20:17.015,10578,10579,10579,1
2019-06-19 15:20:21.049,10578,10579,10579,1
2019-06-19 15:20:21.219,10578,10579,10579,1
2019-06-19 15:20:24.157,10578,10579,10578,1
2019-06-19 15:20:29.168,10578,10579,10579,3
2019-06-19 15:20:31.391,10578,10579,10579,1
2019-06-19 15:20:38.032,10578,10579,10579,1
2019-06-19 15:20:48.191,10578,10579,10579,2
2019-06-19 15:20:54.281,10578,10579,10579,1
2019-06-19 15:21:02.060,10578,10579,10579,1
2019-06-19 15:21:03.753,10578,10579,10579,4
2019-06-19 15:21:28.201,10579,10580,10579,10
2019-06-19 15:21:30.710,10579,10580,10579,1
2019-06-19 15:21:30.820,10579,10580,10579,1
2019-06-19 15:21:52.833,10579,10580,10579,2
2019-06-19 15:22:07.383,10579,10580,10579,1
2019-06-19 15:22:10.176,10579,10580,10579,1
2019-06-19 15:22:12.789,10579,10580,10579,1
2019-06-19 15:22:40.152,10579,10580,10579,1
2019-06-19 15:22:43.526,10579,10580,10580,1
2019-06-19 15:22:43.826,10579,10580,10580,1
2019-06-19 15:22:51.531,10579,10580,10579,1
2019-06-19 15:22:55.076,10579,10580,10579,2
2019-06-19 15:22:55.486,10579,10580,10580,1
2019-06-19 15:22:56.196,10579,10580,10579,2
2019-06-19 15:22:57.197,10579,10580,10579,1
2019-06-19 15:22:59.283,10578,10579,10579,1
2019-06-19 15:23:03.205,10578,10579,10579,1
2019-06-19 15:23:06.790,10578,10579,10579,1
2019-06-19 15:23:18.902,10578,10579,10579,2
2019-06-19 15:23:19.338,10578,10579,10579,1
2019-06-19 15:23:19.338,10578,10579,10580,1
2019-06-19 15:23:19.446,10578,10580,10579,1
2019-06-19 15:23:27.102,10579,10580,10579,2
2019-06-19 15:23:44.540,10579,10580,10580,1
2019-06-19 15:23:58.993,10579,10580,10580,1
2019-06-19 15:24:07.828,10579,10580,10580,1
2019-06-19 15:24:15.121,10579,10580,10580,3
2019-06-19 15:24:18.238,10579,10580,10580,1
2019-06-19 15:24:35.591,10579,10580,10580,1
2019-06-19 15:24:36.105,10579,10580,10580,1
2019-06-19 15:24:45.745,10579,10580,10579,1
2019-06-19 15:24:46.732,10579,10580,10580,1
2019-06-19 15:24:47.301,10579,10580,10580,1
2019-06-19 15:24:47.649,10579,10580,10580,1
2019-06-19 15:24:55.530,10579,10580,10580,1
2019-06-19 15:24:56.749,10579,10580,10580,1
2019-06-19 15:25:04.178,10579,10580,10579,3
2019-06-19 15:25:06.881,10579,10580,10579,5
2019-06-19 15:25:08.973,10579,10580,10579,1
2019-06-19 15:25:09.070,10579,10580,10579,1
2019-06-19 15:25:09.524,10579,10580,10579,1
2019-06-19 15:25:09.525,10579,10580,10579,1
2019-06-19 15:25:09.525,10579,10580,10579,1
2019-06-19 15:25:12.095,10579,10580,10579,2
2019-06-19 15:25:12.335,10579,10580,10579,1
2019-06-19 15:25:14.103,10578,10579,10579,1
2019-06-19 15:25:16.353,10578,10579,10579,3
2019-06-19 15:25:16.590,10579,10580,10579,1
2019-06-19 15:25:18.670,10579,10580,10579,1
2019-06-19 15:25:30.714,10579,10580,10579,1
2019-06-19 15:25:32.573,10579,10580,10579,1
2019-06-19 15:25:32.878,10579,10580,10579,1
2019-06-19 15:25:48.847,10579,10580,10580,1
2019-06-19 15:25:50.760,10579,10580,10579,1
2019-06-19 15:25:56.006,10579,10580,10579,5
2019-06-19 15:26:03.780,10579,10580,10579,1
2019-06-19 15:26:19.535,10579,10580,10579,1
2019-06-19 15:26:59.406,10579,10580,10580,1
2019-06-19 15:27:08.286,10579,10580,10579,1
2019-06-19 15:27:09.658,10579,10580,10580,1
2019-06-19 15:27:19.591,10579,10580,10579,2
2019-06-19 15:27:36.782,10579,10580,10579,2
2019-06-19 15:28:16.706,10579,10580,10579,1
2019-06-19 15:28:52.742,10579,10580,10579,1
2019-06-19 15:28:52.744,10579,10580,10579,5
2019-06-19 15:28:52.746,10579,10580,10579,3
2019-06-19 15:28:53.105,10579,10580,10579,1
2019-06-19 15:28:53.115,10579,10580,10579,2
2019-06-19 15:28:53.118,10579,10580,10579,2
2019-06-19 15:28:53.196,10578,10580,10578,5
2019-06-19 15:28:53.210,10578,10580,10578,1
2019-06-19 15:28:53.213,10578,10580,10578,2
2019-06-19 15:28:53.219,10578,10580,10578,1
2019-06-19 15:28:53.224,10578,10580,10578,5
2019-06-19 15:28:53.233,10578,10580,10578,1
2019-06-19 15:28:53.241,10578,10580,10578,2
2019-06-19 15:28:53.319,10578,10580,10578,3
2019-06-19 15:28:53.406,10578,10580,10578,2
2019-06-19 15:28:53.413,10578,10580,10579,1
2019-06-19 15:28:53.418,10578,10580,10578,7
2019-06-19 15:28:53.494,10578,10580,10578,1
2019-06-19 15:28:53.578,10578,10579,10578,2
2019-06-19 15:28:53.805,10578,10579,10578,2
2019-06-19 15:28:54.760,10578,10579,10579,2
2019-06-19 15:28:55.282,10578,10579,10579,3
2019-06-19 15:28:55.286,10578,10579,10579,1
2019-06-19 15:28:55.310,10578,10579,10579,2
2019-06-19 15:28:55.336,10578,10579,10579,1
2019-06-19 15:28:55.348,10578,10579,10579,2
2019-06-19 15:28:55.363,10578,10579,10579,2
2019-06-19 15:28:55.365,10578,10579,10579,2
2019-06-19 15:28:55.386,10578,10579,10580,3
2019-06-19 15:28:55.417,10578,10579,10580,7
2019-06-19 15:28:55.429,10578,10579,10580,1
2019-06-19 15:28:55.497,10578,10580,10580,2
2019-06-19 15:28:55.575,10578,10580,10580,2
2019-06-19 15:28:55.582,10578,10580,10580,5
2019-06-19 15:28:55.647,10578,10580,10580,1
2019-06-19 15:28:55.653,10578,10580,10580,1
2019-06-19 15:28:56.015,10579,10580,10580,2
2019-06-19 15:28:56.068,10579,10580,10580,5
2019-06-19 15:28:56.284,10579,10580,10580,5
2019-06-19 15:28:56.398,10579,10580,10580,1
2019-06-19 15:28:59.654,10579,10580,10579,2
2019-06-19 15:29:02.695,10579,10580,10580,2
2019-06-19 15:29:03.436,10580,10581,10580,1
2019-06-19 15:29:13.197,10580,10581,10581,3
2019-06-19 15:29:13.320,10580,10581,10581,2
2019-06-19 15:29:13.322,10580,10581,10581,56
2019-06-19 15:29:21.929,10581,10582,10582,1
2019-06-19 15:29:21.945,10581,10582,10582,1
2019-06-19 15:29:21.947,10581,10582,10582,15
2019-06-19 15:29:21.998,10581,10582,10583,2
2019-06-19 15:29:22.043,10581,10582,10583,1
2019-06-19 15:29:22.128,10582,10583,10582,1
2019-06-19 15:29:27.550,10582,10583,10582,2
2019-06-19 15:29:28.988,10581,10582,10582,2
2019-06-19 15:29:29.555,10582,10583,10582,5
2019-06-19 15:29:34.001,10582,10583,10583,1
2019-06-19 15:29:38.426,10582,10583,10582,1
2019-06-19 15:29:40.150,10582,10583,10582,1
2019-06-19 15:29:40.468,10582,10583,10582,1
2019-06-19 15:29:43.392,10581,10582,10582,1
2019-06-19 15:29:43.813,10581,10582,10582,1
2019-06-19 15:29:45.458,10581,10582,10582,1
2019-06-19 15:29:48.340,10581,10582,10582,1
2019-06-19 15:29:56.576,10581,10582,10582,1
2019-06-19 15:30:04.232,10582,10583,10582,1
2019-06-19 15:30:04.556,10582,10583,10582,1
2019-06-19 15:30:04.714,10582,10583,10583,1
2019-06-19 15:30:04.811,10582,10583,10582,1
2019-06-19 15:30:04.811,10582,10583,10581,1
2019-06-19 15:30:04.892,10581,10582,10581,1
2019-06-19 15:30:05.318,10581,10582,10581,1
2019-06-19 15:30:05.412,10581,10582,10583,1
2019-06-19 15:30:05.420,10581,10582,10583,1
2019-06-19 15:30:05.424,10581,10582,10581,1
2019-06-19 15:30:11.267,10582,10583,10582,1
2019-06-19 15:30:23.101,10582,10583,10582,1
2019-06-19 15:30:28.926,10582,10583,10583,10
2019-06-19 15:30:35.013,10582,10583,10582,2
2019-06-19 15:30:39.445,10582,10583,10583,7
2019-06-19 15:30:39.570,10582,10583,10583,3
2019-06-19 15:30:39.570,10582,10583,10583,2
2019-06-19 15:30:57.057,10583,10584,10584,1
2019-06-19 15:30:59.610,10583,10584,10584,16
2019-06-19 15:31:11.296,10584,10585,10584,1
2019-06-19 15:31:15.328,10584,10585,10584,1
2019-06-19 15:31:15.848,10584,10585,10585,1
2019-06-19 15:31:15.983,10584,10585,10585,1
2019-06-19 15:31:16.000,10584,10585,10585,1
2019-06-19 15:31:16.403,10584,10585,10585,1
2019-06-19 15:31:16.686,10584,10585,10585,2
2019-06-19 15:31:22.336,10584,10585,10585,33
2019-06-19 15:31:30.369,10585,10586,10586,1
2019-06-19 15:31:30.472,10585,10586,10586,1
2019-06-19 15:31:30.472,10585,10586,10586,5
2019-06-19 15:31:31.178,10585,10586,10586,1
2019-06-19 15:31:34.696,10585,10586,10585,1
2019-06-19 15:31:37.801,10585,10586,10586,1
2019-06-19 15:31:38.719,10585,10586,10585,1
2019-06-19 15:31:43.754,10585,10586,10585,1
2019-06-19 15:31:44.805,10585,10586,10585,1
2019-06-19 15:31:46.961,10585,10586,10585,1
2019-06-19 15:31:48.445,10585,10586,10585,1
2019-06-19 15:31:52.053,10585,10586,10585,1
2019-06-19 15:31:52.663,10585,10586,10585,1
2019-06-19 15:31:55.547,10585,10586,10585,1
2019-06-19 15:31:58.271,10585,10586,10585,1
2019-06-19 15:32:00.554,10585,10586,10585,10
2019-06-19 15:32:01.062,10585,10586,10586,1
2019-06-19 15:32:02.106,10585,10586,10585,2
2019-06-19 15:32:02.800,10585,10586,10585,1
2019-06-19 15:32:02.843,10585,10586,10586,1
2019-06-19 15:32:03.666,10585,10586,10585,1
2019-06-19 15:32:03.918,10585,10586,10585,1
2019-06-19 15:32:05.108,10585,10586,10585,1
2019-06-19 15:32:05.580,10585,10586,10586,2
2019-06-19 15:32:06.032,10585,10586,10585,1
2019-06-19 15:32:07.106,10585,10586,10586,1
2019-06-19 15:32:07.220,10585,10586,10585,1
2019-06-19 15:32:07.391,10585,10586,10585,1
2019-06-19 15:32:09.492,10585,10586,10586,1
2019-06-19 15:32:10.953,10585,10586,10586,2
2019-06-19 15:32:12.321,10585,10586,10586,1
2019-06-19 15:32:12.466,10585,10586,10586,1
2019-06-19 15:32:15.618,10585,10586,10586,1
2019-06-19 15:32:17.636,10585,10586,10586,3
2019-06-19 15:32:19.016,10585,10586,10586,1
2019-06-19 15:32:33.292,10585,10586,10586,3
2019-06-19 15:32:35.285,10585,10586,10585,5
2019-06-19 15:32:41.865,10585,10586,10585,1
2019-06-19 15:32:42.133,10585,10586,10585,10
2019-06-19 15:32:42.195,10585,10586,10585,11
2019-06-19 15:32:42.195,10585,10586,10585,13
2019-06-19 15:32:45.501,10584,10585,10585,1
2019-06-19 15:32:48.442,10584,10585,10585,1
2019-06-19 15:32:58.237,10584,10585,10584,1
2019-06-19 15:32:58.365,10584,10585,10584,2
2019-06-19 15:32:58.642,10584,10585,10584,1
2019-06-19 15:32:59.953,10584,10585,10585,5
2019-06-19 15:33:00.475,10584,10585,10584,1
2019-06-19 15:33:01.523,10584,10585,10584,8
2019-06-19 15:33:02.967,10583,10584,10584,1
2019-06-19 15:33:04.354,10583,10584,10584,1
2019-06-19 15:33:06.414,10583,10584,10584,1
2019-06-19 15:33:09.737,10583,10584,10584,1
2019-06-19 15:33:16.001,10583,10584,10583,3
2019-06-19 15:33:24.117,10583,10584,10584,1
2019-06-19 15:33:33.678,10583,10584,10584,1
2019-06-19 15:33:33.678,10583,10584,10584,3
2019-06-19 15:33:33.919,10584,10585,10584,2
2019-06-19 15:33:34.161,10584,10585,10584,2
2019-06-19 15:33:35.457,10584,10585,10584,1
2019-06-19 15:33:36.329,10584,10585,10584,1
2019-06-19 15:33:37.800,10584,10585,10584,1
2019-06-19 15:33:42.168,10584,10585,10584,1
2019-06-19 15:33:43.002,10584,10585,10584,1
2019-06-19 15:33:45.972,10584,10585,10584,3
2019-06-19 15:33:54.858,10584,10585,10585,4
2019-06-19 15:34:06.778,10584,10585,10585,1
2019-06-19 15:34:07.089,10584,10585,10585,1
2019-06-19 15:34:10.055,10584,10585,10585,3
2019-06-19 15:34:10.071,10584,10585,10585,15
2019-06-19 15:34:10.570,10585,10586,10586,16
2019-06-19 15:34:10.695,10585,10586,10586,2
2019-06-19 15:34:15.515,10585,10586,10586,1
2019-06-19 15:34:16.856,10585,10586,10586,1
2019-06-19 15:34:21.282,10585,10586,10586,18
2019-06-19 15:34:37.820,10586,10587,10586,1
2019-06-19 15:34:39.473,10586,10587,10587,1
2019-06-19 15:34:39.742,10586,10587,10587,6
2019-06-19 15:34:39.856,10586,10587,10587,1
2019-06-19 15:34:44.180,10586,10587,10587,4
2019-06-19 15:34:47.479,10586,10587,10587,1
2019-06-19 15:34:51.108,10586,10587,10586,1
2019-06-19 15:34:51.430,10586,10587,10587,1
2019-06-19 15:34:52.798,10586,10587,10587,1
2019-06-19 15:34:54.802,10586,10587,10587,1
2019-06-19 15:34:54.818,10586,10587,10587,1
2019-06-19 15:34:55.056,10586,10587,10587,1
2019-06-19 15:34:55.394,10586,10587,10586,1
2019-06-19 15:34:57.936,10586,10587,10587,2
2019-06-19 15:34:59.275,10586,10587,10587,1
2019-06-19 15:35:00.715,10586,10587,10587,1
2019-06-19 15:35:05.095,10586,10587,10587,8
2019-06-19 15:35:05.952,10586,10587,10587,1
2019-06-19 15:35:05.983,10586,10587,10587,1
2019-06-19 15:35:06.020,10586,10587,10587,1
2019-06-19 15:35:06.044,10586,10587,10587,1
2019-06-19 15:35:06.099,10586,10587,10587,1
2019-06-19 15:35:06.099,10586,10587,10588,1
2019-06-19 15:35:06.100,10586,10587,10588,1
2019-06-19 15:35:06.100,10586,10587,10588,1
2019-06-19 15:35:06.100,10586,10587,10588,2
2019-06-19 15:35:06.235,10586,10588,10588,1
2019-06-19 15:35:06.767,10587,10588,10587,1
2019-06-19 15:35:07.516,10586,10587,10587,1
2019-06-19 15:35:07.518,10586,10587,10586,1
2019-06-19 15:35:08.221,10586,10588,10588,2
2019-06-19 15:35:08.463,10587,10588,10588,1
2019-06-19 15:35:09.599,10587,10588,10587,1
2019-06-19 15:35:10.437,10587,10588,10587,1
2019-06-19 15:35:11.984,10587,10588,10587,1
2019-06-19 15:35:13.518,10587,10588,10587,1
2019-06-19 15:35:14.071,10587,10588,10588,1
2019-06-19 15:35:15.899,10587,10588,10588,1
2019-06-19 15:35:18.446,10587,10588,10588,1
2019-06-19 15:35:21.577,10587,10588,10588,1
2019-06-19 15:35:23.019,10587,10588,10588,1
2019-06-19 15:35:23.180,10587,10588,10588,1
2019-06-19 15:35:23.331,10587,10588,10588,1
2019-06-19 15:35:23.477,10587,10588,10588,1
2019-06-19 15:35:23.657,10587,10588,10588,1
2019-06-19 15:35:24.115,10587,10588,10587,1
2019-06-19 15:35:26.375,10587,10588,10588,1
2019-06-19 15:35:31.572,10587,10588,10588,3
2019-06-19 15:35:32.057,10587,10588,10588,5
2019-06-19 15:35:33.352,10587,10588,10587,10
2019-06-19 15:35:36.025,10587,10588,10588,1
2019-06-19 15:35:36.816,10587,10588,10588,1
2019-06-19 15:35:37.005,10587,10588,10587,1
2019-06-19 15:35:38.068,10587,10588,10587,1
2019-06-19 15:35:38.465,10587,10588,10587,2
2019-06-19 15:35:38.590,10587,10588,10587,1
2019-06-19 15:35:38.590,10587,10588,10587,1
2019-06-19 15:35:41.617,10587,10588,10587,1
2019-06-19 15:35:42.817,10586,10587,10587,1
2019-06-19 15:35:43.723,10586,10587,10587,1
2019-06-19 15:35:46.497,10586,10587,10586,7
2019-06-19 15:35:46.818,10586,10587,10587,1
2019-06-19 15:35:48.797,10586,10587,10587,1
2019-06-19 15:35:49.981,10586,10587,10587,1
2019-06-19 15:35:50.828,10586,10587,10586,3
2019-06-19 15:35:53.609,10586,10587,10586,1
2019-06-19 15:35:53.755,10586,10587,10587,1
2019-06-19 15:35:55.363,10586,10587,10587,1
2019-06-19 15:35:55.454,10586,10587,10587,1
2019-06-19 15:35:57.318,10586,10587,10587,1
2019-06-19 15:36:00.814,10586,10587,10587,1
2019-06-19 15:36:03.392,10586,10587,10587,1
2019-06-19 15:36:04.297,10586,10587,10586,1
2019-06-19 15:36:07.550,10586,10587,10587,10
2019-06-19 15:36:10.177,10586,10588,10586,1
2019-06-19 15:36:15.208,10587,10588,10587,1
2019-06-19 15:36:19.297,10587,10588,10587,1
2019-06-19 15:36:22.793,10586,10587,10586,1
2019-06-19 15:36:28.394,10586,10587,10587,1
2019-06-19 15:36:35.855,10586,10587,10586,1
2019-06-19 15:36:46.401,10586,10587,10587,9
2019-06-19 15:36:46.445,10587,10588,10587,3
2019-06-19 15:36:47.234,10586,10587,10586,3
2019-06-19 15:36:51.379,10586,10587,10587,1
2019-06-19 15:36:55.603,10586,10587,10587,1
2019-06-19 15:36:59.070,10586,10587,10587,2
2019-06-19 15:36:59.195,10587,10588,10587,1
2019-06-19 15:36:59.204,10587,10588,10587,1
2019-06-19 15:37:16.096,10586,10587,10587,1
2019-06-19 15:37:18.854,10586,10587,10587,3
2019-06-19 15:37:20.882,10586,10587,10587,2
2019-06-19 15:37:20.976,10587,10588,10587,1
2019-06-19 15:37:21.001,10587,10588,10587,1
2019-06-19 15:37:21.003,10587,10588,10587,1
2019-06-19 15:37:24.227,10587,10588,10587,1
2019-06-19 15:37:32.681,10587,10588,10587,4
2019-06-19 15:37:40.164,10587,10588,10588,1
2019-06-19 15:37:49.910,10587,10588,10588,1
2019-06-19 15:37:54.921,10587,10588,10588,3
2019-06-19 15:37:56.823,10587,10588,10588,5
2019-06-19 15:37:59.097,10587,10588,10588,1
2019-06-19 15:37:59.411,10587,10588,10588,1
2019-06-19 15:38:03.859,10587,10588,10588,1
2019-06-19 15:38:07.918,10587,10588,10588,1
2019-06-19 15:38:07.947,10587,10588,10588,10
2019-06-19 15:38:12.275,10588,10589,10588,1
2019-06-19 15:38:13.527,10588,10589,10588,12
2019-06-19 15:38:18.309,10588,10589,10589,1
2019-06-19 15:38:18.749,10588,10589,10588,1
2019-06-19 15:38:19.386,10588,10589,10588,1
2019-06-19 15:38:27.572,10588,10589,10589,1
2019-06-19 15:38:27.701,10588,10589,10588,1
2019-06-19 15:38:29.231,10588,10589,10588,1
2019-06-19 15:38:32.635,10588,10589,10589,1
2019-06-19 15:38:42.160,10588,10589,10588,2
2019-06-19 15:38:43.986,10588,10589,10589,1
2019-06-19 15:38:44.091,10588,10589,10589,1
2019-06-19 15:38:45.651,10588,10589,10589,1
2019-06-19 15:38:46.265,10588,10589,10588,1
2019-06-19 15:38:51.182,10588,10589,10588,1
2019-06-19 15:38:53.167,10588,10589,10589,2
2019-06-19 15:38:55.809,10588,10589,10589,2
2019-06-19 15:39:04.306,10588,10589,10589,1
2019-06-19 15:39:14.147,10588,10589,10589,2
2019-06-19 15:39:17.039,10588,10589,10588,1
2019-06-19 15:39:19.398,10588,10589,10589,1
2019-06-19 15:39:20.682,10588,10589,10588,4
2019-06-19 15:39:23.000,10588,10589,10589,2
2019-06-19 15:39:24.571,10588,10589,10588,1
2019-06-19 15:39:28.889,10588,10589,10589,1
2019-06-19 15:39:31.222,10588,10589,10589,1
2019-06-19 15:39:35.273,10588,10589,10589,1
2019-06-19 15:39:35.598,10588,10589,10588,1
2019-06-19 15:39:37.016,10588,10589,10589,1
2019-06-19 15:39:39.058,10588,10589,10588,1
2019-06-19 15:39:45.976,10588,10589,10589,1
2019-06-19 15:39:47.492,10588,10589,10588,1
2019-06-19 15:39:48.062,10588,10589,10588,1
2019-06-19 15:39:50.264,10588,10589,10588,8
2019-06-19 15:39:51.942,10588,10589,10589,1
2019-06-19 15:39:53.756,10588,10589,10588,1
2019-06-19 15:39:54.216,10588,10589,10588,1
2019-06-19 15:39:54.820,10588,10589,10588,1
2019-06-19 15:39:56.821,10588,10589,10588,1
2019-06-19 15:39:56.906,10588,10589,10589,1
2019-06-19 15:40:01.813,10588,10589,10588,1
2019-06-19 15:40:01.814,10588,10589,10588,1
2019-06-19 15:40:01.817,10588,10589,10588,1
2019-06-19 15:40:01.820,10588,10589,10588,1
2019-06-19 15:40:01.820,10588,10589,10588,1
2019-06-19 15:40:02.493,10587,10588,10588,2
2019-06-19 15:40:02.901,10587,10589,10589,1
2019-06-19 15:40:09.017,10587,10588,10588,1
2019-06-19 15:40:20.851,10587,10588,10588,1
2019-06-19 15:40:23.736,10587,10588,10588,2
2019-06-19 15:40:29.259,10587,10588,10587,1
2019-06-19 15:40:50.965,10587,10588,10587,1
2019-06-19 15:40:53.291,10587,10588,10588,5
2019-06-19 15:41:00.938,10587,10588,10588,3
2019-06-19 15:41:02.970,10587,10588,10588,3
2019-06-19 15:41:03.070,10588,10589,10588,1
2019-06-19 15:41:03.320,10588,10589,10588,1
2019-06-19 15:41:08.896,10588,10589,10588,1
2019-06-19 15:41:11.417,10588,10589,10588,1
2019-06-19 15:41:12.176,10588,10589,10588,2
2019-06-19 15:41:12.712,10587,10588,10588,1
2019-06-19 15:41:13.618,10587,10588,10588,1
2019-06-19 15:41:21.739,10587,10588,10588,1
2019-06-19 15:41:35.850,10587,10588,10588,1
2019-06-19 15:41:39.795,10587,10588,10587,1
2019-06-19 15:41:45.758,10587,10588,10588,1
2019-06-19 15:41:48.255,10587,10588,10587,1
2019-06-19 15:42:00.145,10587,10588,10587,1
2019-06-19 15:42:01.929,10587,10588,10587,24
2019-06-19 15:42:02.207,10586,10587,10587,5
2019-06-19 15:42:02.350,10586,10587,10586,1
2019-06-19 15:42:02.350,10586,10587,10586,1
2019-06-19 15:42:02.351,10586,10587,10586,1
2019-06-19 15:42:02.351,10586,10587,10586,2
2019-06-19 15:42:02.352,10586,10587,10586,1
2019-06-19 15:42:06.868,10586,10587,10586,2
2019-06-19 15:42:08.566,10586,10587,10586,1
2019-06-19 15:42:11.126,10586,10587,10587,1
2019-06-19 15:42:14.465,10586,10587,10587,8
2019-06-19 15:42:18.297,10586,10587,10587,1
2019-06-19 15:42:52.320,10586,10587,10587,3
2019-06-19 15:42:52.530,10586,10587,10587,1
2019-06-19 15:42:53.522,10586,10587,10587,1
2019-06-19 15:42:54.053,10586,10587,10587,1
2019-06-19 15:42:54.338,10586,10587,10587,1
2019-06-19 15:43:03.172,10586,10587,10587,1
2019-06-19 15:43:05.806,10586,10587,10587,1
2019-06-19 15:43:32.377,10586,10587,10587,7
2019-06-19 15:43:32.379,10586,10587,10587,1
2019-06-19 15:43:32.381,10586,10587,10587,1
2019-06-19 15:43:32.422,10586,10587,10587,1
2019-06-19 15:43:32.445,10586,10587,10587,1
2019-06-19 15:43:33.166,10587,10588,10587,1
2019-06-19 15:43:46.039,10586,10587,10587,1
2019-06-19 15:43:47.800,10586,10587,10586,1
2019-06-19 15:43:49.988,10586,10587,10587,10
2019-06-19 15:43:50.593,10586,10587,10586,5
2019-06-19 15:44:04.206,10586,10587,10587,1
2019-06-19 15:44:04.347,10586,10587,10586,1
2019-06-19 15:44:05.067,10586,10587,10586,10
2019-06-19 15:44:07.565,10586,10587,10586,2
2019-06-19 15:44:10.120,10586,10587,10586,1
2019-06-19 15:44:12.001,10586,10587,10586,4
2019-06-19 15:44:15.246,10586,10587,10586,3
2019-06-19 15:44:16.338,10586,10587,10586,1
2019-06-19 15:44:17.686,10586,10587,10586,1
2019-06-19 15:44:18.037,10586,10587,10586,2
2019-06-19 15:44:30.542,10586,10587,10586,2
2019-06-19 15:44:32.829,10586,10587,10586,1
2019-06-19 15:44:38.636,10586,10587,10586,1
2019-06-19 15:44:45.377,10586,10587,10586,1
2019-06-19 15:44:45.378,10586,10587,10586,3
2019-06-19 15:44:45.444,10586,10587,10586,5
2019-06-19 15:45:06.349,10585,10586,10586,5
2019-06-19 15:45:06.727,10585,10586,10586,1
2019-06-19 15:45:06.766,10585,10586,10585,1
2019-06-19 15:45:06.775,10585,10586,10585,1
2019-06-19 15:45:06.930,10585,10586,10585,5
2019-06-19 15:45:11.713,10585,10586,10586,2
2019-06-19 15:45:20.266,10585,10586,10586,1
2019-06-19 15:45:25.936,10585,10586,10585,5
2019-06-19 15:45:26.163,10585,10586,10585,2
2019-06-19 15:45:39.607,10585,10586,10585,1
2019-06-19 15:45:44.011,10585,10586,10585,5
2019-06-19 15:45:44.276,10585,10586,10585,7
2019-06-19 15:45:49.827,10585,10586,10585,2
2019-06-19 15:45:50.573,10585,10586,10585,5
2019-06-19 15:45:53.400,10584,10585,10584,2
2019-06-19 15:46:02.000,10584,10585,10584,5
2019-06-19 15:46:07.766,10584,10585,10584,4
2019-06-19 15:46:12.651,10584,10585,10584,1
2019-06-19 15:46:20.912,10584,10585,10584,1
2019-06-19 15:46:22.177,10584,10585,10584,1
2019-06-19 15:46:47.028,10583,10584,10584,2
2019-06-19 15:46:55.232,10583,10584,10583,1
2019-06-19 15:46:56.267,10583,10584,10583,2
2019-06-19 15:46:58.321,10583,10584,10583,1
2019-06-19 15:47:00.024,10583,10584,10583,2
2019-06-19 15:47:02.387,10583,10584,10584,1
2019-06-19 15:47:12.952,10583,10584,10584,5
2019-06-19 15:47:13.060,10583,10584,10584,5
2019-06-19 15:47:13.626,10583,10584,10584,1
2019-06-19 15:47:13.667,10583,10584,10584,1
2019-06-19 15:47:14.691,10583,10584,10584,5
2019-06-19 15:47:17.896,10583,10584,10584,6
2019-06-19 15:47:19.518,10584,10585,10584,10
2019-06-19 15:47:38.713,10584,10585,10584,1
2019-06-19 15:47:43.320,10583,10584,10584,3
2019-06-19 15:47:50.244,10583,10584,10584,4
2019-06-19 15:47:51.038,10583,10584,10584,1
2019-06-19 15:47:51.325,10583,10584,10584,1
2019-06-19 15:47:57.698,10583,10584,10584,1
2019-06-19 15:48:00.473,10583,10584,10584,1
2019-06-19 15:48:08.897,10583,10584,10583,4
2019-06-19 15:48:13.501,10583,10584,10583,7
2019-06-19 15:48:41.612,10583,10584,10583,1
2019-06-19 15:48:43.508,10583,10584,10584,1
2019-06-19 15:48:44.247,10583,10584,10583,1
2019-06-19 15:49:05.225,10583,10584,10583,1
2019-06-19 15:49:12.176,10583,10584,10583,10
2019-06-19 15:49:12.197,10583,10584,10583,3
2019-06-19 15:49:15.094,10582,10583,10583,2
2019-06-19 15:49:31.523,10582,10583,10583,1
2019-06-19 15:49:32.895,10582,10583,10583,1
2019-06-19 15:49:43.193,10582,10583,10582,4
2019-06-19 15:49:49.657,10582,10583,10583,1
2019-06-19 15:49:53.371,10582,10583,10583,1
2019-06-19 15:50:01.646,10582,10583,10583,1
2019-06-19 15:50:14.079,10582,10583,10582,1
2019-06-19 15:50:14.758,10582,10583,10582,1
2019-06-19 15:50:19.621,10582,10583,10582,20
2019-06-19 15:50:22.784,10581,10582,10581,1
2019-06-19 15:50:23.074,10581,10582,10581,12
2019-06-19 15:50:23.146,10581,10582,10581,8
2019-06-19 15:50:23.193,10581,10582,10582,2
2019-06-19 15:50:23.882,10581,10582,10581,1
2019-06-19 15:50:30.134,10581,10582,10581,15
2019-06-19 15:50:30.685,10581,10582,10581,4
2019-06-19 15:50:31.870,10580,10581,10580,1
2019-06-19 15:50:32.238,10580,10581,10581,1
2019-06-19 15:50:32.750,10580,10581,10581,1
2019-06-19 15:50:38.869,10580,10581,10581,1
2019-06-19 15:50:39.137,10580,10581,10581,3
2019-06-19 15:50:41.032,10580,10581,10581,1
2019-06-19 15:50:46.050,10580,10581,10581,1
2019-06-19 15:50:52.985,10580,10581,10580,3
2019-06-19 15:51:04.823,10580,10581,10581,1
2019-06-19 15:51:13.562,10580,10581,10581,1
2019-06-19 15:51:13.797,10580,10581,10581,1
2019-06-19 15:51:14.174,10580,10581,10581,1
2019-06-19 15:51:17.656,10580,10581,10580,20
2019-06-19 15:51:22.582,10580,10581,10580,1
2019-06-19 15:51:23.902,10580,10581,10580,1
2019-06-19 15:51:26.735,10580,10581,10580,1
2019-06-19 15:51:29.124,10580,10581,10580,1
2019-06-19 15:51:29.916,10580,10581,10580,1
2019-06-19 15:51:33.354,10580,10581,10580,1
2019-06-19 15:51:33.423,10580,10581,10580,1
2019-06-19 15:51:37.741,10580,10581,10580,1
2019-06-19 15:51:50.009,10580,10581,10581,1
2019-06-19 15:51:59.179,10580,10581,10581,1
2019-06-19 15:52:10.790,10580,10581,10581,1
2019-06-19 15:52:11.219,10580,10581,10580,1
2019-06-19 15:52:16.677,10580,10581,10581,1
2019-06-19 15:52:16.753,10580,10581,10581,1
2019-06-19 15:52:19.125,10580,10581,10580,10
2019-06-19 15:52:20.016,10580,10581,10580,5
2019-06-19 15:52:20.140,10580,10581,10580,1
2019-06-19 15:52:23.166,10579,10580,10580,1
2019-06-19 15:52:31.746,10579,10580,10579,1
2019-06-19 15:52:31.847,10579,10580,10579,1
2019-06-19 15:52:54.041,10579,10580,10579,1
2019-06-19 15:53:05.242,10579,10580,10579,1
2019-06-19 15:53:06.987,10579,10580,10579,1
2019-06-19 15:53:13.940,10579,10580,10579,1
2019-06-19 15:53:20.668,10579,10580,10580,3
2019-06-19 15:53:20.791,10579,10580,10579,1
2019-06-19 15:53:31.927,10579,10580,10579,1
2019-06-19 15:53:34.365,10579,10580,10579,2
2019-06-19 15:53:38.559,10579,10580,10579,10
2019-06-19 15:53:40.244,10579,10580,10579,1
2019-06-19 15:53:40.610,10579,10580,10579,1
2019-06-19 15:53:50.962,10579,10580,10579,1
2019-06-19 15:53:51.023,10579,10580,10579,1
2019-06-19 15:53:51.588,10579,10580,10579,1
2019-06-19 15:53:51.588,10579,10580,10579,5
2019-06-19 15:53:51.698,10579,10580,10579,1
2019-06-19 15:54:04.555,10578,10579,10579,1
2019-06-19 15:54:06.380,10578,10579,10578,1
2019-06-19 15:54:06.683,10578,10579,10578,12
2019-06-19 15:54:06.827,10578,10579,10578,8
2019-06-19 15:54:06.931,10578,10579,10578,4
2019-06-19 15:54:07.467,10578,10579,10578,6
2019-06-19 15:54:39.619,10577,10578,10578,13
2019-06-19 15:54:39.861,10578,10579,10578,2
2019-06-19 15:54:39.868,10578,10579,10578,2
2019-06-19 15:54:41.849,10578,10579,10578,1
2019-06-19 15:54:42.738,10578,10579,10578,1
2019-06-19 15:54:44.920,10577,10578,10577,1
2019-06-19 15:54:45.279,10577,10578,10578,1
2019-06-19 15:54:56.011,10577,10578,10578,1
2019-06-19 15:54:59.113,10577,10578,10578,1
2019-06-19 15:55:00.445,10577,10578,10578,9
2019-06-19 15:55:00.686,10577,10579,10578,2
2019-06-19 15:55:00.927,10578,10579,10578,2
2019-06-19 15:55:01.167,10578,10579,10578,2
2019-06-19 15:55:02.621,10577,10579,10577,10
2019-06-19 15:55:08.850,10578,10579,10578,1
2019-06-19 15:55:08.878,10578,10579,10578,1
2019-06-19 15:55:10.048,10577,10578,10577,1
2019-06-19 15:55:10.361,10577,10578,10578,1
2019-06-19 15:55:13.272,10577,10578,10578,1
2019-06-19 15:55:13.858,10577,10579,10577,1
2019-06-19 15:55:15.026,10577,10578,10578,1
2019-06-19 15:55:16.522,10577,10578,10578,4
2019-06-19 15:55:37.815,10578,10579,10578,2
2019-06-19 15:55:39.690,10578,10579,10578,2
2019-06-19 15:55:40.141,10578,10579,10578,2
2019-06-19 15:55:45.563,10578,10579,10578,1
2019-06-19 15:55:49.502,10578,10579,10578,1
2019-06-19 15:55:54.203,10578,10579,10578,1
2019-06-19 15:56:00.209,10578,10579,10579,1
2019-06-19 15:56:01.239,10578,10579,10579,7
2019-06-19 15:56:04.852,10578,10579,10578,2
2019-06-19 15:56:06.032,10578,10579,10579,1
2019-06-19 15:56:08.537,10578,10579,10578,1
2019-06-19 15:56:11.208,10578,10579,10578,1
2019-06-19 15:56:12.635,10578,10579,10579,1
2019-06-19 15:56:19.323,10578,10579,10579,1
2019-06-19 15:56:22.929,10578,10579,10579,2
2019-06-19 15:56:24.551,10578,10579,10579,1
2019-06-19 15:56:27.156,10578,10579,10579,1
2019-06-19 15:56:30.472,10578,10579,10579,1
2019-06-19 15:56:36.024,10578,10579,10579,3
2019-06-19 15:56:43.175,10579,10580,10580,1
2019-06-19 15:56:46.940,10579,10580,10579,2
2019-06-19 15:57:17.593,10579,10580,10580,1
2019-06-19 15:57:17.933,10579,10580,10580,6
2019-06-19 15:57:24.481,10579,10580,10580,1
2019-06-19 15:57:25.320,10579,10580,10580,1
2019-06-19 15:57:32.755,10579,10580,10580,1
2019-06-19 15:57:34.173,10579,10580,10580,1
2019-06-19 15:58:26.393,10580,10581,10581,1
2019-06-19 15:58:29.029,10580,10581,10581,1
2019-06-19 15:58:35.771,10580,10581,10581,1
2019-06-19 15:58:39.101,10580,10581,10581,1
2019-06-19 15:58:39.460,10580,10581,10581,1
2019-06-19 15:58:42.057,10580,10581,10581,1
2019-06-19 15:58:42.566,10580,10581,10581,1
2019-06-19 15:58:46.408,10580,10581,10581,1
2019-06-19 15:58:46.427,10580,10581,10581,2
2019-06-19 15:58:54.570,10581,10582,10581,2
2019-06-19 15:59:00.664,10581,10582,10581,3
2019-06-19 15:59:00.966,10580,10581,10580,1
2019-06-19 15:59:01.004,10580,10581,10580,1
2019-06-19 15:59:01.023,10580,10581,10580,2
2019-06-19 15:59:14.165,10580,10581,10580,1
2019-06-19 15:59:14.395,10580,10581,10580,1
2019-06-19 15:59:36.684,10580,10581,10580,10
2019-06-19 15:59:58.071,10580,10581,10580,3
2019-06-19 15:59:58.072,10580,10581,10580,1
2019-06-19 15:59:58.072,10580,10581,10580,1
2019-06-19 16:00:03.500,10579,10580,10579,2
2019-06-19 16:00:03.754,10579,10580,10579,6
2019-06-19 16:00:03.771,10579,10580,10579,1
2019-06-19 16:00:03.797,10579,10580,10579,1
2019-06-19 16:00:03.798,10579,10580,10579,2
2019-06-19 16:00:03.938,10579,10580,10579,1
2019-06-19 16:00:04.285,10579,10580,10580,1
2019-06-19 16:00:04.294,10579,10580,10579,1
2019-06-19 16:00:04.341,10579,10580,10579,3
2019-06-19 16:00:04.516,10579,10580,10580,1
2019-06-19 16:00:04.680,10579,10580,10579,1
2019-06-19 16:00:09.561,10579,10580,10579,1
2019-06-19 16:00:13.241,10579,10580,10579,1
2019-06-19 16:00:13.263,10579,10580,10579,1
2019-06-19 16:00:13.263,10579,10580,10579,1
2019-06-19 16:00:13.263,10579,10580,10579,1
2019-06-19 16:00:13.264,10579,10580,10579,1
2019-06-19 16:00:13.264,10579,10580,10579,1
2019-06-19 16:00:13.320,10579,10580,10579,1
2019-06-19 16:00:16.511,10579,10580,10579,1
2019-06-19 16:00:18.441,10578,10579,10579,2
2019-06-19 16:00:19.837,10578,10579,10579,1
2019-06-19 16:00:35.985,10578,10579,10579,1
2019-06-19 16:01:21.128,10578,10579,10578,1
2019-06-19 16:01:28.211,10578,10579,10578,1
2019-06-19 16:01:29.072,10578,10579,10579,3
2019-06-19 16:01:38.583,10579,10580,10580,2
2019-06-19 16:01:38.583,10579,10580,10580,1
2019-06-19 16:01:41.382,10580,10581,10580,6
2019-06-19 16:01:41.382,10580,10581,10579,62
2019-06-19 16:01:41.382,10580,10581,10578,24
2019-06-19 16:01:41.382,10580,10581,10580,1
2019-06-19 16:01:41.445,10578,10580,10579,1
2019-06-19 16:01:41.447,10578,10580,10579,2
2019-06-19 16:01:41.473,10578,10580,10579,1
2019-06-19 16:01:41.476,10578,10580,10579,1
2019-06-19 16:01:41.481,10578,10580,10579,1
2019-06-19 16:01:41.486,10578,10580,10579,1
2019-06-19 16:01:41.489,10578,10580,10579,2
2019-06-19 16:01:41.492,10578,10580,10579,2
2019-06-19 16:01:41.495,10578,10580,10579,2
2019-06-19 16:01:41.498,10578,10580,10579,1
2019-06-19 16:01:41.501,10578,10580,10579,1
2019-06-19 16:01:41.531,10578,10580,10579,1
2019-06-19 16:01:41.570,10579,10580,10579,2
2019-06-19 16:01:41.669,10579,10580,10578,24
2019-06-19 16:01:41.669,10579,10580,10577,64
2019-06-19 16:01:41.695,10576,10577,10576,3
2019-06-19 16:01:41.696,10576,10577,10576,5
2019-06-19 16:01:41.696,10576,10577,10576,3
2019-06-19 16:01:41.696,10576,10577,10576,2
2019-06-19 16:01:41.697,10576,10577,10577,4
2019-06-19 16:01:41.761,10576,10577,10577,1
2019-06-19 16:01:41.767,10576,10577,10577,1
2019-06-19 16:01:41.820,10577,10578,10577,1
2019-06-19 16:01:42.367,10577,10578,10577,1
2019-06-19 16:01:42.909,10577,10578,10577,1
2019-06-19 16:01:43.091,10577,10578,10577,1
2019-06-19 16:01:44.977,10577,10578,10577,9
2019-06-19 16:01:44.977,10577,10578,10576,55
2019-06-19 16:01:44.977,10577,10578,10575,20
2019-06-19 16:01:44.980,10577,10578,10577,1
2019-06-19 16:01:45.070,10575,10577,10576,1
2019-06-19 16:01:45.101,10575,10577,10575,20
2019-06-19 16:01:45.195,10574,10575,10575,1
2019-06-19 16:01:45.195,10574,10575,10575,6
2019-06-19 16:01:45.195,10574,10575,10574,5
2019-06-19 16:01:45.319,10574,10575,10575,1
2019-06-19 16:01:51.437,10574,10575,10575,1
2019-06-19 16:01:52.071,10574,10575,10574,2
2019-06-19 16:01:54.418,10574,10575,10574,1
2019-06-19 16:01:55.711,10574,10575,10574,2
2019-06-19 16:01:57.890,10574,10575,10574,1
2019-06-19 16:01:58.845,10574,10575,10574,1
2019-06-19 16:02:00.640,10574,10575,10575,1
2019-06-19 16:02:01.343,10574,10575,10574,2
2019-06-19 16:02:01.372,10574,10575,10575,1
2019-06-19 16:02:03.249,10574,10575,10574,1
2019-06-19 16:02:04.052,10574,10575,10574,1
2019-06-19 16:02:05.401,10574,10575,10574,1
2019-06-19 16:02:11.029,10574,10575,10574,1
2019-06-19 16:02:13.070,10574,10575,10574,1
2019-06-19 16:02:22.101,10574,10575,10574,1
2019-06-19 16:02:25.027,10574,10575,10574,1
2019-06-19 16:02:26.349,10574,10575,10575,2
2019-06-19 16:02:32.018,10574,10575,10575,1
2019-06-19 16:02:33.777,10574,10575,10574,20
2019-06-19 16:02:33.912,10573,10574,10574,1
2019-06-19 16:02:33.958,10573,10574,10574,2
2019-06-19 16:02:35.874,10573,10574,10573,1
2019-06-19 16:02:37.555,10573,10574,10573,1
2019-06-19 16:02:37.744,10573,10574,10574,2
2019-06-19 16:02:38.422,10573,10574,10574,3
2019-06-19 16:02:39.615,10573,10574,10574,1
2019-06-19 16:02:39.720,10573,10575,10574,1
2019-06-19 16:02:39.790,10573,10575,10574,1
2019-06-19 16:02:44.058,10574,10575,10574,2
2019-06-19 16:02:44.540,10574,10575,10574,2
2019-06-19 16:02:47.900,10574,10575,10574,1
2019-06-19 16:02:48.616,10574,10575,10574,1
2019-06-19 16:02:50.546,10573,10574,10574,1
2019-06-19 16:02:52.907,10574,10575,10575,1
2019-06-19 16:03:00.824,10574,10575,10575,1
2019-06-19 16:03:04.089,10574,10575,10575,1
2019-06-19 16:03:05.296,10574,10575,10574,1
2019-06-19 16:03:06.502,10574,10575,10574,1
2019-06-19 16:03:06.886,10574,10575,10574,2
2019-06-19 16:03:14.159,10574,10575,10575,1
2019-06-19 16:03:14.906,10574,10575,10575,1
2019-06-19 16:03:21.184,10574,10575,10575,1
2019-06-19 16:03:21.542,10574,10575,10575,1
2019-06-19 16:03:21.862,10574,10575,10574,2
2019-06-19 16:03:22.789,10574,10575,10575,1
2019-06-19 16:03:26.189,10574,10575,10575,6
2019-06-19 16:03:36.893,10574,10575,10574,1
2019-06-19 16:03:41.348,10574,10575,10575,1
2019-06-19 16:03:45.708,10574,10575,10575,2
2019-06-19 16:03:46.410,10574,10575,10575,1
2019-06-19 16:03:55.211,10574,10575,10575,2
2019-06-19 16:04:04.931,10574,10575,10574,1
2019-06-19 16:04:06.795,10574,10575,10574,1
2019-06-19 16:04:16.616,10574,10575,10575,1
2019-06-19 16:04:20.074,10574,10575,10574,1
2019-06-19 16:04:25.062,10574,10575,10575,1
2019-06-19 16:04:29.799,10574,10575,10574,1
2019-06-19 16:04:31.602,10574,10575,10575,1
2019-06-19 16:04:32.861,10574,10575,10574,1
2019-06-19 16:04:51.550,10574,10575,10574,1
2019-06-19 16:04:53.646,10574,10575,10574,1
2019-06-19 16:04:57.820,10574,10575,10575,4
2019-06-19 16:04:57.945,10574,10575,10575,22
2019-06-19 16:04:57.945,10574,10575,10575,4
2019-06-19 16:04:58.070,10574,10575,10575,1
2019-06-19 16:04:58.322,10575,10576,10576,2
2019-06-19 16:04:58.349,10575,10576,10576,1
2019-06-19 16:04:58.939,10575,10576,10575,1
2019-06-19 16:05:07.379,10575,10576,10576,1
2019-06-19 16:05:10.156,10576,10577,10576,3
2019-06-19 16:05:10.359,10575,10576,10576,2
2019-06-19 16:05:10.423,10575,10576,10577,1
2019-06-19 16:05:15.210,10575,10577,10577,1
2019-06-19 16:05:40.454,10576,10577,10577,1
2019-06-19 16:05:41.371,10576,10577,10577,1
2019-06-19 16:05:47.208,10576,10577,10576,1
2019-06-19 16:05:47.496,10576,10577,10576,1
2019-06-19 16:05:49.486,10576,10577,10576,22
2019-06-19 16:05:49.486,10576,10577,10575,47
2019-06-19 16:05:49.570,10575,10576,10575,5
2019-06-19 16:05:54.038,10574,10575,10574,2
2019-06-19 16:05:54.041,10574,10575,10574,1
2019-06-19 16:05:54.137,10574,10575,10575,1
2019-06-19 16:05:55.337,10574,10575,10575,2
2019-06-19 16:05:55.710,10574,10575,10574,1
2019-06-19 16:06:04.734,10574,10575,10574,4
2019-06-19 16:06:05.215,10574,10575,10575,2
2019-06-19 16:06:05.553,10574,10575,10574,2
2019-06-19 16:06:15.631,10574,10575,10574,4
2019-06-19 16:06:19.405,10574,10575,10575,3
2019-06-19 16:06:19.500,10574,10575,10574,1
2019-06-19 16:06:22.174,10574,10575,10575,6
2019-06-19 16:06:34.130,10574,10575,10574,1
2019-06-19 16:06:46.406,10574,10575,10574,1
2019-06-19 16:06:47.444,10574,10575,10574,1
2019-06-19 16:06:52.938,10574,10575,10575,1
2019-06-19 16:06:55.019,10574,10575,10574,1
2019-06-19 16:06:57.977,10574,10575,10574,4
2019-06-19 16:07:11.686,10574,10575,10574,2
2019-06-19 16:07:12.894,10574,10575,10574,2
2019-06-19 16:07:37.654,10574,10575,10575,2
2019-06-19 16:07:50.576,10574,10575,10575,1
2019-06-19 16:07:54.828,10574,10575,10575,1
2019-06-19 16:07:57.015,10574,10575,10575,1
2019-06-19 16:07:57.315,10574,10575,10575,1
2019-06-19 16:08:03.331,10574,10575,10575,1
2019-06-19 16:08:05.819,10574,10575,10575,1
2019-06-19 16:08:13.695,10574,10575,10574,1
2019-06-19 16:08:14.276,10574,10575,10574,1
2019-06-19 16:08:19.195,10574,10575,10574,15
2019-06-19 16:08:35.985,10574,10575,10574,2
2019-06-19 16:08:44.073,10573,10574,10574,1
2019-06-19 16:08:44.192,10573,10574,10573,2
2019-06-19 16:08:44.390,10573,10574,10574,1
2019-06-19 16:08:45.588,10573,10574,10574,1
2019-06-19 16:08:51.410,10573,10574,10574,1
2019-06-19 16:09:02.350,10573,10574,10574,1
2019-06-19 16:09:09.408,10573,10574,10574,1
2019-06-19 16:09:14.388,10573,10574,10574,2
2019-06-19 16:09:30.618,10573,10574,10574,1
2019-06-19 16:09:34.775,10573,10574,10574,1
2019-06-19 16:09:38.665,10573,10574,10574,2
2019-06-19 16:09:40.856,10573,10574,10573,1
2019-06-19 16:09:44.348,10573,10574,10574,2
2019-06-19 16:09:49.160,10574,10575,10574,1
2019-06-19 16:09:49.483,10574,10575,10574,1
2019-06-19 16:09:53.419,10574,10575,10574,1
2019-06-19 16:10:02.727,10574,10575,10574,1
2019-06-19 16:10:08.190,10574,10575,10575,1
2019-06-19 16:10:53.139,10574,10575,10575,1
2019-06-19 16:11:05.784,10574,10575,10574,1
2019-06-19 16:11:07.571,10574,10575,10575,1
2019-06-19 16:11:36.624,10574,10575,10575,1
2019-06-19 16:11:42.430,10574,10575,10574,5
2019-06-19 16:11:42.573,10574,10575,10574,1
2019-06-19 16:11:59.601,10574,10575,10574,1
2019-06-19 16:12:01.074,10574,10575,10575,1
2019-06-19 16:12:07.919,10574,10575,10575,1
2019-06-19 16:12:29.070,10574,10575,10575,1
2019-06-19 16:12:49.899,10574,10575,10575,1
2019-06-19 16:13:11.471,10574,10575,10575,1
2019-06-19 16:13:16.433,10574,10575,10575,4
2019-06-19 16:13:26.504,10574,10575,10575,13
2019-06-19 16:13:29.962,10574,10575,10575,1
2019-06-19 16:13:30.135,10574,10575,10575,2
2019-06-19 16:13:36.356,10575,10576,10575,1
2019-06-19 16:13:50.210,10575,10576,10575,1
2019-06-19 16:13:51.249,10575,10576,10575,15
2019-06-19 16:13:51.809,10574,10576,10576,1
2019-06-19 16:13:52.158,10574,10576,10576,1
2019-06-19 16:13:52.373,10575,10576,10576,1
2019-06-19 16:13:58.766,10575,10576,10575,1
2019-06-19 16:14:10.372,10575,10576,10576,5
2019-06-19 16:14:16.076,10575,10576,10575,1
2019-06-19 16:14:16.560,10575,10576,10576,1
2019-06-19 16:14:16.570,10575,10576,10576,1
2019-06-19 16:14:16.572,10575,10576,10576,4
2019-06-19 16:14:24.232,10576,10577,10577,1
2019-06-19 16:14:39.857,10576,10577,10577,2
2019-06-19 16:14:49.129,10576,10577,10577,2
2019-06-19 16:14:52.708,10576,10577,10577,1
2019-06-19 16:15:00.318,10576,10577,10577,1
2019-06-19 16:15:00.853,10576,10577,10576,3
2019-06-19 16:15:06.836,10576,10577,10577,1
2019-06-19 16:15:11.030,10576,10577,10576,2
2019-06-19 16:15:20.445,10576,10577,10576,4
2019-06-19 16:15:24.118,10575,10576,10575,2
2019-06-19 16:15:24.620,10575,10576,10576,1
2019-06-19 16:15:33.329,10576,10577,10577,1
2019-06-19 16:15:49.287,10576,10577,10577,1
2019-06-19 16:15:49.293,10576,10577,10577,4
2019-06-19 16:15:49.301,10576,10577,10577,1
2019-06-19 16:15:52.021,10576,10577,10576,1
2019-06-19 16:15:52.240,10576,10577,10576,1
2019-06-19 16:15:52.745,10576,10577,10576,1
2019-06-19 16:15:59.379,10576,10577,10577,1
2019-06-19 16:16:24.638,10576,10577,10577,5
2019-06-19 16:17:19.484,10576,10577,10577,2
2019-06-19 16:18:12.295,10576,10577,10577,1
2019-06-19 16:18:12.407,10576,10577,10577,1
2019-06-19 16:18:13.205,10576,10577,10576,1
2019-06-19 16:18:21.231,10576,10577,10577,1
2019-06-19 16:18:29.401,10576,10577,10577,3
2019-06-19 16:18:30.665,10576,10577,10576,1
2019-06-19 16:18:41.877,10576,10577,10576,1
2019-06-19 16:18:47.873,10576,10577,10576,1
2019-06-19 16:18:55.852,10576,10577,10577,2
2019-06-19 16:19:02.510,10576,10577,10577,2
2019-06-19 16:19:02.510,10576,10577,10577,1
2019-06-19 16:19:02.510,10576,10577,10577,2
2019-06-19 16:19:02.510,10576,10577,10577,1
2019-06-19 16:19:05.111,10576,10577,10577,2
2019-06-19 16:19:22.349,10576,10577,10577,1
2019-06-19 16:19:26.090,10576,10577,10577,2
2019-06-19 16:19:26.090,10576,10577,10578,1
2019-06-19 16:19:35.191,10576,10577,10577,1
2019-06-19 16:19:49.423,10577,10578,10577,1
2019-06-19 16:19:50.611,10577,10578,10577,1
2019-06-19 16:20:02.166,10577,10578,10577,4
2019-06-19 16:20:03.145,10576,10577,10576,2
2019-06-19 16:20:03.264,10576,10577,10576,2
2019-06-19 16:20:03.385,10576,10577,10576,2
2019-06-19 16:20:11.353,10576,10577,10577,1
2019-06-19 16:20:12.281,10576,10577,10577,2
2019-06-19 16:20:17.717,10576,10577,10577,5
2019-06-19 16:20:18.225,10577,10578,10577,1
2019-06-19 16:20:27.932,10577,10578,10577,2
2019-06-19 16:21:20.227,10577,10578,10577,1
2019-06-19 16:21:37.817,10577,10578,10578,9
2019-06-19 16:21:48.255,10578,10579,10579,2
2019-06-19 16:21:48.468,10578,10579,10579,2
2019-06-19 16:21:56.495,10578,10579,10578,1
2019-06-19 16:22:05.549,10578,10579,10579,10
2019-06-19 16:22:12.698,10579,10580,10579,1
2019-06-19 16:22:23.785,10579,10580,10580,2
2019-06-19 16:22:23.786,10579,10580,10580,3
2019-06-19 16:22:23.786,10579,10580,10580,3
2019-06-19 16:22:37.045,10579,10580,10580,1
2019-06-19 16:22:40.042,10579,10580,10580,1
2019-06-19 16:22:49.534,10579,10580,10580,2
2019-06-19 16:22:49.790,10579,10580,10580,3
2019-06-19 16:22:49.821,10579,10580,10580,1
2019-06-19 16:22:50.117,10579,10580,10580,1
2019-06-19 16:22:51.768,10579,10580,10580,1
2019-06-19 16:22:52.463,10579,10580,10580,1
2019-06-19 16:22:53.668,10579,10580,10580,10
2019-06-19 16:22:59.733,10579,10580,10580,2
2019-06-19 16:23:02.430,10579,10580,10580,1
2019-06-19 16:23:03.807,10579,10580,10580,1
2019-06-19 16:23:04.362,10579,10580,10580,1
2019-06-19 16:23:05.785,10579,10580,10580,1
2019-06-19 16:23:11.208,10579,10580,10580,1
2019-06-19 16:23:11.320,10579,10580,10580,1
2019-06-19 16:23:14.099,10579,10580,10580,1
2019-06-19 16:23:28.375,10580,10581,10580,1
2019-06-19 16:23:49.584,10580,10581,10580,1
2019-06-19 16:24:03.238,10580,10581,10580,1
2019-06-19 16:24:04.862,10580,10581,10581,4
2019-06-19 16:24:14.500,10580,10581,10581,2
2019-06-19 16:24:22.682,10580,10581,10581,2
2019-06-19 16:24:26.248,10580,10581,10581,1
2019-06-19 16:24:32.627,10580,10581,10581,1
2019-06-19 16:24:37.729,10580,10581,10580,1
2019-06-19 16:24:47.342,10580,10581,10580,1
2019-06-19 16:24:54.337,10580,10581,10580,4
2019-06-19 16:25:04.458,10580,10581,10580,1
2019-06-19 16:25:22.763,10580,10581,10580,1
2019-06-19 16:25:25.073,10580,10581,10580,1
2019-06-19 16:25:25.320,10580,10581,10580,1
2019-06-19 16:25:31.236,10580,10581,10580,1
2019-06-19 16:25:31.726,10580,10581,10580,1
2019-06-19 16:25:32.065,10580,10581,10580,1
2019-06-19 16:25:32.065,10580,10581,10580,1
2019-06-19 16:25:32.070,10580,10581,10580,6
2019-06-19 16:25:34.284,10579,10580,10580,1
2019-06-19 16:25:43.271,10579,10580,10580,1
2019-06-19 16:25:52.938,10579,10580,10580,1
2019-06-19 16:26:14.064,10579,10580,10579,1
2019-06-19 16:26:14.355,10579,10580,10580,1
2019-06-19 16:26:15.015,10579,10580,10579,1
2019-06-19 16:26:19.500,10579,10580,10579,1
2019-06-19 16:26:26.389,10579,10580,10579,1
2019-06-19 16:27:30.991,10579,10580,10580,1
2019-06-19 16:27:32.294,10579,10580,10579,1
2019-06-19 16:27:32.544,10579,10580,10579,1
2019-06-19 16:27:32.792,10579,10580,10579,1
2019-06-19 16:27:46.713,10579,10580,10579,2
2019-06-19 16:27:47.001,10579,10580,10580,1
2019-06-19 16:27:52.269,10579,10580,10580,1
2019-06-19 16:28:04.753,10579,10580,10579,1
2019-06-19 16:28:30.305,10579,10580,10579,4
2019-06-19 16:28:37.701,10579,10580,10580,1
2019-06-19 16:28:40.376,10579,10580,10580,1
2019-06-19 16:28:42.097,10579,10580,10579,1
2019-06-19 16:28:46.690,10579,10580,10579,1
2019-06-19 16:28:49.080,10579,10580,10579,1
2019-06-19 16:28:49.628,10579,10580,10579,1
2019-06-19 16:28:53.102,10579,10580,10579,1
2019-06-19 16:28:53.938,10579,10580,10579,1
2019-06-19 16:29:09.815,10579,10580,10580,1
2019-06-19 16:29:35.738,10579,10580,10580,12
2019-06-19 16:29:48.324,10579,10580,10580,5
2019-06-19 16:29:53.762,10579,10580,10580,1
2019-06-19 16:29:58.309,10579,10580,10579,10
2019-06-19 16:29:58.320,10579,10580,10579,4
2019-06-19 16:30:00.457,10578,10579,10579,1
2019-06-19 16:30:01.242,10578,10579,10579,1
2019-06-19 16:30:01.755,10578,10579,10578,2
2019-06-19 16:30:02.199,10578,10579,10578,1
2019-06-19 16:30:03.167,10578,10579,10578,1
2019-06-19 16:30:03.555,10578,10579,10578,11
2019-06-19 16:30:18.886,10577,10578,10578,1
2019-06-19 16:30:25.374,10577,10578,10578,3
2019-06-19 16:30:36.429,10577,10578,10577,1
2019-06-19 16:30:49.804,10577,10578,10577,1
2019-06-19 16:30:52.751,10577,10578,10577,1
2019-06-19 16:30:53.361,10577,10578,10578,6
2019-06-19 16:30:54.550,10578,10579,10578,1
2019-06-19 16:31:04.534,10578,10579,10578,1
2019-06-19 16:31:21.349,10578,10579,10578,3
2019-06-19 16:31:27.533,10578,10579,10578,1
2019-06-19 16:31:54.922,10578,10579,10579,1
2019-06-19 16:32:15.266,10578,10579,10579,15
2019-06-19 16:32:27.617,10578,10579,10579,1
2019-06-19 16:32:40.918,10578,10579,10579,1
2019-06-19 16:32:43.648,10578,10579,10579,1
2019-06-19 16:33:01.302,10578,10579,10578,18
2019-06-19 16:33:21.004,10577,10578,10577,10
2019-06-19 16:33:21.076,10577,10578,10577,15
2019-06-19 16:33:22.879,10576,10578,10578,2
2019-06-19 16:33:26.524,10576,10577,10577,1
2019-06-19 16:33:41.809,10576,10577,10576,1
2019-06-19 16:33:51.494,10576,10577,10577,4
2019-06-19 16:33:57.752,10576,10577,10576,1
2019-06-19 16:34:00.647,10576,10577,10577,1
2019-06-19 16:34:00.650,10576,10577,10577,1
2019-06-19 16:34:02.868,10576,10577,10576,8
2019-06-19 16:34:05.886,10576,10577,10577,1
2019-06-19 16:34:15.607,10576,10577,10577,1
2019-06-19 16:34:22.831,10576,10577,10577,3
2019-06-19 16:34:24.525,10577,10578,10577,1
2019-06-19 16:34:25.827,10576,10578,10578,1
2019-06-19 16:34:28.222,10577,10578,10577,1
2019-06-19 16:34:40.329,10576,10577,10577,2
2019-06-19 16:34:51.485,10576,10577,10577,1
2019-06-19 16:35:03.793,10577,10578,10577,1
2019-06-19 16:35:42.261,10577,10578,10577,3
2019-06-19 16:36:27.115,10577,10578,10577,7
2019-06-19 16:36:38.456,10576,10577,10576,1
2019-06-19 16:36:52.590,10576,10577,10576,1
2019-06-19 16:37:06.052,10576,10577,10576,1
2019-06-19 16:37:08.400,10576,10577,10576,1
2019-06-19 16:37:18.240,10576,10577,10576,5
2019-06-19 16:37:23.160,10576,10577,10576,1
2019-06-19 16:37:30.793,10576,10577,10576,1
2019-06-19 16:37:40.700,10576,10577,10576,1
2019-06-19 16:37:58.337,10576,10577,10576,1
2019-06-19 16:38:02.307,10576,10577,10576,4
2019-06-19 16:38:32.322,10576,10577,10576,1
2019-06-19 16:38:35.993,10576,10577,10576,1
2019-06-19 16:38:52.789,10576,10577,10576,1
2019-06-19 16:39:04.747,10576,10577,10577,1
2019-06-19 16:39:05.841,10576,10577,10576,5
2019-06-19 16:39:11.547,10576,10577,10577,1
2019-06-19 16:39:25.877,10576,10577,10577,1
2019-06-19 16:39:34.144,10576,10577,10577,2
2019-06-19 16:39:46.534,10576,10577,10577,1
2019-06-19 16:39:56.525,10576,10577,10576,33
2019-06-19 16:40:02.522,10575,10576,10575,5
2019-06-19 16:40:02.523,10575,10576,10575,1
2019-06-19 16:40:02.523,10575,10576,10575,1
2019-06-19 16:40:02.523,10575,10576,10575,2
2019-06-19 16:40:02.548,10575,10576,10575,2
2019-06-19 16:40:02.578,10575,10576,10575,2
2019-06-19 16:40:02.614,10575,10576,10575,2
2019-06-19 16:40:02.668,10575,10576,10575,2
2019-06-19 16:40:10.854,10575,10576,10575,1
2019-06-19 16:40:20.658,10575,10576,10575,1
2019-06-19 16:40:26.746,10575,10576,10575,7
2019-06-19 16:40:26.885,10575,10576,10575,7
2019-06-19 16:40:30.214,10575,10576,10575,1
2019-06-19 16:40:37.408,10575,10576,10575,1
2019-06-19 16:40:37.672,10575,10576,10575,2
2019-06-19 16:40:37.966,10575,10576,10575,2
2019-06-19 16:40:42.642,10575,10576,10576,1
2019-06-19 16:40:55.375,10575,10576,10576,1
2019-06-19 16:40:59.056,10575,10576,10576,2
2019-06-19 16:41:02.629,10575,10576,10575,3
2019-06-19 16:41:08.034,10575,10576,10576,3
2019-06-19 16:41:22.932,10575,10576,10576,1
2019-06-19 16:41:29.235,10575,10576,10575,1
2019-06-19 16:41:29.882,10575,10576,10576,1
2019-06-19 16:41:30.896,10575,10576,10575,10
2019-06-19 16:41:34.826,10575,10576,10575,1
2019-06-19 16:41:46.144,10575,10576,10576,1
2019-06-19 16:42:04.832,10575,10576,10576,5
2019-06-19 16:42:04.945,10575,10576,10576,1
2019-06-19 16:42:04.945,10575,10576,10576,1
2019-06-19 16:42:15.839,10576,10577,10576,2
2019-06-19 16:42:17.753,10576,10577,10577,3
2019-06-19 16:42:17.753,10576,10577,10577,1
2019-06-19 16:42:17.820,10576,10577,10577,1
2019-06-19 16:42:48.109,10577,10578,10577,1
2019-06-19 16:42:54.768,10577,10578,10578,1
2019-06-19 16:42:56.484,10577,10578,10577,1
2019-06-19 16:42:56.570,10577,10578,10577,1
2019-06-19 16:43:02.821,10576,10577,10577,1
2019-06-19 16:43:13.404,10576,10577,10577,2
2019-06-19 16:43:29.236,10577,10578,10577,1
2019-06-19 16:44:44.919,10577,10578,10577,1
2019-06-19 16:45:02.629,10577,10578,10577,11
2019-06-19 16:45:03.111,10576,10577,10576,2
2019-06-19 16:45:12.507,10576,10577,10576,2
2019-06-19 16:45:12.570,10576,10577,10576,2
2019-06-19 16:45:12.570,10576,10577,10576,8
2019-06-19 16:45:25.823,10575,10576,10576,5
2019-06-19 16:45:31.658,10575,10577,10575,17
2019-06-19 16:45:48.800,10575,10576,10576,1
2019-06-19 16:46:00.139,10576,10577,10576,5
2019-06-19 16:46:26.592,10575,10576,10575,1
2019-06-19 16:46:26.988,10575,10576,10576,5
2019-06-19 16:46:31.844,10575,10576,10576,5
2019-06-19 16:46:46.736,10575,10576,10576,1
2019-06-19 16:46:55.559,10575,10576,10576,2
2019-06-19 16:47:03.645,10575,10576,10576,9
2019-06-19 16:47:22.896,10576,10577,10577,2
2019-06-19 16:47:23.104,10576,10577,10577,1
2019-06-19 16:47:45.351,10576,10577,10577,3
2019-06-19 16:47:59.941,10577,10578,10577,1
2019-06-19 16:48:28.545,10576,10577,10576,1
2019-06-19 16:48:39.867,10576,10577,10577,1
2019-06-19 16:48:40.255,10576,10577,10577,1
2019-06-19 16:48:50.763,10576,10577,10577,1
2019-06-19 16:49:42.320,10577,10578,10578,1
2019-06-19 16:49:54.194,10577,10578,10578,1
2019-06-19 16:50:01.122,10577,10578,10578,1
2019-06-19 16:50:02.652,10577,10578,10577,2
2019-06-19 16:50:16.773,10577,10578,10577,1
2019-06-19 16:50:22.316,10577,10578,10577,1
2019-06-19 16:50:47.484,10577,10578,10577,1
2019-06-19 16:51:21.868,10577,10578,10577,21
2019-06-19 16:51:24.423,10577,10578,10577,1
2019-06-19 16:51:25.517,10577,10578,10577,1
2019-06-19 16:51:58.122,10577,10578,10577,1
2019-06-19 16:51:59.008,10577,10578,10577,1
2019-06-19 16:52:08.889,10576,10577,10576,10
2019-06-19 16:52:34.776,10575,10576,10575,1
2019-06-19 16:52:38.715,10575,10576,10575,1
2019-06-19 16:52:52.776,10575,10576,10576,1
2019-06-19 16:52:53.628,10575,10576,10575,3
2019-06-19 16:53:00.278,10575,10576,10576,10
2019-06-19 16:53:00.320,10575,10576,10576,3
2019-06-19 16:53:00.518,10575,10577,10576,2
2019-06-19 16:53:00.645,10575,10577,10576,1
2019-06-19 16:53:01.432,10576,10577,10576,2
2019-06-19 16:53:01.432,10576,10577,10575,16
2019-06-19 16:53:12.169,10575,10576,10576,5
2019-06-19 16:53:12.225,10576,10577,10577,1
2019-06-19 16:53:12.225,10576,10577,10577,1
2019-06-19 16:53:12.225,10576,10577,10577,1
2019-06-19 16:53:12.225,10576,10577,10577,1
2019-06-19 16:53:12.225,10576,10577,10577,2
2019-06-19 16:53:12.332,10576,10577,10577,1
2019-06-19 16:53:12.332,10576,10577,10577,2
2019-06-19 16:53:12.332,10576,10577,10577,1
2019-06-19 16:53:12.333,10576,10577,10577,1
2019-06-19 16:53:12.409,10576,10577,10576,2
2019-06-19 16:53:42.908,10576,10577,10576,2
2019-06-19 16:53:43.145,10576,10577,10576,2
2019-06-19 16:53:46.717,10576,10577,10576,1
2019-06-19 16:54:46.778,10575,10576,10576,1
2019-06-19 16:54:58.980,10575,10576,10576,15
2019-06-19 16:55:24.420,10575,10577,10576,1
2019-06-19 16:55:24.912,10575,10577,10575,1
2019-06-19 16:55:24.934,10575,10577,10575,1
2019-06-19 16:55:36.150,10575,10577,10575,1
2019-06-19 16:56:02.294,10575,10576,10575,1
2019-06-19 16:56:04.075,10575,10576,10575,1
2019-06-19 16:56:04.085,10575,10576,10575,4
2019-06-19 16:56:05.266,10575,10576,10575,10
2019-06-19 16:56:25.754,10575,10576,10575,10
2019-06-19 16:56:31.770,10575,10576,10575,4
2019-06-19 16:56:41.587,10574,10575,10575,1
2019-06-19 16:56:49.405,10574,10575,10575,5
2019-06-19 16:56:54.106,10574,10575,10575,1
2019-06-19 16:56:56.611,10575,10576,10575,1
2019-06-19 16:57:18.986,10575,10576,10575,1
2019-06-19 16:57:35.596,10576,10577,10576,1
2019-06-19 16:57:37.081,10576,10577,10576,10
2019-06-19 16:58:12.432,10576,10577,10577,1
2019-06-19 16:59:02.659,10576,10577,10576,1
2019-06-19 16:59:11.498,10576,10577,10576,1
2019-06-19 16:59:39.862,10576,10577,10577,10
2019-06-19 17:00:21.415,10576,10577,10577,1
2019-06-19 17:00:24.726,10576,10577,10576,1
2019-06-19 17:00:24.735,10576,10577,10576,1
2019-06-19 17:00:24.849,10576,10577,10576,1
2019-06-19 17:00:25.351,10575,10577,10575,1
2019-06-19 17:00:25.381,10575,10577,10575,1
2019-06-19 17:00:37.028,10575,10576,10576,1
2019-06-19 17:00:37.974,10576,10577,10577,1
2019-06-19 17:00:40.498,10576,10577,10577,1
2019-06-19 17:00:49.014,10576,10577,10576,1
2019-06-19 17:01:16.840,10576,10577,10576,2
2019-06-19 17:01:30.041,10576,10577,10576,1
2019-06-19 17:01:37.056,10576,10577,10576,1
2019-06-19 17:01:56.056,10576,10577,10577,1
2019-06-19 17:02:02.982,10576,10577,10576,4
2019-06-19 17:02:32.972,10576,10577,10576,1
2019-06-19 17:02:40.377,10576,10577,10576,1
2019-06-19 17:02:50.888,10576,10577,10576,4
2019-06-19 17:02:58.421,10575,10576,10576,1
2019-06-19 17:03:03.100,10576,10577,10576,7
2019-06-19 17:03:08.693,10576,10577,10576,1
2019-06-19 17:03:29.062,10576,10577,10576,2
2019-06-19 17:03:47.290,10575,10576,10576,1
2019-06-19 17:03:47.636,10575,10576,10576,1
2019-06-19 17:04:01.051,10575,10576,10576,1
2019-06-19 17:04:01.070,10575,10576,10576,1
2019-06-19 17:04:01.195,10575,10576,10576,1
2019-06-19 17:04:01.320,10575,10576,10576,1
2019-06-19 17:04:48.694,10576,10577,10577,2
2019-06-19 17:05:05.964,10576,10577,10577,3
2019-06-19 17:05:17.149,10576,10577,10576,2
2019-06-19 17:05:24.524,10576,10577,10577,1
2019-06-19 17:05:36.697,10576,10577,10577,2
2019-06-19 17:05:58.802,10576,10577,10577,2
2019-06-19 17:06:02.426,10576,10577,10576,10
2019-06-19 17:06:02.620,10576,10577,10576,6
2019-06-19 17:06:02.695,10575,10576,10576,1
2019-06-19 17:06:15.162,10576,10577,10577,1
2019-06-19 17:06:18.415,10576,10577,10577,1
2019-06-19 17:06:21.765,10576,10577,10576,2
2019-06-19 17:06:22.002,10576,10577,10576,1
2019-06-19 17:06:29.596,10575,10576,10576,1
2019-06-19 17:06:29.835,10576,10577,10576,2
2019-06-19 17:07:04.095,10575,10576,10576,1
2019-06-19 17:07:32.756,10576,10577,10577,1
2019-06-19 17:07:45.017,10576,10577,10577,1
2019-06-19 17:07:49.343,10576,10577,10577,1
2019-06-19 17:07:49.344,10576,10577,10577,1
2019-06-19 17:07:49.346,10576,10577,10577,1
2019-06-19 17:07:49.445,10576,10577,10577,4
2019-06-19 17:07:53.010,10577,10578,10577,2
2019-06-19 17:08:06.882,10577,10578,10577,1
2019-06-19 17:08:10.810,10577,10578,10577,1
2019-06-19 17:08:11.548,10577,10578,10577,1
2019-06-19 17:09:01.609,10577,10578,10578,5
2019-06-19 17:09:02.880,10577,10578,10578,1
2019-06-19 17:09:04.420,10577,10578,10578,1
2019-06-19 17:09:06.320,10577,10578,10578,1
2019-06-19 17:09:06.612,10577,10578,10578,2
2019-06-19 17:09:14.009,10578,10579,10578,2
2019-06-19 17:09:14.074,10578,10579,10578,1
2019-06-19 17:09:18.525,10578,10579,10579,1
2019-06-19 17:09:18.593,10578,10579,10578,2
2019-06-19 17:09:22.674,10578,10579,10578,2
2019-06-19 17:09:34.908,10578,10579,10578,2
2019-06-19 17:10:16.437,10578,10579,10578,1
2019-06-19 17:10:35.367,10578,10579,10579,9
2019-06-19 17:10:38.908,10578,10580,10579,1
2019-06-19 17:10:41.555,10578,10579,10579,1
2019-06-19 17:10:41.777,10578,10579,10579,1
2019-06-19 17:10:52.925,10579,10580,10579,3
2019-06-19 17:11:41.446,10579,10580,10580,5
2019-06-19 17:11:43.620,10579,10580,10579,1
2019-06-19 17:11:52.320,10579,10580,10580,18
2019-06-19 17:11:52.320,10579,10580,10580,2
2019-06-19 17:11:52.445,10579,10580,10580,10
2019-06-19 17:11:52.445,10579,10580,10580,3
2019-06-19 17:12:04.599,10580,10581,10580,5
2019-06-19 17:12:25.516,10580,10581,10580,1
2019-06-19 17:12:26.982,10580,10581,10580,1
2019-06-19 17:12:30.040,10580,10581,10580,3
2019-06-19 17:12:35.504,10580,10581,10581,1
2019-06-19 17:12:35.730,10580,10581,10581,1
2019-06-19 17:12:36.762,10580,10581,10581,1
2019-06-19 17:12:44.152,10580,10581,10581,1
2019-06-19 17:12:54.076,10580,10581,10580,4
2019-06-19 17:12:55.330,10580,10581,10581,1
2019-06-19 17:13:22.019,10580,10581,10581,2
2019-06-19 17:13:25.243,10580,10581,10581,1
2019-06-19 17:13:31.633,10580,10581,10580,1
2019-06-19 17:13:56.327,10580,10581,10580,1
2019-06-19 17:14:03.527,10580,10581,10581,2
2019-06-19 17:14:13.895,10580,10581,10581,1
2019-06-19 17:14:18.597,10580,10581,10581,1
2019-06-19 17:14:27.156,10580,10581,10581,1
2019-06-19 17:14:31.279,10580,10581,10580,1
2019-06-19 17:14:40.262,10580,10581,10580,6
2019-06-19 17:14:40.320,10580,10581,10580,9
2019-06-19 17:14:47.476,10579,10580,10579,8
2019-06-19 17:14:47.570,10578,10579,10579,1
2019-06-19 17:14:47.625,10578,10579,10578,1
2019-06-19 17:14:49.921,10578,10579,10579,1
2019-06-19 17:14:55.044,10578,10579,10579,1
2019-06-19 17:15:01.739,10578,10579,10579,1
2019-06-19 17:15:05.251,10578,10579,10578,2
2019-06-19 17:15:25.790,10578,10579,10578,2
2019-06-19 17:15:56.549,10578,10579,10579,6
2019-06-19 17:16:09.186,10578,10579,10579,2
2019-06-19 17:16:09.426,10579,10580,10579,1
2019-06-19 17:16:09.619,10578,10579,10579,1
2019-06-19 17:16:09.856,10579,10580,10579,1
2019-06-19 17:16:14.596,10578,10579,10579,1
2019-06-19 17:16:15.807,10578,10579,10579,1
2019-06-19 17:16:27.448,10578,10579,10579,1
2019-06-19 17:16:28.231,10578,10579,10579,1
2019-06-19 17:16:33.701,10578,10579,10579,4
2019-06-19 17:17:43.470,10578,10579,10578,16
2019-06-19 17:17:43.570,10578,10579,10578,9
2019-06-19 17:17:43.570,10578,10579,10578,1
2019-06-19 17:17:44.257,10577,10578,10578,1
2019-06-19 17:17:54.879,10577,10578,10578,1
2019-06-19 17:18:03.703,10577,10578,10578,1
2019-06-19 17:18:13.575,10577,10578,10577,1
2019-06-19 17:18:21.332,10577,10578,10577,1
2019-06-19 17:18:40.695,10577,10578,10578,11
2019-06-19 17:19:07.128,10577,10578,10578,1
2019-06-19 17:19:31.858,10577,10578,10577,1
2019-06-19 17:19:36.239,10577,10578,10577,4
2019-06-19 17:19:36.320,10577,10578,10577,3
2019-06-19 17:19:36.445,10577,10578,10577,2
2019-06-19 17:19:37.551,10576,10577,10577,3
2019-06-19 17:19:53.062,10577,10578,10577,5
2019-06-19 17:20:00.453,10577,10578,10577,1
2019-06-19 17:20:02.901,10576,10577,10577,2
2019-06-19 17:20:07.279,10576,10577,10576,2
2019-06-19 17:20:09.750,10576,10577,10577,5
2019-06-19 17:20:10.692,10576,10577,10577,5
2019-06-19 17:20:19.884,10576,10577,10576,3
2019-06-19 17:20:33.079,10576,10577,10576,1
2019-06-19 17:20:34.113,10576,10577,10576,1
2019-06-19 17:21:01.133,10576,10577,10576,5
2019-06-19 17:21:13.193,10576,10577,10577,5
2019-06-19 17:21:13.697,10576,10577,10576,2
2019-06-19 17:21:22.900,10576,10577,10576,5
2019-06-19 17:21:49.324,10576,10577,10576,1
2019-06-19 17:21:49.453,10576,10577,10577,2
2019-06-19 17:21:49.675,10576,10577,10577,5
2019-06-19 17:22:02.183,10577,10578,10577,1
2019-06-19 17:24:31.546,10577,10578,10577,10
2019-06-19 17:24:35.853,10577,10578,10577,1
2019-06-19 17:25:52.698,10577,10578,10577,10
2019-06-19 17:26:03.445,10577,10578,10578,1
2019-06-19 17:26:03.532,10577,10578,10578,1
2019-06-19 17:26:03.569,10577,10578,10578,1
2019-06-19 17:26:14.666,10578,10579,10578,1
2019-06-19 17:27:01.447,10578,10579,10579,2
2019-06-19 17:27:03.062,10578,10579,10579,7
2019-06-19 17:27:03.344,10579,10580,10579,3
2019-06-19 17:27:09.792,10578,10579,10579,2
2019-06-19 17:27:14.322,10579,10580,10580,2
2019-06-19 17:27:14.795,10579,10580,10580,12
2019-06-19 17:27:16.495,10579,10580,10580,1
2019-06-19 17:27:24.182,10580,10581,10580,1
2019-06-19 17:27:24.182,10580,10581,10580,2
2019-06-19 17:27:24.209,10579,10580,10579,2
2019-06-19 17:27:24.410,10578,10579,10578,1
2019-06-19 17:27:24.410,10578,10579,10578,1
2019-06-19 17:27:24.441,10578,10579,10578,1
2019-06-19 17:27:24.461,10577,10578,10577,2
2019-06-19 17:27:33.842,10577,10578,10577,10
2019-06-19 17:28:56.553,10577,10578,10578,1
2019-06-19 17:28:56.790,10577,10578,10578,1
2019-06-19 17:29:00.470,10577,10578,10578,1
2019-06-19 17:29:08.548,10577,10578,10578,1
2019-06-19 17:29:15.186,10577,10578,10578,1
2019-06-19 17:29:31.573,10577,10578,10578,1
2019-06-19 17:29:45.553,10577,10578,10578,2
2019-06-19 17:29:45.856,10577,10578,10578,2
2019-06-19 17:29:54.571,10577,10578,10578,1
2019-06-19 17:29:56.133,10577,10578,10578,1
2019-06-19 17:29:56.160,10577,10578,10578,1
2019-06-19 17:29:56.245,10577,10579,10579,2
2019-06-19 17:30:05.847,10577,10579,10579,1
2019-06-19 17:30:06.142,10578,10579,10579,2
2019-06-19 17:30:06.222,10578,10579,10579,2
2019-06-19 17:30:07.258,10578,10579,10579,1
2019-06-19 17:30:07.350,10578,10579,10579,1
2019-06-19 17:30:08.518,10578,10579,10579,1
2019-06-19 17:30:08.561,10578,10579,10579,1
2019-06-19 17:30:08.850,10578,10579,10579,1
2019-06-19 17:30:19.745,10579,10580,10579,1
2019-06-19 17:30:20.209,10579,10580,10579,1
2019-06-19 17:30:22.034,10578,10579,10579,1
2019-06-19 17:30:24.883,10579,10580,10579,1
2019-06-19 17:30:33.714,10578,10579,10579,1
2019-06-19 17:30:38.965,10578,10579,10579,1
2019-06-19 17:30:44.070,10578,10579,10579,1
2019-06-19 17:31:19.924,10578,10579,10578,2
2019-06-19 17:31:19.925,10578,10579,10578,1
2019-06-19 17:31:19.945,10578,10579,10578,2
2019-06-19 17:31:19.945,10578,10579,10578,1
2019-06-19 17:31:20.070,10578,10579,10578,1
2019-06-19 17:31:20.445,10578,10579,10578,1
2019-06-19 17:31:21.538,10578,10579,10578,1
2019-06-19 17:31:31.244,10577,10579,10579,1
2019-06-19 17:31:33.928,10578,10579,10578,1
2019-06-19 17:31:43.352,10577,10579,10579,1
2019-06-19 17:32:13.171,10578,10579,10578,2
2019-06-19 17:32:32.008,10577,10578,10578,1
2019-06-19 17:32:32.009,10577,10578,10578,1
2019-06-19 17:32:32.250,10578,10579,10578,1
2019-06-19 17:32:47.350,10578,10579,10578,1
2019-06-19 17:32:54.017,10578,10579,10578,1
2019-06-19 17:33:35.570,10578,10579,10579,10
2019-06-19 17:34:01.323,10578,10579,10578,4
2019-06-19 17:34:02.489,10578,10579,10579,1
2019-06-19 17:34:07.480,10578,10579,10579,2
2019-06-19 17:34:22.533,10579,10580,10579,1
2019-06-19 17:34:54.789,10578,10579,10579,1
2019-06-19 17:34:59.117,10579,10580,10579,1
2019-06-19 17:35:26.033,10578,10579,10579,2
2019-06-19 17:35:47.006,10579,10580,10580,3
2019-06-19 17:35:58.809,10579,10580,10580,1
2019-06-19 17:35:59.647,10579,10580,10580,1
2019-06-19 17:36:02.403,10579,10580,10580,1
2019-06-19 17:36:17.959,10579,10580,10579,1
2019-06-19 17:36:18.003,10579,10580,10579,1
2019-06-19 17:36:18.026,10579,10580,10579,2
2019-06-19 17:36:18.073,10579,10580,10579,2
2019-06-19 17:36:18.073,10579,10580,10579,2
2019-06-19 17:36:43.857,10578,10579,10578,2
2019-06-19 17:36:50.247,10578,10579,10579,12
2019-06-19 17:36:50.247,10578,10579,10579,2
2019-06-19 17:36:50.488,10579,10580,10579,2
2019-06-19 17:37:22.599,10579,10580,10580,1
2019-06-19 17:37:28.697,10579,10580,10580,11
2019-06-19 17:37:28.937,10580,10581,10580,2
2019-06-19 17:37:30.545,10580,10581,10580,2
2019-06-19 17:37:30.824,10580,10581,10581,1
2019-06-19 17:37:42.190,10580,10581,10580,1
2019-06-19 17:37:46.780,10580,10581,10581,1
2019-06-19 17:37:59.393,10580,10581,10580,1
2019-06-19 17:38:00.038,10580,10581,10581,1
2019-06-19 17:38:00.141,10580,10581,10581,1
2019-06-19 17:38:13.734,10580,10581,10581,1
2019-06-19 17:38:19.547,10580,10581,10581,1
2019-06-19 17:38:22.427,10580,10581,10581,1
2019-06-19 17:38:26.365,10580,10581,10581,10
2019-06-19 17:38:26.949,10580,10581,10581,10
2019-06-19 17:38:28.205,10580,10581,10581,1
2019-06-19 17:38:33.101,10580,10581,10581,1
2019-06-19 17:38:48.276,10580,10581,10580,2
2019-06-19 17:38:59.007,10580,10581,10581,3
2019-06-19 17:39:06.651,10580,10581,10581,1
2019-06-19 17:39:07.338,10581,10582,10581,1
2019-06-19 17:39:15.766,10581,10582,10581,1
2019-06-19 17:39:27.104,10580,10581,10581,1
2019-06-19 17:39:29.604,10580,10581,10581,1
2019-06-19 17:39:38.176,10580,10581,10580,2
2019-06-19 17:39:42.055,10580,10581,10580,3
2019-06-19 17:39:52.156,10580,10581,10580,1
2019-06-19 17:39:53.179,10580,10581,10580,1
2019-06-19 17:40:03.674,10580,10581,10581,1
2019-06-19 17:40:36.401,10580,10581,10580,1
2019-06-19 17:40:44.068,10580,10581,10581,1
2019-06-19 17:40:44.972,10580,10581,10581,1
2019-06-19 17:40:50.568,10580,10581,10580,1
2019-06-19 17:40:52.283,10580,10581,10580,1
2019-06-19 17:40:52.286,10580,10581,10580,1
2019-06-19 17:40:52.320,10580,10581,10580,1
2019-06-19 17:40:54.345,10580,10581,10580,10
2019-06-19 17:40:55.084,10580,10581,10580,1
2019-06-19 17:40:55.766,10580,10581,10580,1
2019-06-19 17:40:56.344,10580,10581,10580,5
2019-06-19 17:41:02.655,10579,10580,10580,1
2019-06-19 17:41:03.311,10579,10580,10580,1
2019-06-19 17:41:04.087,10579,10580,10580,1
2019-06-19 17:41:10.400,10579,10580,10580,1
2019-06-19 17:41:12.031,10579,10580,10580,1
2019-06-19 17:41:34.643,10579,10580,10579,2
2019-06-19 17:41:36.048,10579,10580,10579,10
2019-06-19 17:41:36.072,10579,10580,10580,1
2019-06-19 17:41:36.112,10579,10580,10579,1
2019-06-19 17:41:37.571,10579,10580,10579,1
2019-06-19 17:41:37.918,10579,10580,10579,1
2019-06-19 17:41:38.002,10578,10579,10578,1
2019-06-19 17:41:47.745,10578,10579,10579,1
2019-06-19 17:41:51.777,10578,10579,10579,2
2019-06-19 17:42:03.793,10579,10580,10580,1
2019-06-19 17:42:16.768,10579,10580,10580,1
2019-06-19 17:42:17.000,10579,10580,10579,8
2019-06-19 17:42:17.833,10578,10579,10579,2
2019-06-19 17:43:11.850,10579,10580,10579,3
2019-06-19 17:43:21.943,10579,10580,10580,1
2019-06-19 17:43:31.345,10579,10580,10580,1
2019-06-19 17:43:31.354,10579,10580,10580,1
2019-06-19 17:43:32.248,10579,10580,10580,1
2019-06-19 17:43:37.550,10579,10580,10580,1
2019-06-19 17:43:40.518,10579,10580,10580,1
2019-06-19 17:44:00.373,10579,10580,10579,1
2019-06-19 17:45:26.845,10579,10580,10579,1
2019-06-19 17:45:43.627,10579,10580,10580,1
2019-06-19 17:45:50.520,10579,10580,10579,10
2019-06-19 17:45:56.599,10579,10580,10580,1
2019-06-19 17:46:13.717,10579,10580,10579,1
2019-06-19 17:46:58.310,10579,10580,10580,1
2019-06-19 17:46:58.311,10579,10580,10580,1
2019-06-19 17:46:58.320,10579,10580,10580,1
2019-06-19 17:46:58.320,10579,10580,10580,1
2019-06-19 17:47:10.812,10579,10580,10580,1
2019-06-19 17:47:10.820,10579,10580,10580,1
2019-06-19 17:47:19.585,10579,10580,10580,1
2019-06-19 17:47:19.596,10579,10580,10580,1
2019-06-19 17:47:29.927,10579,10580,10580,1
2019-06-19 17:47:29.945,10579,10580,10580,9
2019-06-19 17:47:30.070,10579,10580,10580,2
2019-06-19 17:47:30.070,10579,10580,10580,13
2019-06-19 17:47:30.070,10579,10580,10580,2
2019-06-19 17:47:30.070,10579,10580,10580,1
2019-06-19 17:47:30.070,10579,10580,10580,2
2019-06-19 17:47:30.070,10579,10580,10580,7
2019-06-19 17:47:30.195,10579,10580,10580,1
2019-06-19 17:47:30.195,10579,10580,10580,2
2019-06-19 17:47:30.195,10579,10580,10580,2
2019-06-19 17:47:41.624,10580,10581,10581,2
2019-06-19 17:47:46.529,10580,10581,10580,1
2019-06-19 17:47:48.106,10580,10581,10581,27
2019-06-19 17:47:48.204,10580,10581,10581,2
2019-06-19 17:48:04.319,10581,10582,10581,1
2019-06-19 17:48:17.079,10580,10581,10581,1
2019-06-19 17:48:18.171,10581,10582,10582,1
2019-06-19 17:48:19.771,10581,10582,10582,1
2019-06-19 17:48:28.959,10581,10582,10581,1
2019-06-19 17:48:29.419,10580,10581,10580,2
2019-06-19 17:48:38.199,10580,10581,10581,1
2019-06-19 17:48:38.680,10580,10581,10581,1
2019-06-19 17:48:38.684,10580,10581,10581,4
2019-06-19 17:48:47.545,10581,10582,10581,1
2019-06-19 17:49:12.062,10581,10582,10581,1
2019-06-19 17:49:19.355,10581,10582,10581,1
2019-06-19 17:49:23.333,10581,10582,10582,1
2019-06-19 17:49:49.058,10581,10582,10582,5
2019-06-19 17:49:53.955,10581,10582,10582,1
2019-06-19 17:49:57.141,10581,10582,10582,1
2019-06-19 17:50:01.577,10581,10582,10582,1
2019-06-19 17:50:05.519,10581,10582,10582,1
2019-06-19 17:50:06.480,10581,10582,10582,1
2019-06-19 17:50:08.306,10581,10582,10582,1
2019-06-19 17:50:09.318,10581,10582,10582,4
2019-06-19 17:50:13.742,10581,10582,10582,2
2019-06-19 17:50:14.232,10581,10582,10582,1
2019-06-19 17:50:18.044,10581,10582,10582,1
2019-06-19 17:50:25.921,10581,10582,10582,1
2019-06-19 17:50:31.257,10581,10582,10582,4
2019-06-19 17:51:09.678,10581,10582,10581,1
2019-06-19 17:51:21.323,10581,10582,10581,1
2019-06-19 17:51:24.971,10581,10582,10581,1
2019-06-19 17:51:25.070,10581,10582,10581,1
2019-06-19 17:51:25.071,10581,10582,10581,1
2019-06-19 17:51:26.190,10581,10582,10581,3
2019-06-19 17:51:26.772,10581,10582,10581,1
2019-06-19 17:51:26.856,10581,10582,10581,1
2019-06-19 17:51:27.500,10580,10581,10581,1
2019-06-19 17:51:29.183,10580,10581,10580,1
2019-06-19 17:51:29.184,10580,10581,10580,2
2019-06-19 17:51:29.184,10580,10581,10580,3
2019-06-19 17:51:30.654,10580,10581,10581,1
2019-06-19 17:52:00.293,10580,10581,10580,20
2019-06-19 17:52:05.258,10579,10581,10579,1
2019-06-19 17:52:15.494,10579,10580,10580,1
2019-06-19 17:52:25.456,10579,10580,10580,1
2019-06-19 17:52:25.457,10579,10580,10580,1
2019-06-19 17:53:00.186,10580,10581,10580,2
2019-06-19 17:53:07.042,10579,10580,10579,1
2019-06-19 17:53:07.061,10579,10580,10579,1
2019-06-19 17:53:07.158,10579,10580,10579,1
2019-06-19 17:53:07.219,10579,10580,10579,1
2019-06-19 17:53:11.463,10579,10580,10579,18
2019-06-19 17:53:19.206,10578,10579,10578,20
2019-06-19 17:53:19.774,10578,10579,10579,1
2019-06-19 17:53:43.376,10578,10579,10579,1
2019-06-19 17:54:07.065,10578,10579,10579,1
2019-06-19 17:54:43.735,10578,10579,10579,3
2019-06-19 17:55:01.487,10578,10579,10579,1
2019-06-19 17:55:02.978,10578,10579,10579,4
2019-06-19 17:55:03.086,10579,10580,10580,3
2019-06-19 17:55:09.072,10579,10580,10579,1
2019-06-19 17:55:19.045,10578,10579,10579,3
2019-06-19 17:55:27.668,10579,10580,10580,3
2019-06-19 17:55:42.884,10579,10580,10580,1
2019-06-19 17:55:50.207,10579,10580,10580,5
2019-06-19 17:55:50.457,10579,10580,10580,5
2019-06-19 17:56:20.108,10579,10580,10580,1
2019-06-19 17:56:26.848,10579,10580,10580,1
2019-06-19 17:56:57.618,10579,10580,10580,1
2019-06-19 17:57:36.895,10579,10580,10580,1
2019-06-19 17:57:37.095,10579,10580,10580,1
2019-06-19 17:58:04.888,10579,10580,10580,2
2019-06-19 17:58:22.825,10579,10580,10580,1
2019-06-19 17:58:57.759,10579,10580,10579,1
2019-06-19 17:59:16.022,10579,10580,10580,1
2019-06-19 17:59:23.045,10579,10580,10580,1
2019-06-19 17:59:23.344,10579,10580,10580,1
2019-06-19 17:59:29.371,10579,10580,10580,1
2019-06-19 17:59:37.785,10579,10580,10580,1
2019-06-19 17:59:45.796,10579,10580,10580,1
2019-06-19 18:00:00.896,10579,10580,10580,1
2019-06-19 18:00:01.071,10579,10580,10580,1
2019-06-19 18:00:01.632,10579,10580,10580,1
2019-06-19 18:00:06.695,10579,10580,10580,2
2019-06-19 18:00:06.837,10579,10580,10580,7
2019-06-19 18:00:06.945,10579,10580,10580,1
2019-06-19 18:00:06.945,10579,10580,10580,1
2019-06-19 18:00:07.072,10579,10580,10580,1
2019-06-19 18:00:07.195,10579,10580,10580,2
2019-06-19 18:00:15.614,10580,10581,10581,1
2019-06-19 18:00:15.614,10580,10581,10581,1
2019-06-19 18:00:15.728,10580,10581,10581,1
2019-06-19 18:00:15.763,10580,10581,10581,1
