2024-05-22 15:00:00.021,21583,21584,21576,62,-62
2024-05-22 15:00:00.023,21576,21577,21577,1,1
2024-05-22 15:00:00.035,21576,21577,21579,1,1
2024-05-22 15:00:00.035,21576,21577,21579,1,1
2024-05-22 15:00:00.035,21576,21577,21579,1,1
2024-05-22 15:00:00.035,21576,21577,21579,1,1
2024-05-22 15:00:00.035,21576,21577,21579,1,1
2024-05-22 15:00:00.041,21576,21577,21579,1,1
2024-05-22 15:00:00.049,21576,21580,21576,2,-2
2024-05-22 15:00:00.056,21576,21580,21580,1,1
2024-05-22 15:00:00.061,21576,21580,21577,1,-1
2024-05-22 15:00:00.061,21576,21580,21576,4,-4
2024-05-22 15:00:00.080,21576,21577,21577,1,1
2024-05-22 15:00:00.137,21577,21579,21579,1,1
2024-05-22 15:00:00.266,21577,21580,21580,2,2
2024-05-22 15:00:00.267,21577,21580,21580,7,7
2024-05-22 15:00:00.287,21577,21580,21581,1,1
2024-05-22 15:00:00.293,21577,21580,21581,2,2
2024-05-22 15:00:00.293,21577,21580,21582,1,1
2024-05-22 15:00:00.294,21577,21580,21582,1,1
2024-05-22 15:00:00.307,21577,21580,21581,1,1
2024-05-22 15:00:00.309,21577,21580,21582,1,1
2024-05-22 15:00:00.315,21577,21580,21579,1,1
2024-05-22 15:00:00.435,21579,21582,21579,1,-1
2024-05-22 15:00:00.482,21577,21579,21577,1,-1
2024-05-22 15:00:00.489,21577,21579,21579,1,1
2024-05-22 15:00:00.491,21577,21579,21577,3,-3
2024-05-22 15:00:00.501,21577,21579,21579,1,1
2024-05-22 15:00:00.523,21577,21579,21577,1,-1
2024-05-22 15:00:00.527,21577,21579,21577,1,-1
2024-05-22 15:00:00.527,21577,21579,21576,2,-2
2024-05-22 15:00:00.608,21576,21578,21578,1,1
2024-05-22 15:00:00.666,21576,21578,21580,1,1
2024-05-22 15:00:00.712,21576,21578,21577,2,2
2024-05-22 15:00:00.715,21576,21578,21579,1,1
2024-05-22 15:00:00.715,21576,21578,21580,1,1
2024-05-22 15:00:00.725,21576,21578,21579,1,1
2024-05-22 15:00:00.745,21577,21580,21580,1,1
2024-05-22 15:00:00.788,21577,21580,21580,2,2
2024-05-22 15:00:00.788,21577,21580,21581,3,3
2024-05-22 15:00:00.789,21577,21580,21580,1,1
2024-05-22 15:00:00.789,21577,21580,21581,2,2
2024-05-22 15:00:00.814,21577,21580,21580,1,1
2024-05-22 15:00:00.928,21578,21581,21580,1,1
2024-05-22 15:00:00.929,21578,21581,21581,1,1
2024-05-22 15:00:00.951,21578,21581,21578,1,-1
2024-05-22 15:00:00.959,21578,21581,21577,1,-1
2024-05-22 15:00:00.959,21578,21581,21578,1,-1
2024-05-22 15:00:00.966,21578,21581,21577,1,-1
2024-05-22 15:00:00.967,21578,21581,21576,2,-2
2024-05-22 15:00:00.969,21578,21581,21576,1,-1
2024-05-22 15:00:00.976,21578,21581,21576,1,-1
2024-05-22 15:00:00.984,21576,21580,21580,2,2
2024-05-22 15:00:00.984,21576,21580,21581,1,1
2024-05-22 15:00:01.029,21576,21580,21581,2,2
2024-05-22 15:00:01.036,21576,21580,21578,1,1
2024-05-22 15:00:01.044,21576,21580,21578,1,1
2024-05-22 15:00:01.058,21576,21580,21580,1,1
2024-05-22 15:00:01.069,21576,21580,21581,1,1
2024-05-22 15:00:01.078,21576,21580,21581,3,3
2024-05-22 15:00:01.114,21579,21581,21581,1,1
2024-05-22 15:00:01.122,21579,21581,21579,1,-1
2024-05-22 15:00:01.131,21579,21581,21582,3,3
2024-05-22 15:00:01.170,21579,21581,21579,2,-2
2024-05-22 15:00:01.178,21579,21581,21581,1,1
2024-05-22 15:00:01.179,21579,21581,21582,1,1
2024-05-22 15:00:01.181,21579,21581,21582,2,2
2024-05-22 15:00:01.191,21579,21581,21582,1,1
2024-05-22 15:00:01.201,21579,21581,21582,1,1
2024-05-22 15:00:01.210,21579,21581,21581,1,1
2024-05-22 15:00:01.304,21579,21581,21582,3,3
2024-05-22 15:00:01.336,21579,21581,21583,2,2
2024-05-22 15:00:01.365,21581,21583,21583,1,1
2024-05-22 15:00:01.375,21581,21583,21581,2,-2
2024-05-22 15:00:01.392,21581,21583,21579,3,-3
2024-05-22 15:00:01.559,21578,21580,21577,1,-1
2024-05-22 15:00:01.593,21578,21580,21580,1,1
2024-05-22 15:00:01.599,21578,21580,21580,1,1
2024-05-22 15:00:01.637,21577,21580,21578,3,-3
2024-05-22 15:00:01.673,21577,21580,21580,2,2
2024-05-22 15:00:01.754,21577,21580,21580,3,3
2024-05-22 15:00:01.919,21577,21580,21580,1,1
2024-05-22 15:00:01.953,21577,21580,21580,1,1
2024-05-22 15:00:02.113,21579,21580,21579,1,-1
2024-05-22 15:00:02.141,21579,21580,21579,1,-1
2024-05-22 15:00:02.493,21578,21580,21580,2,2
2024-05-22 15:00:02.493,21578,21580,21580,1,1
2024-05-22 15:00:02.493,21578,21580,21580,1,1
2024-05-22 15:00:02.494,21578,21580,21581,1,1
2024-05-22 15:00:02.495,21578,21580,21581,1,1
2024-05-22 15:00:02.654,21578,21580,21581,1,1
2024-05-22 15:00:02.696,21578,21580,21582,1,1
2024-05-22 15:00:02.879,21579,21581,21581,1,1
2024-05-22 15:00:03.397,21578,21581,21578,4,-4
2024-05-22 15:00:03.632,21577,21580,21577,3,-3
2024-05-22 15:00:04.756,21577,21579,21577,1,-1
2024-05-22 15:00:06.275,21576,21578,21576,2,-2
2024-05-22 15:00:06.431,21575,21578,21577,1,1
2024-05-22 15:00:06.627,21575,21578,21578,1,1
2024-05-22 15:00:07.774,21575,21578,21578,1,1
2024-05-22 15:00:07.816,21575,21578,21576,5,-5
2024-05-22 15:00:09.638,21576,21578,21578,1,1
2024-05-22 15:00:10.081,21576,21578,21576,2,-2
2024-05-22 15:00:10.706,21576,21578,21576,1,-1
2024-05-22 15:00:11.131,21576,21577,21576,1,-1
2024-05-22 15:00:11.379,21575,21577,21575,10,-10
2024-05-22 15:00:11.518,21574,21576,21574,2,-2
2024-05-22 15:00:11.518,21574,21576,21574,3,-3
2024-05-22 15:00:13.008,21573,21574,21574,2,2
2024-05-22 15:00:13.008,21573,21574,21575,2,2
2024-05-22 15:00:13.046,21573,21574,21574,1,1
2024-05-22 15:00:13.135,21574,21575,21574,1,-1
2024-05-22 15:00:13.461,21573,21575,21575,1,1
2024-05-22 15:00:15.252,21574,21575,21575,1,1
2024-05-22 15:00:16.280,21574,21575,21574,5,-5
2024-05-22 15:00:16.337,21574,21575,21573,1,-1
2024-05-22 15:00:16.461,21573,21575,21573,1,-1
2024-05-22 15:00:16.465,21573,21575,21573,1,-1
2024-05-22 15:00:16.674,21573,21575,21573,8,-8
2024-05-22 15:00:16.675,21573,21575,21572,1,-1
2024-05-22 15:00:16.675,21573,21575,21572,2,-2
2024-05-22 15:00:16.675,21573,21575,21572,1,-1
2024-05-22 15:00:16.675,21573,21575,21572,2,-2
2024-05-22 15:00:16.675,21573,21575,21572,2,-2
2024-05-22 15:00:16.675,21573,21575,21572,1,-1
2024-05-22 15:00:16.821,21571,21573,21571,1,-1
2024-05-22 15:00:16.832,21571,21573,21571,2,-2
2024-05-22 15:00:16.839,21571,21573,21571,1,-1
2024-05-22 15:00:16.864,21571,21573,21571,1,-1
2024-05-22 15:00:16.911,21571,21573,21570,1,-1
2024-05-22 15:00:17.048,21570,21572,21570,1,-1
2024-05-22 15:00:17.073,21570,21572,21570,1,-1
2024-05-22 15:00:17.114,21570,21572,21570,1,-1
2024-05-22 15:00:17.114,21570,21572,21570,5,-5
2024-05-22 15:00:17.186,21570,21572,21569,1,-1
2024-05-22 15:00:17.220,21570,21572,21569,1,-1
2024-05-22 15:00:17.273,21569,21571,21569,1,-1
2024-05-22 15:00:18.187,21567,21570,21570,1,1
2024-05-22 15:00:18.438,21568,21570,21570,1,1
2024-05-22 15:00:19.012,21569,21570,21570,1,1
2024-05-22 15:00:19.209,21569,21570,21570,1,1
2024-05-22 15:00:19.209,21569,21570,21570,3,3
2024-05-22 15:00:19.514,21569,21571,21569,4,-4
2024-05-22 15:00:20.054,21569,21571,21569,1,-1
2024-05-22 15:00:20.476,21569,21570,21570,1,1
2024-05-22 15:00:20.545,21568,21570,21570,1,1
2024-05-22 15:00:20.904,21569,21571,21569,1,-1
2024-05-22 15:00:21.245,21569,21571,21569,1,-1
2024-05-22 15:00:22.669,21569,21571,21571,1,1
2024-05-22 15:00:22.882,21569,21571,21571,3,3
2024-05-22 15:00:22.883,21569,21571,21571,1,1
2024-05-22 15:00:23.699,21570,21573,21573,1,1
2024-05-22 15:00:26.008,21569,21571,21569,3,-3
2024-05-22 15:00:26.643,21568,21570,21570,2,2
2024-05-22 15:00:31.683,21569,21570,21569,2,-2
2024-05-22 15:00:31.733,21568,21570,21568,2,-2
2024-05-22 15:00:31.733,21568,21570,21568,1,-1
2024-05-22 15:00:31.734,21568,21570,21568,1,-1
2024-05-22 15:00:31.734,21568,21570,21568,2,-2
2024-05-22 15:00:31.958,21567,21569,21568,1,-1
2024-05-22 15:00:32.089,21568,21569,21569,1,1
2024-05-22 15:00:32.256,21568,21569,21568,2,-2
2024-05-22 15:00:32.354,21568,21569,21569,2,2
2024-05-22 15:00:32.785,21567,21569,21569,1,1
2024-05-22 15:00:32.823,21567,21569,21567,2,-2
2024-05-22 15:00:33.091,21567,21569,21567,1,-1
2024-05-22 15:00:34.638,21567,21568,21567,2,-2
2024-05-22 15:00:34.639,21567,21568,21566,4,-4
2024-05-22 15:00:34.762,21565,21567,21565,1,-1
2024-05-22 15:00:34.762,21565,21567,21565,1,-1
2024-05-22 15:00:34.797,21565,21567,21565,1,-1
2024-05-22 15:00:34.888,21565,21566,21566,2,2
2024-05-22 15:00:34.920,21565,21566,21566,1,1
2024-05-22 15:00:34.953,21565,21566,21565,2,-2
2024-05-22 15:00:36.017,21565,21567,21565,3,-3
2024-05-22 15:00:36.104,21565,21567,21565,2,-2
2024-05-22 15:00:36.515,21565,21567,21565,3,-3
2024-05-22 15:00:37.452,21565,21567,21567,2,2
2024-05-22 15:00:37.452,21565,21567,21567,3,3
2024-05-22 15:00:37.491,21567,21568,21567,1,-1
2024-05-22 15:00:38.737,21566,21568,21566,1,-1
2024-05-22 15:00:40.055,21566,21568,21568,1,1
2024-05-22 15:00:40.055,21566,21568,21568,3,3
2024-05-22 15:00:40.055,21566,21568,21568,2,2
2024-05-22 15:00:40.055,21566,21568,21568,1,1
2024-05-22 15:00:40.055,21566,21568,21569,7,7
2024-05-22 15:00:40.192,21568,21569,21568,5,-5
2024-05-22 15:00:40.192,21568,21569,21567,1,-1
2024-05-22 15:00:40.323,21567,21569,21568,1,-1
2024-05-22 15:00:40.404,21568,21569,21569,1,1
2024-05-22 15:00:40.736,21568,21569,21568,1,-1
2024-05-22 15:00:41.465,21568,21569,21569,1,1
2024-05-22 15:00:41.465,21568,21569,21569,2,2
2024-05-22 15:00:41.466,21568,21569,21569,1,1
2024-05-22 15:00:41.466,21568,21569,21569,2,2
2024-05-22 15:00:41.638,21569,21570,21569,1,-1
2024-05-22 15:00:42.009,21568,21570,21570,1,1
2024-05-22 15:00:42.264,21569,21570,21569,1,-1
2024-05-22 15:00:43.232,21569,21570,21570,1,1
2024-05-22 15:00:43.569,21569,21570,21569,1,-1
2024-05-22 15:00:44.699,21569,21570,21570,1,1
2024-05-22 15:00:44.983,21569,21570,21570,1,1
2024-05-22 15:00:49.105,21569,21570,21569,1,-1
2024-05-22 15:00:49.301,21569,21570,21569,4,-4
2024-05-22 15:00:49.655,21567,21568,21567,2,-2
2024-05-22 15:00:50.014,21567,21568,21566,5,-5
2024-05-22 15:00:50.540,21565,21566,21566,1,1
2024-05-22 15:00:52.708,21565,21566,21566,1,1
2024-05-22 15:00:52.728,21565,21566,21565,6,-6
2024-05-22 15:00:52.728,21565,21566,21565,1,-1
2024-05-22 15:00:52.728,21565,21566,21565,6,-6
2024-05-22 15:00:52.729,21565,21566,21565,1,-1
2024-05-22 15:00:52.764,21565,21566,21564,2,-2
2024-05-22 15:00:52.909,21563,21566,21563,1,-1
2024-05-22 15:00:52.983,21563,21565,21563,1,-1
2024-05-22 15:00:52.995,21563,21565,21563,1,-1
2024-05-22 15:00:53.043,21563,21565,21563,1,-1
2024-05-22 15:00:53.069,21563,21565,21563,1,-1
2024-05-22 15:00:53.152,21563,21565,21563,2,-2
2024-05-22 15:00:53.235,21563,21564,21563,3,-3
2024-05-22 15:00:53.235,21563,21564,21562,1,-1
2024-05-22 15:00:53.409,21561,21563,21563,1,1
2024-05-22 15:00:53.454,21561,21563,21561,1,-1
2024-05-22 15:00:53.709,21561,21563,21561,4,-4
2024-05-22 15:00:53.777,21560,21563,21560,1,-1
2024-05-22 15:00:53.779,21560,21563,21560,1,-1
2024-05-22 15:00:53.792,21560,21563,21560,1,-1
2024-05-22 15:00:53.894,21560,21563,21560,1,-1
2024-05-22 15:00:53.936,21560,21563,21560,3,-3
2024-05-22 15:00:54.010,21560,21563,21563,1,1
2024-05-22 15:00:54.058,21560,21563,21560,1,-1
2024-05-22 15:00:54.495,21562,21564,21564,1,1
2024-05-22 15:00:54.675,21562,21564,21562,6,-6
2024-05-22 15:00:54.705,21562,21564,21561,2,-2
2024-05-22 15:00:54.711,21562,21564,21561,1,-1
2024-05-22 15:00:54.711,21562,21564,21560,1,-1
2024-05-22 15:00:54.716,21562,21564,21560,2,-2
2024-05-22 15:00:56.109,21560,21562,21560,13,-13
2024-05-22 15:00:56.110,21560,21562,21560,1,-1
2024-05-22 15:00:56.110,21560,21562,21561,7,-7
2024-05-22 15:00:56.110,21560,21562,21562,6,6
2024-05-22 15:00:56.110,21560,21562,21563,1,1
2024-05-22 15:00:56.111,21560,21562,21560,1,-1
2024-05-22 15:00:56.111,21560,21562,21560,1,-1
2024-05-22 15:00:56.202,21560,21562,21560,2,-2
2024-05-22 15:00:56.730,21560,21562,21560,1,-1
2024-05-22 15:00:56.804,21560,21562,21562,1,1
2024-05-22 15:00:56.958,21560,21562,21561,1,1
2024-05-22 15:00:57.817,21559,21562,21562,1,1
2024-05-22 15:00:57.858,21560,21562,21560,1,-1
2024-05-22 15:00:57.858,21560,21562,21560,1,-1
2024-05-22 15:00:57.863,21560,21562,21559,1,-1
2024-05-22 15:00:58.233,21559,21562,21562,1,1
2024-05-22 15:00:58.415,21559,21562,21559,2,-2
2024-05-22 15:00:58.518,21559,21562,21559,1,-1
2024-05-22 15:00:58.678,21559,21561,21558,1,-1
2024-05-22 15:00:58.693,21559,21561,21558,1,-1
2024-05-22 15:00:58.777,21558,21560,21558,2,-2
2024-05-22 15:00:58.787,21558,21560,21558,1,-1
2024-05-22 15:00:58.788,21558,21560,21558,1,-1
2024-05-22 15:00:58.902,21558,21559,21558,1,-1
2024-05-22 15:00:59.385,21558,21559,21559,1,1
2024-05-22 15:00:59.875,21558,21559,21559,1,1
2024-05-22 15:00:59.887,21558,21559,21559,1,1
2024-05-22 15:00:59.888,21558,21559,21559,1,1
2024-05-22 15:01:00.042,21559,21561,21559,1,-1
2024-05-22 15:01:00.137,21558,21560,21560,1,1
2024-05-22 15:01:00.255,21559,21560,21559,1,-1
2024-05-22 15:01:00.375,21559,21560,21559,3,-3
2024-05-22 15:01:00.518,21558,21560,21558,1,-1
2024-05-22 15:01:00.586,21558,21560,21558,1,-1
2024-05-22 15:01:01.512,21558,21559,21559,1,1
2024-05-22 15:01:01.639,21558,21559,21558,5,-5
2024-05-22 15:01:01.639,21558,21559,21558,1,-1
2024-05-22 15:01:01.640,21558,21559,21558,2,-2
2024-05-22 15:01:01.640,21558,21559,21558,1,-1
2024-05-22 15:01:01.640,21558,21559,21558,1,-1
2024-05-22 15:01:01.640,21558,21559,21558,3,-3
2024-05-22 15:01:01.640,21558,21559,21558,4,-4
2024-05-22 15:01:01.883,21556,21558,21558,1,1
2024-05-22 15:01:01.884,21556,21558,21559,2,2
2024-05-22 15:01:02.132,21558,21560,21560,2,2
2024-05-22 15:01:02.133,21558,21560,21560,2,2
2024-05-22 15:01:02.318,21559,21562,21559,4,-4
2024-05-22 15:01:02.889,21559,21560,21560,1,1
2024-05-22 15:01:03.523,21561,21563,21561,2,-2
2024-05-22 15:01:03.523,21561,21563,21560,1,-1
2024-05-22 15:01:03.755,21561,21563,21563,1,1
2024-05-22 15:01:03.887,21561,21563,21561,5,-5
2024-05-22 15:01:03.888,21561,21563,21561,1,-1
2024-05-22 15:01:04.327,21561,21563,21561,1,-1
2024-05-22 15:01:04.798,21562,21563,21562,2,-2
2024-05-22 15:01:04.948,21562,21563,21563,1,1
2024-05-22 15:01:04.948,21562,21563,21563,1,1
2024-05-22 15:01:05.236,21563,21565,21563,1,-1
2024-05-22 15:01:07.804,21562,21564,21562,9,-9
2024-05-22 15:01:07.804,21562,21564,21561,11,-11
2024-05-22 15:01:07.859,21560,21562,21562,2,2
2024-05-22 15:01:07.931,21560,21562,21560,4,-4
2024-05-22 15:01:08.475,21559,21561,21561,1,1
2024-05-22 15:01:08.482,21559,21561,21559,1,-1
2024-05-22 15:01:12.397,21560,21561,21560,1,-1
2024-05-22 15:01:13.226,21560,21561,21561,1,1
2024-05-22 15:01:13.226,21560,21561,21561,1,1
2024-05-22 15:01:13.226,21560,21561,21561,1,1
2024-05-22 15:01:14.484,21560,21563,21560,5,-5
2024-05-22 15:01:14.699,21559,21562,21560,1,-1
2024-05-22 15:01:14.699,21559,21562,21559,1,-1
2024-05-22 15:01:15.283,21560,21561,21560,1,-1
2024-05-22 15:01:16.553,21560,21561,21560,1,-1
2024-05-22 15:01:17.210,21559,21561,21561,1,1
2024-05-22 15:01:18.119,21559,21560,21560,1,1
2024-05-22 15:01:18.233,21559,21560,21559,1,-1
2024-05-22 15:01:18.233,21559,21560,21559,1,-1
2024-05-22 15:01:18.811,21559,21560,21560,1,1
2024-05-22 15:01:19.972,21559,21560,21560,1,1
2024-05-22 15:01:20.005,21559,21560,21559,1,-1
2024-05-22 15:01:20.203,21559,21560,21559,7,-7
2024-05-22 15:01:21.936,21559,21560,21560,1,1
2024-05-22 15:01:22.806,21559,21561,21559,1,-1
2024-05-22 15:01:23.911,21560,21561,21561,1,1
2024-05-22 15:01:25.164,21560,21561,21561,2,2
2024-05-22 15:01:25.190,21560,21561,21561,1,1
2024-05-22 15:01:25.519,21560,21562,21560,3,-3
2024-05-22 15:01:26.721,21560,21562,21560,3,-3
2024-05-22 15:01:28.115,21560,21562,21560,3,-3
2024-05-22 15:01:28.166,21560,21562,21560,3,-3
2024-05-22 15:01:30.426,21560,21562,21562,1,1
2024-05-22 15:01:31.348,21561,21562,21562,1,1
2024-05-22 15:01:34.479,21561,21562,21562,1,1
2024-05-22 15:01:34.480,21561,21563,21563,1,1
2024-05-22 15:01:35.694,21562,21565,21565,2,2
2024-05-22 15:01:35.795,21563,21565,21565,2,2
2024-05-22 15:01:37.085,21565,21566,21565,1,-1
2024-05-22 15:01:37.180,21564,21566,21565,1,-1
2024-05-22 15:01:37.453,21564,21566,21566,1,1
2024-05-22 15:01:37.504,21564,21566,21566,1,1
2024-05-22 15:01:37.728,21564,21566,21566,1,1
2024-05-22 15:01:38.740,21565,21566,21566,1,1
2024-05-22 15:01:38.834,21565,21566,21566,1,1
2024-05-22 15:01:40.185,21565,21566,21565,4,-4
2024-05-22 15:01:40.312,21564,21565,21567,2,2
2024-05-22 15:01:40.312,21564,21565,21566,6,6
2024-05-22 15:01:40.312,21564,21565,21565,2,2
2024-05-22 15:01:40.391,21565,21567,21565,1,-1
2024-05-22 15:01:40.392,21565,21567,21564,4,-4
2024-05-22 15:01:41.631,21564,21565,21565,4,4
2024-05-22 15:01:41.747,21564,21565,21566,1,1
2024-05-22 15:01:41.931,21564,21566,21566,1,1
2024-05-22 15:01:41.977,21564,21566,21566,4,4
2024-05-22 15:01:42.051,21564,21566,21566,2,2
2024-05-22 15:01:45.251,21565,21566,21566,1,1
2024-05-22 15:01:46.318,21565,21566,21566,1,1
2024-05-22 15:01:47.251,21565,21566,21566,2,2
2024-05-22 15:01:47.834,21565,21566,21566,1,1
2024-05-22 15:01:47.834,21565,21566,21567,1,1
2024-05-22 15:01:48.943,21565,21567,21567,1,1
2024-05-22 15:01:49.000,21565,21567,21566,1,1
2024-05-22 15:01:49.469,21565,21566,21565,2,-2
2024-05-22 15:01:49.636,21565,21566,21565,2,-2
2024-05-22 15:01:51.586,21565,21566,21566,2,2
2024-05-22 15:01:52.547,21565,21566,21565,1,-1
2024-05-22 15:01:53.023,21564,21565,21565,3,3
2024-05-22 15:01:53.023,21564,21565,21566,9,9
2024-05-22 15:01:53.023,21564,21565,21567,3,3
2024-05-22 15:01:55.535,21565,21567,21567,1,1
2024-05-22 15:01:58.333,21566,21567,21567,1,1
2024-05-22 15:01:58.389,21566,21567,21566,2,-2
2024-05-22 15:01:58.390,21566,21567,21565,3,-3
2024-05-22 15:01:58.393,21566,21567,21564,3,-3
2024-05-22 15:01:58.565,21563,21564,21564,1,1
2024-05-22 15:01:59.468,21563,21564,21564,1,1
2024-05-22 15:01:59.803,21563,21564,21564,1,1
2024-05-22 15:01:59.842,21563,21564,21563,1,-1
2024-05-22 15:02:00.313,21562,21564,21564,1,1
2024-05-22 15:02:00.649,21562,21564,21562,2,-2
2024-05-22 15:02:00.760,21562,21564,21562,3,-3
2024-05-22 15:02:00.760,21562,21564,21561,4,-4
2024-05-22 15:02:01.009,21561,21563,21561,2,-2
2024-05-22 15:02:01.028,21561,21563,21561,1,-1
2024-05-22 15:02:01.108,21561,21563,21561,1,-1
2024-05-22 15:02:01.108,21561,21563,21561,1,-1
2024-05-22 15:02:01.108,21561,21563,21560,1,-1
2024-05-22 15:02:01.434,21560,21562,21560,2,-2
2024-05-22 15:02:01.435,21560,21562,21560,1,-1
2024-05-22 15:02:01.435,21560,21562,21560,1,-1
2024-05-22 15:02:01.435,21560,21562,21560,2,-2
2024-05-22 15:02:01.435,21560,21562,21560,3,-3
2024-05-22 15:02:01.435,21560,21562,21560,1,-1
2024-05-22 15:02:01.435,21560,21562,21560,3,-3
2024-05-22 15:02:01.435,21560,21562,21560,9,-9
2024-05-22 15:02:01.436,21560,21562,21559,2,-2
2024-05-22 15:02:01.438,21560,21562,21558,3,-3
2024-05-22 15:02:01.539,21558,21559,21559,3,3
2024-05-22 15:02:01.539,21558,21559,21560,1,1
2024-05-22 15:02:01.552,21558,21559,21558,8,-8
2024-05-22 15:02:01.773,21558,21560,21558,4,-4
2024-05-22 15:02:01.773,21558,21560,21557,2,-2
2024-05-22 15:02:01.931,21557,21559,21559,1,1
2024-05-22 15:02:01.934,21557,21559,21557,1,-1
2024-05-22 15:02:02.324,21557,21559,21559,1,1
2024-05-22 15:02:02.617,21557,21559,21559,1,1
2024-05-22 15:02:02.781,21558,21560,21558,3,-3
2024-05-22 15:02:03.975,21558,21560,21560,1,1
2024-05-22 15:02:05.388,21559,21560,21559,1,-1
2024-05-22 15:02:06.218,21558,21560,21560,2,2
2024-05-22 15:02:08.568,21558,21560,21560,4,4
2024-05-22 15:02:08.569,21558,21560,21562,1,1
2024-05-22 15:02:08.569,21558,21560,21562,1,1
2024-05-22 15:02:08.569,21558,21560,21561,1,1
2024-05-22 15:02:08.569,21558,21560,21561,2,2
2024-05-22 15:02:08.569,21558,21560,21562,1,1
2024-05-22 15:02:08.570,21558,21560,21562,1,1
2024-05-22 15:02:10.833,21561,21564,21564,2,2
2024-05-22 15:02:14.776,21561,21564,21561,9,-9
2024-05-22 15:02:18.077,21561,21563,21563,4,4
2024-05-22 15:02:26.102,21562,21563,21563,1,1
2024-05-22 15:02:26.109,21562,21563,21562,1,-1
2024-05-22 15:02:26.892,21562,21563,21562,3,-3
2024-05-22 15:02:28.052,21561,21562,21562,1,1
2024-05-22 15:02:30.313,21561,21562,21561,4,-4
2024-05-22 15:02:30.314,21561,21562,21561,1,-1
2024-05-22 15:02:30.314,21561,21562,21561,2,-2
2024-05-22 15:02:30.314,21561,21562,21561,1,-1
2024-05-22 15:02:30.314,21561,21562,21561,1,-1
2024-05-22 15:02:30.602,21560,21561,21561,1,1
2024-05-22 15:02:32.380,21560,21561,21561,1,1
2024-05-22 15:02:32.895,21560,21561,21561,1,1
2024-05-22 15:02:33.951,21560,21561,21561,1,1
2024-05-22 15:02:36.125,21560,21561,21560,3,-3
2024-05-22 15:02:36.490,21560,21561,21561,1,1
2024-05-22 15:02:37.488,21560,21561,21560,3,-3
2024-05-22 15:02:38.302,21560,21561,21561,2,2
2024-05-22 15:02:38.314,21560,21561,21560,1,-1
2024-05-22 15:02:39.050,21560,21561,21560,1,-1
2024-05-22 15:02:40.192,21560,21561,21560,4,-4
2024-05-22 15:02:41.458,21559,21560,21560,4,4
2024-05-22 15:02:43.014,21559,21560,21560,1,1
2024-05-22 15:02:44.075,21559,21560,21560,1,1
2024-05-22 15:02:44.958,21559,21560,21560,1,1
2024-05-22 15:02:44.959,21559,21560,21560,1,1
2024-05-22 15:02:45.319,21559,21560,21560,1,1
2024-05-22 15:02:46.558,21559,21560,21560,1,1
2024-05-22 15:02:46.611,21560,21561,21560,2,-2
2024-05-22 15:02:46.640,21560,21561,21560,1,-1
2024-05-22 15:02:49.657,21560,21561,21560,1,-1
2024-05-22 15:02:50.590,21560,21561,21560,2,-2
2024-05-22 15:02:53.787,21559,21561,21559,10,-10
2024-05-22 15:02:53.788,21559,21561,21559,3,-3
2024-05-22 15:02:53.788,21559,21561,21559,1,-1
2024-05-22 15:02:53.788,21559,21561,21559,1,-1
2024-05-22 15:02:55.699,21560,21561,21560,1,-1
2024-05-22 15:02:55.699,21560,21561,21559,8,-8
2024-05-22 15:02:56.062,21558,21559,21559,1,1
2024-05-22 15:02:57.012,21558,21559,21559,5,5
2024-05-22 15:02:57.711,21559,21561,21559,1,-1
2024-05-22 15:02:58.180,21558,21561,21558,1,-1
2024-05-22 15:02:58.636,21558,21561,21558,1,-1
2024-05-22 15:03:00.486,21559,21560,21560,2,2
2024-05-22 15:03:01.100,21559,21561,21559,2,-2
2024-05-22 15:03:02.385,21560,21561,21560,1,-1
2024-05-22 15:03:02.704,21560,21561,21561,1,1
2024-05-22 15:03:02.704,21560,21561,21561,1,1
2024-05-22 15:03:03.320,21561,21562,21561,1,-1
2024-05-22 15:03:03.607,21560,21562,21560,2,-2
2024-05-22 15:03:04.344,21560,21562,21560,6,-6
2024-05-22 15:03:04.344,21560,21562,21559,9,-9
2024-05-22 15:03:05.046,21559,21561,21559,1,-1
2024-05-22 15:03:05.465,21558,21561,21561,1,1
2024-05-22 15:03:05.576,21558,21561,21558,15,-15
2024-05-22 15:03:06.752,21558,21559,21559,2,2
2024-05-22 15:03:06.874,21558,21559,21558,2,-2
2024-05-22 15:03:06.874,21558,21559,21557,10,-10
2024-05-22 15:03:06.876,21558,21559,21556,5,-5
2024-05-22 15:03:06.877,21558,21559,21555,7,-7
2024-05-22 15:03:06.878,21558,21559,21555,4,-4
2024-05-22 15:03:06.878,21558,21559,21555,2,-2
2024-05-22 15:03:07.068,21554,21555,21554,1,-1
2024-05-22 15:03:07.078,21554,21555,21554,1,-1
2024-05-22 15:03:07.130,21554,21555,21555,1,1
2024-05-22 15:03:07.228,21554,21555,21555,1,1
2024-05-22 15:03:07.419,21555,21556,21555,1,-1
2024-05-22 15:03:07.645,21554,21557,21554,1,-1
2024-05-22 15:03:08.198,21554,21556,21554,5,-5
2024-05-22 15:03:09.297,21555,21557,21555,2,-2
2024-05-22 15:03:09.421,21554,21557,21554,1,-1
2024-05-22 15:03:10.277,21554,21557,21557,1,1
2024-05-22 15:03:10.306,21554,21557,21557,4,4
2024-05-22 15:03:10.931,21555,21557,21557,1,1
2024-05-22 15:03:11.922,21556,21558,21558,1,1
2024-05-22 15:03:12.751,21557,21558,21558,1,1
2024-05-22 15:03:17.722,21558,21560,21558,10,-10
2024-05-22 15:03:17.723,21558,21560,21558,5,-5
2024-05-22 15:03:18.751,21558,21560,21560,1,1
2024-05-22 15:03:20.189,21559,21560,21559,1,-1
2024-05-22 15:03:20.974,21559,21560,21559,4,-4
2024-05-22 15:03:21.167,21558,21560,21558,3,-3
2024-05-22 15:03:21.439,21557,21558,21558,2,2
2024-05-22 15:03:22.336,21557,21558,21558,1,1
2024-05-22 15:03:24.330,21557,21558,21558,1,1
2024-05-22 15:03:24.393,21557,21558,21557,11,-11
2024-05-22 15:03:24.400,21557,21558,21558,1,1
2024-05-22 15:03:26.072,21556,21558,21558,6,6
2024-05-22 15:03:33.648,21557,21558,21558,1,1
2024-05-22 15:03:34.765,21557,21558,21558,9,9
2024-05-22 15:03:40.197,21558,21559,21558,2,-2
2024-05-22 15:03:40.810,21558,21559,21556,4,-4
2024-05-22 15:03:40.810,21558,21559,21557,10,-10
2024-05-22 15:03:40.810,21558,21559,21558,1,-1
2024-05-22 15:03:41.462,21556,21558,21558,1,1
2024-05-22 15:03:44.434,21557,21558,21557,6,-6
2024-05-22 15:03:44.434,21557,21558,21556,9,-9
2024-05-22 15:03:46.647,21557,21558,21558,1,1
2024-05-22 15:03:47.097,21557,21558,21558,1,1
2024-05-22 15:03:50.296,21558,21559,21558,1,-1
2024-05-22 15:03:51.695,21557,21559,21557,5,-5
2024-05-22 15:03:51.695,21557,21559,21556,10,-10
2024-05-22 15:03:53.087,21556,21558,21558,1,1
2024-05-22 15:03:53.285,21557,21559,21557,1,-1
2024-05-22 15:03:55.717,21557,21559,21557,4,-4
2024-05-22 15:03:55.717,21557,21559,21556,10,-10
2024-05-22 15:03:55.718,21557,21559,21556,1,-1
2024-05-22 15:03:57.097,21557,21558,21558,1,1
2024-05-22 15:03:58.135,21557,21558,21555,9,-9
2024-05-22 15:03:58.135,21557,21558,21556,3,-3
2024-05-22 15:03:58.135,21557,21558,21557,3,-3
2024-05-22 15:04:00.195,21556,21557,21556,1,-1
2024-05-22 15:04:00.896,21555,21556,21555,10,-10
2024-05-22 15:04:00.896,21555,21556,21554,5,-5
2024-05-22 15:04:01.181,21554,21555,21555,1,1
2024-05-22 15:04:01.514,21554,21555,21555,2,2
2024-05-22 15:04:01.539,21554,21555,21554,3,-3
2024-05-22 15:04:01.758,21554,21556,21556,1,1
2024-05-22 15:04:02.356,21554,21556,21554,3,-3
2024-05-22 15:04:02.367,21554,21556,21556,1,1
2024-05-22 15:04:02.891,21555,21556,21555,1,-1
2024-05-22 15:04:02.891,21555,21556,21554,4,-4
2024-05-22 15:04:04.631,21554,21556,21556,1,1
2024-05-22 15:04:05.402,21554,21555,21554,4,-4
2024-05-22 15:04:06.812,21553,21555,21555,1,1
2024-05-22 15:04:08.423,21553,21554,21554,1,1
2024-05-22 15:04:09.368,21554,21555,21554,1,-1
2024-05-22 15:04:10.215,21554,21555,21555,1,1
2024-05-22 15:04:10.216,21554,21555,21555,2,2
2024-05-22 15:04:13.407,21554,21556,21554,1,-1
2024-05-22 15:04:16.033,21554,21555,21554,3,-3
2024-05-22 15:04:16.226,21553,21555,21553,15,-15
2024-05-22 15:04:16.227,21553,21555,21553,1,-1
2024-05-22 15:04:16.227,21553,21555,21553,2,-2
2024-05-22 15:04:16.360,21552,21553,21552,1,-1
2024-05-22 15:04:16.368,21552,21553,21552,1,-1
2024-05-22 15:04:16.369,21552,21553,21552,3,-3
2024-05-22 15:04:16.459,21552,21553,21551,1,-1
2024-05-22 15:04:16.547,21551,21552,21551,1,-1
2024-05-22 15:04:16.568,21551,21552,21551,1,-1
2024-05-22 15:04:16.602,21551,21552,21551,1,-1
2024-05-22 15:04:16.628,21551,21552,21551,1,-1
2024-05-22 15:04:16.634,21551,21552,21551,1,-1
2024-05-22 15:04:16.639,21551,21552,21551,1,-1
2024-05-22 15:04:16.640,21551,21552,21551,2,-2
2024-05-22 15:04:16.641,21551,21552,21551,2,-2
2024-05-22 15:04:16.652,21551,21552,21551,13,-13
2024-05-22 15:04:16.652,21551,21552,21551,2,-2
2024-05-22 15:04:16.652,21551,21552,21551,3,-3
2024-05-22 15:04:16.652,21551,21552,21551,1,-1
2024-05-22 15:04:16.652,21551,21552,21551,3,-3
2024-05-22 15:04:16.653,21551,21552,21550,2,-2
2024-05-22 15:04:16.653,21551,21552,21551,1,-1
2024-05-22 15:04:16.653,21551,21552,21551,3,-3
2024-05-22 15:04:16.654,21551,21552,21550,1,-1
2024-05-22 15:04:16.654,21551,21552,21550,2,-2
2024-05-22 15:04:16.759,21550,21551,21550,1,-1
2024-05-22 15:04:16.759,21550,21551,21550,3,-3
2024-05-22 15:04:16.760,21550,21551,21550,4,-4
2024-05-22 15:04:16.760,21550,21551,21550,5,-5
2024-05-22 15:04:16.760,21550,21551,21550,3,-3
2024-05-22 15:04:16.760,21550,21551,21550,2,-2
2024-05-22 15:04:16.760,21550,21551,21550,3,-3
2024-05-22 15:04:16.761,21550,21551,21550,5,-5
2024-05-22 15:04:16.761,21550,21551,21550,17,-17
2024-05-22 15:04:16.761,21550,21551,21550,1,-1
2024-05-22 15:04:16.761,21550,21551,21550,4,-4
2024-05-22 15:04:16.761,21550,21551,21550,1,-1
2024-05-22 15:04:16.795,21550,21551,21549,1,-1
2024-05-22 15:04:16.802,21550,21551,21549,1,-1
2024-05-22 15:04:16.807,21550,21551,21549,1,-1
2024-05-22 15:04:16.901,21549,21551,21549,1,-1
2024-05-22 15:04:16.910,21549,21551,21549,3,-3
2024-05-22 15:04:16.966,21549,21551,21549,1,-1
2024-05-22 15:04:16.967,21549,21551,21549,1,-1
2024-05-22 15:04:17.028,21549,21551,21548,2,-2
2024-05-22 15:04:17.028,21549,21551,21549,1,-1
2024-05-22 15:04:17.028,21549,21551,21548,1,-1
2024-05-22 15:04:17.077,21549,21551,21548,1,-1
2024-05-22 15:04:17.098,21549,21551,21549,1,-1
2024-05-22 15:04:17.102,21549,21551,21549,1,-1
2024-05-22 15:04:17.107,21548,21551,21548,1,-1
2024-05-22 15:04:17.107,21548,21551,21548,1,-1
2024-05-22 15:04:17.110,21548,21551,21548,4,-4
2024-05-22 15:04:17.110,21548,21551,21547,4,-4
2024-05-22 15:04:17.112,21548,21551,21548,1,-1
2024-05-22 15:04:17.114,21548,21551,21548,1,-1
2024-05-22 15:04:17.115,21548,21551,21547,1,-1
2024-05-22 15:04:17.121,21548,21551,21547,1,-1
2024-05-22 15:04:17.170,21548,21551,21547,2,-2
2024-05-22 15:04:17.170,21548,21551,21546,4,-4
2024-05-22 15:04:17.172,21548,21551,21546,1,-1
2024-05-22 15:04:17.177,21548,21551,21546,2,-2
2024-05-22 15:04:17.180,21548,21551,21545,1,-1
2024-05-22 15:04:17.180,21548,21551,21546,5,-5
2024-05-22 15:04:17.190,21548,21551,21545,6,-6
2024-05-22 15:04:17.191,21548,21551,21545,5,-5
2024-05-22 15:04:17.191,21548,21551,21545,3,-3
2024-05-22 15:04:17.191,21548,21551,21545,2,-2
2024-05-22 15:04:17.191,21548,21551,21544,7,-7
2024-05-22 15:04:17.192,21548,21551,21544,2,-2
2024-05-22 15:04:17.192,21548,21551,21543,7,-7
2024-05-22 15:04:17.192,21548,21551,21543,2,-2
2024-05-22 15:04:17.194,21548,21551,21542,2,-2
2024-05-22 15:04:17.232,21542,21543,21542,2,-2
2024-05-22 15:04:17.235,21542,21543,21543,1,1
2024-05-22 15:04:17.249,21542,21543,21543,1,1
2024-05-22 15:04:17.249,21542,21543,21543,1,1
2024-05-22 15:04:17.261,21542,21543,21543,1,1
2024-05-22 15:04:17.269,21542,21543,21542,3,-3
2024-05-22 15:04:17.269,21542,21543,21543,3,3
2024-05-22 15:04:17.331,21542,21543,21544,1,1
2024-05-22 15:04:17.342,21542,21543,21544,1,1
2024-05-22 15:04:17.409,21544,21546,21545,1,1
2024-05-22 15:04:17.439,21544,21546,21545,2,2
2024-05-22 15:04:17.483,21545,21547,21545,2,-2
2024-05-22 15:04:17.511,21545,21547,21545,1,-1
2024-05-22 15:04:17.511,21545,21547,21545,2,-2
2024-05-22 15:04:17.511,21545,21547,21544,1,-1
2024-05-22 15:04:17.564,21545,21547,21545,1,-1
2024-05-22 15:04:21.218,21547,21549,21547,1,-1
2024-05-22 15:04:21.943,21548,21549,21549,1,1
2024-05-22 15:04:22.825,21548,21550,21550,1,1
2024-05-22 15:04:24.953,21550,21551,21550,1,-1
2024-05-22 15:04:25.175,21549,21550,21550,1,1
2024-05-22 15:04:25.247,21549,21551,21549,2,-2
2024-05-22 15:04:25.289,21549,21551,21548,1,-1
2024-05-22 15:04:28.981,21549,21550,21550,1,1
2024-05-22 15:04:29.717,21549,21550,21550,2,2
2024-05-22 15:04:30.341,21549,21550,21550,2,2
2024-05-22 15:04:30.341,21549,21550,21550,3,3
2024-05-22 15:04:30.341,21549,21550,21550,2,2
2024-05-22 15:04:30.663,21551,21552,21550,1,-1
2024-05-22 15:04:31.054,21550,21552,21550,1,-1
2024-05-22 15:04:32.333,21551,21552,21551,5,-5
2024-05-22 15:04:35.561,21550,21551,21551,1,1
2024-05-22 15:04:35.593,21550,21551,21551,2,2
2024-05-22 15:04:37.329,21550,21551,21550,2,-2
2024-05-22 15:04:37.329,21550,21551,21549,13,-13
2024-05-22 15:04:38.751,21548,21550,21550,1,1
2024-05-22 15:04:38.752,21548,21550,21550,2,2
2024-05-22 15:04:39.414,21549,21551,21549,6,-6
2024-05-22 15:04:39.414,21549,21551,21549,9,-9
2024-05-22 15:04:40.705,21549,21551,21551,2,2
2024-05-22 15:04:42.085,21551,21552,21551,5,-5
2024-05-22 15:04:42.125,21551,21552,21552,1,1
2024-05-22 15:04:42.379,21551,21552,21551,4,-4
2024-05-22 15:04:44.468,21552,21553,21552,1,-1
2024-05-22 15:04:45.343,21550,21552,21552,3,3
2024-05-22 15:04:45.343,21550,21552,21553,7,7
2024-05-22 15:04:46.829,21552,21553,21553,4,4
2024-05-22 15:04:46.829,21552,21553,21554,1,1
2024-05-22 15:04:47.784,21552,21554,21552,1,-1
2024-05-22 15:04:47.882,21552,21554,21552,1,-1
2024-05-22 15:04:47.882,21552,21554,21551,8,-8
2024-05-22 15:04:47.882,21552,21554,21550,3,-3
2024-05-22 15:04:49.722,21550,21553,21553,5,5
2024-05-22 15:04:51.650,21551,21553,21553,5,5
2024-05-22 15:04:55.226,21554,21555,21554,2,-2
2024-05-22 15:04:56.025,21553,21554,21554,1,1
2024-05-22 15:04:56.025,21553,21554,21555,4,4
2024-05-22 15:04:56.211,21553,21555,21555,1,1
2024-05-22 15:04:58.960,21554,21555,21555,1,1
2024-05-22 15:04:59.393,21555,21556,21555,6,-6
2024-05-22 15:04:59.393,21555,21556,21555,1,-1
2024-05-22 15:05:00.999,21554,21556,21556,3,3
2024-05-22 15:05:01.589,21554,21556,21555,2,2
2024-05-22 15:05:02.319,21553,21555,21555,2,2
2024-05-22 15:05:03.182,21554,21556,21556,1,1
2024-05-22 15:05:03.751,21554,21556,21554,1,-1
2024-05-22 15:05:05.166,21555,21556,21556,1,1
2024-05-22 15:05:05.658,21555,21556,21555,3,-3
2024-05-22 15:05:05.658,21555,21556,21555,1,-1
2024-05-22 15:05:05.719,21555,21556,21556,2,2
2024-05-22 15:05:14.556,21554,21556,21556,2,2
2024-05-22 15:05:16.848,21554,21555,21554,1,-1
2024-05-22 15:05:17.395,21554,21555,21555,1,1
2024-05-22 15:05:20.187,21554,21555,21554,6,-6
2024-05-22 15:05:20.233,21553,21555,21553,1,-1
2024-05-22 15:05:20.495,21554,21555,21554,1,-1
2024-05-22 15:05:20.981,21554,21555,21555,1,1
2024-05-22 15:05:20.981,21554,21555,21556,4,4
2024-05-22 15:05:21.163,21554,21556,21554,2,-2
2024-05-22 15:05:22.765,21554,21555,21554,1,-1
2024-05-22 15:05:24.131,21553,21555,21555,4,4
2024-05-22 15:05:24.131,21553,21555,21556,3,3
2024-05-22 15:05:28.341,21553,21556,21556,1,1
2024-05-22 15:05:28.494,21553,21556,21555,2,2
2024-05-22 15:05:28.633,21553,21556,21555,1,1
2024-05-22 15:05:31.289,21553,21555,21555,1,1
2024-05-22 15:05:32.506,21554,21555,21555,2,2
2024-05-22 15:05:35.875,21554,21555,21554,5,-5
2024-05-22 15:05:36.646,21554,21555,21555,1,1
2024-05-22 15:05:36.733,21554,21556,21554,1,-1
2024-05-22 15:05:38.693,21555,21556,21555,1,-1
2024-05-22 15:05:40.539,21554,21556,21555,1,-1
2024-05-22 15:05:42.711,21555,21556,21556,2,2
2024-05-22 15:05:42.711,21555,21556,21557,3,3
2024-05-22 15:05:42.753,21555,21557,21557,1,1
2024-05-22 15:05:43.850,21556,21557,21556,1,-1
2024-05-22 15:05:44.360,21556,21557,21556,3,-3
2024-05-22 15:05:50.018,21555,21556,21556,1,1
2024-05-22 15:05:52.654,21555,21556,21555,3,-3
2024-05-22 15:05:53.083,21555,21556,21555,1,-1
2024-05-22 15:05:54.532,21555,21556,21556,1,1
2024-05-22 15:05:54.532,21555,21556,21557,3,3
2024-05-22 15:05:55.627,21556,21557,21556,1,-1
2024-05-22 15:05:56.419,21555,21556,21555,1,-1
2024-05-22 15:05:57.231,21555,21556,21555,4,-4
2024-05-22 15:05:57.231,21555,21556,21554,7,-7
2024-05-22 15:05:58.678,21553,21554,21554,1,1
2024-05-22 15:05:58.735,21553,21554,21553,16,-16
2024-05-22 15:05:58.735,21553,21554,21553,1,-1
2024-05-22 15:05:58.735,21553,21554,21553,1,-1
2024-05-22 15:05:58.735,21553,21554,21553,2,-2
2024-05-22 15:05:58.736,21553,21554,21553,4,-4
2024-05-22 15:05:58.736,21553,21554,21553,1,-1
2024-05-22 15:05:58.736,21553,21554,21553,1,-1
2024-05-22 15:05:58.736,21553,21554,21553,6,-6
2024-05-22 15:05:58.736,21553,21554,21553,2,-2
2024-05-22 15:06:00.197,21553,21554,21553,4,-4
2024-05-22 15:06:01.196,21552,21554,21552,6,-6
2024-05-22 15:06:01.233,21551,21553,21551,1,-1
2024-05-22 15:06:01.459,21551,21553,21553,1,1
2024-05-22 15:06:04.641,21552,21553,21553,1,1
2024-05-22 15:06:08.038,21551,21553,21551,2,-2
2024-05-22 15:06:08.335,21551,21553,21553,1,1
2024-05-22 15:06:11.672,21553,21554,21553,1,-1
2024-05-22 15:06:11.734,21553,21554,21553,1,-1
2024-05-22 15:06:12.304,21553,21554,21553,1,-1
2024-05-22 15:06:15.185,21553,21554,21553,1,-1
2024-05-22 15:06:15.285,21553,21554,21553,2,-2
2024-05-22 15:06:16.413,21552,21553,21553,1,1
2024-05-22 15:06:17.678,21552,21553,21552,1,-1
2024-05-22 15:06:18.288,21552,21553,21553,3,3
2024-05-22 15:06:18.603,21552,21554,21554,3,3
2024-05-22 15:06:18.781,21552,21554,21554,4,4
2024-05-22 15:06:18.781,21552,21554,21555,1,1
2024-05-22 15:06:21.568,21553,21555,21554,1,1
2024-05-22 15:06:22.779,21553,21555,21555,1,1
2024-05-22 15:06:27.537,21553,21555,21553,15,-15
2024-05-22 15:06:28.267,21552,21553,21553,3,3
2024-05-22 15:06:30.857,21552,21553,21553,1,1
2024-05-22 15:06:32.074,21552,21553,21552,6,-6
2024-05-22 15:06:32.077,21552,21553,21551,1,-1
2024-05-22 15:06:32.078,21552,21553,21551,1,-1
2024-05-22 15:06:32.078,21552,21553,21551,2,-2
2024-05-22 15:06:32.078,21552,21553,21551,16,-16
2024-05-22 15:06:33.657,21550,21551,21551,2,2
2024-05-22 15:06:33.657,21550,21551,21552,1,1
2024-05-22 15:06:35.566,21551,21552,21551,1,-1
2024-05-22 15:06:39.850,21551,21552,21551,1,-1
2024-05-22 15:06:39.858,21551,21552,21551,1,-1
2024-05-22 15:06:40.193,21551,21552,21551,7,-7
2024-05-22 15:06:40.681,21550,21552,21550,2,-2
2024-05-22 15:06:40.810,21550,21552,21550,1,-1
2024-05-22 15:06:40.857,21550,21552,21550,1,-1
2024-05-22 15:06:40.906,21550,21552,21550,1,-1
2024-05-22 15:06:41.200,21550,21551,21550,2,-2
2024-05-22 15:06:41.330,21550,21551,21550,1,-1
2024-05-22 15:06:41.517,21550,21551,21551,2,2
2024-05-22 15:06:41.570,21550,21551,21550,1,-1
2024-05-22 15:06:41.728,21550,21551,21550,2,-2
2024-05-22 15:06:43.884,21550,21551,21550,2,-2
2024-05-22 15:06:45.934,21550,21551,21550,5,-5
2024-05-22 15:06:45.935,21550,21551,21550,1,-1
2024-05-22 15:06:45.935,21550,21551,21550,1,-1
2024-05-22 15:06:48.005,21549,21550,21549,8,-8
2024-05-22 15:06:49.828,21548,21549,21549,1,1
2024-05-22 15:06:50.266,21548,21549,21549,1,1
2024-05-22 15:06:53.987,21548,21549,21548,1,-1
2024-05-22 15:06:54.464,21548,21549,21548,2,-2
2024-05-22 15:06:54.465,21548,21549,21548,1,-1
2024-05-22 15:06:54.465,21548,21549,21548,5,-5
2024-05-22 15:06:54.520,21547,21548,21548,1,1
2024-05-22 15:06:56.980,21547,21548,21548,1,1
2024-05-22 15:06:57.331,21547,21549,21549,1,1
2024-05-22 15:06:57.567,21548,21549,21548,1,-1
2024-05-22 15:06:57.567,21548,21549,21547,1,-1
2024-05-22 15:07:00.495,21548,21549,21548,1,-1
2024-05-22 15:07:00.495,21548,21549,21547,4,-4
2024-05-22 15:07:01.963,21547,21549,21547,5,-5
2024-05-22 15:07:06.420,21547,21548,21547,3,-3
2024-05-22 15:07:06.420,21547,21548,21547,1,-1
2024-05-22 15:07:11.471,21546,21547,21546,1,-1
2024-05-22 15:07:14.424,21546,21547,21546,2,-2
2024-05-22 15:07:15.899,21546,21547,21547,1,1
2024-05-22 15:07:16.859,21546,21547,21547,1,1
2024-05-22 15:07:16.859,21546,21547,21547,5,5
2024-05-22 15:07:17.180,21547,21548,21546,21,-21
2024-05-22 15:07:17.180,21547,21548,21547,5,-5
2024-05-22 15:07:17.252,21546,21547,21547,1,1
2024-05-22 15:07:19.539,21547,21548,21547,1,-1
2024-05-22 15:07:20.191,21547,21548,21547,4,-4
2024-05-22 15:07:21.754,21547,21548,21547,2,-2
2024-05-22 15:07:22.731,21547,21548,21548,2,2
2024-05-22 15:07:22.731,21547,21548,21549,3,3
2024-05-22 15:07:26.299,21548,21549,21548,2,-2
2024-05-22 15:07:26.969,21548,21549,21549,1,1
2024-05-22 15:07:26.977,21548,21549,21549,3,3
2024-05-22 15:07:27.453,21549,21550,21549,1,-1
2024-05-22 15:07:30.412,21549,21550,21549,1,-1
2024-05-22 15:07:31.686,21549,21550,21549,1,-1
2024-05-22 15:07:31.885,21548,21550,21550,1,1
2024-05-22 15:07:36.583,21549,21550,21550,9,9
2024-05-22 15:07:36.625,21550,21551,21551,3,3
2024-05-22 15:07:38.678,21551,21552,21552,1,1
2024-05-22 15:07:39.274,21552,21553,21553,1,1
2024-05-22 15:07:39.274,21552,21553,21553,1,1
2024-05-22 15:07:39.274,21552,21553,21553,4,4
2024-05-22 15:07:39.275,21552,21553,21553,3,3
2024-05-22 15:07:39.478,21553,21555,21554,2,2
2024-05-22 15:07:39.791,21553,21555,21553,1,-1
2024-05-22 15:07:39.791,21553,21555,21552,1,-1
2024-05-22 15:07:39.823,21553,21555,21552,5,-5
2024-05-22 15:07:41.195,21552,21554,21552,1,-1
2024-05-22 15:07:41.988,21552,21554,21552,1,-1
2024-05-22 15:07:43.236,21553,21555,21553,1,-1
2024-05-22 15:07:45.714,21553,21555,21553,1,-1
2024-05-22 15:07:47.184,21553,21555,21555,1,1
2024-05-22 15:07:48.750,21554,21555,21555,1,1
2024-05-22 15:07:52.429,21553,21555,21555,1,1
2024-05-22 15:07:52.856,21553,21555,21555,1,1
2024-05-22 15:07:53.811,21553,21555,21555,1,1
2024-05-22 15:07:54.752,21553,21555,21553,1,-1
2024-05-22 15:07:56.546,21553,21555,21555,1,1
2024-05-22 15:07:56.855,21553,21555,21555,1,1
2024-05-22 15:07:58.502,21554,21555,21555,2,2
2024-05-22 15:07:59.064,21554,21555,21554,3,-3
2024-05-22 15:07:59.568,21554,21555,21555,1,1
2024-05-22 15:08:01.141,21554,21555,21555,1,1
2024-05-22 15:08:01.937,21554,21555,21554,1,-1
2024-05-22 15:08:02.071,21553,21554,21553,2,-2
2024-05-22 15:08:02.143,21552,21553,21553,1,1
2024-05-22 15:08:03.695,21553,21555,21554,1,1
2024-05-22 15:08:03.695,21553,21555,21555,4,4
2024-05-22 15:08:04.344,21553,21555,21555,5,5
2024-05-22 15:08:05.960,21554,21555,21555,1,1
2024-05-22 15:08:06.139,21554,21555,21553,2,-2
2024-05-22 15:08:06.139,21554,21555,21554,3,-3
2024-05-22 15:08:06.139,21554,21555,21553,10,-10
2024-05-22 15:08:06.789,21552,21555,21552,1,-1
2024-05-22 15:08:07.761,21552,21555,21552,7,-7
2024-05-22 15:08:07.761,21552,21555,21551,8,-8
2024-05-22 15:08:07.950,21550,21553,21553,1,1
2024-05-22 15:08:09.185,21550,21553,21551,1,-1
2024-05-22 15:08:13.442,21550,21551,21550,2,-2
2024-05-22 15:08:20.257,21549,21550,21549,1,-1
2024-05-22 15:08:20.373,21549,21550,21549,1,-1
2024-05-22 15:08:21.086,21549,21550,21549,1,-1
2024-05-22 15:08:21.087,21549,21550,21549,1,-1
2024-05-22 15:08:21.253,21548,21550,21548,5,-5
2024-05-22 15:08:23.921,21548,21549,21549,3,3
2024-05-22 15:08:26.026,21549,21550,21550,3,3
2024-05-22 15:08:29.110,21550,21551,21551,1,1
2024-05-22 15:08:29.111,21550,21551,21551,1,1
2024-05-22 15:08:30.076,21551,21552,21552,3,3
2024-05-22 15:08:35.071,21552,21554,21552,2,-2
2024-05-22 15:08:38.392,21552,21554,21552,3,-3
2024-05-22 15:08:39.068,21552,21554,21552,1,-1
2024-05-22 15:08:45.411,21553,21554,21554,1,1
2024-05-22 15:08:46.558,21554,21556,21554,6,-6
2024-05-22 15:08:46.558,21554,21556,21553,9,-9
2024-05-22 15:08:46.703,21553,21555,21554,3,-3
2024-05-22 15:08:47.365,21553,21555,21555,2,2
2024-05-22 15:08:48.804,21553,21555,21554,1,1
2024-05-22 15:08:48.804,21553,21555,21553,5,-5
2024-05-22 15:08:48.804,21553,21555,21552,9,-9
2024-05-22 15:08:53.359,21552,21554,21554,1,1
2024-05-22 15:08:58.985,21553,21554,21551,1,-1
2024-05-22 15:08:58.985,21553,21554,21552,12,-12
2024-05-22 15:08:58.985,21553,21554,21553,2,-2
2024-05-22 15:08:59.202,21551,21553,21553,1,1
2024-05-22 15:09:00.835,21551,21552,21552,1,1
2024-05-22 15:09:05.106,21552,21553,21552,3,-3
2024-05-22 15:09:15.115,21552,21553,21553,2,2
2024-05-22 15:09:15.115,21552,21553,21553,1,1
2024-05-22 15:09:20.230,21553,21554,21553,1,-1
2024-05-22 15:09:21.890,21552,21553,21553,1,1
2024-05-22 15:09:24.279,21553,21554,21553,1,-1
2024-05-22 15:09:29.025,21552,21553,21552,1,-1
2024-05-22 15:09:30.623,21552,21553,21553,1,1
2024-05-22 15:09:30.623,21552,21553,21553,1,1
2024-05-22 15:09:30.630,21552,21553,21554,1,1
2024-05-22 15:09:30.881,21553,21554,21553,1,-1
2024-05-22 15:09:30.881,21553,21554,21552,1,-1
2024-05-22 15:09:34.602,21553,21554,21555,4,4
2024-05-22 15:09:34.602,21553,21554,21554,1,1
2024-05-22 15:09:35.767,21553,21554,21553,1,-1
2024-05-22 15:09:36.756,21553,21554,21553,1,-1
2024-05-22 15:09:40.204,21553,21554,21553,1,-1
2024-05-22 15:09:42.252,21553,21554,21553,1,-1
2024-05-22 15:09:50.989,21553,21554,21554,4,4
2024-05-22 15:09:50.990,21553,21554,21554,2,2
2024-05-22 15:09:51.032,21553,21554,21555,1,1
2024-05-22 15:09:53.733,21554,21556,21554,1,-1
2024-05-22 15:09:55.601,21554,21555,21555,1,1
2024-05-22 15:09:55.774,21555,21556,21555,1,-1
2024-05-22 15:09:57.010,21555,21556,21555,3,-3
2024-05-22 15:09:58.826,21554,21555,21555,1,1
2024-05-22 15:09:58.827,21554,21555,21556,2,2
2024-05-22 15:09:58.828,21554,21555,21556,1,1
2024-05-22 15:10:00.193,21556,21557,21556,5,-5
2024-05-22 15:10:00.194,21556,21557,21556,1,-1
2024-05-22 15:10:00.312,21555,21557,21557,1,1
2024-05-22 15:10:00.318,21555,21557,21555,1,-1
2024-05-22 15:10:01.427,21556,21557,21556,3,-3
2024-05-22 15:10:01.427,21556,21557,21555,2,-2
2024-05-22 15:10:08.433,21555,21556,21555,1,-1
2024-05-22 15:10:12.786,21555,21556,21555,5,-5
2024-05-22 15:10:12.787,21555,21556,21555,1,-1
2024-05-22 15:10:14.505,21555,21556,21555,7,-7
2024-05-22 15:10:14.505,21555,21556,21554,8,-8
2024-05-22 15:10:15.935,21554,21556,21554,1,-1
2024-05-22 15:10:15.935,21554,21556,21553,14,-14
2024-05-22 15:10:18.366,21553,21555,21553,5,-5
2024-05-22 15:10:18.366,21553,21555,21552,9,-9
2024-05-22 15:10:18.367,21553,21555,21552,1,-1
2024-05-22 15:10:19.445,21552,21554,21554,1,1
2024-05-22 15:10:27.796,21552,21553,21553,1,1
2024-05-22 15:10:28.940,21552,21554,21551,10,-10
2024-05-22 15:10:28.940,21552,21554,21552,5,-5
2024-05-22 15:10:28.941,21552,21554,21552,1,-1
2024-05-22 15:10:29.293,21551,21553,21553,4,4
2024-05-22 15:10:29.294,21551,21553,21553,5,5
2024-05-22 15:10:30.640,21552,21554,21552,4,-4
2024-05-22 15:10:34.836,21552,21554,21552,5,-5
2024-05-22 15:10:36.510,21552,21553,21553,1,1
2024-05-22 15:10:40.322,21553,21554,21554,1,1
2024-05-22 15:10:40.322,21553,21554,21554,1,1
2024-05-22 15:10:44.203,21554,21555,21555,1,1
2024-05-22 15:10:44.204,21554,21555,21555,2,2
2024-05-22 15:10:48.471,21554,21556,21556,2,2
2024-05-22 15:10:48.472,21554,21556,21556,1,1
2024-05-22 15:10:48.472,21554,21556,21556,1,1
2024-05-22 15:10:48.472,21554,21556,21556,1,1
2024-05-22 15:10:48.474,21554,21556,21556,1,1
2024-05-22 15:10:48.793,21555,21557,21557,3,3
2024-05-22 15:10:50.186,21556,21558,21556,2,-2
2024-05-22 15:10:50.895,21555,21557,21557,1,1
2024-05-22 15:10:52.357,21556,21558,21558,4,4
2024-05-22 15:10:52.359,21556,21558,21559,2,2
2024-05-22 15:10:52.567,21557,21560,21560,1,1
2024-05-22 15:10:52.586,21557,21560,21560,1,1
2024-05-22 15:10:54.790,21558,21560,21560,1,1
2024-05-22 15:10:58.557,21556,21558,21558,1,1
2024-05-22 15:10:58.989,21555,21558,21558,4,4
2024-05-22 15:10:59.133,21557,21558,21558,2,2
2024-05-22 15:10:59.328,21557,21559,21559,2,2
2024-05-22 15:10:59.819,21558,21559,21559,1,1
2024-05-22 15:10:59.819,21558,21559,21560,1,1
2024-05-22 15:11:00.264,21558,21560,21558,1,-1
2024-05-22 15:11:01.402,21557,21560,21557,10,-10
2024-05-22 15:11:02.926,21555,21558,21558,1,1
2024-05-22 15:11:03.403,21556,21558,21558,1,1
2024-05-22 15:11:05.332,21558,21559,21558,1,-1
2024-05-22 15:11:12.346,21557,21558,21558,9,9
2024-05-22 15:11:14.007,21558,21560,21560,1,1
2024-05-22 15:11:14.021,21558,21560,21560,1,1
2024-05-22 15:11:14.338,21559,21560,21559,1,-1
2024-05-22 15:11:16.135,21559,21560,21560,1,1
2024-05-22 15:11:16.135,21559,21560,21560,2,2
2024-05-22 15:11:16.135,21559,21560,21560,4,4
2024-05-22 15:11:17.821,21560,21561,21561,1,1
2024-05-22 15:11:17.958,21560,21561,21561,1,1
2024-05-22 15:11:18.112,21560,21561,21561,1,1
2024-05-22 15:11:18.194,21560,21561,21560,1,-1
2024-05-22 15:11:18.891,21560,21562,21562,4,4
2024-05-22 15:11:19.003,21561,21562,21562,2,2
2024-05-22 15:11:19.559,21561,21563,21561,2,-2
2024-05-22 15:11:19.559,21561,21563,21561,1,-1
2024-05-22 15:11:19.617,21560,21562,21561,1,-1
2024-05-22 15:11:20.398,21560,21562,21561,1,-1
2024-05-22 15:11:22.806,21561,21562,21561,1,-1
2024-05-22 15:11:24.524,21561,21562,21561,1,-1
2024-05-22 15:11:24.820,21560,21562,21561,1,-1
2024-05-22 15:11:25.235,21560,21562,21562,1,1
2024-05-22 15:11:26.466,21562,21563,21562,2,-2
2024-05-22 15:11:26.845,21562,21563,21563,1,1
2024-05-22 15:11:28.652,21561,21563,21563,2,2
2024-05-22 15:11:30.885,21561,21563,21563,1,1
2024-05-22 15:11:32.956,21562,21563,21562,1,-1
2024-05-22 15:11:32.958,21562,21563,21562,1,-1
2024-05-22 15:11:33.193,21560,21563,21562,1,1
2024-05-22 15:11:34.072,21562,21563,21563,1,1
2024-05-22 15:11:34.075,21562,21563,21563,1,1
2024-05-22 15:11:34.454,21562,21564,21563,1,1
2024-05-22 15:11:34.937,21562,21563,21562,1,-1
2024-05-22 15:11:35.043,21560,21562,21561,2,-2
2024-05-22 15:11:35.673,21560,21562,21560,1,-1
2024-05-22 15:11:37.959,21561,21562,21561,1,-1
2024-05-22 15:11:39.435,21560,21562,21560,1,-1
2024-05-22 15:11:40.252,21560,21561,21561,3,3
2024-05-22 15:11:40.311,21560,21561,21561,1,1
2024-05-22 15:11:40.313,21560,21561,21561,1,1
2024-05-22 15:11:45.399,21561,21562,21562,5,5
2024-05-22 15:11:49.274,21561,21562,21562,4,4
2024-05-22 15:11:49.274,21561,21562,21563,1,1
2024-05-22 15:11:50.660,21561,21563,21563,2,2
2024-05-22 15:11:51.760,21561,21563,21563,1,1
2024-05-22 15:11:52.970,21561,21563,21562,1,1
2024-05-22 15:11:55.764,21562,21563,21563,1,1
2024-05-22 15:11:56.721,21562,21563,21562,1,-1
2024-05-22 15:11:57.970,21562,21563,21562,1,-1
2024-05-22 15:12:00.012,21561,21562,21561,1,-1
2024-05-22 15:12:02.883,21561,21562,21561,1,-1
2024-05-22 15:12:02.883,21561,21562,21561,1,-1
2024-05-22 15:12:02.883,21561,21562,21561,1,-1
2024-05-22 15:12:02.883,21561,21562,21561,1,-1
2024-05-22 15:12:02.883,21561,21562,21561,3,-3
2024-05-22 15:12:02.883,21561,21562,21561,5,-5
2024-05-22 15:12:02.885,21561,21562,21560,10,-10
2024-05-22 15:12:03.091,21559,21561,21560,1,-1
2024-05-22 15:12:03.092,21559,21561,21560,1,-1
2024-05-22 15:12:08.586,21560,21561,21560,1,-1
2024-05-22 15:12:14.836,21560,21561,21561,1,1
2024-05-22 15:12:15.046,21560,21562,21560,11,-11
2024-05-22 15:12:15.046,21560,21562,21559,4,-4
2024-05-22 15:12:16.418,21559,21561,21558,13,-13
2024-05-22 15:12:16.418,21559,21561,21559,2,-2
2024-05-22 15:12:19.317,21559,21561,21559,1,-1
2024-05-22 15:12:22.176,21559,21561,21559,9,-9
2024-05-22 15:12:22.176,21559,21561,21558,21,-21
2024-05-22 15:12:24.116,21558,21559,21558,6,-6
2024-05-22 15:12:24.275,21557,21558,21557,1,-1
2024-05-22 15:12:26.997,21557,21558,21558,4,4
2024-05-22 15:12:26.997,21557,21558,21559,1,1
2024-05-22 15:12:27.690,21557,21559,21557,13,-13
2024-05-22 15:12:27.690,21557,21559,21556,2,-2
2024-05-22 15:12:27.817,21556,21558,21556,1,-1
2024-05-22 15:12:27.921,21556,21558,21556,1,-1
2024-05-22 15:12:27.925,21556,21558,21556,1,-1
2024-05-22 15:12:27.929,21556,21558,21556,1,-1
2024-05-22 15:12:27.933,21556,21558,21555,1,-1
2024-05-22 15:12:32.841,21555,21556,21556,1,1
2024-05-22 15:12:33.787,21556,21557,21555,13,-13
2024-05-22 15:12:33.787,21556,21557,21556,1,-1
2024-05-22 15:12:33.788,21556,21557,21555,1,-1
2024-05-22 15:12:33.922,21555,21556,21555,1,-1
2024-05-22 15:12:35.015,21554,21555,21554,1,-1
2024-05-22 15:12:37.540,21554,21555,21554,2,-2
2024-05-22 15:12:37.540,21554,21555,21553,12,-12
2024-05-22 15:12:37.540,21554,21555,21553,1,-1
2024-05-22 15:12:37.541,21554,21555,21553,1,-1
2024-05-22 15:12:38.308,21552,21554,21554,1,1
2024-05-22 15:12:40.289,21553,21554,21553,2,-2
2024-05-22 15:12:45.350,21553,21554,21554,1,1
2024-05-22 15:12:48.092,21554,21555,21554,2,-2
2024-05-22 15:12:49.178,21553,21555,21553,1,-1
2024-05-22 15:12:50.437,21554,21555,21554,1,-1
2024-05-22 15:12:51.654,21554,21555,21554,1,-1
2024-05-22 15:12:53.725,21554,21555,21554,1,-1
2024-05-22 15:12:56.024,21554,21555,21554,2,-2
2024-05-22 15:12:58.143,21554,21555,21554,5,-5
2024-05-22 15:12:58.143,21554,21555,21553,10,-10
2024-05-22 15:12:59.372,21553,21554,21553,1,-1
2024-05-22 15:12:59.372,21553,21554,21552,3,-3
2024-05-22 15:12:59.462,21553,21554,21552,5,-5
2024-05-22 15:12:59.466,21553,21554,21551,9,-9
2024-05-22 15:12:59.474,21553,21554,21551,2,-2
2024-05-22 15:12:59.893,21551,21552,21551,1,-1
2024-05-22 15:13:02.055,21550,21551,21550,5,-5
2024-05-22 15:13:02.198,21550,21551,21550,19,-19
2024-05-22 15:13:02.198,21550,21551,21550,3,-3
2024-05-22 15:13:02.198,21550,21551,21550,1,-1
2024-05-22 15:13:02.198,21550,21551,21550,1,-1
2024-05-22 15:13:02.198,21550,21551,21550,1,-1
2024-05-22 15:13:02.200,21550,21551,21549,1,-1
2024-05-22 15:13:02.200,21550,21551,21549,1,-1
2024-05-22 15:13:02.285,21548,21550,21550,1,1
2024-05-22 15:13:02.539,21548,21550,21548,1,-1
2024-05-22 15:13:02.731,21549,21550,21550,1,1
2024-05-22 15:13:09.211,21549,21550,21550,1,1
2024-05-22 15:13:09.271,21549,21550,21550,2,2
2024-05-22 15:13:09.271,21549,21550,21550,2,2
2024-05-22 15:13:09.271,21549,21550,21550,1,1
2024-05-22 15:13:09.271,21549,21550,21550,10,10
2024-05-22 15:13:10.645,21550,21551,21550,1,-1
2024-05-22 15:13:11.379,21550,21551,21551,2,2
2024-05-22 15:13:11.380,21550,21551,21551,1,1
2024-05-22 15:13:11.487,21551,21552,21552,1,1
2024-05-22 15:13:17.037,21550,21551,21551,1,1
2024-05-22 15:13:22.528,21550,21552,21552,1,1
2024-05-22 15:13:24.718,21551,21552,21552,12,12
2024-05-22 15:13:24.723,21551,21552,21553,1,1
2024-05-22 15:13:27.819,21552,21554,21552,1,-1
2024-05-22 15:13:31.931,21552,21553,21553,1,1
2024-05-22 15:13:35.394,21553,21554,21554,1,1
2024-05-22 15:13:36.250,21553,21554,21554,1,1
2024-05-22 15:13:36.250,21553,21554,21555,7,7
2024-05-22 15:13:39.975,21555,21557,21555,3,-3
2024-05-22 15:13:39.976,21553,21555,21555,3,3
2024-05-22 15:13:40.697,21554,21556,21556,1,1
2024-05-22 15:13:41.108,21555,21557,21557,1,1
2024-05-22 15:13:46.921,21556,21557,21556,1,-1
2024-05-22 15:13:47.284,21555,21557,21555,1,-1
2024-05-22 15:13:47.285,21555,21557,21555,11,-11
2024-05-22 15:13:48.631,21554,21555,21555,1,1
2024-05-22 15:13:49.004,21554,21555,21554,1,-1
2024-05-22 15:13:51.543,21553,21554,21553,1,-1
2024-05-22 15:13:51.775,21553,21554,21553,1,-1
2024-05-22 15:13:54.726,21553,21554,21553,1,-1
2024-05-22 15:13:56.666,21553,21554,21553,7,-7
2024-05-22 15:13:56.666,21553,21554,21552,8,-8
2024-05-22 15:13:58.584,21551,21553,21551,1,-1
2024-05-22 15:13:59.562,21551,21553,21551,1,-1
2024-05-22 15:13:59.562,21551,21553,21550,13,-13
2024-05-22 15:14:01.019,21549,21550,21550,1,1
2024-05-22 15:14:01.390,21549,21551,21549,1,-1
2024-05-22 15:14:04.498,21551,21552,21551,2,-2
2024-05-22 15:14:04.498,21551,21552,21550,4,-4
2024-05-22 15:14:12.056,21551,21552,21551,1,-1
2024-05-22 15:14:12.056,21551,21552,21550,1,-1
2024-05-22 15:14:12.101,21551,21552,21550,1,-1
2024-05-22 15:14:21.323,21550,21551,21550,1,-1
2024-05-22 15:14:23.160,21550,21551,21550,1,-1
2024-05-22 15:14:23.400,21550,21551,21550,3,-3
2024-05-22 15:14:23.789,21550,21551,21550,2,-2
2024-05-22 15:14:25.906,21550,21551,21550,1,-1
2024-05-22 15:14:26.061,21550,21551,21551,5,5
2024-05-22 15:14:26.592,21550,21551,21550,1,-1
2024-05-22 15:14:34.304,21549,21550,21550,1,1
2024-05-22 15:14:37.853,21550,21552,21550,1,-1
2024-05-22 15:14:41.399,21550,21551,21550,1,-1
2024-05-22 15:14:42.138,21550,21551,21550,2,-2
2024-05-22 15:14:42.138,21550,21551,21550,1,-1
2024-05-22 15:14:42.138,21550,21551,21550,2,-2
2024-05-22 15:14:46.696,21550,21551,21550,1,-1
2024-05-22 15:14:46.702,21550,21551,21550,1,-1
2024-05-22 15:14:46.702,21550,21551,21550,1,-1
2024-05-22 15:14:46.777,21549,21550,21549,2,-2
2024-05-22 15:14:46.777,21549,21550,21549,5,-5
2024-05-22 15:14:46.885,21548,21549,21549,1,1
2024-05-22 15:14:48.797,21548,21549,21548,1,-1
2024-05-22 15:14:48.881,21548,21549,21548,1,-1
2024-05-22 15:14:48.881,21548,21549,21548,5,-5
2024-05-22 15:14:53.620,21548,21549,21548,3,-3
2024-05-22 15:14:53.620,21548,21549,21547,14,-14
2024-05-22 15:14:53.620,21548,21549,21546,3,-3
2024-05-22 15:14:53.758,21547,21548,21547,1,-1
2024-05-22 15:14:55.289,21547,21548,21547,2,-2
2024-05-22 15:14:55.514,21547,21548,21547,1,-1
2024-05-22 15:14:55.912,21547,21548,21547,2,-2
2024-05-22 15:14:55.913,21547,21548,21546,6,-6
2024-05-22 15:14:58.438,21546,21547,21547,1,1
2024-05-22 15:14:58.495,21546,21547,21547,1,1
2024-05-22 15:14:58.496,21546,21547,21547,3,3
2024-05-22 15:14:59.266,21546,21547,21546,1,-1
2024-05-22 15:15:00.197,21546,21547,21546,6,-6
2024-05-22 15:15:00.328,21546,21547,21546,1,-1
2024-05-22 15:15:00.517,21546,21547,21546,8,-8
2024-05-22 15:15:00.908,21545,21546,21546,2,2
2024-05-22 15:15:01.161,21545,21546,21545,1,-1
2024-05-22 15:15:01.384,21545,21546,21546,3,3
2024-05-22 15:15:01.385,21545,21546,21546,1,1
2024-05-22 15:15:01.510,21545,21547,21545,1,-1
2024-05-22 15:15:01.669,21546,21547,21547,5,5
2024-05-22 15:15:01.669,21546,21547,21547,1,1
2024-05-22 15:15:01.669,21546,21547,21547,1,1
2024-05-22 15:15:01.669,21546,21547,21547,2,2
2024-05-22 15:15:01.670,21546,21547,21547,1,1
2024-05-22 15:15:01.722,21546,21547,21547,1,1
2024-05-22 15:15:04.308,21547,21548,21547,1,-1
2024-05-22 15:15:04.516,21547,21548,21547,1,-1
2024-05-22 15:15:04.716,21547,21548,21547,1,-1
2024-05-22 15:15:05.088,21547,21548,21548,3,3
2024-05-22 15:15:08.574,21548,21549,21548,4,-4
2024-05-22 15:15:12.095,21548,21549,21548,1,-1
2024-05-22 15:15:12.501,21548,21549,21548,1,-1
2024-05-22 15:15:15.115,21548,21549,21548,1,-1
2024-05-22 15:15:15.271,21548,21549,21548,1,-1
2024-05-22 15:15:15.272,21548,21549,21548,6,-6
2024-05-22 15:15:17.128,21547,21548,21547,5,-5
2024-05-22 15:15:17.128,21547,21548,21547,1,-1
2024-05-22 15:15:17.128,21547,21548,21547,1,-1
2024-05-22 15:15:17.514,21546,21548,21546,1,-1
2024-05-22 15:15:20.205,21547,21548,21547,1,-1
2024-05-22 15:15:20.732,21547,21548,21547,1,-1
2024-05-22 15:15:20.732,21547,21548,21547,1,-1
2024-05-22 15:15:24.125,21546,21548,21548,1,1
2024-05-22 15:15:24.164,21546,21548,21548,1,1
2024-05-22 15:15:26.402,21546,21548,21546,1,-1
2024-05-22 15:15:27.700,21546,21548,21546,1,-1
2024-05-22 15:15:27.732,21546,21548,21546,1,-1
2024-05-22 15:15:27.734,21546,21548,21546,1,-1
2024-05-22 15:15:27.735,21546,21548,21546,1,-1
2024-05-22 15:15:27.737,21546,21548,21546,1,-1
2024-05-22 15:15:27.737,21546,21548,21546,1,-1
2024-05-22 15:15:29.571,21547,21548,21547,1,-1
2024-05-22 15:15:31.084,21547,21548,21547,1,-1
2024-05-22 15:15:31.244,21547,21548,21547,1,-1
2024-05-22 15:15:32.536,21547,21548,21548,4,4
2024-05-22 15:15:32.536,21547,21548,21548,2,2
2024-05-22 15:15:32.898,21548,21549,21549,1,1
2024-05-22 15:15:34.004,21549,21550,21549,1,-1
2024-05-22 15:15:34.782,21548,21550,21550,5,5
2024-05-22 15:15:35.080,21549,21551,21549,1,-1
2024-05-22 15:15:42.456,21551,21552,21551,1,-1
2024-05-22 15:15:42.483,21550,21552,21550,1,-1
2024-05-22 15:15:42.483,21550,21552,21550,1,-1
2024-05-22 15:15:42.483,21550,21552,21550,1,-1
2024-05-22 15:15:42.484,21550,21552,21550,1,-1
2024-05-22 15:15:44.490,21549,21551,21551,4,4
2024-05-22 15:15:46.157,21551,21552,21551,12,-12
2024-05-22 15:15:46.159,21551,21552,21550,1,-1
2024-05-22 15:15:47.711,21549,21551,21551,1,1
2024-05-22 15:15:50.688,21549,21551,21549,1,-1
2024-05-22 15:15:51.415,21550,21551,21551,2,2
2024-05-22 15:15:56.114,21550,21551,21551,1,1
2024-05-22 15:15:58.911,21550,21551,21550,1,-1
2024-05-22 15:16:01.112,21550,21551,21550,1,-1
2024-05-22 15:16:01.252,21550,21551,21550,1,-1
2024-05-22 15:16:01.252,21550,21551,21550,1,-1
2024-05-22 15:16:01.252,21550,21551,21550,1,-1
2024-05-22 15:16:01.252,21550,21551,21550,1,-1
2024-05-22 15:16:01.253,21550,21551,21550,6,-6
2024-05-22 15:16:01.555,21549,21551,21549,1,-1
2024-05-22 15:16:08.087,21550,21551,21550,1,-1
2024-05-22 15:16:08.087,21550,21551,21549,1,-1
2024-05-22 15:16:08.108,21549,21551,21549,1,-1
2024-05-22 15:16:22.343,21549,21551,21550,1,-1
2024-05-22 15:16:22.358,21549,21551,21549,1,-1
2024-05-22 15:16:22.359,21549,21551,21549,1,-1
2024-05-22 15:16:23.178,21549,21551,21551,3,3
2024-05-22 15:16:23.234,21549,21552,21549,1,-1
2024-05-22 15:16:23.234,21549,21552,21549,1,-1
2024-05-22 15:16:23.665,21549,21552,21549,1,-1
2024-05-22 15:16:30.312,21549,21551,21549,1,-1
2024-05-22 15:16:30.463,21549,21551,21549,2,-2
2024-05-22 15:16:32.299,21549,21551,21550,1,-1
2024-05-22 15:16:32.421,21549,21550,21550,1,1
2024-05-22 15:16:34.741,21549,21550,21549,6,-6
2024-05-22 15:16:36.149,21549,21550,21550,1,1
2024-05-22 15:16:44.068,21549,21551,21551,1,1
2024-05-22 15:16:52.023,21550,21552,21552,4,4
2024-05-22 15:16:52.319,21550,21552,21552,1,1
2024-05-22 15:16:53.921,21550,21552,21550,1,-1
2024-05-22 15:17:00.194,21551,21552,21551,6,-6
2024-05-22 15:17:09.579,21550,21551,21550,11,-11
2024-05-22 15:17:11.038,21549,21550,21550,1,1
2024-05-22 15:17:11.281,21549,21550,21550,5,5
2024-05-22 15:17:16.763,21550,21552,21550,1,-1
2024-05-22 15:17:20.909,21550,21552,21550,1,-1
2024-05-22 15:17:21.563,21550,21552,21550,12,-12
2024-05-22 15:17:21.621,21549,21550,21549,1,-1
2024-05-22 15:17:21.778,21549,21550,21550,3,3
2024-05-22 15:17:21.778,21549,21550,21551,1,1
2024-05-22 15:17:21.778,21549,21550,21552,14,14
2024-05-22 15:17:24.052,21550,21551,21551,1,1
2024-05-22 15:17:24.052,21550,21551,21551,1,1
2024-05-22 15:17:24.160,21551,21552,21551,4,-4
2024-05-22 15:17:24.160,21551,21552,21550,11,-11
2024-05-22 15:17:26.239,21550,21552,21550,7,-7
2024-05-22 15:17:26.241,21550,21552,21549,11,-11
2024-05-22 15:17:26.601,21547,21550,21549,1,1
2024-05-22 15:17:39.062,21548,21550,21550,2,2
2024-05-22 15:17:40.428,21548,21550,21550,1,1
2024-05-22 15:17:41.836,21549,21550,21549,2,-2
2024-05-22 15:17:49.584,21549,21550,21550,2,2
2024-05-22 15:17:49.584,21549,21550,21550,4,4
2024-05-22 15:18:00.899,21550,21551,21550,1,-1
2024-05-22 15:18:07.231,21550,21551,21550,1,-1
2024-05-22 15:18:09.564,21550,21551,21551,1,1
2024-05-22 15:18:09.746,21550,21552,21550,1,-1
2024-05-22 15:18:12.703,21550,21551,21551,1,1
2024-05-22 15:18:20.197,21550,21551,21550,2,-2
2024-05-22 15:18:20.265,21550,21551,21550,1,-1
2024-05-22 15:18:22.110,21550,21551,21551,1,1
2024-05-22 15:18:30.216,21550,21551,21550,1,-1
2024-05-22 15:18:31.648,21550,21551,21550,1,-1
2024-05-22 15:18:38.400,21550,21551,21551,1,1
2024-05-22 15:18:40.200,21550,21551,21550,4,-4
2024-05-22 15:18:42.456,21550,21551,21551,1,1
2024-05-22 15:18:48.447,21550,21551,21551,1,1
2024-05-22 15:18:54.196,21550,21551,21551,1,1
2024-05-22 15:18:54.202,21550,21551,21552,2,2
2024-05-22 15:18:55.985,21551,21553,21551,1,-1
2024-05-22 15:18:58.628,21550,21551,21551,1,1
2024-05-22 15:19:01.881,21551,21553,21551,1,-1
2024-05-22 15:19:02.076,21550,21553,21550,1,-1
2024-05-22 15:19:02.832,21551,21553,21553,1,1
2024-05-22 15:19:03.661,21551,21553,21551,1,-1
2024-05-22 15:19:04.960,21550,21551,21551,1,1
2024-05-22 15:19:04.960,21550,21551,21551,2,2
2024-05-22 15:19:04.960,21550,21551,21551,1,1
2024-05-22 15:19:06.485,21551,21553,21551,1,-1
2024-05-22 15:19:06.732,21551,21553,21551,1,-1
2024-05-22 15:19:08.834,21550,21551,21551,2,2
2024-05-22 15:19:12.954,21550,21551,21551,1,1
2024-05-22 15:19:13.610,21550,21551,21550,1,-1
2024-05-22 15:19:13.766,21550,21551,21550,1,-1
2024-05-22 15:19:15.929,21550,21551,21551,1,1
2024-05-22 15:19:16.043,21550,21551,21551,1,1
2024-05-22 15:19:17.641,21550,21551,21551,1,1
2024-05-22 15:19:20.507,21550,21551,21550,1,-1
2024-05-22 15:19:26.266,21550,21551,21550,1,-1
2024-05-22 15:19:34.344,21550,21551,21551,1,1
2024-05-22 15:19:34.345,21550,21551,21551,2,2
2024-05-22 15:19:35.873,21550,21553,21550,10,-10
2024-05-22 15:19:58.964,21550,21551,21551,5,5
2024-05-22 15:20:02.012,21550,21551,21551,1,1
2024-05-22 15:20:02.012,21550,21551,21551,1,1
2024-05-22 15:20:06.194,21550,21551,21551,2,2
2024-05-22 15:20:20.642,21551,21552,21551,2,-2
2024-05-22 15:20:27.614,21551,21552,21551,1,-1
2024-05-22 15:20:28.245,21551,21552,21551,1,-1
2024-05-22 15:20:30.708,21551,21552,21551,1,-1
2024-05-22 15:20:30.749,21551,21552,21551,1,-1
2024-05-22 15:20:31.863,21551,21552,21551,1,-1
2024-05-22 15:20:33.642,21551,21552,21551,2,-2
2024-05-22 15:20:39.000,21551,21552,21552,2,2
2024-05-22 15:20:39.762,21551,21553,21553,1,1
2024-05-22 15:20:45.613,21552,21553,21553,1,1
2024-05-22 15:20:45.613,21552,21553,21553,5,5
2024-05-22 15:20:47.510,21554,21555,21554,1,-1
2024-05-22 15:20:49.529,21554,21555,21555,2,2
2024-05-22 15:20:49.918,21554,21555,21554,1,-1
2024-05-22 15:20:49.995,21553,21554,21554,1,1
2024-05-22 15:20:51.905,21553,21554,21554,2,2
2024-05-22 15:21:06.315,21553,21555,21555,1,1
2024-05-22 15:21:07.104,21553,21555,21555,1,1
2024-05-22 15:21:07.155,21553,21555,21555,19,19
2024-05-22 15:21:07.155,21553,21555,21556,1,1
2024-05-22 15:21:07.197,21553,21555,21556,3,3
2024-05-22 15:21:07.197,21553,21555,21556,1,1
2024-05-22 15:21:07.197,21553,21555,21556,1,1
2024-05-22 15:21:09.732,21556,21557,21557,1,1
2024-05-22 15:21:09.732,21556,21557,21557,2,2
2024-05-22 15:21:20.215,21556,21557,21557,1,1
2024-05-22 15:21:20.993,21556,21557,21556,3,-3
2024-05-22 15:21:21.020,21556,21557,21557,1,1
2024-05-22 15:21:21.584,21556,21557,21557,1,1
2024-05-22 15:21:22.782,21556,21557,21557,1,1
2024-05-22 15:21:23.264,21556,21557,21557,2,2
2024-05-22 15:21:26.653,21556,21557,21557,3,3
2024-05-22 15:21:28.956,21556,21557,21557,1,1
2024-05-22 15:21:29.226,21556,21557,21556,4,-4
2024-05-22 15:21:30.118,21555,21557,21557,2,2
2024-05-22 15:21:31.035,21556,21558,21558,2,2
2024-05-22 15:21:31.103,21556,21558,21558,2,2
2024-05-22 15:21:31.151,21556,21558,21558,2,2
2024-05-22 15:21:31.206,21556,21558,21558,3,3
2024-05-22 15:21:31.206,21556,21558,21559,3,3
2024-05-22 15:21:31.260,21557,21559,21559,2,2
2024-05-22 15:21:31.265,21557,21559,21559,2,2
2024-05-22 15:21:31.303,21557,21559,21559,2,2
2024-05-22 15:21:40.255,21558,21559,21559,1,1
2024-05-22 15:21:41.053,21559,21560,21559,1,-1
2024-05-22 15:21:41.696,21559,21560,21560,2,2
2024-05-22 15:21:41.696,21559,21560,21560,2,2
2024-05-22 15:21:41.768,21560,21561,21561,1,1
2024-05-22 15:21:43.979,21560,21561,21560,3,-3
2024-05-22 15:21:45.083,21560,21561,21560,1,-1
2024-05-22 15:21:45.428,21559,21560,21559,2,-2
2024-05-22 15:21:45.428,21559,21560,21559,1,-1
2024-05-22 15:21:45.428,21559,21560,21559,2,-2
2024-05-22 15:21:45.428,21559,21560,21559,3,-3
2024-05-22 15:21:45.916,21558,21559,21559,2,2
2024-05-22 15:21:46.632,21558,21559,21559,2,2
2024-05-22 15:21:46.632,21558,21559,21560,6,6
2024-05-22 15:21:51.093,21558,21560,21560,1,1
2024-05-22 15:21:51.794,21558,21560,21560,1,1
2024-05-22 15:21:53.708,21558,21560,21558,4,-4
2024-05-22 15:21:53.754,21558,21560,21559,2,-2
2024-05-22 15:21:54.948,21558,21559,21559,1,1
2024-05-22 15:21:54.955,21558,21559,21559,1,1
2024-05-22 15:21:55.321,21558,21559,21558,3,-3
2024-05-22 15:21:58.755,21558,21559,21558,1,-1
2024-05-22 15:22:04.706,21558,21560,21558,2,-2
2024-05-22 15:22:05.102,21558,21560,21558,1,-1
2024-05-22 15:22:12.862,21558,21559,21558,1,-1
2024-05-22 15:22:14.795,21558,21559,21559,1,1
2024-05-22 15:22:14.795,21558,21559,21559,1,1
2024-05-22 15:22:22.281,21558,21559,21559,1,1
2024-05-22 15:22:26.615,21559,21560,21560,1,1
2024-05-22 15:22:26.615,21559,21560,21560,4,4
2024-05-22 15:22:26.615,21559,21560,21560,1,1
2024-05-22 15:22:28.067,21560,21561,21560,1,-1
2024-05-22 15:22:29.760,21560,21561,21562,1,1
2024-05-22 15:22:29.760,21560,21561,21561,3,3
2024-05-22 15:22:35.077,21560,21562,21562,1,1
2024-05-22 15:22:36.261,21560,21562,21562,2,2
2024-05-22 15:22:41.995,21560,21562,21562,1,1
2024-05-22 15:22:45.769,21561,21562,21561,1,-1
2024-05-22 15:22:53.945,21560,21562,21562,1,1
2024-05-22 15:22:54.727,21560,21562,21560,1,-1
2024-05-22 15:22:56.866,21560,21562,21560,2,-2
2024-05-22 15:22:58.193,21560,21561,21561,1,1
2024-05-22 15:23:00.443,21560,21562,21560,1,-1
2024-05-22 15:23:03.570,21561,21562,21561,1,-1
2024-05-22 15:23:03.571,21561,21562,21561,5,-5
2024-05-22 15:23:04.577,21560,21562,21560,1,-1
2024-05-22 15:23:07.537,21561,21562,21561,1,-1
2024-05-22 15:23:08.386,21561,21562,21561,1,-1
2024-05-22 15:23:12.341,21561,21562,21562,2,2
2024-05-22 15:23:12.341,21561,21562,21562,1,1
2024-05-22 15:23:12.341,21561,21562,21562,1,1
2024-05-22 15:23:21.859,21560,21562,21562,1,1
2024-05-22 15:23:23.904,21560,21562,21560,2,-2
2024-05-22 15:23:36.094,21561,21562,21561,1,-1
2024-05-22 15:23:41.789,21561,21562,21561,4,-4
2024-05-22 15:23:41.792,21561,21562,21561,2,-2
2024-05-22 15:23:42.320,21560,21561,21560,1,-1
2024-05-22 15:23:42.321,21560,21561,21560,3,-3
2024-05-22 15:23:42.321,21560,21561,21560,2,-2
2024-05-22 15:23:42.321,21560,21561,21560,1,-1
2024-05-22 15:23:42.321,21560,21561,21560,1,-1
2024-05-22 15:23:42.321,21560,21561,21560,1,-1
2024-05-22 15:23:42.321,21560,21561,21560,2,-2
2024-05-22 15:23:42.321,21560,21561,21560,1,-1
2024-05-22 15:23:42.768,21559,21561,21561,1,1
2024-05-22 15:23:42.910,21559,21561,21561,1,1
2024-05-22 15:23:43.025,21559,21561,21561,1,1
2024-05-22 15:23:43.027,21559,21561,21561,1,1
2024-05-22 15:23:43.792,21560,21562,21560,1,-1
2024-05-22 15:23:48.097,21560,21561,21561,1,1
2024-05-22 15:23:54.230,21560,21561,21560,1,-1
2024-05-22 15:23:55.813,21560,21561,21560,1,-1
2024-05-22 15:23:56.687,21560,21561,21560,1,-1
2024-05-22 15:23:58.661,21560,21561,21560,1,-1
2024-05-22 15:23:58.887,21560,21561,21561,1,1
2024-05-22 15:24:00.059,21560,21561,21561,1,1
2024-05-22 15:24:14.004,21561,21562,21561,3,-3
2024-05-22 15:24:16.890,21560,21561,21560,1,-1
2024-05-22 15:24:16.890,21560,21561,21560,1,-1
2024-05-22 15:24:19.505,21559,21560,21560,3,3
2024-05-22 15:24:24.010,21559,21560,21559,1,-1
2024-05-22 15:24:29.005,21558,21559,21559,1,1
2024-05-22 15:24:30.857,21558,21559,21558,1,-1
2024-05-22 15:24:35.710,21558,21559,21558,4,-4
2024-05-22 15:24:35.711,21558,21559,21558,2,-2
2024-05-22 15:24:35.711,21558,21559,21558,1,-1
2024-05-22 15:24:35.712,21558,21559,21558,1,-1
2024-05-22 15:24:35.719,21558,21559,21558,3,-3
2024-05-22 15:24:40.356,21557,21558,21557,1,-1
2024-05-22 15:24:41.022,21557,21558,21557,2,-2
2024-05-22 15:25:07.748,21556,21557,21556,3,-3
2024-05-22 15:25:08.110,21555,21557,21555,1,-1
2024-05-22 15:25:08.110,21555,21557,21555,1,-1
2024-05-22 15:25:08.225,21555,21557,21555,1,-1
2024-05-22 15:25:08.487,21555,21556,21555,1,-1
2024-05-22 15:25:11.125,21555,21556,21555,2,-2
2024-05-22 15:25:14.445,21555,21556,21555,1,-1
2024-05-22 15:25:16.828,21555,21556,21555,1,-1
2024-05-22 15:25:17.498,21554,21555,21554,1,-1
2024-05-22 15:25:18.396,21554,21555,21554,1,-1
2024-05-22 15:25:20.107,21553,21554,21553,1,-1
2024-05-22 15:25:20.207,21553,21554,21553,1,-1
2024-05-22 15:25:26.951,21552,21553,21552,2,-2
2024-05-22 15:25:34.979,21552,21553,21552,1,-1
2024-05-22 15:25:45.644,21552,21553,21553,3,3
2024-05-22 15:25:50.855,21555,21557,21555,1,-1
2024-05-22 15:25:51.068,21555,21556,21555,1,-1
2024-05-22 15:25:52.737,21554,21556,21554,1,-1
2024-05-22 15:25:54.522,21554,21556,21554,1,-1
2024-05-22 15:25:54.678,21554,21556,21554,1,-1
2024-05-22 15:25:56.951,21554,21556,21554,1,-1
2024-05-22 15:25:58.380,21554,21556,21554,1,-1
2024-05-22 15:26:00.638,21554,21556,21554,1,-1
2024-05-22 15:26:02.896,21555,21556,21555,1,-1
2024-05-22 15:26:03.358,21554,21555,21554,3,-3
2024-05-22 15:26:06.231,21553,21555,21553,1,-1
2024-05-22 15:26:12.228,21553,21554,21553,1,-1
2024-05-22 15:26:12.354,21553,21554,21552,2,-2
2024-05-22 15:26:12.355,21552,21553,21552,2,-2
2024-05-22 15:26:12.355,21552,21553,21552,1,-1
2024-05-22 15:26:21.238,21551,21552,21551,1,-1
2024-05-22 15:26:21.380,21551,21552,21551,2,-2
2024-05-22 15:26:21.405,21551,21552,21551,1,-1
2024-05-22 15:26:28.320,21551,21552,21552,1,1
2024-05-22 15:26:31.507,21551,21552,21552,1,1
2024-05-22 15:26:45.651,21552,21553,21553,1,1
2024-05-22 15:26:45.652,21552,21553,21553,1,1
2024-05-22 15:26:53.003,21553,21554,21554,1,1
2024-05-22 15:27:35.696,21554,21555,21554,2,-2
2024-05-22 15:27:35.696,21554,21555,21554,4,-4
2024-05-22 15:27:46.589,21554,21555,21554,1,-1
2024-05-22 15:27:49.414,21554,21555,21554,1,-1
2024-05-22 15:27:56.482,21553,21554,21553,1,-1
2024-05-22 15:27:56.483,21553,21554,21553,2,-2
2024-05-22 15:27:57.671,21553,21554,21553,4,-4
2024-05-22 15:28:04.879,21552,21553,21552,1,-1
2024-05-22 15:28:05.126,21552,21553,21552,1,-1
2024-05-22 15:28:05.542,21551,21553,21551,1,-1
2024-05-22 15:28:08.029,21551,21552,21551,4,-4
2024-05-22 15:28:08.029,21551,21552,21550,1,-1
2024-05-22 15:28:11.475,21550,21552,21551,1,-1
2024-05-22 15:28:15.358,21550,21552,21550,1,-1
2024-05-22 15:28:20.195,21550,21551,21550,1,-1
2024-05-22 15:28:22.500,21550,21551,21550,4,-4
2024-05-22 15:28:25.603,21550,21551,21550,3,-3
2024-05-22 15:28:25.782,21550,21551,21550,3,-3
2024-05-22 15:28:25.966,21550,21551,21550,3,-3
2024-05-22 15:28:26.123,21550,21551,21550,3,-3
2024-05-22 15:28:27.285,21550,21551,21551,1,1
2024-05-22 15:28:27.286,21550,21551,21551,2,2
2024-05-22 15:28:27.414,21550,21552,21550,8,-8
2024-05-22 15:28:28.960,21550,21552,21550,1,-1
2024-05-22 15:28:32.284,21550,21552,21550,3,-3
2024-05-22 15:28:33.161,21549,21550,21549,3,-3
2024-05-22 15:28:34.217,21549,21550,21550,2,2
2024-05-22 15:28:41.164,21550,21551,21550,1,-1
2024-05-22 15:28:54.187,21550,21551,21551,1,1
2024-05-22 15:28:54.187,21550,21551,21552,1,1
2024-05-22 15:28:55.917,21552,21554,21552,2,-2
2024-05-22 15:29:07.753,21551,21552,21552,1,1
2024-05-22 15:29:09.708,21553,21554,21554,2,2
2024-05-22 15:29:10.715,21554,21555,21555,2,2
2024-05-22 15:29:27.718,21555,21556,21555,3,-3
2024-05-22 15:29:37.517,21554,21555,21555,6,6
2024-05-22 15:29:55.211,21554,21555,21554,1,-1
2024-05-22 15:30:00.630,21553,21554,21553,1,-1
2024-05-22 15:30:00.907,21553,21554,21554,3,3
2024-05-22 15:30:00.912,21553,21554,21554,2,2
2024-05-22 15:30:00.912,21553,21554,21555,5,5
2024-05-22 15:30:01.131,21553,21555,21555,4,4
2024-05-22 15:30:01.248,21554,21555,21555,1,1
2024-05-22 15:30:08.992,21553,21555,21555,6,6
2024-05-22 15:30:08.992,21553,21555,21556,4,4
2024-05-22 15:30:10.011,21555,21556,21555,1,-1
2024-05-22 15:30:13.921,21555,21556,21555,6,-6
2024-05-22 15:30:13.922,21555,21556,21555,1,-1
2024-05-22 15:30:20.197,21554,21555,21554,2,-2
2024-05-22 15:30:20.482,21553,21555,21555,1,1
2024-05-22 15:30:21.490,21553,21555,21555,1,1
2024-05-22 15:30:33.616,21554,21556,21554,1,-1
2024-05-22 15:30:47.411,21554,21555,21554,1,-1
2024-05-22 15:30:47.957,21553,21554,21554,1,1
2024-05-22 15:31:00.186,21553,21554,21553,1,-1
2024-05-22 15:31:01.481,21552,21553,21553,1,1
2024-05-22 15:31:02.559,21553,21554,21553,1,-1
2024-05-22 15:31:05.423,21553,21554,21553,1,-1
2024-05-22 15:31:05.423,21553,21554,21553,1,-1
2024-05-22 15:31:06.586,21552,21553,21552,2,-2
2024-05-22 15:31:06.590,21552,21553,21552,1,-1
2024-05-22 15:31:11.373,21550,21552,21551,1,-1
2024-05-22 15:31:15.345,21551,21552,21551,2,-2
2024-05-22 15:31:15.346,21551,21552,21550,17,-17
2024-05-22 15:31:15.346,21551,21552,21551,1,-1
2024-05-22 15:31:15.348,21551,21552,21549,2,-2
2024-05-22 15:31:15.349,21551,21552,21549,3,-3
2024-05-22 15:31:15.349,21551,21552,21549,2,-2
2024-05-22 15:31:15.349,21551,21552,21549,1,-1
2024-05-22 15:31:15.349,21551,21552,21549,1,-1
2024-05-22 15:31:15.350,21551,21552,21549,4,-4
2024-05-22 15:31:15.350,21551,21552,21549,2,-2
2024-05-22 15:31:15.350,21551,21552,21549,1,-1
2024-05-22 15:31:15.350,21551,21552,21549,2,-2
2024-05-22 15:31:15.350,21551,21552,21549,13,-13
2024-05-22 15:31:15.350,21551,21552,21549,1,-1
2024-05-22 15:31:15.350,21551,21552,21549,1,-1
2024-05-22 15:31:15.350,21551,21552,21549,1,-1
2024-05-22 15:31:15.413,21548,21549,21548,1,-1
2024-05-22 15:31:15.413,21548,21549,21548,1,-1
2024-05-22 15:31:15.433,21548,21549,21548,6,-6
2024-05-22 15:31:15.567,21548,21549,21548,3,-3
2024-05-22 15:31:15.702,21548,21549,21548,11,-11
2024-05-22 15:31:17.054,21548,21549,21548,1,-1
2024-05-22 15:31:18.366,21548,21549,21549,2,2
2024-05-22 15:31:20.031,21550,21552,21550,5,-5
2024-05-22 15:31:20.032,21550,21552,21550,9,-9
2024-05-22 15:31:20.033,21550,21552,21550,1,-1
2024-05-22 15:31:20.341,21549,21551,21550,1,-1
2024-05-22 15:31:24.545,21548,21549,21548,5,-5
2024-05-22 15:31:24.545,21548,21549,21547,5,-5
2024-05-22 15:31:25.699,21547,21549,21549,1,1
2024-05-22 15:31:29.050,21549,21550,21550,2,2
2024-05-22 15:31:29.749,21550,21551,21551,1,1
2024-05-22 15:31:29.749,21550,21551,21551,2,2
2024-05-22 15:31:29.750,21550,21551,21551,2,2
2024-05-22 15:31:29.750,21550,21551,21551,1,1
2024-05-22 15:31:40.250,21550,21551,21550,1,-1
2024-05-22 15:31:51.701,21551,21552,21551,1,-1
2024-05-22 15:31:51.701,21551,21552,21550,4,-4
2024-05-22 15:31:55.275,21550,21552,21550,1,-1
2024-05-22 15:32:05.222,21552,21553,21552,2,-2
2024-05-22 15:32:05.565,21552,21553,21552,1,-1
2024-05-22 15:32:05.643,21552,21553,21552,1,-1
2024-05-22 15:32:06.448,21552,21553,21552,1,-1
2024-05-22 15:32:07.781,21552,21553,21553,1,1
2024-05-22 15:32:13.948,21553,21554,21553,2,-2
2024-05-22 15:32:25.159,21552,21554,21552,2,-2
2024-05-22 15:32:34.706,21551,21553,21551,9,-9
2024-05-22 15:32:38.464,21551,21553,21553,1,1
2024-05-22 15:32:46.940,21550,21552,21550,1,-1
2024-05-22 15:32:52.580,21551,21552,21552,1,1
2024-05-22 15:32:56.050,21551,21552,21551,3,-3
2024-05-22 15:32:56.050,21551,21552,21550,5,-5
2024-05-22 15:33:02.411,21551,21553,21551,1,-1
2024-05-22 15:33:02.963,21551,21553,21551,2,-2
2024-05-22 15:33:10.469,21551,21552,21552,1,1
2024-05-22 15:33:10.469,21551,21552,21552,1,1
2024-05-22 15:33:11.787,21551,21553,21551,7,-7
2024-05-22 15:33:18.311,21551,21553,21553,1,1
2024-05-22 15:33:22.799,21551,21553,21553,3,3
2024-05-22 15:33:23.367,21551,21554,21551,6,-6
2024-05-22 15:33:35.563,21552,21553,21552,3,-3
2024-05-22 15:33:45.817,21552,21553,21552,1,-1
2024-05-22 15:33:58.805,21552,21553,21552,1,-1
2024-05-22 15:34:06.780,21552,21553,21553,3,3
2024-05-22 15:34:11.235,21552,21553,21553,4,4
2024-05-22 15:34:16.700,21551,21553,21552,1,1
2024-05-22 15:34:20.253,21553,21554,21553,1,-1
2024-05-22 15:34:23.614,21553,21554,21554,3,3
2024-05-22 15:34:25.224,21553,21555,21554,1,1
2024-05-22 15:35:00.940,21554,21555,21555,1,1
2024-05-22 15:35:00.940,21554,21555,21555,4,4
2024-05-22 15:35:00.940,21554,21555,21555,2,2
2024-05-22 15:35:01.169,21555,21556,21555,1,-1
2024-05-22 15:35:07.793,21555,21556,21555,1,-1
2024-05-22 15:35:08.594,21554,21555,21555,1,1
2024-05-22 15:35:12.541,21554,21555,21555,1,1
2024-05-22 15:35:16.431,21555,21556,21556,5,5
2024-05-22 15:35:24.411,21556,21557,21556,1,-1
2024-05-22 15:35:28.298,21556,21557,21557,1,1
2024-05-22 15:35:30.261,21556,21557,21556,3,-3
2024-05-22 15:35:34.265,21555,21556,21556,2,2
2024-05-22 15:35:56.217,21556,21557,21556,1,-1
2024-05-22 15:36:07.028,21556,21557,21557,1,1
2024-05-22 15:36:07.205,21556,21557,21556,1,-1
2024-05-22 15:36:08.635,21555,21557,21555,2,-2
2024-05-22 15:36:13.427,21554,21556,21554,1,-1
2024-05-22 15:36:19.034,21554,21556,21556,1,1
2024-05-22 15:36:33.476,21554,21555,21554,6,-6
2024-05-22 15:36:33.476,21554,21555,21554,2,-2
2024-05-22 15:36:33.477,21554,21555,21554,1,-1
2024-05-22 15:36:33.477,21554,21555,21554,2,-2
2024-05-22 15:36:39.167,21553,21554,21554,2,2
2024-05-22 15:36:40.260,21553,21554,21553,5,-5
2024-05-22 15:36:41.892,21553,21554,21554,1,1
2024-05-22 15:36:53.438,21553,21555,21553,5,-5
2024-05-22 15:37:07.394,21554,21555,21554,1,-1
2024-05-22 15:37:07.394,21554,21555,21553,3,-3
2024-05-22 15:37:19.512,21553,21554,21553,3,-3
2024-05-22 15:37:28.303,21553,21554,21553,1,-1
2024-05-22 15:37:33.130,21553,21554,21553,5,-5
2024-05-22 15:37:33.404,21553,21554,21553,3,-3
2024-05-22 15:37:33.404,21553,21554,21552,1,-1
2024-05-22 15:37:40.584,21552,21554,21553,1,-1
2024-05-22 15:37:44.696,21552,21554,21552,2,-2
2024-05-22 15:37:44.874,21552,21554,21552,5,-5
2024-05-22 15:38:07.591,21552,21553,21553,1,1
2024-05-22 15:38:07.592,21552,21553,21553,2,2
2024-05-22 15:38:08.179,21552,21554,21552,1,-1
2024-05-22 15:38:35.163,21552,21554,21554,2,2
2024-05-22 15:38:40.203,21553,21554,21554,1,1
2024-05-22 15:38:43.998,21552,21555,21552,1,-1
2024-05-22 15:39:01.650,21553,21555,21553,3,-3
2024-05-22 15:39:31.709,21554,21555,21554,1,-1
2024-05-22 15:39:38.295,21554,21555,21555,1,1
2024-05-22 15:39:38.295,21554,21555,21555,4,4
2024-05-22 15:39:38.295,21554,21555,21555,2,2
2024-05-22 15:39:38.295,21554,21555,21555,1,1
2024-05-22 15:39:38.295,21554,21555,21555,2,2
2024-05-22 15:39:48.462,21555,21556,21556,1,1
2024-05-22 15:39:52.800,21555,21556,21556,5,5
2024-05-22 15:39:52.801,21555,21556,21556,3,3
2024-05-22 15:39:52.801,21555,21556,21556,1,1
2024-05-22 15:40:00.193,21556,21557,21557,2,2
2024-05-22 15:40:06.732,21557,21558,21558,1,1
2024-05-22 15:40:06.733,21557,21558,21558,4,4
2024-05-22 15:40:07.745,21558,21559,21559,2,2
2024-05-22 15:40:09.059,21559,21560,21559,3,-3
2024-05-22 15:40:13.136,21557,21559,21559,1,1
2024-05-22 15:40:16.810,21557,21559,21559,1,1
2024-05-22 15:40:16.938,21557,21559,21559,1,1
2024-05-22 15:40:20.303,21557,21559,21559,3,3
2024-05-22 15:40:22.084,21559,21560,21560,1,1
2024-05-22 15:40:22.084,21559,21560,21560,2,2
2024-05-22 15:40:22.085,21559,21560,21560,1,1
2024-05-22 15:40:25.399,21560,21561,21560,1,-1
2024-05-22 15:40:26.093,21559,21561,21561,4,4
2024-05-22 15:40:26.156,21560,21562,21562,4,4
2024-05-22 15:40:26.252,21560,21562,21562,1,1
2024-05-22 15:40:33.190,21560,21561,21560,1,-1
2024-05-22 15:40:37.127,21560,21561,21561,4,4
2024-05-22 15:40:37.127,21560,21561,21562,7,7
2024-05-22 15:40:37.128,21560,21561,21562,14,14
2024-05-22 15:40:37.129,21560,21561,21562,1,1
2024-05-22 15:40:39.278,21561,21562,21562,2,2
2024-05-22 15:40:39.748,21561,21562,21561,1,-1
2024-05-22 15:40:42.922,21560,21562,21562,3,3
2024-05-22 15:40:45.104,21560,21562,21562,1,1
2024-05-22 15:40:46.421,21560,21562,21562,6,6
2024-05-22 15:40:56.850,21561,21562,21561,3,-3
2024-05-22 15:41:00.019,21561,21562,21561,1,-1
2024-05-22 15:41:00.197,21560,21562,21562,7,7
2024-05-22 15:41:00.685,21560,21562,21560,1,-1
2024-05-22 15:41:02.816,21561,21562,21562,1,1
2024-05-22 15:41:10.171,21561,21562,21562,1,1
2024-05-22 15:41:11.297,21561,21563,21561,1,-1
2024-05-22 15:41:13.827,21561,21562,21562,2,2
2024-05-22 15:41:17.085,21561,21562,21562,1,1
2024-05-22 15:41:19.225,21562,21563,21562,3,-3
2024-05-22 15:41:19.692,21562,21563,21562,1,-1
2024-05-22 15:41:22.446,21561,21562,21562,1,1
2024-05-22 15:41:27.485,21562,21563,21562,2,-2
2024-05-22 15:41:28.342,21562,21563,21562,1,-1
2024-05-22 15:41:29.016,21561,21562,21562,1,1
2024-05-22 15:41:37.059,21561,21562,21562,3,3
2024-05-22 15:41:40.195,21562,21563,21563,4,4
2024-05-22 15:41:40.246,21562,21563,21563,1,1
2024-05-22 15:41:40.327,21562,21563,21563,2,2
2024-05-22 15:41:40.534,21562,21563,21563,1,1
2024-05-22 15:41:40.624,21562,21563,21563,1,1
2024-05-22 15:41:41.450,21562,21563,21563,2,2
2024-05-22 15:41:45.744,21562,21563,21563,1,1
2024-05-22 15:41:48.939,21562,21563,21562,1,-1
2024-05-22 15:41:53.940,21562,21563,21562,4,-4
2024-05-22 15:41:53.941,21562,21563,21562,2,-2
2024-05-22 15:41:58.633,21561,21562,21562,3,3
2024-05-22 15:42:00.697,21562,21563,21563,2,2
2024-05-22 15:42:09.884,21562,21563,21563,1,1
2024-05-22 15:42:10.235,21562,21563,21563,4,4
2024-05-22 15:42:10.257,21562,21563,21563,1,1
2024-05-22 15:42:11.144,21562,21564,21564,5,5
2024-05-22 15:42:11.257,21562,21564,21564,1,1
2024-05-22 15:42:12.095,21563,21564,21564,4,4
2024-05-22 15:42:14.293,21563,21564,21563,1,-1
2024-05-22 15:42:14.369,21562,21563,21562,4,-4
2024-05-22 15:42:16.119,21562,21563,21563,1,1
2024-05-22 15:42:16.536,21562,21563,21563,1,1
2024-05-22 15:42:32.574,21563,21564,21563,1,-1
2024-05-22 15:42:34.176,21563,21564,21564,2,2
2024-05-22 15:42:36.086,21563,21564,21564,4,4
2024-05-22 15:42:36.492,21563,21564,21564,2,2
2024-05-22 15:42:36.556,21563,21564,21564,4,4
2024-05-22 15:42:36.556,21563,21564,21564,4,4
2024-05-22 15:42:36.556,21563,21564,21564,4,4
2024-05-22 15:42:36.748,21564,21565,21565,4,4
2024-05-22 15:42:36.748,21564,21565,21565,2,2
2024-05-22 15:42:36.749,21564,21565,21565,1,1
2024-05-22 15:42:36.749,21564,21565,21565,1,1
2024-05-22 15:42:36.749,21564,21565,21565,1,1
2024-05-22 15:42:36.749,21564,21565,21565,3,3
2024-05-22 15:42:36.749,21564,21565,21565,14,14
2024-05-22 15:42:37.477,21565,21566,21565,1,-1
2024-05-22 15:42:38.208,21565,21566,21566,2,2
2024-05-22 15:42:38.240,21565,21566,21566,1,1
2024-05-22 15:42:41.445,21565,21566,21566,1,1
2024-05-22 15:42:42.843,21565,21566,21566,1,1
2024-05-22 15:42:48.093,21565,21566,21566,2,2
2024-05-22 15:42:48.093,21565,21566,21566,1,1
2024-05-22 15:42:48.093,21565,21566,21566,2,2
2024-05-22 15:42:48.094,21565,21566,21566,1,1
2024-05-22 15:42:48.094,21565,21566,21566,2,2
2024-05-22 15:42:48.519,21565,21567,21567,1,1
2024-05-22 15:42:52.451,21565,21566,21566,1,1
2024-05-22 15:42:52.552,21565,21567,21567,1,1
2024-05-22 15:42:54.995,21565,21567,21567,1,1
2024-05-22 15:42:55.196,21565,21567,21567,1,1
2024-05-22 15:42:55.602,21565,21567,21567,2,2
2024-05-22 15:42:59.887,21566,21567,21566,1,-1
2024-05-22 15:42:59.996,21565,21566,21566,2,2
2024-05-22 15:43:00.083,21565,21566,21567,1,1
2024-05-22 15:43:00.585,21565,21567,21567,1,1
2024-05-22 15:43:00.604,21565,21567,21567,1,1
2024-05-22 15:43:00.770,21565,21567,21567,1,1
2024-05-22 15:43:00.967,21565,21567,21567,1,1
2024-05-22 15:43:01.162,21565,21567,21567,1,1
2024-05-22 15:43:01.315,21565,21567,21567,1,1
2024-05-22 15:43:01.497,21565,21567,21567,1,1
2024-05-22 15:43:01.680,21565,21567,21567,1,1
2024-05-22 15:43:01.864,21565,21567,21567,1,1
2024-05-22 15:43:02.033,21565,21567,21567,1,1
2024-05-22 15:43:02.209,21565,21567,21567,1,1
2024-05-22 15:43:02.339,21565,21567,21567,5,5
2024-05-22 15:43:02.409,21566,21568,21568,1,1
2024-05-22 15:43:02.614,21566,21568,21568,1,1
2024-05-22 15:43:02.796,21566,21568,21568,1,1
2024-05-22 15:43:02.952,21566,21568,21568,1,1
2024-05-22 15:43:03.153,21566,21568,21568,1,1
2024-05-22 15:43:03.321,21566,21568,21568,1,1
2024-05-22 15:43:03.475,21566,21568,21568,1,1
2024-05-22 15:43:03.638,21566,21568,21568,1,1
2024-05-22 15:43:03.838,21566,21568,21568,1,1
2024-05-22 15:43:04.049,21566,21568,21568,1,1
2024-05-22 15:43:04.795,21565,21567,21567,1,1
2024-05-22 15:43:08.372,21565,21567,21567,1,1
2024-05-22 15:43:11.117,21566,21567,21567,1,1
2024-05-22 15:43:15.785,21566,21567,21567,1,1
2024-05-22 15:43:17.708,21566,21567,21567,12,12
2024-05-22 15:43:17.708,21566,21567,21568,18,18
2024-05-22 15:43:20.247,21567,21568,21567,1,-1
2024-05-22 15:43:29.579,21567,21569,21568,1,-1
2024-05-22 15:43:36.148,21568,21569,21568,4,-4
2024-05-22 15:43:38.131,21568,21569,21569,13,13
2024-05-22 15:43:38.131,21568,21569,21570,17,17
2024-05-22 15:43:38.133,21568,21569,21570,1,1
2024-05-22 15:43:38.134,21568,21569,21570,2,2
2024-05-22 15:43:38.134,21568,21569,21570,1,1
2024-05-22 15:43:38.134,21568,21569,21570,1,1
2024-05-22 15:43:38.134,21568,21569,21570,2,2
2024-05-22 15:43:38.134,21568,21569,21570,2,2
2024-05-22 15:43:38.134,21568,21569,21570,1,1
2024-05-22 15:43:38.135,21568,21569,21570,1,1
2024-05-22 15:43:38.280,21569,21570,21570,2,2
2024-05-22 15:43:38.310,21569,21570,21569,2,-2
2024-05-22 15:43:39.051,21569,21570,21569,1,-1
2024-05-22 15:43:39.081,21569,21570,21569,1,-1
2024-05-22 15:43:39.279,21569,21570,21569,2,-2
2024-05-22 15:43:39.775,21569,21570,21569,1,-1
2024-05-22 15:43:41.157,21569,21570,21569,1,-1
2024-05-22 15:43:41.744,21569,21570,21570,1,1
2024-05-22 15:43:42.301,21569,21570,21570,1,1
2024-05-22 15:43:42.322,21569,21570,21570,1,1
2024-05-22 15:43:42.374,21569,21571,21571,2,2
2024-05-22 15:43:43.062,21569,21571,21571,1,1
2024-05-22 15:43:45.564,21569,21570,21570,1,1
2024-05-22 15:43:47.615,21569,21571,21569,1,-1
2024-05-22 15:43:48.662,21569,21570,21570,1,1
2024-05-22 15:43:49.242,21570,21571,21571,1,1
2024-05-22 15:43:50.600,21570,21571,21571,15,15
2024-05-22 15:43:50.601,21570,21571,21571,1,1
2024-05-22 15:43:53.426,21571,21572,21571,1,-1
2024-05-22 15:43:53.693,21570,21572,21572,1,1
2024-05-22 15:43:53.727,21570,21572,21572,1,1
2024-05-22 15:43:56.343,21570,21572,21572,1,1
2024-05-22 15:43:58.771,21570,21572,21572,1,1
2024-05-22 15:43:58.819,21570,21572,21572,10,10
2024-05-22 15:43:58.851,21570,21572,21572,3,3
2024-05-22 15:44:00.697,21571,21572,21571,1,-1
2024-05-22 15:44:01.183,21570,21572,21570,1,-1
2024-05-22 15:44:02.224,21570,21572,21571,1,-1
2024-05-22 15:44:03.732,21571,21572,21572,1,1
2024-05-22 15:44:03.806,21571,21572,21572,1,1
2024-05-22 15:44:05.899,21571,21573,21573,2,2
2024-05-22 15:44:06.270,21571,21573,21572,1,1
2024-05-22 15:44:06.598,21571,21573,21571,1,-1
2024-05-22 15:44:08.594,21571,21573,21573,5,5
2024-05-22 15:44:11.172,21572,21573,21573,1,1
2024-05-22 15:44:11.600,21572,21573,21572,1,-1
2024-05-22 15:44:12.468,21571,21573,21573,1,1
2024-05-22 15:44:12.596,21571,21573,21573,1,1
2024-05-22 15:44:13.523,21571,21573,21573,1,1
2024-05-22 15:44:16.266,21572,21573,21572,1,-1
2024-05-22 15:44:16.969,21572,21573,21572,1,-1
2024-05-22 15:44:21.467,21571,21572,21571,4,-4
2024-05-22 15:44:21.726,21570,21571,21570,5,-5
2024-05-22 15:44:21.727,21570,21571,21570,3,-3
2024-05-22 15:44:21.727,21570,21571,21570,1,-1
2024-05-22 15:44:21.727,21570,21571,21570,5,-5
2024-05-22 15:44:21.727,21570,21571,21570,1,-1
2024-05-22 15:44:27.018,21570,21571,21570,1,-1
2024-05-22 15:44:29.900,21570,21571,21571,1,1
2024-05-22 15:44:29.900,21570,21571,21572,7,7
2024-05-22 15:44:29.900,21570,21571,21573,2,2
2024-05-22 15:44:31.223,21571,21573,21571,1,-1
2024-05-22 15:44:31.772,21571,21573,21571,1,-1
2024-05-22 15:44:40.323,21571,21572,21572,1,1
2024-05-22 15:44:40.643,21571,21572,21572,1,1
2024-05-22 15:44:40.907,21571,21573,21573,1,1
2024-05-22 15:44:41.293,21571,21573,21571,2,-2
2024-05-22 15:44:41.809,21571,21573,21572,1,-1
2024-05-22 15:44:41.847,21571,21573,21571,1,-1
2024-05-22 15:44:42.161,21571,21572,21572,1,1
2024-05-22 15:44:45.859,21571,21572,21572,1,1
2024-05-22 15:44:46.661,21571,21572,21572,1,1
2024-05-22 15:44:48.673,21571,21572,21572,1,1
2024-05-22 15:44:48.673,21571,21572,21573,2,2
2024-05-22 15:44:52.553,21571,21572,21572,2,2
2024-05-22 15:44:58.358,21572,21573,21572,10,-10
2024-05-22 15:45:00.919,21571,21572,21571,9,-9
2024-05-22 15:45:00.919,21571,21572,21571,1,-1
2024-05-22 15:45:00.920,21571,21572,21571,1,-1
2024-05-22 15:45:00.920,21571,21572,21571,1,-1
2024-05-22 15:45:01.747,21570,21571,21571,1,1
2024-05-22 15:45:03.115,21570,21571,21571,3,3
2024-05-22 15:45:03.278,21570,21571,21570,1,-1
2024-05-22 15:45:03.279,21570,21571,21570,1,-1
2024-05-22 15:45:03.326,21570,21571,21569,1,-1
2024-05-22 15:45:03.347,21570,21571,21569,1,-1
2024-05-22 15:45:03.501,21569,21571,21569,1,-1
2024-05-22 15:45:03.843,21569,21571,21571,2,2
2024-05-22 15:45:04.586,21570,21572,21571,1,1
2024-05-22 15:45:04.587,21570,21572,21571,1,1
2024-05-22 15:45:07.854,21570,21571,21571,1,1
2024-05-22 15:45:16.530,21569,21571,21571,2,2
2024-05-22 15:45:23.671,21569,21571,21569,1,-1
2024-05-22 15:45:23.682,21569,21571,21570,1,-1
2024-05-22 15:45:23.856,21569,21571,21569,1,-1
2024-05-22 15:45:24.080,21569,21571,21570,3,-3
2024-05-22 15:45:25.779,21570,21571,21570,1,-1
2024-05-22 15:45:27.264,21569,21570,21570,1,1
2024-05-22 15:45:35.972,21569,21570,21570,1,1
2024-05-22 15:45:45.671,21569,21570,21569,1,-1
2024-05-22 15:45:45.729,21569,21570,21569,1,-1
2024-05-22 15:45:47.516,21569,21570,21569,1,-1
2024-05-22 15:45:47.516,21569,21570,21569,1,-1
2024-05-22 15:45:47.517,21569,21570,21569,2,-2
2024-05-22 15:45:49.558,21568,21570,21569,1,-1
2024-05-22 15:45:52.733,21569,21570,21569,1,-1
2024-05-22 15:45:59.600,21569,21570,21569,1,-1
2024-05-22 15:46:00.725,21569,21570,21569,1,-1
2024-05-22 15:46:01.592,21569,21570,21570,2,2
2024-05-22 15:46:01.593,21569,21570,21570,2,2
2024-05-22 15:46:02.705,21570,21571,21571,2,2
2024-05-22 15:46:08.400,21570,21571,21571,1,1
2024-05-22 15:46:09.099,21570,21571,21571,1,1
2024-05-22 15:46:10.065,21570,21571,21571,1,1
2024-05-22 15:46:14.195,21571,21572,21572,1,1
2024-05-22 15:46:14.195,21571,21572,21572,2,2
2024-05-22 15:46:14.195,21571,21572,21572,3,3
2024-05-22 15:46:14.217,21571,21572,21572,5,5
2024-05-22 15:46:21.987,21571,21573,21573,1,1
2024-05-22 15:46:23.794,21571,21573,21573,1,1
2024-05-22 15:46:23.897,21571,21573,21573,1,1
2024-05-22 15:46:24.030,21572,21573,21573,1,1
2024-05-22 15:46:24.238,21572,21573,21573,1,1
2024-05-22 15:46:24.293,21572,21573,21573,1,1
2024-05-22 15:46:24.564,21572,21573,21573,1,1
2024-05-22 15:46:24.692,21572,21574,21574,1,1
2024-05-22 15:46:25.311,21573,21574,21574,1,1
2024-05-22 15:46:25.398,21573,21574,21574,1,1
2024-05-22 15:46:25.718,21573,21574,21574,1,1
2024-05-22 15:46:26.233,21573,21574,21574,1,1
2024-05-22 15:46:26.452,21573,21574,21574,1,1
2024-05-22 15:46:26.593,21573,21574,21574,1,1
2024-05-22 15:46:26.913,21573,21574,21574,1,1
2024-05-22 15:46:27.251,21573,21574,21574,1,1
2024-05-22 15:46:27.378,21573,21574,21574,1,1
2024-05-22 15:46:27.688,21573,21574,21574,1,1
2024-05-22 15:46:27.928,21573,21574,21574,1,1
2024-05-22 15:46:28.203,21573,21574,21574,1,1
2024-05-22 15:46:28.813,21574,21575,21575,1,1
2024-05-22 15:46:28.880,21574,21575,21575,1,1
2024-05-22 15:46:29.051,21574,21575,21575,1,1
2024-05-22 15:46:29.052,21574,21575,21575,3,3
2024-05-22 15:46:29.052,21574,21575,21575,5,5
2024-05-22 15:46:29.052,21574,21575,21575,2,2
2024-05-22 15:46:29.053,21574,21575,21575,1,1
2024-05-22 15:46:29.053,21574,21575,21575,7,7
2024-05-22 15:46:29.053,21574,21575,21575,3,3
2024-05-22 15:46:29.078,21574,21575,21576,4,4
2024-05-22 15:46:29.078,21574,21575,21577,9,9
2024-05-22 15:46:29.118,21575,21577,21577,5,5
2024-05-22 15:46:29.118,21575,21577,21576,3,3
2024-05-22 15:46:29.130,21575,21577,21576,3,3
2024-05-22 15:46:29.167,21575,21577,21576,1,1
2024-05-22 15:46:29.350,21575,21576,21575,1,-1
2024-05-22 15:46:29.433,21574,21575,21575,1,1
2024-05-22 15:46:30.182,21575,21576,21576,1,1
2024-05-22 15:46:30.205,21575,21576,21575,1,-1
2024-05-22 15:46:30.224,21575,21576,21576,1,1
2024-05-22 15:46:30.513,21575,21576,21576,1,1
2024-05-22 15:46:31.934,21575,21576,21575,1,-1
2024-05-22 15:46:34.426,21575,21576,21576,1,1
2024-05-22 15:46:34.802,21575,21576,21576,1,1
2024-05-22 15:46:34.933,21575,21576,21576,1,1
2024-05-22 15:46:35.087,21575,21576,21576,1,1
2024-05-22 15:46:35.485,21575,21577,21576,1,1
2024-05-22 15:46:35.626,21575,21576,21576,1,1
2024-05-22 15:46:43.062,21575,21576,21575,6,-6
2024-05-22 15:46:43.130,21574,21575,21575,1,1
2024-05-22 15:46:43.133,21574,21575,21575,2,2
2024-05-22 15:46:43.308,21574,21575,21575,1,1
2024-05-22 15:46:44.753,21574,21575,21575,1,1
2024-05-22 15:46:46.697,21574,21575,21575,2,2
2024-05-22 15:46:49.600,21574,21575,21575,1,1
2024-05-22 15:46:51.149,21574,21575,21575,1,1
2024-05-22 15:46:52.405,21574,21575,21574,3,-3
2024-05-22 15:46:52.406,21574,21575,21574,2,-2
2024-05-22 15:46:52.406,21574,21575,21574,1,-1
2024-05-22 15:46:52.646,21572,21574,21574,1,1
2024-05-22 15:46:53.612,21573,21574,21573,1,-1
2024-05-22 15:47:00.236,21573,21574,21573,1,-1
2024-05-22 15:47:00.781,21573,21574,21573,1,-1
2024-05-22 15:47:00.781,21573,21574,21573,1,-1
2024-05-22 15:47:01.816,21572,21573,21573,1,1
2024-05-22 15:47:02.706,21573,21574,21573,1,-1
2024-05-22 15:47:08.088,21572,21573,21573,4,4
2024-05-22 15:47:17.199,21572,21573,21573,1,1
2024-05-22 15:47:19.882,21572,21573,21573,1,1
2024-05-22 15:47:19.882,21572,21573,21573,1,1
2024-05-22 15:47:20.822,21572,21574,21573,1,1
2024-05-22 15:47:21.693,21572,21573,21573,1,1
2024-05-22 15:47:22.193,21573,21574,21573,1,-1
2024-05-22 15:47:26.933,21573,21574,21573,1,-1
2024-05-22 15:47:30.453,21572,21573,21572,1,-1
2024-05-22 15:47:35.576,21572,21573,21573,1,1
2024-05-22 15:47:40.672,21573,21574,21573,1,-1
2024-05-22 15:47:46.739,21573,21574,21574,1,1
2024-05-22 15:47:54.736,21573,21574,21573,2,-2
2024-05-22 15:48:03.310,21573,21574,21573,1,-1
2024-05-22 15:48:03.683,21573,21574,21573,1,-1
2024-05-22 15:48:10.427,21573,21574,21574,1,1
2024-05-22 15:48:19.505,21573,21574,21573,1,-1
2024-05-22 15:48:22.939,21572,21574,21573,1,-1
2024-05-22 15:48:24.703,21572,21573,21573,2,2
2024-05-22 15:48:32.881,21573,21574,21573,1,-1
2024-05-22 15:48:35.984,21572,21573,21572,3,-3
2024-05-22 15:48:35.985,21572,21573,21572,1,-1
2024-05-22 15:48:46.520,21571,21572,21571,4,-4
2024-05-22 15:48:48.953,21570,21572,21570,1,-1
2024-05-22 15:48:50.721,21570,21572,21570,1,-1
2024-05-22 15:49:02.164,21571,21572,21571,1,-1
2024-05-22 15:49:10.930,21571,21572,21571,1,-1
2024-05-22 15:49:10.930,21571,21572,21571,1,-1
2024-05-22 15:49:10.930,21571,21572,21571,1,-1
2024-05-22 15:49:12.754,21570,21571,21571,1,1
2024-05-22 15:49:12.793,21570,21571,21571,1,1
2024-05-22 15:49:18.441,21571,21572,21572,3,3
2024-05-22 15:49:19.218,21572,21573,21573,1,1
2024-05-22 15:49:26.190,21572,21574,21572,1,-1
2024-05-22 15:49:31.460,21572,21573,21572,1,-1
2024-05-22 15:49:34.126,21572,21573,21573,1,1
2024-05-22 15:49:34.147,21572,21573,21573,2,2
2024-05-22 15:49:34.511,21573,21574,21574,2,2
2024-05-22 15:49:38.878,21572,21574,21572,1,-1
2024-05-22 15:49:42.273,21572,21574,21574,1,1
2024-05-22 15:49:42.375,21573,21574,21573,1,-1
2024-05-22 15:49:45.110,21573,21574,21573,1,-1
2024-05-22 15:49:46.501,21572,21574,21574,1,1
2024-05-22 15:49:49.271,21572,21573,21573,2,2
2024-05-22 15:49:54.367,21573,21574,21573,1,-1
2024-05-22 15:49:56.898,21573,21574,21574,2,2
2024-05-22 15:49:57.006,21574,21576,21574,6,-6
2024-05-22 15:50:00.950,21572,21574,21574,1,1
2024-05-22 15:50:02.038,21572,21574,21574,2,2
2024-05-22 15:50:03.971,21572,21574,21574,3,3
2024-05-22 15:50:04.329,21572,21574,21574,1,1
2024-05-22 15:50:06.569,21572,21574,21574,2,2
2024-05-22 15:50:09.053,21574,21575,21574,1,-1
2024-05-22 15:50:24.374,21574,21575,21574,1,-1
2024-05-22 15:50:25.257,21574,21575,21575,3,3
2024-05-22 15:50:29.341,21574,21575,21575,4,4
2024-05-22 15:50:37.290,21574,21575,21575,1,1
2024-05-22 15:50:38.996,21575,21576,21575,3,-3
2024-05-22 15:50:39.357,21574,21576,21576,1,1
2024-05-22 15:50:40.256,21574,21575,21574,1,-1
2024-05-22 15:50:41.017,21573,21575,21575,1,1
2024-05-22 15:50:50.917,21573,21575,21575,3,3
2024-05-22 15:50:52.711,21575,21576,21576,2,2
2024-05-22 15:50:52.712,21575,21576,21576,3,3
2024-05-22 15:50:59.162,21575,21577,21576,2,2
2024-05-22 15:51:01.473,21576,21577,21576,1,-1
2024-05-22 15:51:02.149,21576,21577,21576,1,-1
2024-05-22 15:51:03.749,21575,21576,21576,1,1
2024-05-22 15:51:07.602,21575,21576,21576,1,1
2024-05-22 15:51:13.463,21575,21576,21576,1,1
2024-05-22 15:51:15.927,21575,21576,21576,1,1
2024-05-22 15:51:15.927,21575,21576,21576,1,1
2024-05-22 15:51:20.436,21575,21576,21576,2,2
2024-05-22 15:51:20.494,21575,21576,21575,1,-1
2024-05-22 15:51:21.313,21575,21576,21575,1,-1
2024-05-22 15:51:36.837,21575,21576,21576,1,1
2024-05-22 15:51:37.135,21575,21576,21576,3,3
2024-05-22 15:51:41.524,21576,21577,21576,1,-1
2024-05-22 15:51:41.944,21576,21577,21576,1,-1
2024-05-22 15:51:42.226,21576,21577,21577,1,1
2024-05-22 15:51:43.706,21576,21577,21577,2,2
2024-05-22 15:51:44.429,21576,21577,21576,1,-1
2024-05-22 15:51:50.344,21576,21577,21577,2,2
2024-05-22 15:51:51.567,21576,21577,21577,2,2
2024-05-22 15:51:51.567,21576,21577,21577,2,2
2024-05-22 15:51:51.567,21576,21577,21577,4,4
2024-05-22 15:51:51.567,21576,21577,21577,1,1
2024-05-22 15:51:51.567,21576,21577,21577,2,2
2024-05-22 15:51:51.568,21576,21577,21577,2,2
2024-05-22 15:51:51.612,21577,21578,21577,1,-1
2024-05-22 15:51:52.587,21576,21578,21578,4,4
2024-05-22 15:51:55.042,21577,21578,21577,1,-1
2024-05-22 15:52:01.506,21577,21578,21578,2,2
2024-05-22 15:52:02.039,21577,21578,21578,1,1
2024-05-22 15:52:02.231,21577,21578,21578,1,1
2024-05-22 15:52:02.300,21577,21578,21578,1,1
2024-05-22 15:52:03.428,21577,21578,21578,1,1
2024-05-22 15:52:03.501,21577,21578,21577,2,-2
2024-05-22 15:52:03.737,21577,21578,21578,1,1
2024-05-22 15:52:05.780,21577,21578,21577,7,-7
2024-05-22 15:52:05.780,21577,21578,21577,2,-2
2024-05-22 15:52:06.753,21576,21577,21577,1,1
2024-05-22 15:52:06.753,21576,21577,21577,1,1
2024-05-22 15:52:07.623,21576,21577,21577,1,1
2024-05-22 15:52:09.874,21576,21577,21577,1,1
2024-05-22 15:52:09.923,21576,21577,21576,2,-2
2024-05-22 15:52:09.923,21576,21577,21576,3,-3
2024-05-22 15:52:09.926,21576,21577,21576,2,-2
2024-05-22 15:52:11.261,21575,21576,21576,2,2
2024-05-22 15:52:13.254,21575,21576,21575,1,-1
2024-05-22 15:52:13.377,21575,21576,21576,5,5
2024-05-22 15:52:13.399,21575,21576,21576,2,2
2024-05-22 15:52:16.128,21576,21577,21576,1,-1
2024-05-22 15:52:19.472,21576,21577,21577,1,1
2024-05-22 15:52:23.795,21576,21577,21577,1,1
2024-05-22 15:52:24.850,21576,21577,21577,1,1
2024-05-22 15:52:24.877,21576,21578,21577,5,5
2024-05-22 15:52:29.338,21576,21578,21577,1,1
2024-05-22 15:52:30.943,21577,21578,21577,1,-1
2024-05-22 15:52:33.058,21576,21577,21577,1,1
2024-05-22 15:52:33.743,21576,21577,21577,1,1
2024-05-22 15:52:37.902,21577,21578,21577,1,-1
2024-05-22 15:52:39.520,21577,21578,21578,1,1
2024-05-22 15:52:41.377,21577,21578,21577,1,-1
2024-05-22 15:52:43.169,21576,21578,21577,5,-5
2024-05-22 15:52:43.419,21577,21578,21577,2,-2
2024-05-22 15:52:44.676,21577,21578,21577,1,-1
2024-05-22 15:52:45.381,21576,21578,21578,4,4
2024-05-22 15:52:45.431,21576,21578,21578,2,2
2024-05-22 15:52:45.608,21577,21578,21578,1,1
2024-05-22 15:52:46.333,21577,21578,21577,1,-1
2024-05-22 15:52:47.331,21577,21578,21577,1,-1
2024-05-22 15:52:48.931,21577,21578,21577,1,-1
2024-05-22 15:52:51.159,21577,21578,21577,1,-1
2024-05-22 15:52:53.536,21577,21578,21577,1,-1
2024-05-22 15:52:53.700,21577,21578,21578,1,1
2024-05-22 15:52:53.885,21577,21578,21577,1,-1
2024-05-22 15:52:55.898,21577,21578,21577,1,-1
2024-05-22 15:52:59.099,21577,21578,21577,1,-1
2024-05-22 15:53:00.360,21577,21578,21577,2,-2
2024-05-22 15:53:02.901,21577,21578,21577,1,-1
2024-05-22 15:53:03.068,21577,21578,21577,1,-1
2024-05-22 15:53:04.918,21576,21578,21576,1,-1
2024-05-22 15:53:06.434,21576,21577,21577,1,1
2024-05-22 15:53:06.435,21576,21577,21577,1,1
2024-05-22 15:53:07.192,21576,21578,21576,1,-1
2024-05-22 15:53:08.563,21576,21578,21576,1,-1
2024-05-22 15:53:12.070,21576,21578,21576,5,-5
2024-05-22 15:53:13.999,21576,21577,21576,1,-1
2024-05-22 15:53:16.289,21576,21577,21576,3,-3
2024-05-22 15:53:16.332,21576,21577,21575,3,-3
2024-05-22 15:53:16.333,21576,21577,21575,3,-3
2024-05-22 15:53:16.333,21576,21577,21575,1,-1
2024-05-22 15:53:16.333,21576,21577,21575,1,-1
2024-05-22 15:53:16.348,21576,21577,21575,1,-1
2024-05-22 15:53:16.505,21575,21576,21575,2,-2
2024-05-22 15:53:19.636,21576,21577,21576,2,-2
2024-05-22 15:53:25.314,21575,21576,21576,1,1
2024-05-22 15:53:30.147,21575,21576,21576,2,2
2024-05-22 15:53:33.145,21575,21576,21576,1,1
2024-05-22 15:53:36.408,21575,21576,21575,17,-17
