2019-08-28 15:00:00.051,10411,10412,10412,33
2019-08-28 15:00:00.394,10411,10412,10412,2
2019-08-28 15:00:00.529,10411,10412,10412,4
2019-08-28 15:00:00.714,10411,10412,10411,2
2019-08-28 15:00:00.736,10411,10412,10412,2
2019-08-28 15:00:00.854,10411,10412,10412,1
2019-08-28 15:00:00.896,10411,10412,10412,1
2019-08-28 15:00:00.896,10411,10412,10413,2
2019-08-28 15:00:01.131,10411,10412,10412,2
2019-08-28 15:00:01.159,10411,10412,10411,2
2019-08-28 15:00:01.367,10410,10411,10411,1
2019-08-28 15:00:01.428,10410,10411,10410,1
2019-08-28 15:00:01.518,10410,10411,10410,1
2019-08-28 15:00:01.632,10410,10411,10410,1
2019-08-28 15:00:01.832,10410,10411,10410,1
2019-08-28 15:00:02.031,10410,10411,10410,1
2019-08-28 15:00:02.235,10410,10411,10410,1
2019-08-28 15:00:02.432,10410,10411,10410,10
2019-08-28 15:00:02.510,10410,10411,10410,7
2019-08-28 15:00:02.616,10410,10411,10410,2
2019-08-28 15:00:02.624,10410,10411,10410,2
2019-08-28 15:00:02.633,10410,10411,10410,1
2019-08-28 15:00:02.636,10410,10411,10410,12
2019-08-28 15:00:02.716,10410,10411,10409,2
2019-08-28 15:00:02.723,10410,10411,10409,1
2019-08-28 15:00:02.731,10410,10411,10409,2
2019-08-28 15:00:02.879,10409,10411,10409,1
2019-08-28 15:00:02.885,10409,10411,10409,1
2019-08-28 15:00:02.945,10409,10411,10409,1
2019-08-28 15:00:03.513,10409,10410,10409,2
2019-08-28 15:00:03.820,10408,10409,10409,2
2019-08-28 15:00:06.756,10408,10409,10409,1
2019-08-28 15:00:07.063,10408,10409,10408,5
2019-08-28 15:00:07.624,10408,10409,10409,1
2019-08-28 15:00:08.853,10408,10409,10408,1
2019-08-28 15:00:09.202,10408,10409,10408,1
2019-08-28 15:00:10.702,10408,10409,10409,1
2019-08-28 15:00:11.506,10408,10409,10409,2
2019-08-28 15:00:13.542,10408,10409,10409,1
2019-08-28 15:00:21.502,10408,10409,10409,5
2019-08-28 15:00:23.791,10408,10409,10408,1
2019-08-28 15:00:26.749,10408,10409,10408,1
2019-08-28 15:00:28.571,10408,10409,10409,1
2019-08-28 15:00:29.143,10408,10409,10408,1
2019-08-28 15:00:29.270,10408,10409,10409,1
2019-08-28 15:00:41.096,10408,10409,10409,1
2019-08-28 15:00:46.434,10408,10409,10409,6
2019-08-28 15:00:47.967,10408,10409,10409,3
2019-08-28 15:00:48.081,10409,10410,10409,2
2019-08-28 15:00:50.631,10408,10409,10408,13
2019-08-28 15:00:54.812,10407,10408,10407,1
2019-08-28 15:00:55.289,10407,10408,10407,1
2019-08-28 15:00:55.330,10407,10408,10408,1
2019-08-28 15:00:55.768,10407,10408,10407,5
2019-08-28 15:00:56.939,10407,10408,10407,1
2019-08-28 15:00:58.859,10407,10408,10407,2
2019-08-28 15:00:59.331,10407,10408,10407,2
2019-08-28 15:00:59.385,10407,10408,10407,5
2019-08-28 15:01:00.129,10406,10407,10407,1
2019-08-28 15:01:00.235,10406,10407,10407,1
2019-08-28 15:01:02.461,10406,10407,10406,1
2019-08-28 15:01:02.694,10406,10407,10406,4
2019-08-28 15:01:02.746,10406,10407,10406,4
2019-08-28 15:01:02.748,10406,10407,10406,2
2019-08-28 15:01:02.801,10406,10407,10406,4
2019-08-28 15:01:02.851,10406,10407,10406,2
2019-08-28 15:01:02.866,10406,10407,10406,1
2019-08-28 15:01:02.866,10406,10407,10406,1
2019-08-28 15:01:02.903,10406,10407,10406,1
2019-08-28 15:01:02.903,10406,10407,10405,1
2019-08-28 15:01:02.952,10406,10407,10405,2
2019-08-28 15:01:03.040,10405,10407,10405,2
2019-08-28 15:01:03.108,10405,10407,10405,2
2019-08-28 15:01:03.166,10405,10407,10405,2
2019-08-28 15:01:03.251,10405,10406,10405,2
2019-08-28 15:01:03.320,10405,10406,10405,2
2019-08-28 15:01:03.393,10405,10406,10405,2
2019-08-28 15:01:03.450,10405,10406,10405,2
2019-08-28 15:01:03.517,10405,10406,10405,2
2019-08-28 15:01:03.574,10405,10406,10405,4
2019-08-28 15:01:03.640,10405,10406,10405,2
2019-08-28 15:01:03.706,10405,10406,10405,4
2019-08-28 15:01:03.781,10404,10406,10404,2
2019-08-28 15:01:03.830,10404,10406,10404,2
2019-08-28 15:01:04.027,10404,10406,10404,2
2019-08-28 15:01:04.095,10404,10406,10404,2
2019-08-28 15:01:05.556,10404,10405,10404,1
2019-08-28 15:01:06.047,10404,10405,10404,2
2019-08-28 15:01:06.051,10404,10405,10404,2
2019-08-28 15:01:06.143,10404,10405,10404,4
2019-08-28 15:01:06.955,10404,10405,10404,1
2019-08-28 15:01:07.717,10404,10405,10404,2
2019-08-28 15:01:07.764,10404,10405,10404,1
2019-08-28 15:01:09.024,10404,10405,10404,1
2019-08-28 15:01:09.553,10404,10405,10404,1
2019-08-28 15:01:09.744,10403,10404,10404,1
2019-08-28 15:01:09.963,10403,10405,10404,1
2019-08-28 15:01:10.633,10403,10404,10404,1
2019-08-28 15:01:10.810,10403,10404,10404,1
2019-08-28 15:01:11.140,10403,10404,10403,9
2019-08-28 15:01:11.241,10403,10404,10403,1
2019-08-28 15:01:11.241,10403,10404,10403,1
2019-08-28 15:01:11.268,10403,10404,10403,1
2019-08-28 15:01:11.387,10403,10404,10403,23
2019-08-28 15:01:12.113,10402,10403,10403,1
2019-08-28 15:01:12.222,10402,10403,10402,5
2019-08-28 15:01:12.241,10402,10403,10402,13
2019-08-28 15:01:12.318,10402,10403,10402,1
2019-08-28 15:01:12.327,10402,10403,10402,2
2019-08-28 15:01:12.366,10402,10403,10402,3
2019-08-28 15:01:12.366,10402,10403,10402,1
2019-08-28 15:01:13.336,10401,10402,10401,6
2019-08-28 15:01:13.546,10401,10402,10401,11
2019-08-28 15:01:13.577,10401,10402,10402,1
2019-08-28 15:01:13.736,10401,10402,10401,1
2019-08-28 15:01:14.868,10401,10402,10401,2
2019-08-28 15:01:15.652,10401,10402,10402,1
2019-08-28 15:01:15.987,10401,10402,10401,1
2019-08-28 15:01:16.047,10401,10402,10401,3
2019-08-28 15:01:16.372,10400,10401,10401,2
2019-08-28 15:01:16.373,10400,10401,10401,1
2019-08-28 15:01:16.748,10401,10402,10401,5
2019-08-28 15:01:17.372,10401,10402,10402,1
2019-08-28 15:01:17.415,10401,10402,10401,4
2019-08-28 15:01:17.646,10401,10402,10401,5
2019-08-28 15:01:17.835,10401,10402,10401,1
2019-08-28 15:01:18.334,10401,10402,10402,1
2019-08-28 15:01:18.350,10401,10402,10401,5
2019-08-28 15:01:19.387,10401,10402,10401,1
2019-08-28 15:01:19.587,10401,10402,10402,1
2019-08-28 15:01:19.667,10401,10402,10401,1
2019-08-28 15:01:20.054,10401,10402,10402,1
2019-08-28 15:01:20.975,10401,10402,10402,1
2019-08-28 15:01:21.601,10402,10403,10402,5
2019-08-28 15:01:22.865,10402,10404,10402,1
2019-08-28 15:01:23.339,10402,10404,10402,1
2019-08-28 15:01:23.786,10402,10403,10402,1
2019-08-28 15:01:27.036,10402,10403,10402,2
2019-08-28 15:01:27.470,10402,10403,10402,1
2019-08-28 15:01:31.346,10402,10403,10403,1
2019-08-28 15:01:32.953,10402,10403,10403,2
2019-08-28 15:01:33.075,10402,10403,10403,1
2019-08-28 15:01:33.529,10402,10403,10403,6
2019-08-28 15:01:33.731,10403,10404,10403,1
2019-08-28 15:01:34.720,10403,10404,10404,2
2019-08-28 15:01:34.720,10403,10404,10405,28
2019-08-28 15:01:34.812,10404,10405,10405,2
2019-08-28 15:01:35.491,10405,10406,10405,1
2019-08-28 15:01:35.900,10404,10406,10406,1
2019-08-28 15:01:37.049,10405,10406,10406,1
2019-08-28 15:01:38.019,10405,10406,10406,1
2019-08-28 15:01:43.547,10405,10406,10405,1
2019-08-28 15:01:45.099,10405,10406,10406,1
2019-08-28 15:01:47.466,10405,10406,10406,1
2019-08-28 15:01:50.538,10405,10406,10405,1
2019-08-28 15:01:55.695,10405,10406,10405,1
2019-08-28 15:01:57.886,10405,10406,10405,1
2019-08-28 15:01:58.097,10405,10406,10405,13
2019-08-28 15:01:59.239,10404,10405,10404,1
2019-08-28 15:01:59.302,10404,10405,10404,1
2019-08-28 15:02:00.617,10404,10405,10404,1
2019-08-28 15:02:01.314,10404,10405,10404,1
2019-08-28 15:02:01.591,10404,10405,10404,1
2019-08-28 15:02:03.896,10403,10404,10403,5
2019-08-28 15:02:04.080,10403,10404,10404,4
2019-08-28 15:02:04.103,10403,10404,10405,3
2019-08-28 15:02:04.715,10404,10405,10404,2
2019-08-28 15:02:04.760,10404,10405,10405,1
2019-08-28 15:02:07.350,10404,10405,10404,4
2019-08-28 15:02:12.344,10403,10404,10404,1
2019-08-28 15:02:14.544,10403,10404,10404,3
2019-08-28 15:02:16.225,10404,10405,10404,2
2019-08-28 15:02:16.315,10404,10405,10404,2
2019-08-28 15:02:21.248,10403,10404,10404,1
2019-08-28 15:02:21.920,10404,10405,10404,1
2019-08-28 15:02:21.920,10404,10405,10403,15
2019-08-28 15:02:29.205,10403,10404,10404,1
2019-08-28 15:02:29.355,10403,10404,10404,1
2019-08-28 15:02:35.085,10403,10404,10404,1
2019-08-28 15:02:38.059,10403,10404,10404,1
2019-08-28 15:02:38.480,10403,10404,10404,2
2019-08-28 15:02:44.671,10403,10404,10404,1
2019-08-28 15:02:45.040,10403,10404,10404,1
2019-08-28 15:02:48.319,10403,10404,10404,1
2019-08-28 15:02:49.635,10403,10404,10403,3
2019-08-28 15:02:51.141,10403,10404,10403,1
2019-08-28 15:02:51.522,10403,10404,10404,1
2019-08-28 15:03:00.654,10403,10404,10404,2
2019-08-28 15:03:00.948,10403,10404,10403,1
2019-08-28 15:03:00.950,10403,10404,10403,1
2019-08-28 15:03:05.155,10403,10404,10404,1
2019-08-28 15:03:05.618,10403,10404,10404,2
2019-08-28 15:03:07.139,10403,10405,10405,1
2019-08-28 15:03:07.686,10403,10405,10405,2
2019-08-28 15:03:10.560,10404,10405,10404,5
2019-08-28 15:03:16.757,10403,10404,10404,1
2019-08-28 15:03:18.835,10403,10404,10403,1
2019-08-28 15:03:19.891,10403,10404,10404,1
2019-08-28 15:03:26.999,10403,10404,10404,1
2019-08-28 15:03:27.482,10403,10404,10404,1
2019-08-28 15:03:30.618,10403,10404,10404,1
2019-08-28 15:03:32.648,10403,10404,10404,1
2019-08-28 15:03:32.780,10403,10404,10404,1
2019-08-28 15:03:33.405,10403,10404,10404,1
2019-08-28 15:03:33.451,10403,10404,10404,2
2019-08-28 15:03:33.451,10403,10404,10404,1
2019-08-28 15:03:33.451,10403,10404,10404,1
2019-08-28 15:03:40.816,10404,10405,10404,2
2019-08-28 15:03:41.399,10403,10404,10403,1
2019-08-28 15:03:46.742,10403,10404,10404,1
2019-08-28 15:03:47.871,10403,10404,10403,1
2019-08-28 15:03:48.216,10403,10404,10404,1
2019-08-28 15:03:56.907,10403,10404,10404,2
2019-08-28 15:03:57.022,10403,10404,10403,1
2019-08-28 15:03:57.881,10403,10404,10403,4
2019-08-28 15:03:59.314,10403,10404,10404,2
2019-08-28 15:04:04.840,10403,10404,10403,15
2019-08-28 15:04:06.667,10403,10404,10403,8
2019-08-28 15:04:08.274,10402,10403,10403,1
2019-08-28 15:04:11.092,10402,10403,10402,1
2019-08-28 15:04:12.591,10402,10403,10402,5
2019-08-28 15:04:12.624,10402,10403,10403,1
2019-08-28 15:04:18.336,10402,10403,10402,16
2019-08-28 15:04:19.744,10401,10402,10402,1
2019-08-28 15:04:20.578,10401,10402,10402,1
2019-08-28 15:04:23.198,10401,10402,10402,1
2019-08-28 15:04:25.388,10401,10402,10402,1
2019-08-28 15:04:26.207,10401,10402,10401,50
2019-08-28 15:04:26.241,10401,10402,10401,5
2019-08-28 15:04:26.241,10401,10402,10401,1
2019-08-28 15:04:26.615,10400,10401,10401,9
2019-08-28 15:04:26.615,10400,10401,10402,30
2019-08-28 15:04:26.866,10401,10403,10402,1
2019-08-28 15:04:26.866,10401,10403,10403,2
2019-08-28 15:04:28.050,10401,10402,10401,1
2019-08-28 15:04:29.296,10401,10403,10402,1
2019-08-28 15:04:31.532,10401,10402,10401,1
2019-08-28 15:04:31.636,10401,10402,10402,1
2019-08-28 15:04:31.636,10401,10402,10403,1
2019-08-28 15:04:31.835,10401,10403,10401,2
2019-08-28 15:04:32.380,10401,10402,10402,1
2019-08-28 15:04:32.475,10401,10402,10402,2
2019-08-28 15:04:33.856,10401,10402,10402,2
2019-08-28 15:04:35.843,10401,10402,10401,2
2019-08-28 15:04:37.810,10402,10403,10402,5
2019-08-28 15:04:47.800,10401,10402,10402,1
2019-08-28 15:04:49.428,10401,10402,10401,1
2019-08-28 15:04:50.171,10401,10402,10402,1
2019-08-28 15:04:54.055,10401,10402,10402,1
2019-08-28 15:04:54.642,10401,10402,10402,2
2019-08-28 15:04:56.776,10401,10402,10402,2
2019-08-28 15:04:57.326,10401,10402,10401,1
2019-08-28 15:04:57.385,10401,10402,10402,1
2019-08-28 15:04:57.754,10401,10402,10402,2
2019-08-28 15:04:58.274,10401,10402,10402,7
2019-08-28 15:04:58.274,10401,10402,10402,2
2019-08-28 15:04:58.275,10401,10402,10402,2
2019-08-28 15:04:58.282,10401,10402,10402,1
2019-08-28 15:04:58.283,10401,10402,10402,5
2019-08-28 15:05:01.157,10402,10403,10402,2
2019-08-28 15:05:01.457,10402,10403,10402,1
2019-08-28 15:05:01.696,10402,10403,10402,2
2019-08-28 15:05:01.733,10402,10403,10402,2
2019-08-28 15:05:01.733,10402,10403,10402,1
2019-08-28 15:05:01.733,10402,10403,10402,1
2019-08-28 15:05:01.733,10402,10403,10402,1
2019-08-28 15:05:01.829,10401,10402,10401,1
2019-08-28 15:05:02.999,10401,10402,10402,1
2019-08-28 15:05:04.682,10401,10403,10403,2
2019-08-28 15:05:05.611,10402,10403,10402,2
2019-08-28 15:05:06.474,10402,10403,10402,5
2019-08-28 15:05:07.866,10402,10403,10403,9
2019-08-28 15:05:07.943,10402,10403,10402,1
2019-08-28 15:05:08.241,10402,10403,10403,1
2019-08-28 15:05:08.603,10402,10404,10402,2
2019-08-28 15:05:09.656,10402,10404,10404,2
2019-08-28 15:05:13.959,10403,10404,10404,1
2019-08-28 15:05:18.288,10403,10404,10403,3
2019-08-28 15:05:19.497,10403,10404,10404,2
2019-08-28 15:05:23.610,10403,10404,10404,2
2019-08-28 15:05:27.702,10403,10404,10404,1
2019-08-28 15:05:28.477,10403,10404,10404,5
2019-08-28 15:05:29.138,10403,10404,10404,1
2019-08-28 15:05:29.368,10403,10404,10403,1
2019-08-28 15:05:31.732,10403,10404,10404,3
2019-08-28 15:05:36.564,10403,10404,10403,5
2019-08-28 15:05:38.073,10403,10404,10403,5
2019-08-28 15:05:38.125,10403,10404,10403,2
2019-08-28 15:05:53.202,10402,10403,10403,1
2019-08-28 15:05:55.527,10402,10403,10402,1
2019-08-28 15:06:01.385,10402,10403,10402,1
2019-08-28 15:06:10.222,10402,10403,10403,1
2019-08-28 15:06:10.287,10402,10403,10403,1
2019-08-28 15:06:13.767,10402,10403,10403,1
2019-08-28 15:06:15.333,10402,10403,10403,1
2019-08-28 15:06:16.160,10402,10403,10403,5
2019-08-28 15:06:25.335,10402,10403,10403,1
2019-08-28 15:06:25.573,10402,10403,10403,1
2019-08-28 15:06:32.037,10402,10403,10402,4
2019-08-28 15:06:37.013,10402,10403,10403,4
2019-08-28 15:06:43.644,10403,10404,10404,1
2019-08-28 15:06:57.384,10403,10404,10404,2
2019-08-28 15:06:58.435,10403,10404,10404,1
2019-08-28 15:06:58.480,10403,10404,10403,2
2019-08-28 15:07:02.629,10403,10404,10403,1
2019-08-28 15:07:11.870,10403,10404,10403,1
2019-08-28 15:07:15.743,10403,10404,10403,1
2019-08-28 15:07:18.999,10403,10404,10403,2
2019-08-28 15:07:23.101,10403,10404,10404,1
2019-08-28 15:07:24.132,10403,10404,10403,1
2019-08-28 15:07:26.876,10403,10404,10403,30
2019-08-28 15:07:27.556,10402,10403,10403,1
2019-08-28 15:07:29.588,10403,10404,10403,1
2019-08-28 15:07:31.898,10403,10404,10403,1
2019-08-28 15:07:33.688,10402,10403,10403,4
2019-08-28 15:07:36.248,10403,10404,10403,2
2019-08-28 15:07:36.248,10403,10404,10403,7
2019-08-28 15:07:43.555,10402,10403,10403,2
2019-08-28 15:07:43.677,10402,10403,10403,1
2019-08-28 15:07:48.280,10402,10403,10403,4
2019-08-28 15:08:00.125,10402,10403,10403,1
2019-08-28 15:08:00.295,10402,10403,10403,1
2019-08-28 15:08:01.623,10402,10403,10403,1
2019-08-28 15:08:02.907,10402,10403,10403,1
2019-08-28 15:08:04.453,10402,10403,10403,1
2019-08-28 15:08:06.716,10402,10403,10403,9
2019-08-28 15:08:09.498,10403,10404,10403,1
2019-08-28 15:08:14.406,10403,10404,10403,1
2019-08-28 15:08:17.269,10403,10404,10404,1
2019-08-28 15:08:19.542,10403,10404,10403,1
2019-08-28 15:08:20.669,10403,10404,10403,1
2019-08-28 15:08:25.298,10403,10404,10404,1
2019-08-28 15:08:42.845,10403,10404,10404,5
2019-08-28 15:08:50.914,10403,10404,10404,4
2019-08-28 15:08:55.601,10403,10404,10404,1
2019-08-28 15:08:55.989,10403,10404,10404,1
2019-08-28 15:08:58.054,10403,10404,10404,2
2019-08-28 15:08:58.598,10403,10404,10404,1
2019-08-28 15:08:58.782,10403,10404,10403,1
2019-08-28 15:08:59.326,10403,10404,10404,1
2019-08-28 15:09:08.470,10403,10404,10403,2
2019-08-28 15:09:08.471,10403,10404,10403,6
2019-08-28 15:09:08.471,10403,10404,10403,1
2019-08-28 15:09:08.471,10403,10404,10403,4
2019-08-28 15:09:08.471,10403,10404,10403,1
2019-08-28 15:09:08.471,10403,10404,10403,1
2019-08-28 15:09:08.842,10402,10403,10403,1
2019-08-28 15:09:12.560,10403,10404,10403,1
2019-08-28 15:09:15.977,10402,10403,10403,1
2019-08-28 15:09:18.891,10402,10403,10402,1
2019-08-28 15:09:18.936,10402,10403,10402,1
2019-08-28 15:09:29.339,10402,10403,10403,1
2019-08-28 15:09:36.823,10402,10403,10402,1
2019-08-28 15:09:44.837,10402,10403,10403,1
2019-08-28 15:09:50.373,10402,10403,10403,1
2019-08-28 15:10:00.071,10402,10403,10402,1
2019-08-28 15:10:00.116,10402,10403,10402,5
2019-08-28 15:10:00.241,10402,10403,10402,11
2019-08-28 15:10:01.601,10402,10403,10402,1
2019-08-28 15:10:14.949,10402,10403,10402,1
2019-08-28 15:10:16.773,10402,10403,10402,1
2019-08-28 15:10:33.854,10402,10403,10402,1
2019-08-28 15:10:35.652,10402,10403,10402,5
2019-08-28 15:10:35.669,10402,10403,10402,5
2019-08-28 15:10:35.680,10402,10403,10402,5
2019-08-28 15:10:35.727,10402,10403,10402,1
2019-08-28 15:10:41.196,10402,10403,10402,2
2019-08-28 15:10:41.241,10402,10403,10402,1
2019-08-28 15:10:43.372,10402,10403,10402,1
2019-08-28 15:10:44.395,10402,10403,10402,1
2019-08-28 15:10:53.818,10402,10403,10403,1
2019-08-28 15:10:53.823,10402,10403,10403,1
2019-08-28 15:10:58.024,10402,10403,10403,1
2019-08-28 15:11:02.757,10402,10403,10402,1
2019-08-28 15:11:05.063,10402,10403,10403,1
2019-08-28 15:11:05.289,10402,10403,10403,1
2019-08-28 15:11:12.844,10402,10403,10403,1
2019-08-28 15:11:17.998,10402,10403,10402,25
2019-08-28 15:11:18.116,10402,10403,10402,5
2019-08-28 15:11:18.116,10402,10403,10402,4
2019-08-28 15:11:18.158,10402,10403,10402,1
2019-08-28 15:11:19.541,10401,10402,10401,25
2019-08-28 15:11:19.775,10401,10402,10401,1
2019-08-28 15:11:19.836,10401,10402,10401,2
2019-08-28 15:11:19.959,10401,10402,10401,17
2019-08-28 15:11:19.960,10401,10402,10401,1
2019-08-28 15:11:19.960,10401,10402,10401,1
2019-08-28 15:11:19.960,10401,10402,10401,1
2019-08-28 15:11:19.991,10401,10402,10401,3
2019-08-28 15:11:20.359,10401,10402,10401,2
2019-08-28 15:11:20.359,10401,10402,10401,3
2019-08-28 15:11:20.749,10400,10401,10401,1
2019-08-28 15:11:23.078,10400,10401,10400,4
2019-08-28 15:11:23.149,10400,10401,10400,1
2019-08-28 15:11:23.913,10400,10401,10400,1
2019-08-28 15:11:24.475,10400,10401,10401,1
2019-08-28 15:11:25.107,10400,10401,10401,1
2019-08-28 15:11:25.158,10400,10401,10400,1
2019-08-28 15:11:26.158,10400,10401,10401,1
2019-08-28 15:11:26.820,10400,10401,10401,1
2019-08-28 15:11:27.158,10400,10401,10401,2
2019-08-28 15:11:27.159,10400,10401,10401,2
2019-08-28 15:11:27.159,10400,10401,10401,1
2019-08-28 15:11:27.159,10400,10401,10401,2
2019-08-28 15:11:28.190,10401,10402,10402,1
2019-08-28 15:11:28.767,10401,10402,10401,1
2019-08-28 15:11:31.631,10401,10402,10401,1
2019-08-28 15:11:33.220,10401,10402,10401,1
2019-08-28 15:11:33.326,10401,10402,10401,6
2019-08-28 15:11:36.115,10401,10402,10401,1
2019-08-28 15:11:36.545,10401,10402,10401,25
2019-08-28 15:11:37.973,10401,10402,10401,1
2019-08-28 15:11:39.022,10401,10402,10401,1
2019-08-28 15:11:39.713,10401,10402,10402,1
2019-08-28 15:11:40.632,10401,10402,10402,1
2019-08-28 15:11:55.851,10401,10402,10402,1
2019-08-28 15:11:58.570,10401,10402,10401,20
2019-08-28 15:12:02.790,10401,10402,10401,1
2019-08-28 15:12:02.901,10401,10402,10402,1
2019-08-28 15:12:03.478,10401,10402,10401,3
2019-08-28 15:12:04.017,10401,10402,10401,1
2019-08-28 15:12:06.428,10401,10402,10401,1
2019-08-28 15:12:10.522,10400,10401,10401,1
2019-08-28 15:12:11.315,10400,10401,10401,1
2019-08-28 15:12:13.302,10400,10401,10401,3
2019-08-28 15:12:14.866,10400,10401,10401,1
2019-08-28 15:12:17.749,10401,10402,10401,1
2019-08-28 15:12:22.572,10401,10402,10402,1
2019-08-28 15:12:24.782,10401,10402,10401,1
2019-08-28 15:12:28.392,10401,10402,10401,1
2019-08-28 15:12:33.920,10401,10402,10401,1
2019-08-28 15:12:35.222,10401,10402,10401,2
2019-08-28 15:12:36.403,10401,10402,10401,1
2019-08-28 15:12:36.794,10401,10402,10401,5
2019-08-28 15:12:36.794,10401,10402,10400,15
2019-08-28 15:12:38.165,10400,10401,10401,1
2019-08-28 15:12:42.724,10400,10401,10401,1
2019-08-28 15:12:47.117,10400,10401,10401,1
2019-08-28 15:12:50.565,10400,10401,10401,1
2019-08-28 15:12:50.680,10400,10401,10400,1
2019-08-28 15:12:51.369,10400,10401,10400,1
2019-08-28 15:12:52.613,10400,10401,10400,1
2019-08-28 15:12:54.530,10400,10401,10400,1
2019-08-28 15:12:55.534,10400,10401,10400,1
2019-08-28 15:12:58.613,10400,10401,10401,1
2019-08-28 15:13:00.148,10400,10401,10400,1
2019-08-28 15:13:00.776,10400,10401,10400,1
2019-08-28 15:13:03.559,10400,10401,10401,2
2019-08-28 15:13:05.521,10400,10401,10401,2
2019-08-28 15:13:07.413,10400,10401,10401,1
2019-08-28 15:13:10.939,10400,10401,10400,2
2019-08-28 15:13:12.174,10400,10401,10401,2
2019-08-28 15:13:15.579,10400,10401,10401,4
2019-08-28 15:13:15.616,10400,10401,10401,1
2019-08-28 15:13:17.595,10401,10402,10401,2
2019-08-28 15:13:19.257,10401,10402,10401,3
2019-08-28 15:13:22.197,10400,10401,10400,1
2019-08-28 15:13:26.556,10400,10401,10400,1
2019-08-28 15:13:31.590,10400,10401,10400,2
2019-08-28 15:13:33.030,10400,10401,10400,1
2019-08-28 15:13:34.121,10400,10401,10400,1
2019-08-28 15:13:35.399,10400,10401,10400,1
2019-08-28 15:13:38.417,10400,10401,10400,2
2019-08-28 15:13:38.500,10400,10401,10400,1
2019-08-28 15:13:38.836,10400,10401,10400,5
2019-08-28 15:13:38.988,10400,10401,10400,1
2019-08-28 15:13:38.988,10400,10401,10400,1
2019-08-28 15:13:38.988,10400,10401,10400,7
2019-08-28 15:13:38.988,10400,10401,10400,2
2019-08-28 15:13:38.989,10400,10401,10400,2
2019-08-28 15:13:42.310,10399,10400,10400,4
2019-08-28 15:13:46.062,10399,10400,10400,1
2019-08-28 15:13:52.186,10399,10400,10400,1
2019-08-28 15:13:55.098,10399,10400,10399,3
2019-08-28 15:14:02.868,10399,10400,10399,1
2019-08-28 15:14:04.481,10399,10400,10399,1
2019-08-28 15:14:05.270,10399,10400,10399,1
2019-08-28 15:14:05.996,10399,10400,10399,3
2019-08-28 15:14:06.251,10399,10400,10399,1
2019-08-28 15:14:07.349,10399,10400,10399,2
2019-08-28 15:14:09.153,10399,10400,10399,10
2019-08-28 15:14:09.283,10399,10400,10399,1
2019-08-28 15:14:09.285,10399,10400,10399,1
2019-08-28 15:14:09.609,10399,10400,10400,1
2019-08-28 15:14:10.498,10399,10400,10399,1
2019-08-28 15:14:11.176,10399,10400,10399,1
2019-08-28 15:14:12.656,10399,10400,10399,5
2019-08-28 15:14:12.668,10399,10400,10399,5
2019-08-28 15:14:12.677,10399,10400,10399,5
2019-08-28 15:14:18.839,10398,10399,10398,1
2019-08-28 15:14:19.438,10398,10399,10398,1
2019-08-28 15:14:19.445,10398,10399,10398,1
2019-08-28 15:14:19.455,10398,10399,10398,1
2019-08-28 15:14:19.464,10398,10399,10398,1
2019-08-28 15:14:19.472,10398,10399,10398,1
2019-08-28 15:14:19.485,10398,10399,10398,1
2019-08-28 15:14:19.677,10398,10399,10398,2
2019-08-28 15:14:19.989,10398,10399,10398,1
2019-08-28 15:14:20.002,10398,10399,10398,1
2019-08-28 15:14:20.072,10398,10399,10398,1
2019-08-28 15:14:21.369,10398,10399,10398,1
2019-08-28 15:14:22.356,10398,10399,10398,1
2019-08-28 15:14:24.940,10398,10399,10398,1
2019-08-28 15:14:25.860,10398,10399,10398,5
2019-08-28 15:14:26.792,10398,10399,10399,1
2019-08-28 15:14:27.005,10398,10399,10398,10
2019-08-28 15:14:27.473,10398,10399,10398,6
2019-08-28 15:14:28.857,10397,10398,10398,1
2019-08-28 15:14:29.588,10397,10398,10398,1
2019-08-28 15:14:30.609,10397,10399,10399,1
2019-08-28 15:14:33.123,10398,10399,10398,1
2019-08-28 15:14:34.084,10398,10399,10398,1
2019-08-28 15:14:34.234,10398,10399,10399,1
2019-08-28 15:14:34.280,10398,10399,10398,1
2019-08-28 15:14:39.163,10398,10399,10398,1
2019-08-28 15:14:39.424,10398,10399,10398,1
2019-08-28 15:14:39.458,10398,10399,10399,1
2019-08-28 15:14:40.034,10398,10399,10399,16
2019-08-28 15:14:40.498,10399,10400,10399,1
2019-08-28 15:14:42.978,10398,10400,10398,1
2019-08-28 15:14:46.506,10398,10399,10399,1
2019-08-28 15:14:48.206,10398,10399,10399,1
2019-08-28 15:14:58.216,10398,10399,10399,4
2019-08-28 15:14:59.279,10399,10400,10399,1
2019-08-28 15:15:00.850,10399,10400,10399,2
2019-08-28 15:15:07.722,10399,10400,10400,2
2019-08-28 15:15:11.699,10399,10400,10400,2
2019-08-28 15:15:11.995,10399,10400,10400,1
2019-08-28 15:15:13.282,10399,10400,10399,2
2019-08-28 15:15:13.317,10399,10400,10399,2
2019-08-28 15:15:13.321,10399,10400,10399,2
2019-08-28 15:15:13.327,10399,10400,10399,1
2019-08-28 15:15:14.185,10398,10399,10399,1
2019-08-28 15:15:15.450,10398,10399,10399,1
2019-08-28 15:15:16.112,10398,10399,10399,1
2019-08-28 15:15:16.301,10398,10399,10399,1
2019-08-28 15:15:16.332,10398,10399,10399,1
2019-08-28 15:15:17.755,10399,10400,10399,1
2019-08-28 15:15:20.894,10399,10400,10399,1
2019-08-28 15:15:22.707,10398,10399,10399,1
2019-08-28 15:15:31.157,10398,10399,10398,1
2019-08-28 15:15:33.507,10398,10399,10398,1
2019-08-28 15:15:37.965,10398,10399,10398,12
2019-08-28 15:15:38.829,10398,10399,10398,2
2019-08-28 15:15:42.046,10398,10399,10398,2
2019-08-28 15:15:43.378,10398,10399,10398,1
2019-08-28 15:15:44.820,10398,10399,10398,1
2019-08-28 15:15:47.020,10398,10399,10398,1
2019-08-28 15:15:49.198,10398,10399,10398,2
2019-08-28 15:15:50.211,10398,10399,10398,1
2019-08-28 15:15:56.994,10397,10398,10397,1
2019-08-28 15:15:57.147,10397,10398,10397,2
2019-08-28 15:15:57.370,10397,10398,10397,1
2019-08-28 15:15:57.403,10397,10398,10397,1
2019-08-28 15:16:02.145,10397,10398,10398,1
2019-08-28 15:16:02.703,10397,10398,10397,1
2019-08-28 15:16:03.007,10397,10398,10397,2
2019-08-28 15:16:03.644,10397,10398,10397,2
2019-08-28 15:16:04.531,10397,10398,10397,1
2019-08-28 15:16:06.294,10397,10398,10397,4
2019-08-28 15:16:07.757,10397,10398,10397,1
2019-08-28 15:16:08.453,10397,10398,10397,1
2019-08-28 15:16:09.328,10397,10398,10397,1
2019-08-28 15:16:10.821,10397,10398,10397,2
2019-08-28 15:16:11.212,10397,10398,10397,3
2019-08-28 15:16:13.489,10397,10398,10397,1
2019-08-28 15:16:14.825,10397,10398,10397,2
2019-08-28 15:16:15.398,10397,10398,10397,1
2019-08-28 15:16:16.029,10397,10398,10397,1
2019-08-28 15:16:19.531,10397,10398,10398,1
2019-08-28 15:16:19.866,10397,10398,10397,1
2019-08-28 15:16:21.391,10397,10398,10397,1
2019-08-28 15:16:21.689,10397,10398,10397,1
2019-08-28 15:16:21.882,10397,10398,10397,1
2019-08-28 15:16:24.848,10397,10398,10397,1
2019-08-28 15:16:29.986,10397,10398,10398,1
2019-08-28 15:16:30.116,10397,10398,10398,22
2019-08-28 15:16:30.289,10397,10399,10398,2
2019-08-28 15:16:30.435,10397,10399,10398,1
2019-08-28 15:16:30.925,10398,10399,10398,1
2019-08-28 15:16:31.798,10398,10399,10398,1
2019-08-28 15:16:34.120,10398,10399,10399,1
2019-08-28 15:16:34.178,10398,10399,10398,3
2019-08-28 15:16:35.002,10398,10399,10398,3
2019-08-28 15:16:36.051,10398,10399,10399,5
2019-08-28 15:16:37.065,10398,10399,10398,1
2019-08-28 15:16:41.535,10398,10399,10399,1
2019-08-28 15:16:46.546,10398,10399,10398,1
2019-08-28 15:16:48.792,10398,10399,10398,4
2019-08-28 15:16:50.773,10398,10399,10398,5
2019-08-28 15:16:51.214,10398,10399,10399,1
2019-08-28 15:16:51.557,10398,10399,10398,10
2019-08-28 15:16:53.122,10398,10399,10399,5
2019-08-28 15:16:54.027,10398,10399,10398,5
2019-08-28 15:16:55.405,10398,10399,10399,1
2019-08-28 15:16:55.702,10398,10399,10398,5
2019-08-28 15:16:56.337,10398,10399,10398,5
2019-08-28 15:16:56.364,10398,10399,10398,1
2019-08-28 15:16:56.524,10397,10398,10397,1
2019-08-28 15:16:56.670,10397,10398,10397,2
2019-08-28 15:16:56.785,10397,10398,10397,2
2019-08-28 15:16:58.184,10397,10398,10398,1
2019-08-28 15:17:06.991,10397,10398,10398,9
2019-08-28 15:17:07.439,10397,10399,10397,10
2019-08-28 15:17:07.515,10397,10399,10397,6
2019-08-28 15:17:08.201,10398,10399,10398,1
2019-08-28 15:17:08.778,10398,10399,10398,3
2019-08-28 15:17:09.186,10398,10399,10398,1
2019-08-28 15:17:09.667,10398,10399,10398,1
2019-08-28 15:17:10.498,10398,10399,10398,1
2019-08-28 15:17:14.526,10398,10399,10398,1
2019-08-28 15:17:15.234,10398,10399,10398,2
2019-08-28 15:17:16.809,10398,10399,10398,1
2019-08-28 15:17:18.433,10398,10399,10398,1
2019-08-28 15:17:23.715,10397,10398,10398,7
2019-08-28 15:17:24.771,10397,10399,10397,2
2019-08-28 15:17:26.164,10397,10399,10398,1
2019-08-28 15:17:34.157,10398,10399,10398,2
2019-08-28 15:17:36.506,10398,10399,10398,5
2019-08-28 15:17:42.264,10398,10399,10398,6
2019-08-28 15:17:45.479,10398,10399,10398,1
2019-08-28 15:17:46.041,10398,10399,10398,1
2019-08-28 15:17:50.225,10398,10399,10398,1
2019-08-28 15:17:53.998,10398,10399,10398,1
2019-08-28 15:18:01.582,10398,10399,10398,1
2019-08-28 15:18:03.598,10398,10399,10398,2
2019-08-28 15:18:07.825,10398,10399,10398,2
2019-08-28 15:18:07.830,10398,10399,10398,1
2019-08-28 15:18:12.314,10398,10399,10399,1
2019-08-28 15:18:13.300,10398,10399,10398,3
2019-08-28 15:18:14.583,10398,10399,10398,1
2019-08-28 15:18:17.071,10398,10399,10398,2
2019-08-28 15:18:19.621,10398,10399,10399,11
2019-08-28 15:18:19.650,10398,10399,10398,3
2019-08-28 15:18:30.873,10399,10400,10399,5
2019-08-28 15:18:31.986,10398,10400,10398,1
2019-08-28 15:18:32.180,10398,10400,10398,1
2019-08-28 15:18:32.429,10398,10400,10400,1
2019-08-28 15:18:33.688,10398,10400,10400,3
2019-08-28 15:18:38.924,10399,10400,10400,1
2019-08-28 15:18:46.323,10399,10400,10399,1
2019-08-28 15:18:48.625,10399,10400,10399,1
2019-08-28 15:19:02.241,10399,10400,10400,15
2019-08-28 15:19:02.366,10399,10400,10400,7
2019-08-28 15:19:02.369,10399,10400,10400,2
2019-08-28 15:19:05.525,10400,10401,10400,1
2019-08-28 15:19:10.841,10400,10401,10400,1
2019-08-28 15:19:12.282,10400,10401,10400,2
2019-08-28 15:19:16.083,10399,10400,10400,1
2019-08-28 15:19:18.428,10399,10400,10400,1
2019-08-28 15:19:18.843,10400,10401,10400,2
2019-08-28 15:19:18.843,10400,10401,10399,4
2019-08-28 15:19:18.999,10399,10401,10401,1
2019-08-28 15:19:30.545,10400,10401,10400,1
2019-08-28 15:19:36.991,10400,10401,10400,1
2019-08-28 15:19:48.573,10400,10401,10401,2
2019-08-28 15:19:51.731,10400,10401,10400,1
2019-08-28 15:19:54.536,10400,10401,10401,1
2019-08-28 15:20:00.786,10400,10401,10401,1
2019-08-28 15:20:08.433,10400,10401,10401,10
2019-08-28 15:20:08.903,10400,10401,10400,3
2019-08-28 15:20:09.443,10400,10401,10401,1
2019-08-28 15:20:17.100,10400,10401,10401,1
2019-08-28 15:20:19.065,10400,10401,10401,2
2019-08-28 15:20:19.066,10400,10401,10401,1
2019-08-28 15:20:19.066,10400,10401,10401,2
2019-08-28 15:20:19.068,10400,10401,10401,2
2019-08-28 15:20:19.077,10400,10401,10401,1
2019-08-28 15:20:19.077,10400,10401,10401,1
2019-08-28 15:20:19.515,10400,10402,10400,1
2019-08-28 15:20:23.430,10401,10402,10401,1
2019-08-28 15:20:27.759,10400,10402,10402,2
2019-08-28 15:20:27.881,10400,10402,10401,1
2019-08-28 15:20:29.327,10401,10402,10401,1
2019-08-28 15:20:29.370,10400,10401,10401,1
2019-08-28 15:20:36.183,10401,10402,10401,1
2019-08-28 15:20:43.356,10401,10402,10401,3
2019-08-28 15:20:45.470,10400,10401,10401,1
2019-08-28 15:20:56.738,10401,10402,10401,1
2019-08-28 15:20:57.274,10401,10402,10402,5
2019-08-28 15:21:01.200,10401,10402,10402,1
2019-08-28 15:21:01.614,10401,10402,10401,2
2019-08-28 15:21:01.638,10401,10402,10401,2
2019-08-28 15:21:01.662,10401,10402,10401,2
2019-08-28 15:21:05.374,10401,10402,10402,1
2019-08-28 15:21:09.901,10401,10402,10402,1
2019-08-28 15:21:11.790,10401,10402,10402,1
2019-08-28 15:21:14.354,10401,10402,10402,1
2019-08-28 15:21:14.369,10401,10402,10401,6
2019-08-28 15:21:18.701,10401,10402,10401,1
2019-08-28 15:21:27.702,10401,10402,10401,1
2019-08-28 15:21:30.464,10401,10402,10402,1
2019-08-28 15:21:32.509,10401,10402,10402,2
2019-08-28 15:21:34.517,10401,10402,10402,1
2019-08-28 15:21:36.309,10401,10402,10402,5
2019-08-28 15:21:45.539,10402,10403,10403,3
2019-08-28 15:21:45.783,10402,10403,10403,2
2019-08-28 15:21:48.904,10402,10403,10402,3
2019-08-28 15:21:48.904,10402,10403,10401,4
2019-08-28 15:21:53.884,10402,10403,10402,1
2019-08-28 15:21:58.650,10402,10403,10402,1
2019-08-28 15:21:59.340,10401,10403,10401,1
2019-08-28 15:22:01.723,10401,10403,10401,2
2019-08-28 15:22:12.534,10401,10402,10401,1
2019-08-28 15:22:22.436,10401,10402,10402,5
2019-08-28 15:22:22.534,10401,10402,10402,3
2019-08-28 15:22:27.451,10402,10403,10402,6
2019-08-28 15:22:27.452,10402,10403,10402,2
2019-08-28 15:22:27.741,10401,10403,10401,2
2019-08-28 15:22:27.832,10401,10403,10402,2
2019-08-28 15:22:29.980,10402,10403,10402,1
2019-08-28 15:22:30.317,10401,10402,10402,1
2019-08-28 15:23:09.104,10402,10403,10403,1
2019-08-28 15:23:13.506,10402,10403,10403,1
2019-08-28 15:23:27.337,10402,10403,10403,4
2019-08-28 15:23:30.049,10402,10403,10403,1
2019-08-28 15:23:34.711,10402,10403,10403,1
2019-08-28 15:23:35.518,10402,10403,10403,1
2019-08-28 15:23:37.677,10402,10403,10403,10
2019-08-28 15:23:37.741,10402,10403,10403,6
2019-08-28 15:23:38.487,10402,10404,10404,5
2019-08-28 15:23:38.752,10402,10404,10404,1
2019-08-28 15:23:40.447,10403,10404,10403,1
2019-08-28 15:23:46.668,10403,10404,10403,1
2019-08-28 15:23:56.460,10403,10404,10403,1
2019-08-28 15:23:58.165,10403,10404,10403,3
2019-08-28 15:24:01.748,10403,10404,10403,1
2019-08-28 15:24:05.569,10403,10404,10403,1
2019-08-28 15:24:05.754,10403,10404,10403,1
2019-08-28 15:24:07.605,10403,10404,10403,1
2019-08-28 15:24:22.337,10403,10404,10404,1
2019-08-28 15:24:24.614,10403,10404,10404,10
2019-08-28 15:24:26.804,10403,10404,10404,18
2019-08-28 15:24:27.986,10404,10405,10404,2
2019-08-28 15:24:31.825,10404,10405,10404,2
2019-08-28 15:24:31.935,10404,10405,10404,5
2019-08-28 15:24:34.248,10404,10405,10404,2
2019-08-28 15:24:34.953,10404,10405,10404,3
2019-08-28 15:24:35.372,10403,10404,10403,1
2019-08-28 15:24:39.302,10403,10404,10404,1
2019-08-28 15:24:55.789,10403,10404,10404,7
2019-08-28 15:25:06.252,10403,10404,10404,12
2019-08-28 15:25:07.498,10403,10404,10404,2
2019-08-28 15:25:13.608,10404,10405,10404,1
2019-08-28 15:25:23.034,10404,10405,10404,1
2019-08-28 15:25:32.221,10404,10405,10404,1
2019-08-28 15:25:44.737,10404,10405,10405,1
2019-08-28 15:25:46.801,10404,10405,10404,2
2019-08-28 15:25:52.099,10404,10405,10404,2
2019-08-28 15:25:54.726,10404,10405,10404,5
2019-08-28 15:25:55.266,10404,10405,10404,1
2019-08-28 15:25:56.115,10404,10405,10404,10
2019-08-28 15:25:56.862,10403,10404,10404,5
2019-08-28 15:25:57.563,10403,10404,10404,2
2019-08-28 15:26:01.954,10403,10404,10404,8
2019-08-28 15:26:02.812,10404,10405,10404,1
2019-08-28 15:26:04.306,10404,10405,10404,1
2019-08-28 15:26:04.432,10404,10405,10405,6
2019-08-28 15:26:13.659,10404,10405,10404,10
2019-08-28 15:26:20.043,10403,10404,10404,5
2019-08-28 15:26:21.162,10404,10405,10404,1
2019-08-28 15:26:28.299,10403,10404,10404,1
2019-08-28 15:26:32.760,10404,10405,10404,1
2019-08-28 15:26:43.180,10404,10405,10405,1
2019-08-28 15:26:48.280,10404,10405,10405,3
2019-08-28 15:26:52.107,10404,10405,10405,4
2019-08-28 15:26:52.290,10404,10405,10405,1
2019-08-28 15:27:08.075,10404,10405,10404,5
2019-08-28 15:27:08.880,10404,10405,10404,6
2019-08-28 15:27:09.540,10404,10405,10405,5
2019-08-28 15:27:13.367,10403,10405,10405,3
2019-08-28 15:27:18.790,10404,10405,10404,1
2019-08-28 15:27:21.631,10403,10404,10404,1
2019-08-28 15:27:23.182,10403,10404,10403,1
2019-08-28 15:27:28.635,10403,10404,10403,2
2019-08-28 15:27:45.423,10403,10404,10403,3
2019-08-28 15:28:19.745,10403,10404,10403,1
2019-08-28 15:29:00.788,10403,10404,10404,1
2019-08-28 15:29:32.006,10403,10404,10403,4
2019-08-28 15:29:40.365,10403,10404,10404,24
2019-08-28 15:29:41.294,10404,10405,10405,4
2019-08-28 15:29:41.366,10404,10405,10405,8
2019-08-28 15:29:41.629,10404,10405,10405,2
2019-08-28 15:29:41.630,10404,10405,10405,2
2019-08-28 15:29:41.630,10404,10405,10405,1
2019-08-28 15:29:41.631,10404,10405,10405,2
2019-08-28 15:29:41.631,10404,10405,10405,1
2019-08-28 15:29:41.632,10404,10405,10405,3
2019-08-28 15:29:41.670,10404,10405,10405,1
2019-08-28 15:29:41.670,10404,10405,10405,3
2019-08-28 15:29:41.671,10404,10405,10405,3
2019-08-28 15:29:46.296,10404,10405,10405,39
2019-08-28 15:29:47.526,10405,10406,10406,7
2019-08-28 15:29:47.526,10405,10406,10406,4
2019-08-28 15:29:55.391,10406,10407,10407,2
2019-08-28 15:29:56.149,10406,10407,10407,1
2019-08-28 15:29:56.750,10406,10407,10407,1
2019-08-28 15:30:01.074,10406,10407,10406,2
2019-08-28 15:30:01.074,10406,10407,10406,1
2019-08-28 15:30:02.169,10405,10406,10406,2
2019-08-28 15:30:02.253,10406,10407,10406,1
2019-08-28 15:30:02.314,10406,10407,10406,2
2019-08-28 15:30:03.798,10406,10407,10406,1
2019-08-28 15:30:05.099,10406,10407,10406,1
2019-08-28 15:30:05.293,10406,10407,10406,1
2019-08-28 15:30:05.293,10406,10407,10406,1
2019-08-28 15:30:07.248,10405,10406,10405,1
2019-08-28 15:30:09.089,10405,10406,10406,1
2019-08-28 15:30:14.305,10405,10406,10406,3
2019-08-28 15:30:16.642,10406,10407,10406,3
2019-08-28 15:30:20.685,10405,10406,10406,1
2019-08-28 15:30:20.949,10405,10406,10406,1
2019-08-28 15:30:21.548,10405,10406,10406,3
2019-08-28 15:30:26.576,10406,10407,10406,1
2019-08-28 15:30:27.036,10406,10407,10406,1
2019-08-28 15:30:27.735,10406,10407,10407,1
2019-08-28 15:30:30.653,10406,10407,10407,1
2019-08-28 15:30:31.254,10406,10407,10406,5
2019-08-28 15:30:31.600,10405,10407,10407,1
2019-08-28 15:30:35.439,10406,10407,10406,1
2019-08-28 15:30:37.470,10406,10407,10406,1
2019-08-28 15:30:38.057,10406,10407,10407,1
2019-08-28 15:30:40.541,10406,10407,10407,1
2019-08-28 15:30:46.954,10406,10407,10407,3
2019-08-28 15:30:47.548,10406,10407,10407,1
2019-08-28 15:30:53.683,10406,10407,10406,1
2019-08-28 15:30:53.741,10406,10407,10406,10
2019-08-28 15:30:53.826,10406,10407,10405,5
2019-08-28 15:30:57.869,10405,10406,10406,5
2019-08-28 15:31:00.378,10405,10406,10406,1
2019-08-28 15:31:01.202,10405,10406,10406,1
2019-08-28 15:31:09.168,10406,10407,10406,1
2019-08-28 15:31:10.664,10406,10407,10406,1
2019-08-28 15:31:12.531,10406,10407,10406,1
2019-08-28 15:31:16.353,10406,10407,10406,1
2019-08-28 15:31:17.173,10406,10407,10406,9
2019-08-28 15:31:17.173,10406,10407,10405,55
2019-08-28 15:31:17.191,10406,10407,10405,1
2019-08-28 15:31:17.241,10405,10406,10405,3
2019-08-28 15:31:17.241,10405,10406,10405,2
2019-08-28 15:31:17.241,10405,10406,10405,2
2019-08-28 15:31:17.242,10405,10406,10405,2
2019-08-28 15:31:17.294,10405,10406,10404,47
2019-08-28 15:31:17.366,10403,10404,10404,1
2019-08-28 15:31:17.491,10403,10404,10404,2
2019-08-28 15:31:18.840,10403,10404,10403,1
2019-08-28 15:31:25.155,10403,10404,10403,1
2019-08-28 15:31:31.924,10403,10404,10403,1
2019-08-28 15:31:36.817,10403,10404,10403,1
2019-08-28 15:31:39.585,10403,10404,10404,1
2019-08-28 15:31:42.237,10403,10404,10404,1
2019-08-28 15:31:44.549,10403,10404,10403,2
2019-08-28 15:32:00.884,10403,10404,10403,1
2019-08-28 15:32:01.991,10403,10404,10403,47
2019-08-28 15:32:09.876,10402,10403,10402,18
2019-08-28 15:32:09.991,10402,10403,10402,14
2019-08-28 15:32:09.991,10402,10403,10402,1
2019-08-28 15:32:09.991,10402,10403,10402,2
2019-08-28 15:32:10.230,10401,10403,10402,1
2019-08-28 15:32:14.277,10401,10402,10402,6
2019-08-28 15:32:16.693,10401,10402,10402,2
2019-08-28 15:32:18.176,10401,10402,10401,4
2019-08-28 15:32:21.274,10401,10402,10402,4
2019-08-28 15:32:22.656,10402,10403,10402,14
2019-08-28 15:32:22.991,10402,10403,10402,1
2019-08-28 15:32:25.033,10402,10403,10402,1
2019-08-28 15:32:25.730,10402,10403,10402,6
2019-08-28 15:32:26.013,10402,10403,10402,10
2019-08-28 15:32:26.089,10402,10403,10402,1
2019-08-28 15:32:26.117,10401,10402,10402,8
2019-08-28 15:32:29.057,10401,10403,10403,1
2019-08-28 15:32:34.993,10401,10403,10401,4
2019-08-28 15:32:35.412,10401,10403,10401,1
2019-08-28 15:32:37.920,10401,10403,10403,1
2019-08-28 15:32:46.761,10402,10403,10403,16
2019-08-28 15:32:49.708,10402,10403,10403,2
2019-08-28 15:32:57.987,10402,10403,10403,1
2019-08-28 15:33:00.838,10402,10403,10403,1
2019-08-28 15:33:17.839,10402,10403,10403,5
2019-08-28 15:33:22.182,10402,10403,10403,1
2019-08-28 15:33:24.492,10402,10403,10403,1
2019-08-28 15:33:25.134,10402,10403,10403,1
2019-08-28 15:33:26.016,10402,10403,10403,1
2019-08-28 15:33:52.582,10403,10404,10403,1
2019-08-28 15:33:55.688,10403,10404,10403,1
2019-08-28 15:34:04.376,10403,10404,10403,1
2019-08-28 15:34:05.755,10403,10404,10403,1
2019-08-28 15:34:23.636,10403,10404,10404,1
2019-08-28 15:34:37.162,10403,10404,10404,1
2019-08-28 15:34:39.352,10403,10404,10404,2
2019-08-28 15:34:48.839,10404,10405,10404,1
2019-08-28 15:34:48.839,10404,10405,10404,5
2019-08-28 15:35:24.814,10403,10404,10403,1
2019-08-28 15:35:24.814,10403,10404,10403,4
2019-08-28 15:35:24.814,10403,10404,10403,1
2019-08-28 15:35:24.814,10403,10404,10403,2
2019-08-28 15:35:24.815,10403,10404,10403,2
2019-08-28 15:35:24.815,10403,10404,10403,4
2019-08-28 15:35:24.815,10403,10404,10403,2
2019-08-28 15:35:24.815,10403,10404,10403,2
2019-08-28 15:35:27.228,10402,10403,10403,1
2019-08-28 15:35:31.736,10402,10403,10402,1
2019-08-28 15:35:50.327,10402,10403,10403,1
2019-08-28 15:36:17.065,10402,10403,10402,8
2019-08-28 15:36:17.116,10402,10403,10402,2
2019-08-28 15:36:22.385,10401,10402,10401,4
2019-08-28 15:36:22.797,10401,10402,10401,1
2019-08-28 15:36:22.798,10401,10402,10401,1
2019-08-28 15:36:22.803,10401,10402,10401,1
2019-08-28 15:36:37.851,10401,10402,10401,1
2019-08-28 15:36:39.968,10401,10402,10401,8
2019-08-28 15:36:43.952,10401,10402,10401,1
2019-08-28 15:36:45.566,10401,10402,10401,1
2019-08-28 15:36:48.294,10401,10402,10401,8
2019-08-28 15:36:50.028,10401,10402,10401,1
2019-08-28 15:36:50.072,10401,10402,10401,1
2019-08-28 15:36:50.373,10401,10402,10401,1
2019-08-28 15:36:55.501,10401,10402,10401,1
2019-08-28 15:36:58.132,10401,10402,10401,1
2019-08-28 15:37:05.051,10401,10402,10401,1
2019-08-28 15:37:08.373,10401,10402,10401,12
2019-08-28 15:37:13.452,10400,10401,10400,1
2019-08-28 15:37:13.522,10400,10401,10400,1
2019-08-28 15:37:13.823,10400,10401,10401,1
2019-08-28 15:37:23.519,10400,10401,10401,1
2019-08-28 15:37:28.012,10400,10401,10401,1
2019-08-28 15:37:28.358,10400,10401,10401,1
2019-08-28 15:37:33.907,10400,10401,10400,1
2019-08-28 15:37:40.108,10400,10401,10400,1
2019-08-28 15:37:44.113,10400,10401,10400,2
2019-08-28 15:37:52.352,10400,10401,10401,1
2019-08-28 15:37:54.748,10400,10401,10400,1
2019-08-28 15:37:55.579,10400,10401,10400,1
2019-08-28 15:38:05.429,10400,10401,10400,5
2019-08-28 15:38:06.095,10400,10401,10400,1
2019-08-28 15:38:09.007,10400,10401,10400,2
2019-08-28 15:38:10.419,10400,10401,10400,2
2019-08-28 15:38:17.079,10400,10401,10400,1
2019-08-28 15:38:20.968,10400,10401,10400,1
2019-08-28 15:38:25.056,10400,10401,10400,1
2019-08-28 15:38:27.333,10400,10401,10401,1
2019-08-28 15:38:30.039,10400,10401,10401,5
2019-08-28 15:38:30.039,10400,10401,10401,2
2019-08-28 15:38:30.039,10400,10401,10401,1
2019-08-28 15:38:30.039,10400,10401,10401,6
2019-08-28 15:38:49.350,10401,10402,10402,2
2019-08-28 15:38:49.350,10401,10402,10402,7
2019-08-28 15:39:06.584,10401,10403,10403,1
2019-08-28 15:39:17.014,10401,10402,10402,1
2019-08-28 15:39:17.027,10401,10402,10402,1
2019-08-28 15:39:18.723,10401,10402,10402,1
2019-08-28 15:39:20.606,10401,10402,10402,1
2019-08-28 15:39:25.019,10401,10402,10402,1
2019-08-28 15:39:30.546,10401,10402,10402,2
2019-08-28 15:39:30.998,10401,10402,10402,2
2019-08-28 15:39:37.171,10401,10402,10402,1
2019-08-28 15:39:49.416,10402,10403,10402,1
2019-08-28 15:39:49.416,10402,10403,10402,2
2019-08-28 15:39:49.416,10402,10403,10402,1
2019-08-28 15:39:49.416,10402,10403,10402,1
2019-08-28 15:40:18.698,10402,10403,10403,3
2019-08-28 15:40:29.677,10402,10403,10402,11
2019-08-28 15:40:29.708,10402,10403,10402,1
2019-08-28 15:40:44.071,10401,10402,10402,2
2019-08-28 15:40:44.661,10401,10402,10401,1
2019-08-28 15:40:48.161,10401,10402,10402,2
2019-08-28 15:40:54.871,10401,10402,10402,1
2019-08-28 15:41:19.888,10401,10402,10402,1
2019-08-28 15:41:27.418,10402,10403,10402,3
2019-08-28 15:41:59.118,10402,10403,10402,2
2019-08-28 15:41:59.154,10402,10403,10402,1
2019-08-28 15:42:17.201,10401,10402,10402,3
2019-08-28 15:42:38.496,10401,10402,10402,1
2019-08-28 15:42:55.849,10401,10402,10402,2
2019-08-28 15:43:06.757,10401,10402,10402,1
2019-08-28 15:43:17.274,10401,10402,10402,1
2019-08-28 15:43:19.333,10401,10402,10402,1
2019-08-28 15:43:43.827,10402,10403,10402,1
2019-08-28 15:43:51.419,10402,10403,10402,1
2019-08-28 15:43:51.419,10402,10403,10401,9
2019-08-28 15:43:51.818,10401,10403,10401,1
2019-08-28 15:43:51.820,10401,10403,10401,1
2019-08-28 15:43:51.848,10401,10403,10401,1
2019-08-28 15:44:20.067,10401,10402,10402,1
2019-08-28 15:44:20.408,10401,10402,10401,1
2019-08-28 15:44:32.502,10401,10402,10402,1
2019-08-28 15:45:16.322,10401,10402,10401,10
2019-08-28 15:45:16.658,10401,10402,10401,2
2019-08-28 15:45:16.672,10401,10402,10401,2
2019-08-28 15:45:16.892,10401,10402,10401,2
2019-08-28 15:45:26.072,10401,10402,10401,1
2019-08-28 15:45:33.097,10401,10402,10401,2
2019-08-28 15:46:11.866,10400,10401,10400,18
2019-08-28 15:46:12.286,10400,10401,10400,4
2019-08-28 15:46:12.888,10400,10401,10400,2
2019-08-28 15:46:16.860,10400,10401,10400,1
2019-08-28 15:46:16.860,10400,10401,10400,1
2019-08-28 15:46:18.251,10399,10400,10400,1
2019-08-28 15:46:18.294,10399,10400,10400,3
2019-08-28 15:46:21.032,10399,10400,10400,1
2019-08-28 15:46:29.575,10399,10400,10400,1
2019-08-28 15:46:30.087,10399,10400,10400,1
2019-08-28 15:46:33.304,10399,10400,10400,1
2019-08-28 15:46:34.237,10399,10400,10399,1
2019-08-28 15:46:35.732,10399,10400,10399,1
2019-08-28 15:46:47.864,10399,10400,10399,1
2019-08-28 15:46:48.958,10399,10400,10399,3
2019-08-28 15:46:51.806,10399,10400,10399,1
2019-08-28 15:46:51.913,10399,10400,10399,1
2019-08-28 15:46:54.155,10399,10400,10399,1
2019-08-28 15:46:54.296,10399,10400,10399,1
2019-08-28 15:46:56.213,10399,10400,10399,1
2019-08-28 15:47:08.886,10399,10400,10399,1
2019-08-28 15:47:11.104,10399,10400,10399,2
2019-08-28 15:47:11.631,10399,10400,10400,1
2019-08-28 15:47:12.418,10399,10400,10399,12
2019-08-28 15:47:14.492,10399,10400,10399,1
2019-08-28 15:47:16.391,10399,10400,10399,1
2019-08-28 15:47:16.428,10399,10400,10399,1
2019-08-28 15:47:17.478,10399,10400,10399,2
2019-08-28 15:47:18.912,10399,10400,10399,1
2019-08-28 15:47:29.408,10399,10400,10399,7
2019-08-28 15:47:32.413,10398,10399,10399,1
2019-08-28 15:47:44.511,10398,10399,10399,10
2019-08-28 15:47:46.866,10399,10400,10399,1
2019-08-28 15:47:48.160,10399,10400,10399,1
2019-08-28 15:47:48.420,10399,10400,10399,1
2019-08-28 15:47:57.011,10399,10400,10399,2
2019-08-28 15:47:57.728,10398,10399,10399,1
2019-08-28 15:48:01.496,10398,10399,10399,1
2019-08-28 15:48:01.496,10398,10399,10399,1
2019-08-28 15:48:01.496,10398,10399,10399,1
2019-08-28 15:48:01.851,10399,10400,10399,2
2019-08-28 15:48:01.931,10399,10400,10399,2
2019-08-28 15:48:04.254,10399,10400,10399,1
2019-08-28 15:48:05.025,10399,10400,10399,1
2019-08-28 15:48:14.259,10399,10400,10399,1
2019-08-28 15:48:21.484,10399,10400,10399,1
2019-08-28 15:48:25.294,10399,10400,10399,1
2019-08-28 15:48:27.221,10399,10400,10399,1
2019-08-28 15:48:27.641,10399,10400,10399,1
2019-08-28 15:48:27.829,10399,10400,10399,1
2019-08-28 15:48:28.329,10399,10400,10399,1
2019-08-28 15:48:32.954,10399,10400,10399,1
2019-08-28 15:48:42.023,10399,10400,10399,3
2019-08-28 15:48:55.756,10399,10400,10400,1
2019-08-28 15:49:03.310,10399,10400,10399,1
2019-08-28 15:49:10.610,10399,10400,10399,1
2019-08-28 15:49:15.118,10399,10400,10399,16
2019-08-28 15:49:20.728,10399,10400,10399,1
2019-08-28 15:49:28.238,10399,10400,10399,1
2019-08-28 15:49:30.062,10399,10400,10399,1
2019-08-28 15:49:53.451,10399,10400,10399,1
2019-08-28 15:49:54.966,10399,10400,10399,1
2019-08-28 15:49:57.619,10399,10400,10400,2
2019-08-28 15:49:57.741,10399,10400,10400,11
2019-08-28 15:50:02.445,10400,10401,10400,2
2019-08-28 15:50:36.757,10400,10401,10401,2
2019-08-28 15:50:38.547,10400,10401,10401,2
2019-08-28 15:50:40.411,10400,10401,10401,1
2019-08-28 15:50:53.028,10400,10401,10401,1
2019-08-28 15:51:01.501,10400,10401,10400,1
2019-08-28 15:51:02.206,10400,10401,10401,1
2019-08-28 15:51:03.226,10400,10401,10400,3
2019-08-28 15:51:12.163,10400,10401,10400,1
2019-08-28 15:51:16.469,10400,10401,10401,1
2019-08-28 15:51:28.882,10400,10401,10401,1
2019-08-28 15:51:29.227,10400,10401,10401,1
2019-08-28 15:51:29.228,10400,10401,10401,1
2019-08-28 15:51:29.241,10400,10401,10401,1
2019-08-28 15:51:56.357,10401,10402,10402,2
2019-08-28 15:52:08.153,10401,10402,10402,1
2019-08-28 15:52:10.411,10401,10402,10402,1
2019-08-28 15:52:10.556,10401,10402,10402,3
2019-08-28 15:52:10.699,10401,10402,10402,2
2019-08-28 15:52:13.866,10401,10402,10402,1
2019-08-28 15:52:20.504,10401,10402,10402,1
2019-08-28 15:52:25.788,10402,10403,10402,1
2019-08-28 15:52:26.643,10402,10403,10402,2
2019-08-28 15:52:30.337,10402,10403,10402,1
2019-08-28 15:52:31.962,10402,10403,10402,1
2019-08-28 15:52:31.962,10402,10403,10402,1
2019-08-28 15:52:31.962,10402,10403,10402,1
2019-08-28 15:52:38.171,10401,10402,10401,3
2019-08-28 15:52:39.911,10401,10402,10401,1
2019-08-28 15:52:39.991,10401,10402,10401,2
2019-08-28 15:52:47.536,10401,10402,10401,2
2019-08-28 15:53:26.068,10401,10402,10401,2
2019-08-28 15:53:50.557,10401,10402,10401,2
2019-08-28 15:54:13.572,10400,10401,10401,1
2019-08-28 15:54:16.987,10400,10401,10401,1
2019-08-28 15:54:37.246,10400,10401,10401,2
2019-08-28 15:54:50.048,10400,10401,10401,8
2019-08-28 15:54:58.368,10401,10402,10401,2
2019-08-28 15:55:00.792,10401,10402,10402,1
2019-08-28 15:55:21.690,10401,10402,10402,1
2019-08-28 15:55:30.742,10401,10402,10402,1
2019-08-28 15:55:57.831,10401,10402,10401,1
2019-08-28 15:56:00.853,10401,10402,10401,1
2019-08-28 15:56:02.197,10401,10402,10401,1
2019-08-28 15:56:07.491,10401,10402,10401,2
2019-08-28 15:56:07.616,10401,10402,10401,11
2019-08-28 15:56:38.155,10400,10401,10400,1
2019-08-28 15:56:39.781,10400,10401,10400,1
2019-08-28 15:56:44.092,10400,10401,10400,1
2019-08-28 15:56:46.585,10400,10401,10400,1
2019-08-28 15:56:51.488,10400,10401,10401,10
2019-08-28 15:56:59.164,10400,10401,10401,1
2019-08-28 15:57:00.850,10400,10401,10401,1
2019-08-28 15:57:03.246,10400,10401,10400,2
2019-08-28 15:57:04.162,10400,10401,10401,1
2019-08-28 15:57:06.874,10400,10401,10400,1
2019-08-28 15:57:22.129,10400,10401,10400,1
2019-08-28 15:57:38.143,10400,10401,10401,4
2019-08-28 15:57:38.241,10401,10402,10401,1
2019-08-28 15:57:38.491,10401,10402,10401,4
2019-08-28 15:57:47.247,10400,10401,10401,1
2019-08-28 15:57:58.665,10400,10401,10400,1
2019-08-28 15:58:07.800,10400,10401,10401,2
2019-08-28 15:58:21.781,10400,10401,10401,2
2019-08-28 15:58:25.663,10400,10401,10401,2
2019-08-28 15:58:32.617,10400,10401,10400,1
2019-08-28 15:58:32.618,10400,10401,10400,2
2019-08-28 15:58:32.618,10400,10401,10400,1
2019-08-28 15:58:47.660,10400,10401,10401,1
2019-08-28 15:59:32.529,10400,10401,10401,2
2019-08-28 15:59:46.618,10400,10401,10401,1
2019-08-28 15:59:46.991,10400,10401,10401,4
2019-08-28 15:59:46.991,10400,10401,10401,3
2019-08-28 15:59:46.991,10400,10401,10401,2
2019-08-28 15:59:49.200,10401,10402,10401,1
2019-08-28 15:59:58.916,10401,10402,10402,6
2019-08-28 15:59:58.991,10401,10402,10402,4
2019-08-28 16:00:09.652,10401,10402,10402,2
2019-08-28 16:00:15.997,10401,10402,10402,1
2019-08-28 16:00:16.974,10401,10402,10402,7
2019-08-28 16:00:21.292,10401,10402,10402,1
2019-08-28 16:00:27.568,10401,10402,10402,1
2019-08-28 16:00:30.099,10401,10402,10402,1
2019-08-28 16:00:33.683,10401,10402,10402,1
2019-08-28 16:00:36.222,10401,10402,10402,1
2019-08-28 16:00:36.241,10402,10403,10402,2
2019-08-28 16:00:42.616,10402,10403,10402,2
2019-08-28 16:00:43.131,10401,10402,10402,2
2019-08-28 16:00:58.778,10401,10402,10401,13
2019-08-28 16:01:09.984,10400,10401,10401,1
2019-08-28 16:01:19.191,10400,10401,10400,5
2019-08-28 16:01:19.241,10400,10401,10400,14
2019-08-28 16:01:19.366,10400,10401,10400,3
2019-08-28 16:01:46.304,10399,10400,10399,1
2019-08-28 16:01:56.338,10399,10400,10399,1
2019-08-28 16:02:03.167,10399,10400,10399,5
2019-08-28 16:02:03.436,10399,10400,10399,1
2019-08-28 16:02:05.238,10399,10400,10399,1
2019-08-28 16:02:06.830,10399,10400,10399,1
2019-08-28 16:02:08.586,10399,10400,10399,1
2019-08-28 16:02:09.247,10399,10400,10399,5
2019-08-28 16:02:10.396,10399,10400,10399,1
2019-08-28 16:02:24.919,10399,10400,10399,1
2019-08-28 16:02:26.359,10399,10400,10400,2
2019-08-28 16:02:36.164,10399,10400,10399,2
2019-08-28 16:02:39.019,10399,10400,10400,1
2019-08-28 16:02:45.385,10399,10400,10400,1
2019-08-28 16:02:46.572,10399,10400,10400,1
2019-08-28 16:02:51.438,10399,10400,10400,2
2019-08-28 16:02:56.947,10399,10400,10400,1
2019-08-28 16:02:56.947,10399,10400,10400,1
2019-08-28 16:02:56.948,10399,10400,10400,3
2019-08-28 16:03:00.936,10400,10401,10400,8
2019-08-28 16:03:03.698,10399,10400,10400,1
2019-08-28 16:03:17.029,10399,10400,10400,1
2019-08-28 16:03:18.994,10400,10401,10400,1
2019-08-28 16:03:28.427,10400,10401,10400,1
2019-08-28 16:03:54.830,10400,10401,10401,3
2019-08-28 16:04:01.573,10400,10401,10401,7
2019-08-28 16:04:06.271,10401,10402,10401,1
2019-08-28 16:04:08.723,10400,10401,10401,1
2019-08-28 16:04:35.686,10400,10401,10401,5
2019-08-28 16:04:40.159,10400,10401,10401,1
2019-08-28 16:04:52.067,10401,10402,10402,1
2019-08-28 16:05:15.179,10401,10402,10401,1
2019-08-28 16:05:29.741,10401,10402,10402,4
2019-08-28 16:05:29.779,10401,10402,10402,1
2019-08-28 16:05:29.779,10401,10402,10402,1
2019-08-28 16:05:29.779,10401,10402,10402,1
2019-08-28 16:05:29.779,10401,10402,10402,2
2019-08-28 16:05:38.503,10402,10403,10402,2
2019-08-28 16:05:39.553,10402,10403,10403,2
2019-08-28 16:05:39.553,10402,10403,10403,3
2019-08-28 16:05:39.565,10402,10403,10403,2
2019-08-28 16:05:39.571,10402,10403,10403,2
2019-08-28 16:05:39.571,10402,10403,10403,9
2019-08-28 16:05:39.572,10402,10403,10403,6
2019-08-28 16:05:39.572,10402,10403,10403,2
2019-08-28 16:05:39.572,10402,10403,10403,2
2019-08-28 16:05:39.586,10402,10403,10403,2
2019-08-28 16:05:39.587,10402,10403,10403,1
2019-08-28 16:05:39.588,10402,10403,10403,2
2019-08-28 16:05:39.593,10402,10403,10403,2
2019-08-28 16:05:39.862,10403,10404,10404,17
2019-08-28 16:05:39.862,10403,10404,10404,2
2019-08-28 16:05:40.113,10404,10405,10404,2
2019-08-28 16:05:40.115,10404,10405,10404,2
2019-08-28 16:05:40.115,10404,10405,10404,2
2019-08-28 16:05:40.116,10404,10405,10404,2
2019-08-28 16:05:42.770,10404,10405,10405,8
2019-08-28 16:05:42.770,10404,10405,10405,7
2019-08-28 16:05:42.770,10404,10405,10405,7
2019-08-28 16:05:42.770,10404,10405,10405,8
2019-08-28 16:05:42.771,10404,10405,10405,2
2019-08-28 16:05:42.771,10404,10405,10405,1
2019-08-28 16:05:42.771,10404,10405,10405,1
2019-08-28 16:05:42.771,10404,10405,10405,4
2019-08-28 16:05:42.771,10404,10405,10405,2
2019-08-28 16:05:42.771,10404,10405,10405,1
2019-08-28 16:05:42.771,10404,10405,10405,2
2019-08-28 16:05:42.772,10404,10405,10405,2
2019-08-28 16:05:42.772,10404,10405,10405,2
2019-08-28 16:05:42.772,10404,10405,10405,3
2019-08-28 16:05:42.867,10405,10406,10406,18
2019-08-28 16:05:42.867,10405,10406,10406,6
2019-08-28 16:05:43.400,10406,10407,10407,2
2019-08-28 16:05:43.455,10406,10407,10407,1
2019-08-28 16:05:43.742,10406,10407,10406,1
2019-08-28 16:05:43.742,10406,10407,10406,1
2019-08-28 16:05:43.742,10406,10407,10406,6
2019-08-28 16:05:44.299,10406,10407,10407,1
2019-08-28 16:05:46.440,10406,10407,10406,2
2019-08-28 16:05:46.440,10406,10407,10406,1
2019-08-28 16:05:46.440,10406,10407,10406,1
2019-08-28 16:05:46.440,10406,10407,10406,1
2019-08-28 16:05:46.440,10406,10407,10406,10
2019-08-28 16:05:46.741,10405,10406,10406,1
2019-08-28 16:05:48.701,10406,10407,10407,16
2019-08-28 16:05:49.561,10406,10407,10407,1
2019-08-28 16:05:49.562,10406,10407,10407,2
2019-08-28 16:05:49.616,10406,10407,10407,12
2019-08-28 16:05:51.462,10406,10407,10406,1
2019-08-28 16:05:52.561,10406,10407,10406,1
2019-08-28 16:05:54.080,10405,10407,10407,2
2019-08-28 16:05:55.532,10405,10406,10406,5
2019-08-28 16:05:59.514,10405,10406,10406,1
2019-08-28 16:06:01.231,10405,10407,10407,10
2019-08-28 16:06:04.306,10406,10407,10406,1
2019-08-28 16:06:06.078,10406,10407,10407,1
2019-08-28 16:06:11.051,10406,10407,10407,3
2019-08-28 16:06:12.960,10406,10407,10406,5
2019-08-28 16:06:12.960,10406,10407,10406,1
2019-08-28 16:06:12.965,10406,10407,10406,3
2019-08-28 16:06:18.018,10405,10406,10405,2
2019-08-28 16:06:18.932,10404,10405,10405,1
2019-08-28 16:06:26.731,10404,10405,10404,1
2019-08-28 16:06:27.795,10404,10405,10405,1
2019-08-28 16:06:33.354,10405,10406,10406,1
2019-08-28 16:06:41.032,10405,10406,10406,1
2019-08-28 16:06:41.339,10405,10406,10406,1
2019-08-28 16:06:42.102,10405,10406,10406,1
2019-08-28 16:06:42.983,10405,10406,10406,3
2019-08-28 16:06:44.204,10405,10406,10406,2
2019-08-28 16:06:47.070,10405,10406,10406,5
2019-08-28 16:06:47.070,10405,10406,10406,3
2019-08-28 16:06:47.070,10405,10406,10406,2
2019-08-28 16:06:47.070,10405,10406,10406,1
2019-08-28 16:06:49.508,10406,10407,10406,1
2019-08-28 16:06:51.206,10406,10407,10406,1
2019-08-28 16:06:52.455,10406,10407,10407,1
2019-08-28 16:06:53.779,10406,10407,10407,2
2019-08-28 16:06:54.728,10406,10407,10407,2
2019-08-28 16:06:55.109,10406,10407,10407,2
2019-08-28 16:06:55.866,10406,10407,10406,1
2019-08-28 16:06:57.190,10406,10407,10407,2
2019-08-28 16:06:58.562,10406,10407,10406,1
2019-08-28 16:06:59.507,10406,10407,10407,1
2019-08-28 16:07:04.018,10406,10407,10407,2
2019-08-28 16:07:06.452,10406,10407,10407,1
2019-08-28 16:07:06.737,10406,10407,10407,1
2019-08-28 16:07:07.528,10406,10407,10407,11
2019-08-28 16:07:15.287,10407,10408,10407,1
2019-08-28 16:07:18.132,10407,10408,10407,1
2019-08-28 16:07:20.498,10407,10408,10407,1
2019-08-28 16:07:23.906,10407,10408,10407,1
2019-08-28 16:07:28.044,10407,10408,10408,1
2019-08-28 16:07:28.146,10407,10408,10408,1
2019-08-28 16:07:28.174,10407,10408,10408,1
2019-08-28 16:07:28.214,10407,10408,10408,5
2019-08-28 16:07:28.316,10407,10408,10408,1
2019-08-28 16:07:28.620,10407,10408,10408,1
2019-08-28 16:07:28.948,10407,10408,10408,1
2019-08-28 16:07:29.374,10407,10408,10408,2
2019-08-28 16:07:29.375,10407,10408,10408,7
2019-08-28 16:07:29.375,10407,10408,10408,1
2019-08-28 16:07:29.375,10407,10408,10408,2
2019-08-28 16:07:29.375,10407,10408,10408,2
2019-08-28 16:07:29.375,10407,10408,10408,3
2019-08-28 16:07:29.375,10407,10408,10408,1
2019-08-28 16:07:29.375,10407,10408,10408,1
2019-08-28 16:07:29.375,10407,10408,10408,1
2019-08-28 16:07:29.375,10407,10408,10408,1
2019-08-28 16:07:29.416,10407,10408,10409,1
2019-08-28 16:07:30.053,10408,10409,10408,1
2019-08-28 16:07:31.291,10408,10409,10408,1
2019-08-28 16:07:33.752,10408,10409,10409,5
2019-08-28 16:07:33.866,10408,10409,10409,2
2019-08-28 16:07:33.928,10408,10409,10409,2
2019-08-28 16:07:33.928,10408,10409,10409,23
2019-08-28 16:07:36.309,10409,10410,10410,1
2019-08-28 16:07:36.341,10409,10410,10409,1
2019-08-28 16:07:36.355,10409,10410,10409,2
2019-08-28 16:07:37.457,10409,10410,10409,1
2019-08-28 16:07:38.125,10409,10410,10410,6
2019-08-28 16:07:38.264,10409,10410,10410,1
2019-08-28 16:07:38.268,10409,10410,10410,2
2019-08-28 16:07:38.855,10409,10410,10409,1
2019-08-28 16:07:40.799,10409,10410,10409,1
2019-08-28 16:07:41.690,10409,10410,10410,4
2019-08-28 16:07:41.715,10409,10410,10409,1
2019-08-28 16:07:41.871,10409,10410,10410,1
2019-08-28 16:07:43.269,10409,10410,10410,5
2019-08-28 16:07:43.581,10409,10410,10409,15
2019-08-28 16:07:43.849,10409,10410,10410,1
2019-08-28 16:07:43.956,10409,10410,10410,1
2019-08-28 16:07:44.070,10409,10410,10410,4
2019-08-28 16:07:44.697,10410,10411,10410,5
2019-08-28 16:07:46.106,10410,10411,10410,1
2019-08-28 16:07:46.107,10410,10411,10410,1
2019-08-28 16:07:46.316,10409,10410,10410,1
2019-08-28 16:07:46.483,10409,10410,10410,2
2019-08-28 16:07:46.519,10409,10410,10410,2
2019-08-28 16:07:48.338,10409,10410,10410,1
2019-08-28 16:07:49.844,10409,10410,10410,2
2019-08-28 16:07:50.991,10409,10410,10409,6
2019-08-28 16:07:58.758,10408,10409,10409,1
2019-08-28 16:07:59.148,10408,10409,10408,1
2019-08-28 16:07:59.148,10408,10409,10408,2
2019-08-28 16:07:59.568,10407,10408,10408,1
2019-08-28 16:07:59.629,10407,10408,10408,1
2019-08-28 16:08:00.353,10407,10408,10408,1
2019-08-28 16:08:00.659,10407,10408,10408,1
2019-08-28 16:08:00.741,10407,10408,10408,1
2019-08-28 16:08:00.778,10407,10408,10408,1
2019-08-28 16:08:02.213,10407,10408,10408,1
2019-08-28 16:08:03.048,10407,10408,10408,1
2019-08-28 16:08:06.097,10407,10408,10408,1
2019-08-28 16:08:06.457,10408,10409,10409,1
2019-08-28 16:08:09.120,10408,10409,10408,1
2019-08-28 16:08:09.477,10407,10408,10408,1
2019-08-28 16:08:11.488,10407,10408,10408,5
2019-08-28 16:08:13.718,10407,10408,10408,5
2019-08-28 16:08:14.585,10407,10408,10408,3
2019-08-28 16:08:14.585,10407,10408,10409,2
2019-08-28 16:08:20.416,10408,10409,10409,1
2019-08-28 16:08:20.793,10408,10409,10409,4
2019-08-28 16:08:23.553,10408,10409,10408,1
2019-08-28 16:08:24.529,10407,10409,10407,1
2019-08-28 16:08:30.879,10408,10409,10408,2
2019-08-28 16:08:30.991,10408,10409,10408,1
2019-08-28 16:08:33.955,10408,10409,10408,1
2019-08-28 16:08:34.000,10407,10408,10408,1
2019-08-28 16:08:36.976,10407,10408,10407,1
2019-08-28 16:08:39.813,10407,10408,10408,1
2019-08-28 16:08:40.814,10407,10408,10408,1
2019-08-28 16:08:43.256,10407,10408,10408,2
2019-08-28 16:08:47.421,10407,10408,10408,1
2019-08-28 16:08:47.874,10407,10408,10407,1
2019-08-28 16:08:47.905,10407,10408,10408,1
2019-08-28 16:08:48.355,10407,10408,10408,1
2019-08-28 16:08:49.096,10407,10408,10408,1
2019-08-28 16:08:49.898,10407,10408,10408,1
2019-08-28 16:08:50.697,10407,10408,10408,1
2019-08-28 16:08:53.335,10407,10408,10408,1
2019-08-28 16:08:53.543,10407,10408,10408,1
2019-08-28 16:08:54.008,10407,10408,10408,1
2019-08-28 16:08:54.728,10407,10408,10408,1
2019-08-28 16:08:57.054,10408,10409,10408,1
2019-08-28 16:08:59.566,10408,10409,10408,1
2019-08-28 16:09:03.288,10407,10408,10408,2
2019-08-28 16:09:18.782,10407,10408,10407,22
2019-08-28 16:09:18.866,10407,10408,10407,5
2019-08-28 16:09:19.841,10406,10407,10406,1
2019-08-28 16:09:20.491,10406,10407,10407,2
2019-08-28 16:09:34.031,10406,10407,10407,1
2019-08-28 16:09:39.469,10406,10407,10407,1
2019-08-28 16:09:40.671,10406,10407,10407,1
2019-08-28 16:09:41.260,10406,10407,10407,1
2019-08-28 16:09:46.451,10407,10408,10407,1
2019-08-28 16:09:47.604,10407,10408,10407,1
2019-08-28 16:09:51.566,10407,10408,10407,2
2019-08-28 16:09:51.597,10407,10408,10407,1
2019-08-28 16:09:54.088,10407,10408,10407,1
2019-08-28 16:09:54.242,10407,10408,10407,6
2019-08-28 16:09:59.889,10406,10407,10407,1
2019-08-28 16:10:12.158,10406,10407,10407,1
2019-08-28 16:10:12.593,10406,10407,10407,1
2019-08-28 16:10:13.193,10406,10407,10407,1
2019-08-28 16:10:30.320,10406,10407,10407,1
2019-08-28 16:10:35.366,10406,10407,10407,1
2019-08-28 16:10:36.952,10406,10407,10407,2
2019-08-28 16:10:41.116,10406,10407,10407,2
2019-08-28 16:10:51.423,10406,10407,10407,2
2019-08-28 16:11:10.890,10407,10408,10407,1
2019-08-28 16:11:14.718,10407,10408,10407,1
2019-08-28 16:11:16.627,10407,10408,10407,3
2019-08-28 16:11:17.031,10407,10408,10408,1
2019-08-28 16:11:21.107,10407,10408,10407,1
2019-08-28 16:11:25.654,10407,10408,10407,1
2019-08-28 16:11:29.837,10407,10408,10407,1
2019-08-28 16:11:30.025,10407,10408,10408,1
2019-08-28 16:11:40.137,10407,10408,10407,1
2019-08-28 16:11:50.694,10407,10408,10408,1
2019-08-28 16:12:00.964,10407,10408,10407,7
2019-08-28 16:12:00.991,10407,10408,10407,2
2019-08-28 16:12:01.119,10406,10407,10407,1
2019-08-28 16:12:07.457,10406,10407,10407,5
2019-08-28 16:12:07.529,10406,10408,10408,5
2019-08-28 16:12:12.868,10407,10408,10407,1
2019-08-28 16:12:14.949,10407,10408,10407,1
2019-08-28 16:12:22.540,10406,10407,10407,1
2019-08-28 16:12:29.219,10406,10407,10407,2
2019-08-28 16:12:29.220,10406,10407,10407,5
2019-08-28 16:12:29.220,10406,10407,10407,1
2019-08-28 16:12:38.513,10406,10407,10406,3
2019-08-28 16:12:42.090,10406,10407,10407,1
2019-08-28 16:12:50.429,10406,10407,10407,4
2019-08-28 16:12:51.233,10406,10407,10406,5
2019-08-28 16:12:51.245,10406,10407,10406,1
2019-08-28 16:13:10.628,10406,10407,10407,1
2019-08-28 16:13:16.207,10406,10407,10407,1
2019-08-28 16:13:16.207,10406,10407,10407,2
2019-08-28 16:13:16.207,10406,10407,10407,1
2019-08-28 16:13:30.508,10407,10408,10407,2
2019-08-28 16:13:37.440,10407,10408,10407,3
2019-08-28 16:13:45.793,10406,10408,10408,1
2019-08-28 16:13:51.238,10407,10408,10407,3
2019-08-28 16:14:15.880,10407,10408,10407,1
2019-08-28 16:14:19.564,10407,10408,10407,1
2019-08-28 16:14:20.360,10407,10408,10407,3
2019-08-28 16:14:20.763,10406,10407,10407,2
2019-08-28 16:14:23.796,10406,10407,10407,1
2019-08-28 16:14:24.762,10407,10408,10407,3
2019-08-28 16:14:25.605,10406,10407,10407,1
2019-08-28 16:14:30.882,10406,10407,10407,1
2019-08-28 16:14:41.031,10406,10407,10407,2
2019-08-28 16:15:04.836,10406,10407,10407,1
2019-08-28 16:15:04.836,10406,10407,10407,3
2019-08-28 16:15:28.580,10407,10408,10407,1
2019-08-28 16:15:32.610,10407,10408,10407,1
2019-08-28 16:16:03.481,10407,10408,10407,1
2019-08-28 16:16:43.195,10407,10408,10407,15
2019-08-28 16:16:43.195,10407,10408,10407,2
2019-08-28 16:16:43.241,10407,10408,10407,3
2019-08-28 16:16:43.241,10407,10408,10407,2
2019-08-28 16:16:43.241,10407,10408,10407,1
2019-08-28 16:16:43.241,10407,10408,10407,3
2019-08-28 16:16:54.940,10406,10407,10407,1
2019-08-28 16:17:02.906,10406,10407,10407,1
2019-08-28 16:17:05.313,10406,10407,10407,1
2019-08-28 16:17:09.087,10406,10408,10407,1
2019-08-28 16:17:11.027,10407,10408,10407,1
2019-08-28 16:17:11.458,10407,10408,10408,15
2019-08-28 16:17:11.491,10407,10408,10408,10
2019-08-28 16:17:15.430,10408,10409,10409,4
2019-08-28 16:17:39.393,10408,10409,10408,2
2019-08-28 16:17:40.687,10408,10409,10409,1
2019-08-28 16:17:41.590,10408,10409,10408,2
2019-08-28 16:18:03.456,10408,10409,10409,4
2019-08-28 16:18:03.754,10408,10409,10409,2
2019-08-28 16:18:03.870,10408,10409,10409,2
2019-08-28 16:18:05.750,10408,10409,10409,1
2019-08-28 16:18:06.224,10408,10409,10409,1
2019-08-28 16:18:07.786,10408,10409,10408,1
2019-08-28 16:18:08.594,10408,10409,10409,1
2019-08-28 16:18:09.449,10408,10409,10408,1
2019-08-28 16:18:12.894,10408,10409,10409,1
2019-08-28 16:18:36.894,10408,10409,10409,4
2019-08-28 16:18:37.287,10408,10409,10409,5
2019-08-28 16:18:48.883,10408,10409,10409,1
2019-08-28 16:18:49.464,10408,10409,10409,1
2019-08-28 16:18:51.044,10408,10409,10409,2
2019-08-28 16:18:54.359,10408,10409,10409,10
2019-08-28 16:19:06.586,10409,10410,10409,6
2019-08-28 16:19:08.026,10408,10409,10409,1
2019-08-28 16:19:14.241,10408,10409,10409,3
2019-08-28 16:19:14.498,10409,10410,10409,1
2019-08-28 16:19:26.915,10408,10409,10409,2
2019-08-28 16:19:31.754,10408,10409,10409,1
2019-08-28 16:19:36.699,10408,10409,10409,1
2019-08-28 16:19:37.330,10408,10409,10409,5
2019-08-28 16:19:41.464,10409,10410,10409,1
2019-08-28 16:19:43.703,10409,10410,10409,1
2019-08-28 16:19:45.124,10409,10410,10409,1
2019-08-28 16:19:45.438,10409,10410,10410,4
2019-08-28 16:19:45.449,10409,10410,10409,1
2019-08-28 16:19:56.218,10409,10410,10409,5
2019-08-28 16:19:58.954,10409,10410,10409,1
2019-08-28 16:20:03.667,10409,10410,10410,1
2019-08-28 16:20:04.228,10409,10410,10409,2
2019-08-28 16:20:04.262,10409,10410,10409,2
2019-08-28 16:20:12.781,10409,10410,10410,5
2019-08-28 16:20:25.129,10409,10410,10410,2
2019-08-28 16:20:25.655,10409,10410,10410,4
2019-08-28 16:20:31.763,10409,10410,10410,1
2019-08-28 16:20:39.111,10409,10410,10410,5
2019-08-28 16:20:39.880,10409,10410,10410,2
2019-08-28 16:20:58.222,10410,10411,10410,5
2019-08-28 16:20:59.655,10409,10410,10410,1
2019-08-28 16:21:01.217,10409,10410,10410,2
2019-08-28 16:21:04.855,10409,10410,10410,2
2019-08-28 16:21:09.493,10409,10410,10410,1
2019-08-28 16:21:10.814,10409,10410,10410,2
2019-08-28 16:21:13.486,10409,10410,10410,4
2019-08-28 16:21:22.136,10410,10411,10410,1
2019-08-28 16:21:24.435,10410,10411,10410,2
2019-08-28 16:21:30.883,10410,10411,10410,1
2019-08-28 16:21:32.737,10410,10411,10410,1
2019-08-28 16:21:44.163,10410,10411,10410,19
2019-08-28 16:21:45.419,10409,10410,10410,1
2019-08-28 16:21:53.380,10409,10410,10410,1
2019-08-28 16:22:00.788,10409,10410,10410,1
2019-08-28 16:22:07.961,10409,10410,10410,14
2019-08-28 16:22:16.971,10410,10411,10410,3
2019-08-28 16:22:25.385,10410,10411,10410,3
2019-08-28 16:22:26.199,10410,10411,10410,1
2019-08-28 16:22:28.852,10409,10410,10410,1
2019-08-28 16:22:29.717,10409,10410,10410,1
2019-08-28 16:22:34.186,10410,10411,10410,1
2019-08-28 16:22:42.807,10409,10410,10410,1
2019-08-28 16:22:49.661,10409,10410,10410,1
2019-08-28 16:22:51.303,10410,10411,10410,1
2019-08-28 16:22:51.306,10410,10411,10410,1
2019-08-28 16:22:53.616,10410,10411,10410,1
2019-08-28 16:22:53.741,10410,10411,10410,1
2019-08-28 16:23:02.485,10410,10411,10410,1
2019-08-28 16:23:05.965,10410,10411,10410,1
2019-08-28 16:23:16.825,10409,10410,10410,1
2019-08-28 16:23:19.411,10409,10410,10410,1
2019-08-28 16:23:26.792,10409,10410,10410,1
2019-08-28 16:23:46.002,10409,10410,10410,2
2019-08-28 16:23:47.160,10409,10410,10410,1
2019-08-28 16:23:47.806,10409,10410,10410,1
2019-08-28 16:23:52.544,10409,10410,10410,1
2019-08-28 16:24:12.676,10409,10410,10409,2
2019-08-28 16:24:13.006,10409,10410,10409,1
2019-08-28 16:24:17.815,10409,10410,10410,6
2019-08-28 16:24:19.487,10409,10410,10409,1
2019-08-28 16:24:20.732,10409,10410,10409,1
2019-08-28 16:24:32.885,10409,10410,10409,1
2019-08-28 16:24:35.953,10409,10410,10409,5
2019-08-28 16:24:43.572,10409,10410,10409,1
2019-08-28 16:24:58.274,10409,10410,10409,1
2019-08-28 16:25:06.434,10409,10410,10409,1
2019-08-28 16:25:09.852,10409,10410,10409,1
2019-08-28 16:25:15.491,10409,10410,10409,9
2019-08-28 16:25:15.616,10409,10410,10409,7
2019-08-28 16:25:37.050,10409,10410,10409,1
2019-08-28 16:25:53.609,10409,10410,10409,8
2019-08-28 16:26:05.301,10408,10409,10409,2
2019-08-28 16:26:16.281,10408,10409,10409,2
2019-08-28 16:26:21.826,10408,10409,10409,2
2019-08-28 16:26:32.252,10408,10409,10409,6
2019-08-28 16:26:32.366,10408,10409,10409,4
2019-08-28 16:26:49.295,10408,10410,10408,1
2019-08-28 16:26:56.803,10409,10410,10409,1
2019-08-28 16:27:14.113,10409,10410,10409,1
2019-08-28 16:27:21.866,10409,10410,10410,18
2019-08-28 16:27:21.991,10409,10410,10410,17
2019-08-28 16:27:35.168,10410,10411,10411,1
2019-08-28 16:27:35.344,10410,10411,10411,1
2019-08-28 16:27:35.348,10410,10411,10410,1
2019-08-28 16:27:48.416,10410,10411,10410,1
2019-08-28 16:28:05.428,10410,10411,10411,5
2019-08-28 16:28:07.205,10410,10411,10410,1
2019-08-28 16:28:10.686,10410,10411,10410,15
2019-08-28 16:28:11.093,10409,10410,10410,2
2019-08-28 16:28:16.336,10409,10410,10410,1
2019-08-28 16:28:49.877,10409,10410,10409,1
2019-08-28 16:28:51.195,10409,10410,10410,3
2019-08-28 16:29:23.478,10409,10410,10410,1
2019-08-28 16:29:39.823,10409,10410,10410,1
2019-08-28 16:30:07.060,10409,10410,10410,10
2019-08-28 16:30:23.741,10410,10411,10411,9
2019-08-28 16:30:23.866,10410,10411,10411,7
2019-08-28 16:30:27.994,10411,10412,10412,1
2019-08-28 16:30:28.468,10411,10412,10412,1
2019-08-28 16:30:29.068,10411,10412,10412,1
2019-08-28 16:30:29.524,10411,10412,10412,1
2019-08-28 16:30:30.033,10411,10412,10412,1
2019-08-28 16:30:32.224,10411,10412,10412,1
2019-08-28 16:30:34.232,10411,10412,10412,20
2019-08-28 16:30:36.010,10411,10412,10412,3
2019-08-28 16:30:37.632,10411,10412,10412,10
2019-08-28 16:30:38.329,10411,10412,10412,5
2019-08-28 16:30:38.398,10411,10413,10413,1
2019-08-28 16:30:38.517,10411,10413,10413,1
2019-08-28 16:30:38.535,10411,10413,10413,2
2019-08-28 16:30:38.879,10412,10413,10413,6
2019-08-28 16:30:38.885,10412,10413,10413,5
2019-08-28 16:30:38.909,10412,10413,10413,10
2019-08-28 16:30:38.922,10412,10413,10413,7
2019-08-28 16:30:38.934,10412,10413,10413,6
2019-08-28 16:30:38.937,10412,10413,10413,8
2019-08-28 16:30:38.991,10412,10413,10413,6
2019-08-28 16:30:38.991,10412,10413,10413,1
2019-08-28 16:30:38.991,10412,10413,10413,1
2019-08-28 16:30:38.991,10412,10413,10413,2
2019-08-28 16:30:38.991,10412,10413,10413,2
2019-08-28 16:30:40.763,10412,10413,10413,2
2019-08-28 16:30:41.066,10412,10414,10413,1
2019-08-28 16:30:41.076,10412,10414,10413,1
2019-08-28 16:30:43.541,10412,10413,10413,1
2019-08-28 16:30:43.974,10413,10414,10414,1
2019-08-28 16:30:44.010,10413,10414,10414,5
2019-08-28 16:30:44.025,10413,10414,10414,1
2019-08-28 16:30:48.411,10413,10414,10414,1
2019-08-28 16:30:48.839,10413,10414,10414,1
2019-08-28 16:30:57.657,10413,10414,10414,1
2019-08-28 16:30:58.153,10413,10414,10413,2
2019-08-28 16:30:58.395,10413,10414,10413,2
2019-08-28 16:30:58.396,10413,10414,10413,2
2019-08-28 16:30:58.412,10413,10414,10413,1
2019-08-28 16:31:14.336,10412,10413,10412,1
2019-08-28 16:31:16.231,10412,10413,10412,1
2019-08-28 16:31:16.232,10412,10413,10412,3
2019-08-28 16:31:16.232,10412,10413,10412,1
2019-08-28 16:31:23.072,10411,10412,10411,6
2019-08-28 16:31:23.073,10411,10412,10410,1
2019-08-28 16:31:23.531,10410,10411,10410,1
2019-08-28 16:31:34.066,10410,10411,10410,3
2019-08-28 16:31:40.177,10409,10410,10410,5
2019-08-28 16:31:47.582,10409,10410,10410,5
2019-08-28 16:31:48.996,10409,10410,10410,2
2019-08-28 16:32:15.806,10410,10411,10410,2
2019-08-28 16:32:20.209,10410,10411,10410,3
2019-08-28 16:32:25.214,10409,10410,10410,1
2019-08-28 16:32:25.214,10409,10410,10411,4
2019-08-28 16:32:39.906,10409,10411,10411,5
2019-08-28 16:32:53.766,10409,10410,10410,1
2019-08-28 16:33:07.558,10410,10411,10410,1
2019-08-28 16:33:16.750,10410,10411,10410,1
2019-08-28 16:33:31.041,10410,10411,10411,5
2019-08-28 16:33:31.041,10410,10411,10411,2
2019-08-28 16:33:32.500,10411,10412,10411,1
2019-08-28 16:33:48.573,10411,10412,10412,2
2019-08-28 16:33:50.207,10411,10412,10412,1
2019-08-28 16:33:53.918,10411,10412,10412,1
2019-08-28 16:33:54.389,10411,10412,10412,1
2019-08-28 16:33:54.766,10411,10412,10412,2
2019-08-28 16:33:58.131,10411,10412,10412,4
2019-08-28 16:34:01.986,10412,10413,10412,2
2019-08-28 16:34:03.862,10412,10413,10412,1
2019-08-28 16:34:04.114,10412,10413,10412,2
2019-08-28 16:34:04.434,10411,10412,10411,1
2019-08-28 16:34:09.592,10411,10412,10412,1
2019-08-28 16:34:16.223,10411,10412,10411,1
2019-08-28 16:34:21.637,10411,10412,10411,5
2019-08-28 16:34:21.637,10411,10412,10411,3
2019-08-28 16:34:56.094,10410,10412,10412,2
2019-08-28 16:35:27.320,10410,10412,10410,1
2019-08-28 16:35:27.583,10410,10412,10412,2
2019-08-28 16:35:27.731,10410,10412,10412,2
2019-08-28 16:35:30.231,10410,10411,10410,2
2019-08-28 16:35:30.361,10410,10411,10410,2
2019-08-28 16:35:30.361,10410,10411,10410,3
2019-08-28 16:35:30.361,10410,10411,10410,10
2019-08-28 16:35:51.410,10409,10410,10409,2
2019-08-28 16:35:51.430,10409,10410,10409,2
2019-08-28 16:35:51.491,10409,10410,10409,7
2019-08-28 16:35:57.133,10408,10409,10408,1
2019-08-28 16:36:00.718,10408,10409,10409,1
2019-08-28 16:36:03.141,10408,10409,10409,1
2019-08-28 16:36:22.687,10408,10409,10408,1
2019-08-28 16:36:25.578,10408,10409,10408,1
2019-08-28 16:36:26.509,10408,10409,10408,3
2019-08-28 16:36:27.278,10408,10409,10408,1
2019-08-28 16:36:28.937,10408,10409,10408,1
2019-08-28 16:36:33.852,10408,10409,10408,2
2019-08-28 16:36:38.878,10408,10409,10408,2
2019-08-28 16:36:38.880,10408,10409,10408,13
2019-08-28 16:36:38.889,10408,10409,10408,1
2019-08-28 16:36:40.477,10407,10408,10408,2
2019-08-28 16:36:52.740,10407,10408,10408,3
2019-08-28 16:36:58.816,10407,10408,10407,1
2019-08-28 16:37:03.516,10407,10408,10408,7
2019-08-28 16:37:19.220,10408,10409,10409,1
2019-08-28 16:37:59.335,10408,10409,10408,1
2019-08-28 16:38:09.439,10408,10409,10409,1
2019-08-28 16:38:12.393,10408,10409,10408,2
2019-08-28 16:38:20.872,10407,10408,10408,1
2019-08-28 16:38:38.038,10407,10408,10407,1
2019-08-28 16:38:38.038,10407,10408,10407,1
2019-08-28 16:38:38.041,10407,10408,10407,1
2019-08-28 16:38:38.042,10407,10408,10407,2
2019-08-28 16:38:38.042,10407,10408,10407,5
2019-08-28 16:38:38.055,10407,10408,10407,7
2019-08-28 16:39:06.227,10406,10407,10407,1
2019-08-28 16:39:15.008,10406,10407,10406,1
2019-08-28 16:39:15.009,10406,10407,10406,1
2019-08-28 16:39:15.009,10406,10407,10406,8
2019-08-28 16:39:15.116,10406,10407,10406,6
2019-08-28 16:39:15.116,10406,10407,10406,3
2019-08-28 16:39:15.116,10406,10407,10406,3
2019-08-28 16:39:15.116,10406,10407,10406,1
2019-08-28 16:39:15.181,10406,10407,10405,2
2019-08-28 16:39:17.371,10405,10406,10405,3
2019-08-28 16:39:17.371,10405,10406,10405,2
2019-08-28 16:39:17.372,10405,10406,10405,3
2019-08-28 16:39:17.410,10405,10406,10405,1
2019-08-28 16:39:17.491,10405,10406,10405,5
2019-08-28 16:39:18.762,10405,10406,10405,1
2019-08-28 16:39:19.763,10405,10406,10405,1
2019-08-28 16:39:19.763,10405,10406,10405,1
2019-08-28 16:39:19.765,10405,10406,10405,10
2019-08-28 16:39:20.367,10404,10405,10404,1
2019-08-28 16:39:20.556,10404,10405,10404,1
2019-08-28 16:39:20.663,10404,10405,10404,3
2019-08-28 16:39:20.812,10404,10405,10404,1
2019-08-28 16:39:20.950,10404,10405,10405,1
2019-08-28 16:39:21.133,10404,10405,10404,5
2019-08-28 16:39:21.562,10403,10405,10405,1
2019-08-28 16:39:21.681,10403,10405,10404,1
2019-08-28 16:39:23.009,10403,10404,10403,2
2019-08-28 16:39:23.147,10403,10404,10403,1
2019-08-28 16:39:23.152,10403,10404,10403,2
2019-08-28 16:39:25.010,10403,10404,10404,1
2019-08-28 16:39:25.995,10403,10404,10403,2
2019-08-28 16:39:28.271,10403,10404,10403,1
2019-08-28 16:39:28.272,10403,10404,10403,2
2019-08-28 16:39:28.302,10403,10404,10403,1
2019-08-28 16:39:28.327,10403,10404,10403,1
2019-08-28 16:39:28.327,10403,10404,10403,1
2019-08-28 16:39:28.336,10403,10404,10403,2
2019-08-28 16:39:28.336,10403,10404,10403,3
2019-08-28 16:39:28.366,10403,10404,10403,2
2019-08-28 16:39:28.366,10403,10404,10403,5
2019-08-28 16:39:28.429,10403,10404,10403,2
2019-08-28 16:39:28.429,10403,10404,10403,1
2019-08-28 16:39:28.430,10403,10404,10403,1
2019-08-28 16:39:28.523,10403,10404,10403,2
2019-08-28 16:39:28.616,10403,10404,10403,2
2019-08-28 16:39:31.351,10402,10403,10402,1
2019-08-28 16:39:31.422,10402,10403,10402,1
2019-08-28 16:39:32.577,10402,10403,10402,2
2019-08-28 16:39:32.941,10402,10403,10402,1
2019-08-28 16:39:34.558,10402,10403,10403,1
2019-08-28 16:39:35.317,10402,10403,10402,10
2019-08-28 16:39:36.472,10402,10403,10402,1
2019-08-28 16:39:36.826,10402,10403,10402,1
2019-08-28 16:39:38.341,10402,10403,10402,3
2019-08-28 16:39:38.558,10402,10403,10402,2
2019-08-28 16:39:38.605,10402,10403,10402,3
2019-08-28 16:39:39.556,10402,10403,10402,5
2019-08-28 16:39:39.620,10401,10402,10402,1
2019-08-28 16:39:40.796,10401,10402,10401,4
2019-08-28 16:39:40.798,10401,10402,10401,2
2019-08-28 16:39:40.800,10401,10402,10401,1
2019-08-28 16:39:40.800,10401,10402,10401,2
2019-08-28 16:39:40.803,10401,10402,10401,3
2019-08-28 16:39:40.832,10401,10402,10401,1
2019-08-28 16:39:40.933,10401,10402,10401,1
2019-08-28 16:39:40.952,10401,10402,10401,1
2019-08-28 16:39:40.966,10401,10402,10401,1
2019-08-28 16:39:40.988,10401,10402,10401,1
2019-08-28 16:39:40.991,10401,10402,10401,1
2019-08-28 16:39:40.991,10401,10402,10401,1
2019-08-28 16:39:41.119,10401,10402,10401,1
2019-08-28 16:39:41.119,10401,10402,10401,1
2019-08-28 16:39:41.125,10401,10402,10401,1
2019-08-28 16:39:41.135,10401,10402,10401,4
2019-08-28 16:39:41.136,10401,10402,10401,1
2019-08-28 16:39:41.230,10401,10402,10401,1
2019-08-28 16:39:41.247,10401,10402,10401,10
2019-08-28 16:39:41.366,10401,10402,10401,4
2019-08-28 16:39:41.366,10401,10402,10401,1
2019-08-28 16:39:41.366,10401,10402,10401,5
2019-08-28 16:39:41.590,10400,10401,10401,2
2019-08-28 16:39:41.593,10400,10401,10401,2
2019-08-28 16:39:41.601,10400,10401,10401,2
2019-08-28 16:39:42.307,10400,10401,10400,1
2019-08-28 16:39:42.448,10400,10401,10400,1
2019-08-28 16:39:42.728,10400,10401,10400,2
2019-08-28 16:39:42.936,10400,10401,10400,2
2019-08-28 16:39:43.061,10400,10401,10400,1
2019-08-28 16:39:43.120,10400,10401,10400,2
2019-08-28 16:39:43.224,10400,10401,10400,10
2019-08-28 16:39:43.391,10400,10401,10400,10
2019-08-28 16:39:43.407,10400,10401,10400,1
2019-08-28 16:39:43.577,10400,10401,10400,10
2019-08-28 16:39:43.795,10400,10401,10400,2
2019-08-28 16:39:43.866,10400,10401,10400,3
2019-08-28 16:39:43.965,10400,10401,10400,2
2019-08-28 16:39:44.212,10399,10401,10401,1
2019-08-28 16:39:44.275,10399,10401,10400,2
2019-08-28 16:39:44.290,10399,10401,10399,3
2019-08-28 16:39:44.437,10399,10401,10399,4
2019-08-28 16:39:44.536,10399,10401,10399,1
2019-08-28 16:39:44.537,10399,10401,10399,1
2019-08-28 16:39:44.804,10399,10400,10399,2
2019-08-28 16:39:45.341,10399,10400,10399,4
2019-08-28 16:39:45.368,10399,10400,10399,1
2019-08-28 16:39:45.369,10399,10400,10399,2
2019-08-28 16:39:45.371,10399,10400,10399,2
2019-08-28 16:39:45.372,10399,10400,10399,2
2019-08-28 16:39:45.455,10399,10400,10399,2
2019-08-28 16:39:45.491,10399,10400,10399,2
2019-08-28 16:39:46.229,10399,10400,10399,2
2019-08-28 16:39:46.487,10399,10400,10399,1
2019-08-28 16:39:47.232,10399,10400,10399,2
2019-08-28 16:39:47.804,10399,10400,10399,1
2019-08-28 16:39:48.203,10399,10400,10400,4
2019-08-28 16:39:48.241,10399,10400,10400,17
2019-08-28 16:39:48.262,10399,10400,10400,1
2019-08-28 16:39:48.336,10399,10400,10400,2
2019-08-28 16:39:48.915,10400,10401,10400,1
2019-08-28 16:39:49.176,10400,10401,10399,1
2019-08-28 16:39:49.243,10399,10400,10399,1
2019-08-28 16:39:49.368,10399,10400,10399,2
2019-08-28 16:39:49.719,10399,10400,10399,1
2019-08-28 16:39:51.041,10399,10400,10400,1
2019-08-28 16:39:52.343,10399,10400,10399,5
2019-08-28 16:39:52.597,10399,10400,10400,1
2019-08-28 16:39:52.790,10399,10400,10400,1
2019-08-28 16:39:52.791,10399,10400,10399,1
2019-08-28 16:39:53.681,10399,10400,10399,3
2019-08-28 16:39:54.239,10398,10399,10398,1
2019-08-28 16:39:54.366,10398,10399,10398,1
2019-08-28 16:39:54.501,10398,10399,10398,2
2019-08-28 16:39:55.089,10398,10399,10399,1
2019-08-28 16:39:55.253,10398,10399,10398,1
2019-08-28 16:39:55.254,10398,10399,10398,1
2019-08-28 16:39:55.254,10398,10399,10398,1
2019-08-28 16:39:55.277,10398,10399,10398,2
2019-08-28 16:39:55.280,10398,10399,10398,1
2019-08-28 16:39:55.324,10398,10399,10398,2
2019-08-28 16:39:55.340,10398,10399,10398,2
2019-08-28 16:39:55.366,10398,10399,10398,17
2019-08-28 16:39:55.366,10398,10399,10398,2
2019-08-28 16:39:55.366,10398,10399,10398,1
2019-08-28 16:39:55.367,10398,10399,10398,1
2019-08-28 16:39:55.367,10398,10399,10398,1
2019-08-28 16:39:55.368,10398,10399,10398,31
2019-08-28 16:39:57.231,10397,10398,10397,1
2019-08-28 16:39:57.367,10397,10398,10397,2
2019-08-28 16:39:57.375,10397,10398,10397,1
2019-08-28 16:39:57.496,10397,10398,10397,2
2019-08-28 16:39:57.499,10397,10398,10397,2
2019-08-28 16:39:57.575,10397,10398,10397,1
2019-08-28 16:39:57.752,10397,10398,10397,1
2019-08-28 16:39:57.910,10397,10398,10397,3
2019-08-28 16:39:57.934,10397,10398,10397,1
2019-08-28 16:39:57.936,10397,10398,10397,1
2019-08-28 16:39:58.104,10397,10398,10397,1
2019-08-28 16:39:58.236,10397,10398,10397,8
2019-08-28 16:39:58.236,10397,10398,10397,3
2019-08-28 16:39:58.245,10397,10398,10397,7
2019-08-28 16:39:58.247,10397,10398,10397,3
2019-08-28 16:39:58.259,10397,10398,10397,3
2019-08-28 16:39:58.296,10397,10398,10397,1
2019-08-28 16:39:58.341,10397,10398,10397,2
2019-08-28 16:39:58.344,10397,10398,10397,3
2019-08-28 16:39:58.366,10397,10398,10397,2
2019-08-28 16:39:58.426,10397,10398,10397,5
2019-08-28 16:39:58.455,10397,10398,10397,1
2019-08-28 16:39:58.462,10397,10398,10397,1
2019-08-28 16:39:58.467,10397,10398,10397,9
2019-08-28 16:39:58.469,10397,10398,10397,1
2019-08-28 16:39:58.477,10397,10398,10397,2
2019-08-28 16:39:58.490,10396,10398,10396,4
2019-08-28 16:39:58.491,10396,10398,10396,1
2019-08-28 16:39:58.510,10396,10398,10396,3
2019-08-28 16:39:58.530,10396,10398,10396,1
2019-08-28 16:39:58.616,10396,10397,10397,1
2019-08-28 16:39:58.675,10396,10397,10396,1
2019-08-28 16:39:58.997,10396,10397,10397,1
2019-08-28 16:39:59.377,10396,10397,10396,6
2019-08-28 16:39:59.600,10396,10397,10396,5
2019-08-28 16:40:00.263,10396,10397,10396,2
2019-08-28 16:40:00.300,10396,10397,10396,1
2019-08-28 16:40:00.316,10396,10397,10396,1
2019-08-28 16:40:00.348,10396,10397,10396,2
2019-08-28 16:40:00.360,10396,10397,10396,1
2019-08-28 16:40:00.363,10396,10397,10396,1
2019-08-28 16:40:00.397,10396,10397,10396,1
2019-08-28 16:40:00.397,10396,10397,10396,1
2019-08-28 16:40:00.421,10396,10397,10396,1
2019-08-28 16:40:00.445,10396,10397,10396,1
2019-08-28 16:40:00.482,10396,10397,10396,3
2019-08-28 16:40:00.521,10396,10397,10396,1
2019-08-28 16:40:00.944,10396,10397,10396,1
2019-08-28 16:40:01.110,10396,10397,10397,1
2019-08-28 16:40:01.398,10396,10397,10396,2
2019-08-28 16:40:01.543,10396,10397,10396,32
2019-08-28 16:40:02.093,10395,10396,10395,8
2019-08-28 16:40:02.158,10395,10396,10395,1
2019-08-28 16:40:02.163,10395,10396,10395,1
2019-08-28 16:40:02.164,10395,10396,10395,1
2019-08-28 16:40:02.167,10395,10396,10395,2
2019-08-28 16:40:02.256,10395,10396,10395,2
2019-08-28 16:40:02.269,10395,10396,10395,3
2019-08-28 16:40:02.317,10395,10396,10395,1
2019-08-28 16:40:02.361,10395,10396,10396,1
2019-08-28 16:40:02.412,10395,10396,10395,4
2019-08-28 16:40:02.423,10395,10396,10395,4
2019-08-28 16:40:02.434,10395,10396,10395,1
2019-08-28 16:40:02.457,10395,10396,10395,4
2019-08-28 16:40:02.491,10395,10396,10395,10
2019-08-28 16:40:02.491,10395,10396,10395,6
2019-08-28 16:40:02.522,10395,10396,10395,1
2019-08-28 16:40:02.572,10395,10396,10395,1
2019-08-28 16:40:03.217,10394,10395,10394,12
2019-08-28 16:40:03.243,10394,10395,10394,3
2019-08-28 16:40:03.246,10394,10395,10394,1
2019-08-28 16:40:03.270,10394,10395,10394,1
2019-08-28 16:40:03.270,10394,10395,10393,1
2019-08-28 16:40:03.270,10394,10395,10393,1
2019-08-28 16:40:03.295,10394,10395,10393,1
2019-08-28 16:40:03.312,10394,10395,10394,1
2019-08-28 16:40:03.312,10394,10395,10393,3
2019-08-28 16:40:03.339,10394,10395,10394,4
2019-08-28 16:40:03.353,10394,10395,10394,1
2019-08-28 16:40:03.357,10394,10395,10394,1
2019-08-28 16:40:03.386,10394,10395,10394,1
2019-08-28 16:40:03.420,10394,10395,10394,2
2019-08-28 16:40:03.549,10394,10395,10394,1
2019-08-28 16:40:03.610,10394,10395,10393,2
2019-08-28 16:40:03.616,10393,10394,10394,1
2019-08-28 16:40:03.717,10393,10394,10394,1
2019-08-28 16:40:03.741,10393,10394,10394,1
2019-08-28 16:40:03.743,10393,10394,10394,1
2019-08-28 16:40:03.744,10393,10394,10394,2
2019-08-28 16:40:03.744,10393,10394,10394,2
2019-08-28 16:40:03.745,10393,10394,10394,1
2019-08-28 16:40:03.745,10393,10394,10394,1
2019-08-28 16:40:03.801,10393,10394,10393,1
2019-08-28 16:40:03.866,10393,10394,10394,2
2019-08-28 16:40:03.866,10393,10394,10394,2
2019-08-28 16:40:04.003,10393,10394,10394,6
2019-08-28 16:40:04.003,10393,10394,10394,2
2019-08-28 16:40:04.003,10393,10394,10394,2
2019-08-28 16:40:04.003,10393,10394,10394,2
2019-08-28 16:40:04.060,10393,10394,10394,2
2019-08-28 16:40:04.077,10393,10394,10394,4
2019-08-28 16:40:04.165,10394,10395,10394,1
2019-08-28 16:40:04.184,10394,10395,10394,10
2019-08-28 16:40:04.332,10394,10395,10394,2
2019-08-28 16:40:04.385,10394,10395,10394,3
2019-08-28 16:40:04.491,10393,10394,10394,7
2019-08-28 16:40:04.540,10393,10394,10394,3
2019-08-28 16:40:04.540,10393,10394,10393,7
2019-08-28 16:40:04.928,10394,10395,10394,2
2019-08-28 16:40:05.283,10394,10395,10394,1
2019-08-28 16:40:05.286,10394,10395,10394,1
2019-08-28 16:40:05.291,10394,10395,10394,1
2019-08-28 16:40:05.307,10394,10395,10393,1
2019-08-28 16:40:05.316,10394,10395,10393,1
2019-08-28 16:40:05.333,10394,10395,10393,1
2019-08-28 16:40:05.336,10394,10395,10393,1
2019-08-28 16:40:05.360,10394,10395,10393,1
2019-08-28 16:40:05.879,10394,10395,10394,4
2019-08-28 16:40:05.879,10394,10395,10393,1
2019-08-28 16:40:06.016,10393,10395,10393,1
2019-08-28 16:40:06.127,10393,10395,10393,3
2019-08-28 16:40:06.616,10393,10394,10394,2
2019-08-28 16:40:06.672,10393,10394,10394,1
2019-08-28 16:40:06.674,10393,10394,10394,1
2019-08-28 16:40:06.740,10393,10394,10393,3
2019-08-28 16:40:06.741,10393,10394,10394,2
2019-08-28 16:40:06.751,10393,10394,10394,1
2019-08-28 16:40:07.493,10394,10395,10394,2
2019-08-28 16:40:07.507,10394,10395,10393,1
2019-08-28 16:40:07.514,10394,10395,10393,1
2019-08-28 16:40:08.106,10393,10395,10393,1
2019-08-28 16:40:08.471,10394,10395,10394,1
2019-08-28 16:40:08.567,10394,10395,10395,10
2019-08-28 16:40:08.576,10394,10395,10395,1
2019-08-28 16:40:09.837,10394,10395,10394,1
2019-08-28 16:40:10.041,10394,10395,10394,1
2019-08-28 16:40:10.071,10394,10395,10394,10
2019-08-28 16:40:10.099,10394,10395,10395,1
2019-08-28 16:40:10.595,10393,10395,10394,3
2019-08-28 16:40:12.598,10394,10395,10395,5
2019-08-28 16:40:12.616,10394,10396,10395,4
2019-08-28 16:40:12.741,10394,10395,10395,1
2019-08-28 16:40:12.935,10395,10396,10395,2
2019-08-28 16:40:13.303,10395,10396,10395,1
2019-08-28 16:40:13.535,10395,10396,10395,2
2019-08-28 16:40:13.808,10395,10396,10395,1
2019-08-28 16:40:13.866,10394,10395,10395,1
2019-08-28 16:40:14.886,10395,10396,10395,2
2019-08-28 16:40:14.991,10394,10395,10395,1
2019-08-28 16:40:15.116,10395,10396,10394,1
2019-08-28 16:40:15.273,10394,10396,10394,5
2019-08-28 16:40:16.008,10394,10395,10395,2
2019-08-28 16:40:16.380,10394,10395,10394,1
2019-08-28 16:40:16.441,10394,10395,10395,2
2019-08-28 16:40:16.800,10395,10396,10395,1
2019-08-28 16:40:16.835,10395,10396,10395,1
2019-08-28 16:40:17.741,10394,10395,10395,1
2019-08-28 16:40:20.755,10394,10395,10394,2
2019-08-28 16:40:24.894,10394,10395,10394,5
2019-08-28 16:40:26.068,10394,10395,10395,1
2019-08-28 16:40:26.491,10394,10395,10395,4
2019-08-28 16:40:26.613,10394,10395,10395,4
2019-08-28 16:40:26.613,10394,10395,10395,1
2019-08-28 16:40:26.613,10394,10395,10395,1
2019-08-28 16:40:26.613,10394,10395,10395,1
2019-08-28 16:40:26.613,10394,10395,10395,2
2019-08-28 16:40:26.614,10394,10395,10395,1
2019-08-28 16:40:26.615,10394,10395,10395,9
2019-08-28 16:40:26.680,10395,10396,10396,2
2019-08-28 16:40:26.680,10395,10396,10396,4
2019-08-28 16:40:26.681,10395,10396,10396,6
2019-08-28 16:40:26.798,10396,10397,10396,2
2019-08-28 16:40:27.360,10396,10397,10396,1
2019-08-28 16:40:28.635,10396,10397,10397,1
2019-08-28 16:40:28.636,10396,10397,10397,3
2019-08-28 16:40:28.650,10396,10397,10397,4
2019-08-28 16:40:28.652,10396,10397,10397,4
2019-08-28 16:40:29.432,10396,10397,10397,1
2019-08-28 16:40:29.433,10396,10397,10397,2
2019-08-28 16:40:29.433,10396,10397,10397,1
2019-08-28 16:40:29.433,10396,10397,10397,1
2019-08-28 16:40:29.433,10396,10397,10397,1
2019-08-28 16:40:29.434,10396,10397,10397,3
2019-08-28 16:40:29.434,10396,10397,10397,1
2019-08-28 16:40:29.523,10397,10398,10397,2
2019-08-28 16:40:30.523,10396,10397,10396,9
2019-08-28 16:40:30.524,10396,10397,10396,1
2019-08-28 16:40:30.525,10396,10397,10396,1
2019-08-28 16:40:30.537,10396,10397,10396,1
2019-08-28 16:40:32.865,10396,10397,10396,1
2019-08-28 16:40:33.170,10396,10397,10396,1
2019-08-28 16:40:33.782,10396,10397,10396,1
2019-08-28 16:40:34.664,10396,10397,10397,1
2019-08-28 16:40:35.983,10396,10397,10397,1
2019-08-28 16:40:36.381,10396,10397,10396,1
2019-08-28 16:40:36.671,10396,10397,10397,1
2019-08-28 16:40:36.889,10396,10397,10397,1
2019-08-28 16:40:38.739,10396,10397,10396,3
2019-08-28 16:40:38.739,10396,10397,10395,1
2019-08-28 16:40:38.789,10395,10397,10396,2
2019-08-28 16:40:39.238,10395,10397,10397,1
2019-08-28 16:40:40.464,10395,10396,10396,2
2019-08-28 16:40:43.041,10396,10397,10396,4
2019-08-28 16:40:44.756,10396,10397,10397,2
2019-08-28 16:40:45.622,10396,10397,10397,1
2019-08-28 16:40:45.623,10396,10397,10397,2
2019-08-28 16:40:45.623,10396,10397,10397,1
2019-08-28 16:40:48.753,10396,10397,10396,2
2019-08-28 16:40:48.768,10396,10397,10396,1
2019-08-28 16:40:48.912,10396,10397,10397,3
2019-08-28 16:40:50.115,10396,10397,10397,1
2019-08-28 16:40:50.491,10396,10397,10397,1
2019-08-28 16:40:52.884,10396,10397,10397,1
2019-08-28 16:40:53.597,10396,10398,10398,5
2019-08-28 16:40:53.656,10397,10398,10397,1
2019-08-28 16:40:56.172,10397,10398,10397,1
2019-08-28 16:40:57.031,10397,10398,10397,1
2019-08-28 16:41:01.915,10397,10398,10397,4
2019-08-28 16:41:02.410,10397,10398,10397,1
2019-08-28 16:41:05.400,10397,10398,10397,1
2019-08-28 16:41:05.400,10397,10398,10396,3
2019-08-28 16:41:06.894,10397,10398,10397,1
2019-08-28 16:41:11.023,10397,10398,10398,1
2019-08-28 16:41:12.510,10397,10398,10398,1
2019-08-28 16:41:15.916,10397,10398,10397,2
2019-08-28 16:41:17.351,10396,10398,10398,1
2019-08-28 16:41:18.540,10396,10397,10397,1
2019-08-28 16:41:22.983,10397,10398,10398,3
2019-08-28 16:41:24.404,10397,10398,10397,7
2019-08-28 16:41:25.514,10396,10397,10397,1
2019-08-28 16:41:26.170,10396,10397,10396,1
2019-08-28 16:41:28.242,10396,10397,10397,1
2019-08-28 16:41:29.802,10396,10397,10397,3
2019-08-28 16:41:30.183,10396,10397,10397,1
2019-08-28 16:41:30.183,10396,10397,10398,1
2019-08-28 16:41:31.602,10396,10398,10396,1
2019-08-28 16:41:33.633,10397,10398,10397,5
2019-08-28 16:41:34.284,10396,10398,10398,1
2019-08-28 16:41:36.333,10397,10398,10398,2
2019-08-28 16:41:41.000,10397,10399,10399,2
2019-08-28 16:41:41.089,10397,10399,10399,5
2019-08-28 16:41:41.339,10398,10399,10399,1
2019-08-28 16:41:45.718,10398,10399,10398,1
2019-08-28 16:41:55.032,10398,10399,10398,9
2019-08-28 16:41:55.032,10398,10399,10397,12
2019-08-28 16:41:57.044,10397,10398,10398,1
2019-08-28 16:42:00.597,10397,10398,10398,4
2019-08-28 16:42:01.340,10397,10398,10397,5
2019-08-28 16:42:02.002,10396,10397,10397,1
2019-08-28 16:42:02.543,10396,10397,10397,1
2019-08-28 16:42:06.603,10397,10398,10397,2
2019-08-28 16:42:09.654,10396,10397,10397,1
2019-08-28 16:42:11.080,10396,10397,10397,1
2019-08-28 16:42:11.875,10396,10397,10397,1
2019-08-28 16:42:15.906,10396,10397,10396,11
2019-08-28 16:42:17.486,10396,10397,10396,2
2019-08-28 16:42:17.486,10396,10397,10396,10
2019-08-28 16:42:17.487,10396,10397,10396,4
2019-08-28 16:42:17.487,10396,10397,10396,1
2019-08-28 16:42:17.491,10396,10397,10396,8
2019-08-28 16:42:17.491,10396,10397,10396,14
2019-08-28 16:42:17.491,10396,10397,10396,8
2019-08-28 16:42:17.496,10396,10397,10396,1
2019-08-28 16:42:17.501,10396,10397,10396,2
2019-08-28 16:42:18.200,10395,10396,10395,4
2019-08-28 16:42:18.241,10395,10396,10395,5
2019-08-28 16:42:18.241,10395,10396,10395,1
2019-08-28 16:42:18.241,10395,10396,10395,2
2019-08-28 16:42:18.241,10395,10396,10395,2
2019-08-28 16:42:18.241,10395,10396,10395,3
2019-08-28 16:42:18.241,10395,10396,10395,2
2019-08-28 16:42:18.244,10395,10396,10395,1
2019-08-28 16:42:18.245,10395,10396,10395,2
2019-08-28 16:42:18.283,10395,10396,10395,4
2019-08-28 16:42:18.389,10394,10395,10395,1
2019-08-28 16:42:19.876,10394,10395,10395,1
2019-08-28 16:42:20.335,10394,10395,10394,2
2019-08-28 16:42:21.857,10394,10395,10395,2
2019-08-28 16:42:22.353,10394,10395,10394,1
2019-08-28 16:42:23.006,10394,10395,10394,2
2019-08-28 16:42:25.456,10394,10395,10394,10
2019-08-28 16:42:26.869,10394,10395,10394,2
2019-08-28 16:42:27.373,10394,10395,10394,3
2019-08-28 16:42:29.353,10394,10395,10394,1
2019-08-28 16:42:31.133,10394,10395,10394,5
2019-08-28 16:42:31.149,10394,10395,10394,2
2019-08-28 16:42:31.264,10393,10394,10394,1
2019-08-28 16:42:31.394,10393,10394,10394,1
2019-08-28 16:42:32.524,10393,10394,10394,1
2019-08-28 16:42:33.249,10393,10394,10394,1
2019-08-28 16:42:33.630,10393,10394,10394,3
2019-08-28 16:42:34.107,10393,10394,10394,1
2019-08-28 16:42:34.166,10393,10394,10393,4
2019-08-28 16:42:37.006,10393,10394,10394,1
2019-08-28 16:42:39.844,10393,10394,10393,5
2019-08-28 16:42:40.301,10393,10394,10393,1
2019-08-28 16:42:40.491,10393,10394,10393,2
2019-08-28 16:42:40.549,10393,10394,10393,1
2019-08-28 16:42:40.953,10392,10393,10392,1
2019-08-28 16:42:41.005,10392,10393,10392,10
2019-08-28 16:42:41.051,10392,10393,10393,1
2019-08-28 16:42:41.055,10392,10393,10393,2
2019-08-28 16:42:41.055,10392,10393,10394,3
2019-08-28 16:42:41.066,10392,10393,10394,1
2019-08-28 16:42:41.071,10392,10393,10392,1
2019-08-28 16:42:41.078,10392,10393,10392,15
2019-08-28 16:42:41.102,10392,10393,10392,10
2019-08-28 16:42:41.108,10392,10393,10392,1
2019-08-28 16:42:41.108,10392,10393,10392,1
2019-08-28 16:42:41.108,10392,10393,10392,1
2019-08-28 16:42:41.109,10392,10393,10392,1
2019-08-28 16:42:41.116,10391,10392,10392,1
2019-08-28 16:42:41.116,10391,10392,10392,1
2019-08-28 16:42:41.151,10391,10392,10392,1
2019-08-28 16:42:41.192,10391,10392,10392,4
2019-08-28 16:42:41.227,10391,10392,10391,1
2019-08-28 16:42:41.241,10391,10392,10391,1
2019-08-28 16:42:41.258,10391,10392,10391,1
2019-08-28 16:42:41.305,10391,10392,10392,1
2019-08-28 16:42:41.322,10391,10392,10391,1
2019-08-28 16:42:41.336,10391,10392,10391,1
2019-08-28 16:42:41.386,10391,10392,10391,1
2019-08-28 16:42:41.399,10391,10392,10391,1
2019-08-28 16:42:41.431,10391,10392,10391,1
2019-08-28 16:42:41.447,10391,10392,10391,1
2019-08-28 16:42:41.474,10391,10392,10391,1
2019-08-28 16:42:41.486,10391,10392,10391,1
2019-08-28 16:42:41.500,10391,10392,10391,1
2019-08-28 16:42:41.517,10391,10392,10391,1
2019-08-28 16:42:41.529,10391,10392,10391,1
2019-08-28 16:42:41.540,10391,10392,10391,1
2019-08-28 16:42:41.565,10391,10392,10391,1
2019-08-28 16:42:41.709,10391,10392,10391,3
2019-08-28 16:42:41.800,10391,10392,10392,1
2019-08-28 16:42:41.933,10391,10392,10391,2
2019-08-28 16:42:42.185,10391,10392,10392,3
2019-08-28 16:42:42.874,10391,10392,10391,1
2019-08-28 16:42:42.949,10391,10392,10391,1
2019-08-28 16:42:43.041,10391,10392,10392,1
2019-08-28 16:42:43.041,10391,10392,10392,1
2019-08-28 16:42:43.041,10391,10392,10392,1
2019-08-28 16:42:43.042,10391,10392,10392,1
2019-08-28 16:42:43.087,10391,10392,10392,2
2019-08-28 16:42:43.191,10391,10393,10393,1
2019-08-28 16:42:43.283,10391,10393,10392,1
2019-08-28 16:42:43.340,10391,10393,10392,1
2019-08-28 16:42:43.629,10392,10393,10393,5
2019-08-28 16:42:43.696,10392,10393,10392,10
2019-08-28 16:42:43.790,10391,10393,10393,1
2019-08-28 16:42:43.847,10391,10393,10393,1
2019-08-28 16:42:44.264,10392,10393,10392,5
2019-08-28 16:42:46.023,10392,10393,10392,1
2019-08-28 16:42:47.598,10392,10393,10392,1
2019-08-28 16:42:50.114,10392,10393,10392,1
2019-08-28 16:42:53.267,10392,10393,10392,1
2019-08-28 16:42:53.457,10392,10393,10392,1
2019-08-28 16:42:54.015,10392,10393,10393,1
2019-08-28 16:42:54.413,10392,10393,10392,3
2019-08-28 16:42:55.607,10392,10393,10392,1
2019-08-28 16:42:57.635,10392,10393,10393,1
2019-08-28 16:42:57.741,10392,10393,10393,3
2019-08-28 16:43:00.819,10393,10394,10394,1
2019-08-28 16:43:02.461,10392,10393,10393,1
2019-08-28 16:43:02.591,10392,10393,10393,3
2019-08-28 16:43:03.219,10392,10393,10392,5
2019-08-28 16:43:06.861,10392,10393,10392,1
2019-08-28 16:43:07.403,10392,10393,10393,2
2019-08-28 16:43:07.646,10392,10393,10392,1
2019-08-28 16:43:08.062,10392,10393,10393,1
2019-08-28 16:43:08.870,10392,10394,10394,5
2019-08-28 16:43:09.649,10392,10393,10392,1
2019-08-28 16:43:14.396,10392,10393,10393,2
2019-08-28 16:43:14.524,10392,10393,10392,1
2019-08-28 16:43:14.592,10392,10393,10393,1
2019-08-28 16:43:17.491,10393,10394,10393,1
2019-08-28 16:43:17.864,10393,10394,10393,1
2019-08-28 16:43:17.866,10393,10394,10393,1
2019-08-28 16:43:19.979,10392,10393,10393,1
2019-08-28 16:43:22.066,10392,10393,10392,3
2019-08-28 16:43:24.073,10392,10393,10393,2
2019-08-28 16:43:24.408,10392,10393,10393,1
2019-08-28 16:43:29.743,10393,10394,10394,1
2019-08-28 16:43:31.040,10393,10394,10393,2
2019-08-28 16:43:32.671,10393,10394,10393,1
2019-08-28 16:43:33.599,10392,10394,10393,1
2019-08-28 16:43:34.018,10392,10393,10393,1
2019-08-28 16:43:34.078,10392,10393,10392,1
2019-08-28 16:43:35.200,10392,10393,10393,1
2019-08-28 16:43:35.996,10392,10393,10392,1
2019-08-28 16:43:39.628,10392,10393,10392,2
2019-08-28 16:43:42.769,10392,10393,10393,1
2019-08-28 16:43:42.797,10392,10393,10392,1
2019-08-28 16:43:43.723,10392,10393,10393,1
2019-08-28 16:43:45.142,10392,10393,10393,1
2019-08-28 16:43:45.153,10392,10393,10393,1
2019-08-28 16:43:46.035,10392,10393,10393,4
2019-08-28 16:43:47.395,10393,10394,10393,1
2019-08-28 16:43:48.359,10393,10394,10394,1
2019-08-28 16:43:53.729,10393,10394,10394,1
2019-08-28 16:43:54.305,10393,10394,10394,1
2019-08-28 16:43:56.035,10393,10394,10394,1
2019-08-28 16:43:57.092,10394,10395,10394,5
2019-08-28 16:43:59.491,10394,10395,10394,2
2019-08-28 16:43:59.492,10394,10395,10394,1
2019-08-28 16:43:59.619,10393,10394,10394,1
2019-08-28 16:44:00.774,10393,10394,10394,2
2019-08-28 16:44:00.806,10393,10394,10394,1
2019-08-28 16:44:03.542,10393,10394,10393,1
2019-08-28 16:44:06.313,10393,10394,10393,1
2019-08-28 16:44:06.919,10393,10394,10394,2
2019-08-28 16:44:10.402,10393,10394,10393,6
2019-08-28 16:44:24.011,10393,10394,10394,5
2019-08-28 16:44:27.363,10394,10395,10395,1
2019-08-28 16:44:32.716,10394,10395,10395,1
2019-08-28 16:44:38.056,10394,10395,10394,1
2019-08-28 16:44:41.540,10394,10395,10395,1
2019-08-28 16:44:41.641,10394,10395,10394,1
2019-08-28 16:44:42.377,10394,10395,10394,1
2019-08-28 16:44:42.927,10394,10395,10394,1
2019-08-28 16:44:43.313,10394,10395,10394,1
2019-08-28 16:44:44.469,10394,10395,10394,4
2019-08-28 16:44:45.037,10394,10395,10394,1
2019-08-28 16:44:45.241,10393,10394,10394,1
2019-08-28 16:44:47.982,10393,10394,10394,1
2019-08-28 16:44:50.741,10393,10394,10394,1
2019-08-28 16:44:53.013,10393,10394,10394,1
2019-08-28 16:44:53.394,10394,10395,10394,1
2019-08-28 16:44:56.252,10394,10395,10395,17
2019-08-28 16:44:56.452,10394,10396,10396,1
2019-08-28 16:44:56.509,10394,10396,10396,1
2019-08-28 16:44:58.733,10394,10396,10396,1
