2019-04-16 15:00:00,10930,10930,10930,50
2019-04-16 15:00:00,10930,10930,10930,2
2019-04-16 15:00:00,10930,10930,10930,2
2019-04-16 15:00:00,10930,10930,10930,2
2019-04-16 15:00:00,10930,10930,10930,10
2019-04-16 15:00:00,10931,10931,10931,10
2019-04-16 15:00:00,10930,10930,10930,2
2019-04-16 15:00:00,10930,10930,10930,2
2019-04-16 15:00:00,10929,10929,10929,2
2019-04-16 15:00:00,10930,10930,10930,2
2019-04-16 15:00:00,10931,10931,10931,8
2019-04-16 15:00:01,10932,10932,10932,10
2019-04-16 15:00:01,10930,10930,10930,2
2019-04-16 15:00:01,10930,10930,10930,2
2019-04-16 15:00:01,10932,10932,10932,8
2019-04-16 15:00:01,10933,10933,10933,6
2019-04-16 15:00:02,10933,10933,10933,10
2019-04-16 15:00:02,10933,10933,10933,2
2019-04-16 15:00:02,10933,10933,10933,4
2019-04-16 15:00:02,10934,10934,10934,4
2019-04-16 15:00:02,10933,10933,10933,4
2019-04-16 15:00:02,10933,10933,10933,4
2019-04-16 15:00:03,10933,10933,10933,2
2019-04-16 15:00:03,10933,10933,10933,2
2019-04-16 15:00:03,10933,10933,10933,2
2019-04-16 15:00:04,10932,10932,10932,2
2019-04-16 15:00:04,10930,10930,10930,8
2019-04-16 15:00:04,10930,10930,10930,2
2019-04-16 15:00:04,10930,10930,10930,2
2019-04-16 15:00:04,10930,10930,10930,4
2019-04-16 15:00:05,10929,10929,10929,2
2019-04-16 15:00:05,10930,10930,10930,2
2019-04-16 15:00:05,10930,10930,10930,6
2019-04-16 15:00:05,10930,10930,10930,4
2019-04-16 15:00:06,10930,10930,10930,8
2019-04-16 15:00:06,10930,10930,10930,4
2019-04-16 15:00:07,10929,10929,10929,2
2019-04-16 15:00:08,10930,10930,10930,4
2019-04-16 15:00:08,10930,10930,10930,2
2019-04-16 15:00:09,10930,10930,10930,2
2019-04-16 15:00:18,10930,10930,10930,2
2019-04-16 15:00:23,10930,10930,10930,2
2019-04-16 15:00:28,10930,10930,10930,6
2019-04-16 15:00:28,10930,10930,10930,2
2019-04-16 15:00:28,10930,10930,10930,2
2019-04-16 15:00:29,10930,10930,10930,2
2019-04-16 15:00:29,10930,10930,10930,2
2019-04-16 15:00:30,10931,10931,10931,4
2019-04-16 15:00:36,10931,10931,10931,4
2019-04-16 15:00:37,10931,10931,10931,2
2019-04-16 15:00:41,10931,10931,10931,2
2019-04-16 15:00:42,10931,10931,10931,2
2019-04-16 15:00:43,10931,10931,10931,4
2019-04-16 15:00:46,10930,10930,10930,2
2019-04-16 15:00:46,10931,10931,10931,32
2019-04-16 15:00:47,10931,10931,10931,2
2019-04-16 15:00:51,10931,10931,10931,2
2019-04-16 15:00:53,10931,10931,10931,2
2019-04-16 15:00:54,10931,10931,10931,20
2019-04-16 15:00:55,10931,10931,10931,2
2019-04-16 15:00:59,10931,10931,10931,4
2019-04-16 15:01:00,10931,10931,10931,2
2019-04-16 15:01:00,10931,10931,10931,2
2019-04-16 15:01:00,10932,10932,10932,2
2019-04-16 15:01:00,10931,10931,10931,2
2019-04-16 15:01:00,10931,10931,10931,10
2019-04-16 15:01:00,10932,10932,10932,2
2019-04-16 15:01:00,10932,10932,10932,2
2019-04-16 15:01:02,10932,10932,10932,14
2019-04-16 15:01:02,10933,10933,10933,6
2019-04-16 15:01:02,10933,10933,10933,6
2019-04-16 15:01:03,10933,10933,10933,6
2019-04-16 15:01:04,10932,10932,10932,2
2019-04-16 15:01:07,10933,10933,10933,2
2019-04-16 15:01:08,10933,10933,10933,20
2019-04-16 15:01:08,10933,10933,10933,2
2019-04-16 15:01:09,10933,10933,10933,2
2019-04-16 15:01:13,10932,10932,10932,2
2019-04-16 15:01:13,10932,10932,10932,8
2019-04-16 15:01:15,10932,10932,10932,2
2019-04-16 15:01:16,10933,10933,10933,20
2019-04-16 15:01:17,10933,10933,10933,4
2019-04-16 15:01:19,10933,10933,10933,2
2019-04-16 15:01:19,10933,10933,10933,6
2019-04-16 15:01:19,10933,10933,10933,2
2019-04-16 15:01:21,10933,10933,10933,2
2019-04-16 15:01:27,10934,10934,10934,2
2019-04-16 15:01:27,10934,10934,10934,2
2019-04-16 15:01:31,10934,10934,10934,2
2019-04-16 15:01:37,10934,10934,10934,4
2019-04-16 15:01:37,10934,10934,10934,38
2019-04-16 15:01:37,10934,10934,10934,16
2019-04-16 15:01:37,10934,10934,10934,12
2019-04-16 15:01:37,10934,10934,10934,2
2019-04-16 15:01:39,10934,10934,10934,2
2019-04-16 15:01:39,10934,10934,10934,2
2019-04-16 15:01:39,10934,10934,10934,4
2019-04-16 15:01:39,10934,10934,10934,2
2019-04-16 15:01:39,10935,10935,10935,2
2019-04-16 15:01:39,10934,10934,10934,6
2019-04-16 15:01:39,10934,10934,10934,2
2019-04-16 15:01:39,10934,10934,10934,2
2019-04-16 15:01:40,10934,10934,10934,2
2019-04-16 15:01:40,10934,10934,10934,2
2019-04-16 15:01:40,10933,10933,10933,4
2019-04-16 15:01:40,10933,10933,10933,2
2019-04-16 15:01:40,10934,10934,10934,2
2019-04-16 15:01:41,10934,10934,10934,2
2019-04-16 15:01:41,10934,10934,10934,2
2019-04-16 15:01:41,10934,10934,10934,4
2019-04-16 15:01:42,10934,10934,10934,2
2019-04-16 15:01:45,10934,10934,10934,4
2019-04-16 15:01:46,10933,10933,10933,2
2019-04-16 15:01:49,10933,10933,10933,2
2019-04-16 15:01:54,10933,10933,10933,2
2019-04-16 15:01:59,10934,10934,10934,2
2019-04-16 15:02:00,10934,10934,10934,2
2019-04-16 15:02:07,10934,10934,10934,4
2019-04-16 15:02:11,10933,10933,10933,6
2019-04-16 15:02:16,10933,10933,10933,2
2019-04-16 15:02:16,10933,10933,10933,14
2019-04-16 15:02:16,10933,10933,10933,2
2019-04-16 15:02:16,10933,10933,10933,4
2019-04-16 15:02:16,10933,10933,10933,2
2019-04-16 15:02:16,10933,10933,10933,8
2019-04-16 15:02:16,10933,10933,10933,2
2019-04-16 15:02:16,10933,10933,10933,2
2019-04-16 15:02:16,10933,10933,10933,2
2019-04-16 15:02:16,10933,10933,10933,2
2019-04-16 15:02:16,10933,10933,10933,4
2019-04-16 15:02:16,10933,10933,10933,2
2019-04-16 15:02:16,10933,10933,10933,2
2019-04-16 15:02:16,10933,10933,10933,2
2019-04-16 15:02:16,10933,10933,10933,2
2019-04-16 15:02:16,10933,10933,10933,4
2019-04-16 15:02:16,10933,10933,10933,4
2019-04-16 15:02:16,10933,10933,10933,2
2019-04-16 15:02:26,10932,10932,10932,2
2019-04-16 15:02:27,10932,10932,10932,14
2019-04-16 15:02:27,10932,10932,10932,4
2019-04-16 15:02:27,10932,10932,10932,4
2019-04-16 15:02:30,10932,10932,10932,2
2019-04-16 15:02:33,10932,10932,10932,10
2019-04-16 15:02:36,10933,10933,10933,2
2019-04-16 15:02:36,10932,10932,10932,2
2019-04-16 15:02:45,10932,10932,10932,2
2019-04-16 15:02:45,10932,10932,10932,2
2019-04-16 15:02:45,10932,10932,10932,2
2019-04-16 15:02:45,10932,10932,10932,6
2019-04-16 15:02:45,10932,10932,10932,2
2019-04-16 15:02:45,10932,10932,10932,4
2019-04-16 15:02:45,10932,10932,10932,8
2019-04-16 15:02:45,10932,10932,10932,2
2019-04-16 15:02:45,10932,10932,10932,2
2019-04-16 15:02:45,10932,10932,10932,2
2019-04-16 15:02:45,10932,10932,10932,4
2019-04-16 15:02:45,10932,10932,10932,4
2019-04-16 15:02:45,10932,10932,10932,10
2019-04-16 15:02:48,10933,10933,10933,2
2019-04-16 15:02:51,10932,10932,10932,2
2019-04-16 15:02:51,10932,10932,10932,2
2019-04-16 15:02:51,10932,10932,10932,2
2019-04-16 15:02:51,10932,10932,10932,2
2019-04-16 15:02:51,10932,10932,10932,2
2019-04-16 15:02:53,10933,10933,10933,2
2019-04-16 15:02:55,10933,10933,10933,4
2019-04-16 15:02:56,10933,10933,10933,10
2019-04-16 15:02:59,10933,10933,10933,2
2019-04-16 15:02:59,10933,10933,10933,2
2019-04-16 15:03:07,10932,10932,10932,2
2019-04-16 15:03:07,10932,10932,10932,2
2019-04-16 15:03:07,10932,10932,10932,4
2019-04-16 15:03:07,10932,10932,10932,2
2019-04-16 15:03:07,10932,10932,10932,2
2019-04-16 15:03:07,10932,10932,10932,2
2019-04-16 15:03:07,10932,10932,10932,2
2019-04-16 15:03:07,10932,10932,10932,2
2019-04-16 15:03:07,10932,10932,10932,2
2019-04-16 15:03:08,10931,10931,10931,2
2019-04-16 15:03:08,10931,10931,10931,2
2019-04-16 15:03:12,10932,10932,10932,2
2019-04-16 15:03:15,10932,10932,10932,2
2019-04-16 15:03:16,10932,10932,10932,2
2019-04-16 15:03:18,10933,10933,10933,2
2019-04-16 15:03:28,10931,10931,10931,2
2019-04-16 15:03:29,10933,10933,10933,2
2019-04-16 15:03:40,10933,10933,10933,2
2019-04-16 15:03:44,10933,10933,10933,8
2019-04-16 15:03:47,10934,10934,10934,2
2019-04-16 15:03:50,10934,10934,10934,6
2019-04-16 15:03:54,10933,10933,10933,2
2019-04-16 15:03:56,10933,10933,10933,2
2019-04-16 15:03:58,10933,10933,10933,4
2019-04-16 15:03:58,10933,10933,10933,6
2019-04-16 15:04:05,10934,10934,10934,2
2019-04-16 15:04:05,10934,10934,10934,4
2019-04-16 15:04:06,10934,10934,10934,2
2019-04-16 15:04:07,10933,10933,10933,2
2019-04-16 15:04:07,10934,10934,10934,4
2019-04-16 15:04:23,10934,10934,10934,2
2019-04-16 15:04:24,10934,10934,10934,36
2019-04-16 15:04:27,10935,10935,10935,14
2019-04-16 15:04:30,10936,10936,10936,2
2019-04-16 15:04:31,10936,10936,10936,2
2019-04-16 15:04:32,10936,10936,10936,2
2019-04-16 15:04:35,10936,10936,10936,2
2019-04-16 15:04:40,10936,10936,10936,14
2019-04-16 15:04:40,10935,10935,10935,2
2019-04-16 15:04:44,10936,10936,10936,30
2019-04-16 15:04:44,10937,10937,10937,4
2019-04-16 15:04:44,10937,10937,10937,6
2019-04-16 15:04:44,10937,10937,10937,2
2019-04-16 15:04:44,10937,10937,10937,2
2019-04-16 15:04:48,10936,10936,10936,2
2019-04-16 15:04:48,10936,10936,10936,2
2019-04-16 15:04:48,10936,10936,10936,2
2019-04-16 15:04:51,10937,10937,10937,2
2019-04-16 15:04:51,10936,10936,10936,6
2019-04-16 15:04:51,10936,10936,10936,2
2019-04-16 15:04:52,10936,10936,10936,20
2019-04-16 15:04:54,10936,10936,10936,6
2019-04-16 15:04:56,10936,10936,10936,2
2019-04-16 15:04:56,10936,10936,10936,2
2019-04-16 15:05:00,10935,10935,10935,2
2019-04-16 15:05:00,10935,10935,10935,2
2019-04-16 15:05:01,10935,10935,10935,2
2019-04-16 15:05:01,10935,10935,10935,2
2019-04-16 15:05:01,10936,10936,10936,2
2019-04-16 15:05:01,10936,10936,10936,2
2019-04-16 15:05:02,10936,10936,10936,2
2019-04-16 15:05:02,10936,10936,10936,2
2019-04-16 15:05:02,10936,10936,10936,2
2019-04-16 15:05:05,10936,10936,10936,2
2019-04-16 15:05:06,10935,10935,10935,2
2019-04-16 15:05:09,10935,10935,10935,2
2019-04-16 15:05:09,10935,10935,10935,2
2019-04-16 15:05:09,10935,10935,10935,2
2019-04-16 15:05:09,10935,10935,10935,2
2019-04-16 15:05:09,10934,10934,10934,2
2019-04-16 15:05:09,10934,10934,10934,2
2019-04-16 15:05:09,10934,10934,10934,2
2019-04-16 15:05:09,10935,10935,10935,2
2019-04-16 15:05:09,10935,10935,10935,2
2019-04-16 15:05:11,10934,10934,10934,4
2019-04-16 15:05:11,10934,10934,10934,2
2019-04-16 15:05:11,10935,10935,10935,2
2019-04-16 15:05:15,10935,10935,10935,2
2019-04-16 15:05:19,10935,10935,10935,2
2019-04-16 15:05:26,10934,10934,10934,2
2019-04-16 15:05:26,10934,10934,10934,2
2019-04-16 15:05:30,10934,10934,10934,2
2019-04-16 15:05:31,10934,10934,10934,2
2019-04-16 15:05:31,10934,10934,10934,2
2019-04-16 15:05:32,10934,10934,10934,20
2019-04-16 15:05:40,10934,10934,10934,2
2019-04-16 15:05:58,10934,10934,10934,2
2019-04-16 15:06:01,10934,10934,10934,2
2019-04-16 15:06:06,10934,10934,10934,2
2019-04-16 15:06:07,10933,10933,10933,2
2019-04-16 15:06:09,10934,10934,10934,8
2019-04-16 15:06:09,10934,10934,10934,6
2019-04-16 15:06:27,10933,10933,10933,2
2019-04-16 15:06:45,10933,10933,10933,2
2019-04-16 15:06:47,10934,10934,10934,16
2019-04-16 15:07:00,10935,10935,10935,2
2019-04-16 15:07:01,10935,10935,10935,2
2019-04-16 15:07:05,10935,10935,10935,4
2019-04-16 15:07:16,10934,10934,10934,4
2019-04-16 15:07:16,10934,10934,10934,2
2019-04-16 15:07:16,10934,10934,10934,2
2019-04-16 15:07:16,10934,10934,10934,2
2019-04-16 15:07:16,10934,10934,10934,2
2019-04-16 15:07:16,10934,10934,10934,2
2019-04-16 15:07:16,10934,10934,10934,2
2019-04-16 15:07:17,10935,10935,10935,2
2019-04-16 15:07:24,10935,10935,10935,2
2019-04-16 15:07:38,10934,10934,10934,2
2019-04-16 15:07:38,10934,10934,10934,2
2019-04-16 15:07:38,10934,10934,10934,2
2019-04-16 15:07:38,10934,10934,10934,10
2019-04-16 15:07:38,10934,10934,10934,2
2019-04-16 15:07:39,10934,10934,10934,2
2019-04-16 15:07:47,10934,10934,10934,2
2019-04-16 15:07:53,10934,10934,10934,2
2019-04-16 15:08:25,10935,10935,10935,42
2019-04-16 15:08:46,10935,10935,10935,6
2019-04-16 15:09:00,10935,10935,10935,2
2019-04-16 15:09:02,10935,10935,10935,4
2019-04-16 15:09:05,10935,10935,10935,2
2019-04-16 15:09:23,10935,10935,10935,2
2019-04-16 15:09:32,10934,10934,10934,2
2019-04-16 15:09:43,10934,10934,10934,2
2019-04-16 15:09:48,10934,10934,10934,2
2019-04-16 15:09:48,10934,10934,10934,28
2019-04-16 15:09:48,10934,10934,10934,2
2019-04-16 15:09:48,10934,10934,10934,2
2019-04-16 15:09:48,10934,10934,10934,2
2019-04-16 15:09:48,10934,10934,10934,8
2019-04-16 15:09:48,10934,10934,10934,2
2019-04-16 15:09:48,10934,10934,10934,10
2019-04-16 15:09:48,10934,10934,10934,2
2019-04-16 15:09:48,10934,10934,10934,8
2019-04-16 15:09:48,10934,10934,10934,2
2019-04-16 15:09:48,10934,10934,10934,2
2019-04-16 15:09:48,10934,10934,10934,2
2019-04-16 15:09:48,10934,10934,10934,2
2019-04-16 15:09:48,10934,10934,10934,2
2019-04-16 15:09:48,10934,10934,10934,6
2019-04-16 15:09:48,10934,10934,10934,2
2019-04-16 15:09:48,10933,10933,10933,2
2019-04-16 15:09:48,10933,10933,10933,2
2019-04-16 15:09:48,10933,10933,10933,8
2019-04-16 15:09:48,10933,10933,10933,2
2019-04-16 15:09:48,10933,10933,10933,2
2019-04-16 15:09:48,10933,10933,10933,2
2019-04-16 15:09:48,10933,10933,10933,2
2019-04-16 15:09:48,10933,10933,10933,2
2019-04-16 15:09:48,10933,10933,10933,16
2019-04-16 15:09:48,10933,10933,10933,2
2019-04-16 15:09:48,10933,10933,10933,2
2019-04-16 15:09:48,10933,10933,10933,6
2019-04-16 15:09:48,10933,10933,10933,4
2019-04-16 15:09:48,10933,10933,10933,10
2019-04-16 15:09:48,10933,10933,10933,4
2019-04-16 15:09:48,10933,10933,10933,2
2019-04-16 15:09:48,10933,10933,10933,2
2019-04-16 15:09:48,10932,10932,10932,2
2019-04-16 15:09:50,10932,10932,10932,2
2019-04-16 15:09:53,10932,10932,10932,2
2019-04-16 15:09:53,10932,10932,10932,2
2019-04-16 15:09:53,10932,10932,10932,2
2019-04-16 15:09:55,10932,10932,10932,2
2019-04-16 15:09:55,10932,10932,10932,2
2019-04-16 15:09:56,10932,10932,10932,26
2019-04-16 15:09:56,10932,10932,10932,2
2019-04-16 15:09:56,10932,10932,10932,2
2019-04-16 15:09:56,10933,10933,10933,2
2019-04-16 15:10:02,10931,10931,10931,2
2019-04-16 15:10:05,10932,10932,10932,2
2019-04-16 15:10:08,10933,10933,10933,4
2019-04-16 15:10:08,10933,10933,10933,4
2019-04-16 15:10:35,10933,10933,10933,2
2019-04-16 15:10:58,10933,10933,10933,2
2019-04-16 15:11:05,10933,10933,10933,6
2019-04-16 15:11:10,10933,10933,10933,10
2019-04-16 15:11:10,10933,10933,10933,2
2019-04-16 15:11:10,10933,10933,10933,6
2019-04-16 15:11:10,10933,10933,10933,2
2019-04-16 15:11:31,10933,10933,10933,4
2019-04-16 15:11:34,10933,10933,10933,2
2019-04-16 15:11:41,10933,10933,10933,8
2019-04-16 15:11:49,10934,10934,10934,2
2019-04-16 15:12:35,10934,10934,10934,26
2019-04-16 15:12:49,10935,10935,10935,4
2019-04-16 15:12:57,10934,10934,10934,8
2019-04-16 15:12:58,10934,10934,10934,2
2019-04-16 15:13:10,10934,10934,10934,2
2019-04-16 15:13:23,10934,10934,10934,4
2019-04-16 15:13:23,10934,10934,10934,2
2019-04-16 15:13:25,10934,10934,10934,2
2019-04-16 15:13:39,10934,10934,10934,2
2019-04-16 15:14:26,10934,10934,10934,2
2019-04-16 15:14:26,10934,10934,10934,2
2019-04-16 15:14:58,10934,10934,10934,2
2019-04-16 15:15:05,10933,10933,10933,2
2019-04-16 15:15:05,10933,10933,10933,2
2019-04-16 15:15:05,10934,10934,10934,2
2019-04-16 15:15:05,10934,10934,10934,2
2019-04-16 15:15:05,10934,10934,10934,4
2019-04-16 15:15:22,10933,10933,10933,2
2019-04-16 15:15:23,10933,10933,10933,2
2019-04-16 15:15:24,10933,10933,10933,2
2019-04-16 15:15:25,10933,10933,10933,2
2019-04-16 15:15:25,10933,10933,10933,2
2019-04-16 15:15:25,10933,10933,10933,2
2019-04-16 15:15:25,10933,10933,10933,2
2019-04-16 15:15:25,10933,10933,10933,2
2019-04-16 15:15:25,10933,10933,10933,2
2019-04-16 15:15:25,10933,10933,10933,2
2019-04-16 15:15:25,10932,10932,10932,2
2019-04-16 15:15:25,10932,10932,10932,4
2019-04-16 15:15:25,10932,10932,10932,4
2019-04-16 15:15:25,10932,10932,10932,2
2019-04-16 15:15:25,10932,10932,10932,2
2019-04-16 15:15:25,10932,10932,10932,4
2019-04-16 15:15:25,10932,10932,10932,2
2019-04-16 15:15:25,10932,10932,10932,2
2019-04-16 15:15:27,10933,10933,10933,2
2019-04-16 15:15:39,10932,10932,10932,2
2019-04-16 15:15:41,10932,10932,10932,2
2019-04-16 15:15:41,10932,10932,10932,2
2019-04-16 15:15:42,10933,10933,10933,2
2019-04-16 15:15:43,10933,10933,10933,2
2019-04-16 15:15:44,10933,10933,10933,2
2019-04-16 15:16:11,10933,10933,10933,2
2019-04-16 15:16:15,10933,10933,10933,2
2019-04-16 15:16:15,10933,10933,10933,2
2019-04-16 15:16:15,10933,10933,10933,30
2019-04-16 15:16:39,10932,10932,10932,2
2019-04-16 15:16:42,10932,10932,10932,2
2019-04-16 15:16:42,10932,10932,10932,2
2019-04-16 15:16:42,10932,10932,10932,2
2019-04-16 15:16:42,10932,10932,10932,2
2019-04-16 15:16:42,10932,10932,10932,2
2019-04-16 15:16:45,10932,10932,10932,2
2019-04-16 15:16:46,10932,10932,10932,2
2019-04-16 15:16:48,10932,10932,10932,2
2019-04-16 15:17:28,10932,10932,10932,4
2019-04-16 15:17:28,10932,10932,10932,4
2019-04-16 15:17:47,10932,10932,10932,2
2019-04-16 15:17:57,10932,10932,10932,2
2019-04-16 15:17:58,10932,10932,10932,2
2019-04-16 15:18:03,10932,10932,10932,2
2019-04-16 15:18:03,10932,10932,10932,2
2019-04-16 15:18:06,10932,10932,10932,2
2019-04-16 15:18:06,10932,10932,10932,8
2019-04-16 15:18:06,10932,10932,10932,2
2019-04-16 15:18:11,10932,10932,10932,2
2019-04-16 15:18:24,10932,10932,10932,2
2019-04-16 15:18:24,10932,10932,10932,2
2019-04-16 15:18:31,10932,10932,10932,20
2019-04-16 15:18:34,10931,10931,10931,2
2019-04-16 15:18:34,10931,10931,10931,2
2019-04-16 15:18:39,10932,10932,10932,8
2019-04-16 15:18:40,10932,10932,10932,2
2019-04-16 15:18:40,10932,10932,10932,2
2019-04-16 15:18:40,10932,10932,10932,2
2019-04-16 15:18:40,10932,10932,10932,2
2019-04-16 15:18:43,10932,10932,10932,2
2019-04-16 15:19:03,10931,10931,10931,2
2019-04-16 15:19:03,10931,10931,10931,6
2019-04-16 15:19:03,10931,10931,10931,2
2019-04-16 15:19:03,10931,10931,10931,2
2019-04-16 15:19:03,10931,10931,10931,2
2019-04-16 15:19:03,10931,10931,10931,2
2019-04-16 15:19:03,10931,10931,10931,2
2019-04-16 15:19:03,10931,10931,10931,2
2019-04-16 15:19:03,10931,10931,10931,8
2019-04-16 15:19:03,10931,10931,10931,4
2019-04-16 15:19:03,10931,10931,10931,10
2019-04-16 15:19:03,10931,10931,10931,4
2019-04-16 15:19:03,10931,10931,10931,2
2019-04-16 15:19:03,10931,10931,10931,2
2019-04-16 15:19:03,10931,10931,10931,2
2019-04-16 15:19:03,10931,10931,10931,2
2019-04-16 15:19:03,10931,10931,10931,2
2019-04-16 15:19:03,10931,10931,10931,2
2019-04-16 15:19:03,10931,10931,10931,2
2019-04-16 15:19:03,10931,10931,10931,2
2019-04-16 15:19:03,10931,10931,10931,2
2019-04-16 15:19:07,10930,10930,10930,2
2019-04-16 15:19:07,10930,10930,10930,4
2019-04-16 15:19:07,10930,10930,10930,4
2019-04-16 15:19:09,10931,10931,10931,2
2019-04-16 15:19:18,10930,10930,10930,2
2019-04-16 15:19:20,10930,10930,10930,2
2019-04-16 15:19:21,10930,10930,10930,2
2019-04-16 15:19:21,10930,10930,10930,2
2019-04-16 15:19:21,10930,10930,10930,2
2019-04-16 15:19:21,10930,10930,10930,2
2019-04-16 15:19:21,10930,10930,10930,2
2019-04-16 15:19:22,10931,10931,10931,10
2019-04-16 15:19:25,10930,10930,10930,2
2019-04-16 15:19:33,10930,10930,10930,2
2019-04-16 15:19:37,10930,10930,10930,4
2019-04-16 15:19:37,10930,10930,10930,2
2019-04-16 15:19:37,10930,10930,10930,2
2019-04-16 15:19:37,10930,10930,10930,2
2019-04-16 15:19:37,10930,10930,10930,2
2019-04-16 15:19:37,10930,10930,10930,2
2019-04-16 15:19:37,10930,10930,10930,2
2019-04-16 15:19:37,10930,10930,10930,4
2019-04-16 15:19:37,10930,10930,10930,4
2019-04-16 15:19:37,10930,10930,10930,4
2019-04-16 15:19:37,10930,10930,10930,2
2019-04-16 15:19:37,10930,10930,10930,4
2019-04-16 15:19:37,10930,10930,10930,2
2019-04-16 15:19:37,10930,10930,10930,2
2019-04-16 15:19:37,10930,10930,10930,4
2019-04-16 15:19:37,10930,10930,10930,2
2019-04-16 15:19:37,10930,10930,10930,16
2019-04-16 15:19:37,10930,10930,10930,2
2019-04-16 15:19:37,10930,10930,10930,2
2019-04-16 15:19:37,10930,10930,10930,2
2019-04-16 15:19:37,10930,10930,10930,6
2019-04-16 15:19:37,10930,10930,10930,2
2019-04-16 15:19:37,10930,10930,10930,20
2019-04-16 15:19:37,10930,10930,10930,2
2019-04-16 15:19:37,10930,10930,10930,2
2019-04-16 15:19:37,10930,10930,10930,4
2019-04-16 15:19:37,10930,10930,10930,2
2019-04-16 15:19:37,10930,10930,10930,10
2019-04-16 15:19:40,10930,10930,10930,2
2019-04-16 15:19:40,10929,10929,10929,2
2019-04-16 15:19:40,10929,10929,10929,2
2019-04-16 15:19:40,10929,10929,10929,2
2019-04-16 15:19:40,10929,10929,10929,2
2019-04-16 15:19:40,10930,10930,10930,2
2019-04-16 15:19:40,10929,10929,10929,2
2019-04-16 15:19:40,10929,10929,10929,2
2019-04-16 15:19:41,10929,10929,10929,2
2019-04-16 15:19:44,10929,10929,10929,2
2019-04-16 15:19:45,10929,10929,10929,4
2019-04-16 15:19:48,10929,10929,10929,2
2019-04-16 15:19:48,10929,10929,10929,2
2019-04-16 15:19:48,10929,10929,10929,2
2019-04-16 15:19:48,10929,10929,10929,2
2019-04-16 15:19:49,10929,10929,10929,2
2019-04-16 15:19:49,10929,10929,10929,2
2019-04-16 15:19:51,10929,10929,10929,2
2019-04-16 15:19:56,10929,10929,10929,2
2019-04-16 15:19:56,10929,10929,10929,2
2019-04-16 15:19:56,10929,10929,10929,2
2019-04-16 15:19:59,10929,10929,10929,2
2019-04-16 15:20:04,10929,10929,10929,2
2019-04-16 15:20:04,10929,10929,10929,2
2019-04-16 15:20:04,10929,10929,10929,2
2019-04-16 15:20:04,10929,10929,10929,2
2019-04-16 15:20:05,10929,10929,10929,4
2019-04-16 15:20:15,10929,10929,10929,4
2019-04-16 15:20:17,10929,10929,10929,2
2019-04-16 15:20:17,10930,10930,10930,4
2019-04-16 15:20:22,10930,10930,10930,42
2019-04-16 15:20:22,10930,10930,10930,2
2019-04-16 15:20:22,10930,10930,10930,2
2019-04-16 15:20:22,10930,10930,10930,2
2019-04-16 15:20:23,10930,10930,10930,2
2019-04-16 15:20:25,10930,10930,10930,4
2019-04-16 15:20:43,10930,10930,10930,2
2019-04-16 15:20:43,10931,10931,10931,2
2019-04-16 15:20:50,10931,10931,10931,4
2019-04-16 15:20:55,10931,10931,10931,2
2019-04-16 15:21:00,10931,10931,10931,10
2019-04-16 15:21:00,10931,10931,10931,4
2019-04-16 15:21:13,10931,10931,10931,2
2019-04-16 15:21:13,10931,10931,10931,10
2019-04-16 15:21:13,10931,10931,10931,2
2019-04-16 15:21:20,10931,10931,10931,2
2019-04-16 15:21:20,10931,10931,10931,4
2019-04-16 15:21:23,10930,10930,10930,4
2019-04-16 15:21:26,10931,10931,10931,12
2019-04-16 15:21:28,10931,10931,10931,2
2019-04-16 15:21:29,10931,10931,10931,2
2019-04-16 15:21:39,10932,10932,10932,4
2019-04-16 15:21:39,10931,10931,10931,2
2019-04-16 15:21:52,10931,10931,10931,2
2019-04-16 15:21:59,10931,10931,10931,2
2019-04-16 15:22:09,10931,10931,10931,2
2019-04-16 15:22:18,10932,10932,10932,2
2019-04-16 15:22:20,10931,10931,10931,2
2019-04-16 15:22:20,10931,10931,10931,2
2019-04-16 15:22:23,10932,10932,10932,2
2019-04-16 15:22:31,10931,10931,10931,2
2019-04-16 15:22:33,10931,10931,10931,2
2019-04-16 15:22:35,10931,10931,10931,2
2019-04-16 15:22:35,10931,10931,10931,2
2019-04-16 15:22:44,10931,10931,10931,2
2019-04-16 15:22:53,10931,10931,10931,2
2019-04-16 15:23:03,10931,10931,10931,2
2019-04-16 15:23:03,10931,10931,10931,2
2019-04-16 15:23:08,10931,10931,10931,2
2019-04-16 15:23:11,10931,10931,10931,2
2019-04-16 15:23:18,10931,10931,10931,2
2019-04-16 15:23:25,10931,10931,10931,2
2019-04-16 15:23:40,10932,10932,10932,2
2019-04-16 15:23:41,10931,10931,10931,2
2019-04-16 15:23:45,10932,10932,10932,2
2019-04-16 15:24:02,10932,10932,10932,2
2019-04-16 15:24:22,10932,10932,10932,2
2019-04-16 15:24:30,10932,10932,10932,2
2019-04-16 15:24:45,10931,10931,10931,2
2019-04-16 15:24:48,10931,10931,10931,2
2019-04-16 15:24:50,10931,10931,10931,4
2019-04-16 15:24:51,10931,10931,10931,4
2019-04-16 15:24:51,10931,10931,10931,2
2019-04-16 15:25:05,10931,10931,10931,2
2019-04-16 15:25:06,10931,10931,10931,2
2019-04-16 15:25:06,10931,10931,10931,4
2019-04-16 15:25:06,10931,10931,10931,2
2019-04-16 15:25:06,10931,10931,10931,2
2019-04-16 15:25:06,10931,10931,10931,2
2019-04-16 15:25:06,10931,10931,10931,2
2019-04-16 15:25:06,10931,10931,10931,4
2019-04-16 15:25:06,10931,10931,10931,4
2019-04-16 15:25:06,10931,10931,10931,4
2019-04-16 15:25:12,10932,10932,10932,2
2019-04-16 15:25:12,10932,10932,10932,2
2019-04-16 15:25:12,10932,10932,10932,6
2019-04-16 15:25:12,10932,10932,10932,2
2019-04-16 15:25:12,10932,10932,10932,16
2019-04-16 15:25:12,10932,10932,10932,2
2019-04-16 15:25:12,10932,10932,10932,2
2019-04-16 15:25:21,10933,10933,10933,20
2019-04-16 15:25:21,10933,10933,10933,4
2019-04-16 15:25:33,10934,10934,10934,2
2019-04-16 15:25:37,10934,10934,10934,10
2019-04-16 15:25:46,10933,10933,10933,2
2019-04-16 15:25:46,10933,10933,10933,2
2019-04-16 15:25:46,10933,10933,10933,2
2019-04-16 15:25:50,10934,10934,10934,10
2019-04-16 15:25:54,10934,10934,10934,10
2019-04-16 15:25:55,10934,10934,10934,2
2019-04-16 15:25:57,10934,10934,10934,12
2019-04-16 15:25:57,10934,10934,10934,14
2019-04-16 15:25:59,10934,10934,10934,2
2019-04-16 15:26:03,10934,10934,10934,2
2019-04-16 15:26:03,10934,10934,10934,8
2019-04-16 15:26:05,10935,10935,10935,52
2019-04-16 15:26:05,10935,10935,10935,2
2019-04-16 15:26:08,10936,10936,10936,2
2019-04-16 15:26:12,10935,10935,10935,2
2019-04-16 15:26:13,10935,10935,10935,2
2019-04-16 15:26:16,10936,10936,10936,2
2019-04-16 15:26:21,10936,10936,10936,42
2019-04-16 15:26:23,10936,10936,10936,4
2019-04-16 15:26:23,10936,10936,10936,6
2019-04-16 15:26:23,10936,10936,10936,10
2019-04-16 15:26:23,10936,10936,10936,2
2019-04-16 15:26:23,10936,10936,10936,4
2019-04-16 15:26:23,10936,10936,10936,2
2019-04-16 15:26:23,10936,10936,10936,2
2019-04-16 15:26:26,10936,10936,10936,6
2019-04-16 15:26:28,10936,10936,10936,2
2019-04-16 15:26:28,10936,10936,10936,2
2019-04-16 15:26:44,10936,10936,10936,2
2019-04-16 15:26:44,10936,10936,10936,10
2019-04-16 15:26:45,10936,10936,10936,2
2019-04-16 15:26:45,10937,10937,10937,2
2019-04-16 15:26:45,10937,10937,10937,2
2019-04-16 15:26:45,10937,10937,10937,2
2019-04-16 15:26:46,10937,10937,10937,2
2019-04-16 15:26:46,10937,10937,10937,4
2019-04-16 15:26:46,10937,10937,10937,2
2019-04-16 15:26:46,10937,10937,10937,2
2019-04-16 15:26:46,10937,10937,10937,2
2019-04-16 15:26:46,10937,10937,10937,12
2019-04-16 15:26:46,10937,10937,10937,2
2019-04-16 15:26:46,10937,10937,10937,2
2019-04-16 15:26:47,10937,10937,10937,4
2019-04-16 15:26:47,10937,10937,10937,2
2019-04-16 15:26:48,10937,10937,10937,2
2019-04-16 15:26:48,10937,10937,10937,2
2019-04-16 15:26:48,10937,10937,10937,12
2019-04-16 15:26:49,10937,10937,10937,2
2019-04-16 15:26:49,10937,10937,10937,2
2019-04-16 15:26:52,10937,10937,10937,2
2019-04-16 15:26:54,10936,10936,10936,2
2019-04-16 15:26:55,10936,10936,10936,2
2019-04-16 15:26:55,10936,10936,10936,2
2019-04-16 15:26:55,10936,10936,10936,2
2019-04-16 15:26:55,10936,10936,10936,2
2019-04-16 15:26:55,10936,10936,10936,2
2019-04-16 15:26:55,10936,10936,10936,2
2019-04-16 15:26:55,10936,10936,10936,2
2019-04-16 15:27:00,10935,10935,10935,2
2019-04-16 15:27:00,10935,10935,10935,4
2019-04-16 15:27:00,10935,10935,10935,4
2019-04-16 15:27:01,10937,10937,10937,4
2019-04-16 15:27:01,10937,10937,10937,2
2019-04-16 15:27:04,10936,10936,10936,2
2019-04-16 15:27:05,10936,10936,10936,2
2019-04-16 15:27:05,10937,10937,10937,2
2019-04-16 15:27:20,10937,10937,10937,6
2019-04-16 15:27:21,10937,10937,10937,34
2019-04-16 15:27:21,10938,10938,10938,6
2019-04-16 15:27:21,10938,10938,10938,2
2019-04-16 15:27:21,10938,10938,10938,2
2019-04-16 15:27:24,10937,10937,10937,2
2019-04-16 15:27:27,10936,10936,10936,4
2019-04-16 15:27:36,10936,10936,10936,2
2019-04-16 15:27:40,10936,10936,10936,2
2019-04-16 15:27:40,10936,10936,10936,12
2019-04-16 15:27:40,10936,10936,10936,8
2019-04-16 15:27:40,10936,10936,10936,2
2019-04-16 15:27:44,10935,10935,10935,2
2019-04-16 15:27:59,10935,10935,10935,2
2019-04-16 15:28:02,10936,10936,10936,2
2019-04-16 15:28:02,10936,10936,10936,2
2019-04-16 15:28:12,10937,10937,10937,2
2019-04-16 15:28:22,10937,10937,10937,56
2019-04-16 15:28:22,10938,10938,10938,104
2019-04-16 15:28:22,10938,10938,10938,8
2019-04-16 15:28:22,10938,10938,10938,22
2019-04-16 15:28:22,10938,10938,10938,8
2019-04-16 15:28:22,10938,10938,10938,2
2019-04-16 15:28:22,10938,10938,10938,2
2019-04-16 15:28:22,10938,10938,10938,8
2019-04-16 15:28:22,10938,10938,10938,8
2019-04-16 15:28:22,10938,10938,10938,4
2019-04-16 15:28:24,10938,10938,10938,4
2019-04-16 15:28:24,10938,10938,10938,2
2019-04-16 15:28:29,10938,10938,10938,8
2019-04-16 15:28:32,10938,10938,10938,10
2019-04-16 15:28:33,10938,10938,10938,2
2019-04-16 15:28:33,10938,10938,10938,4
2019-04-16 15:28:34,10938,10938,10938,2
2019-04-16 15:28:36,10938,10938,10938,2
2019-04-16 15:28:39,10938,10938,10938,2
2019-04-16 15:28:42,10939,10939,10939,2
2019-04-16 15:28:42,10938,10938,10938,2
2019-04-16 15:28:42,10938,10938,10938,2
2019-04-16 15:28:42,10938,10938,10938,2
2019-04-16 15:28:42,10938,10938,10938,2
2019-04-16 15:28:42,10939,10939,10939,10
2019-04-16 15:28:42,10939,10939,10939,2
2019-04-16 15:28:43,10938,10938,10938,2
2019-04-16 15:28:49,10939,10939,10939,2
2019-04-16 15:28:54,10938,10938,10938,2
2019-04-16 15:28:54,10938,10938,10938,2
2019-04-16 15:28:54,10938,10938,10938,2
2019-04-16 15:28:59,10938,10938,10938,2
2019-04-16 15:28:59,10938,10938,10938,2
2019-04-16 15:28:59,10938,10938,10938,2
2019-04-16 15:28:59,10938,10938,10938,2
2019-04-16 15:28:59,10938,10938,10938,2
2019-04-16 15:28:59,10938,10938,10938,2
2019-04-16 15:28:59,10938,10938,10938,2
2019-04-16 15:28:59,10938,10938,10938,2
2019-04-16 15:29:00,10938,10938,10938,2
2019-04-16 15:29:01,10937,10937,10937,2
2019-04-16 15:29:01,10938,10938,10938,2
2019-04-16 15:29:11,10938,10938,10938,2
2019-04-16 15:29:19,10938,10938,10938,2
2019-04-16 15:29:24,10937,10937,10937,2
2019-04-16 15:29:35,10937,10937,10937,2
2019-04-16 15:29:53,10937,10937,10937,4
2019-04-16 15:29:53,10937,10937,10937,2
2019-04-16 15:29:53,10937,10937,10937,2
2019-04-16 15:29:53,10937,10937,10937,8
2019-04-16 15:29:53,10937,10937,10937,2
2019-04-16 15:29:53,10937,10937,10937,4
2019-04-16 15:29:53,10937,10937,10937,8
2019-04-16 15:29:53,10937,10937,10937,2
2019-04-16 15:29:53,10937,10937,10937,6
2019-04-16 15:29:53,10937,10937,10937,14
2019-04-16 15:29:53,10937,10937,10937,2
2019-04-16 15:29:53,10937,10937,10937,8
2019-04-16 15:29:53,10937,10937,10937,2
2019-04-16 15:29:53,10937,10937,10937,2
2019-04-16 15:29:53,10937,10937,10937,2
2019-04-16 15:29:53,10937,10937,10937,2
2019-04-16 15:30:00,10936,10936,10936,2
2019-04-16 15:30:00,10936,10936,10936,2
2019-04-16 15:30:00,10937,10937,10937,2
2019-04-16 15:30:01,10936,10936,10936,2
2019-04-16 15:30:01,10936,10936,10936,6
2019-04-16 15:30:01,10936,10936,10936,2
2019-04-16 15:30:01,10936,10936,10936,2
2019-04-16 15:30:02,10936,10936,10936,8
2019-04-16 15:30:02,10938,10938,10938,2
2019-04-16 15:30:02,10937,10937,10937,2
2019-04-16 15:30:03,10936,10936,10936,2
2019-04-16 15:30:03,10936,10936,10936,2
2019-04-16 15:30:03,10936,10936,10936,2
2019-04-16 15:30:05,10936,10936,10936,2
2019-04-16 15:30:08,10936,10936,10936,2
2019-04-16 15:30:12,10937,10937,10937,2
2019-04-16 15:30:16,10937,10937,10937,2
2019-04-16 15:30:20,10937,10937,10937,2
2019-04-16 15:30:28,10938,10938,10938,4
2019-04-16 15:30:28,10938,10938,10938,34
2019-04-16 15:30:28,10938,10938,10938,2
2019-04-16 15:30:28,10938,10938,10938,2
2019-04-16 15:30:36,10939,10939,10939,2
2019-04-16 15:30:36,10939,10939,10939,10
2019-04-16 15:30:36,10939,10939,10939,10
2019-04-16 15:30:36,10939,10939,10939,14
2019-04-16 15:30:36,10939,10939,10939,4
2019-04-16 15:30:36,10940,10940,10940,2
2019-04-16 15:30:36,10940,10940,10940,2
2019-04-16 15:30:37,10940,10940,10940,2
2019-04-16 15:30:41,10939,10939,10939,2
2019-04-16 15:30:46,10939,10939,10939,2
2019-04-16 15:30:51,10939,10939,10939,2
2019-04-16 15:30:51,10939,10939,10939,2
2019-04-16 15:31:04,10939,10939,10939,2
2019-04-16 15:31:06,10939,10939,10939,2
2019-04-16 15:31:11,10939,10939,10939,2
2019-04-16 15:31:12,10939,10939,10939,2
2019-04-16 15:31:18,10939,10939,10939,2
2019-04-16 15:31:22,10939,10939,10939,2
2019-04-16 15:31:23,10939,10939,10939,2
2019-04-16 15:31:23,10939,10939,10939,2
2019-04-16 15:31:23,10940,10940,10940,2
2019-04-16 15:31:28,10940,10940,10940,4
2019-04-16 15:31:30,10939,10939,10939,2
2019-04-16 15:31:32,10939,10939,10939,2
2019-04-16 15:31:32,10939,10939,10939,4
2019-04-16 15:31:32,10939,10939,10939,2
2019-04-16 15:31:40,10938,10938,10938,2
2019-04-16 15:31:48,10939,10939,10939,2
2019-04-16 15:31:50,10938,10938,10938,2
2019-04-16 15:32:12,10938,10938,10938,2
2019-04-16 15:32:12,10939,10939,10939,2
2019-04-16 15:32:18,10938,10938,10938,2
2019-04-16 15:32:18,10938,10938,10938,2
2019-04-16 15:32:30,10938,10938,10938,2
2019-04-16 15:32:35,10938,10938,10938,2
2019-04-16 15:32:35,10938,10938,10938,2
2019-04-16 15:32:39,10938,10938,10938,2
2019-04-16 15:32:41,10939,10939,10939,28
2019-04-16 15:32:42,10939,10939,10939,6
2019-04-16 15:32:42,10939,10939,10939,6
2019-04-16 15:32:42,10939,10939,10939,6
2019-04-16 15:32:52,10940,10940,10940,6
2019-04-16 15:32:52,10940,10940,10940,78
2019-04-16 15:32:53,10940,10940,10940,2
2019-04-16 15:33:01,10940,10940,10940,2
2019-04-16 15:33:02,10941,10941,10941,2
2019-04-16 15:33:02,10941,10941,10941,32
2019-04-16 15:33:02,10942,10942,10942,4
2019-04-16 15:33:04,10941,10941,10941,8
2019-04-16 15:33:04,10941,10941,10941,2
2019-04-16 15:33:05,10942,10942,10942,4
2019-04-16 15:33:06,10942,10942,10942,2
2019-04-16 15:33:08,10942,10942,10942,2
2019-04-16 15:33:08,10941,10941,10941,2
2019-04-16 15:33:15,10941,10941,10941,2
2019-04-16 15:33:17,10941,10941,10941,2
2019-04-16 15:33:20,10942,10942,10942,2
2019-04-16 15:33:22,10941,10941,10941,2
2019-04-16 15:33:22,10941,10941,10941,4
2019-04-16 15:33:24,10941,10941,10941,2
2019-04-16 15:33:24,10941,10941,10941,2
2019-04-16 15:33:25,10941,10941,10941,2
2019-04-16 15:33:26,10941,10941,10941,2
2019-04-16 15:33:28,10941,10941,10941,2
2019-04-16 15:33:28,10942,10942,10942,2
2019-04-16 15:33:31,10942,10942,10942,4
2019-04-16 15:33:40,10942,10942,10942,2
2019-04-16 15:33:47,10942,10942,10942,2
2019-04-16 15:33:48,10942,10942,10942,2
2019-04-16 15:33:54,10942,10942,10942,4
2019-04-16 15:33:57,10942,10942,10942,50
2019-04-16 15:33:58,10942,10942,10942,4
2019-04-16 15:34:00,10941,10941,10941,2
2019-04-16 15:34:00,10941,10941,10941,2
2019-04-16 15:34:00,10941,10941,10941,4
2019-04-16 15:34:00,10941,10941,10941,2
2019-04-16 15:34:00,10941,10941,10941,2
2019-04-16 15:34:01,10942,10942,10942,2
2019-04-16 15:34:03,10942,10942,10942,2
2019-04-16 15:34:04,10942,10942,10942,4
2019-04-16 15:34:04,10942,10942,10942,4
2019-04-16 15:34:05,10942,10942,10942,2
2019-04-16 15:34:08,10941,10941,10941,2
2019-04-16 15:34:13,10941,10941,10941,2
2019-04-16 15:34:16,10941,10941,10941,2
2019-04-16 15:34:18,10942,10942,10942,2
2019-04-16 15:34:18,10941,10941,10941,2
2019-04-16 15:34:19,10941,10941,10941,2
2019-04-16 15:34:25,10941,10941,10941,2
2019-04-16 15:34:26,10941,10941,10941,6
2019-04-16 15:34:26,10941,10941,10941,10
2019-04-16 15:34:26,10940,10940,10940,12
2019-04-16 15:34:26,10940,10940,10940,8
2019-04-16 15:34:26,10940,10940,10940,6
2019-04-16 15:34:26,10940,10940,10940,2
2019-04-16 15:34:26,10940,10940,10940,2
2019-04-16 15:34:26,10940,10940,10940,2
2019-04-16 15:34:26,10940,10940,10940,2
2019-04-16 15:34:27,10941,10941,10941,2
2019-04-16 15:34:32,10940,10940,10940,2
2019-04-16 15:34:35,10940,10940,10940,2
2019-04-16 15:34:39,10940,10940,10940,22
2019-04-16 15:34:39,10940,10940,10940,2
2019-04-16 15:34:39,10940,10940,10940,10
2019-04-16 15:34:39,10940,10940,10940,2
2019-04-16 15:34:39,10940,10940,10940,4
2019-04-16 15:34:39,10940,10940,10940,2
2019-04-16 15:34:39,10940,10940,10940,2
2019-04-16 15:34:39,10940,10940,10940,6
2019-04-16 15:34:39,10940,10940,10940,4
2019-04-16 15:34:39,10940,10940,10940,2
2019-04-16 15:34:49,10940,10940,10940,2
2019-04-16 15:34:49,10940,10940,10940,2
2019-04-16 15:34:53,10940,10940,10940,2
2019-04-16 15:35:12,10940,10940,10940,2
2019-04-16 15:35:13,10941,10941,10941,2
2019-04-16 15:35:13,10941,10941,10941,2
2019-04-16 15:35:13,10941,10941,10941,2
2019-04-16 15:35:13,10940,10940,10940,2
2019-04-16 15:35:16,10941,10941,10941,2
2019-04-16 15:35:27,10940,10940,10940,2
2019-04-16 15:35:27,10940,10940,10940,4
2019-04-16 15:35:27,10940,10940,10940,2
2019-04-16 15:35:27,10940,10940,10940,2
2019-04-16 15:35:33,10940,10940,10940,2
2019-04-16 15:35:33,10940,10940,10940,2
2019-04-16 15:35:36,10940,10940,10940,2
2019-04-16 15:35:37,10940,10940,10940,4
2019-04-16 15:35:37,10940,10940,10940,2
2019-04-16 15:35:48,10940,10940,10940,2
2019-04-16 15:35:51,10940,10940,10940,2
2019-04-16 15:35:51,10939,10939,10939,2
2019-04-16 15:35:51,10939,10939,10939,2
2019-04-16 15:35:51,10939,10939,10939,8
2019-04-16 15:35:51,10939,10939,10939,2
2019-04-16 15:35:51,10939,10939,10939,4
2019-04-16 15:36:07,10939,10939,10939,2
2019-04-16 15:36:08,10940,10940,10940,2
2019-04-16 15:36:16,10940,10940,10940,2
2019-04-16 15:36:37,10940,10940,10940,2
2019-04-16 15:36:43,10939,10939,10939,2
2019-04-16 15:36:52,10939,10939,10939,2
2019-04-16 15:36:55,10939,10939,10939,4
2019-04-16 15:36:55,10939,10939,10939,4
2019-04-16 15:36:58,10940,10940,10940,6
2019-04-16 15:37:02,10939,10939,10939,14
2019-04-16 15:37:04,10939,10939,10939,2
2019-04-16 15:37:05,10939,10939,10939,2
2019-04-16 15:37:05,10939,10939,10939,2
2019-04-16 15:37:05,10939,10939,10939,2
2019-04-16 15:37:06,10940,10940,10940,2
2019-04-16 15:37:07,10939,10939,10939,2
2019-04-16 15:37:07,10939,10939,10939,2
2019-04-16 15:37:09,10939,10939,10939,2
2019-04-16 15:37:09,10939,10939,10939,2
2019-04-16 15:37:47,10940,10940,10940,10
2019-04-16 15:37:57,10940,10940,10940,2
2019-04-16 15:38:02,10940,10940,10940,2
2019-04-16 15:38:02,10940,10940,10940,6
2019-04-16 15:38:02,10940,10940,10940,18
2019-04-16 15:38:02,10940,10940,10940,4
2019-04-16 15:38:05,10940,10940,10940,2
2019-04-16 15:38:06,10941,10941,10941,4
2019-04-16 15:38:06,10941,10941,10941,4
2019-04-16 15:38:06,10941,10941,10941,16
2019-04-16 15:38:06,10941,10941,10941,6
2019-04-16 15:38:06,10941,10941,10941,2
2019-04-16 15:38:09,10942,10942,10942,4
2019-04-16 15:38:09,10942,10942,10942,2
2019-04-16 15:38:09,10942,10942,10942,10
2019-04-16 15:38:09,10943,10943,10943,2
2019-04-16 15:38:09,10943,10943,10943,20
2019-04-16 15:38:12,10942,10942,10942,2
2019-04-16 15:38:18,10942,10942,10942,2
2019-04-16 15:38:18,10941,10941,10941,2
2019-04-16 15:38:18,10941,10941,10941,2
2019-04-16 15:38:18,10941,10941,10941,2
2019-04-16 15:38:18,10941,10941,10941,2
2019-04-16 15:38:19,10941,10941,10941,2
2019-04-16 15:38:23,10941,10941,10941,2
2019-04-16 15:38:31,10941,10941,10941,2
2019-04-16 15:38:31,10941,10941,10941,8
2019-04-16 15:38:31,10941,10941,10941,4
2019-04-16 15:38:31,10941,10941,10941,2
2019-04-16 15:38:31,10941,10941,10941,2
2019-04-16 15:38:32,10941,10941,10941,2
2019-04-16 15:38:43,10942,10942,10942,2
2019-04-16 15:38:54,10941,10941,10941,2
2019-04-16 15:39:00,10942,10942,10942,4
2019-04-16 15:39:04,10942,10942,10942,10
2019-04-16 15:39:06,10942,10942,10942,2
2019-04-16 15:39:07,10941,10941,10941,4
2019-04-16 15:39:07,10941,10941,10941,2
2019-04-16 15:39:09,10942,10942,10942,2
2019-04-16 15:39:09,10941,10941,10941,10
2019-04-16 15:39:09,10941,10941,10941,2
2019-04-16 15:39:09,10941,10941,10941,2
2019-04-16 15:39:12,10942,10942,10942,6
2019-04-16 15:39:12,10942,10942,10942,18
2019-04-16 15:39:12,10942,10942,10942,2
2019-04-16 15:39:14,10942,10942,10942,2
2019-04-16 15:39:14,10942,10942,10942,4
2019-04-16 15:39:14,10942,10942,10942,2
2019-04-16 15:39:14,10941,10941,10941,2
2019-04-16 15:39:14,10941,10941,10941,2
2019-04-16 15:39:29,10942,10942,10942,8
2019-04-16 15:39:32,10942,10942,10942,2
2019-04-16 15:39:49,10941,10941,10941,2
2019-04-16 15:39:52,10942,10942,10942,2
2019-04-16 15:39:53,10942,10942,10942,2
2019-04-16 15:39:53,10942,10942,10942,2
2019-04-16 15:39:53,10942,10942,10942,2
2019-04-16 15:39:53,10942,10942,10942,2
2019-04-16 15:39:53,10942,10942,10942,4
2019-04-16 15:39:53,10942,10942,10942,2
2019-04-16 15:40:05,10943,10943,10943,2
2019-04-16 15:40:05,10943,10943,10943,28
2019-04-16 15:40:05,10943,10943,10943,2
2019-04-16 15:40:05,10943,10943,10943,8
2019-04-16 15:40:05,10943,10943,10943,2
2019-04-16 15:40:05,10943,10943,10943,4
2019-04-16 15:40:06,10944,10944,10944,12
2019-04-16 15:40:06,10944,10944,10944,14
2019-04-16 15:40:06,10944,10944,10944,8
2019-04-16 15:40:06,10944,10944,10944,4
2019-04-16 15:40:06,10944,10944,10944,2
2019-04-16 15:40:06,10944,10944,10944,2
2019-04-16 15:40:09,10944,10944,10944,2
2019-04-16 15:40:09,10944,10944,10944,2
2019-04-16 15:40:09,10944,10944,10944,2
2019-04-16 15:40:11,10944,10944,10944,2
2019-04-16 15:40:16,10944,10944,10944,4
2019-04-16 15:40:17,10943,10943,10943,4
2019-04-16 15:40:17,10944,10944,10944,2
2019-04-16 15:40:17,10944,10944,10944,4
2019-04-16 15:40:22,10943,10943,10943,2
2019-04-16 15:40:27,10943,10943,10943,4
2019-04-16 15:40:30,10943,10943,10943,2
2019-04-16 15:40:33,10944,10944,10944,2
2019-04-16 15:40:35,10944,10944,10944,2
2019-04-16 15:40:35,10944,10944,10944,2
2019-04-16 15:40:36,10944,10944,10944,2
2019-04-16 15:40:36,10944,10944,10944,6
2019-04-16 15:40:37,10945,10945,10945,4
2019-04-16 15:40:37,10944,10944,10944,2
2019-04-16 15:40:37,10945,10945,10945,2
2019-04-16 15:40:37,10945,10945,10945,2
2019-04-16 15:40:38,10944,10944,10944,4
2019-04-16 15:40:43,10945,10945,10945,2
2019-04-16 15:40:44,10944,10944,10944,2
2019-04-16 15:40:45,10944,10944,10944,2
2019-04-16 15:40:48,10944,10944,10944,4
2019-04-16 15:40:48,10945,10945,10945,6
2019-04-16 15:40:49,10945,10945,10945,2
2019-04-16 15:40:51,10944,10944,10944,2
2019-04-16 15:40:58,10944,10944,10944,4
2019-04-16 15:40:59,10944,10944,10944,2
2019-04-16 15:41:05,10944,10944,10944,2
2019-04-16 15:41:05,10944,10944,10944,8
2019-04-16 15:41:05,10944,10944,10944,8
2019-04-16 15:41:07,10945,10945,10945,2
2019-04-16 15:41:12,10945,10945,10945,2
2019-04-16 15:41:14,10945,10945,10945,4
2019-04-16 15:41:16,10945,10945,10945,2
2019-04-16 15:41:16,10944,10944,10944,2
2019-04-16 15:41:18,10945,10945,10945,2
2019-04-16 15:41:19,10945,10945,10945,2
2019-04-16 15:41:23,10945,10945,10945,6
2019-04-16 15:41:23,10945,10945,10945,14
2019-04-16 15:41:24,10945,10945,10945,2
2019-04-16 15:41:24,10945,10945,10945,2
2019-04-16 15:41:25,10945,10945,10945,18
2019-04-16 15:41:25,10945,10945,10945,12
2019-04-16 15:41:25,10945,10945,10945,6
2019-04-16 15:41:25,10945,10945,10945,2
2019-04-16 15:41:25,10945,10945,10945,6
2019-04-16 15:41:25,10945,10945,10945,4
2019-04-16 15:41:29,10946,10946,10946,2
2019-04-16 15:41:29,10946,10946,10946,2
2019-04-16 15:41:29,10946,10946,10946,2
2019-04-16 15:41:29,10946,10946,10946,2
2019-04-16 15:41:29,10946,10946,10946,2
2019-04-16 15:41:29,10946,10946,10946,2
2019-04-16 15:41:29,10946,10946,10946,2
2019-04-16 15:41:30,10946,10946,10946,2
2019-04-16 15:41:31,10946,10946,10946,2
2019-04-16 15:41:32,10946,10946,10946,2
2019-04-16 15:41:32,10946,10946,10946,12
2019-04-16 15:41:44,10946,10946,10946,8
2019-04-16 15:41:47,10946,10946,10946,10
2019-04-16 15:41:49,10946,10946,10946,2
2019-04-16 15:41:50,10946,10946,10946,2
2019-04-16 15:41:53,10945,10945,10945,4
2019-04-16 15:41:53,10947,10947,10947,2
2019-04-16 15:41:54,10947,10947,10947,2
2019-04-16 15:41:54,10946,10946,10946,2
2019-04-16 15:42:01,10947,10947,10947,2
2019-04-16 15:42:02,10947,10947,10947,4
2019-04-16 15:42:02,10947,10947,10947,2
2019-04-16 15:42:03,10946,10946,10946,2
2019-04-16 15:42:04,10946,10946,10946,2
2019-04-16 15:42:04,10946,10946,10946,2
2019-04-16 15:42:14,10946,10946,10946,2
2019-04-16 15:42:14,10946,10946,10946,12
2019-04-16 15:42:16,10947,10947,10947,4
2019-04-16 15:42:18,10947,10947,10947,40
2019-04-16 15:42:19,10947,10947,10947,2
2019-04-16 15:42:20,10946,10946,10946,2
2019-04-16 15:42:23,10947,10947,10947,4
2019-04-16 15:42:24,10946,10946,10946,2
2019-04-16 15:42:31,10946,10946,10946,2
2019-04-16 15:42:32,10946,10946,10946,2
2019-04-16 15:42:33,10946,10946,10946,2
2019-04-16 15:42:45,10947,10947,10947,2
2019-04-16 15:42:46,10946,10946,10946,4
2019-04-16 15:42:46,10946,10946,10946,2
2019-04-16 15:42:46,10946,10946,10946,2
2019-04-16 15:42:46,10946,10946,10946,2
2019-04-16 15:42:46,10946,10946,10946,28
2019-04-16 15:42:46,10946,10946,10946,2
2019-04-16 15:42:46,10946,10946,10946,2
2019-04-16 15:42:46,10946,10946,10946,2
2019-04-16 15:42:46,10946,10946,10946,6
2019-04-16 15:42:46,10946,10946,10946,2
2019-04-16 15:42:55,10945,10945,10945,4
2019-04-16 15:42:55,10945,10945,10945,2
2019-04-16 15:42:58,10946,10946,10946,2
2019-04-16 15:43:01,10946,10946,10946,2
2019-04-16 15:43:03,10946,10946,10946,2
2019-04-16 15:43:03,10946,10946,10946,2
2019-04-16 15:43:06,10946,10946,10946,2
2019-04-16 15:43:08,10946,10946,10946,4
2019-04-16 15:43:11,10946,10946,10946,4
2019-04-16 15:43:12,10946,10946,10946,4
2019-04-16 15:43:14,10946,10946,10946,4
2019-04-16 15:43:14,10946,10946,10946,2
2019-04-16 15:43:24,10947,10947,10947,2
2019-04-16 15:43:38,10947,10947,10947,2
2019-04-16 15:43:52,10946,10946,10946,2
2019-04-16 15:44:18,10947,10947,10947,10
2019-04-16 15:44:18,10947,10947,10947,4
2019-04-16 15:44:18,10947,10947,10947,10
2019-04-16 15:44:20,10948,10948,10948,10
2019-04-16 15:44:21,10948,10948,10948,2
2019-04-16 15:44:21,10948,10948,10948,2
2019-04-16 15:44:25,10946,10946,10946,2
2019-04-16 15:44:27,10946,10946,10946,2
2019-04-16 15:44:33,10947,10947,10947,2
2019-04-16 15:44:36,10947,10947,10947,2
2019-04-16 15:44:39,10947,10947,10947,6
2019-04-16 15:44:40,10948,10948,10948,2
2019-04-16 15:44:43,10948,10948,10948,42
2019-04-16 15:44:46,10949,10949,10949,2
2019-04-16 15:44:47,10948,10948,10948,2
2019-04-16 15:44:47,10948,10948,10948,2
2019-04-16 15:44:49,10947,10947,10947,2
2019-04-16 15:44:50,10948,10948,10948,4
2019-04-16 15:44:50,10948,10948,10948,8
2019-04-16 15:44:55,10948,10948,10948,2
2019-04-16 15:44:55,10948,10948,10948,2
2019-04-16 15:44:58,10948,10948,10948,2
2019-04-16 15:44:58,10949,10949,10949,2
2019-04-16 15:45:02,10948,10948,10948,2
2019-04-16 15:45:03,10948,10948,10948,2
2019-04-16 15:45:03,10948,10948,10948,2
2019-04-16 15:45:03,10948,10948,10948,2
2019-04-16 15:45:08,10948,10948,10948,2
2019-04-16 15:45:09,10947,10947,10947,2
2019-04-16 15:45:10,10947,10947,10947,2
2019-04-16 15:45:14,10948,10948,10948,2
2019-04-16 15:45:23,10948,10948,10948,2
2019-04-16 15:45:24,10948,10948,10948,2
2019-04-16 15:45:25,10948,10948,10948,2
2019-04-16 15:45:27,10947,10947,10947,10
2019-04-16 15:45:27,10947,10947,10947,2
2019-04-16 15:45:27,10947,10947,10947,6
2019-04-16 15:45:27,10947,10947,10947,2
2019-04-16 15:45:27,10947,10947,10947,2
2019-04-16 15:45:27,10947,10947,10947,2
2019-04-16 15:45:27,10947,10947,10947,2
2019-04-16 15:45:27,10947,10947,10947,4
2019-04-16 15:45:27,10947,10947,10947,2
2019-04-16 15:45:28,10947,10947,10947,34
2019-04-16 15:45:28,10947,10947,10947,4
2019-04-16 15:45:29,10947,10947,10947,2
2019-04-16 15:45:34,10947,10947,10947,10
2019-04-16 15:45:34,10947,10947,10947,4
2019-04-16 15:45:35,10947,10947,10947,2
2019-04-16 15:45:36,10947,10947,10947,4
2019-04-16 15:45:36,10946,10946,10946,16
2019-04-16 15:45:36,10946,10946,10946,2
2019-04-16 15:45:36,10946,10946,10946,6
2019-04-16 15:45:37,10948,10948,10948,2
2019-04-16 15:45:37,10948,10948,10948,2
2019-04-16 15:45:37,10948,10948,10948,6
2019-04-16 15:45:40,10946,10946,10946,2
2019-04-16 15:46:00,10947,10947,10947,10
2019-04-16 15:46:00,10948,10948,10948,2
2019-04-16 15:46:22,10948,10948,10948,2
2019-04-16 15:46:23,10948,10948,10948,2
2019-04-16 15:46:23,10948,10948,10948,2
2019-04-16 15:46:23,10948,10948,10948,6
2019-04-16 15:46:28,10948,10948,10948,4
2019-04-16 15:46:38,10948,10948,10948,2
2019-04-16 15:46:53,10948,10948,10948,10
2019-04-16 15:46:53,10948,10948,10948,22
2019-04-16 15:46:54,10948,10948,10948,6
2019-04-16 15:46:54,10948,10948,10948,2
2019-04-16 15:46:54,10948,10948,10948,6
2019-04-16 15:46:54,10948,10948,10948,6
2019-04-16 15:47:01,10948,10948,10948,2
2019-04-16 15:47:03,10948,10948,10948,2
2019-04-16 15:47:05,10948,10948,10948,2
2019-04-16 15:47:05,10948,10948,10948,2
2019-04-16 15:47:06,10948,10948,10948,2
2019-04-16 15:47:08,10949,10949,10949,18
2019-04-16 15:47:08,10949,10949,10949,18
2019-04-16 15:47:08,10949,10949,10949,18
2019-04-16 15:47:08,10949,10949,10949,4
2019-04-16 15:47:08,10949,10949,10949,2
2019-04-16 15:47:08,10949,10949,10949,10
2019-04-16 15:47:09,10949,10949,10949,4
2019-04-16 15:47:09,10949,10949,10949,2
2019-04-16 15:47:13,10949,10949,10949,8
2019-04-16 15:47:14,10949,10949,10949,4
2019-04-16 15:47:17,10949,10949,10949,2
2019-04-16 15:47:25,10949,10949,10949,2
2019-04-16 15:47:25,10950,10950,10950,2
2019-04-16 15:47:25,10949,10949,10949,2
2019-04-16 15:47:27,10949,10949,10949,4
2019-04-16 15:47:29,10949,10949,10949,2
2019-04-16 15:47:33,10949,10949,10949,2
2019-04-16 15:47:33,10949,10949,10949,2
2019-04-16 15:47:33,10949,10949,10949,2
2019-04-16 15:47:34,10949,10949,10949,2
2019-04-16 15:47:34,10949,10949,10949,2
2019-04-16 15:47:36,10950,10950,10950,2
2019-04-16 15:47:40,10950,10950,10950,2
2019-04-16 15:47:44,10949,10949,10949,4
2019-04-16 15:47:46,10950,10950,10950,2
2019-04-16 15:47:46,10949,10949,10949,2
2019-04-16 15:47:47,10950,10950,10950,10
2019-04-16 15:47:48,10949,10949,10949,2
2019-04-16 15:47:56,10950,10950,10950,4
2019-04-16 15:47:56,10950,10950,10950,2
2019-04-16 15:47:57,10950,10950,10950,2
2019-04-16 15:47:58,10949,10949,10949,2
2019-04-16 15:47:59,10949,10949,10949,4
2019-04-16 15:47:59,10949,10949,10949,2
2019-04-16 15:47:59,10949,10949,10949,2
2019-04-16 15:47:59,10949,10949,10949,2
2019-04-16 15:47:59,10949,10949,10949,2
2019-04-16 15:47:59,10949,10949,10949,2
2019-04-16 15:47:59,10949,10949,10949,2
2019-04-16 15:48:06,10949,10949,10949,2
2019-04-16 15:48:11,10949,10949,10949,2
2019-04-16 15:48:12,10950,10950,10950,10
2019-04-16 15:48:14,10949,10949,10949,2
2019-04-16 15:48:17,10950,10950,10950,2
2019-04-16 15:48:17,10950,10950,10950,22
2019-04-16 15:48:18,10950,10950,10950,4
2019-04-16 15:48:20,10949,10949,10949,2
2019-04-16 15:48:35,10950,10950,10950,20
2019-04-16 15:48:39,10950,10950,10950,2
2019-04-16 15:48:41,10950,10950,10950,10
2019-04-16 15:48:43,10950,10950,10950,2
2019-04-16 15:48:48,10950,10950,10950,6
2019-04-16 15:48:56,10950,10950,10950,2
2019-04-16 15:48:58,10949,10949,10949,2
2019-04-16 15:49:00,10950,10950,10950,14
2019-04-16 15:49:05,10950,10950,10950,2
2019-04-16 15:49:15,10949,10949,10949,2
2019-04-16 15:49:15,10949,10949,10949,2
2019-04-16 15:49:15,10949,10949,10949,2
2019-04-16 15:49:15,10949,10949,10949,4
2019-04-16 15:49:15,10949,10949,10949,2
2019-04-16 15:49:15,10949,10949,10949,2
2019-04-16 15:49:15,10949,10949,10949,2
2019-04-16 15:49:15,10949,10949,10949,2
2019-04-16 15:49:15,10949,10949,10949,2
2019-04-16 15:49:15,10949,10949,10949,2
2019-04-16 15:49:15,10949,10949,10949,2
2019-04-16 15:49:15,10949,10949,10949,2
2019-04-16 15:49:15,10949,10949,10949,4
2019-04-16 15:49:15,10949,10949,10949,2
2019-04-16 15:49:15,10949,10949,10949,2
2019-04-16 15:49:15,10949,10949,10949,4
2019-04-16 15:49:15,10949,10949,10949,12
2019-04-16 15:49:15,10949,10949,10949,2
2019-04-16 15:49:15,10949,10949,10949,2
2019-04-16 15:49:16,10949,10949,10949,4
2019-04-16 15:49:19,10949,10949,10949,2
2019-04-16 15:49:20,10949,10949,10949,2
2019-04-16 15:49:24,10949,10949,10949,2
2019-04-16 15:49:29,10948,10948,10948,2
2019-04-16 15:49:37,10949,10949,10949,2
2019-04-16 15:49:38,10949,10949,10949,2
2019-04-16 15:49:49,10949,10949,10949,2
2019-04-16 15:49:51,10949,10949,10949,6
2019-04-16 15:49:51,10949,10949,10949,2
2019-04-16 15:49:51,10949,10949,10949,10
2019-04-16 15:49:51,10949,10949,10949,2
2019-04-16 15:49:51,10949,10949,10949,2
2019-04-16 15:49:51,10949,10949,10949,2
2019-04-16 15:49:51,10949,10949,10949,2
2019-04-16 15:49:51,10949,10949,10949,2
2019-04-16 15:49:52,10949,10949,10949,4
2019-04-16 15:49:52,10949,10949,10949,20
2019-04-16 15:50:11,10949,10949,10949,10
2019-04-16 15:50:12,10949,10949,10949,2
2019-04-16 15:50:13,10948,10948,10948,2
2019-04-16 15:50:17,10949,10949,10949,2
2019-04-16 15:50:18,10948,10948,10948,2
2019-04-16 15:50:22,10948,10948,10948,2
2019-04-16 15:50:23,10948,10948,10948,2
2019-04-16 15:50:32,10948,10948,10948,2
2019-04-16 15:50:33,10948,10948,10948,2
2019-04-16 15:50:33,10948,10948,10948,2
2019-04-16 15:50:45,10948,10948,10948,2
2019-04-16 15:51:08,10949,10949,10949,6
2019-04-16 15:51:08,10949,10949,10949,2
2019-04-16 15:51:10,10949,10949,10949,2
2019-04-16 15:51:10,10949,10949,10949,16
2019-04-16 15:51:10,10949,10949,10949,2
2019-04-16 15:51:12,10949,10949,10949,2
2019-04-16 15:51:13,10950,10950,10950,2
2019-04-16 15:51:13,10950,10950,10950,38
2019-04-16 15:51:13,10950,10950,10950,8
2019-04-16 15:51:18,10950,10950,10950,4
2019-04-16 15:51:19,10951,10951,10951,6
2019-04-16 15:51:19,10951,10951,10951,4
2019-04-16 15:51:19,10951,10951,10951,2
2019-04-16 15:51:19,10951,10951,10951,2
2019-04-16 15:51:20,10951,10951,10951,2
2019-04-16 15:51:20,10950,10950,10950,4
2019-04-16 15:51:20,10951,10951,10951,2
2019-04-16 15:51:20,10951,10951,10951,2
2019-04-16 15:51:21,10950,10950,10950,2
2019-04-16 15:51:21,10950,10950,10950,2
2019-04-16 15:51:23,10950,10950,10950,2
2019-04-16 15:51:23,10950,10950,10950,2
2019-04-16 15:51:23,10950,10950,10950,2
2019-04-16 15:51:23,10950,10950,10950,2
2019-04-16 15:51:23,10950,10950,10950,6
2019-04-16 15:51:23,10950,10950,10950,2
2019-04-16 15:51:26,10950,10950,10950,4
2019-04-16 15:51:27,10950,10950,10950,4
2019-04-16 15:51:30,10950,10950,10950,2
2019-04-16 15:51:31,10950,10950,10950,4
2019-04-16 15:51:31,10950,10950,10950,2
2019-04-16 15:51:36,10950,10950,10950,4
2019-04-16 15:51:36,10950,10950,10950,2
2019-04-16 15:51:36,10950,10950,10950,2
2019-04-16 15:51:36,10950,10950,10950,2
2019-04-16 15:51:38,10949,10949,10949,2
2019-04-16 15:52:11,10949,10949,10949,2
2019-04-16 15:52:11,10949,10949,10949,4
2019-04-16 15:52:11,10949,10949,10949,2
2019-04-16 15:52:12,10950,10950,10950,4
2019-04-16 15:52:12,10950,10950,10950,2
2019-04-16 15:52:13,10950,10950,10950,6
2019-04-16 15:52:15,10949,10949,10949,2
2019-04-16 15:52:18,10950,10950,10950,2
2019-04-16 15:52:21,10950,10950,10950,2
2019-04-16 15:52:25,10950,10950,10950,2
2019-04-16 15:52:31,10950,10950,10950,2
2019-04-16 15:52:32,10950,10950,10950,2
2019-04-16 15:52:45,10950,10950,10950,2
2019-04-16 15:52:55,10949,10949,10949,2
2019-04-16 15:52:55,10949,10949,10949,4
2019-04-16 15:52:55,10949,10949,10949,4
2019-04-16 15:52:55,10949,10949,10949,4
2019-04-16 15:52:55,10949,10949,10949,4
2019-04-16 15:52:55,10949,10949,10949,2
2019-04-16 15:52:55,10949,10949,10949,4
2019-04-16 15:52:55,10949,10949,10949,2
2019-04-16 15:52:55,10949,10949,10949,2
2019-04-16 15:52:55,10949,10949,10949,2
2019-04-16 15:52:55,10949,10949,10949,2
2019-04-16 15:52:55,10949,10949,10949,2
2019-04-16 15:52:55,10949,10949,10949,2
2019-04-16 15:52:55,10949,10949,10949,2
2019-04-16 15:53:05,10949,10949,10949,2
2019-04-16 15:53:14,10949,10949,10949,2
2019-04-16 15:53:18,10949,10949,10949,2
2019-04-16 15:53:20,10949,10949,10949,2
2019-04-16 15:53:33,10948,10948,10948,2
2019-04-16 15:53:33,10948,10948,10948,2
2019-04-16 15:53:36,10949,10949,10949,2
2019-04-16 15:53:36,10949,10949,10949,2
2019-04-16 15:53:44,10949,10949,10949,10
2019-04-16 15:53:44,10949,10949,10949,18
2019-04-16 15:53:48,10949,10949,10949,2
2019-04-16 15:53:48,10949,10949,10949,8
2019-04-16 15:53:53,10949,10949,10949,2
2019-04-16 15:54:16,10949,10949,10949,8
2019-04-16 15:54:26,10949,10949,10949,2
2019-04-16 15:54:33,10949,10949,10949,2
2019-04-16 15:54:47,10948,10948,10948,2
2019-04-16 15:54:57,10949,10949,10949,4
2019-04-16 15:54:57,10949,10949,10949,6
2019-04-16 15:54:57,10949,10949,10949,2
2019-04-16 15:55:07,10949,10949,10949,2
2019-04-16 15:55:07,10949,10949,10949,2
2019-04-16 15:55:09,10948,10948,10948,2
2019-04-16 15:55:22,10949,10949,10949,12
2019-04-16 15:55:22,10949,10949,10949,2
2019-04-16 15:55:23,10950,10950,10950,2
2019-04-16 15:55:28,10949,10949,10949,2
2019-04-16 15:55:46,10949,10949,10949,2
2019-04-16 15:55:59,10949,10949,10949,2
2019-04-16 15:55:59,10949,10949,10949,2
2019-04-16 15:55:59,10949,10949,10949,2
2019-04-16 15:55:59,10949,10949,10949,2
2019-04-16 15:56:25,10949,10949,10949,6
2019-04-16 15:56:27,10950,10950,10950,2
2019-04-16 15:56:45,10950,10950,10950,4
2019-04-16 15:56:47,10949,10949,10949,2
2019-04-16 15:56:47,10949,10949,10949,2
2019-04-16 15:56:52,10949,10949,10949,2
2019-04-16 15:56:53,10950,10950,10950,2
2019-04-16 15:56:57,10949,10949,10949,4
2019-04-16 15:56:57,10949,10949,10949,4
2019-04-16 15:57:04,10949,10949,10949,2
2019-04-16 15:57:07,10950,10950,10950,2
2019-04-16 15:57:14,10949,10949,10949,4
2019-04-16 15:57:14,10949,10949,10949,2
2019-04-16 15:57:14,10949,10949,10949,4
2019-04-16 15:57:15,10949,10949,10949,2
2019-04-16 15:57:15,10949,10949,10949,2
2019-04-16 15:57:15,10949,10949,10949,2
2019-04-16 15:57:15,10949,10949,10949,2
2019-04-16 15:57:15,10949,10949,10949,4
2019-04-16 15:57:15,10949,10949,10949,2
2019-04-16 15:57:15,10949,10949,10949,2
2019-04-16 15:57:15,10949,10949,10949,2
2019-04-16 15:57:15,10949,10949,10949,4
2019-04-16 15:57:15,10949,10949,10949,8
2019-04-16 15:57:15,10949,10949,10949,4
2019-04-16 15:57:15,10949,10949,10949,2
2019-04-16 15:57:15,10949,10949,10949,8
2019-04-16 15:57:15,10949,10949,10949,2
2019-04-16 15:57:15,10949,10949,10949,8
2019-04-16 15:57:29,10948,10948,10948,2
2019-04-16 15:57:29,10948,10948,10948,2
2019-04-16 15:57:29,10948,10948,10948,2
2019-04-16 15:57:29,10948,10948,10948,2
2019-04-16 15:57:29,10948,10948,10948,2
2019-04-16 15:57:29,10948,10948,10948,2
2019-04-16 15:57:29,10948,10948,10948,4
2019-04-16 15:57:30,10949,10949,10949,4
2019-04-16 15:57:30,10948,10948,10948,2
2019-04-16 15:57:35,10948,10948,10948,2
2019-04-16 15:57:37,10948,10948,10948,2
2019-04-16 15:57:37,10948,10948,10948,4
2019-04-16 15:57:37,10948,10948,10948,10
2019-04-16 15:57:37,10948,10948,10948,2
2019-04-16 15:57:37,10948,10948,10948,2
2019-04-16 15:57:37,10948,10948,10948,6
2019-04-16 15:57:37,10948,10948,10948,2
2019-04-16 15:57:37,10948,10948,10948,6
2019-04-16 15:57:37,10948,10948,10948,2
2019-04-16 15:57:37,10948,10948,10948,2
2019-04-16 15:57:37,10948,10948,10948,6
2019-04-16 15:57:37,10947,10947,10947,4
2019-04-16 15:57:37,10947,10947,10947,2
2019-04-16 15:57:37,10947,10947,10947,2
2019-04-16 15:57:37,10947,10947,10947,4
2019-04-16 15:57:42,10948,10948,10948,2
2019-04-16 15:57:45,10947,10947,10947,4
2019-04-16 15:57:51,10947,10947,10947,2
2019-04-16 15:57:51,10947,10947,10947,4
2019-04-16 15:57:52,10947,10947,10947,4
2019-04-16 15:57:52,10947,10947,10947,2
2019-04-16 15:57:55,10948,10948,10948,2
2019-04-16 15:58:01,10948,10948,10948,2
2019-04-16 15:58:07,10947,10947,10947,4
2019-04-16 15:58:09,10948,10948,10948,4
2019-04-16 15:58:31,10947,10947,10947,2
2019-04-16 15:58:35,10948,10948,10948,8
2019-04-16 15:58:36,10948,10948,10948,2
2019-04-16 15:58:56,10948,10948,10948,4
2019-04-16 15:59:03,10947,10947,10947,2
2019-04-16 15:59:22,10947,10947,10947,2
2019-04-16 15:59:23,10947,10947,10947,2
2019-04-16 15:59:31,10947,10947,10947,2
2019-04-16 15:59:41,10947,10947,10947,2
2019-04-16 15:59:41,10947,10947,10947,2
2019-04-16 15:59:45,10947,10947,10947,2
2019-04-16 15:59:47,10947,10947,10947,2
2019-04-16 15:59:52,10947,10947,10947,2
2019-04-16 15:59:53,10947,10947,10947,2
2019-04-16 15:59:59,10947,10947,10947,2
2019-04-16 15:59:59,10947,10947,10947,2
2019-04-16 15:59:59,10948,10948,10948,4
2019-04-16 16:00:02,10947,10947,10947,2
2019-04-16 16:00:02,10948,10948,10948,2
2019-04-16 16:00:02,10948,10948,10948,2
2019-04-16 16:00:03,10948,10948,10948,4
2019-04-16 16:00:03,10948,10948,10948,2
2019-04-16 16:00:23,10948,10948,10948,20
2019-04-16 16:00:26,10948,10948,10948,2
2019-04-16 16:00:26,10948,10948,10948,2
2019-04-16 16:00:26,10948,10948,10948,20
2019-04-16 16:00:26,10948,10948,10948,2
2019-04-16 16:00:31,10948,10948,10948,2
2019-04-16 16:00:56,10948,10948,10948,2
2019-04-16 16:00:56,10948,10948,10948,2
2019-04-16 16:00:57,10949,10949,10949,2
2019-04-16 16:01:02,10948,10948,10948,2
2019-04-16 16:01:03,10949,10949,10949,2
2019-04-16 16:01:03,10948,10948,10948,4
2019-04-16 16:01:16,10948,10948,10948,2
2019-04-16 16:01:27,10948,10948,10948,4
2019-04-16 16:01:32,10948,10948,10948,2
2019-04-16 16:01:33,10948,10948,10948,4
2019-04-16 16:01:35,10948,10948,10948,2
2019-04-16 16:01:35,10948,10948,10948,4
2019-04-16 16:01:35,10948,10948,10948,4
2019-04-16 16:01:35,10948,10948,10948,2
2019-04-16 16:01:42,10947,10947,10947,2
2019-04-16 16:01:42,10947,10947,10947,2
2019-04-16 16:01:42,10947,10947,10947,2
2019-04-16 16:01:42,10947,10947,10947,2
2019-04-16 16:01:48,10948,10948,10948,4
2019-04-16 16:01:52,10948,10948,10948,2
2019-04-16 16:02:00,10947,10947,10947,2
2019-04-16 16:02:07,10948,10948,10948,2
2019-04-16 16:02:14,10947,10947,10947,2
2019-04-16 16:02:14,10947,10947,10947,2
2019-04-16 16:02:14,10947,10947,10947,2
2019-04-16 16:02:21,10947,10947,10947,2
2019-04-16 16:02:21,10947,10947,10947,2
2019-04-16 16:02:41,10947,10947,10947,8
2019-04-16 16:02:41,10947,10947,10947,20
2019-04-16 16:02:41,10947,10947,10947,2
2019-04-16 16:02:41,10947,10947,10947,2
2019-04-16 16:02:41,10947,10947,10947,10
2019-04-16 16:02:41,10947,10947,10947,2
2019-04-16 16:02:41,10947,10947,10947,2
2019-04-16 16:02:50,10947,10947,10947,2
2019-04-16 16:02:52,10947,10947,10947,4
2019-04-16 16:03:28,10947,10947,10947,2
2019-04-16 16:03:28,10946,10946,10946,2
2019-04-16 16:03:28,10946,10946,10946,2
2019-04-16 16:03:33,10947,10947,10947,4
2019-04-16 16:03:50,10947,10947,10947,2
2019-04-16 16:03:54,10947,10947,10947,2
2019-04-16 16:04:14,10947,10947,10947,10
2019-04-16 16:04:17,10947,10947,10947,2
2019-04-16 16:04:42,10946,10946,10946,2
2019-04-16 16:04:48,10947,10947,10947,10
2019-04-16 16:04:49,10947,10947,10947,2
2019-04-16 16:04:50,10947,10947,10947,2
2019-04-16 16:04:50,10947,10947,10947,2
2019-04-16 16:04:50,10947,10947,10947,2
2019-04-16 16:04:50,10947,10947,10947,2
2019-04-16 16:04:50,10947,10947,10947,2
2019-04-16 16:04:50,10947,10947,10947,2
2019-04-16 16:04:50,10947,10947,10947,2
2019-04-16 16:04:50,10947,10947,10947,2
2019-04-16 16:04:51,10948,10948,10948,2
2019-04-16 16:04:51,10947,10947,10947,2
2019-04-16 16:04:51,10947,10947,10947,2
2019-04-16 16:05:13,10947,10947,10947,2
2019-04-16 16:05:54,10948,10948,10948,4
2019-04-16 16:05:55,10948,10948,10948,4
2019-04-16 16:05:56,10948,10948,10948,4
2019-04-16 16:06:06,10947,10947,10947,2
2019-04-16 16:06:06,10947,10947,10947,2
2019-04-16 16:06:12,10947,10947,10947,2
2019-04-16 16:06:15,10947,10947,10947,6
2019-04-16 16:06:15,10947,10947,10947,2
2019-04-16 16:06:15,10947,10947,10947,2
2019-04-16 16:06:20,10947,10947,10947,2
2019-04-16 16:06:20,10947,10947,10947,2
2019-04-16 16:06:20,10947,10947,10947,2
2019-04-16 16:06:20,10947,10947,10947,2
2019-04-16 16:06:21,10947,10947,10947,2
2019-04-16 16:06:27,10947,10947,10947,2
2019-04-16 16:06:35,10947,10947,10947,4
2019-04-16 16:06:35,10947,10947,10947,2
2019-04-16 16:06:35,10947,10947,10947,2
2019-04-16 16:06:38,10947,10947,10947,2
2019-04-16 16:07:09,10947,10947,10947,2
2019-04-16 16:07:38,10948,10948,10948,2
2019-04-16 16:07:54,10948,10948,10948,6
2019-04-16 16:08:30,10948,10948,10948,2
2019-04-16 16:08:36,10948,10948,10948,4
2019-04-16 16:08:36,10948,10948,10948,16
2019-04-16 16:08:52,10948,10948,10948,12
2019-04-16 16:09:08,10949,10949,10949,2
2019-04-16 16:09:19,10949,10949,10949,2
2019-04-16 16:09:22,10949,10949,10949,2
2019-04-16 16:09:45,10949,10949,10949,2
2019-04-16 16:09:45,10949,10949,10949,16
2019-04-16 16:09:45,10949,10949,10949,4
2019-04-16 16:09:47,10949,10949,10949,2
2019-04-16 16:09:56,10950,10950,10950,2
2019-04-16 16:10:00,10950,10950,10950,4
2019-04-16 16:10:13,10949,10949,10949,2
2019-04-16 16:10:17,10949,10949,10949,4
2019-04-16 16:10:17,10949,10949,10949,2
2019-04-16 16:10:20,10949,10949,10949,2
2019-04-16 16:10:21,10949,10949,10949,2
2019-04-16 16:10:21,10949,10949,10949,8
2019-04-16 16:10:21,10949,10949,10949,10
2019-04-16 16:10:21,10949,10949,10949,2
2019-04-16 16:10:21,10949,10949,10949,6
2019-04-16 16:10:21,10949,10949,10949,2
2019-04-16 16:10:21,10949,10949,10949,2
2019-04-16 16:10:21,10949,10949,10949,2
2019-04-16 16:10:21,10949,10949,10949,2
2019-04-16 16:10:21,10949,10949,10949,6
2019-04-16 16:10:21,10949,10949,10949,2
2019-04-16 16:10:21,10949,10949,10949,2
2019-04-16 16:10:21,10949,10949,10949,2
2019-04-16 16:10:21,10949,10949,10949,2
2019-04-16 16:10:21,10948,10948,10948,4
2019-04-16 16:10:21,10948,10948,10948,4
2019-04-16 16:10:21,10948,10948,10948,2
2019-04-16 16:10:29,10948,10948,10948,2
2019-04-16 16:10:29,10948,10948,10948,2
2019-04-16 16:10:29,10948,10948,10948,2
2019-04-16 16:10:30,10948,10948,10948,2
2019-04-16 16:10:30,10948,10948,10948,2
2019-04-16 16:10:36,10948,10948,10948,2
2019-04-16 16:10:40,10948,10948,10948,2
2019-04-16 16:12:06,10948,10948,10948,2
2019-04-16 16:12:06,10948,10948,10948,2
2019-04-16 16:12:06,10949,10949,10949,2
2019-04-16 16:12:11,10949,10949,10949,6
2019-04-16 16:12:25,10949,10949,10949,2
2019-04-16 16:12:36,10948,10948,10948,2
2019-04-16 16:12:36,10948,10948,10948,2
2019-04-16 16:12:36,10948,10948,10948,2
2019-04-16 16:12:57,10949,10949,10949,2
2019-04-16 16:13:03,10949,10949,10949,2
2019-04-16 16:13:03,10949,10949,10949,2
2019-04-16 16:13:06,10949,10949,10949,2
2019-04-16 16:13:21,10949,10949,10949,2
2019-04-16 16:13:52,10949,10949,10949,2
2019-04-16 16:13:52,10949,10949,10949,2
2019-04-16 16:14:00,10949,10949,10949,2
2019-04-16 16:14:14,10950,10950,10950,2
2019-04-16 16:14:15,10950,10950,10950,2
2019-04-16 16:14:21,10950,10950,10950,6
2019-04-16 16:14:23,10950,10950,10950,4
2019-04-16 16:14:38,10950,10950,10950,2
2019-04-16 16:14:45,10950,10950,10950,4
2019-04-16 16:14:50,10950,10950,10950,2
2019-04-16 16:14:50,10950,10950,10950,2
2019-04-16 16:14:50,10950,10950,10950,16
2019-04-16 16:14:50,10950,10950,10950,4
2019-04-16 16:14:50,10950,10950,10950,8
2019-04-16 16:14:50,10950,10950,10950,6
2019-04-16 16:15:05,10950,10950,10950,2
2019-04-16 16:15:05,10950,10950,10950,14
2019-04-16 16:15:05,10950,10950,10950,16
2019-04-16 16:15:05,10950,10950,10950,4
2019-04-16 16:15:10,10951,10951,10951,20
2019-04-16 16:15:10,10951,10951,10951,2
2019-04-16 16:15:10,10951,10951,10951,24
2019-04-16 16:15:10,10951,10951,10951,2
2019-04-16 16:15:11,10951,10951,10951,2
2019-04-16 16:15:11,10952,10952,10952,2
2019-04-16 16:15:11,10952,10952,10952,2
2019-04-16 16:15:11,10952,10952,10952,10
2019-04-16 16:15:11,10952,10952,10952,2
2019-04-16 16:15:11,10951,10951,10951,4
2019-04-16 16:15:11,10951,10951,10951,2
2019-04-16 16:15:11,10951,10951,10951,2
2019-04-16 16:15:11,10951,10951,10951,2
2019-04-16 16:15:11,10952,10952,10952,2
2019-04-16 16:15:12,10952,10952,10952,2
2019-04-16 16:15:14,10951,10951,10951,2
2019-04-16 16:15:17,10950,10950,10950,4
2019-04-16 16:15:17,10950,10950,10950,2
2019-04-16 16:15:18,10950,10950,10950,2
2019-04-16 16:15:18,10950,10950,10950,2
2019-04-16 16:15:20,10951,10951,10951,4
2019-04-16 16:15:22,10951,10951,10951,2
2019-04-16 16:15:29,10951,10951,10951,4
2019-04-16 16:15:31,10950,10950,10950,2
2019-04-16 16:15:32,10950,10950,10950,2
2019-04-16 16:15:35,10950,10950,10950,2
2019-04-16 16:15:41,10951,10951,10951,2
2019-04-16 16:15:42,10950,10950,10950,2
2019-04-16 16:15:44,10951,10951,10951,4
2019-04-16 16:15:46,10950,10950,10950,2
2019-04-16 16:15:47,10950,10950,10950,2
2019-04-16 16:16:46,10950,10950,10950,4
2019-04-16 16:16:47,10950,10950,10950,6
2019-04-16 16:16:47,10950,10950,10950,2
2019-04-16 16:17:12,10951,10951,10951,18
2019-04-16 16:17:14,10951,10951,10951,2
2019-04-16 16:17:14,10951,10951,10951,2
2019-04-16 16:17:14,10951,10951,10951,2
2019-04-16 16:17:14,10951,10951,10951,2
2019-04-16 16:17:14,10951,10951,10951,2
2019-04-16 16:17:14,10950,10950,10950,2
2019-04-16 16:17:14,10950,10950,10950,2
2019-04-16 16:17:14,10950,10950,10950,2
2019-04-16 16:17:14,10950,10950,10950,2
2019-04-16 16:17:14,10950,10950,10950,2
2019-04-16 16:17:14,10950,10950,10950,2
2019-04-16 16:17:14,10950,10950,10950,2
2019-04-16 16:17:14,10950,10950,10950,2
2019-04-16 16:17:15,10950,10950,10950,2
2019-04-16 16:17:15,10950,10950,10950,2
2019-04-16 16:17:15,10950,10950,10950,2
2019-04-16 16:17:15,10950,10950,10950,2
2019-04-16 16:17:15,10950,10950,10950,2
2019-04-16 16:17:15,10950,10950,10950,2
2019-04-16 16:17:15,10950,10950,10950,2
2019-04-16 16:17:15,10950,10950,10950,2
2019-04-16 16:17:15,10950,10950,10950,2
2019-04-16 16:17:15,10950,10950,10950,2
2019-04-16 16:17:15,10950,10950,10950,2
2019-04-16 16:17:15,10950,10950,10950,2
2019-04-16 16:17:15,10950,10950,10950,2
2019-04-16 16:17:15,10950,10950,10950,2
2019-04-16 16:17:15,10950,10950,10950,2
2019-04-16 16:17:16,10949,10949,10949,2
2019-04-16 16:17:16,10949,10949,10949,2
2019-04-16 16:17:16,10949,10949,10949,2
2019-04-16 16:17:16,10949,10949,10949,2
2019-04-16 16:17:16,10949,10949,10949,2
2019-04-16 16:17:16,10949,10949,10949,2
2019-04-16 16:17:16,10949,10949,10949,2
2019-04-16 16:17:16,10949,10949,10949,2
2019-04-16 16:17:16,10949,10949,10949,2
2019-04-16 16:17:16,10949,10949,10949,2
2019-04-16 16:17:16,10949,10949,10949,2
2019-04-16 16:17:16,10949,10949,10949,2
2019-04-16 16:17:17,10949,10949,10949,2
2019-04-16 16:17:17,10949,10949,10949,2
2019-04-16 16:17:17,10949,10949,10949,2
2019-04-16 16:17:17,10949,10949,10949,2
2019-04-16 16:17:17,10949,10949,10949,2
2019-04-16 16:17:17,10949,10949,10949,2
2019-04-16 16:17:17,10949,10949,10949,2
2019-04-16 16:17:17,10949,10949,10949,2
2019-04-16 16:17:17,10949,10949,10949,2
2019-04-16 16:17:17,10949,10949,10949,2
2019-04-16 16:17:17,10949,10949,10949,2
2019-04-16 16:17:17,10949,10949,10949,2
2019-04-16 16:17:17,10949,10949,10949,2
2019-04-16 16:17:18,10949,10949,10949,2
2019-04-16 16:17:18,10949,10949,10949,2
2019-04-16 16:17:18,10949,10949,10949,2
2019-04-16 16:17:18,10949,10949,10949,2
2019-04-16 16:17:18,10949,10949,10949,2
2019-04-16 16:17:18,10949,10949,10949,2
2019-04-16 16:17:18,10949,10949,10949,2
2019-04-16 16:17:20,10950,10950,10950,4
2019-04-16 16:17:34,10950,10950,10950,2
2019-04-16 16:17:34,10950,10950,10950,2
2019-04-16 16:17:34,10949,10949,10949,2
2019-04-16 16:17:34,10949,10949,10949,2
2019-04-16 16:17:34,10949,10949,10949,2
2019-04-16 16:17:34,10949,10949,10949,2
2019-04-16 16:17:34,10949,10949,10949,2
2019-04-16 16:17:34,10949,10949,10949,2
2019-04-16 16:17:34,10949,10949,10949,2
2019-04-16 16:17:34,10949,10949,10949,2
2019-04-16 16:17:35,10949,10949,10949,2
2019-04-16 16:17:35,10949,10949,10949,2
2019-04-16 16:17:35,10949,10949,10949,2
2019-04-16 16:17:35,10949,10949,10949,2
2019-04-16 16:17:35,10949,10949,10949,2
2019-04-16 16:17:35,10949,10949,10949,2
2019-04-16 16:17:35,10949,10949,10949,2
2019-04-16 16:17:35,10949,10949,10949,2
2019-04-16 16:17:35,10949,10949,10949,2
2019-04-16 16:17:35,10949,10949,10949,2
2019-04-16 16:17:35,10949,10949,10949,2
2019-04-16 16:17:35,10949,10949,10949,2
2019-04-16 16:17:35,10949,10949,10949,2
2019-04-16 16:17:36,10949,10949,10949,2
2019-04-16 16:17:36,10949,10949,10949,2
2019-04-16 16:17:36,10949,10949,10949,2
2019-04-16 16:17:36,10949,10949,10949,2
2019-04-16 16:17:36,10949,10949,10949,2
2019-04-16 16:17:36,10949,10949,10949,2
2019-04-16 16:17:36,10949,10949,10949,2
2019-04-16 16:17:36,10949,10949,10949,2
2019-04-16 16:17:36,10949,10949,10949,2
2019-04-16 16:17:36,10949,10949,10949,2
2019-04-16 16:17:36,10949,10949,10949,2
2019-04-16 16:17:36,10949,10949,10949,2
2019-04-16 16:17:36,10948,10948,10948,2
2019-04-16 16:17:37,10948,10948,10948,2
2019-04-16 16:17:37,10948,10948,10948,2
2019-04-16 16:17:37,10948,10948,10948,2
2019-04-16 16:17:37,10948,10948,10948,2
2019-04-16 16:17:37,10948,10948,10948,2
2019-04-16 16:17:37,10948,10948,10948,2
2019-04-16 16:17:37,10948,10948,10948,2
2019-04-16 16:17:37,10948,10948,10948,2
2019-04-16 16:17:37,10948,10948,10948,2
2019-04-16 16:17:37,10948,10948,10948,2
2019-04-16 16:17:37,10948,10948,10948,2
2019-04-16 16:17:37,10948,10948,10948,2
2019-04-16 16:17:37,10948,10948,10948,2
2019-04-16 16:17:38,10948,10948,10948,2
2019-04-16 16:17:38,10948,10948,10948,2
2019-04-16 16:17:38,10948,10948,10948,2
2019-04-16 16:17:38,10948,10948,10948,2
2019-04-16 16:17:38,10948,10948,10948,2
2019-04-16 16:17:38,10948,10948,10948,2
2019-04-16 16:17:38,10948,10948,10948,2
2019-04-16 16:17:38,10948,10948,10948,2
2019-04-16 16:17:38,10948,10948,10948,2
2019-04-16 16:17:39,10948,10948,10948,2
2019-04-16 16:17:39,10948,10948,10948,2
2019-04-16 16:17:39,10948,10948,10948,2
2019-04-16 16:17:39,10948,10948,10948,2
2019-04-16 16:17:49,10949,10949,10949,2
2019-04-16 16:18:01,10950,10950,10950,4
2019-04-16 16:18:25,10950,10950,10950,6
2019-04-16 16:18:29,10950,10950,10950,2
2019-04-16 16:18:46,10950,10950,10950,2
2019-04-16 16:18:55,10949,10949,10949,2
2019-04-16 16:19:02,10950,10950,10950,6
2019-04-16 16:19:07,10950,10950,10950,2
2019-04-16 16:19:50,10950,10950,10950,2
2019-04-16 16:19:54,10949,10949,10949,2
2019-04-16 16:20:15,10949,10949,10949,2
2019-04-16 16:20:16,10949,10949,10949,2
2019-04-16 16:20:16,10949,10949,10949,2
2019-04-16 16:20:47,10950,10950,10950,4
2019-04-16 16:20:48,10950,10950,10950,2
2019-04-16 16:20:48,10950,10950,10950,2
2019-04-16 16:20:53,10950,10950,10950,2
2019-04-16 16:21:05,10950,10950,10950,2
2019-04-16 16:21:06,10950,10950,10950,2
2019-04-16 16:21:06,10950,10950,10950,2
2019-04-16 16:21:06,10950,10950,10950,2
2019-04-16 16:21:13,10950,10950,10950,2
2019-04-16 16:21:53,10951,10951,10951,2
2019-04-16 16:21:54,10950,10950,10950,2
2019-04-16 16:21:54,10950,10950,10950,2
2019-04-16 16:21:56,10950,10950,10950,2
2019-04-16 16:22:19,10950,10950,10950,4
2019-04-16 16:22:21,10950,10950,10950,2
2019-04-16 16:22:23,10950,10950,10950,2
2019-04-16 16:22:28,10950,10950,10950,2
2019-04-16 16:22:42,10950,10950,10950,2
2019-04-16 16:22:42,10950,10950,10950,4
2019-04-16 16:22:42,10950,10950,10950,2
2019-04-16 16:22:42,10950,10950,10950,2
2019-04-16 16:22:42,10950,10950,10950,2
2019-04-16 16:22:42,10950,10950,10950,2
2019-04-16 16:22:46,10950,10950,10950,4
2019-04-16 16:22:46,10950,10950,10950,2
2019-04-16 16:22:49,10950,10950,10950,4
2019-04-16 16:22:49,10949,10949,10949,2
2019-04-16 16:22:49,10949,10949,10949,2
2019-04-16 16:22:49,10949,10949,10949,2
2019-04-16 16:22:49,10949,10949,10949,2
2019-04-16 16:23:00,10950,10950,10950,2
2019-04-16 16:23:06,10951,10951,10951,2
2019-04-16 16:23:06,10950,10950,10950,2
2019-04-16 16:23:18,10950,10950,10950,2
2019-04-16 16:23:22,10950,10950,10950,2
2019-04-16 16:23:33,10950,10950,10950,2
2019-04-16 16:23:38,10949,10949,10949,2
2019-04-16 16:23:38,10949,10949,10949,6
2019-04-16 16:23:38,10949,10949,10949,2
2019-04-16 16:23:38,10949,10949,10949,2
2019-04-16 16:23:38,10949,10949,10949,2
2019-04-16 16:23:38,10949,10949,10949,4
2019-04-16 16:23:38,10949,10949,10949,2
2019-04-16 16:23:38,10949,10949,10949,2
2019-04-16 16:23:38,10949,10949,10949,2
2019-04-16 16:23:38,10949,10949,10949,2
2019-04-16 16:23:38,10949,10949,10949,2
2019-04-16 16:24:19,10948,10948,10948,2
2019-04-16 16:24:25,10948,10948,10948,2
2019-04-16 16:24:26,10948,10948,10948,2
2019-04-16 16:24:26,10948,10948,10948,2
2019-04-16 16:24:28,10948,10948,10948,2
2019-04-16 16:24:30,10948,10948,10948,2
2019-04-16 16:24:37,10948,10948,10948,2
2019-04-16 16:24:44,10949,10949,10949,2
2019-04-16 16:25:02,10948,10948,10948,2
2019-04-16 16:25:02,10949,10949,10949,2
2019-04-16 16:25:03,10948,10948,10948,2
2019-04-16 16:25:05,10948,10948,10948,2
2019-04-16 16:25:16,10949,10949,10949,2
2019-04-16 16:25:19,10948,10948,10948,2
2019-04-16 16:25:32,10949,10949,10949,6
2019-04-16 16:25:33,10949,10949,10949,2
2019-04-16 16:25:45,10949,10949,10949,2
2019-04-16 16:25:47,10949,10949,10949,2
2019-04-16 16:25:52,10949,10949,10949,2
2019-04-16 16:25:59,10949,10949,10949,2
2019-04-16 16:26:04,10949,10949,10949,10
2019-04-16 16:26:04,10949,10949,10949,2
2019-04-16 16:26:05,10949,10949,10949,2
2019-04-16 16:26:05,10949,10949,10949,2
2019-04-16 16:26:06,10949,10949,10949,2
2019-04-16 16:26:07,10949,10949,10949,2
2019-04-16 16:26:08,10949,10949,10949,2
2019-04-16 16:26:15,10949,10949,10949,2
2019-04-16 16:26:44,10949,10949,10949,2
2019-04-16 16:26:57,10948,10948,10948,4
2019-04-16 16:27:03,10949,10949,10949,4
2019-04-16 16:27:05,10948,10948,10948,4
2019-04-16 16:27:06,10949,10949,10949,4
2019-04-16 16:27:16,10948,10948,10948,2
2019-04-16 16:27:22,10948,10948,10948,4
2019-04-16 16:27:33,10948,10948,10948,2
2019-04-16 16:27:41,10948,10948,10948,2
2019-04-16 16:27:44,10948,10948,10948,2
2019-04-16 16:27:51,10948,10948,10948,2
2019-04-16 16:27:51,10949,10949,10949,10
2019-04-16 16:28:38,10949,10949,10949,2
2019-04-16 16:28:50,10948,10948,10948,6
2019-04-16 16:28:50,10948,10948,10948,2
2019-04-16 16:28:50,10948,10948,10948,4
2019-04-16 16:28:50,10948,10948,10948,6
2019-04-16 16:28:50,10948,10948,10948,2
2019-04-16 16:28:56,10948,10948,10948,2
2019-04-16 16:28:57,10948,10948,10948,2
2019-04-16 16:28:58,10949,10949,10949,6
2019-04-16 16:29:09,10949,10949,10949,2
2019-04-16 16:29:11,10948,10948,10948,4
2019-04-16 16:29:11,10948,10948,10948,8
2019-04-16 16:29:11,10948,10948,10948,2
2019-04-16 16:29:11,10948,10948,10948,6
2019-04-16 16:29:11,10948,10948,10948,2
2019-04-16 16:29:11,10948,10948,10948,28
2019-04-16 16:29:11,10948,10948,10948,4
2019-04-16 16:29:11,10948,10948,10948,4
2019-04-16 16:29:11,10948,10948,10948,2
2019-04-16 16:29:23,10947,10947,10947,2
2019-04-16 16:29:23,10947,10947,10947,2
2019-04-16 16:29:23,10947,10947,10947,2
2019-04-16 16:29:23,10947,10947,10947,4
2019-04-16 16:29:23,10947,10947,10947,2
2019-04-16 16:29:23,10947,10947,10947,2
2019-04-16 16:29:23,10947,10947,10947,4
2019-04-16 16:29:31,10947,10947,10947,2
2019-04-16 16:29:32,10947,10947,10947,2
2019-04-16 16:29:44,10947,10947,10947,2
2019-04-16 16:29:44,10947,10947,10947,2
2019-04-16 16:29:50,10947,10947,10947,2
2019-04-16 16:29:59,10947,10947,10947,2
2019-04-16 16:30:01,10947,10947,10947,2
2019-04-16 16:30:01,10947,10947,10947,2
2019-04-16 16:30:01,10947,10947,10947,6
2019-04-16 16:30:01,10948,10948,10948,2
2019-04-16 16:30:01,10948,10948,10948,2
2019-04-16 16:30:01,10948,10948,10948,2
2019-04-16 16:30:03,10947,10947,10947,2
2019-04-16 16:30:12,10947,10947,10947,2
2019-04-16 16:30:12,10947,10947,10947,6
2019-04-16 16:30:12,10947,10947,10947,4
2019-04-16 16:30:16,10947,10947,10947,6
2019-04-16 16:30:16,10947,10947,10947,2
2019-04-16 16:30:16,10947,10947,10947,2
2019-04-16 16:30:16,10947,10947,10947,2
2019-04-16 16:30:16,10947,10947,10947,2
2019-04-16 16:30:16,10947,10947,10947,2
2019-04-16 16:30:16,10947,10947,10947,2
2019-04-16 16:30:16,10947,10947,10947,2
2019-04-16 16:30:16,10947,10947,10947,2
2019-04-16 16:30:16,10947,10947,10947,2
2019-04-16 16:30:31,10946,10946,10946,2
2019-04-16 16:30:31,10946,10946,10946,14
2019-04-16 16:30:31,10946,10946,10946,6
2019-04-16 16:30:31,10946,10946,10946,2
2019-04-16 16:30:31,10946,10946,10946,2
2019-04-16 16:30:40,10946,10946,10946,2
2019-04-16 16:30:42,10946,10946,10946,2
2019-04-16 16:31:19,10946,10946,10946,2
2019-04-16 16:31:20,10946,10946,10946,2
2019-04-16 16:31:20,10946,10946,10946,4
2019-04-16 16:31:20,10946,10946,10946,2
2019-04-16 16:31:23,10947,10947,10947,10
2019-04-16 16:31:23,10946,10946,10946,2
2019-04-16 16:31:23,10946,10946,10946,2
2019-04-16 16:31:24,10946,10946,10946,4
2019-04-16 16:31:24,10946,10946,10946,2
2019-04-16 16:31:24,10946,10946,10946,2
2019-04-16 16:31:24,10946,10946,10946,2
2019-04-16 16:31:27,10946,10946,10946,2
2019-04-16 16:31:32,10946,10946,10946,2
2019-04-16 16:31:32,10946,10946,10946,2
2019-04-16 16:31:35,10946,10946,10946,4
2019-04-16 16:31:35,10946,10946,10946,4
2019-04-16 16:31:35,10946,10946,10946,2
2019-04-16 16:31:35,10946,10946,10946,2
2019-04-16 16:31:35,10946,10946,10946,6
2019-04-16 16:31:35,10946,10946,10946,2
2019-04-16 16:31:35,10946,10946,10946,2
2019-04-16 16:31:35,10946,10946,10946,2
2019-04-16 16:31:35,10946,10946,10946,8
2019-04-16 16:31:35,10946,10946,10946,2
2019-04-16 16:31:35,10946,10946,10946,2
2019-04-16 16:31:35,10946,10946,10946,2
2019-04-16 16:31:58,10945,10945,10945,2
2019-04-16 16:31:58,10945,10945,10945,2
2019-04-16 16:32:01,10945,10945,10945,2
2019-04-16 16:32:11,10945,10945,10945,2
2019-04-16 16:32:11,10945,10945,10945,2
2019-04-16 16:32:11,10945,10945,10945,2
2019-04-16 16:32:11,10945,10945,10945,4
2019-04-16 16:32:19,10945,10945,10945,4
2019-04-16 16:32:19,10945,10945,10945,2
2019-04-16 16:32:19,10945,10945,10945,4
2019-04-16 16:32:24,10945,10945,10945,2
2019-04-16 16:32:35,10945,10945,10945,2
2019-04-16 16:32:35,10945,10945,10945,2
2019-04-16 16:32:40,10945,10945,10945,2
2019-04-16 16:32:47,10945,10945,10945,2
2019-04-16 16:32:47,10945,10945,10945,2
2019-04-16 16:32:54,10945,10945,10945,2
2019-04-16 16:32:58,10945,10945,10945,8
2019-04-16 16:32:58,10945,10945,10945,2
2019-04-16 16:33:10,10945,10945,10945,2
2019-04-16 16:33:10,10945,10945,10945,2
2019-04-16 16:33:10,10945,10945,10945,2
2019-04-16 16:33:10,10945,10945,10945,2
2019-04-16 16:33:10,10945,10945,10945,2
2019-04-16 16:33:12,10945,10945,10945,2
2019-04-16 16:33:18,10945,10945,10945,6
2019-04-16 16:33:18,10945,10945,10945,2
2019-04-16 16:33:18,10945,10945,10945,6
2019-04-16 16:33:18,10945,10945,10945,2
2019-04-16 16:33:18,10945,10945,10945,2
2019-04-16 16:33:18,10945,10945,10945,2
2019-04-16 16:33:18,10945,10945,10945,2
2019-04-16 16:33:18,10945,10945,10945,2
2019-04-16 16:33:18,10945,10945,10945,2
2019-04-16 16:33:18,10945,10945,10945,2
2019-04-16 16:33:18,10945,10945,10945,2
2019-04-16 16:33:21,10945,10945,10945,2
2019-04-16 16:33:21,10945,10945,10945,20
2019-04-16 16:33:26,10945,10945,10945,2
2019-04-16 16:33:35,10945,10945,10945,2
2019-04-16 16:33:36,10945,10945,10945,2
2019-04-16 16:33:37,10945,10945,10945,2
2019-04-16 16:33:37,10945,10945,10945,2
2019-04-16 16:34:01,10945,10945,10945,2
2019-04-16 16:34:05,10945,10945,10945,4
2019-04-16 16:34:10,10945,10945,10945,2
2019-04-16 16:34:10,10945,10945,10945,2
2019-04-16 16:34:22,10946,10946,10946,32
2019-04-16 16:34:24,10946,10946,10946,2
2019-04-16 16:34:36,10945,10945,10945,6
2019-04-16 16:34:38,10946,10946,10946,4
2019-04-16 16:34:44,10946,10946,10946,2
2019-04-16 16:35:07,10946,10946,10946,2
2019-04-16 16:35:21,10946,10946,10946,2
2019-04-16 16:35:21,10946,10946,10946,2
2019-04-16 16:35:21,10946,10946,10946,2
2019-04-16 16:36:09,10947,10947,10947,2
2019-04-16 16:36:39,10947,10947,10947,2
2019-04-16 16:36:41,10947,10947,10947,2
2019-04-16 16:37:28,10946,10946,10946,2
2019-04-16 16:37:28,10947,10947,10947,6
2019-04-16 16:37:54,10947,10947,10947,2
2019-04-16 16:38:04,10947,10947,10947,2
2019-04-16 16:38:10,10947,10947,10947,2
2019-04-16 16:38:18,10947,10947,10947,4
2019-04-16 16:38:20,10947,10947,10947,6
2019-04-16 16:38:30,10947,10947,10947,2
2019-04-16 16:38:53,10946,10946,10946,2
2019-04-16 16:39:12,10946,10946,10946,4
2019-04-16 16:39:12,10946,10946,10946,6
2019-04-16 16:39:12,10946,10946,10946,6
2019-04-16 16:39:12,10946,10946,10946,2
2019-04-16 16:39:12,10946,10946,10946,2
2019-04-16 16:39:12,10946,10946,10946,2
2019-04-16 16:39:12,10946,10946,10946,2
2019-04-16 16:39:12,10946,10946,10946,2
2019-04-16 16:39:12,10946,10946,10946,2
2019-04-16 16:39:12,10946,10946,10946,2
2019-04-16 16:39:25,10946,10946,10946,4
2019-04-16 16:39:28,10947,10947,10947,4
2019-04-16 16:39:45,10946,10946,10946,2
2019-04-16 16:39:45,10946,10946,10946,2
2019-04-16 16:39:45,10946,10946,10946,2
2019-04-16 16:39:55,10946,10946,10946,2
2019-04-16 16:39:55,10946,10946,10946,4
2019-04-16 16:39:58,10946,10946,10946,2
2019-04-16 16:40:12,10946,10946,10946,2
2019-04-16 16:40:13,10946,10946,10946,2
2019-04-16 16:40:37,10946,10946,10946,4
2019-04-16 16:40:41,10946,10946,10946,2
2019-04-16 16:40:48,10946,10946,10946,2
2019-04-16 16:40:49,10946,10946,10946,2
2019-04-16 16:40:59,10947,10947,10947,2
2019-04-16 16:41:02,10947,10947,10947,4
2019-04-16 16:41:02,10947,10947,10947,2
2019-04-16 16:41:09,10947,10947,10947,12
2019-04-16 16:41:10,10947,10947,10947,2
2019-04-16 16:41:10,10946,10946,10946,2
2019-04-16 16:41:51,10947,10947,10947,2
2019-04-16 16:42:16,10948,10948,10948,4
2019-04-16 16:42:16,10948,10948,10948,2
2019-04-16 16:42:23,10947,10947,10947,2
2019-04-16 16:42:55,10947,10947,10947,2
2019-04-16 16:42:55,10947,10947,10947,2
2019-04-16 16:42:55,10947,10947,10947,2
2019-04-16 16:42:55,10947,10947,10947,4
2019-04-16 16:42:55,10947,10947,10947,2
2019-04-16 16:42:55,10947,10947,10947,2
2019-04-16 16:42:55,10947,10947,10947,2
2019-04-16 16:42:55,10947,10947,10947,2
2019-04-16 16:42:55,10947,10947,10947,2
2019-04-16 16:44:12,10948,10948,10948,4
2019-04-16 16:44:14,10948,10948,10948,4
2019-04-16 16:44:27,10947,10947,10947,2
2019-04-16 16:44:27,10948,10948,10948,8
2019-04-16 16:44:29,10948,10948,10948,2
2019-04-16 16:44:31,10948,10948,10948,4
2019-04-16 16:44:33,10948,10948,10948,2
2019-04-16 16:44:40,10948,10948,10948,2
2019-04-16 16:44:42,10948,10948,10948,2
2019-04-16 16:44:43,10948,10948,10948,4
2019-04-16 16:44:56,10948,10948,10948,2
2019-04-16 16:45:00,10948,10948,10948,2
2019-04-16 16:45:13,10948,10948,10948,2
2019-04-16 16:45:13,10948,10948,10948,2
2019-04-16 16:45:13,10948,10948,10948,2
2019-04-16 16:45:32,10948,10948,10948,2
2019-04-16 16:46:05,10949,10949,10949,4
2019-04-16 16:46:06,10949,10949,10949,8
2019-04-16 16:46:17,10949,10949,10949,2
2019-04-16 16:46:22,10949,10949,10949,2
2019-04-16 16:46:22,10949,10949,10949,4
2019-04-16 16:46:22,10949,10949,10949,4
2019-04-16 16:46:29,10949,10949,10949,6
2019-04-16 16:46:53,10949,10949,10949,4
2019-04-16 16:46:53,10949,10949,10949,4
2019-04-16 16:47:15,10949,10949,10949,2
2019-04-16 16:47:27,10949,10949,10949,2
2019-04-16 16:47:27,10949,10949,10949,2
2019-04-16 16:47:27,10949,10949,10949,2
2019-04-16 16:47:27,10949,10949,10949,2
2019-04-16 16:47:27,10949,10949,10949,2
2019-04-16 16:47:27,10949,10949,10949,2
2019-04-16 16:47:27,10949,10949,10949,2
2019-04-16 16:47:27,10949,10949,10949,2
2019-04-16 16:47:27,10949,10949,10949,2
2019-04-16 16:47:28,10949,10949,10949,2
2019-04-16 16:47:39,10949,10949,10949,2
2019-04-16 16:47:41,10949,10949,10949,2
2019-04-16 16:47:46,10949,10949,10949,2
2019-04-16 16:47:49,10949,10949,10949,2
2019-04-16 16:47:59,10949,10949,10949,6
2019-04-16 16:47:59,10950,10950,10950,14
2019-04-16 16:48:23,10949,10949,10949,2
2019-04-16 16:48:24,10950,10950,10950,2
2019-04-16 16:48:33,10950,10950,10950,2
2019-04-16 16:48:56,10949,10949,10949,2
2019-04-16 16:48:56,10949,10949,10949,2
2019-04-16 16:48:56,10949,10949,10949,2
2019-04-16 16:48:56,10949,10949,10949,2
2019-04-16 16:48:57,10949,10949,10949,2
2019-04-16 16:48:57,10949,10949,10949,2
2019-04-16 16:48:57,10949,10949,10949,2
2019-04-16 16:49:06,10949,10949,10949,4
2019-04-16 16:49:25,10949,10949,10949,8
2019-04-16 16:49:38,10949,10949,10949,2
2019-04-16 16:50:10,10950,10950,10950,44
2019-04-16 16:50:10,10950,10950,10950,4
2019-04-16 16:50:10,10950,10950,10950,2
2019-04-16 16:50:28,10950,10950,10950,2
2019-04-16 16:50:31,10950,10950,10950,4
2019-04-16 16:50:38,10950,10950,10950,2
2019-04-16 16:50:42,10950,10950,10950,12
2019-04-16 16:50:56,10951,10951,10951,2
2019-04-16 16:50:57,10951,10951,10951,2
2019-04-16 16:50:57,10951,10951,10951,2
2019-04-16 16:50:59,10951,10951,10951,6
2019-04-16 16:51:06,10950,10950,10950,2
2019-04-16 16:51:16,10951,10951,10951,4
2019-04-16 16:51:21,10951,10951,10951,2
2019-04-16 16:51:21,10951,10951,10951,2
2019-04-16 16:51:22,10951,10951,10951,2
2019-04-16 16:51:55,10951,10951,10951,2
2019-04-16 16:52:00,10951,10951,10951,2
2019-04-16 16:52:07,10950,10950,10950,2
2019-04-16 16:52:20,10950,10950,10950,6
2019-04-16 16:52:24,10950,10950,10950,2
2019-04-16 16:52:24,10950,10950,10950,2
2019-04-16 16:52:24,10950,10950,10950,2
2019-04-16 16:52:24,10950,10950,10950,2
2019-04-16 16:52:42,10950,10950,10950,2
2019-04-16 16:52:45,10950,10950,10950,2
2019-04-16 16:52:50,10950,10950,10950,2
2019-04-16 16:53:07,10950,10950,10950,2
2019-04-16 16:53:08,10950,10950,10950,2
2019-04-16 16:53:27,10950,10950,10950,2
2019-04-16 16:53:30,10950,10950,10950,2
2019-04-16 16:54:10,10950,10950,10950,6
2019-04-16 16:54:21,10950,10950,10950,2
2019-04-16 16:54:27,10950,10950,10950,2
2019-04-16 16:54:55,10950,10950,10950,8
2019-04-16 16:54:57,10950,10950,10950,2
2019-04-16 16:55:52,10950,10950,10950,2
2019-04-16 16:56:19,10951,10951,10951,22
2019-04-16 16:56:19,10951,10951,10951,12
2019-04-16 16:56:19,10951,10951,10951,8
2019-04-16 16:56:41,10951,10951,10951,2
2019-04-16 16:56:56,10951,10951,10951,2
2019-04-16 16:57:23,10952,10952,10952,2
2019-04-16 16:57:24,10952,10952,10952,2
2019-04-16 16:57:24,10952,10952,10952,2
2019-04-16 16:57:24,10952,10952,10952,2
2019-04-16 16:57:27,10952,10952,10952,10
2019-04-16 16:57:32,10951,10951,10951,2
2019-04-16 16:57:32,10952,10952,10952,2
2019-04-16 16:57:43,10951,10951,10951,2
2019-04-16 16:57:52,10952,10952,10952,2
2019-04-16 16:58:06,10951,10951,10951,2
2019-04-16 16:58:54,10951,10951,10951,2
2019-04-16 16:58:55,10951,10951,10951,2
2019-04-16 16:58:57,10952,10952,10952,10
2019-04-16 16:59:00,10952,10952,10952,2
2019-04-16 16:59:05,10952,10952,10952,2
2019-04-16 16:59:11,10952,10952,10952,2
2019-04-16 16:59:18,10952,10952,10952,2
2019-04-16 16:59:23,10952,10952,10952,6
2019-04-16 16:59:25,10952,10952,10952,18
2019-04-16 16:59:25,10952,10952,10952,4
2019-04-16 16:59:25,10952,10952,10952,4
2019-04-16 16:59:30,10951,10951,10951,2
2019-04-16 16:59:35,10951,10951,10951,2
2019-04-16 16:59:35,10951,10951,10951,2
2019-04-16 16:59:36,10951,10951,10951,2
2019-04-16 16:59:38,10951,10951,10951,2
2019-04-16 16:59:39,10952,10952,10952,2
2019-04-16 16:59:40,10952,10952,10952,10
2019-04-16 16:59:46,10951,10951,10951,2
2019-04-16 17:00:12,10952,10952,10952,2
2019-04-16 17:00:12,10952,10952,10952,2
2019-04-16 17:00:12,10952,10952,10952,2
2019-04-16 17:00:12,10952,10952,10952,2
2019-04-16 17:00:13,10952,10952,10952,2
2019-04-16 17:00:15,10952,10952,10952,2
2019-04-16 17:00:19,10951,10951,10951,2
2019-04-16 17:00:34,10951,10951,10951,4
2019-04-16 17:00:34,10951,10951,10951,4
2019-04-16 17:00:34,10951,10951,10951,2
2019-04-16 17:00:43,10951,10951,10951,2
2019-04-16 17:00:43,10951,10951,10951,2
2019-04-16 17:00:47,10951,10951,10951,2
2019-04-16 17:00:47,10951,10951,10951,2
2019-04-16 17:00:49,10951,10951,10951,2
2019-04-16 17:00:51,10951,10951,10951,2
2019-04-16 17:00:51,10951,10951,10951,2
2019-04-16 17:01:22,10951,10951,10951,4
2019-04-16 17:01:25,10951,10951,10951,2
2019-04-16 17:01:29,10951,10951,10951,2
2019-04-16 17:01:56,10950,10950,10950,2
2019-04-16 17:01:56,10950,10950,10950,2
2019-04-16 17:01:56,10950,10950,10950,8
2019-04-16 17:01:56,10950,10950,10950,2
2019-04-16 17:01:56,10950,10950,10950,2
2019-04-16 17:01:56,10950,10950,10950,2
2019-04-16 17:01:56,10950,10950,10950,2
2019-04-16 17:01:56,10950,10950,10950,2
2019-04-16 17:01:56,10950,10950,10950,2
2019-04-16 17:01:56,10950,10950,10950,2
2019-04-16 17:01:56,10950,10950,10950,10
2019-04-16 17:01:56,10950,10950,10950,4
2019-04-16 17:02:00,10950,10950,10950,4
2019-04-16 17:02:26,10949,10949,10949,2
2019-04-16 17:02:29,10949,10949,10949,6
2019-04-16 17:02:31,10949,10949,10949,8
2019-04-16 17:02:31,10949,10949,10949,2
2019-04-16 17:02:31,10949,10949,10949,6
2019-04-16 17:02:31,10949,10949,10949,2
2019-04-16 17:02:31,10949,10949,10949,2
2019-04-16 17:02:31,10949,10949,10949,2
2019-04-16 17:02:32,10949,10949,10949,2
2019-04-16 17:02:32,10948,10948,10948,2
2019-04-16 17:02:39,10948,10948,10948,2
2019-04-16 17:02:40,10949,10949,10949,2
2019-04-16 17:02:46,10948,10948,10948,2
2019-04-16 17:02:46,10948,10948,10948,4
2019-04-16 17:02:46,10949,10949,10949,4
2019-04-16 17:03:10,10949,10949,10949,2
2019-04-16 17:03:26,10949,10949,10949,6
2019-04-16 17:03:44,10949,10949,10949,2
2019-04-16 17:04:17,10949,10949,10949,2
2019-04-16 17:04:45,10949,10949,10949,2
2019-04-16 17:04:46,10949,10949,10949,2
2019-04-16 17:05:10,10949,10949,10949,2
2019-04-16 17:05:42,10949,10949,10949,6
2019-04-16 17:05:46,10949,10949,10949,2
2019-04-16 17:05:54,10949,10949,10949,2
2019-04-16 17:05:58,10949,10949,10949,2
2019-04-16 17:06:20,10949,10949,10949,2
2019-04-16 17:06:25,10949,10949,10949,2
2019-04-16 17:06:26,10949,10949,10949,2
2019-04-16 17:06:30,10949,10949,10949,2
2019-04-16 17:06:55,10950,10950,10950,2
2019-04-16 17:06:58,10949,10949,10949,2
2019-04-16 17:07:08,10950,10950,10950,2
2019-04-16 17:07:28,10949,10949,10949,2
2019-04-16 17:07:34,10949,10949,10949,2
2019-04-16 17:08:23,10949,10949,10949,2
2019-04-16 17:08:27,10949,10949,10949,2
2019-04-16 17:08:27,10949,10949,10949,2
2019-04-16 17:08:35,10949,10949,10949,2
2019-04-16 17:08:35,10949,10949,10949,2
2019-04-16 17:08:35,10949,10949,10949,2
2019-04-16 17:08:35,10949,10949,10949,2
2019-04-16 17:08:35,10949,10949,10949,2
2019-04-16 17:09:02,10948,10948,10948,4
2019-04-16 17:09:02,10948,10948,10948,2
2019-04-16 17:09:02,10948,10948,10948,10
2019-04-16 17:09:02,10948,10948,10948,8
2019-04-16 17:09:02,10948,10948,10948,2
2019-04-16 17:09:02,10948,10948,10948,2
2019-04-16 17:09:02,10948,10948,10948,10
2019-04-16 17:09:02,10948,10948,10948,2
2019-04-16 17:09:02,10948,10948,10948,2
2019-04-16 17:09:02,10948,10948,10948,2
2019-04-16 17:09:02,10948,10948,10948,4
2019-04-16 17:09:03,10948,10948,10948,22
2019-04-16 17:09:24,10948,10948,10948,2
2019-04-16 17:09:57,10948,10948,10948,4
2019-04-16 17:10:29,10947,10947,10947,2
2019-04-16 17:10:51,10947,10947,10947,2
2019-04-16 17:11:28,10948,10948,10948,2
2019-04-16 17:11:34,10948,10948,10948,2
2019-04-16 17:11:38,10948,10948,10948,2
2019-04-16 17:11:39,10948,10948,10948,2
2019-04-16 17:12:01,10948,10948,10948,8
2019-04-16 17:12:42,10948,10948,10948,4
2019-04-16 17:12:42,10948,10948,10948,4
2019-04-16 17:12:42,10948,10948,10948,2
2019-04-16 17:13:21,10949,10949,10949,4
2019-04-16 17:13:24,10950,10950,10950,2
2019-04-16 17:13:57,10949,10949,10949,2
2019-04-16 17:14:10,10949,10949,10949,4
2019-04-16 17:14:26,10949,10949,10949,2
2019-04-16 17:14:26,10949,10949,10949,4
2019-04-16 17:14:43,10948,10948,10948,4
2019-04-16 17:14:43,10948,10948,10948,2
2019-04-16 17:14:43,10948,10948,10948,2
2019-04-16 17:14:43,10948,10948,10948,10
2019-04-16 17:14:43,10948,10948,10948,2
2019-04-16 17:14:43,10948,10948,10948,4
2019-04-16 17:14:43,10948,10948,10948,8
2019-04-16 17:14:43,10948,10948,10948,2
2019-04-16 17:14:43,10948,10948,10948,4
2019-04-16 17:14:57,10947,10947,10947,10
2019-04-16 17:14:57,10947,10947,10947,10
2019-04-16 17:14:57,10947,10947,10947,2
2019-04-16 17:14:57,10947,10947,10947,2
2019-04-16 17:14:57,10947,10947,10947,2
2019-04-16 17:14:57,10947,10947,10947,2
2019-04-16 17:14:57,10947,10947,10947,2
2019-04-16 17:14:57,10947,10947,10947,2
2019-04-16 17:14:57,10947,10947,10947,2
2019-04-16 17:14:57,10947,10947,10947,2
2019-04-16 17:14:57,10947,10947,10947,4
2019-04-16 17:15:04,10946,10946,10946,2
2019-04-16 17:15:04,10946,10946,10946,2
2019-04-16 17:15:04,10946,10946,10946,2
2019-04-16 17:15:04,10946,10946,10946,2
2019-04-16 17:15:04,10946,10946,10946,2
2019-04-16 17:15:04,10946,10946,10946,2
2019-04-16 17:15:04,10946,10946,10946,6
2019-04-16 17:15:04,10946,10946,10946,2
2019-04-16 17:15:04,10946,10946,10946,4
2019-04-16 17:15:04,10946,10946,10946,2
2019-04-16 17:15:04,10946,10946,10946,2
2019-04-16 17:15:04,10946,10946,10946,8
2019-04-16 17:15:04,10946,10946,10946,16
2019-04-16 17:15:04,10946,10946,10946,2
2019-04-16 17:15:04,10946,10946,10946,2
2019-04-16 17:15:04,10946,10946,10946,2
2019-04-16 17:15:04,10946,10946,10946,4
2019-04-16 17:15:04,10946,10946,10946,6
2019-04-16 17:15:04,10945,10945,10945,2
2019-04-16 17:15:04,10945,10945,10945,2
2019-04-16 17:15:04,10945,10945,10945,2
2019-04-16 17:15:04,10945,10945,10945,2
2019-04-16 17:15:05,10945,10945,10945,2
2019-04-16 17:15:05,10945,10945,10945,2
2019-04-16 17:15:05,10945,10945,10945,2
2019-04-16 17:15:05,10945,10945,10945,2
2019-04-16 17:15:05,10945,10945,10945,4
2019-04-16 17:15:05,10946,10946,10946,2
2019-04-16 17:15:06,10945,10945,10945,6
2019-04-16 17:15:08,10945,10945,10945,2
2019-04-16 17:15:12,10945,10945,10945,2
2019-04-16 17:15:12,10945,10945,10945,2
2019-04-16 17:15:12,10945,10945,10945,2
2019-04-16 17:15:12,10945,10945,10945,2
2019-04-16 17:15:12,10945,10945,10945,2
2019-04-16 17:15:12,10945,10945,10945,6
2019-04-16 17:15:12,10945,10945,10945,2
2019-04-16 17:15:12,10945,10945,10945,2
2019-04-16 17:15:12,10945,10945,10945,2
2019-04-16 17:15:12,10945,10945,10945,2
2019-04-16 17:15:12,10945,10945,10945,2
2019-04-16 17:15:12,10945,10945,10945,4
2019-04-16 17:15:13,10945,10945,10945,4
2019-04-16 17:15:17,10945,10945,10945,4
2019-04-16 17:15:25,10945,10945,10945,8
2019-04-16 17:15:30,10945,10945,10945,2
2019-04-16 17:15:32,10944,10944,10944,2
2019-04-16 17:15:32,10944,10944,10944,2
2019-04-16 17:15:32,10944,10944,10944,2
2019-04-16 17:15:33,10944,10944,10944,2
2019-04-16 17:15:37,10945,10945,10945,6
2019-04-16 17:15:40,10945,10945,10945,2
2019-04-16 17:15:40,10945,10945,10945,4
2019-04-16 17:15:40,10945,10945,10945,2
2019-04-16 17:15:52,10945,10945,10945,2
2019-04-16 17:15:53,10945,10945,10945,2
2019-04-16 17:16:05,10945,10945,10945,2
2019-04-16 17:16:05,10945,10945,10945,2
2019-04-16 17:16:05,10945,10945,10945,2
2019-04-16 17:16:05,10945,10945,10945,2
2019-04-16 17:16:05,10945,10945,10945,2
2019-04-16 17:16:05,10945,10945,10945,2
2019-04-16 17:16:06,10945,10945,10945,2
2019-04-16 17:16:06,10945,10945,10945,2
2019-04-16 17:16:06,10945,10945,10945,2
2019-04-16 17:16:07,10945,10945,10945,2
2019-04-16 17:16:07,10945,10945,10945,2
2019-04-16 17:16:09,10945,10945,10945,2
2019-04-16 17:16:09,10945,10945,10945,2
2019-04-16 17:16:09,10945,10945,10945,2
2019-04-16 17:16:13,10945,10945,10945,2
2019-04-16 17:16:13,10945,10945,10945,4
2019-04-16 17:16:22,10945,10945,10945,10
2019-04-16 17:16:25,10945,10945,10945,4
2019-04-16 17:16:25,10945,10945,10945,2
2019-04-16 17:16:30,10945,10945,10945,6
2019-04-16 17:16:34,10945,10945,10945,2
2019-04-16 17:16:42,10945,10945,10945,4
2019-04-16 17:16:45,10945,10945,10945,4
2019-04-16 17:16:54,10945,10945,10945,6
2019-04-16 17:16:54,10945,10945,10945,2
2019-04-16 17:17:06,10945,10945,10945,4
2019-04-16 17:17:09,10945,10945,10945,2
2019-04-16 17:17:16,10945,10945,10945,2
2019-04-16 17:17:16,10945,10945,10945,6
2019-04-16 17:18:07,10945,10945,10945,6
2019-04-16 17:18:07,10945,10945,10945,2
2019-04-16 17:18:09,10945,10945,10945,2
2019-04-16 17:18:09,10945,10945,10945,2
2019-04-16 17:18:09,10945,10945,10945,2
2019-04-16 17:18:12,10945,10945,10945,2
2019-04-16 17:18:12,10945,10945,10945,2
2019-04-16 17:18:12,10945,10945,10945,2
2019-04-16 17:18:14,10945,10945,10945,4
2019-04-16 17:18:25,10945,10945,10945,4
2019-04-16 17:18:37,10945,10945,10945,4
2019-04-16 17:19:00,10944,10944,10944,2
2019-04-16 17:19:01,10944,10944,10944,2
2019-04-16 17:19:01,10945,10945,10945,2
2019-04-16 17:19:01,10944,10944,10944,2
2019-04-16 17:19:02,10944,10944,10944,2
2019-04-16 17:19:03,10944,10944,10944,2
2019-04-16 17:19:03,10944,10944,10944,2
2019-04-16 17:19:13,10945,10945,10945,2
2019-04-16 17:19:22,10944,10944,10944,2
2019-04-16 17:19:31,10944,10944,10944,2
2019-04-16 17:19:55,10945,10945,10945,8
2019-04-16 17:19:55,10945,10945,10945,20
2019-04-16 17:19:56,10945,10945,10945,4
2019-04-16 17:20:17,10946,10946,10946,2
2019-04-16 17:20:27,10946,10946,10946,2
2019-04-16 17:20:27,10946,10946,10946,2
2019-04-16 17:20:28,10946,10946,10946,2
2019-04-16 17:20:33,10946,10946,10946,6
2019-04-16 17:20:33,10946,10946,10946,2
2019-04-16 17:20:41,10946,10946,10946,4
2019-04-16 17:20:53,10946,10946,10946,2
2019-04-16 17:21:02,10946,10946,10946,2
2019-04-16 17:21:06,10946,10946,10946,2
2019-04-16 17:21:10,10946,10946,10946,4
2019-04-16 17:21:50,10947,10947,10947,8
2019-04-16 17:22:06,10947,10947,10947,2
2019-04-16 17:22:23,10947,10947,10947,2
2019-04-16 17:22:33,10947,10947,10947,4
2019-04-16 17:22:48,10947,10947,10947,6
2019-04-16 17:23:06,10947,10947,10947,2
2019-04-16 17:23:06,10947,10947,10947,2
2019-04-16 17:23:06,10947,10947,10947,2
2019-04-16 17:23:06,10947,10947,10947,2
2019-04-16 17:23:06,10947,10947,10947,2
2019-04-16 17:23:06,10947,10947,10947,2
2019-04-16 17:23:06,10947,10947,10947,2
2019-04-16 17:23:06,10947,10947,10947,2
2019-04-16 17:24:17,10948,10948,10948,4
2019-04-16 17:25:44,10946,10946,10946,2
2019-04-16 17:26:36,10947,10947,10947,2
2019-04-16 17:26:51,10947,10947,10947,2
2019-04-16 17:27:01,10947,10947,10947,2
2019-04-16 17:27:28,10948,10948,10948,4
2019-04-16 17:27:40,10947,10947,10947,2
2019-04-16 17:27:43,10947,10947,10947,2
2019-04-16 17:29:25,10947,10947,10947,2
2019-04-16 17:30:44,10948,10948,10948,20
2019-04-16 17:31:12,10947,10947,10947,8
2019-04-16 17:31:12,10947,10947,10947,12
2019-04-16 17:31:12,10947,10947,10947,2
2019-04-16 17:31:12,10947,10947,10947,2
2019-04-16 17:31:12,10947,10947,10947,2
2019-04-16 17:31:21,10947,10947,10947,2
2019-04-16 17:31:26,10947,10947,10947,2
2019-04-16 17:31:51,10946,10946,10946,2
2019-04-16 17:31:54,10947,10947,10947,2
2019-04-16 17:32:36,10947,10947,10947,2
2019-04-16 17:33:05,10947,10947,10947,2
2019-04-16 17:33:08,10947,10947,10947,2
2019-04-16 17:33:12,10947,10947,10947,4
2019-04-16 17:33:14,10947,10947,10947,2
2019-04-16 17:34:45,10948,10948,10948,4
2019-04-16 17:35:09,10947,10947,10947,4
2019-04-16 17:35:09,10947,10947,10947,4
2019-04-16 17:35:09,10947,10947,10947,2
2019-04-16 17:36:01,10947,10947,10947,4
2019-04-16 17:36:22,10947,10947,10947,20
2019-04-16 17:36:22,10947,10947,10947,2
2019-04-16 17:36:32,10947,10947,10947,4
2019-04-16 17:36:39,10947,10947,10947,2
