2024-05-09 15:00:00.039,20607,20609,20606,73,-73
2024-05-09 15:00:00.040,20605,20606,20605,1,-1
2024-05-09 15:00:00.040,20605,20606,20605,1,-1
2024-05-09 15:00:00.042,20605,20606,20606,1,1
2024-05-09 15:00:00.050,20605,20606,20606,1,1
2024-05-09 15:00:00.050,20605,20606,20605,3,-3
2024-05-09 15:00:00.064,20605,20606,20605,1,-1
2024-05-09 15:00:00.092,20604,20606,20604,2,-2
2024-05-09 15:00:00.109,20603,20605,20606,1,1
2024-05-09 15:00:00.109,20603,20605,20605,2,2
2024-05-09 15:00:00.109,20603,20605,20606,2,2
2024-05-09 15:00:00.112,20603,20605,20605,1,1
2024-05-09 15:00:00.119,20603,20605,20606,2,2
2024-05-09 15:00:00.119,20603,20605,20606,3,3
2024-05-09 15:00:00.143,20603,20605,20603,3,-3
2024-05-09 15:00:00.143,20603,20605,20604,1,1
2024-05-09 15:00:00.150,20603,20606,20602,1,-1
2024-05-09 15:00:00.150,20603,20606,20603,2,-2
2024-05-09 15:00:00.157,20603,20606,20602,3,-3
2024-05-09 15:00:00.158,20603,20606,20602,1,-1
2024-05-09 15:00:00.208,20603,20606,20601,1,-1
2024-05-09 15:00:00.216,20603,20606,20601,1,-1
2024-05-09 15:00:00.222,20603,20606,20601,1,-1
2024-05-09 15:00:00.227,20603,20606,20601,1,-1
2024-05-09 15:00:00.227,20603,20606,20600,1,-1
2024-05-09 15:00:00.247,20603,20606,20603,1,-1
2024-05-09 15:00:00.270,20601,20603,20601,1,-1
2024-05-09 15:00:00.270,20601,20603,20600,1,-1
2024-05-09 15:00:00.291,20601,20603,20603,1,1
2024-05-09 15:00:00.291,20601,20603,20600,1,-1
2024-05-09 15:00:00.296,20601,20603,20601,1,-1
2024-05-09 15:00:00.311,20601,20603,20600,1,-1
2024-05-09 15:00:00.338,20601,20603,20603,1,1
2024-05-09 15:00:00.338,20601,20603,20602,1,-1
2024-05-09 15:00:00.343,20601,20603,20601,2,-2
2024-05-09 15:00:00.348,20601,20603,20601,2,-2
2024-05-09 15:00:00.374,20601,20603,20601,1,-1
2024-05-09 15:00:00.375,20601,20603,20601,1,-1
2024-05-09 15:00:00.375,20601,20603,20600,1,-1
2024-05-09 15:00:00.386,20601,20603,20600,1,-1
2024-05-09 15:00:00.388,20601,20603,20600,2,-2
2024-05-09 15:00:00.400,20600,20601,20600,1,-1
2024-05-09 15:00:00.408,20600,20601,20600,1,-1
2024-05-09 15:00:00.414,20600,20601,20600,1,-1
2024-05-09 15:00:00.421,20600,20601,20600,1,-1
2024-05-09 15:00:00.422,20600,20601,20600,1,-1
2024-05-09 15:00:00.431,20600,20601,20600,1,-1
2024-05-09 15:00:00.437,20600,20601,20600,4,-4
2024-05-09 15:00:00.437,20600,20601,20598,4,-4
2024-05-09 15:00:00.440,20600,20601,20597,3,-3
2024-05-09 15:00:00.440,20600,20601,20598,5,-5
2024-05-09 15:00:00.461,20600,20601,20596,1,-1
2024-05-09 15:00:00.471,20600,20601,20596,1,-1
2024-05-09 15:00:00.483,20600,20601,20599,1,-1
2024-05-09 15:00:00.485,20600,20601,20596,2,-2
2024-05-09 15:00:00.485,20600,20601,20596,1,-1
2024-05-09 15:00:00.485,20600,20601,20595,3,-3
2024-05-09 15:00:00.494,20600,20601,20596,1,-1
2024-05-09 15:00:00.497,20600,20601,20595,1,-1
2024-05-09 15:00:00.521,20595,20598,20595,1,-1
2024-05-09 15:00:00.525,20595,20598,20595,1,-1
2024-05-09 15:00:00.533,20595,20598,20598,2,2
2024-05-09 15:00:00.534,20595,20598,20594,1,-1
2024-05-09 15:00:00.543,20595,20598,20594,1,-1
2024-05-09 15:00:00.546,20595,20598,20594,1,-1
2024-05-09 15:00:00.596,20595,20598,20594,1,-1
2024-05-09 15:00:00.619,20595,20598,20593,2,-2
2024-05-09 15:00:00.648,20593,20596,20593,1,-1
2024-05-09 15:00:00.674,20593,20596,20593,1,-1
2024-05-09 15:00:00.675,20593,20596,20593,2,-2
2024-05-09 15:00:00.754,20593,20596,20592,1,-1
2024-05-09 15:00:00.764,20593,20596,20592,1,-1
2024-05-09 15:00:00.813,20592,20595,20592,2,-2
2024-05-09 15:00:00.818,20592,20595,20592,2,-2
2024-05-09 15:00:00.845,20592,20595,20592,1,-1
2024-05-09 15:00:00.858,20592,20595,20592,3,-3
2024-05-09 15:00:00.858,20592,20595,20591,3,-3
2024-05-09 15:00:00.858,20592,20595,20590,2,-2
2024-05-09 15:00:00.860,20592,20595,20593,1,-1
2024-05-09 15:00:00.860,20592,20595,20594,1,1
2024-05-09 15:00:00.869,20592,20595,20591,1,-1
2024-05-09 15:00:00.869,20592,20595,20590,1,-1
2024-05-09 15:00:00.871,20592,20595,20594,1,1
2024-05-09 15:00:00.871,20592,20595,20590,1,-1
2024-05-09 15:00:00.877,20592,20595,20590,5,-5
2024-05-09 15:00:00.877,20592,20595,20589,2,-2
2024-05-09 15:00:00.877,20592,20595,20588,1,-1
2024-05-09 15:00:00.882,20592,20595,20593,1,-1
2024-05-09 15:00:00.900,20589,20594,20589,1,-1
2024-05-09 15:00:00.900,20589,20594,20588,1,-1
2024-05-09 15:00:00.900,20589,20594,20588,2,-2
2024-05-09 15:00:00.901,20589,20594,20588,1,-1
2024-05-09 15:00:00.930,20589,20594,20588,1,-1
2024-05-09 15:00:00.938,20589,20594,20589,1,-1
2024-05-09 15:00:00.938,20589,20594,20588,1,-1
2024-05-09 15:00:00.956,20589,20594,20588,3,-3
2024-05-09 15:00:00.956,20589,20594,20587,2,-2
2024-05-09 15:00:00.963,20589,20594,20587,2,-2
2024-05-09 15:00:00.980,20589,20594,20586,2,-2
2024-05-09 15:00:01.002,20589,20594,20586,2,-2
2024-05-09 15:00:01.011,20589,20594,20587,1,-1
2024-05-09 15:00:01.011,20589,20594,20586,1,-1
2024-05-09 15:00:01.018,20589,20594,20591,3,-3
2024-05-09 15:00:01.019,20589,20594,20592,3,3
2024-05-09 15:00:01.019,20589,20594,20593,2,2
2024-05-09 15:00:01.019,20592,20593,20593,1,1
2024-05-09 15:00:01.043,20592,20593,20593,1,1
2024-05-09 15:00:01.055,20592,20593,20593,1,1
2024-05-09 15:00:01.060,20592,20593,20592,1,-1
2024-05-09 15:00:01.077,20592,20593,20595,1,1
2024-05-09 15:00:01.094,20592,20593,20592,1,-1
2024-05-09 15:00:01.114,20592,20593,20593,2,2
2024-05-09 15:00:01.114,20592,20593,20592,6,-6
2024-05-09 15:00:01.130,20592,20593,20591,1,-1
2024-05-09 15:00:01.136,20592,20593,20591,1,-1
2024-05-09 15:00:01.142,20592,20593,20591,1,-1
2024-05-09 15:00:01.145,20591,20596,20591,1,-1
2024-05-09 15:00:01.171,20591,20596,20591,1,-1
2024-05-09 15:00:01.175,20591,20596,20591,1,-1
2024-05-09 15:00:01.183,20591,20596,20591,1,-1
2024-05-09 15:00:01.218,20591,20596,20593,1,-1
2024-05-09 15:00:01.242,20591,20596,20591,1,-1
2024-05-09 15:00:01.255,20591,20596,20591,2,-2
2024-05-09 15:00:01.281,20591,20593,20591,1,-1
2024-05-09 15:00:01.281,20591,20593,20590,2,-2
2024-05-09 15:00:01.281,20591,20593,20589,1,-1
2024-05-09 15:00:01.281,20591,20593,20588,1,-1
2024-05-09 15:00:01.282,20591,20593,20592,1,-1
2024-05-09 15:00:01.286,20591,20593,20588,1,-1
2024-05-09 15:00:01.296,20591,20593,20592,1,-1
2024-05-09 15:00:01.297,20591,20593,20592,1,-1
2024-05-09 15:00:01.332,20591,20593,20587,2,-2
2024-05-09 15:00:01.366,20591,20593,20592,2,-2
2024-05-09 15:00:01.366,20591,20593,20592,2,-2
2024-05-09 15:00:01.368,20591,20593,20590,1,-1
2024-05-09 15:00:01.557,20592,20595,20592,2,-2
2024-05-09 15:00:01.558,20592,20595,20592,1,-1
2024-05-09 15:00:01.562,20592,20595,20592,1,-1
2024-05-09 15:00:01.567,20592,20595,20591,1,-1
2024-05-09 15:00:01.649,20592,20594,20592,1,-1
2024-05-09 15:00:01.649,20592,20594,20591,1,-1
2024-05-09 15:00:01.650,20592,20594,20593,1,-1
2024-05-09 15:00:01.650,20592,20594,20591,1,-1
2024-05-09 15:00:01.650,20592,20594,20591,1,-1
2024-05-09 15:00:01.650,20592,20594,20594,1,1
2024-05-09 15:00:01.652,20592,20594,20591,1,-1
2024-05-09 15:00:01.773,20591,20594,20591,2,-2
2024-05-09 15:00:01.804,20591,20594,20593,1,1
2024-05-09 15:00:01.815,20591,20594,20591,1,-1
2024-05-09 15:00:01.948,20590,20593,20590,1,-1
2024-05-09 15:00:02.012,20590,20593,20591,1,-1
2024-05-09 15:00:02.012,20590,20593,20590,1,-1
2024-05-09 15:00:02.014,20590,20593,20590,1,-1
2024-05-09 15:00:02.014,20590,20593,20589,1,-1
2024-05-09 15:00:02.014,20590,20593,20589,1,-1
2024-05-09 15:00:02.014,20590,20593,20588,2,-2
2024-05-09 15:00:02.015,20590,20593,20588,1,-1
2024-05-09 15:00:02.015,20590,20593,20588,1,-1
2024-05-09 15:00:02.016,20590,20593,20590,1,-1
2024-05-09 15:00:02.017,20590,20593,20587,1,-1
2024-05-09 15:00:02.019,20587,20591,20587,1,-1
2024-05-09 15:00:02.025,20587,20591,20587,2,-2
2024-05-09 15:00:02.025,20587,20591,20591,1,1
2024-05-09 15:00:02.030,20587,20591,20590,1,1
2024-05-09 15:00:02.030,20587,20591,20589,1,1
2024-05-09 15:00:02.101,20587,20591,20592,3,3
2024-05-09 15:00:02.557,20591,20593,20593,1,1
2024-05-09 15:00:02.830,20591,20593,20593,1,1
2024-05-09 15:00:03.567,20591,20594,20591,1,-1
2024-05-09 15:00:03.626,20591,20594,20591,1,-1
2024-05-09 15:00:03.641,20591,20594,20591,1,-1
2024-05-09 15:00:03.665,20591,20594,20591,2,-2
2024-05-09 15:00:04.154,20591,20594,20591,1,-1
2024-05-09 15:00:04.157,20591,20594,20591,1,-1
2024-05-09 15:00:04.424,20591,20593,20591,2,-2
2024-05-09 15:00:04.435,20591,20593,20590,1,-1
2024-05-09 15:00:04.567,20590,20593,20593,1,1
2024-05-09 15:00:05.256,20590,20593,20591,1,-1
2024-05-09 15:00:05.294,20591,20594,20594,1,1
2024-05-09 15:00:06.480,20591,20594,20591,1,-1
2024-05-09 15:00:06.644,20591,20594,20591,1,-1
2024-05-09 15:00:06.778,20591,20594,20591,1,-1
2024-05-09 15:00:06.897,20591,20594,20592,5,-5
2024-05-09 15:00:07.385,20591,20594,20591,1,-1
2024-05-09 15:00:07.736,20592,20594,20594,1,1
2024-05-09 15:00:08.184,20592,20594,20592,1,-1
2024-05-09 15:00:09.839,20592,20594,20594,1,1
2024-05-09 15:00:09.863,20592,20594,20593,2,2
2024-05-09 15:00:10.188,20592,20594,20592,1,-1
2024-05-09 15:00:10.414,20592,20594,20592,1,-1
2024-05-09 15:00:10.440,20592,20594,20592,1,-1
2024-05-09 15:00:10.445,20592,20594,20592,1,-1
2024-05-09 15:00:10.496,20592,20594,20594,1,1
2024-05-09 15:00:10.863,20592,20594,20592,3,-3
2024-05-09 15:00:10.911,20592,20594,20592,1,-1
2024-05-09 15:00:10.974,20592,20594,20593,1,-1
2024-05-09 15:00:10.974,20592,20594,20591,1,-1
2024-05-09 15:00:11.164,20592,20594,20592,1,-1
2024-05-09 15:00:12.864,20592,20594,20592,1,-1
2024-05-09 15:00:13.527,20592,20594,20592,1,-1
2024-05-09 15:00:13.609,20592,20594,20594,2,2
2024-05-09 15:00:13.611,20592,20594,20592,1,-1
2024-05-09 15:00:14.103,20592,20594,20594,1,1
2024-05-09 15:00:14.211,20592,20594,20592,1,-1
2024-05-09 15:00:14.864,20591,20594,20591,8,-8
2024-05-09 15:00:14.889,20591,20594,20591,2,-2
2024-05-09 15:00:14.889,20591,20594,20590,6,-6
2024-05-09 15:00:14.956,20590,20592,20590,1,-1
2024-05-09 15:00:15.420,20590,20591,20591,1,1
2024-05-09 15:00:15.889,20590,20592,20590,3,-3
2024-05-09 15:00:16.025,20590,20592,20592,4,4
2024-05-09 15:00:16.673,20590,20591,20591,1,1
2024-05-09 15:00:16.889,20590,20592,20590,2,-2
2024-05-09 15:00:17.225,20590,20591,20591,1,1
2024-05-09 15:00:17.889,20590,20591,20590,1,-1
2024-05-09 15:00:18.044,20590,20591,20590,2,-2
2024-05-09 15:00:18.524,20589,20591,20591,1,1
2024-05-09 15:00:18.890,20589,20591,20589,1,-1
2024-05-09 15:00:18.910,20589,20591,20591,1,1
2024-05-09 15:00:19.387,20589,20591,20589,1,-1
2024-05-09 15:00:19.387,20589,20591,20588,2,-2
2024-05-09 15:00:19.890,20588,20590,20588,2,-2
2024-05-09 15:00:19.917,20588,20590,20588,1,-1
2024-05-09 15:00:19.917,20588,20590,20587,1,-1
2024-05-09 15:00:20.207,20587,20589,20587,2,-2
2024-05-09 15:00:20.914,20585,20588,20585,4,-4
2024-05-09 15:00:21.145,20585,20587,20585,1,-1
2024-05-09 15:00:21.804,20585,20587,20587,1,1
2024-05-09 15:00:23.177,20585,20586,20586,1,1
2024-05-09 15:00:23.189,20585,20586,20587,2,2
2024-05-09 15:00:23.496,20586,20588,20586,1,-1
2024-05-09 15:00:24.136,20586,20587,20587,2,2
2024-05-09 15:00:24.301,20587,20588,20588,3,3
2024-05-09 15:00:24.917,20588,20590,20588,1,-1
2024-05-09 15:00:24.944,20588,20590,20588,1,-1
2024-05-09 15:00:25.942,20587,20590,20587,4,-4
2024-05-09 15:00:26.586,20587,20590,20588,1,-1
2024-05-09 15:00:26.942,20587,20590,20587,3,-3
2024-05-09 15:00:27.050,20587,20590,20590,2,2
2024-05-09 15:00:27.092,20587,20590,20587,4,-4
2024-05-09 15:00:27.092,20587,20590,20586,1,-1
2024-05-09 15:00:27.226,20586,20589,20586,1,-1
2024-05-09 15:00:28.338,20588,20590,20588,2,-2
2024-05-09 15:00:28.488,20588,20590,20588,1,-1
2024-05-09 15:00:28.686,20588,20590,20588,1,-1
2024-05-09 15:00:28.719,20588,20590,20590,1,1
2024-05-09 15:00:28.857,20588,20590,20590,1,1
2024-05-09 15:00:28.942,20588,20591,20588,1,-1
2024-05-09 15:00:29.416,20588,20591,20588,1,-1
2024-05-09 15:00:29.720,20588,20590,20588,1,-1
2024-05-09 15:00:29.822,20587,20590,20587,1,-1
2024-05-09 15:00:29.942,20587,20590,20589,1,1
2024-05-09 15:00:29.942,20587,20590,20587,2,-2
2024-05-09 15:00:29.967,20587,20590,20586,3,-3
2024-05-09 15:00:30.967,20587,20590,20587,3,-3
2024-05-09 15:00:31.085,20587,20589,20589,1,1
2024-05-09 15:00:31.141,20587,20589,20587,1,-1
2024-05-09 15:00:31.967,20587,20589,20587,1,-1
2024-05-09 15:00:32.441,20588,20590,20588,2,-2
2024-05-09 15:00:32.597,20588,20590,20588,1,-1
2024-05-09 15:00:32.967,20588,20590,20588,1,-1
2024-05-09 15:00:33.967,20588,20590,20588,1,-1
2024-05-09 15:00:33.999,20588,20590,20590,1,1
2024-05-09 15:00:34.669,20588,20590,20590,2,2
2024-05-09 15:00:34.669,20588,20590,20591,3,3
2024-05-09 15:00:34.800,20589,20592,20592,6,6
2024-05-09 15:00:35.245,20591,20594,20594,1,1
2024-05-09 15:00:35.378,20591,20594,20591,1,-1
2024-05-09 15:00:35.587,20591,20594,20594,1,1
2024-05-09 15:00:37.806,20593,20595,20593,1,-1
2024-05-09 15:00:38.295,20593,20595,20593,1,-1
2024-05-09 15:00:38.903,20593,20595,20595,1,1
2024-05-09 15:00:39.005,20593,20595,20594,1,1
2024-05-09 15:00:39.635,20594,20596,20596,2,2
2024-05-09 15:00:39.635,20594,20596,20597,1,1
2024-05-09 15:00:40.194,20595,20597,20596,4,4
2024-05-09 15:00:40.579,20596,20598,20596,1,-1
2024-05-09 15:00:41.139,20596,20598,20598,1,1
2024-05-09 15:00:42.249,20597,20599,20599,1,1
2024-05-09 15:00:42.955,20599,20600,20599,2,-2
2024-05-09 15:00:43.045,20597,20599,20599,1,1
2024-05-09 15:00:43.172,20599,20600,20600,1,1
2024-05-09 15:00:43.172,20599,20600,20600,2,2
2024-05-09 15:00:43.342,20599,20601,20601,1,1
2024-05-09 15:00:43.498,20599,20602,20602,1,1
2024-05-09 15:00:43.508,20599,20602,20602,1,1
2024-05-09 15:00:44.256,20600,20602,20600,1,-1
2024-05-09 15:00:44.357,20600,20602,20600,1,-1
2024-05-09 15:00:47.165,20600,20602,20600,1,-1
2024-05-09 15:00:47.799,20600,20602,20600,2,-2
2024-05-09 15:00:47.800,20600,20602,20599,1,-1
2024-05-09 15:00:48.836,20598,20600,20600,1,1
2024-05-09 15:00:48.945,20598,20600,20600,1,1
2024-05-09 15:00:49.460,20599,20600,20599,1,-1
2024-05-09 15:00:49.753,20598,20600,20598,7,-7
2024-05-09 15:00:49.753,20598,20600,20598,2,-2
2024-05-09 15:00:49.754,20598,20600,20597,1,-1
2024-05-09 15:00:49.779,20597,20598,20598,1,1
2024-05-09 15:00:50.220,20597,20599,20599,1,1
2024-05-09 15:00:50.988,20597,20599,20597,2,-2
2024-05-09 15:00:52.571,20596,20598,20596,1,-1
2024-05-09 15:00:52.850,20596,20598,20598,2,2
2024-05-09 15:00:53.219,20596,20598,20596,1,-1
2024-05-09 15:00:54.147,20596,20598,20596,1,-1
2024-05-09 15:00:54.691,20595,20598,20595,1,-1
2024-05-09 15:00:54.695,20595,20598,20595,1,-1
2024-05-09 15:00:56.658,20595,20598,20598,4,4
2024-05-09 15:00:57.675,20596,20597,20597,1,1
2024-05-09 15:00:57.675,20596,20597,20598,1,1
2024-05-09 15:00:58.295,20597,20599,20597,1,-1
2024-05-09 15:00:59.852,20596,20598,20596,1,-1
2024-05-09 15:01:00.035,20596,20598,20596,1,-1
2024-05-09 15:01:00.039,20596,20598,20596,1,-1
2024-05-09 15:01:00.060,20596,20598,20592,7,-7
2024-05-09 15:01:00.060,20596,20598,20593,7,-7
2024-05-09 15:01:00.060,20596,20598,20595,4,-4
2024-05-09 15:01:00.060,20596,20598,20594,6,-6
2024-05-09 15:01:00.061,20596,20598,20592,1,-1
2024-05-09 15:01:00.061,20596,20598,20591,1,-1
2024-05-09 15:01:00.061,20596,20598,20591,1,-1
2024-05-09 15:01:00.062,20596,20598,20592,2,-2
2024-05-09 15:01:00.062,20596,20598,20592,1,-1
2024-05-09 15:01:00.074,20596,20598,20591,1,-1
2024-05-09 15:01:00.075,20596,20598,20591,1,-1
2024-05-09 15:01:00.076,20596,20598,20590,1,-1
2024-05-09 15:01:00.076,20596,20598,20590,3,-3
2024-05-09 15:01:00.076,20596,20598,20590,5,-5
2024-05-09 15:01:00.077,20596,20598,20590,6,-6
2024-05-09 15:01:00.078,20596,20598,20589,1,-1
2024-05-09 15:01:00.079,20596,20598,20588,7,-7
2024-05-09 15:01:00.086,20596,20598,20587,3,-3
2024-05-09 15:01:00.087,20596,20598,20586,2,-2
2024-05-09 15:01:00.087,20596,20598,20587,2,-2
2024-05-09 15:01:00.088,20596,20598,20586,2,-2
2024-05-09 15:01:00.089,20596,20598,20586,6,-6
2024-05-09 15:01:00.089,20596,20598,20586,2,-2
2024-05-09 15:01:00.089,20596,20598,20587,4,-4
2024-05-09 15:01:00.090,20596,20598,20587,1,-1
2024-05-09 15:01:00.091,20596,20598,20586,1,-1
2024-05-09 15:01:00.091,20596,20598,20585,1,-1
2024-05-09 15:01:00.091,20596,20598,20588,2,-2
2024-05-09 15:01:00.092,20596,20598,20589,2,-2
2024-05-09 15:01:00.092,20596,20598,20589,1,-1
2024-05-09 15:01:00.093,20596,20598,20586,3,-3
2024-05-09 15:01:00.101,20596,20598,20588,1,-1
2024-05-09 15:01:00.133,20596,20598,20588,1,-1
2024-05-09 15:01:00.134,20596,20598,20588,1,-1
2024-05-09 15:01:00.135,20596,20598,20588,1,-1
2024-05-09 15:01:00.136,20596,20598,20588,1,-1
2024-05-09 15:01:00.136,20596,20598,20589,3,-3
2024-05-09 15:01:00.137,20596,20598,20590,2,-2
2024-05-09 15:01:00.138,20596,20598,20590,1,-1
2024-05-09 15:01:00.138,20596,20598,20590,1,-1
2024-05-09 15:01:00.153,20588,20590,20588,1,-1
2024-05-09 15:01:00.153,20588,20590,20588,1,-1
2024-05-09 15:01:00.169,20588,20590,20587,6,-6
2024-05-09 15:01:00.178,20588,20590,20589,3,-3
2024-05-09 15:01:00.185,20588,20590,20587,5,-5
2024-05-09 15:01:00.185,20588,20590,20586,5,-5
2024-05-09 15:01:00.185,20588,20590,20588,1,-1
2024-05-09 15:01:00.186,20588,20590,20588,1,-1
2024-05-09 15:01:00.189,20588,20590,20586,1,-1
2024-05-09 15:01:00.189,20588,20590,20586,1,-1
2024-05-09 15:01:00.189,20588,20590,20588,1,-1
2024-05-09 15:01:00.189,20588,20590,20587,1,-1
2024-05-09 15:01:00.189,20588,20590,20587,1,-1
2024-05-09 15:01:00.191,20588,20590,20586,2,-2
2024-05-09 15:01:00.191,20588,20590,20586,1,-1
2024-05-09 15:01:00.223,20588,20590,20585,1,-1
2024-05-09 15:01:00.223,20588,20590,20585,1,-1
2024-05-09 15:01:00.223,20588,20590,20585,1,-1
2024-05-09 15:01:00.240,20588,20590,20585,1,-1
2024-05-09 15:01:00.243,20588,20590,20585,1,-1
2024-05-09 15:01:00.244,20588,20590,20588,1,-1
2024-05-09 15:01:00.280,20585,20588,20588,4,4
2024-05-09 15:01:00.670,20585,20589,20585,4,-4
2024-05-09 15:01:00.683,20585,20589,20585,2,-2
2024-05-09 15:01:00.734,20585,20589,20588,1,1
2024-05-09 15:01:00.734,20585,20589,20588,1,1
2024-05-09 15:01:00.971,20585,20589,20584,3,-3
2024-05-09 15:01:00.971,20585,20589,20585,3,-3
2024-05-09 15:01:01.008,20585,20589,20588,1,1
2024-05-09 15:01:01.009,20585,20589,20588,1,1
2024-05-09 15:01:01.020,20585,20589,20585,2,-2
2024-05-09 15:01:01.023,20585,20589,20585,1,-1
2024-05-09 15:01:01.024,20585,20589,20585,1,-1
2024-05-09 15:01:01.132,20585,20589,20585,1,-1
2024-05-09 15:01:01.216,20585,20589,20588,1,1
2024-05-09 15:01:01.968,20588,20590,20590,1,1
2024-05-09 15:01:02.272,20591,20593,20591,1,-1
2024-05-09 15:01:02.875,20591,20593,20593,1,1
2024-05-09 15:01:04.431,20591,20594,20594,1,1
2024-05-09 15:01:05.261,20591,20594,20591,1,-1
2024-05-09 15:01:06.459,20592,20594,20592,6,-6
2024-05-09 15:01:06.570,20592,20594,20592,1,-1
2024-05-09 15:01:06.570,20592,20594,20591,2,-2
2024-05-09 15:01:06.591,20592,20594,20591,1,-1
2024-05-09 15:01:06.591,20592,20594,20590,2,-2
2024-05-09 15:01:06.617,20592,20594,20589,1,-1
2024-05-09 15:01:06.644,20592,20594,20588,1,-1
2024-05-09 15:01:06.644,20592,20594,20587,2,-2
2024-05-09 15:01:06.647,20587,20589,20586,1,-1
2024-05-09 15:01:06.673,20587,20589,20588,1,-1
2024-05-09 15:01:06.673,20587,20589,20589,1,1
2024-05-09 15:01:06.675,20587,20589,20589,1,1
2024-05-09 15:01:06.677,20587,20589,20589,2,2
2024-05-09 15:01:07.968,20588,20590,20590,1,1
2024-05-09 15:01:07.968,20588,20590,20590,6,6
2024-05-09 15:01:08.022,20588,20591,20588,1,-1
2024-05-09 15:01:08.023,20588,20591,20588,1,-1
2024-05-09 15:01:08.023,20588,20591,20588,1,-1
2024-05-09 15:01:08.023,20588,20591,20587,1,-1
2024-05-09 15:01:08.681,20586,20588,20586,1,-1
2024-05-09 15:01:08.900,20586,20588,20588,4,4
2024-05-09 15:01:09.550,20587,20589,20589,2,2
2024-05-09 15:01:09.551,20587,20589,20590,4,4
2024-05-09 15:01:10.693,20589,20592,20592,2,2
2024-05-09 15:01:11.091,20591,20593,20591,2,-2
2024-05-09 15:01:11.155,20591,20593,20591,1,-1
2024-05-09 15:01:11.847,20590,20593,20590,1,-1
2024-05-09 15:01:12.173,20589,20591,20591,2,2
2024-05-09 15:01:12.219,20589,20591,20589,1,-1
2024-05-09 15:01:14.090,20589,20592,20590,1,-1
2024-05-09 15:01:14.546,20590,20592,20592,2,2
2024-05-09 15:01:14.559,20590,20592,20593,4,4
2024-05-09 15:01:15.277,20591,20594,20591,3,-3
2024-05-09 15:01:15.534,20591,20592,20592,1,1
2024-05-09 15:01:15.803,20591,20594,20591,1,-1
2024-05-09 15:01:16.125,20591,20593,20591,1,-1
2024-05-09 15:01:16.135,20591,20593,20594,12,12
2024-05-09 15:01:16.135,20591,20593,20595,12,12
2024-05-09 15:01:16.135,20591,20593,20593,6,6
2024-05-09 15:01:16.422,20593,20595,20595,1,1
2024-05-09 15:01:16.682,20595,20596,20595,1,-1
2024-05-09 15:01:16.682,20595,20596,20594,1,-1
2024-05-09 15:01:17.729,20594,20597,20594,1,-1
2024-05-09 15:01:20.225,20594,20596,20595,1,-1
2024-05-09 15:01:20.225,20594,20596,20596,3,3
2024-05-09 15:01:20.227,20594,20596,20597,5,5
2024-05-09 15:01:20.272,20596,20598,20596,1,-1
2024-05-09 15:01:20.273,20596,20598,20596,1,-1
2024-05-09 15:01:20.273,20596,20598,20596,1,-1
2024-05-09 15:01:20.273,20596,20598,20595,1,-1
2024-05-09 15:01:20.273,20596,20598,20595,1,-1
2024-05-09 15:01:20.273,20596,20598,20595,1,-1
2024-05-09 15:01:20.273,20596,20598,20595,1,-1
2024-05-09 15:01:20.278,20596,20598,20594,1,-1
2024-05-09 15:01:20.358,20596,20598,20597,1,-1
2024-05-09 15:01:20.763,20594,20597,20594,1,-1
2024-05-09 15:01:22.753,20594,20596,20596,1,1
2024-05-09 15:01:24.177,20594,20596,20596,2,2
2024-05-09 15:01:26.409,20594,20596,20596,1,1
2024-05-09 15:01:26.748,20594,20596,20594,1,-1
2024-05-09 15:01:28.064,20594,20596,20594,1,-1
2024-05-09 15:01:28.147,20594,20596,20594,1,-1
2024-05-09 15:01:28.148,20594,20596,20594,1,-1
2024-05-09 15:01:28.148,20594,20596,20594,1,-1
2024-05-09 15:01:28.149,20594,20596,20594,1,-1
2024-05-09 15:01:28.149,20594,20596,20593,1,-1
2024-05-09 15:01:28.278,20593,20595,20595,1,1
2024-05-09 15:01:28.446,20593,20595,20595,2,2
2024-05-09 15:01:29.575,20594,20596,20594,1,-1
2024-05-09 15:01:34.361,20594,20596,20595,1,-1
2024-05-09 15:01:34.361,20594,20596,20595,2,-2
2024-05-09 15:01:34.363,20594,20596,20597,4,4
2024-05-09 15:01:34.363,20594,20596,20596,5,5
2024-05-09 15:01:34.364,20594,20596,20597,5,5
2024-05-09 15:01:34.364,20594,20596,20597,2,2
2024-05-09 15:01:34.364,20594,20596,20597,2,2
2024-05-09 15:01:37.634,20596,20598,20596,1,-1
2024-05-09 15:01:39.137,20595,20597,20595,4,-4
2024-05-09 15:01:39.147,20594,20596,20594,1,-1
2024-05-09 15:01:39.148,20594,20596,20594,1,-1
2024-05-09 15:01:40.172,20594,20595,20595,1,1
2024-05-09 15:01:40.188,20594,20595,20594,3,-3
2024-05-09 15:01:40.384,20593,20595,20595,1,1
2024-05-09 15:01:41.301,20593,20594,20594,1,1
2024-05-09 15:01:42.933,20593,20594,20594,1,1
2024-05-09 15:01:44.277,20593,20594,20593,4,-4
2024-05-09 15:01:44.277,20593,20594,20592,6,-6
2024-05-09 15:01:44.912,20592,20594,20594,1,1
2024-05-09 15:01:46.046,20592,20594,20592,2,-2
2024-05-09 15:01:46.148,20591,20593,20591,1,-1
2024-05-09 15:01:47.175,20590,20592,20590,2,-2
2024-05-09 15:01:53.999,20591,20592,20591,1,-1
2024-05-09 15:01:53.999,20591,20592,20590,1,-1
2024-05-09 15:01:55.073,20590,20592,20590,1,-1
2024-05-09 15:01:57.472,20590,20591,20591,1,1
2024-05-09 15:01:57.796,20590,20591,20590,1,-1
2024-05-09 15:01:57.796,20590,20591,20590,6,-6
2024-05-09 15:01:57.798,20590,20591,20589,2,-2
2024-05-09 15:01:58.067,20588,20590,20590,1,1
2024-05-09 15:01:58.173,20588,20590,20590,1,1
2024-05-09 15:02:00.069,20588,20590,20588,1,-1
2024-05-09 15:02:00.119,20588,20590,20588,1,-1
2024-05-09 15:02:00.158,20588,20590,20588,1,-1
2024-05-09 15:02:00.656,20588,20590,20590,2,2
2024-05-09 15:02:00.698,20588,20590,20588,2,-2
2024-05-09 15:02:00.699,20588,20590,20587,1,-1
2024-05-09 15:02:00.699,20588,20590,20588,15,-15
2024-05-09 15:02:00.699,20588,20590,20587,2,-2
2024-05-09 15:02:00.700,20588,20590,20587,3,-3
2024-05-09 15:02:00.700,20588,20590,20587,2,-2
2024-05-09 15:02:00.700,20588,20590,20587,1,-1
2024-05-09 15:02:00.701,20588,20590,20587,2,-2
2024-05-09 15:02:00.723,20588,20590,20587,1,-1
2024-05-09 15:02:00.757,20588,20590,20588,1,-1
2024-05-09 15:02:00.757,20588,20590,20588,1,-1
2024-05-09 15:02:00.937,20587,20589,20588,1,-1
2024-05-09 15:02:02.337,20588,20589,20590,4,4
2024-05-09 15:02:02.337,20588,20589,20590,8,8
2024-05-09 15:02:02.337,20588,20589,20590,1,1
2024-05-09 15:02:02.337,20588,20589,20590,40,40
2024-05-09 15:02:02.338,20588,20589,20591,1,1
2024-05-09 15:02:02.339,20588,20589,20591,1,1
2024-05-09 15:02:02.695,20590,20592,20590,1,-1
2024-05-09 15:02:03.937,20591,20592,20591,1,-1
2024-05-09 15:02:07.491,20590,20591,20590,1,-1
2024-05-09 15:02:09.054,20589,20590,20590,1,1
2024-05-09 15:02:09.118,20589,20590,20589,2,-2
2024-05-09 15:02:09.754,20588,20590,20590,1,1
2024-05-09 15:02:10.493,20588,20589,20589,1,1
2024-05-09 15:02:10.493,20588,20589,20589,1,1
2024-05-09 15:02:10.737,20588,20590,20590,1,1
2024-05-09 15:02:11.470,20588,20590,20590,1,1
2024-05-09 15:02:12.773,20588,20591,20588,1,-1
2024-05-09 15:02:13.071,20588,20591,20588,3,-3
2024-05-09 15:02:19.483,20590,20591,20589,7,-7
2024-05-09 15:02:19.483,20590,20591,20590,1,-1
2024-05-09 15:02:19.483,20590,20591,20588,12,-12
2024-05-09 15:02:19.484,20590,20591,20588,10,-10
2024-05-09 15:02:19.486,20590,20591,20589,1,-1
2024-05-09 15:02:26.510,20589,20591,20589,2,-2
2024-05-09 15:02:27.405,20588,20590,20590,2,2
2024-05-09 15:02:27.405,20588,20590,20591,3,3
2024-05-09 15:02:29.840,20589,20591,20591,1,1
2024-05-09 15:02:30.151,20589,20591,20591,10,10
2024-05-09 15:02:30.942,20591,20593,20593,3,3
2024-05-09 15:02:32.221,20592,20594,20594,2,2
2024-05-09 15:02:32.876,20592,20595,20595,1,1
2024-05-09 15:02:33.080,20593,20595,20593,4,-4
2024-05-09 15:02:33.080,20593,20595,20592,4,-4
2024-05-09 15:02:35.499,20593,20595,20594,1,-1
2024-05-09 15:02:36.283,20594,20595,20595,2,2
2024-05-09 15:02:38.216,20595,20596,20596,6,6
2024-05-09 15:02:38.257,20595,20596,20597,3,3
2024-05-09 15:02:39.686,20597,20598,20597,1,-1
2024-05-09 15:02:40.014,20596,20598,20595,2,-2
2024-05-09 15:02:40.014,20596,20598,20596,1,-1
2024-05-09 15:02:47.510,20596,20598,20598,2,2
2024-05-09 15:02:47.510,20596,20598,20598,5,5
2024-05-09 15:02:47.538,20597,20599,20599,1,1
2024-05-09 15:02:47.651,20597,20599,20599,1,1
2024-05-09 15:02:47.802,20597,20599,20599,1,1
2024-05-09 15:02:47.980,20597,20599,20597,1,-1
2024-05-09 15:02:48.746,20597,20599,20597,1,-1
2024-05-09 15:02:52.724,20597,20599,20599,1,1
2024-05-09 15:02:53.971,20597,20599,20599,3,3
2024-05-09 15:02:54.038,20598,20600,20598,2,-2
2024-05-09 15:02:55.706,20598,20600,20599,1,-1
2024-05-09 15:02:56.258,20598,20600,20600,1,1
2024-05-09 15:02:56.952,20598,20600,20600,1,1
2024-05-09 15:02:58.195,20598,20600,20600,1,1
2024-05-09 15:03:00.035,20599,20600,20599,2,-2
2024-05-09 15:03:00.039,20599,20600,20598,2,-2
2024-05-09 15:03:00.044,20599,20600,20598,5,-5
2024-05-09 15:03:00.058,20599,20600,20597,2,-2
2024-05-09 15:03:00.062,20599,20600,20597,1,-1
2024-05-09 15:03:00.065,20599,20600,20597,3,-3
2024-05-09 15:03:00.066,20599,20600,20597,1,-1
2024-05-09 15:03:00.072,20599,20600,20596,4,-4
2024-05-09 15:03:00.073,20599,20600,20596,1,-1
2024-05-09 15:03:00.073,20599,20600,20596,1,-1
2024-05-09 15:03:00.073,20599,20600,20596,5,-5
2024-05-09 15:03:00.074,20599,20600,20595,2,-2
2024-05-09 15:03:00.081,20599,20600,20595,1,-1
2024-05-09 15:03:00.090,20599,20600,20597,1,-1
2024-05-09 15:03:00.091,20599,20600,20595,3,-3
2024-05-09 15:03:00.091,20599,20600,20597,1,-1
2024-05-09 15:03:00.091,20599,20600,20595,1,-1
2024-05-09 15:03:00.092,20599,20600,20595,1,-1
2024-05-09 15:03:00.092,20599,20600,20595,3,-3
2024-05-09 15:03:00.093,20599,20600,20596,2,-2
2024-05-09 15:03:00.158,20594,20596,20594,2,-2
2024-05-09 15:03:00.420,20593,20595,20595,2,2
2024-05-09 15:03:00.427,20593,20595,20596,7,7
2024-05-09 15:03:00.435,20593,20595,20597,1,1
2024-05-09 15:03:00.448,20593,20595,20597,1,1
2024-05-09 15:03:00.451,20593,20595,20597,1,1
2024-05-09 15:03:00.463,20593,20595,20598,1,1
2024-05-09 15:03:00.465,20593,20595,20598,1,1
2024-05-09 15:03:00.472,20593,20595,20598,1,1
2024-05-09 15:03:00.549,20596,20598,20599,2,2
2024-05-09 15:03:01.695,20597,20599,20599,1,1
2024-05-09 15:03:02.778,20597,20599,20598,1,1
2024-05-09 15:03:07.158,20597,20599,20598,1,1
2024-05-09 15:03:08.477,20598,20599,20598,1,-1
2024-05-09 15:03:08.478,20598,20599,20598,2,-2
2024-05-09 15:03:08.647,20597,20599,20597,1,-1
2024-05-09 15:03:09.090,20597,20599,20597,1,-1
2024-05-09 15:03:09.100,20597,20599,20597,1,-1
2024-05-09 15:03:10.058,20597,20599,20597,4,-4
2024-05-09 15:03:12.536,20597,20598,20597,1,-1
2024-05-09 15:03:15.273,20596,20598,20596,3,-3
2024-05-09 15:03:16.714,20596,20597,20597,2,2
2024-05-09 15:03:17.138,20596,20598,20597,1,1
2024-05-09 15:03:22.286,20596,20597,20597,1,1
2024-05-09 15:03:22.481,20597,20598,20598,1,1
2024-05-09 15:03:24.101,20597,20598,20597,1,-1
2024-05-09 15:03:25.017,20597,20598,20598,1,1
2024-05-09 15:03:25.017,20597,20598,20598,1,1
2024-05-09 15:03:28.480,20597,20599,20599,2,2
2024-05-09 15:03:28.621,20598,20600,20599,1,1
2024-05-09 15:03:29.502,20598,20600,20599,1,1
2024-05-09 15:03:31.236,20599,20600,20600,6,6
2024-05-09 15:03:31.236,20599,20600,20600,5,5
2024-05-09 15:03:31.236,20599,20600,20600,2,2
2024-05-09 15:03:31.236,20599,20600,20600,1,1
2024-05-09 15:03:31.236,20599,20600,20600,2,2
2024-05-09 15:03:31.237,20599,20600,20601,2,2
2024-05-09 15:03:31.711,20600,20602,20602,1,1
2024-05-09 15:03:33.425,20600,20602,20602,1,1
2024-05-09 15:03:33.631,20600,20602,20602,1,1
2024-05-09 15:03:34.403,20600,20602,20602,1,1
2024-05-09 15:03:35.100,20600,20602,20602,2,2
2024-05-09 15:03:35.607,20601,20602,20602,1,1
2024-05-09 15:03:35.708,20601,20603,20603,2,2
2024-05-09 15:03:39.065,20602,20603,20603,3,3
2024-05-09 15:03:39.067,20602,20603,20603,3,3
2024-05-09 15:03:39.958,20602,20604,20604,5,5
2024-05-09 15:03:39.959,20602,20604,20604,2,2
2024-05-09 15:03:39.959,20602,20604,20604,1,1
2024-05-09 15:03:39.959,20602,20604,20604,1,1
2024-05-09 15:03:39.959,20602,20604,20604,3,3
2024-05-09 15:03:39.960,20602,20604,20605,2,2
2024-05-09 15:03:39.960,20602,20604,20605,2,2
2024-05-09 15:03:39.961,20602,20604,20605,3,3
2024-05-09 15:03:39.962,20602,20604,20606,1,1
2024-05-09 15:03:40.037,20605,20607,20607,1,1
2024-05-09 15:03:40.048,20605,20607,20605,4,-4
2024-05-09 15:03:40.189,20605,20607,20607,1,1
2024-05-09 15:03:40.259,20605,20607,20607,2,2
2024-05-09 15:03:40.928,20606,20608,20606,3,-3
2024-05-09 15:03:41.213,20606,20608,20608,5,5
2024-05-09 15:03:42.172,20606,20608,20608,2,2
2024-05-09 15:03:42.172,20606,20608,20609,3,3
2024-05-09 15:03:43.044,20606,20609,20609,2,2
2024-05-09 15:03:43.044,20606,20609,20609,1,1
2024-05-09 15:03:43.668,20608,20610,20610,3,3
2024-05-09 15:03:43.791,20608,20610,20610,1,1
2024-05-09 15:03:43.795,20608,20610,20610,1,1
2024-05-09 15:03:43.886,20608,20610,20610,1,1
2024-05-09 15:03:44.884,20608,20610,20610,3,3
2024-05-09 15:03:45.303,20609,20610,20610,1,1
2024-05-09 15:03:46.118,20609,20610,20609,1,-1
2024-05-09 15:03:46.393,20609,20610,20609,1,-1
2024-05-09 15:03:46.673,20609,20610,20609,1,-1
2024-05-09 15:03:46.700,20609,20610,20609,1,-1
2024-05-09 15:03:46.700,20609,20610,20609,2,-2
2024-05-09 15:03:46.700,20609,20610,20609,1,-1
2024-05-09 15:03:47.150,20607,20609,20609,1,1
2024-05-09 15:03:47.232,20607,20609,20608,1,1
2024-05-09 15:03:47.255,20607,20609,20609,1,1
2024-05-09 15:03:47.986,20609,20610,20610,2,2
2024-05-09 15:03:48.067,20609,20610,20610,6,6
2024-05-09 15:03:48.572,20610,20611,20610,3,-3
2024-05-09 15:03:49.405,20609,20611,20609,1,-1
2024-05-09 15:03:49.925,20609,20611,20611,1,1
2024-05-09 15:03:50.194,20609,20611,20609,1,-1
2024-05-09 15:03:50.344,20609,20610,20610,1,1
2024-05-09 15:03:51.020,20609,20611,20609,3,-3
2024-05-09 15:03:51.020,20609,20611,20608,3,-3
2024-05-09 15:03:51.155,20608,20610,20610,4,4
2024-05-09 15:03:51.824,20608,20609,20609,1,1
2024-05-09 15:03:52.102,20608,20610,20610,3,3
2024-05-09 15:03:52.728,20608,20610,20608,1,-1
2024-05-09 15:03:52.795,20608,20610,20610,2,2
2024-05-09 15:03:52.867,20608,20610,20611,1,1
2024-05-09 15:03:53.698,20608,20611,20611,1,1
2024-05-09 15:03:53.994,20608,20611,20609,1,-1
2024-05-09 15:03:55.405,20608,20610,20610,1,1
2024-05-09 15:03:57.037,20608,20610,20608,1,-1
2024-05-09 15:03:58.746,20609,20611,20609,1,-1
2024-05-09 15:04:00.094,20610,20611,20610,1,-1
2024-05-09 15:04:00.189,20609,20611,20611,1,1
2024-05-09 15:04:01.865,20609,20611,20609,1,-1
2024-05-09 15:04:04.195,20609,20611,20611,1,1
2024-05-09 15:04:07.953,20609,20611,20611,2,2
2024-05-09 15:04:09.546,20609,20610,20610,1,1
2024-05-09 15:04:09.910,20610,20611,20611,5,5
2024-05-09 15:04:10.180,20610,20611,20610,1,-1
2024-05-09 15:04:11.442,20610,20611,20610,1,-1
2024-05-09 15:04:11.918,20609,20611,20609,6,-6
2024-05-09 15:04:12.041,20609,20611,20609,1,-1
2024-05-09 15:04:12.179,20608,20611,20611,1,1
2024-05-09 15:04:12.980,20610,20611,20611,1,1
2024-05-09 15:04:22.508,20610,20611,20610,1,-1
2024-05-09 15:04:27.506,20610,20611,20609,2,-2
2024-05-09 15:04:27.506,20610,20611,20610,7,-7
2024-05-09 15:04:27.507,20610,20611,20609,1,-1
2024-05-09 15:04:27.507,20610,20611,20609,2,-2
2024-05-09 15:04:27.507,20610,20611,20609,1,-1
2024-05-09 15:04:27.532,20608,20610,20610,1,1
2024-05-09 15:04:27.965,20608,20610,20608,1,-1
2024-05-09 15:04:31.146,20608,20610,20608,1,-1
2024-05-09 15:04:33.343,20608,20610,20608,1,-1
2024-05-09 15:04:35.962,20608,20609,20609,1,1
2024-05-09 15:04:40.665,20608,20609,20609,1,1
2024-05-09 15:04:44.399,20608,20609,20609,1,1
2024-05-09 15:04:48.351,20608,20609,20608,1,-1
2024-05-09 15:04:49.405,20608,20609,20608,1,-1
2024-05-09 15:04:49.740,20608,20609,20608,1,-1
2024-05-09 15:04:49.740,20608,20609,20608,1,-1
2024-05-09 15:04:49.740,20608,20609,20608,2,-2
2024-05-09 15:04:49.864,20607,20608,20608,1,1
2024-05-09 15:04:52.941,20608,20609,20608,1,-1
2024-05-09 15:04:54.106,20607,20608,20608,1,1
2024-05-09 15:04:57.723,20607,20608,20607,1,-1
2024-05-09 15:04:57.779,20606,20608,20606,2,-2
2024-05-09 15:04:58.980,20606,20608,20606,1,-1
2024-05-09 15:05:00.668,20606,20607,20607,1,1
2024-05-09 15:05:01.668,20607,20608,20607,1,-1
2024-05-09 15:05:03.998,20607,20608,20607,1,-1
2024-05-09 15:05:05.155,20607,20608,20608,1,1
2024-05-09 15:05:05.156,20607,20608,20608,2,2
2024-05-09 15:05:05.156,20607,20608,20608,1,1
2024-05-09 15:05:06.927,20608,20609,20609,2,2
2024-05-09 15:05:06.962,20608,20609,20609,2,2
2024-05-09 15:05:11.431,20608,20609,20609,1,1
2024-05-09 15:05:11.431,20608,20609,20609,1,1
2024-05-09 15:05:13.122,20609,20610,20610,2,2
2024-05-09 15:05:15.564,20610,20611,20611,6,6
2024-05-09 15:05:15.566,20610,20611,20612,2,2
2024-05-09 15:05:15.566,20610,20611,20612,2,2
2024-05-09 15:05:15.566,20610,20611,20612,5,5
2024-05-09 15:05:15.566,20610,20611,20612,1,1
2024-05-09 15:05:15.567,20610,20611,20612,4,4
2024-05-09 15:05:15.567,20610,20611,20612,2,2
2024-05-09 15:05:15.567,20610,20611,20612,1,1
2024-05-09 15:05:15.567,20610,20611,20612,1,1
2024-05-09 15:05:15.567,20610,20611,20612,5,5
2024-05-09 15:05:15.567,20610,20611,20612,1,1
2024-05-09 15:05:15.590,20610,20611,20612,5,5
2024-05-09 15:05:16.646,20612,20613,20613,4,4
2024-05-09 15:05:16.675,20612,20613,20614,2,2
2024-05-09 15:05:16.675,20612,20613,20614,4,4
2024-05-09 15:05:16.676,20612,20613,20615,1,1
2024-05-09 15:05:16.682,20612,20613,20615,1,1
2024-05-09 15:05:16.686,20612,20613,20615,1,1
2024-05-09 15:05:16.804,20614,20615,20615,1,1
2024-05-09 15:05:16.804,20614,20615,20615,5,5
2024-05-09 15:05:16.837,20614,20615,20616,1,1
2024-05-09 15:05:16.961,20614,20616,20616,1,1
2024-05-09 15:05:16.976,20614,20616,20616,1,1
2024-05-09 15:05:17.014,20614,20616,20616,1,1
2024-05-09 15:05:17.023,20614,20616,20616,1,1
2024-05-09 15:05:17.047,20614,20616,20616,1,1
2024-05-09 15:05:17.067,20614,20616,20616,1,1
2024-05-09 15:05:17.094,20614,20616,20616,1,1
2024-05-09 15:05:17.175,20614,20616,20614,3,-3
2024-05-09 15:05:17.375,20614,20616,20614,2,-2
2024-05-09 15:05:18.209,20613,20615,20615,1,1
2024-05-09 15:05:18.653,20613,20615,20615,1,1
2024-05-09 15:05:21.031,20615,20616,20615,1,-1
2024-05-09 15:05:23.532,20614,20616,20616,2,2
2024-05-09 15:05:23.882,20614,20616,20616,1,1
2024-05-09 15:05:24.334,20615,20617,20615,1,-1
2024-05-09 15:05:26.182,20614,20617,20617,1,1
2024-05-09 15:05:26.589,20614,20617,20617,1,1
2024-05-09 15:05:27.545,20614,20616,20616,1,1
2024-05-09 15:05:29.321,20615,20616,20615,2,-2
2024-05-09 15:05:29.414,20613,20616,20616,1,1
2024-05-09 15:05:30.398,20613,20615,20613,2,-2
2024-05-09 15:05:30.539,20612,20615,20615,2,2
2024-05-09 15:05:30.832,20613,20615,20615,1,1
2024-05-09 15:05:41.821,20613,20615,20615,1,1
2024-05-09 15:05:41.821,20613,20615,20616,1,1
2024-05-09 15:05:41.945,20613,20616,20616,2,2
2024-05-09 15:05:42.431,20614,20616,20614,1,-1
2024-05-09 15:05:43.748,20613,20615,20613,1,-1
2024-05-09 15:05:43.748,20613,20615,20613,1,-1
2024-05-09 15:05:43.748,20613,20615,20613,1,-1
2024-05-09 15:05:43.748,20613,20615,20613,1,-1
2024-05-09 15:05:43.748,20613,20615,20613,1,-1
2024-05-09 15:05:47.263,20612,20614,20612,6,-6
2024-05-09 15:05:50.051,20610,20612,20612,4,4
2024-05-09 15:05:50.147,20610,20613,20610,1,-1
2024-05-09 15:05:50.148,20610,20613,20610,1,-1
2024-05-09 15:05:50.148,20610,20613,20610,1,-1
2024-05-09 15:05:50.148,20610,20613,20610,1,-1
2024-05-09 15:05:50.594,20610,20612,20610,4,-4
2024-05-09 15:05:52.097,20611,20613,20611,4,-4
2024-05-09 15:06:01.479,20612,20615,20613,3,-3
2024-05-09 15:06:01.879,20613,20615,20613,1,-1
2024-05-09 15:06:01.893,20613,20615,20613,1,-1
2024-05-09 15:06:04.683,20613,20614,20614,1,1
2024-05-09 15:06:04.987,20613,20614,20613,1,-1
2024-05-09 15:06:04.987,20613,20614,20612,1,-1
2024-05-09 15:06:06.013,20613,20614,20613,1,-1
2024-05-09 15:06:07.198,20613,20614,20614,1,1
2024-05-09 15:06:07.379,20613,20614,20614,1,1
2024-05-09 15:06:08.332,20613,20615,20613,1,-1
2024-05-09 15:06:09.312,20614,20615,20615,1,1
2024-05-09 15:06:09.912,20614,20615,20614,1,-1
2024-05-09 15:06:12.298,20614,20615,20615,1,1
2024-05-09 15:06:12.299,20614,20615,20615,3,3
2024-05-09 15:06:12.545,20614,20616,20616,1,1
2024-05-09 15:06:14.159,20614,20616,20614,3,-3
2024-05-09 15:06:15.904,20614,20616,20616,1,1
2024-05-09 15:06:16.952,20614,20616,20616,8,8
2024-05-09 15:06:17.978,20615,20616,20616,1,1
2024-05-09 15:06:17.978,20615,20616,20616,1,1
2024-05-09 15:06:18.132,20615,20617,20617,3,3
2024-05-09 15:06:18.153,20615,20617,20617,1,1
2024-05-09 15:06:18.824,20616,20618,20616,1,-1
2024-05-09 15:06:23.821,20616,20618,20618,5,5
2024-05-09 15:06:23.936,20616,20618,20618,1,1
2024-05-09 15:06:24.838,20616,20618,20618,1,1
2024-05-09 15:06:26.306,20616,20618,20616,1,-1
2024-05-09 15:06:26.366,20616,20618,20616,3,-3
2024-05-09 15:06:26.366,20616,20618,20615,15,-15
2024-05-09 15:06:26.367,20616,20618,20615,1,-1
2024-05-09 15:06:26.367,20616,20618,20615,2,-2
2024-05-09 15:06:28.535,20614,20617,20614,1,-1
2024-05-09 15:06:28.826,20614,20616,20614,1,-1
2024-05-09 15:06:29.232,20613,20615,20615,1,1
2024-05-09 15:06:31.233,20614,20616,20616,1,1
2024-05-09 15:06:33.692,20614,20616,20616,3,3
2024-05-09 15:06:33.692,20614,20616,20617,2,2
2024-05-09 15:06:34.186,20614,20616,20616,1,1
2024-05-09 15:06:34.186,20614,20616,20617,9,9
2024-05-09 15:06:34.187,20614,20616,20617,5,5
2024-05-09 15:06:35.998,20616,20617,20617,3,3
2024-05-09 15:06:35.998,20616,20617,20618,2,2
2024-05-09 15:06:36.879,20616,20618,20616,1,-1
2024-05-09 15:06:37.245,20616,20618,20616,1,-1
2024-05-09 15:06:40.819,20616,20617,20616,2,-2
2024-05-09 15:06:42.199,20616,20617,20617,2,2
2024-05-09 15:06:42.989,20616,20618,20618,3,3
2024-05-09 15:06:42.989,20616,20618,20619,2,2
2024-05-09 15:06:44.540,20616,20617,20617,1,1
2024-05-09 15:06:44.540,20616,20617,20619,1,1
2024-05-09 15:06:46.914,20617,20618,20617,1,-1
2024-05-09 15:06:48.147,20617,20618,20617,1,-1
2024-05-09 15:06:48.914,20616,20618,20618,2,2
2024-05-09 15:06:49.458,20616,20619,20619,1,1
2024-05-09 15:06:49.460,20616,20619,20619,5,5
2024-05-09 15:06:51.005,20616,20618,20618,2,2
2024-05-09 15:06:52.282,20616,20619,20619,2,2
2024-05-09 15:06:54.127,20617,20619,20619,8,8
2024-05-09 15:06:56.796,20616,20618,20618,1,1
2024-05-09 15:06:56.991,20617,20619,20619,1,1
2024-05-09 15:07:00.796,20618,20619,20619,2,2
2024-05-09 15:07:00.796,20618,20619,20620,1,1
2024-05-09 15:07:00.883,20618,20619,20619,1,1
2024-05-09 15:07:01.401,20618,20619,20619,2,2
2024-05-09 15:07:01.401,20618,20619,20620,1,1
2024-05-09 15:07:01.402,20618,20619,20620,1,1
2024-05-09 15:07:01.403,20618,20619,20620,1,1
2024-05-09 15:07:01.404,20618,20619,20620,1,1
2024-05-09 15:07:01.413,20618,20619,20620,2,2
2024-05-09 15:07:01.425,20618,20619,20620,1,1
2024-05-09 15:07:01.431,20618,20619,20620,1,1
2024-05-09 15:07:01.864,20618,20619,20619,1,1
2024-05-09 15:07:02.228,20618,20619,20618,4,-4
2024-05-09 15:07:02.803,20617,20619,20619,1,1
2024-05-09 15:07:03.067,20617,20619,20619,1,1
2024-05-09 15:07:03.164,20617,20619,20617,2,-2
2024-05-09 15:07:05.680,20617,20619,20618,1,-1
2024-05-09 15:07:06.269,20616,20618,20616,2,-2
2024-05-09 15:07:06.594,20616,20618,20618,1,1
2024-05-09 15:07:06.597,20616,20618,20616,1,-1
2024-05-09 15:07:08.148,20617,20619,20617,1,-1
2024-05-09 15:07:09.757,20618,20619,20618,1,-1
2024-05-09 15:07:10.784,20618,20619,20618,1,-1
2024-05-09 15:07:10.852,20618,20619,20617,1,-1
2024-05-09 15:07:11.885,20617,20618,20617,1,-1
2024-05-09 15:07:12.142,20617,20620,20618,4,-4
2024-05-09 15:07:12.142,20617,20620,20619,11,11
2024-05-09 15:07:13.487,20617,20620,20617,1,-1
2024-05-09 15:07:16.087,20617,20618,20620,12,12
2024-05-09 15:07:16.087,20617,20618,20618,1,1
2024-05-09 15:07:16.087,20617,20618,20619,9,9
2024-05-09 15:07:19.768,20618,20620,20620,1,1
2024-05-09 15:07:21.783,20618,20620,20620,7,7
2024-05-09 15:07:21.783,20618,20620,20621,9,9
2024-05-09 15:07:21.904,20619,20621,20621,1,1
2024-05-09 15:07:21.917,20619,20621,20621,1,1
2024-05-09 15:07:23.384,20619,20621,20621,2,2
2024-05-09 15:07:25.252,20620,20621,20620,1,-1
2024-05-09 15:07:28.261,20620,20621,20620,5,-5
2024-05-09 15:07:29.903,20620,20621,20621,1,1
2024-05-09 15:07:34.943,20620,20621,20620,7,-7
2024-05-09 15:07:35.723,20619,20621,20621,5,5
2024-05-09 15:07:35.843,20621,20622,20622,1,1
2024-05-09 15:07:35.914,20621,20622,20621,1,-1
2024-05-09 15:07:36.009,20621,20622,20622,1,1
2024-05-09 15:07:36.023,20621,20622,20622,1,1
2024-05-09 15:07:36.024,20621,20622,20622,3,3
2024-05-09 15:07:36.024,20621,20622,20623,1,1
2024-05-09 15:07:36.160,20621,20622,20622,1,1
2024-05-09 15:07:36.535,20621,20622,20621,1,-1
2024-05-09 15:07:37.183,20621,20622,20621,1,-1
2024-05-09 15:07:37.499,20621,20622,20621,1,-1
2024-05-09 15:07:37.874,20621,20622,20622,2,2
2024-05-09 15:07:38.066,20621,20622,20621,1,-1
2024-05-09 15:07:38.112,20621,20622,20621,6,-6
2024-05-09 15:07:41.037,20619,20621,20621,1,1
2024-05-09 15:07:41.978,20619,20621,20621,1,1
2024-05-09 15:07:43.333,20620,20621,20621,2,2
2024-05-09 15:07:51.028,20620,20621,20621,2,2
2024-05-09 15:07:54.700,20620,20621,20620,1,-1
2024-05-09 15:08:01.948,20620,20621,20621,1,1
2024-05-09 15:08:08.720,20620,20621,20620,6,-6
2024-05-09 15:08:10.422,20619,20620,20621,7,7
2024-05-09 15:08:10.422,20619,20620,20620,5,5
2024-05-09 15:08:11.042,20619,20621,20619,1,-1
2024-05-09 15:08:11.771,20619,20621,20621,1,1
2024-05-09 15:08:13.312,20619,20621,20620,1,1
2024-05-09 15:08:14.313,20619,20621,20621,1,1
2024-05-09 15:08:22.486,20619,20620,20620,3,3
2024-05-09 15:08:22.486,20619,20620,20621,7,7
2024-05-09 15:08:26.144,20619,20620,20620,1,1
2024-05-09 15:08:33.708,20619,20620,20620,2,2
2024-05-09 15:08:33.708,20619,20620,20620,1,1
2024-05-09 15:08:35.639,20620,20621,20621,1,1
2024-05-09 15:08:38.488,20620,20621,20621,3,3
2024-05-09 15:08:38.489,20620,20621,20621,2,2
2024-05-09 15:08:40.235,20621,20622,20621,4,-4
2024-05-09 15:08:43.670,20621,20622,20622,3,3
2024-05-09 15:08:45.616,20621,20622,20621,1,-1
2024-05-09 15:08:46.164,20621,20622,20622,4,4
2024-05-09 15:08:47.904,20621,20622,20622,1,1
2024-05-09 15:08:53.075,20621,20622,20622,1,1
2024-05-09 15:08:53.565,20621,20622,20622,1,1
2024-05-09 15:08:53.565,20621,20622,20622,1,1
2024-05-09 15:08:54.539,20622,20623,20623,5,5
2024-05-09 15:08:54.655,20622,20623,20623,1,1
2024-05-09 15:08:54.734,20622,20623,20623,1,1
2024-05-09 15:08:54.931,20622,20623,20622,1,-1
2024-05-09 15:08:56.047,20621,20622,20622,1,1
2024-05-09 15:09:01.962,20622,20623,20623,1,1
2024-05-09 15:09:04.211,20622,20623,20623,2,2
2024-05-09 15:09:04.334,20622,20623,20623,1,1
2024-05-09 15:09:04.344,20622,20623,20623,1,1
2024-05-09 15:09:04.387,20622,20623,20623,1,1
2024-05-09 15:09:04.397,20622,20623,20623,1,1
2024-05-09 15:09:05.810,20622,20623,20623,1,1
2024-05-09 15:09:05.979,20622,20623,20622,4,-4
2024-05-09 15:09:06.267,20621,20622,20622,1,1
2024-05-09 15:09:09.129,20621,20622,20621,3,-3
2024-05-09 15:09:09.363,20620,20622,20622,1,1
2024-05-09 15:09:12.794,20620,20621,20620,4,-4
2024-05-09 15:09:12.826,20620,20621,20619,1,-1
2024-05-09 15:09:15.446,20618,20619,20618,1,-1
2024-05-09 15:09:15.529,20618,20619,20618,1,-1
2024-05-09 15:09:16.493,20618,20619,20619,1,1
2024-05-09 15:09:16.493,20618,20619,20620,1,1
2024-05-09 15:09:20.680,20618,20620,20620,6,6
2024-05-09 15:09:20.680,20618,20620,20621,7,7
2024-05-09 15:09:20.680,20618,20620,20621,1,1
2024-05-09 15:09:21.727,20620,20622,20620,1,-1
2024-05-09 15:09:23.158,20620,20622,20622,5,5
2024-05-09 15:09:25.196,20620,20622,20622,2,2
2024-05-09 15:09:25.197,20620,20622,20622,1,1
2024-05-09 15:09:25.555,20621,20623,20621,1,-1
2024-05-09 15:09:31.564,20621,20623,20623,11,11
2024-05-09 15:09:31.565,20621,20623,20623,3,3
2024-05-09 15:09:31.586,20621,20623,20623,1,1
2024-05-09 15:09:31.841,20622,20624,20622,1,-1
2024-05-09 15:09:42.737,20622,20623,20622,1,-1
2024-05-09 15:09:43.901,20622,20623,20623,2,2
2024-05-09 15:09:43.901,20622,20623,20624,1,1
2024-05-09 15:09:44.128,20622,20624,20624,1,1
2024-05-09 15:09:44.729,20623,20624,20623,1,-1
2024-05-09 15:09:44.731,20623,20624,20623,1,-1
2024-05-09 15:09:45.796,20622,20623,20623,1,1
2024-05-09 15:09:45.796,20622,20623,20624,2,2
2024-05-09 15:09:49.019,20622,20623,20623,1,1
2024-05-09 15:09:49.020,20622,20623,20623,1,1
2024-05-09 15:09:51.519,20622,20623,20624,1,1
2024-05-09 15:09:51.519,20622,20623,20623,1,1
2024-05-09 15:09:52.929,20622,20624,20624,12,12
2024-05-09 15:09:52.930,20622,20624,20624,2,2
2024-05-09 15:09:55.745,20622,20624,20624,1,1
2024-05-09 15:09:56.223,20622,20624,20624,1,1
2024-05-09 15:09:56.733,20623,20625,20625,1,1
2024-05-09 15:09:56.780,20623,20625,20625,1,1
2024-05-09 15:09:57.769,20622,20624,20624,1,1
2024-05-09 15:09:58.189,20623,20624,20624,1,1
2024-05-09 15:09:58.190,20623,20624,20624,3,3
2024-05-09 15:09:59.382,20622,20624,20624,2,2
2024-05-09 15:09:59.382,20622,20624,20625,3,3
2024-05-09 15:09:59.666,20622,20625,20625,5,5
2024-05-09 15:10:00.687,20622,20624,20624,1,1
2024-05-09 15:10:00.926,20622,20624,20624,1,1
2024-05-09 15:10:01.153,20622,20624,20624,2,2
2024-05-09 15:10:01.330,20622,20625,20625,1,1
2024-05-09 15:10:01.636,20622,20625,20622,1,-1
2024-05-09 15:10:01.714,20622,20625,20622,1,-1
2024-05-09 15:10:01.719,20622,20625,20622,3,-3
2024-05-09 15:10:01.721,20622,20625,20622,2,-2
2024-05-09 15:10:01.728,20622,20625,20622,2,-2
2024-05-09 15:10:01.736,20622,20625,20621,2,-2
2024-05-09 15:10:02.143,20621,20622,20622,3,3
2024-05-09 15:10:02.143,20621,20622,20623,2,2
2024-05-09 15:10:04.885,20621,20623,20621,1,-1
2024-05-09 15:10:05.882,20621,20623,20623,7,7
2024-05-09 15:10:05.883,20621,20623,20623,1,1
2024-05-09 15:10:05.883,20621,20623,20623,1,1
2024-05-09 15:10:08.650,20621,20623,20621,1,-1
2024-05-09 15:10:09.669,20621,20623,20623,5,5
2024-05-09 15:10:09.773,20621,20623,20621,1,-1
2024-05-09 15:10:11.854,20621,20623,20624,1,1
2024-05-09 15:10:11.854,20621,20623,20624,11,11
2024-05-09 15:10:11.854,20621,20623,20623,3,3
2024-05-09 15:10:12.021,20623,20625,20623,1,-1
2024-05-09 15:10:12.116,20623,20625,20623,1,-1
2024-05-09 15:10:12.136,20623,20625,20623,1,-1
2024-05-09 15:10:13.408,20621,20623,20623,1,1
2024-05-09 15:10:16.101,20621,20623,20623,5,5
2024-05-09 15:10:16.127,20621,20623,20621,1,-1
2024-05-09 15:10:20.535,20621,20624,20621,1,-1
2024-05-09 15:10:21.950,20621,20624,20624,10,10
2024-05-09 15:10:21.951,20621,20624,20624,5,5
2024-05-09 15:10:22.287,20623,20625,20623,1,-1
2024-05-09 15:10:24.155,20623,20624,20624,1,1
2024-05-09 15:10:31.574,20624,20625,20624,1,-1
2024-05-09 15:10:34.090,20624,20625,20625,1,1
2024-05-09 15:10:35.952,20624,20625,20625,6,6
2024-05-09 15:10:35.953,20624,20625,20625,4,4
2024-05-09 15:10:38.625,20625,20626,20626,6,6
2024-05-09 15:10:38.627,20625,20626,20626,3,3
2024-05-09 15:10:38.627,20625,20626,20626,1,1
2024-05-09 15:10:38.627,20625,20626,20626,1,1
2024-05-09 15:10:39.004,20625,20626,20625,3,-3
2024-05-09 15:10:39.159,20624,20626,20626,2,2
2024-05-09 15:10:40.594,20624,20626,20626,1,1
2024-05-09 15:10:40.983,20624,20627,20627,1,1
2024-05-09 15:10:41.030,20624,20627,20627,1,1
2024-05-09 15:10:46.629,20625,20626,20626,1,1
2024-05-09 15:10:47.181,20625,20626,20625,1,-1
2024-05-09 15:10:47.678,20625,20626,20625,1,-1
2024-05-09 15:10:48.551,20624,20626,20624,8,-8
2024-05-09 15:10:48.552,20624,20626,20623,6,-6
2024-05-09 15:10:48.552,20624,20626,20623,4,-4
2024-05-09 15:10:49.858,20622,20624,20624,1,1
2024-05-09 15:10:50.088,20622,20624,20624,5,5
2024-05-09 15:10:50.651,20622,20625,20625,1,1
2024-05-09 15:10:50.948,20623,20625,20624,1,1
2024-05-09 15:10:51.544,20623,20625,20625,1,1
2024-05-09 15:10:51.544,20623,20625,20624,1,1
2024-05-09 15:10:51.749,20624,20625,20625,1,1
2024-05-09 15:10:53.936,20624,20625,20625,1,1
2024-05-09 15:10:56.583,20624,20625,20624,1,-1
2024-05-09 15:10:56.588,20624,20625,20625,1,1
2024-05-09 15:10:59.444,20623,20625,20625,2,2
2024-05-09 15:10:59.445,20623,20625,20625,3,3
2024-05-09 15:10:59.445,20623,20625,20625,1,1
2024-05-09 15:10:59.527,20624,20626,20624,1,-1
2024-05-09 15:11:03.179,20624,20625,20625,1,1
2024-05-09 15:11:03.473,20624,20625,20625,1,1
2024-05-09 15:11:04.831,20624,20625,20624,1,-1
2024-05-09 15:11:13.271,20624,20625,20624,1,-1
2024-05-09 15:11:13.312,20624,20625,20624,1,-1
2024-05-09 15:11:13.313,20624,20625,20624,3,-3
2024-05-09 15:11:18.203,20622,20623,20623,1,1
2024-05-09 15:11:25.196,20623,20624,20623,5,-5
2024-05-09 15:11:25.196,20623,20624,20623,1,-1
2024-05-09 15:11:25.196,20623,20624,20623,1,-1
2024-05-09 15:11:27.136,20622,20624,20622,1,-1
2024-05-09 15:11:30.745,20622,20624,20624,1,1
2024-05-09 15:11:31.893,20622,20624,20622,3,-3
2024-05-09 15:11:34.863,20622,20624,20622,1,-1
2024-05-09 15:11:34.863,20622,20624,20621,1,-1
2024-05-09 15:11:35.495,20621,20623,20623,6,6
2024-05-09 15:11:38.088,20622,20624,20624,6,6
2024-05-09 15:11:39.704,20622,20625,20625,6,6
2024-05-09 15:11:44.166,20623,20624,20624,1,1
2024-05-09 15:11:45.003,20623,20624,20623,1,-1
2024-05-09 15:11:45.280,20622,20624,20622,5,-5
2024-05-09 15:11:46.319,20621,20624,20621,1,-1
2024-05-09 15:11:49.060,20621,20623,20623,1,1
2024-05-09 15:11:52.992,20622,20623,20623,1,1
2024-05-09 15:11:53.713,20622,20624,20624,1,1
2024-05-09 15:11:54.841,20622,20624,20624,2,2
2024-05-09 15:11:59.901,20623,20624,20624,1,1
2024-05-09 15:12:01.657,20624,20625,20624,1,-1
2024-05-09 15:12:02.131,20624,20625,20624,1,-1
2024-05-09 15:12:02.533,20624,20625,20625,4,4
2024-05-09 15:12:03.756,20624,20626,20624,1,-1
2024-05-09 15:12:04.046,20624,20626,20624,1,-1
2024-05-09 15:12:16.440,20623,20624,20624,1,1
2024-05-09 15:12:35.321,20623,20624,20623,4,-4
2024-05-09 15:12:35.321,20623,20624,20623,1,-1
2024-05-09 15:12:43.209,20622,20624,20624,15,15
2024-05-09 15:12:44.894,20623,20625,20623,1,-1
2024-05-09 15:12:46.550,20623,20625,20625,4,4
2024-05-09 15:12:48.279,20624,20625,20625,1,1
2024-05-09 15:12:50.799,20625,20626,20626,1,1
2024-05-09 15:12:51.926,20625,20626,20626,1,1
2024-05-09 15:12:54.622,20625,20626,20626,1,1
2024-05-09 15:12:54.622,20625,20626,20626,1,1
2024-05-09 15:12:54.622,20625,20626,20626,3,3
2024-05-09 15:12:54.622,20625,20626,20626,1,1
2024-05-09 15:12:54.914,20626,20627,20627,3,3
2024-05-09 15:12:54.914,20626,20627,20627,3,3
2024-05-09 15:12:56.899,20626,20628,20628,1,1
2024-05-09 15:12:57.139,20626,20628,20628,1,1
2024-05-09 15:12:57.346,20626,20628,20628,7,7
2024-05-09 15:12:59.719,20626,20627,20627,1,1
2024-05-09 15:12:59.719,20626,20627,20628,2,2
2024-05-09 15:13:00.810,20626,20628,20628,3,3
2024-05-09 15:13:00.922,20626,20628,20628,2,2
2024-05-09 15:13:01.213,20626,20628,20628,2,2
2024-05-09 15:13:01.860,20626,20628,20628,3,3
2024-05-09 15:13:02.000,20626,20628,20626,1,-1
2024-05-09 15:13:02.138,20625,20627,20625,1,-1
2024-05-09 15:13:03.773,20625,20627,20627,1,1
2024-05-09 15:13:04.436,20626,20627,20627,1,1
2024-05-09 15:13:08.089,20626,20627,20626,1,-1
2024-05-09 15:13:12.733,20626,20627,20626,1,-1
2024-05-09 15:13:12.911,20626,20627,20626,1,-1
2024-05-09 15:13:13.016,20626,20627,20626,1,-1
2024-05-09 15:13:13.017,20626,20627,20626,4,-4
2024-05-09 15:13:13.017,20626,20627,20626,5,-5
2024-05-09 15:13:13.017,20626,20627,20626,1,-1
2024-05-09 15:13:13.204,20624,20626,20624,1,-1
2024-05-09 15:13:18.827,20624,20626,20626,1,1
2024-05-09 15:13:20.204,20625,20626,20626,1,1
2024-05-09 15:13:26.150,20626,20627,20626,1,-1
2024-05-09 15:13:26.552,20626,20627,20626,2,-2
2024-05-09 15:13:27.597,20625,20626,20626,3,3
2024-05-09 15:13:30.748,20625,20626,20625,3,-3
2024-05-09 15:13:30.748,20625,20626,20625,1,-1
2024-05-09 15:13:35.157,20625,20626,20625,1,-1
2024-05-09 15:13:38.377,20624,20625,20625,1,1
2024-05-09 15:13:43.630,20624,20625,20625,1,1
2024-05-09 15:13:51.365,20624,20625,20624,1,-1
2024-05-09 15:13:51.894,20624,20625,20624,6,-6
2024-05-09 15:13:54.822,20623,20624,20623,1,-1
2024-05-09 15:13:55.389,20623,20625,20623,1,-1
2024-05-09 15:14:16.782,20624,20625,20624,1,-1
2024-05-09 15:14:17.126,20624,20625,20625,1,1
2024-05-09 15:14:20.189,20624,20625,20625,4,4
2024-05-09 15:14:20.336,20624,20625,20625,1,1
2024-05-09 15:14:20.374,20624,20625,20625,1,1
2024-05-09 15:14:27.474,20624,20625,20625,1,1
2024-05-09 15:14:29.925,20624,20626,20626,1,1
2024-05-09 15:14:35.105,20624,20626,20625,1,1
2024-05-09 15:14:41.864,20624,20625,20624,1,-1
2024-05-09 15:14:41.865,20624,20625,20624,1,-1
2024-05-09 15:14:44.660,20624,20625,20624,2,-2
2024-05-09 15:14:46.302,20623,20624,20624,1,1
2024-05-09 15:14:49.910,20624,20625,20624,2,-2
2024-05-09 15:14:49.910,20624,20625,20623,3,-3
2024-05-09 15:14:51.378,20624,20625,20624,1,-1
2024-05-09 15:14:57.137,20624,20625,20624,1,-1
2024-05-09 15:15:00.607,20623,20624,20623,5,-5
2024-05-09 15:15:00.687,20623,20624,20624,1,1
2024-05-09 15:15:00.687,20623,20624,20624,1,1
2024-05-09 15:15:00.700,20623,20624,20625,1,1
2024-05-09 15:15:00.701,20623,20624,20625,1,1
2024-05-09 15:15:00.701,20623,20624,20625,1,1
2024-05-09 15:15:00.870,20623,20625,20625,1,1
2024-05-09 15:15:01.101,20623,20625,20623,1,-1
2024-05-09 15:15:01.152,20623,20625,20625,1,1
2024-05-09 15:15:01.225,20623,20625,20623,7,-7
2024-05-09 15:15:01.225,20623,20625,20623,3,-3
2024-05-09 15:15:01.242,20623,20625,20622,1,-1
2024-05-09 15:15:01.327,20622,20624,20622,1,-1
2024-05-09 15:15:12.670,20622,20623,20622,1,-1
2024-05-09 15:15:12.670,20622,20623,20622,1,-1
2024-05-09 15:15:12.670,20622,20623,20622,1,-1
2024-05-09 15:15:12.670,20622,20623,20622,3,-3
2024-05-09 15:15:21.944,20621,20623,20623,1,1
2024-05-09 15:15:22.023,20621,20623,20623,1,1
2024-05-09 15:15:22.023,20621,20623,20623,1,1
2024-05-09 15:15:22.024,20621,20623,20623,1,1
2024-05-09 15:15:22.024,20621,20623,20623,1,1
2024-05-09 15:15:22.148,20621,20623,20624,1,1
2024-05-09 15:15:22.148,20621,20623,20623,1,1
2024-05-09 15:15:56.169,20621,20622,20622,1,1
2024-05-09 15:15:56.169,20621,20622,20622,1,1
2024-05-09 15:16:03.387,20622,20623,20623,2,2
2024-05-09 15:16:03.397,20622,20624,20624,1,1
2024-05-09 15:16:03.397,20622,20624,20624,1,1
2024-05-09 15:16:03.397,20622,20624,20624,1,1
2024-05-09 15:16:03.397,20622,20624,20624,1,1
2024-05-09 15:16:03.399,20622,20624,20624,1,1
2024-05-09 15:16:03.400,20622,20624,20624,1,1
2024-05-09 15:16:03.400,20622,20624,20625,1,1
2024-05-09 15:16:03.400,20622,20624,20625,1,1
2024-05-09 15:16:03.400,20622,20624,20625,1,1
2024-05-09 15:16:03.400,20622,20624,20625,1,1
2024-05-09 15:16:03.400,20622,20624,20625,1,1
2024-05-09 15:16:03.407,20622,20624,20625,1,1
2024-05-09 15:16:03.409,20622,20624,20625,1,1
2024-05-09 15:16:03.409,20622,20624,20625,1,1
2024-05-09 15:16:03.647,20624,20625,20624,1,-1
2024-05-09 15:16:08.955,20624,20625,20625,1,1
2024-05-09 15:16:09.023,20624,20626,20626,1,1
2024-05-09 15:16:09.148,20624,20626,20626,1,1
2024-05-09 15:16:09.148,20624,20626,20626,1,1
2024-05-09 15:16:09.149,20624,20626,20626,1,1
2024-05-09 15:16:09.149,20624,20626,20626,1,1
2024-05-09 15:16:09.155,20624,20626,20626,1,1
2024-05-09 15:16:17.760,20624,20626,20624,2,-2
2024-05-09 15:16:17.760,20624,20626,20623,1,-1
2024-05-09 15:16:18.129,20623,20625,20625,1,1
2024-05-09 15:16:18.129,20623,20625,20626,2,2
2024-05-09 15:16:18.148,20623,20626,20626,1,1
2024-05-09 15:16:18.148,20623,20626,20626,1,1
2024-05-09 15:16:18.148,20623,20626,20626,1,1
2024-05-09 15:16:18.148,20623,20626,20626,1,1
2024-05-09 15:16:18.149,20623,20626,20626,1,1
2024-05-09 15:16:29.291,20624,20626,20626,1,1
2024-05-09 15:16:33.936,20624,20626,20624,1,-1
2024-05-09 15:16:33.948,20624,20626,20624,1,-1
2024-05-09 15:16:34.022,20623,20624,20624,1,1
2024-05-09 15:16:34.022,20623,20624,20624,1,1
2024-05-09 15:16:35.440,20623,20624,20624,1,1
2024-05-09 15:16:48.047,20624,20625,20625,1,1
2024-05-09 15:16:48.147,20624,20625,20625,1,1
2024-05-09 15:16:48.147,20624,20625,20625,1,1
2024-05-09 15:16:48.148,20624,20625,20625,4,4
2024-05-09 15:16:56.760,20625,20626,20625,1,-1
2024-05-09 15:16:57.390,20625,20626,20626,18,18
2024-05-09 15:16:57.391,20625,20626,20626,1,1
2024-05-09 15:16:57.662,20626,20627,20626,3,-3
2024-05-09 15:16:57.664,20626,20627,20626,2,-2
2024-05-09 15:17:01.913,20625,20627,20625,1,-1
2024-05-09 15:17:08.492,20625,20626,20626,1,1
2024-05-09 15:17:08.492,20625,20626,20627,2,2
2024-05-09 15:17:09.549,20625,20626,20626,1,1
2024-05-09 15:17:09.644,20625,20627,20627,1,1
2024-05-09 15:17:11.302,20624,20627,20627,1,1
2024-05-09 15:17:15.417,20625,20627,20627,1,1
2024-05-09 15:17:16.130,20625,20627,20625,1,-1
2024-05-09 15:17:17.971,20625,20627,20625,1,-1
2024-05-09 15:17:25.277,20625,20626,20626,1,1
2024-05-09 15:17:26.763,20625,20627,20627,1,1
2024-05-09 15:17:32.843,20625,20627,20626,2,2
2024-05-09 15:17:32.843,20625,20627,20625,1,-1
2024-05-09 15:17:33.237,20625,20627,20626,1,-1
2024-05-09 15:17:42.339,20625,20626,20625,2,-2
2024-05-09 15:17:42.755,20625,20626,20626,1,1
2024-05-09 15:17:47.589,20625,20627,20626,1,1
2024-05-09 15:17:55.255,20625,20626,20626,1,1
2024-05-09 15:17:55.255,20625,20626,20626,1,1
2024-05-09 15:17:55.255,20625,20626,20626,1,1
2024-05-09 15:17:55.473,20626,20627,20627,1,1
2024-05-09 15:17:55.473,20626,20627,20627,1,1
2024-05-09 15:17:55.473,20626,20627,20627,1,1
2024-05-09 15:18:04.135,20626,20627,20627,2,2
2024-05-09 15:18:04.654,20626,20627,20626,1,-1
2024-05-09 15:18:04.910,20625,20627,20625,1,-1
2024-05-09 15:18:15.416,20626,20627,20626,1,-1
2024-05-09 15:18:15.444,20626,20627,20626,1,-1
2024-05-09 15:18:24.681,20625,20627,20627,1,1
2024-05-09 15:18:34.324,20625,20627,20627,1,1
2024-05-09 15:18:40.767,20626,20627,20627,1,1
2024-05-09 15:18:41.820,20626,20627,20627,1,1
2024-05-09 15:18:41.989,20626,20627,20627,1,1
2024-05-09 15:18:50.978,20626,20627,20626,1,-1
2024-05-09 15:18:57.251,20626,20627,20627,1,1
2024-05-09 15:18:57.297,20626,20627,20627,1,1
2024-05-09 15:18:57.297,20626,20627,20627,1,1
2024-05-09 15:18:57.297,20626,20627,20627,11,11
2024-05-09 15:18:57.961,20627,20628,20627,1,-1
2024-05-09 15:18:58.300,20627,20628,20627,1,-1
2024-05-09 15:19:01.680,20627,20628,20627,1,-1
2024-05-09 15:19:01.926,20626,20628,20628,1,1
2024-05-09 15:19:02.057,20626,20628,20628,4,4
2024-05-09 15:19:02.069,20626,20628,20628,4,4
2024-05-09 15:19:02.079,20626,20628,20628,4,4
2024-05-09 15:19:02.080,20626,20628,20628,1,1
2024-05-09 15:19:02.080,20626,20628,20629,3,3
2024-05-09 15:19:02.152,20627,20629,20627,1,-1
2024-05-09 15:19:02.224,20627,20629,20629,1,1
2024-05-09 15:19:02.230,20627,20629,20629,1,1
2024-05-09 15:19:12.605,20628,20629,20629,1,1
2024-05-09 15:19:15.017,20628,20629,20629,1,1
2024-05-09 15:19:19.868,20628,20629,20628,1,-1
2024-05-09 15:19:23.577,20627,20628,20628,1,1
2024-05-09 15:19:27.992,20627,20628,20628,1,1
2024-05-09 15:19:27.992,20627,20628,20629,1,1
2024-05-09 15:19:31.077,20628,20629,20629,2,2
2024-05-09 15:19:35.132,20628,20629,20628,2,-2
2024-05-09 15:19:38.817,20627,20628,20628,1,1
2024-05-09 15:19:40.156,20627,20628,20628,1,1
2024-05-09 15:19:46.911,20627,20628,20627,3,-3
2024-05-09 15:19:47.787,20626,20628,20628,5,5
2024-05-09 15:19:47.836,20626,20628,20628,1,1
2024-05-09 15:19:53.404,20626,20627,20627,1,1
2024-05-09 15:20:00.023,20626,20628,20628,1,1
2024-05-09 15:20:03.195,20626,20628,20626,1,-1
2024-05-09 15:20:04.381,20626,20628,20627,1,-1
2024-05-09 15:20:04.537,20626,20628,20626,12,-12
2024-05-09 15:20:07.151,20625,20626,20625,1,-1
2024-05-09 15:20:09.815,20625,20626,20625,5,-5
2024-05-09 15:20:09.863,20625,20626,20626,2,2
2024-05-09 15:20:16.033,20624,20625,20625,1,1
2024-05-09 15:20:18.918,20624,20626,20626,3,3
2024-05-09 15:20:20.651,20624,20625,20624,1,-1
2024-05-09 15:20:21.559,20623,20624,20623,1,-1
2024-05-09 15:20:21.846,20623,20624,20623,2,-2
2024-05-09 15:20:22.423,20622,20623,20622,1,-1
2024-05-09 15:20:23.235,20622,20623,20622,1,-1
2024-05-09 15:20:25.005,20621,20623,20621,1,-1
2024-05-09 15:20:27.688,20622,20623,20622,1,-1
2024-05-09 15:20:28.230,20622,20623,20622,1,-1
2024-05-09 15:20:29.821,20621,20623,20621,5,-5
2024-05-09 15:20:34.029,20621,20622,20622,1,1
2024-05-09 15:20:38.224,20621,20622,20622,1,1
2024-05-09 15:20:39.321,20621,20622,20622,2,2
2024-05-09 15:20:45.299,20621,20622,20622,1,1
2024-05-09 15:20:50.872,20621,20622,20622,4,4
2024-05-09 15:20:50.872,20621,20622,20622,1,1
2024-05-09 15:20:50.894,20621,20622,20622,1,1
2024-05-09 15:20:51.455,20622,20623,20623,1,1
2024-05-09 15:20:51.605,20622,20623,20623,1,1
2024-05-09 15:20:51.605,20622,20623,20623,5,5
2024-05-09 15:20:51.776,20622,20625,20625,1,1
2024-05-09 15:20:51.933,20622,20625,20625,1,1
2024-05-09 15:20:53.068,20623,20625,20623,1,-1
2024-05-09 15:20:53.112,20623,20625,20623,1,-1
2024-05-09 15:21:11.017,20622,20624,20624,1,1
2024-05-09 15:21:27.725,20623,20625,20623,1,-1
2024-05-09 15:21:35.965,20622,20625,20622,2,-2
2024-05-09 15:21:37.039,20622,20624,20624,3,3
2024-05-09 15:21:41.918,20622,20625,20624,1,1
2024-05-09 15:21:45.896,20623,20625,20623,1,-1
2024-05-09 15:22:10.183,20623,20624,20624,1,1
2024-05-09 15:22:10.183,20623,20624,20624,2,2
2024-05-09 15:22:10.453,20624,20625,20624,1,-1
2024-05-09 15:22:10.487,20624,20625,20624,1,-1
2024-05-09 15:22:10.629,20624,20625,20625,3,3
2024-05-09 15:22:10.629,20624,20625,20626,8,8
2024-05-09 15:22:10.688,20624,20626,20624,1,-1
2024-05-09 15:22:21.549,20625,20626,20625,1,-1
2024-05-09 15:22:21.836,20625,20626,20625,1,-1
2024-05-09 15:22:21.895,20625,20627,20625,2,-2
2024-05-09 15:22:22.767,20625,20627,20625,1,-1
2024-05-09 15:22:34.279,20625,20627,20625,1,-1
2024-05-09 15:22:46.446,20624,20626,20624,1,-1
2024-05-09 15:22:50.522,20624,20626,20624,1,-1
2024-05-09 15:22:55.719,20624,20626,20624,1,-1
2024-05-09 15:23:07.778,20625,20626,20625,5,-5
2024-05-09 15:23:08.999,20624,20626,20625,1,-1
2024-05-09 15:23:11.819,20625,20626,20626,6,6
2024-05-09 15:23:12.079,20626,20627,20626,1,-1
2024-05-09 15:23:12.659,20625,20627,20627,4,4
2024-05-09 15:23:19.813,20626,20628,20628,1,1
2024-05-09 15:23:20.281,20627,20628,20627,1,-1
2024-05-09 15:23:27.468,20627,20628,20627,1,-1
2024-05-09 15:23:34.388,20627,20628,20627,1,-1
2024-05-09 15:23:40.931,20626,20627,20627,1,1
2024-05-09 15:23:41.046,20627,20628,20627,1,-1
2024-05-09 15:23:45.156,20626,20627,20627,1,1
2024-05-09 15:23:54.867,20627,20628,20627,1,-1
2024-05-09 15:24:01.496,20626,20627,20626,1,-1
2024-05-09 15:24:08.524,20625,20626,20625,6,-6
2024-05-09 15:24:09.486,20624,20625,20624,6,-6
2024-05-09 15:24:09.879,20623,20625,20625,1,1
2024-05-09 15:24:17.449,20623,20624,20623,4,-4
2024-05-09 15:24:30.072,20622,20623,20622,1,-1
2024-05-09 15:24:30.073,20622,20623,20622,2,-2
2024-05-09 15:24:32.478,20621,20622,20621,1,-1
2024-05-09 15:24:33.629,20620,20622,20620,5,-5
2024-05-09 15:24:34.490,20621,20622,20621,1,-1
2024-05-09 15:24:34.985,20620,20622,20620,2,-2
2024-05-09 15:24:34.985,20620,20622,20620,1,-1
2024-05-09 15:24:34.985,20620,20622,20620,4,-4
2024-05-09 15:24:34.985,20620,20622,20620,1,-1
2024-05-09 15:24:34.985,20620,20622,20620,1,-1
2024-05-09 15:24:34.985,20620,20622,20620,1,-1
2024-05-09 15:24:34.986,20620,20622,20620,5,-5
2024-05-09 15:24:34.986,20620,20622,20620,3,-3
2024-05-09 15:24:35.079,20619,20620,20618,2,-2
2024-05-09 15:24:35.079,20619,20620,20619,2,-2
2024-05-09 15:24:35.177,20618,20620,20618,1,-1
2024-05-09 15:24:35.747,20618,20620,20618,1,-1
2024-05-09 15:24:36.349,20618,20620,20620,2,2
2024-05-09 15:24:40.913,20619,20620,20619,1,-1
2024-05-09 15:24:42.928,20618,20620,20620,1,1
2024-05-09 15:24:45.739,20618,20620,20618,1,-1
2024-05-09 15:24:46.637,20619,20620,20620,1,1
2024-05-09 15:24:47.559,20619,20620,20619,1,-1
2024-05-09 15:24:55.453,20618,20619,20619,1,1
2024-05-09 15:24:55.534,20618,20619,20618,1,-1
2024-05-09 15:24:57.195,20618,20619,20618,2,-2
2024-05-09 15:24:57.879,20617,20618,20617,1,-1
2024-05-09 15:24:57.890,20617,20618,20617,2,-2
2024-05-09 15:24:57.914,20616,20618,20616,1,-1
2024-05-09 15:24:57.931,20616,20618,20616,1,-1
2024-05-09 15:25:06.221,20616,20618,20617,1,-1
2024-05-09 15:25:06.706,20616,20617,20617,1,1
2024-05-09 15:25:09.752,20616,20618,20617,3,3
2024-05-09 15:25:10.041,20617,20618,20617,1,-1
2024-05-09 15:25:11.375,20617,20618,20617,2,-2
2024-05-09 15:25:19.792,20617,20618,20617,7,-7
2024-05-09 15:25:20.844,20616,20618,20617,1,-1
2024-05-09 15:25:21.228,20616,20618,20617,1,-1
2024-05-09 15:25:21.282,20616,20618,20617,1,-1
2024-05-09 15:25:24.032,20617,20618,20617,1,-1
2024-05-09 15:25:24.857,20617,20618,20618,10,10
2024-05-09 15:25:25.214,20618,20619,20618,1,-1
2024-05-09 15:25:26.215,20618,20619,20618,1,-1
2024-05-09 15:25:36.815,20617,20618,20618,1,1
2024-05-09 15:25:39.912,20618,20619,20618,1,-1
2024-05-09 15:25:43.297,20617,20619,20617,5,-5
2024-05-09 15:25:44.712,20617,20618,20617,1,-1
2024-05-09 15:25:45.144,20616,20618,20616,6,-6
2024-05-09 15:25:48.160,20616,20618,20616,2,-2
2024-05-09 15:25:50.459,20616,20617,20616,1,-1
2024-05-09 15:25:53.359,20615,20616,20615,5,-5
2024-05-09 15:25:53.418,20615,20616,20615,1,-1
2024-05-09 15:25:53.419,20615,20616,20615,1,-1
2024-05-09 15:25:53.518,20615,20616,20614,1,-1
2024-05-09 15:25:53.555,20613,20615,20613,2,-2
2024-05-09 15:25:53.676,20613,20615,20613,1,-1
2024-05-09 15:25:55.616,20613,20615,20615,5,5
2024-05-09 15:25:56.110,20613,20615,20613,1,-1
2024-05-09 15:25:56.117,20613,20615,20613,3,-3
2024-05-09 15:25:56.718,20613,20615,20613,1,-1
2024-05-09 15:25:57.484,20613,20615,20613,1,-1
2024-05-09 15:25:58.894,20613,20614,20613,1,-1
2024-05-09 15:25:58.953,20613,20614,20612,2,-2
2024-05-09 15:25:59.155,20612,20613,20612,3,-3
2024-05-09 15:25:59.606,20612,20613,20613,3,3
2024-05-09 15:26:00.194,20613,20614,20613,4,-4
2024-05-09 15:26:00.461,20613,20614,20613,2,-2
2024-05-09 15:26:00.461,20613,20614,20612,1,-1
2024-05-09 15:26:00.498,20613,20614,20612,1,-1
2024-05-09 15:26:00.647,20612,20614,20612,1,-1
2024-05-09 15:26:01.428,20612,20614,20613,2,-2
2024-05-09 15:26:01.823,20612,20614,20612,3,-3
2024-05-09 15:26:02.350,20612,20614,20613,1,-1
2024-05-09 15:26:02.352,20612,20614,20613,1,-1
2024-05-09 15:26:02.835,20612,20614,20612,3,-3
2024-05-09 15:26:04.678,20612,20614,20613,2,-2
2024-05-09 15:26:05.699,20613,20614,20613,1,-1
2024-05-09 15:26:10.182,20612,20613,20613,1,1
2024-05-09 15:26:10.314,20612,20613,20613,1,1
2024-05-09 15:26:12.007,20613,20614,20614,4,4
2024-05-09 15:26:12.098,20614,20615,20614,1,-1
2024-05-09 15:26:21.438,20613,20615,20614,2,-2
2024-05-09 15:26:23.824,20614,20615,20614,1,-1
2024-05-09 15:26:24.161,20614,20615,20614,1,-1
2024-05-09 15:26:27.334,20614,20615,20615,1,1
2024-05-09 15:26:31.203,20614,20615,20614,1,-1
2024-05-09 15:26:32.518,20613,20615,20615,1,1
2024-05-09 15:26:35.873,20613,20615,20615,1,1
2024-05-09 15:26:42.456,20613,20615,20613,1,-1
2024-05-09 15:26:47.349,20614,20615,20614,1,-1
2024-05-09 15:26:47.947,20614,20615,20614,1,-1
2024-05-09 15:26:53.718,20614,20615,20614,1,-1
2024-05-09 15:26:55.096,20613,20614,20613,1,-1
2024-05-09 15:26:57.578,20613,20614,20614,3,3
2024-05-09 15:26:58.767,20614,20615,20614,2,-2
2024-05-09 15:27:01.216,20613,20615,20613,2,-2
2024-05-09 15:27:04.741,20614,20615,20614,1,-1
2024-05-09 15:27:05.741,20613,20615,20613,2,-2
2024-05-09 15:27:09.863,20613,20615,20615,1,1
2024-05-09 15:27:14.641,20613,20614,20613,5,-5
2024-05-09 15:27:19.046,20613,20614,20613,1,-1
2024-05-09 15:27:20.194,20613,20614,20613,2,-2
2024-05-09 15:27:24.668,20613,20614,20613,1,-1
2024-05-09 15:27:25.702,20613,20614,20613,1,-1
2024-05-09 15:27:26.076,20613,20614,20613,1,-1
2024-05-09 15:27:28.555,20613,20614,20613,1,-1
2024-05-09 15:27:29.644,20613,20614,20613,2,-2
2024-05-09 15:27:32.486,20613,20614,20613,1,-1
2024-05-09 15:27:34.492,20613,20614,20614,2,2
2024-05-09 15:27:39.853,20614,20615,20614,1,-1
2024-05-09 15:27:44.538,20614,20615,20614,3,-3
2024-05-09 15:27:45.884,20614,20615,20614,1,-1
2024-05-09 15:27:46.817,20613,20615,20613,1,-1
2024-05-09 15:27:58.448,20613,20615,20613,2,-2
2024-05-09 15:28:12.760,20613,20615,20613,3,-3
2024-05-09 15:28:16.103,20613,20615,20613,4,-4
2024-05-09 15:28:16.341,20613,20614,20613,3,-3
2024-05-09 15:28:16.346,20613,20614,20612,4,-4
2024-05-09 15:28:16.347,20613,20614,20612,2,-2
2024-05-09 15:28:16.347,20613,20614,20612,1,-1
2024-05-09 15:28:16.347,20613,20614,20612,1,-1
2024-05-09 15:28:16.710,20612,20613,20612,8,-8
2024-05-09 15:28:23.201,20611,20612,20611,7,-7
2024-05-09 15:28:23.334,20610,20611,20610,1,-1
2024-05-09 15:28:24.023,20610,20611,20610,12,-12
2024-05-09 15:28:24.024,20610,20611,20610,1,-1
2024-05-09 15:28:24.024,20610,20611,20610,2,-2
2024-05-09 15:28:24.024,20610,20611,20610,1,-1
2024-05-09 15:28:29.484,20609,20610,20609,1,-1
2024-05-09 15:28:29.596,20609,20611,20609,1,-1
2024-05-09 15:28:30.249,20609,20610,20610,1,1
2024-05-09 15:28:31.065,20609,20611,20609,1,-1
2024-05-09 15:28:33.009,20610,20611,20610,1,-1
2024-05-09 15:28:33.009,20610,20611,20609,2,-2
2024-05-09 15:28:33.905,20610,20611,20610,1,-1
2024-05-09 15:28:34.355,20609,20610,20609,1,-1
2024-05-09 15:28:35.205,20609,20610,20610,2,2
2024-05-09 15:28:40.186,20609,20610,20609,7,-7
2024-05-09 15:28:40.201,20609,20610,20609,2,-2
2024-05-09 15:28:45.732,20608,20609,20608,1,-1
2024-05-09 15:28:45.810,20608,20609,20608,2,-2
2024-05-09 15:28:45.883,20608,20609,20608,1,-1
2024-05-09 15:28:46.051,20608,20609,20608,1,-1
2024-05-09 15:28:47.036,20608,20609,20608,2,-2
2024-05-09 15:28:51.061,20608,20609,20608,1,-1
2024-05-09 15:28:51.422,20607,20609,20608,1,-1
2024-05-09 15:28:54.536,20608,20609,20609,7,7
2024-05-09 15:28:58.403,20609,20610,20609,1,-1
2024-05-09 15:28:58.541,20609,20610,20609,1,-1
2024-05-09 15:29:00.402,20609,20610,20610,1,1
2024-05-09 15:29:02.337,20609,20610,20609,5,-5
2024-05-09 15:29:07.402,20609,20610,20609,1,-1
2024-05-09 15:29:08.881,20609,20610,20609,1,-1
2024-05-09 15:29:10.560,20608,20609,20608,1,-1
2024-05-09 15:29:11.202,20608,20609,20609,1,1
2024-05-09 15:29:11.998,20609,20610,20609,1,-1
2024-05-09 15:29:15.112,20609,20610,20609,1,-1
2024-05-09 15:29:17.423,20608,20609,20609,1,1
2024-05-09 15:29:19.687,20608,20609,20608,2,-2
2024-05-09 15:29:20.134,20607,20608,20608,1,1
2024-05-09 15:29:20.242,20607,20609,20609,3,3
2024-05-09 15:29:26.955,20608,20609,20608,1,-1
2024-05-09 15:29:28.023,20608,20609,20608,1,-1
2024-05-09 15:29:28.023,20608,20609,20607,1,-1
2024-05-09 15:29:30.292,20608,20609,20609,1,1
2024-05-09 15:29:30.392,20608,20609,20609,1,1
2024-05-09 15:29:30.393,20608,20609,20609,3,3
2024-05-09 15:29:30.827,20608,20609,20608,1,-1
2024-05-09 15:29:30.842,20608,20609,20608,1,-1
2024-05-09 15:29:30.941,20608,20609,20608,1,-1
2024-05-09 15:29:31.727,20608,20609,20608,1,-1
2024-05-09 15:29:32.104,20607,20609,20607,2,-2
2024-05-09 15:29:32.901,20607,20609,20607,3,-3
2024-05-09 15:29:34.193,20607,20609,20607,1,-1
2024-05-09 15:29:40.136,20607,20608,20607,1,-1
2024-05-09 15:29:40.639,20607,20608,20607,1,-1
2024-05-09 15:29:40.639,20607,20608,20606,1,-1
2024-05-09 15:29:42.420,20606,20608,20606,8,-8
2024-05-09 15:29:43.514,20605,20607,20607,1,1
2024-05-09 15:29:47.949,20605,20607,20605,1,-1
2024-05-09 15:29:48.105,20605,20607,20605,1,-1
2024-05-09 15:29:48.120,20605,20607,20605,1,-1
2024-05-09 15:29:48.146,20605,20607,20605,1,-1
2024-05-09 15:29:48.244,20605,20607,20605,1,-1
2024-05-09 15:29:48.309,20605,20607,20605,1,-1
2024-05-09 15:29:48.320,20605,20607,20605,1,-1
2024-05-09 15:29:48.350,20605,20607,20605,1,-1
2024-05-09 15:29:48.382,20605,20607,20605,1,-1
2024-05-09 15:29:49.660,20605,20606,20606,2,2
2024-05-09 15:29:51.302,20605,20607,20605,5,-5
2024-05-09 15:29:55.215,20605,20607,20606,2,-2
2024-05-09 15:29:57.575,20605,20607,20606,1,-1
2024-05-09 15:30:01.174,20606,20607,20606,1,-1
2024-05-09 15:30:03.422,20605,20607,20607,2,2
2024-05-09 15:30:03.484,20605,20607,20606,1,1
2024-05-09 15:30:04.240,20606,20607,20607,2,2
2024-05-09 15:30:06.218,20606,20608,20607,5,5
2024-05-09 15:30:06.768,20606,20608,20606,1,-1
2024-05-09 15:30:07.331,20606,20608,20606,1,-1
2024-05-09 15:30:12.434,20606,20608,20606,1,-1
2024-05-09 15:30:12.828,20606,20608,20606,1,-1
2024-05-09 15:30:17.946,20607,20608,20607,1,-1
2024-05-09 15:30:19.511,20607,20608,20607,1,-1
2024-05-09 15:30:20.193,20607,20608,20607,1,-1
2024-05-09 15:30:20.757,20607,20608,20607,1,-1
2024-05-09 15:30:21.085,20606,20607,20606,1,-1
2024-05-09 15:30:25.531,20606,20607,20606,1,-1
2024-05-09 15:30:25.697,20606,20607,20607,1,1
2024-05-09 15:30:29.419,20606,20607,20607,2,2
2024-05-09 15:30:29.722,20607,20608,20608,1,1
2024-05-09 15:30:30.155,20607,20608,20607,4,-4
2024-05-09 15:30:30.591,20607,20608,20607,1,-1
2024-05-09 15:30:30.841,20607,20608,20607,1,-1
2024-05-09 15:30:31.402,20607,20608,20608,1,1
2024-05-09 15:30:35.534,20607,20608,20608,1,1
2024-05-09 15:30:36.409,20607,20608,20607,1,-1
2024-05-09 15:30:36.819,20607,20608,20608,1,1
2024-05-09 15:30:37.006,20607,20608,20607,1,-1
2024-05-09 15:30:38.088,20606,20608,20606,1,-1
2024-05-09 15:30:38.527,20606,20608,20608,1,1
2024-05-09 15:30:42.889,20606,20607,20606,1,-1
2024-05-09 15:30:42.889,20606,20607,20606,1,-1
2024-05-09 15:30:42.890,20606,20607,20606,1,-1
2024-05-09 15:30:42.890,20606,20607,20606,1,-1
2024-05-09 15:30:43.021,20605,20606,20606,1,1
2024-05-09 15:30:44.167,20605,20606,20606,1,1
2024-05-09 15:30:49.745,20605,20606,20606,1,1
2024-05-09 15:30:54.958,20606,20607,20607,1,1
2024-05-09 15:30:56.492,20606,20607,20606,1,-1
2024-05-09 15:30:56.889,20606,20607,20607,1,1
2024-05-09 15:30:59.863,20605,20607,20607,1,1
2024-05-09 15:31:00.338,20605,20607,20606,2,2
2024-05-09 15:31:04.001,20606,20607,20607,1,1
2024-05-09 15:31:04.023,20606,20607,20607,1,1
2024-05-09 15:31:08.634,20606,20607,20607,1,1
2024-05-09 15:31:08.634,20606,20607,20607,4,4
2024-05-09 15:31:08.634,20606,20607,20607,2,2
2024-05-09 15:31:09.031,20606,20607,20607,1,1
2024-05-09 15:31:09.810,20606,20608,20608,1,1
2024-05-09 15:31:10.828,20607,20608,20608,1,1
2024-05-09 15:31:10.979,20607,20608,20608,1,1
2024-05-09 15:31:17.493,20609,20610,20610,5,5
2024-05-09 15:31:18.360,20609,20610,20610,1,1
2024-05-09 15:31:18.740,20609,20610,20610,1,1
2024-05-09 15:31:18.741,20609,20610,20610,1,1
2024-05-09 15:31:19.745,20609,20610,20610,1,1
2024-05-09 15:31:25.601,20609,20610,20610,5,5
2024-05-09 15:31:32.506,20609,20610,20610,1,1
2024-05-09 15:31:33.958,20610,20611,20610,1,-1
2024-05-09 15:31:34.383,20610,20611,20611,1,1
2024-05-09 15:31:34.384,20610,20611,20611,1,1
2024-05-09 15:31:34.483,20611,20613,20611,1,-1
2024-05-09 15:31:43.017,20612,20613,20612,1,-1
2024-05-09 15:31:43.102,20611,20612,20613,2,2
2024-05-09 15:31:44.017,20611,20613,20611,1,-1
2024-05-09 15:31:51.116,20612,20613,20612,1,-1
2024-05-09 15:31:57.819,20612,20613,20612,1,-1
2024-05-09 15:32:00.137,20612,20613,20612,1,-1
2024-05-09 15:32:00.149,20612,20613,20613,1,1
2024-05-09 15:32:00.151,20612,20613,20613,1,1
2024-05-09 15:32:00.201,20612,20613,20613,2,2
2024-05-09 15:32:04.123,20612,20613,20613,1,1
2024-05-09 15:32:04.148,20612,20614,20614,1,1
2024-05-09 15:32:04.148,20612,20614,20614,1,1
2024-05-09 15:32:06.679,20612,20614,20614,2,2
2024-05-09 15:32:09.338,20613,20614,20613,1,-1
2024-05-09 15:32:09.398,20612,20614,20613,1,-1
2024-05-09 15:32:09.398,20612,20614,20614,1,1
2024-05-09 15:32:09.398,20612,20614,20614,1,1
2024-05-09 15:32:09.398,20612,20614,20614,1,1
2024-05-09 15:32:09.399,20612,20614,20614,1,1
2024-05-09 15:32:09.404,20612,20614,20614,1,1
2024-05-09 15:32:10.007,20612,20613,20613,1,1
2024-05-09 15:32:10.028,20613,20614,20613,1,-1
2024-05-09 15:32:10.192,20612,20614,20612,1,-1
2024-05-09 15:32:10.207,20612,20614,20612,1,-1
2024-05-09 15:32:10.215,20612,20614,20612,1,-1
2024-05-09 15:32:10.224,20612,20614,20612,1,-1
2024-05-09 15:32:10.236,20612,20614,20612,2,-2
2024-05-09 15:32:18.462,20613,20614,20613,2,-2
2024-05-09 15:32:20.195,20612,20613,20612,3,-3
2024-05-09 15:32:22.135,20611,20613,20613,1,1
2024-05-09 15:32:25.785,20611,20612,20612,1,1
2024-05-09 15:32:26.509,20611,20613,20612,1,1
2024-05-09 15:32:27.735,20611,20612,20612,2,2
2024-05-09 15:32:27.773,20611,20612,20612,1,1
2024-05-09 15:32:27.942,20611,20612,20612,1,1
2024-05-09 15:32:29.274,20611,20613,20613,1,1
2024-05-09 15:32:41.898,20612,20613,20612,1,-1
2024-05-09 15:32:42.863,20612,20613,20612,1,-1
2024-05-09 15:32:42.898,20611,20613,20613,1,1
2024-05-09 15:32:55.120,20611,20612,20612,1,1
2024-05-09 15:32:59.311,20611,20613,20613,1,1
2024-05-09 15:33:03.658,20612,20613,20613,1,1
2024-05-09 15:33:03.658,20612,20613,20613,5,5
2024-05-09 15:33:04.059,20612,20614,20612,1,-1
2024-05-09 15:33:05.594,20612,20614,20612,1,-1
2024-05-09 15:33:06.430,20612,20613,20613,1,1
2024-05-09 15:33:24.652,20613,20614,20614,2,2
2024-05-09 15:33:27.622,20613,20614,20613,1,-1
2024-05-09 15:33:28.089,20613,20614,20613,1,-1
2024-05-09 15:33:29.945,20613,20614,20613,1,-1
2024-05-09 15:33:30.024,20613,20614,20614,1,1
2024-05-09 15:33:35.054,20613,20614,20614,1,1
2024-05-09 15:33:38.831,20613,20614,20614,1,1
2024-05-09 15:33:38.831,20613,20614,20614,1,1
2024-05-09 15:33:38.831,20613,20614,20614,1,1
2024-05-09 15:33:38.832,20613,20614,20614,1,1
2024-05-09 15:33:38.832,20613,20614,20614,3,3
2024-05-09 15:33:43.108,20614,20615,20615,1,1
2024-05-09 15:33:47.280,20614,20615,20614,1,-1
2024-05-09 15:33:48.681,20614,20615,20614,1,-1
2024-05-09 15:33:52.211,20614,20615,20615,1,1
2024-05-09 15:33:57.085,20614,20615,20614,1,-1
2024-05-09 15:33:57.088,20614,20615,20614,1,-1
2024-05-09 15:34:01.388,20614,20615,20614,1,-1
2024-05-09 15:34:01.388,20614,20615,20613,2,-2
2024-05-09 15:34:08.644,20612,20613,20612,3,-3
2024-05-09 15:34:08.692,20612,20613,20611,2,-2
2024-05-09 15:34:11.483,20610,20611,20611,3,3
2024-05-09 15:34:29.075,20611,20612,20612,1,1
2024-05-09 15:34:29.075,20611,20612,20612,1,1
2024-05-09 15:34:43.770,20613,20614,20613,1,-1
2024-05-09 15:35:00.052,20613,20614,20614,1,1
2024-05-09 15:35:22.685,20613,20614,20614,1,1
2024-05-09 15:35:25.515,20613,20614,20613,1,-1
2024-05-09 15:35:33.447,20613,20614,20613,1,-1
2024-05-09 15:35:40.369,20613,20614,20613,1,-1
2024-05-09 15:35:43.608,20613,20615,20613,1,-1
2024-05-09 15:35:49.221,20613,20615,20613,1,-1
2024-05-09 15:36:09.097,20613,20615,20613,5,-5
2024-05-09 15:36:24.034,20612,20613,20613,1,1
2024-05-09 15:36:38.014,20613,20614,20614,1,1
2024-05-09 15:36:38.831,20614,20615,20614,1,-1
2024-05-09 15:36:45.909,20614,20615,20615,1,1
2024-05-09 15:36:45.909,20614,20615,20615,14,14
2024-05-09 15:36:48.478,20616,20617,20617,1,1
2024-05-09 15:36:48.479,20616,20617,20617,1,1
2024-05-09 15:36:49.579,20616,20618,20616,1,-1
2024-05-09 15:36:50.904,20616,20618,20618,1,1
2024-05-09 15:36:53.969,20617,20618,20618,1,1
2024-05-09 15:36:54.083,20617,20618,20618,1,1
2024-05-09 15:36:54.083,20617,20618,20618,2,2
2024-05-09 15:36:54.672,20618,20619,20618,1,-1
2024-05-09 15:36:55.412,20618,20619,20618,1,-1
2024-05-09 15:36:58.616,20617,20619,20619,2,2
2024-05-09 15:37:01.428,20619,20620,20619,1,-1
2024-05-09 15:37:01.892,20619,20620,20620,1,1
2024-05-09 15:37:02.047,20619,20620,20620,1,1
2024-05-09 15:37:02.099,20619,20620,20620,2,2
2024-05-09 15:37:02.223,20619,20621,20621,1,1
2024-05-09 15:37:02.384,20619,20621,20621,1,1
2024-05-09 15:37:02.594,20619,20621,20621,1,1
2024-05-09 15:37:02.763,20619,20621,20621,1,1
2024-05-09 15:37:02.977,20619,20620,20620,1,1
2024-05-09 15:37:03.172,20620,20621,20621,1,1
2024-05-09 15:37:03.352,20620,20621,20621,1,1
2024-05-09 15:37:03.531,20620,20622,20622,1,1
2024-05-09 15:37:03.702,20620,20622,20622,1,1
2024-05-09 15:37:03.904,20620,20622,20622,1,1
2024-05-09 15:37:04.093,20620,20622,20622,1,1
2024-05-09 15:37:04.307,20620,20622,20622,1,1
2024-05-09 15:37:04.471,20620,20622,20622,1,1
2024-05-09 15:37:08.398,20621,20622,20621,1,-1
2024-05-09 15:37:09.034,20620,20622,20622,5,5
2024-05-09 15:37:10.332,20620,20622,20622,1,1
2024-05-09 15:37:14.633,20621,20622,20621,5,-5
2024-05-09 15:37:17.169,20620,20621,20621,1,1
2024-05-09 15:37:26.060,20620,20621,20620,1,-1
2024-05-09 15:37:27.398,20620,20621,20620,1,-1
2024-05-09 15:37:27.398,20620,20621,20620,3,-3
2024-05-09 15:37:29.772,20620,20621,20620,1,-1
2024-05-09 15:37:30.641,20620,20621,20620,1,-1
2024-05-09 15:37:31.819,20620,20621,20621,1,1
2024-05-09 15:37:33.867,20620,20621,20621,1,1
2024-05-09 15:37:38.468,20620,20621,20620,1,-1
2024-05-09 15:37:39.065,20620,20621,20620,2,-2
2024-05-09 15:37:40.801,20620,20621,20621,3,3
2024-05-09 15:37:41.973,20620,20621,20621,1,1
2024-05-09 15:37:41.973,20620,20621,20622,1,1
2024-05-09 15:37:44.078,20620,20621,20621,1,1
2024-05-09 15:37:48.404,20620,20621,20621,1,1
2024-05-09 15:37:48.419,20620,20621,20621,1,1
2024-05-09 15:37:48.456,20620,20621,20621,2,2
2024-05-09 15:37:52.264,20620,20621,20621,1,1
2024-05-09 15:38:09.142,20620,20621,20620,1,-1
2024-05-09 15:38:09.621,20620,20621,20621,2,2
2024-05-09 15:38:13.829,20620,20621,20620,1,-1
2024-05-09 15:38:13.855,20620,20621,20620,1,-1
2024-05-09 15:38:18.894,20619,20620,20619,1,-1
2024-05-09 15:38:21.653,20619,20620,20619,1,-1
2024-05-09 15:38:21.653,20619,20620,20619,7,-7
2024-05-09 15:38:21.653,20619,20620,20619,1,-1
2024-05-09 15:38:21.654,20619,20620,20619,1,-1
2024-05-09 15:38:22.387,20618,20619,20618,1,-1
2024-05-09 15:38:22.402,20618,20619,20618,3,-3
2024-05-09 15:38:23.120,20618,20619,20618,1,-1
2024-05-09 15:38:26.781,20618,20619,20618,1,-1
2024-05-09 15:38:31.729,20618,20620,20618,2,-2
2024-05-09 15:38:43.240,20619,20620,20619,1,-1
2024-05-09 15:38:43.240,20619,20620,20618,2,-2
2024-05-09 15:38:47.168,20619,20620,20620,3,3
2024-05-09 15:38:47.315,20620,20621,20620,2,-2
2024-05-09 15:39:18.281,20619,20620,20619,2,-2
2024-05-09 15:39:31.875,20618,20619,20618,4,-4
2024-05-09 15:39:31.875,20618,20619,20618,1,-1
2024-05-09 15:39:32.393,20617,20618,20618,4,4
2024-05-09 15:40:00.440,20617,20618,20618,1,1
2024-05-09 15:40:11.091,20617,20619,20619,1,1
2024-05-09 15:40:30.207,20618,20619,20618,1,-1
2024-05-09 15:40:30.336,20618,20619,20618,1,-1
2024-05-09 15:40:31.064,20617,20619,20617,1,-1
2024-05-09 15:41:00.174,20617,20618,20617,4,-4
2024-05-09 15:41:00.175,20617,20618,20617,3,-3
2024-05-09 15:41:00.175,20617,20618,20617,3,-3
2024-05-09 15:41:00.444,20616,20617,20616,4,-4
2024-05-09 15:41:01.233,20615,20616,20615,6,-6
2024-05-09 15:41:04.782,20614,20616,20616,1,1
2024-05-09 15:41:12.383,20614,20615,20614,1,-1
2024-05-09 15:41:13.037,20613,20614,20614,1,1
2024-05-09 15:41:13.703,20613,20614,20613,1,-1
2024-05-09 15:41:22.001,20614,20615,20614,1,-1
2024-05-09 15:41:26.707,20613,20615,20613,2,-2
2024-05-09 15:41:32.124,20613,20615,20613,1,-1
2024-05-09 15:41:33.628,20613,20615,20613,2,-2
2024-05-09 15:41:53.730,20613,20615,20613,1,-1
2024-05-09 15:41:54.565,20613,20615,20613,1,-1
2024-05-09 15:42:16.173,20612,20614,20612,1,-1
2024-05-09 15:42:16.820,20612,20614,20612,1,-1
2024-05-09 15:42:19.784,20612,20613,20612,2,-2
2024-05-09 15:42:19.784,20612,20613,20611,3,-3
2024-05-09 15:42:21.305,20611,20613,20611,1,-1
2024-05-09 15:42:23.023,20611,20613,20611,1,-1
2024-05-09 15:42:29.012,20611,20612,20611,4,-4
2024-05-09 15:42:39.087,20611,20612,20611,3,-3
2024-05-09 15:42:39.087,20611,20612,20610,2,-2
2024-05-09 15:42:39.538,20610,20612,20610,4,-4
2024-05-09 15:42:40.106,20609,20611,20609,5,-5
2024-05-09 15:42:42.082,20610,20612,20610,1,-1
2024-05-09 15:42:45.414,20610,20612,20610,1,-1
2024-05-09 15:42:46.415,20609,20612,20610,2,-2
2024-05-09 15:42:50.411,20610,20612,20610,1,-1
2024-05-09 15:42:52.486,20610,20612,20610,2,-2
2024-05-09 15:42:55.152,20610,20611,20610,1,-1
2024-05-09 15:43:00.202,20610,20611,20610,1,-1
2024-05-09 15:43:00.580,20609,20611,20611,2,2
2024-05-09 15:43:07.804,20609,20610,20609,1,-1
2024-05-09 15:43:07.804,20609,20610,20609,3,-3
2024-05-09 15:43:10.906,20608,20609,20609,1,1
2024-05-09 15:43:14.065,20608,20609,20609,1,1
2024-05-09 15:43:14.333,20608,20609,20609,1,1
2024-05-09 15:43:20.217,20609,20610,20609,6,-6
2024-05-09 15:43:21.541,20608,20610,20609,1,-1
2024-05-09 15:43:26.038,20608,20609,20609,1,1
2024-05-09 15:43:29.695,20608,20609,20608,2,-2
2024-05-09 15:43:29.790,20608,20609,20609,1,1
2024-05-09 15:43:29.811,20608,20609,20609,1,1
2024-05-09 15:43:40.106,20608,20609,20608,4,-4
2024-05-09 15:43:40.128,20608,20609,20608,1,-1
2024-05-09 15:43:42.117,20607,20608,20607,2,-2
2024-05-09 15:43:42.117,20607,20608,20606,3,-3
2024-05-09 15:43:44.460,20607,20608,20607,1,-1
2024-05-09 15:43:45.918,20607,20608,20607,3,-3
2024-05-09 15:43:47.488,20607,20608,20607,1,-1
2024-05-09 15:43:48.000,20606,20607,20607,1,1
2024-05-09 15:43:52.121,20607,20608,20607,1,-1
2024-05-09 15:43:59.979,20607,20608,20607,1,-1
2024-05-09 15:44:00.200,20606,20608,20607,1,-1
2024-05-09 15:44:06.572,20606,20607,20607,1,1
2024-05-09 15:44:07.168,20606,20607,20607,1,1
2024-05-09 15:44:07.198,20606,20607,20606,10,-10
2024-05-09 15:44:07.215,20606,20607,20605,2,-2
2024-05-09 15:44:07.235,20606,20607,20605,2,-2
2024-05-09 15:44:07.237,20606,20607,20605,2,-2
2024-05-09 15:44:07.353,20605,20606,20605,1,-1
2024-05-09 15:44:07.355,20605,20606,20605,1,-1
2024-05-09 15:44:07.355,20605,20606,20604,1,-1
2024-05-09 15:44:07.387,20605,20606,20604,4,-4
2024-05-09 15:44:07.396,20604,20605,20604,2,-2
2024-05-09 15:44:07.402,20604,20605,20604,1,-1
2024-05-09 15:44:07.429,20604,20605,20603,1,-1
2024-05-09 15:44:07.434,20604,20605,20602,2,-2
2024-05-09 15:44:07.434,20604,20605,20603,4,-4
2024-05-09 15:44:07.451,20604,20605,20602,4,-4
2024-05-09 15:44:07.506,20604,20605,20603,3,-3
2024-05-09 15:44:07.539,20603,20604,20603,1,-1
2024-05-09 15:44:07.539,20603,20604,20602,5,-5
2024-05-09 15:44:07.605,20603,20604,20603,1,-1
2024-05-09 15:44:07.645,20602,20604,20602,6,-6
2024-05-09 15:44:07.650,20602,20604,20601,5,-5
2024-05-09 15:44:07.650,20602,20604,20602,1,-1
2024-05-09 15:44:07.692,20602,20604,20601,1,-1
2024-05-09 15:44:07.705,20602,20604,20601,2,-2
2024-05-09 15:44:07.705,20602,20604,20600,1,-1
2024-05-09 15:44:07.712,20602,20604,20600,1,-1
2024-05-09 15:44:07.742,20602,20604,20600,2,-2
2024-05-09 15:44:07.765,20602,20604,20600,6,-6
2024-05-09 15:44:07.779,20600,20601,20600,1,-1
2024-05-09 15:44:07.799,20600,20601,20600,5,-5
2024-05-09 15:44:07.803,20600,20601,20600,1,-1
2024-05-09 15:44:07.835,20600,20601,20600,1,-1
2024-05-09 15:44:07.854,20600,20601,20600,1,-1
2024-05-09 15:44:07.868,20600,20601,20600,1,-1
2024-05-09 15:44:07.872,20600,20601,20600,1,-1
2024-05-09 15:44:07.891,20600,20601,20600,1,-1
2024-05-09 15:44:07.923,20600,20602,20600,1,-1
2024-05-09 15:44:07.954,20600,20602,20599,5,-5
2024-05-09 15:44:08.103,20599,20600,20599,1,-1
2024-05-09 15:44:08.153,20599,20601,20601,1,1
2024-05-09 15:44:08.217,20599,20601,20602,1,1
2024-05-09 15:44:08.233,20599,20601,20600,1,1
2024-05-09 15:44:11.139,20602,20604,20602,1,-1
2024-05-09 15:44:12.552,20602,20604,20602,1,-1
2024-05-09 15:44:15.710,20602,20604,20604,3,3
2024-05-09 15:44:15.710,20602,20604,20605,1,1
2024-05-09 15:44:16.208,20603,20605,20603,1,-1
2024-05-09 15:44:16.694,20602,20604,20602,1,-1
2024-05-09 15:44:18.672,20602,20604,20602,1,-1
2024-05-09 15:44:18.766,20602,20604,20602,1,-1
2024-05-09 15:44:21.659,20602,20604,20602,4,-4
2024-05-09 15:44:22.664,20602,20603,20603,1,1
2024-05-09 15:44:22.717,20602,20603,20602,1,-1
2024-05-09 15:44:24.141,20601,20603,20602,1,-1
2024-05-09 15:44:24.208,20600,20602,20602,1,1
2024-05-09 15:44:24.334,20600,20602,20602,1,1
2024-05-09 15:44:28.241,20601,20602,20602,2,2
2024-05-09 15:44:29.486,20602,20603,20602,1,-1
2024-05-09 15:44:29.943,20601,20602,20602,1,1
2024-05-09 15:44:31.189,20601,20602,20602,1,1
2024-05-09 15:44:40.194,20601,20602,20601,2,-2
2024-05-09 15:44:40.252,20601,20602,20602,1,1
2024-05-09 15:44:44.100,20600,20602,20600,5,-5
2024-05-09 15:44:44.546,20600,20602,20600,1,-1
2024-05-09 15:44:46.134,20601,20602,20602,6,6
2024-05-09 15:44:46.163,20602,20603,20603,4,4
2024-05-09 15:44:46.164,20602,20603,20603,1,1
2024-05-09 15:44:49.080,20603,20604,20604,1,1
2024-05-09 15:44:49.661,20603,20605,20603,1,-1
2024-05-09 15:44:50.742,20603,20604,20603,1,-1
2024-05-09 15:44:51.270,20602,20604,20602,1,-1
2024-05-09 15:44:52.149,20602,20604,20602,1,-1
2024-05-09 15:44:54.289,20601,20602,20601,1,-1
2024-05-09 15:44:56.591,20600,20601,20600,1,-1
2024-05-09 15:44:57.774,20599,20601,20601,1,1
2024-05-09 15:44:57.857,20599,20601,20601,1,1
2024-05-09 15:44:58.085,20600,20601,20601,1,1
2024-05-09 15:45:01.369,20601,20603,20601,1,-1
2024-05-09 15:45:01.790,20601,20603,20601,1,-1
2024-05-09 15:45:01.954,20601,20603,20601,1,-1
2024-05-09 15:45:04.828,20601,20603,20601,1,-1
2024-05-09 15:45:06.218,20601,20603,20601,1,-1
2024-05-09 15:45:09.240,20601,20603,20601,2,-2
2024-05-09 15:45:09.602,20601,20602,20601,2,-2
2024-05-09 15:45:21.169,20601,20603,20601,3,-3
2024-05-09 15:45:25.990,20603,20604,20604,2,2
2024-05-09 15:45:44.105,20603,20605,20604,1,1
2024-05-09 15:45:46.104,20604,20605,20604,1,-1
2024-05-09 15:45:46.104,20604,20605,20603,1,-1
2024-05-09 15:45:46.104,20604,20605,20602,3,-3
2024-05-09 15:45:46.542,20603,20604,20604,1,1
2024-05-09 15:45:48.055,20604,20605,20604,1,-1
2024-05-09 15:45:55.847,20604,20605,20605,1,1
2024-05-09 15:45:55.847,20604,20605,20605,4,4
2024-05-09 15:46:00.359,20605,20608,20605,1,-1
2024-05-09 15:46:00.398,20605,20607,20607,1,1
2024-05-09 15:46:00.399,20605,20607,20607,1,1
2024-05-09 15:46:00.399,20605,20607,20607,1,1
2024-05-09 15:46:00.410,20605,20607,20608,1,1
2024-05-09 15:46:07.782,20606,20607,20607,2,2
2024-05-09 15:46:07.782,20606,20607,20607,2,2
2024-05-09 15:46:10.657,20606,20608,20608,3,3
2024-05-09 15:46:10.773,20606,20608,20608,1,1
2024-05-09 15:46:10.773,20606,20608,20608,1,1
2024-05-09 15:46:10.773,20606,20608,20608,1,1
2024-05-09 15:46:10.773,20606,20608,20608,1,1
2024-05-09 15:46:10.774,20606,20608,20608,3,3
2024-05-09 15:46:11.015,20607,20609,20609,3,3
2024-05-09 15:46:11.047,20607,20609,20609,1,1
2024-05-09 15:46:11.979,20607,20609,20609,1,1
2024-05-09 15:46:14.930,20608,20609,20609,3,3
2024-05-09 15:46:15.514,20608,20609,20609,1,1
2024-05-09 15:46:15.514,20608,20609,20609,2,2
2024-05-09 15:46:18.701,20608,20609,20609,4,4
2024-05-09 15:46:18.702,20608,20609,20609,1,1
2024-05-09 15:46:20.744,20609,20610,20610,1,1
2024-05-09 15:46:20.772,20609,20611,20611,1,1
2024-05-09 15:46:20.774,20609,20611,20611,1,1
2024-05-09 15:46:24.341,20610,20611,20611,1,1
2024-05-09 15:46:27.109,20611,20612,20612,1,1
2024-05-09 15:46:27.923,20611,20612,20612,1,1
2024-05-09 15:46:28.219,20611,20612,20612,1,1
2024-05-09 15:46:28.273,20611,20613,20613,1,1
2024-05-09 15:46:28.502,20611,20613,20613,1,1
2024-05-09 15:46:28.524,20611,20613,20613,1,1
2024-05-09 15:46:28.566,20611,20613,20613,2,2
2024-05-09 15:46:34.167,20613,20614,20614,1,1
2024-05-09 15:46:36.156,20613,20614,20613,1,-1
2024-05-09 15:46:42.112,20612,20613,20613,1,1
2024-05-09 15:46:44.207,20613,20614,20614,1,1
2024-05-09 15:46:45.942,20613,20614,20613,1,-1
2024-05-09 15:46:48.110,20613,20614,20613,4,-4
2024-05-09 15:46:48.110,20613,20614,20612,1,-1
2024-05-09 15:46:55.900,20613,20614,20613,1,-1
2024-05-09 15:47:03.352,20613,20614,20613,2,-2
2024-05-09 15:47:03.353,20613,20614,20613,4,-4
2024-05-09 15:47:03.447,20612,20613,20612,3,-3
2024-05-09 15:47:03.485,20612,20613,20612,1,-1
2024-05-09 15:47:15.465,20611,20613,20613,1,1
2024-05-09 15:47:24.876,20612,20613,20612,1,-1
2024-05-09 15:47:38.623,20611,20612,20612,3,3
2024-05-09 15:47:38.624,20611,20612,20612,3,3
2024-05-09 15:47:50.095,20611,20612,20611,2,-2
2024-05-09 15:47:50.095,20611,20612,20610,3,-3
2024-05-09 15:48:06.884,20611,20612,20612,4,4
2024-05-09 15:48:25.478,20611,20613,20611,1,-1
2024-05-09 15:48:25.478,20611,20613,20611,3,-3
2024-05-09 15:48:29.195,20610,20611,20611,4,4
2024-05-09 15:48:37.890,20612,20613,20612,2,-2
2024-05-09 15:48:46.934,20611,20612,20611,1,-1
2024-05-09 15:48:47.986,20610,20612,20612,1,1
2024-05-09 15:48:52.122,20610,20611,20610,2,-2
2024-05-09 15:48:52.122,20610,20611,20609,3,-3
2024-05-09 15:49:12.543,20607,20609,20609,1,1
2024-05-09 15:49:14.566,20608,20609,20608,1,-1
2024-05-09 15:49:14.936,20607,20609,20609,1,1
2024-05-09 15:49:21.714,20607,20608,20607,1,-1
2024-05-09 15:49:22.867,20606,20608,20606,2,-2
2024-05-09 15:49:29.367,20606,20607,20606,2,-2
2024-05-09 15:49:29.564,20606,20607,20606,1,-1
2024-05-09 15:49:30.223,20606,20607,20606,1,-1
2024-05-09 15:49:30.389,20605,20607,20605,1,-1
2024-05-09 15:49:41.558,20605,20606,20605,1,-1
2024-05-09 15:49:46.216,20605,20606,20605,1,-1
2024-05-09 15:49:54.097,20605,20606,20605,4,-4
2024-05-09 15:49:54.097,20605,20606,20604,1,-1
2024-05-09 15:49:55.132,20604,20606,20606,1,1
2024-05-09 15:50:03.554,20604,20605,20604,2,-2
2024-05-09 15:50:06.982,20603,20605,20604,1,-1
2024-05-09 15:50:07.334,20603,20605,20604,2,-2
2024-05-09 15:50:09.925,20604,20605,20605,1,1
2024-05-09 15:50:12.303,20605,20606,20605,3,-3
2024-05-09 15:50:12.303,20605,20606,20604,2,-2
2024-05-09 15:50:18.009,20605,20606,20606,2,2
2024-05-09 15:50:22.506,20605,20607,20606,1,1
2024-05-09 15:50:22.506,20605,20607,20605,1,-1
2024-05-09 15:50:33.348,20605,20607,20606,1,-1
2024-05-09 15:50:38.234,20605,20607,20606,1,-1
2024-05-09 15:50:38.501,20605,20606,20606,2,2
2024-05-09 15:50:42.201,20605,20607,20607,3,3
2024-05-09 15:50:54.231,20607,20609,20607,1,-1
2024-05-09 15:50:54.374,20607,20609,20609,1,1
2024-05-09 15:50:56.104,20607,20609,20607,2,-2
2024-05-09 15:50:56.104,20607,20609,20606,3,-3
2024-05-09 15:51:01.388,20607,20609,20607,1,-1
2024-05-09 15:51:13.178,20607,20609,20607,2,-2
2024-05-09 15:51:14.997,20607,20609,20607,2,-2
2024-05-09 15:51:28.904,20608,20609,20608,1,-1
2024-05-09 15:51:32.458,20608,20609,20608,1,-1
2024-05-09 15:51:43.716,20608,20609,20609,1,1
2024-05-09 15:51:51.746,20609,20610,20610,3,3
2024-05-09 15:51:58.080,20609,20610,20610,2,2
2024-05-09 15:51:58.103,20609,20610,20609,4,-4
2024-05-09 15:51:58.103,20609,20610,20608,1,-1
2024-05-09 15:52:41.998,20609,20610,20609,7,-7
2024-05-09 15:52:41.999,20609,20610,20610,4,4
2024-05-09 15:52:42.794,20609,20611,20611,1,1
2024-05-09 15:52:51.737,20609,20611,20609,2,-2
2024-05-09 15:52:51.774,20609,20610,20609,1,-1
2024-05-09 15:52:53.929,20608,20609,20609,2,2
2024-05-09 15:53:00.148,20608,20609,20608,4,-4
2024-05-09 15:53:00.148,20608,20609,20607,1,-1
2024-05-09 15:53:51.234,20607,20608,20607,2,-2
2024-05-09 15:53:52.960,20606,20608,20606,2,-2
2024-05-09 15:53:58.566,20606,20607,20606,1,-1
2024-05-09 15:53:58.567,20606,20607,20606,5,-5
2024-05-09 15:53:58.567,20606,20607,20606,2,-2
2024-05-09 15:53:58.567,20606,20607,20606,4,-4
2024-05-09 15:53:59.977,20605,20606,20605,2,-2
2024-05-09 15:54:00.214,20604,20606,20604,2,-2
2024-05-09 15:54:00.331,20604,20605,20604,1,-1
2024-05-09 15:54:02.132,20603,20605,20603,5,-5
2024-05-09 15:54:09.497,20602,20603,20602,3,-3
2024-05-09 15:54:09.762,20602,20603,20602,3,-3
2024-05-09 15:54:14.763,20602,20603,20602,1,-1
2024-05-09 15:54:21.791,20602,20603,20603,2,2
2024-05-09 15:54:35.414,20602,20603,20602,1,-1
2024-05-09 15:54:35.425,20602,20603,20602,1,-1
2024-05-09 15:54:35.425,20602,20603,20602,1,-1
2024-05-09 15:54:35.425,20602,20603,20602,1,-1
2024-05-09 15:54:35.425,20602,20603,20602,3,-3
2024-05-09 15:54:35.425,20602,20603,20602,1,-1
2024-05-09 15:54:38.849,20601,20602,20601,2,-2
2024-05-09 15:54:38.974,20601,20602,20601,1,-1
2024-05-09 15:54:44.101,20601,20602,20601,4,-4
2024-05-09 15:54:46.782,20601,20602,20601,5,-5
2024-05-09 15:54:48.778,20601,20602,20601,1,-1
2024-05-09 15:54:49.668,20601,20602,20601,2,-2
2024-05-09 15:54:50.992,20601,20602,20601,2,-2
2024-05-09 15:55:00.301,20600,20601,20601,2,2
2024-05-09 15:55:00.301,20600,20601,20601,1,1
2024-05-09 15:55:00.786,20600,20602,20600,18,-18
2024-05-09 15:55:00.788,20600,20602,20600,4,-4
2024-05-09 15:55:00.853,20600,20602,20600,4,-4
2024-05-09 15:55:00.853,20600,20602,20601,2,-2
2024-05-09 15:55:01.930,20599,20600,20600,5,5
2024-05-09 15:55:04.106,20600,20602,20600,4,-4
2024-05-09 15:55:04.106,20600,20602,20599,1,-1
2024-05-09 15:55:04.163,20599,20601,20599,1,-1
2024-05-09 15:55:04.186,20599,20601,20599,1,-1
2024-05-09 15:55:04.279,20599,20601,20599,1,-1
2024-05-09 15:55:05.398,20599,20600,20600,3,3
2024-05-09 15:55:08.615,20599,20601,20599,2,-2
2024-05-09 15:55:14.702,20598,20600,20600,1,1
2024-05-09 15:55:15.071,20599,20602,20599,1,-1
2024-05-09 15:55:17.890,20599,20601,20599,1,-1
2024-05-09 15:55:20.970,20599,20600,20600,2,2
2024-05-09 15:55:20.970,20599,20600,20600,2,2
2024-05-09 15:55:26.014,20600,20601,20600,1,-1
2024-05-09 15:55:27.537,20600,20601,20600,1,-1
2024-05-09 15:55:27.648,20599,20601,20599,1,-1
2024-05-09 15:55:27.914,20599,20601,20599,1,-1
2024-05-09 15:55:38.852,20599,20600,20599,1,-1
2024-05-09 15:55:38.869,20599,20600,20598,1,-1
2024-05-09 15:55:40.389,20598,20599,20598,6,-6
2024-05-09 15:55:41.254,20598,20599,20598,1,-1
2024-05-09 15:55:41.255,20598,20599,20598,1,-1
2024-05-09 15:55:41.255,20598,20599,20598,3,-3
2024-05-09 15:55:41.255,20598,20599,20598,1,-1
2024-05-09 15:55:46.802,20598,20599,20598,1,-1
2024-05-09 15:55:46.802,20598,20599,20597,20,-20
2024-05-09 15:55:46.803,20598,20599,20596,1,-1
2024-05-09 15:55:46.803,20598,20599,20596,1,-1
2024-05-09 15:55:46.951,20596,20597,20596,1,-1
2024-05-09 15:55:47.013,20596,20597,20596,1,-1
2024-05-09 15:55:47.114,20596,20597,20596,1,-1
2024-05-09 15:55:47.259,20595,20596,20596,2,2
2024-05-09 15:55:48.777,20595,20596,20596,1,1
2024-05-09 15:55:48.777,20595,20596,20596,4,4
2024-05-09 15:55:51.063,20595,20597,20595,4,-4
2024-05-09 15:55:52.122,20595,20596,20595,5,-5
2024-05-09 15:55:52.281,20595,20596,20595,1,-1
2024-05-09 15:55:53.071,20595,20596,20595,2,-2
2024-05-09 15:55:53.799,20594,20595,20594,2,-2
2024-05-09 15:55:53.920,20593,20595,20595,1,1
2024-05-09 15:55:54.441,20593,20595,20593,1,-1
2024-05-09 15:55:57.782,20595,20596,20595,1,-1
2024-05-09 15:55:57.782,20595,20596,20594,1,-1
2024-05-09 15:56:05.977,20594,20595,20594,1,-1
2024-05-09 15:56:06.053,20594,20595,20594,2,-2
2024-05-09 15:56:06.105,20594,20595,20593,5,-5
2024-05-09 15:56:07.465,20593,20594,20594,1,1
2024-05-09 15:56:07.754,20593,20595,20593,1,-1
2024-05-09 15:56:09.992,20594,20595,20595,5,5
2024-05-09 15:56:10.916,20594,20596,20594,1,-1
2024-05-09 15:56:18.965,20594,20595,20594,2,-2
2024-05-09 15:56:19.040,20594,20595,20595,1,1
2024-05-09 15:56:19.040,20594,20595,20596,6,6
2024-05-09 15:56:19.075,20594,20595,20595,1,1
2024-05-09 15:56:20.662,20595,20597,20597,1,1
2024-05-09 15:56:21.023,20595,20597,20597,5,5
2024-05-09 15:56:21.197,20595,20597,20597,1,1
2024-05-09 15:56:21.812,20595,20597,20595,1,-1
2024-05-09 15:56:23.120,20595,20597,20597,1,1
2024-05-09 15:56:28.961,20595,20596,20595,1,-1
2024-05-09 15:56:30.157,20595,20596,20596,1,1
2024-05-09 15:56:33.496,20596,20597,20597,11,11
2024-05-09 15:56:33.496,20596,20597,20597,2,2
2024-05-09 15:56:33.496,20596,20597,20597,4,4
2024-05-09 15:56:37.550,20597,20598,20598,1,1
2024-05-09 15:56:41.340,20597,20599,20599,4,4
2024-05-09 15:56:41.340,20597,20599,20600,1,1
2024-05-09 15:56:49.323,20599,20600,20600,1,1
2024-05-09 15:56:49.323,20599,20600,20600,1,1
2024-05-09 15:56:49.967,20599,20600,20600,1,1
2024-05-09 15:56:50.990,20600,20601,20601,1,1
2024-05-09 15:57:01.048,20600,20601,20601,1,1
2024-05-09 15:57:03.507,20600,20601,20600,1,-1
2024-05-09 15:57:03.600,20600,20601,20601,1,1
2024-05-09 15:57:08.102,20600,20601,20600,1,-1
2024-05-09 15:57:08.102,20600,20601,20599,4,-4
