2020-04-28 15:00:00.047,10574,10575,10576,28
2020-04-28 15:00:00.049,10576,10577,10576,1
2020-04-28 15:00:00.180,10576,10577,10576,2
2020-04-28 15:00:00.180,10576,10577,10575,3
2020-04-28 15:00:00.189,10576,10577,10575,3
2020-04-28 15:00:00.548,10575,10576,10576,2
2020-04-28 15:00:00.577,10575,10576,10575,2
2020-04-28 15:00:00.633,10575,10576,10574,1
2020-04-28 15:00:00.805,10574,10576,10574,1
2020-04-28 15:00:00.929,10574,10576,10576,1
2020-04-28 15:00:00.948,10574,10576,10575,1
2020-04-28 15:00:01.133,10574,10576,10575,1
2020-04-28 15:00:01.406,10574,10576,10576,4
2020-04-28 15:00:01.530,10575,10576,10576,16
2020-04-28 15:00:01.688,10576,10577,10577,3
2020-04-28 15:00:01.771,10576,10577,10578,1
2020-04-28 15:00:02.388,10577,10579,10579,1
2020-04-28 15:00:02.761,10578,10579,10578,1
2020-04-28 15:00:03.303,10575,10577,10576,1
2020-04-28 15:00:03.304,10575,10577,10576,1
2020-04-28 15:00:03.374,10575,10577,10576,1
2020-04-28 15:00:03.391,10575,10577,10576,1
2020-04-28 15:00:03.570,10575,10577,10577,1
2020-04-28 15:00:03.584,10575,10577,10577,1
2020-04-28 15:00:04.107,10576,10579,10576,1
2020-04-28 15:00:05.097,10575,10579,10575,9
2020-04-28 15:00:05.293,10574,10576,10574,1
2020-04-28 15:00:05.387,10574,10576,10576,1
2020-04-28 15:00:09.302,10575,10576,10576,2
2020-04-28 15:00:09.694,10575,10577,10577,4
2020-04-28 15:00:16.084,10576,10577,10577,2
2020-04-28 15:00:16.085,10576,10577,10577,1
2020-04-28 15:00:16.593,10577,10578,10577,3
2020-04-28 15:00:17.239,10577,10578,10577,1
2020-04-28 15:00:17.432,10577,10578,10577,1
2020-04-28 15:00:17.942,10577,10578,10577,1
2020-04-28 15:00:19.947,10577,10578,10578,4
2020-04-28 15:00:20.247,10578,10579,10578,1
2020-04-28 15:00:20.284,10577,10579,10577,1
2020-04-28 15:00:20.395,10577,10579,10578,1
2020-04-28 15:00:20.830,10578,10579,10578,2
2020-04-28 15:00:23.577,10577,10578,10578,3
2020-04-28 15:00:23.697,10578,10579,10578,1
2020-04-28 15:00:24.358,10577,10579,10579,1
2020-04-28 15:00:25.061,10578,10579,10579,1
2020-04-28 15:00:26.670,10578,10579,10579,1
2020-04-28 15:00:26.694,10578,10579,10578,1
2020-04-28 15:00:29.098,10578,10579,10579,1
2020-04-28 15:00:29.414,10578,10579,10578,7
2020-04-28 15:00:29.414,10578,10579,10577,3
2020-04-28 15:00:32.260,10577,10578,10578,4
2020-04-28 15:00:33.034,10578,10579,10579,1
2020-04-28 15:00:33.849,10578,10579,10579,2
2020-04-28 15:00:33.849,10578,10579,10579,5
2020-04-28 15:00:33.850,10578,10579,10579,1
2020-04-28 15:00:34.917,10578,10580,10578,1
2020-04-28 15:00:35.454,10579,10580,10579,1
2020-04-28 15:00:36.170,10579,10580,10579,1
2020-04-28 15:00:36.383,10579,10580,10580,2
2020-04-28 15:00:37.575,10579,10580,10579,2
2020-04-28 15:00:42.477,10578,10579,10578,1
2020-04-28 15:00:44.716,10578,10579,10579,1
2020-04-28 15:00:45.796,10578,10579,10579,1
2020-04-28 15:00:46.833,10578,10579,10579,1
2020-04-28 15:00:51.452,10578,10579,10578,1
2020-04-28 15:00:51.515,10578,10579,10579,1
2020-04-28 15:00:52.297,10578,10579,10579,1
2020-04-28 15:00:57.036,10578,10579,10579,1
2020-04-28 15:00:57.206,10578,10579,10578,1
2020-04-28 15:00:57.321,10578,10579,10578,2
2020-04-28 15:00:57.652,10578,10579,10579,10
2020-04-28 15:00:57.653,10578,10579,10579,2
2020-04-28 15:01:00.770,10579,10580,10579,3
2020-04-28 15:01:00.811,10578,10579,10579,1
2020-04-28 15:01:01.637,10578,10579,10578,1
2020-04-28 15:01:02.937,10578,10579,10578,1
2020-04-28 15:01:02.937,10578,10579,10578,1
2020-04-28 15:01:02.937,10578,10579,10578,1
2020-04-28 15:01:02.937,10578,10579,10578,2
2020-04-28 15:01:02.937,10578,10579,10578,2
2020-04-28 15:01:02.937,10578,10579,10578,18
2020-04-28 15:01:03.030,10577,10578,10577,9
2020-04-28 15:01:03.520,10576,10577,10576,13
2020-04-28 15:01:05.772,10575,10576,10575,17
2020-04-28 15:01:08.530,10574,10575,10574,12
2020-04-28 15:01:08.530,10574,10575,10574,3
2020-04-28 15:01:08.559,10574,10575,10574,1
2020-04-28 15:01:08.665,10573,10574,10574,1
2020-04-28 15:01:08.668,10573,10574,10574,1
2020-04-28 15:01:08.670,10573,10574,10574,1
2020-04-28 15:01:08.671,10573,10574,10575,2
2020-04-28 15:01:09.548,10573,10575,10575,1
2020-04-28 15:01:11.532,10573,10574,10573,10
2020-04-28 15:01:12.845,10573,10574,10574,4
2020-04-28 15:01:14.723,10573,10574,10574,1
2020-04-28 15:01:15.269,10573,10574,10574,1
2020-04-28 15:01:15.280,10573,10574,10574,1
2020-04-28 15:01:17.776,10573,10574,10574,1
2020-04-28 15:01:18.957,10573,10574,10573,2
2020-04-28 15:01:19.095,10573,10574,10573,2
2020-04-28 15:01:20.510,10572,10574,10572,1
2020-04-28 15:01:20.972,10572,10573,10573,1
2020-04-28 15:01:22.618,10572,10573,10573,1
2020-04-28 15:01:23.169,10572,10573,10573,1
2020-04-28 15:01:26.759,10572,10573,10573,1
2020-04-28 15:01:27.307,10572,10573,10573,1
2020-04-28 15:01:30.764,10572,10573,10572,3
2020-04-28 15:01:31.677,10572,10573,10573,1
2020-04-28 15:01:32.608,10572,10573,10573,1
2020-04-28 15:01:33.335,10572,10573,10572,2
2020-04-28 15:01:36.410,10572,10573,10572,1
2020-04-28 15:01:37.453,10572,10573,10572,1
2020-04-28 15:01:38.001,10572,10573,10572,1
2020-04-28 15:01:41.240,10572,10573,10573,3
2020-04-28 15:01:41.240,10572,10573,10573,2
2020-04-28 15:01:41.240,10572,10573,10573,1
2020-04-28 15:01:41.241,10572,10573,10573,1
2020-04-28 15:01:41.875,10573,10574,10574,7
2020-04-28 15:01:42.304,10574,10575,10574,3
2020-04-28 15:01:42.684,10574,10575,10574,1
2020-04-28 15:01:45.261,10574,10575,10574,1
2020-04-28 15:01:47.319,10573,10574,10574,1
2020-04-28 15:01:48.683,10573,10574,10573,1
2020-04-28 15:01:51.948,10573,10574,10574,1
2020-04-28 15:01:52.345,10573,10574,10574,1
2020-04-28 15:01:55.310,10573,10574,10573,8
2020-04-28 15:01:56.243,10572,10573,10573,1
2020-04-28 15:01:57.481,10572,10574,10574,1
2020-04-28 15:01:57.557,10572,10574,10574,1
2020-04-28 15:01:59.852,10573,10574,10573,3
2020-04-28 15:01:59.911,10572,10574,10574,1
2020-04-28 15:01:59.919,10572,10574,10574,1
2020-04-28 15:01:59.931,10572,10574,10572,1
2020-04-28 15:02:03.597,10573,10574,10573,5
2020-04-28 15:02:03.612,10573,10574,10572,1
2020-04-28 15:02:04.445,10572,10574,10572,2
2020-04-28 15:02:05.034,10573,10574,10573,5
2020-04-28 15:02:05.040,10573,10574,10573,1
2020-04-28 15:02:05.040,10573,10574,10572,1
2020-04-28 15:02:05.077,10573,10574,10572,1
2020-04-28 15:02:05.161,10572,10574,10574,1
2020-04-28 15:02:05.162,10572,10574,10574,1
2020-04-28 15:02:05.164,10572,10574,10574,1
2020-04-28 15:02:05.164,10572,10574,10574,1
2020-04-28 15:02:10.172,10573,10575,10573,3
2020-04-28 15:02:11.287,10573,10574,10574,1
2020-04-28 15:02:13.894,10573,10575,10573,1
2020-04-28 15:02:13.930,10573,10575,10574,1
2020-04-28 15:02:14.194,10574,10575,10575,6
2020-04-28 15:02:14.230,10574,10575,10575,1
2020-04-28 15:02:14.921,10575,10576,10576,4
2020-04-28 15:02:17.348,10576,10578,10576,1
2020-04-28 15:02:19.131,10577,10578,10577,1
2020-04-28 15:02:19.131,10577,10578,10577,1
2020-04-28 15:02:22.081,10576,10577,10577,1
2020-04-28 15:02:24.974,10577,10578,10577,2
2020-04-28 15:02:27.749,10577,10578,10577,1
2020-04-28 15:02:27.888,10576,10578,10576,1
2020-04-28 15:02:29.222,10577,10578,10577,1
2020-04-28 15:02:29.560,10577,10578,10577,2
2020-04-28 15:02:30.754,10576,10578,10578,1
2020-04-28 15:02:30.846,10576,10578,10578,1
2020-04-28 15:02:34.174,10576,10577,10577,1
2020-04-28 15:02:37.713,10577,10578,10577,1
2020-04-28 15:02:38.120,10577,10578,10578,2
2020-04-28 15:02:38.216,10577,10579,10577,1
2020-04-28 15:02:39.366,10577,10579,10579,1
2020-04-28 15:02:39.450,10577,10579,10579,1
2020-04-28 15:02:39.640,10577,10579,10579,1
2020-04-28 15:02:39.684,10577,10579,10579,1
2020-04-28 15:02:40.607,10577,10578,10578,1
2020-04-28 15:02:41.106,10577,10579,10577,1
2020-04-28 15:02:41.228,10577,10579,10579,1
2020-04-28 15:02:41.714,10578,10579,10578,1
2020-04-28 15:02:44.194,10577,10579,10579,2
2020-04-28 15:02:47.105,10578,10579,10578,1
2020-04-28 15:02:47.448,10578,10579,10579,2
2020-04-28 15:02:51.223,10578,10579,10579,10
2020-04-28 15:02:51.224,10578,10579,10579,1
2020-04-28 15:02:51.381,10578,10579,10579,7
2020-04-28 15:02:52.883,10579,10580,10579,1
2020-04-28 15:02:53.871,10579,10580,10580,9
2020-04-28 15:02:53.987,10580,10581,10581,1
2020-04-28 15:02:54.795,10579,10580,10579,1
2020-04-28 15:02:55.030,10579,10580,10580,1
2020-04-28 15:02:56.199,10579,10581,10581,1
2020-04-28 15:02:57.071,10579,10581,10579,1
2020-04-28 15:02:57.877,10579,10580,10580,1
2020-04-28 15:03:02.026,10579,10580,10580,3
2020-04-28 15:03:02.168,10579,10580,10579,1
2020-04-28 15:03:02.241,10579,10580,10580,2
2020-04-28 15:03:02.923,10580,10581,10580,1
2020-04-28 15:03:04.337,10579,10580,10580,1
2020-04-28 15:03:04.856,10579,10580,10580,1
2020-04-28 15:03:05.328,10580,10581,10580,2
2020-04-28 15:03:08.477,10579,10581,10581,1
2020-04-28 15:03:08.599,10579,10581,10581,1
2020-04-28 15:03:08.894,10579,10581,10581,1
2020-04-28 15:03:09.612,10579,10581,10579,1
2020-04-28 15:03:10.656,10580,10581,10580,1
2020-04-28 15:03:12.184,10579,10580,10579,4
2020-04-28 15:03:13.728,10578,10579,10579,1
2020-04-28 15:03:16.536,10578,10580,10580,2
2020-04-28 15:03:16.712,10578,10580,10578,1
2020-04-28 15:03:17.670,10578,10579,10579,1
2020-04-28 15:03:18.092,10578,10579,10579,1
2020-04-28 15:03:19.428,10579,10580,10579,1
2020-04-28 15:03:21.950,10578,10580,10580,3
2020-04-28 15:03:22.101,10578,10580,10580,1
2020-04-28 15:03:22.113,10578,10580,10580,1
2020-04-28 15:03:22.196,10579,10580,10579,2
2020-04-28 15:03:24.016,10578,10579,10579,1
2020-04-28 15:03:26.671,10579,10580,10580,1
2020-04-28 15:03:27.688,10579,10580,10579,1
2020-04-28 15:03:28.561,10579,10580,10579,1
2020-04-28 15:03:29.504,10579,10580,10580,3
2020-04-28 15:03:31.068,10580,10581,10581,1
2020-04-28 15:03:31.497,10580,10581,10581,3
2020-04-28 15:03:31.498,10580,10581,10581,1
2020-04-28 15:03:32.480,10580,10582,10582,1
2020-04-28 15:03:34.437,10581,10582,10581,1
2020-04-28 15:03:34.893,10581,10582,10582,2
2020-04-28 15:03:37.237,10581,10582,10582,3
2020-04-28 15:03:38.053,10581,10582,10582,1
2020-04-28 15:03:39.368,10581,10583,10583,1
2020-04-28 15:03:44.357,10581,10582,10582,5
2020-04-28 15:03:45.106,10582,10583,10582,1
2020-04-28 15:03:45.672,10582,10583,10582,1
2020-04-28 15:03:45.672,10582,10583,10582,1
2020-04-28 15:03:50.118,10581,10582,10581,3
2020-04-28 15:03:54.720,10580,10581,10581,1
2020-04-28 15:04:00.943,10581,10582,10581,1
2020-04-28 15:04:02.140,10581,10582,10582,3
2020-04-28 15:04:02.668,10581,10583,10583,1
2020-04-28 15:04:03.735,10581,10582,10581,1
2020-04-28 15:04:03.748,10581,10582,10581,1
2020-04-28 15:04:03.775,10581,10582,10580,1
2020-04-28 15:04:03.784,10580,10582,10580,1
2020-04-28 15:04:03.801,10580,10582,10580,1
2020-04-28 15:04:04.405,10580,10582,10582,1
2020-04-28 15:04:08.307,10580,10581,10581,1
2020-04-28 15:04:09.799,10580,10582,10580,1
2020-04-28 15:04:12.095,10580,10581,10580,2
2020-04-28 15:04:14.025,10580,10581,10580,2
2020-04-28 15:04:14.026,10580,10581,10580,1
2020-04-28 15:04:14.613,10579,10580,10579,1
2020-04-28 15:04:14.628,10579,10580,10580,1
2020-04-28 15:04:23.808,10579,10580,10580,1
2020-04-28 15:04:25.779,10578,10580,10580,1
2020-04-28 15:04:27.159,10579,10580,10580,1
2020-04-28 15:04:29.500,10578,10579,10579,1
2020-04-28 15:04:29.500,10578,10579,10580,2
2020-04-28 15:04:33.957,10578,10580,10580,8
2020-04-28 15:04:45.292,10579,10580,10579,2
2020-04-28 15:04:46.450,10578,10579,10578,3
2020-04-28 15:04:46.450,10578,10579,10578,8
2020-04-28 15:04:46.451,10578,10579,10578,1
2020-04-28 15:04:46.659,10577,10578,10578,1
2020-04-28 15:04:46.736,10577,10578,10578,1
2020-04-28 15:05:00.993,10578,10580,10578,1
2020-04-28 15:05:04.765,10578,10579,10578,3
2020-04-28 15:05:17.303,10577,10578,10577,1
2020-04-28 15:05:18.827,10577,10578,10578,1
2020-04-28 15:05:19.657,10577,10578,10577,5
2020-04-28 15:05:20.311,10576,10577,10576,3
2020-04-28 15:05:22.891,10576,10577,10577,1
2020-04-28 15:05:27.603,10576,10578,10576,1
2020-04-28 15:05:27.686,10576,10578,10576,2
2020-04-28 15:05:31.056,10576,10578,10577,1
2020-04-28 15:05:31.057,10576,10578,10577,1
2020-04-28 15:05:34.067,10576,10577,10576,5
2020-04-28 15:05:34.067,10576,10577,10575,5
2020-04-28 15:05:34.197,10575,10577,10575,2
2020-04-28 15:05:34.727,10575,10577,10575,1
2020-04-28 15:05:36.646,10575,10576,10575,1
2020-04-28 15:05:45.779,10575,10576,10575,2
2020-04-28 15:05:45.779,10575,10576,10575,2
2020-04-28 15:05:45.780,10575,10576,10575,2
2020-04-28 15:05:45.780,10575,10576,10575,2
2020-04-28 15:05:45.781,10575,10576,10575,3
2020-04-28 15:05:52.028,10574,10576,10574,1
2020-04-28 15:05:55.143,10575,10576,10575,1
2020-04-28 15:05:57.636,10574,10575,10574,2
2020-04-28 15:06:00.564,10574,10575,10574,1
2020-04-28 15:06:05.956,10574,10575,10575,1
2020-04-28 15:06:06.680,10574,10575,10575,3
2020-04-28 15:06:06.842,10575,10576,10575,2
2020-04-28 15:06:06.842,10575,10576,10574,1
2020-04-28 15:06:10.762,10574,10576,10574,2
2020-04-28 15:06:15.225,10575,10576,10575,1
2020-04-28 15:06:26.944,10574,10575,10575,4
2020-04-28 15:06:27.697,10574,10576,10574,1
2020-04-28 15:06:36.319,10575,10576,10575,1
2020-04-28 15:06:36.708,10575,10576,10575,1
2020-04-28 15:06:38.200,10575,10576,10576,1
2020-04-28 15:06:39.399,10575,10576,10575,1
2020-04-28 15:06:41.049,10575,10576,10576,2
2020-04-28 15:06:44.584,10576,10577,10576,1
2020-04-28 15:06:52.534,10575,10576,10575,2
2020-04-28 15:06:52.535,10575,10576,10575,3
2020-04-28 15:06:52.536,10575,10576,10575,6
2020-04-28 15:06:52.536,10575,10576,10575,1
2020-04-28 15:06:52.707,10574,10575,10575,1
2020-04-28 15:06:53.806,10574,10575,10575,1
2020-04-28 15:07:04.542,10574,10575,10575,10
2020-04-28 15:07:04.543,10574,10575,10575,2
2020-04-28 15:07:08.404,10575,10576,10576,1
2020-04-28 15:07:08.404,10575,10576,10576,3
2020-04-28 15:07:08.404,10575,10576,10576,1
2020-04-28 15:07:08.906,10576,10577,10576,1
2020-04-28 15:07:09.530,10576,10577,10577,2
2020-04-28 15:07:10.597,10576,10577,10577,4
2020-04-28 15:07:10.622,10576,10577,10577,2
2020-04-28 15:07:10.648,10576,10577,10577,2
2020-04-28 15:07:10.655,10577,10578,10577,2
2020-04-28 15:07:11.433,10577,10578,10578,1
2020-04-28 15:07:11.549,10577,10578,10577,1
2020-04-28 15:07:11.674,10577,10578,10578,1
2020-04-28 15:07:26.803,10576,10577,10577,1
2020-04-28 15:07:28.660,10576,10577,10577,1
2020-04-28 15:07:32.645,10576,10577,10577,1
2020-04-28 15:07:45.097,10576,10577,10576,2
2020-04-28 15:07:45.097,10576,10577,10576,6
2020-04-28 15:07:45.098,10576,10577,10576,1
2020-04-28 15:07:46.116,10575,10576,10576,1
2020-04-28 15:07:50.328,10575,10576,10576,1
2020-04-28 15:07:54.440,10575,10576,10576,1
2020-04-28 15:07:55.877,10575,10576,10575,1
2020-04-28 15:08:03.415,10575,10576,10575,1
2020-04-28 15:08:05.814,10575,10576,10575,4
2020-04-28 15:08:20.177,10575,10576,10576,8
2020-04-28 15:08:36.492,10576,10577,10576,1
2020-04-28 15:08:38.836,10576,10577,10576,1
2020-04-28 15:08:50.052,10575,10576,10576,1
2020-04-28 15:08:54.795,10576,10577,10577,5
2020-04-28 15:09:13.745,10577,10578,10578,1
2020-04-28 15:09:21.442,10577,10578,10577,1
2020-04-28 15:09:29.155,10577,10578,10577,2
2020-04-28 15:09:29.156,10577,10578,10577,1
2020-04-28 15:09:31.378,10576,10577,10577,1
2020-04-28 15:09:32.000,10576,10577,10577,1
2020-04-28 15:09:36.915,10576,10577,10577,1
2020-04-28 15:09:39.872,10577,10578,10578,1
2020-04-28 15:09:44.907,10577,10578,10577,2
2020-04-28 15:09:51.833,10577,10578,10578,1
2020-04-28 15:09:54.430,10578,10579,10579,1
2020-04-28 15:09:59.482,10578,10579,10579,1
2020-04-28 15:10:00.207,10578,10579,10579,1
2020-04-28 15:10:01.413,10579,10580,10580,2
2020-04-28 15:10:01.612,10579,10580,10580,1
2020-04-28 15:10:02.349,10579,10580,10579,1
2020-04-28 15:10:03.526,10579,10580,10580,1
2020-04-28 15:10:03.527,10579,10580,10580,6
2020-04-28 15:10:04.730,10579,10581,10581,1
2020-04-28 15:10:07.453,10580,10581,10581,1
2020-04-28 15:10:08.521,10580,10581,10581,3
2020-04-28 15:10:14.015,10581,10582,10582,1
2020-04-28 15:10:14.057,10581,10582,10582,1
2020-04-28 15:10:14.326,10581,10582,10582,1
2020-04-28 15:10:17.126,10581,10582,10582,1
2020-04-28 15:10:20.120,10581,10582,10582,9
2020-04-28 15:10:20.413,10582,10583,10582,1
2020-04-28 15:10:36.813,10582,10583,10583,5
2020-04-28 15:10:37.162,10582,10583,10583,1
2020-04-28 15:10:40.284,10582,10583,10582,6
2020-04-28 15:10:40.613,10581,10582,10582,1
2020-04-28 15:10:43.093,10581,10582,10582,1
2020-04-28 15:10:43.186,10581,10583,10581,1
2020-04-28 15:10:49.847,10582,10583,10582,1
2020-04-28 15:10:59.455,10582,10583,10582,1
2020-04-28 15:11:00.129,10581,10582,10582,1
2020-04-28 15:11:03.593,10581,10582,10581,14
2020-04-28 15:11:04.861,10580,10581,10581,1
2020-04-28 15:11:11.065,10581,10582,10581,1
2020-04-28 15:11:14.586,10580,10582,10582,1
2020-04-28 15:11:15.709,10581,10582,10582,5
2020-04-28 15:11:22.116,10582,10583,10582,2
2020-04-28 15:11:26.407,10581,10582,10582,10
2020-04-28 15:11:35.055,10581,10582,10582,2
2020-04-28 15:11:35.091,10581,10582,10582,3
2020-04-28 15:11:38.370,10581,10582,10582,1
2020-04-28 15:11:39.211,10581,10582,10581,1
2020-04-28 15:11:56.917,10581,10582,10581,1
2020-04-28 15:11:59.879,10581,10582,10581,4
2020-04-28 15:11:59.879,10581,10582,10581,3
2020-04-28 15:12:02.365,10580,10581,10581,5
2020-04-28 15:12:02.548,10580,10581,10581,2
2020-04-28 15:12:11.120,10581,10582,10581,1
2020-04-28 15:12:19.462,10581,10582,10582,1
2020-04-28 15:12:24.511,10581,10582,10581,3
2020-04-28 15:12:28.122,10580,10582,10582,1
2020-04-28 15:12:39.772,10580,10581,10581,1
2020-04-28 15:12:49.837,10581,10582,10581,2
2020-04-28 15:12:49.838,10581,10582,10581,1
2020-04-28 15:12:51.621,10580,10581,10581,1
2020-04-28 15:12:56.144,10580,10581,10581,1
2020-04-28 15:13:08.897,10580,10581,10581,1
2020-04-28 15:13:20.591,10580,10581,10581,1
2020-04-28 15:13:22.534,10580,10582,10580,1
2020-04-28 15:13:22.739,10580,10582,10582,1
2020-04-28 15:13:28.788,10581,10582,10581,1
2020-04-28 15:13:35.633,10580,10582,10582,3
2020-04-28 15:13:43.089,10581,10582,10582,3
2020-04-28 15:13:43.089,10581,10582,10582,2
2020-04-28 15:13:44.007,10582,10583,10582,1
2020-04-28 15:13:49.006,10582,10583,10582,1
2020-04-28 15:13:49.011,10582,10583,10582,1
2020-04-28 15:13:49.033,10581,10582,10582,1
2020-04-28 15:13:55.261,10581,10582,10582,1
2020-04-28 15:13:58.140,10581,10582,10581,1
2020-04-28 15:13:58.140,10581,10582,10580,1
2020-04-28 15:13:59.845,10581,10582,10582,1
2020-04-28 15:14:01.517,10581,10582,10582,1
2020-04-28 15:14:02.166,10581,10582,10582,2
2020-04-28 15:14:23.091,10580,10581,10581,2
2020-04-28 15:14:32.803,10580,10581,10580,1
2020-04-28 15:14:33.226,10580,10581,10580,6
2020-04-28 15:14:33.226,10580,10581,10579,12
2020-04-28 15:14:33.399,10579,10580,10578,1
2020-04-28 15:14:33.505,10578,10580,10578,1
2020-04-28 15:14:33.505,10578,10580,10578,1
2020-04-28 15:14:33.602,10578,10580,10578,1
2020-04-28 15:14:49.993,10579,10580,10580,1
2020-04-28 15:15:00.455,10579,10580,10579,1
2020-04-28 15:15:16.137,10578,10579,10578,1
2020-04-28 15:15:16.141,10578,10579,10578,5
2020-04-28 15:15:16.410,10577,10578,10577,5
2020-04-28 15:15:16.937,10577,10578,10577,1
2020-04-28 15:15:20.798,10577,10579,10577,2
2020-04-28 15:15:24.277,10577,10578,10578,1
2020-04-28 15:15:24.277,10577,10578,10579,1
2020-04-28 15:15:31.579,10579,10580,10580,12
2020-04-28 15:15:32.527,10580,10581,10580,5
2020-04-28 15:15:33.655,10580,10581,10580,1
2020-04-28 15:15:35.759,10580,10581,10580,10
2020-04-28 15:15:45.128,10579,10580,10580,1
2020-04-28 15:15:45.132,10579,10580,10580,1
2020-04-28 15:15:46.036,10580,10581,10580,5
2020-04-28 15:15:46.036,10580,10581,10579,15
2020-04-28 15:15:46.037,10580,10581,10579,5
2020-04-28 15:15:46.785,10579,10580,10579,2
2020-04-28 15:15:49.593,10579,10580,10579,1
2020-04-28 15:15:53.584,10578,10580,10578,8
2020-04-28 15:15:53.584,10578,10580,10578,1
2020-04-28 15:15:56.795,10577,10578,10577,2
2020-04-28 15:15:56.795,10577,10578,10577,1
2020-04-28 15:15:59.192,10576,10577,10577,1
2020-04-28 15:16:02.296,10576,10577,10577,3
2020-04-28 15:16:10.378,10576,10577,10576,1
2020-04-28 15:16:10.475,10576,10577,10576,1
2020-04-28 15:16:10.538,10576,10577,10576,2
2020-04-28 15:16:10.541,10576,10577,10576,1
2020-04-28 15:16:10.543,10576,10577,10576,2
2020-04-28 15:16:10.545,10576,10577,10576,4
2020-04-28 15:16:10.547,10576,10577,10576,1
2020-04-28 15:16:10.551,10576,10577,10576,1
2020-04-28 15:16:10.552,10576,10577,10576,1
2020-04-28 15:16:10.556,10576,10577,10576,2
2020-04-28 15:16:10.557,10576,10577,10575,1
2020-04-28 15:16:10.644,10576,10577,10576,1
2020-04-28 15:16:10.692,10575,10577,10575,1
2020-04-28 15:16:11.167,10575,10577,10577,3
2020-04-28 15:16:15.159,10576,10578,10576,1
2020-04-28 15:16:21.553,10576,10577,10577,9
2020-04-28 15:16:21.591,10576,10577,10577,2
2020-04-28 15:16:22.380,10577,10578,10577,1
2020-04-28 15:16:29.277,10577,10578,10577,1
2020-04-28 15:16:37.533,10577,10578,10577,4
2020-04-28 15:16:37.534,10577,10578,10577,1
2020-04-28 15:16:41.025,10576,10577,10577,1
2020-04-28 15:16:42.117,10576,10577,10577,2
2020-04-28 15:16:52.614,10577,10578,10578,1
2020-04-28 15:17:00.338,10577,10578,10577,1
2020-04-28 15:17:00.649,10577,10578,10578,1
2020-04-28 15:17:02.141,10577,10578,10578,2
2020-04-28 15:17:05.459,10577,10578,10577,1
2020-04-28 15:17:09.212,10577,10578,10577,1
2020-04-28 15:17:11.410,10577,10578,10577,1
2020-04-28 15:17:20.776,10577,10578,10577,1
2020-04-28 15:17:28.786,10577,10578,10577,1
2020-04-28 15:17:31.851,10577,10578,10577,1
2020-04-28 15:17:40.472,10577,10578,10577,1
2020-04-28 15:17:48.394,10577,10578,10577,1
2020-04-28 15:17:58.156,10577,10578,10577,1
2020-04-28 15:18:10.351,10577,10578,10577,1
2020-04-28 15:18:10.753,10577,10578,10578,2
2020-04-28 15:18:10.849,10577,10578,10578,6
2020-04-28 15:18:10.849,10577,10578,10578,4
2020-04-28 15:18:10.849,10577,10578,10578,2
2020-04-28 15:18:10.850,10577,10578,10578,5
2020-04-28 15:18:10.850,10577,10578,10578,1
2020-04-28 15:18:10.850,10577,10578,10578,1
2020-04-28 15:18:10.850,10577,10578,10578,1
2020-04-28 15:18:10.850,10577,10578,10578,1
2020-04-28 15:18:20.456,10578,10579,10578,3
2020-04-28 15:18:20.693,10577,10578,10578,1
2020-04-28 15:18:21.740,10577,10579,10579,2
2020-04-28 15:18:25.219,10577,10578,10577,1
2020-04-28 15:18:40.952,10577,10578,10578,3
2020-04-28 15:18:41.077,10577,10578,10578,2
2020-04-28 15:18:46.296,10578,10579,10579,1
2020-04-28 15:19:06.748,10578,10579,10579,2
2020-04-28 15:19:12.339,10578,10579,10579,2
2020-04-28 15:19:20.183,10579,10580,10580,3
2020-04-28 15:19:26.802,10579,10581,10581,5
2020-04-28 15:19:30.975,10580,10581,10580,3
2020-04-28 15:19:30.975,10580,10581,10579,2
2020-04-28 15:19:56.809,10579,10581,10581,1
2020-04-28 15:20:06.242,10580,10581,10581,4
2020-04-28 15:20:07.979,10580,10581,10580,1
2020-04-28 15:20:13.653,10579,10581,10580,1
2020-04-28 15:20:19.477,10579,10581,10579,1
2020-04-28 15:20:21.929,10579,10581,10579,1
2020-04-28 15:20:35.472,10579,10580,10580,5
2020-04-28 15:20:38.838,10579,10581,10579,1
2020-04-28 15:21:02.244,10579,10580,10580,5
2020-04-28 15:21:27.582,10580,10581,10581,10
2020-04-28 15:21:27.583,10580,10581,10581,2
2020-04-28 15:21:27.583,10580,10581,10581,2
2020-04-28 15:21:27.583,10580,10581,10581,2
2020-04-28 15:21:31.860,10581,10582,10581,1
2020-04-28 15:21:34.910,10580,10581,10581,1
2020-04-28 15:21:35.029,10580,10581,10581,3
2020-04-28 15:21:35.155,10580,10581,10581,1
2020-04-28 15:21:50.751,10581,10582,10582,9
2020-04-28 15:21:50.780,10582,10583,10583,11
2020-04-28 15:21:51.276,10583,10584,10584,1
2020-04-28 15:21:51.324,10583,10584,10584,1
2020-04-28 15:21:51.332,10583,10584,10584,1
2020-04-28 15:21:51.352,10583,10584,10584,1
2020-04-28 15:21:51.381,10583,10584,10585,1
2020-04-28 15:22:05.369,10584,10585,10585,1
2020-04-28 15:22:09.827,10584,10585,10585,1
2020-04-28 15:22:13.302,10584,10585,10585,3
2020-04-28 15:22:14.632,10584,10585,10585,1
2020-04-28 15:22:15.549,10584,10585,10585,4
2020-04-28 15:22:20.762,10584,10585,10585,1
2020-04-28 15:22:23.290,10584,10585,10585,4
2020-04-28 15:22:26.764,10584,10585,10584,5
2020-04-28 15:22:27.591,10584,10585,10585,1
2020-04-28 15:22:33.209,10584,10585,10584,2
2020-04-28 15:22:34.045,10584,10585,10584,1
2020-04-28 15:22:37.017,10584,10585,10585,1
2020-04-28 15:22:44.356,10584,10585,10584,1
2020-04-28 15:22:44.690,10584,10585,10585,2
2020-04-28 15:22:48.226,10584,10585,10585,1
2020-04-28 15:22:54.528,10584,10585,10585,1
2020-04-28 15:22:54.563,10584,10585,10585,3
2020-04-28 15:22:54.563,10584,10585,10585,2
2020-04-28 15:22:54.563,10584,10585,10585,3
2020-04-28 15:22:54.564,10584,10585,10585,1
2020-04-28 15:22:54.564,10584,10585,10585,1
2020-04-28 15:22:54.564,10584,10585,10585,5
2020-04-28 15:22:54.565,10584,10585,10585,1
2020-04-28 15:22:55.331,10585,10586,10585,13
2020-04-28 15:22:55.331,10585,10586,10584,7
2020-04-28 15:22:56.497,10584,10585,10585,1
2020-04-28 15:23:03.848,10584,10585,10585,1
2020-04-28 15:23:04.362,10585,10586,10585,2
2020-04-28 15:23:05.222,10584,10585,10585,2
2020-04-28 15:23:13.534,10585,10586,10585,1
2020-04-28 15:23:18.371,10585,10586,10586,1
2020-04-28 15:23:19.830,10585,10586,10586,1
2020-04-28 15:23:19.984,10585,10586,10586,6
2020-04-28 15:23:20.924,10586,10587,10587,1
2020-04-28 15:23:21.077,10586,10587,10587,5
2020-04-28 15:23:21.172,10586,10587,10587,1
2020-04-28 15:23:21.297,10586,10587,10587,1
2020-04-28 15:23:21.405,10586,10587,10587,3
2020-04-28 15:23:22.406,10586,10588,10588,2
2020-04-28 15:23:22.407,10586,10588,10588,3
2020-04-28 15:23:22.569,10587,10588,10588,4
2020-04-28 15:23:25.291,10587,10588,10588,4
2020-04-28 15:23:25.404,10587,10588,10588,3
2020-04-28 15:23:26.963,10587,10588,10587,1
2020-04-28 15:23:28.317,10586,10587,10586,1
2020-04-28 15:23:29.857,10586,10587,10587,1
2020-04-28 15:23:34.216,10586,10587,10587,1
2020-04-28 15:23:34.808,10586,10587,10587,1
2020-04-28 15:23:35.958,10586,10587,10587,1
2020-04-28 15:23:37.869,10586,10587,10586,1
2020-04-28 15:23:38.840,10586,10587,10587,1
2020-04-28 15:23:39.117,10586,10587,10586,1
2020-04-28 15:23:43.025,10586,10587,10587,3
2020-04-28 15:23:44.160,10586,10587,10587,1
2020-04-28 15:23:45.040,10586,10587,10587,1
2020-04-28 15:23:45.784,10586,10587,10587,1
2020-04-28 15:23:45.846,10586,10587,10587,1
2020-04-28 15:23:46.381,10586,10587,10587,1
2020-04-28 15:23:46.381,10586,10587,10587,1
2020-04-28 15:23:46.381,10586,10587,10587,2
2020-04-28 15:23:47.256,10587,10588,10587,1
2020-04-28 15:23:47.681,10587,10588,10587,1
2020-04-28 15:23:53.076,10587,10588,10588,1
2020-04-28 15:23:55.667,10587,10588,10588,1
2020-04-28 15:23:55.806,10587,10588,10588,15
2020-04-28 15:23:55.806,10587,10588,10588,1
2020-04-28 15:23:56.548,10588,10589,10588,5
2020-04-28 15:23:57.307,10588,10589,10588,1
2020-04-28 15:23:57.691,10588,10589,10589,1
2020-04-28 15:23:57.730,10588,10589,10589,1
2020-04-28 15:23:59.498,10588,10589,10588,1
2020-04-28 15:24:01.376,10588,10589,10589,1
2020-04-28 15:24:02.189,10588,10589,10589,1
2020-04-28 15:24:07.808,10588,10589,10589,1
2020-04-28 15:24:07.913,10588,10589,10589,2
2020-04-28 15:24:07.915,10588,10589,10589,2
2020-04-28 15:24:07.916,10588,10589,10589,1
2020-04-28 15:24:07.917,10588,10589,10589,1
2020-04-28 15:24:07.919,10588,10589,10589,3
2020-04-28 15:24:07.919,10588,10589,10590,1
2020-04-28 15:24:07.921,10588,10589,10590,1
2020-04-28 15:24:07.922,10588,10589,10590,1
2020-04-28 15:24:07.926,10588,10589,10590,2
2020-04-28 15:24:07.928,10588,10589,10590,1
2020-04-28 15:24:08.070,10588,10590,10590,3
2020-04-28 15:24:08.110,10588,10590,10590,2
2020-04-28 15:24:08.116,10588,10590,10590,5
2020-04-28 15:24:08.190,10589,10590,10590,2
2020-04-28 15:24:08.193,10589,10590,10590,1
2020-04-28 15:24:08.193,10589,10590,10591,1
2020-04-28 15:24:08.199,10589,10590,10590,2
2020-04-28 15:24:08.219,10589,10590,10591,5
2020-04-28 15:24:08.239,10589,10590,10591,1
2020-04-28 15:24:08.324,10589,10591,10591,3
2020-04-28 15:24:08.337,10589,10591,10591,2
2020-04-28 15:24:08.344,10589,10591,10591,1
2020-04-28 15:24:08.344,10589,10591,10592,1
2020-04-28 15:24:08.358,10589,10591,10592,2
2020-04-28 15:24:08.414,10590,10592,10592,1
2020-04-28 15:24:08.422,10590,10592,10592,1
2020-04-28 15:24:08.459,10590,10592,10592,1
2020-04-28 15:24:08.492,10590,10592,10592,1
2020-04-28 15:24:08.503,10590,10592,10592,1
2020-04-28 15:24:08.526,10590,10592,10592,1
2020-04-28 15:24:08.529,10590,10592,10593,1
2020-04-28 15:24:08.538,10591,10593,10593,1
2020-04-28 15:24:08.538,10591,10593,10593,1
2020-04-28 15:24:08.587,10591,10593,10593,1
2020-04-28 15:24:08.661,10592,10593,10593,1
2020-04-28 15:24:08.683,10592,10593,10593,1
2020-04-28 15:24:08.736,10592,10593,10593,1
2020-04-28 15:24:08.737,10592,10593,10593,4
2020-04-28 15:24:08.760,10592,10593,10594,1
2020-04-28 15:24:08.845,10592,10594,10594,1
2020-04-28 15:24:08.994,10593,10594,10594,3
2020-04-28 15:24:09.173,10592,10594,10594,1
2020-04-28 15:24:09.173,10592,10594,10594,1
2020-04-28 15:24:09.177,10592,10594,10594,1
2020-04-28 15:24:09.365,10593,10594,10593,1
2020-04-28 15:24:09.385,10593,10594,10593,1
2020-04-28 15:24:09.409,10592,10594,10592,1
2020-04-28 15:24:09.634,10592,10594,10594,1
2020-04-28 15:24:09.767,10592,10594,10594,1
2020-04-28 15:24:09.855,10592,10594,10594,4
2020-04-28 15:24:10.047,10593,10594,10593,1
2020-04-28 15:24:10.177,10593,10594,10594,2
2020-04-28 15:24:10.334,10593,10594,10595,3
2020-04-28 15:24:10.535,10594,10595,10594,1
2020-04-28 15:24:10.673,10594,10595,10595,1
2020-04-28 15:24:10.928,10594,10595,10595,2
2020-04-28 15:24:11.218,10594,10595,10595,1
2020-04-28 15:24:12.683,10594,10595,10595,2
2020-04-28 15:24:12.805,10594,10595,10594,2
2020-04-28 15:24:12.904,10594,10595,10594,1
2020-04-28 15:24:12.935,10593,10594,10592,6
2020-04-28 15:24:13.100,10591,10593,10591,4
2020-04-28 15:24:13.705,10590,10592,10592,1
2020-04-28 15:24:14.194,10590,10592,10592,1
2020-04-28 15:24:15.204,10590,10592,10592,1
2020-04-28 15:24:15.313,10590,10592,10590,1
2020-04-28 15:24:15.505,10590,10591,10591,2
2020-04-28 15:24:16.090,10590,10592,10590,2
2020-04-28 15:24:16.103,10590,10592,10591,1
2020-04-28 15:24:25.248,10591,10592,10592,1
2020-04-28 15:24:26.548,10591,10592,10592,1
2020-04-28 15:24:27.312,10592,10593,10592,1
2020-04-28 15:24:27.976,10592,10593,10592,1
2020-04-28 15:24:29.617,10591,10592,10592,1
2020-04-28 15:24:30.008,10592,10593,10592,1
2020-04-28 15:24:30.995,10591,10593,10591,1
2020-04-28 15:24:32.744,10592,10593,10592,1
2020-04-28 15:24:37.166,10592,10593,10592,1
2020-04-28 15:24:40.905,10592,10593,10593,2
2020-04-28 15:24:41.852,10592,10593,10593,1
2020-04-28 15:24:41.948,10592,10593,10593,1
2020-04-28 15:24:43.001,10592,10593,10593,1
2020-04-28 15:24:45.952,10592,10593,10593,4
2020-04-28 15:24:46.157,10592,10593,10593,1
2020-04-28 15:24:46.956,10593,10594,10594,1
2020-04-28 15:24:47.177,10593,10594,10594,1
2020-04-28 15:24:48.691,10593,10594,10593,1
2020-04-28 15:24:48.870,10593,10594,10594,1
2020-04-28 15:24:48.929,10593,10594,10594,2
2020-04-28 15:24:49.346,10593,10594,10594,4
2020-04-28 15:24:49.346,10593,10594,10595,1
2020-04-28 15:24:49.434,10593,10595,10595,6
2020-04-28 15:24:51.203,10594,10595,10595,2
2020-04-28 15:24:52.435,10594,10595,10594,1
2020-04-28 15:24:52.523,10594,10595,10593,1
2020-04-28 15:24:52.788,10593,10594,10594,1
2020-04-28 15:24:53.731,10593,10595,10595,1
2020-04-28 15:24:55.975,10593,10595,10595,3
2020-04-28 15:24:58.560,10594,10595,10595,1
2020-04-28 15:24:58.660,10594,10595,10594,1
2020-04-28 15:24:59.023,10594,10595,10594,2
2020-04-28 15:25:00.266,10594,10595,10595,1
2020-04-28 15:25:04.687,10594,10595,10595,1
2020-04-28 15:25:05.288,10594,10595,10595,1
2020-04-28 15:25:05.362,10594,10595,10595,1
2020-04-28 15:25:08.393,10594,10595,10595,4
2020-04-28 15:25:14.594,10595,10596,10596,2
2020-04-28 15:25:14.757,10595,10596,10596,1
2020-04-28 15:25:14.893,10595,10596,10596,2
2020-04-28 15:25:14.896,10595,10596,10596,2
2020-04-28 15:25:14.896,10595,10596,10597,1
2020-04-28 15:25:14.932,10595,10597,10597,2
2020-04-28 15:25:15.103,10595,10597,10597,2
2020-04-28 15:25:15.120,10595,10597,10597,2
2020-04-28 15:25:15.125,10595,10597,10597,1
2020-04-28 15:25:15.188,10595,10597,10597,1
2020-04-28 15:25:15.276,10595,10597,10597,1
2020-04-28 15:25:15.890,10595,10597,10596,1
2020-04-28 15:25:17.577,10595,10596,10596,1
2020-04-28 15:25:22.368,10596,10597,10597,1
2020-04-28 15:25:22.527,10596,10597,10597,2
2020-04-28 15:25:23.829,10596,10597,10597,5
2020-04-28 15:25:24.886,10596,10597,10597,1
2020-04-28 15:25:26.732,10597,10598,10597,1
2020-04-28 15:25:27.577,10596,10598,10598,3
2020-04-28 15:25:27.679,10596,10598,10598,2
2020-04-28 15:25:28.092,10596,10598,10598,15
2020-04-28 15:25:28.161,10598,10599,10599,2
2020-04-28 15:25:28.407,10598,10599,10599,2
2020-04-28 15:25:28.723,10598,10599,10599,2
2020-04-28 15:25:29.315,10598,10599,10599,1
2020-04-28 15:25:29.447,10598,10599,10599,1
2020-04-28 15:25:29.447,10598,10599,10600,1
2020-04-28 15:25:29.641,10598,10600,10600,1
2020-04-28 15:25:30.038,10598,10600,10600,1
2020-04-28 15:25:30.047,10598,10600,10600,1
2020-04-28 15:25:30.053,10598,10600,10600,1
2020-04-28 15:25:30.094,10598,10600,10599,1
2020-04-28 15:25:30.415,10598,10599,10599,2
2020-04-28 15:25:30.536,10598,10600,10600,1
2020-04-28 15:25:30.538,10598,10600,10600,1
2020-04-28 15:25:30.540,10598,10600,10600,1
2020-04-28 15:25:30.543,10598,10600,10600,1
2020-04-28 15:25:30.545,10598,10600,10600,3
2020-04-28 15:25:30.547,10598,10600,10600,1
2020-04-28 15:25:32.177,10599,10600,10599,1
2020-04-28 15:25:32.246,10599,10600,10600,1
2020-04-28 15:25:32.418,10599,10600,10600,1
2020-04-28 15:25:33.179,10599,10600,10600,2
2020-04-28 15:25:33.702,10599,10600,10600,1
2020-04-28 15:25:34.114,10599,10600,10600,5
2020-04-28 15:25:34.206,10599,10600,10600,2
2020-04-28 15:25:34.520,10599,10600,10599,1
2020-04-28 15:25:35.461,10599,10600,10600,1
2020-04-28 15:25:36.153,10599,10600,10599,2
2020-04-28 15:25:36.614,10599,10600,10600,7
2020-04-28 15:25:36.749,10599,10600,10600,1
2020-04-28 15:25:37.420,10600,10601,10600,1
2020-04-28 15:25:37.607,10599,10601,10601,1
2020-04-28 15:25:37.621,10599,10601,10599,1
2020-04-28 15:25:39.962,10599,10600,10600,1
2020-04-28 15:25:42.764,10599,10600,10600,3
2020-04-28 15:25:42.962,10599,10600,10599,1
2020-04-28 15:25:43.161,10599,10600,10600,1
2020-04-28 15:25:43.772,10599,10600,10600,1
2020-04-28 15:25:44.382,10599,10600,10600,1
2020-04-28 15:25:45.088,10599,10600,10599,1
2020-04-28 15:25:45.373,10599,10600,10600,2
2020-04-28 15:25:45.685,10599,10600,10600,1
2020-04-28 15:25:47.582,10599,10600,10600,1
2020-04-28 15:25:51.692,10599,10600,10600,1
2020-04-28 15:25:51.811,10599,10600,10600,4
2020-04-28 15:25:51.812,10599,10600,10600,1
2020-04-28 15:25:51.960,10600,10601,10600,1
2020-04-28 15:25:51.960,10600,10601,10599,1
2020-04-28 15:25:55.361,10599,10600,10600,1
2020-04-28 15:25:55.367,10599,10600,10600,1
2020-04-28 15:25:55.373,10599,10600,10600,1
2020-04-28 15:25:55.412,10599,10600,10600,1
2020-04-28 15:25:55.421,10599,10600,10601,1
2020-04-28 15:25:55.905,10599,10601,10601,6
2020-04-28 15:25:56.315,10599,10601,10601,1
2020-04-28 15:25:56.349,10599,10601,10601,1
2020-04-28 15:25:57.130,10600,10601,10600,1
2020-04-28 15:25:57.179,10600,10601,10600,1
2020-04-28 15:25:57.474,10600,10601,10601,7
2020-04-28 15:25:57.986,10600,10601,10601,1
2020-04-28 15:25:58.171,10601,10602,10602,1
2020-04-28 15:25:58.458,10601,10602,10601,1
2020-04-28 15:25:58.485,10601,10602,10601,1
2020-04-28 15:25:58.932,10601,10602,10602,1
2020-04-28 15:26:00.065,10601,10602,10602,2
2020-04-28 15:26:00.201,10601,10602,10602,3
2020-04-28 15:26:00.201,10601,10602,10603,5
2020-04-28 15:26:00.331,10602,10603,10603,1
2020-04-28 15:26:00.472,10602,10603,10603,2
2020-04-28 15:26:01.931,10602,10603,10603,4
2020-04-28 15:26:02.217,10602,10604,10602,1
2020-04-28 15:26:03.944,10602,10603,10603,2
2020-04-28 15:26:04.685,10603,10604,10603,2
2020-04-28 15:26:04.685,10603,10604,10602,5
2020-04-28 15:26:05.503,10602,10603,10602,1
2020-04-28 15:26:06.100,10602,10603,10602,2
2020-04-28 15:26:06.843,10602,10603,10603,1
2020-04-28 15:26:07.164,10602,10603,10602,1
2020-04-28 15:26:08.761,10602,10603,10602,1
2020-04-28 15:26:09.394,10602,10603,10603,1
2020-04-28 15:26:09.468,10603,10604,10603,1
2020-04-28 15:26:10.353,10603,10604,10604,5
2020-04-28 15:26:10.425,10604,10605,10605,7
2020-04-28 15:26:10.587,10604,10605,10605,2
2020-04-28 15:26:10.588,10604,10605,10605,2
2020-04-28 15:26:10.595,10604,10605,10605,3
2020-04-28 15:26:10.630,10604,10605,10605,2
2020-04-28 15:26:10.631,10604,10605,10605,2
2020-04-28 15:26:10.730,10604,10606,10606,1
2020-04-28 15:26:10.733,10604,10606,10606,2
2020-04-28 15:26:10.748,10604,10606,10607,1
2020-04-28 15:26:10.804,10606,10607,10607,2
2020-04-28 15:26:10.814,10606,10607,10607,1
2020-04-28 15:26:10.838,10606,10607,10607,1
2020-04-28 15:26:10.838,10606,10607,10607,5
2020-04-28 15:26:10.855,10606,10607,10608,2
2020-04-28 15:26:10.896,10606,10607,10608,2
2020-04-28 15:26:10.933,10606,10608,10608,2
2020-04-28 15:26:10.979,10606,10608,10608,1
2020-04-28 15:26:11.005,10606,10608,10607,2
2020-04-28 15:26:11.072,10607,10608,10608,1
2020-04-28 15:26:11.158,10607,10608,10608,2
2020-04-28 15:26:11.232,10607,10608,10608,1
2020-04-28 15:26:11.274,10607,10608,10609,2
2020-04-28 15:26:11.344,10608,10609,10609,1
2020-04-28 15:26:11.355,10608,10609,10609,1
2020-04-28 15:26:11.370,10608,10609,10608,1
2020-04-28 15:26:11.490,10608,10609,10608,6
2020-04-28 15:26:11.490,10608,10609,10607,1
2020-04-28 15:26:11.525,10608,10609,10608,1
2020-04-28 15:26:11.533,10607,10609,10609,1
2020-04-28 15:26:11.594,10607,10609,10609,2
2020-04-28 15:26:11.607,10607,10609,10609,1
2020-04-28 15:26:11.683,10608,10609,10610,2
2020-04-28 15:26:11.735,10608,10609,10609,1
2020-04-28 15:26:11.830,10608,10610,10610,2
2020-04-28 15:26:11.847,10608,10610,10610,1
2020-04-28 15:26:11.849,10608,10610,10610,1
2020-04-28 15:26:11.873,10608,10610,10608,6
2020-04-28 15:26:11.873,10608,10610,10607,1
2020-04-28 15:26:12.018,10607,10609,10609,1
2020-04-28 15:26:12.093,10607,10609,10609,1
2020-04-28 15:26:12.095,10607,10609,10609,1
2020-04-28 15:26:12.262,10607,10609,10609,1
2020-04-28 15:26:12.295,10607,10609,10609,2
2020-04-28 15:26:13.522,10608,10610,10610,1
2020-04-28 15:26:13.674,10609,10610,10609,1
2020-04-28 15:26:14.086,10607,10609,10609,4
2020-04-28 15:26:15.033,10607,10609,10609,1
2020-04-28 15:26:15.357,10607,10609,10609,4
2020-04-28 15:26:17.336,10608,10609,10609,1
2020-04-28 15:26:17.705,10608,10609,10608,3
2020-04-28 15:26:17.771,10608,10609,10609,2
2020-04-28 15:26:18.010,10608,10609,10608,1
2020-04-28 15:26:18.135,10607,10609,10609,1
2020-04-28 15:26:19.945,10608,10609,10609,1
2020-04-28 15:26:20.542,10608,10609,10609,1
2020-04-28 15:26:20.733,10608,10609,10609,2
2020-04-28 15:26:20.771,10608,10609,10609,2
2020-04-28 15:26:20.803,10608,10609,10609,1
2020-04-28 15:26:21.268,10608,10609,10609,1
2020-04-28 15:26:22.048,10608,10609,10609,1
2020-04-28 15:26:22.458,10609,10610,10609,1
2020-04-28 15:26:22.572,10609,10610,10609,3
2020-04-28 15:26:22.580,10609,10610,10608,1
2020-04-28 15:26:25.710,10608,10609,10608,5
2020-04-28 15:26:26.453,10606,10608,10606,1
2020-04-28 15:26:26.753,10606,10608,10606,1
2020-04-28 15:26:26.852,10606,10608,10608,1
2020-04-28 15:26:27.061,10606,10608,10608,1
2020-04-28 15:26:27.246,10606,10608,10608,2
2020-04-28 15:26:27.251,10606,10608,10606,1
2020-04-28 15:26:27.801,10606,10608,10606,2
2020-04-28 15:26:28.000,10606,10608,10606,1
2020-04-28 15:26:28.002,10606,10608,10606,1
2020-04-28 15:26:28.065,10606,10607,10606,1
2020-04-28 15:26:28.262,10605,10607,10607,1
2020-04-28 15:26:28.404,10605,10607,10605,2
2020-04-28 15:26:28.620,10605,10607,10605,1
2020-04-28 15:26:29.031,10605,10607,10607,1
2020-04-28 15:26:29.259,10605,10607,10607,1
2020-04-28 15:26:29.265,10605,10607,10607,1
2020-04-28 15:26:29.323,10606,10607,10606,1
2020-04-28 15:26:29.432,10605,10607,10606,1
2020-04-28 15:26:30.734,10605,10606,10605,1
2020-04-28 15:26:31.823,10605,10606,10605,1
2020-04-28 15:26:31.940,10605,10606,10605,3
2020-04-28 15:26:31.940,10605,10606,10605,2
2020-04-28 15:26:31.940,10605,10606,10605,2
2020-04-28 15:26:31.940,10605,10606,10605,1
2020-04-28 15:26:31.941,10605,10606,10605,1
2020-04-28 15:26:33.777,10604,10605,10605,1
2020-04-28 15:26:34.229,10604,10605,10604,1
2020-04-28 15:26:34.389,10604,10605,10604,1
2020-04-28 15:26:34.613,10604,10605,10604,1
2020-04-28 15:26:35.003,10604,10605,10604,1
2020-04-28 15:26:35.003,10604,10605,10603,1
2020-04-28 15:26:35.362,10603,10604,10603,5
2020-04-28 15:26:36.547,10603,10604,10604,1
2020-04-28 15:26:36.558,10603,10604,10603,1
2020-04-28 15:26:36.969,10603,10604,10604,1
2020-04-28 15:26:38.341,10603,10604,10603,1
2020-04-28 15:26:38.430,10603,10604,10603,1
2020-04-28 15:26:38.594,10603,10604,10603,1
2020-04-28 15:26:38.626,10603,10604,10604,2
2020-04-28 15:26:38.690,10603,10604,10604,1
2020-04-28 15:26:41.007,10603,10604,10603,1
2020-04-28 15:26:41.015,10603,10604,10603,1
2020-04-28 15:26:41.250,10603,10604,10604,2
2020-04-28 15:26:42.947,10603,10604,10603,1
2020-04-28 15:26:43.663,10603,10604,10604,2
2020-04-28 15:26:44.220,10603,10604,10604,1
2020-04-28 15:26:47.434,10603,10604,10604,2
2020-04-28 15:26:51.146,10603,10604,10604,1
2020-04-28 15:26:51.788,10603,10604,10603,2
2020-04-28 15:26:52.847,10603,10604,10604,2
2020-04-28 15:26:52.882,10603,10604,10604,1
2020-04-28 15:26:52.882,10603,10604,10604,1
2020-04-28 15:26:52.882,10603,10604,10604,2
2020-04-28 15:26:52.882,10603,10604,10604,4
2020-04-28 15:26:52.882,10603,10604,10604,1
2020-04-28 15:26:52.981,10604,10605,10604,1
2020-04-28 15:26:57.463,10603,10604,10603,15
2020-04-28 15:26:59.099,10603,10604,10603,2
2020-04-28 15:26:59.100,10603,10604,10603,4
2020-04-28 15:27:01.964,10602,10603,10602,1
2020-04-28 15:27:02.550,10602,10603,10602,1
2020-04-28 15:27:02.649,10602,10603,10603,1
2020-04-28 15:27:02.786,10602,10603,10603,1
2020-04-28 15:27:02.997,10602,10603,10602,1
2020-04-28 15:27:03.655,10602,10603,10602,2
2020-04-28 15:27:05.990,10602,10603,10603,1
2020-04-28 15:27:06.364,10602,10603,10602,1
2020-04-28 15:27:07.210,10602,10603,10603,1
2020-04-28 15:27:15.388,10602,10603,10603,1
2020-04-28 15:27:15.548,10602,10603,10602,2
2020-04-28 15:27:17.824,10602,10603,10603,1
2020-04-28 15:27:25.734,10602,10603,10603,1
2020-04-28 15:27:27.963,10602,10603,10603,1
2020-04-28 15:27:28.586,10602,10603,10602,13
2020-04-28 15:27:28.719,10601,10602,10602,3
2020-04-28 15:27:34.060,10601,10602,10601,1
2020-04-28 15:27:34.062,10601,10602,10601,1
2020-04-28 15:27:34.118,10601,10602,10601,1
2020-04-28 15:27:34.539,10601,10602,10601,1
2020-04-28 15:27:35.958,10601,10602,10602,1
2020-04-28 15:27:36.064,10601,10602,10602,1
2020-04-28 15:27:36.338,10601,10602,10601,1
2020-04-28 15:27:36.724,10601,10602,10601,1
2020-04-28 15:27:37.294,10601,10602,10602,1
2020-04-28 15:27:37.891,10601,10602,10601,1
2020-04-28 15:27:38.103,10601,10602,10601,1
2020-04-28 15:27:38.839,10601,10602,10601,1
2020-04-28 15:27:39.306,10600,10602,10601,1
2020-04-28 15:27:44.310,10600,10601,10601,1
2020-04-28 15:27:53.282,10600,10601,10601,1
2020-04-28 15:27:56.544,10600,10601,10601,2
2020-04-28 15:27:56.957,10600,10601,10601,2
2020-04-28 15:27:57.397,10600,10601,10600,1
2020-04-28 15:27:57.770,10600,10601,10601,2
2020-04-28 15:28:02.351,10600,10601,10601,3
2020-04-28 15:28:02.643,10600,10601,10601,2
2020-04-28 15:28:02.767,10600,10602,10602,1
2020-04-28 15:28:02.780,10601,10602,10601,1
2020-04-28 15:28:02.825,10601,10602,10602,1
2020-04-28 15:28:02.836,10601,10602,10602,1
2020-04-28 15:28:03.043,10601,10602,10602,1
2020-04-28 15:28:03.043,10601,10602,10603,9
2020-04-28 15:28:03.069,10601,10602,10603,6
2020-04-28 15:28:03.086,10601,10602,10604,10
2020-04-28 15:28:03.129,10601,10602,10604,6
2020-04-28 15:28:03.192,10602,10604,10604,5
2020-04-28 15:28:03.192,10602,10604,10605,7
2020-04-28 15:28:03.807,10603,10605,10605,1
2020-04-28 15:28:04.076,10603,10605,10605,10
2020-04-28 15:28:04.135,10603,10605,10605,1
2020-04-28 15:28:04.135,10603,10605,10606,9
2020-04-28 15:28:04.137,10603,10605,10606,1
2020-04-28 15:28:04.231,10605,10606,10606,1
2020-04-28 15:28:04.275,10605,10606,10605,4
2020-04-28 15:28:08.108,10604,10605,10604,1
2020-04-28 15:28:08.576,10604,10605,10605,4
2020-04-28 15:28:10.875,10603,10604,10603,1
2020-04-28 15:28:15.319,10602,10603,10602,1
2020-04-28 15:28:15.423,10602,10603,10603,1
2020-04-28 15:28:17.536,10602,10603,10603,1
2020-04-28 15:28:18.168,10602,10604,10603,1
2020-04-28 15:28:20.916,10603,10604,10603,1
2020-04-28 15:28:23.356,10602,10603,10602,2
2020-04-28 15:28:24.682,10602,10603,10603,2
2020-04-28 15:28:25.536,10602,10604,10603,1
2020-04-28 15:28:31.797,10602,10603,10602,1
2020-04-28 15:28:32.236,10602,10603,10603,3
2020-04-28 15:28:34.733,10602,10603,10603,1
2020-04-28 15:28:37.346,10602,10603,10602,9
2020-04-28 15:28:42.123,10601,10602,10602,1
2020-04-28 15:28:44.153,10601,10602,10601,1
2020-04-28 15:28:47.532,10601,10602,10601,1
2020-04-28 15:28:47.532,10601,10602,10601,1
2020-04-28 15:28:47.532,10601,10602,10601,1
2020-04-28 15:28:47.532,10601,10602,10601,2
2020-04-28 15:28:47.778,10600,10601,10601,2
2020-04-28 15:28:54.290,10600,10601,10600,1
2020-04-28 15:28:55.254,10600,10601,10601,2
2020-04-28 15:28:57.368,10600,10601,10601,1
2020-04-28 15:28:57.876,10600,10601,10601,1
2020-04-28 15:28:58.193,10601,10602,10601,1
2020-04-28 15:29:00.284,10601,10602,10602,9
2020-04-28 15:29:07.619,10601,10602,10602,2
2020-04-28 15:29:08.066,10601,10603,10601,1
2020-04-28 15:29:10.711,10601,10602,10602,2
2020-04-28 15:29:17.141,10601,10602,10601,1
2020-04-28 15:29:19.661,10601,10602,10602,2
2020-04-28 15:29:19.797,10601,10602,10601,1
2020-04-28 15:29:20.185,10601,10602,10601,1
2020-04-28 15:29:24.991,10601,10602,10601,1
2020-04-28 15:29:25.609,10601,10602,10601,1
2020-04-28 15:29:29.709,10601,10602,10601,1
2020-04-28 15:29:37.865,10601,10602,10601,1
2020-04-28 15:29:38.939,10601,10602,10601,1
2020-04-28 15:29:39.648,10601,10602,10602,1
2020-04-28 15:29:40.750,10601,10602,10602,1
2020-04-28 15:29:42.950,10601,10602,10602,1
2020-04-28 15:29:43.780,10601,10602,10602,2
2020-04-28 15:29:43.780,10601,10602,10603,3
2020-04-28 15:29:47.167,10601,10602,10601,15
2020-04-28 15:29:50.739,10601,10602,10601,1
2020-04-28 15:29:52.833,10600,10602,10602,2
2020-04-28 15:30:00.180,10601,10602,10601,1
2020-04-28 15:30:00.420,10601,10602,10602,1
2020-04-28 15:30:00.441,10601,10602,10602,1
2020-04-28 15:30:00.730,10601,10602,10602,1
2020-04-28 15:30:01.074,10601,10602,10602,1
2020-04-28 15:30:01.075,10601,10602,10602,1
2020-04-28 15:30:01.257,10602,10603,10603,5
2020-04-28 15:30:01.257,10602,10603,10603,5
2020-04-28 15:30:01.490,10602,10603,10603,3
2020-04-28 15:30:01.490,10602,10603,10604,7
2020-04-28 15:30:03.019,10602,10604,10602,4
2020-04-28 15:30:05.161,10602,10603,10602,1
2020-04-28 15:30:11.396,10602,10603,10602,1
2020-04-28 15:30:12.867,10601,10603,10602,1
2020-04-28 15:30:14.508,10602,10603,10602,2
2020-04-28 15:30:14.967,10602,10603,10602,1
2020-04-28 15:30:15.568,10602,10603,10602,1
2020-04-28 15:30:21.774,10601,10602,10602,1
2020-04-28 15:30:21.775,10601,10602,10602,1
2020-04-28 15:30:21.925,10602,10603,10602,1
2020-04-28 15:30:25.810,10602,10603,10602,1
2020-04-28 15:30:26.347,10602,10603,10603,6
2020-04-28 15:30:26.348,10602,10603,10603,2
2020-04-28 15:30:27.529,10602,10604,10602,1
2020-04-28 15:30:27.989,10602,10604,10604,1
2020-04-28 15:30:28.034,10603,10604,10604,2
2020-04-28 15:30:30.258,10602,10604,10604,1
2020-04-28 15:30:40.156,10603,10604,10604,1
2020-04-28 15:30:41.657,10602,10604,10604,2
2020-04-28 15:30:43.032,10602,10603,10603,1
2020-04-28 15:30:50.287,10603,10604,10604,1
2020-04-28 15:30:52.277,10603,10604,10604,1
2020-04-28 15:30:59.618,10603,10604,10604,2
2020-04-28 15:31:02.922,10604,10605,10604,1
2020-04-28 15:31:06.000,10604,10605,10605,13
2020-04-28 15:31:07.393,10604,10605,10605,1
2020-04-28 15:31:07.412,10604,10605,10606,1
2020-04-28 15:31:07.413,10604,10605,10606,1
2020-04-28 15:31:07.420,10604,10605,10605,1
2020-04-28 15:31:07.422,10604,10605,10606,1
2020-04-28 15:31:07.424,10604,10605,10606,1
2020-04-28 15:31:07.424,10604,10605,10606,3
2020-04-28 15:31:11.251,10604,10606,10604,1
2020-04-28 15:31:11.493,10604,10605,10605,2
2020-04-28 15:31:14.041,10604,10605,10604,7
2020-04-28 15:31:14.967,10603,10604,10603,1
2020-04-28 15:31:14.967,10603,10604,10603,2
2020-04-28 15:31:14.968,10603,10604,10603,3
2020-04-28 15:31:15.606,10602,10603,10603,1
2020-04-28 15:31:19.454,10602,10603,10603,1
2020-04-28 15:31:19.577,10602,10603,10603,1
2020-04-28 15:31:22.376,10602,10603,10602,1
2020-04-28 15:31:25.369,10602,10603,10603,1
2020-04-28 15:31:29.562,10602,10603,10602,2
2020-04-28 15:31:32.685,10602,10603,10602,2
2020-04-28 15:31:33.002,10602,10603,10602,1
2020-04-28 15:31:33.531,10602,10603,10602,1
2020-04-28 15:31:33.531,10602,10603,10602,1
2020-04-28 15:31:40.469,10601,10602,10602,1
2020-04-28 15:31:51.112,10602,10603,10602,2
2020-04-28 15:31:51.725,10601,10602,10602,1
2020-04-28 15:31:54.211,10601,10602,10602,1
2020-04-28 15:32:10.055,10601,10602,10601,2
2020-04-28 15:32:10.056,10601,10602,10601,5
2020-04-28 15:32:10.056,10601,10602,10601,1
2020-04-28 15:32:10.098,10601,10602,10601,2
2020-04-28 15:32:10.344,10600,10601,10601,2
2020-04-28 15:32:10.446,10600,10601,10601,2
2020-04-28 15:32:10.708,10600,10601,10601,2
2020-04-28 15:32:10.708,10600,10601,10602,15
2020-04-28 15:32:10.721,10600,10601,10602,2
2020-04-28 15:32:10.721,10600,10601,10603,2
2020-04-28 15:32:10.757,10600,10601,10603,6
2020-04-28 15:32:10.762,10600,10601,10603,17
2020-04-28 15:32:10.762,10600,10601,10604,9
2020-04-28 15:32:10.792,10602,10604,10604,3
2020-04-28 15:32:10.792,10602,10604,10604,2
2020-04-28 15:32:10.857,10602,10604,10603,1
2020-04-28 15:32:13.060,10604,10605,10604,2
2020-04-28 15:32:14.620,10603,10604,10603,1
2020-04-28 15:32:21.045,10603,10604,10604,1
2020-04-28 15:32:22.425,10603,10604,10603,1
2020-04-28 15:32:23.549,10603,10604,10603,7
2020-04-28 15:32:23.550,10603,10604,10603,1
2020-04-28 15:32:30.167,10602,10603,10603,1
2020-04-28 15:32:30.167,10602,10603,10603,1
2020-04-28 15:32:31.620,10603,10604,10603,1
2020-04-28 15:32:34.020,10603,10604,10603,1
2020-04-28 15:32:36.822,10602,10603,10602,4
2020-04-28 15:32:36.822,10602,10603,10602,3
2020-04-28 15:32:48.885,10601,10602,10602,10
2020-04-28 15:32:48.885,10601,10602,10602,1
2020-04-28 15:32:48.886,10601,10602,10602,3
2020-04-28 15:32:48.886,10601,10602,10602,1
2020-04-28 15:32:49.078,10601,10602,10601,1
2020-04-28 15:32:50.809,10601,10602,10601,1
2020-04-28 15:32:57.218,10601,10602,10602,2
2020-04-28 15:33:00.690,10602,10603,10602,8
2020-04-28 15:33:01.646,10601,10602,10602,1
2020-04-28 15:33:04.809,10601,10602,10601,1
2020-04-28 15:33:12.451,10601,10602,10602,1
2020-04-28 15:33:17.453,10601,10602,10601,3
2020-04-28 15:33:18.321,10601,10602,10601,1
2020-04-28 15:33:20.622,10601,10602,10601,1
2020-04-28 15:33:20.660,10600,10601,10601,1
2020-04-28 15:33:24.646,10601,10602,10601,1
2020-04-28 15:33:24.764,10601,10602,10601,2
2020-04-28 15:33:24.765,10601,10602,10601,5
2020-04-28 15:33:24.765,10601,10602,10601,1
2020-04-28 15:33:28.263,10600,10601,10600,1
2020-04-28 15:33:28.697,10600,10601,10600,1
2020-04-28 15:33:29.539,10600,10601,10601,1
2020-04-28 15:33:35.167,10600,10601,10600,1
2020-04-28 15:33:37.545,10600,10601,10601,3
2020-04-28 15:33:42.760,10601,10602,10602,12
2020-04-28 15:33:42.761,10601,10602,10602,7
2020-04-28 15:33:42.761,10601,10602,10602,5
2020-04-28 15:33:45.304,10602,10603,10602,1
2020-04-28 15:33:46.127,10600,10602,10600,1
2020-04-28 15:33:54.681,10601,10602,10601,1
2020-04-28 15:33:56.125,10601,10602,10601,1
2020-04-28 15:34:01.492,10601,10602,10602,1
2020-04-28 15:34:01.768,10601,10602,10602,2
2020-04-28 15:34:01.768,10601,10602,10603,20
2020-04-28 15:34:03.825,10602,10603,10602,1
2020-04-28 15:34:03.825,10602,10603,10601,1
2020-04-28 15:34:10.422,10600,10601,10601,1
2020-04-28 15:34:14.783,10600,10601,10601,1
2020-04-28 15:34:25.733,10601,10602,10602,1
2020-04-28 15:34:33.097,10602,10603,10602,1
2020-04-28 15:34:35.886,10601,10602,10602,1
2020-04-28 15:34:37.714,10601,10602,10602,1
2020-04-28 15:34:38.006,10601,10602,10602,2
2020-04-28 15:34:55.758,10601,10602,10602,1
2020-04-28 15:34:56.076,10601,10602,10601,1
2020-04-28 15:34:56.392,10601,10602,10602,1
2020-04-28 15:35:00.396,10601,10602,10601,1
2020-04-28 15:35:01.231,10601,10602,10601,5
2020-04-28 15:35:02.612,10600,10601,10600,2
2020-04-28 15:35:04.337,10600,10601,10601,7
2020-04-28 15:35:06.509,10601,10602,10601,1
2020-04-28 15:35:16.666,10601,10602,10601,2
2020-04-28 15:35:17.122,10600,10601,10601,1
2020-04-28 15:35:21.286,10601,10602,10602,10
2020-04-28 15:35:35.226,10602,10603,10602,1
2020-04-28 15:35:37.622,10602,10603,10603,1
2020-04-28 15:35:38.772,10602,10603,10603,1
2020-04-28 15:35:40.601,10602,10603,10603,1
2020-04-28 15:35:47.909,10602,10603,10603,1
2020-04-28 15:35:48.555,10602,10603,10603,1
2020-04-28 15:35:52.607,10602,10603,10603,13
2020-04-28 15:36:00.838,10602,10603,10603,1
2020-04-28 15:36:01.482,10602,10603,10602,1
2020-04-28 15:36:02.082,10602,10603,10602,5
2020-04-28 15:36:02.448,10601,10602,10602,1
2020-04-28 15:36:03.704,10601,10602,10602,1
2020-04-28 15:36:08.837,10601,10602,10602,1
2020-04-28 15:36:11.829,10601,10602,10602,3
2020-04-28 15:36:12.398,10601,10603,10603,1
2020-04-28 15:36:20.436,10602,10603,10603,4
2020-04-28 15:36:27.850,10602,10603,10603,2
2020-04-28 15:36:27.918,10602,10603,10602,1
2020-04-28 15:36:37.142,10602,10603,10602,3
2020-04-28 15:36:38.867,10601,10602,10602,2
2020-04-28 15:36:41.182,10602,10603,10602,1
2020-04-28 15:36:49.497,10602,10603,10602,1
2020-04-28 15:36:51.116,10602,10603,10603,4
2020-04-28 15:36:56.414,10603,10604,10604,6
2020-04-28 15:37:03.028,10604,10605,10605,11
2020-04-28 15:37:09.000,10605,10606,10605,1
2020-04-28 15:37:19.325,10605,10606,10605,1
2020-04-28 15:37:28.909,10605,10606,10605,1
2020-04-28 15:37:31.674,10605,10606,10606,1
2020-04-28 15:37:31.748,10605,10606,10605,1
2020-04-28 15:37:33.122,10605,10606,10606,2
2020-04-28 15:37:35.239,10605,10606,10606,1
2020-04-28 15:37:35.508,10605,10606,10606,2
2020-04-28 15:37:35.718,10605,10606,10606,1
2020-04-28 15:37:37.466,10605,10606,10606,4
2020-04-28 15:37:42.498,10605,10606,10605,2
2020-04-28 15:37:42.499,10605,10606,10605,8
2020-04-28 15:37:47.385,10604,10605,10604,1
2020-04-28 15:37:51.260,10604,10605,10605,2
2020-04-28 15:37:56.030,10604,10605,10605,1
2020-04-28 15:37:56.472,10604,10605,10605,1
2020-04-28 15:37:56.690,10604,10605,10605,1
2020-04-28 15:37:56.758,10604,10605,10605,2
2020-04-28 15:38:02.308,10604,10605,10605,1
2020-04-28 15:38:02.520,10605,10606,10605,1
2020-04-28 15:38:09.639,10604,10605,10604,1
2020-04-28 15:38:09.926,10604,10605,10605,1
2020-04-28 15:38:10.426,10604,10605,10605,1
2020-04-28 15:38:12.265,10604,10605,10605,1
2020-04-28 15:38:12.950,10604,10605,10605,1
2020-04-28 15:38:13.237,10604,10605,10605,1
2020-04-28 15:38:19.640,10604,10605,10604,14
2020-04-28 15:38:20.241,10603,10604,10603,3
2020-04-28 15:38:23.346,10602,10604,10604,2
2020-04-28 15:38:29.681,10603,10605,10603,1
2020-04-28 15:38:29.865,10603,10604,10604,1
2020-04-28 15:38:42.784,10603,10604,10604,2
2020-04-28 15:38:52.414,10604,10605,10604,1
2020-04-28 15:38:54.277,10603,10604,10604,1
2020-04-28 15:38:57.685,10603,10604,10604,1
2020-04-28 15:38:57.685,10603,10604,10604,1
2020-04-28 15:39:03.930,10604,10605,10605,1
2020-04-28 15:39:03.931,10604,10605,10605,7
2020-04-28 15:39:04.214,10605,10606,10605,1
2020-04-28 15:39:10.967,10605,10606,10605,1
2020-04-28 15:39:17.440,10604,10605,10605,1
2020-04-28 15:39:27.408,10604,10605,10604,1
2020-04-28 15:39:28.135,10604,10605,10604,3
2020-04-28 15:39:28.251,10604,10605,10605,1
2020-04-28 15:39:29.549,10604,10605,10604,3
2020-04-28 15:39:39.111,10604,10605,10605,4
2020-04-28 15:40:02.366,10604,10605,10605,3
2020-04-28 15:40:03.075,10604,10605,10605,1
2020-04-28 15:40:03.491,10604,10605,10605,18
2020-04-28 15:40:03.903,10605,10606,10606,10
2020-04-28 15:40:04.357,10606,10607,10606,3
2020-04-28 15:40:04.975,10606,10607,10607,6
2020-04-28 15:40:05.006,10606,10607,10608,4
2020-04-28 15:40:05.006,10606,10607,10608,1
2020-04-28 15:40:07.405,10607,10608,10608,10
2020-04-28 15:40:07.405,10607,10608,10608,4
2020-04-28 15:40:07.405,10607,10608,10608,4
2020-04-28 15:40:09.235,10608,10609,10608,2
2020-04-28 15:40:11.155,10608,10609,10608,1
2020-04-28 15:40:11.566,10607,10608,10608,1
2020-04-28 15:40:12.734,10607,10608,10608,1
2020-04-28 15:40:13.363,10607,10608,10608,1
2020-04-28 15:40:14.917,10608,10609,10608,1
2020-04-28 15:40:15.206,10608,10609,10609,1
2020-04-28 15:40:16.312,10608,10609,10608,1
2020-04-28 15:40:17.337,10608,10609,10608,1
2020-04-28 15:40:17.948,10608,10609,10609,1
2020-04-28 15:40:17.948,10608,10609,10609,4
2020-04-28 15:40:17.948,10608,10609,10609,4
2020-04-28 15:40:17.949,10608,10609,10609,4
2020-04-28 15:40:17.949,10608,10609,10609,1
2020-04-28 15:40:17.949,10608,10609,10609,3
2020-04-28 15:40:17.949,10608,10609,10609,1
2020-04-28 15:40:17.949,10608,10609,10609,2
2020-04-28 15:40:17.949,10608,10609,10609,2
2020-04-28 15:40:21.166,10609,10610,10610,1
2020-04-28 15:40:21.310,10609,10610,10609,1
2020-04-28 15:40:21.515,10609,10610,10610,1
2020-04-28 15:40:21.518,10609,10610,10610,1
2020-04-28 15:40:21.518,10609,10610,10610,5
2020-04-28 15:40:21.519,10609,10610,10610,4
2020-04-28 15:40:21.519,10609,10610,10610,4
2020-04-28 15:40:21.519,10609,10610,10610,2
2020-04-28 15:40:21.519,10609,10610,10610,1
2020-04-28 15:40:21.520,10609,10610,10611,6
2020-04-28 15:40:21.537,10610,10611,10611,1
2020-04-28 15:40:21.541,10610,10611,10610,1
2020-04-28 15:40:21.555,10610,10611,10611,3
2020-04-28 15:40:21.563,10610,10611,10611,2
2020-04-28 15:40:21.572,10610,10611,10611,1
2020-04-28 15:40:21.586,10610,10611,10612,2
2020-04-28 15:40:21.587,10610,10611,10612,1
2020-04-28 15:40:21.608,10610,10611,10612,1
2020-04-28 15:40:21.623,10610,10611,10612,3
2020-04-28 15:40:21.625,10610,10611,10612,2
2020-04-28 15:40:21.633,10610,10611,10612,2
2020-04-28 15:40:21.642,10610,10611,10612,6
2020-04-28 15:40:21.666,10611,10612,10612,1
2020-04-28 15:40:21.714,10611,10612,10613,5
2020-04-28 15:40:21.716,10611,10612,10613,5
2020-04-28 15:40:21.803,10612,10613,10613,1
2020-04-28 15:40:21.943,10612,10614,10612,2
2020-04-28 15:40:21.959,10612,10614,10613,1
2020-04-28 15:40:21.991,10612,10614,10613,3
2020-04-28 15:40:21.994,10612,10614,10613,1
2020-04-28 15:40:22.034,10612,10614,10614,1
2020-04-28 15:40:22.044,10612,10614,10614,2
2020-04-28 15:40:22.049,10612,10614,10614,1
2020-04-28 15:40:22.056,10612,10614,10614,3
2020-04-28 15:40:22.059,10612,10614,10614,1
2020-04-28 15:40:22.059,10612,10614,10614,2
2020-04-28 15:40:22.104,10612,10614,10614,1
2020-04-28 15:40:22.136,10612,10614,10613,1
2020-04-28 15:40:22.162,10613,10614,10614,2
2020-04-28 15:40:22.162,10613,10614,10615,6
2020-04-28 15:40:22.175,10613,10614,10615,1
2020-04-28 15:40:22.182,10613,10614,10615,1
2020-04-28 15:40:22.186,10613,10614,10615,1
2020-04-28 15:40:22.199,10613,10614,10615,1
2020-04-28 15:40:22.218,10613,10614,10612,1
2020-04-28 15:40:22.249,10613,10614,10614,1
2020-04-28 15:40:22.341,10612,10614,10614,1
2020-04-28 15:40:22.385,10612,10614,10614,1
2020-04-28 15:40:22.388,10612,10614,10614,1
2020-04-28 15:40:22.509,10613,10615,10614,1
2020-04-28 15:40:22.722,10613,10614,10614,1
2020-04-28 15:40:22.722,10613,10614,10615,1
2020-04-28 15:40:22.844,10613,10614,10614,1
2020-04-28 15:40:22.930,10613,10614,10614,1
2020-04-28 15:40:23.106,10613,10614,10614,1
2020-04-28 15:40:23.842,10613,10614,10614,1
2020-04-28 15:40:24.244,10613,10615,10613,1
2020-04-28 15:40:24.905,10613,10614,10613,1
2020-04-28 15:40:25.867,10612,10613,10613,2
2020-04-28 15:40:26.024,10612,10614,10614,1
2020-04-28 15:40:26.210,10612,10614,10614,1
2020-04-28 15:40:27.023,10612,10614,10613,1
2020-04-28 15:40:27.994,10612,10614,10612,1
2020-04-28 15:40:28.165,10612,10613,10612,1
2020-04-28 15:40:29.291,10611,10613,10613,1
2020-04-28 15:40:30.427,10613,10614,10614,2
2020-04-28 15:40:30.837,10613,10614,10613,1
2020-04-28 15:40:33.609,10612,10613,10612,1
2020-04-28 15:40:35.106,10612,10613,10613,1
2020-04-28 15:40:35.623,10612,10614,10612,1
2020-04-28 15:40:38.824,10612,10614,10613,1
2020-04-28 15:40:39.738,10613,10614,10613,1
2020-04-28 15:40:39.901,10612,10614,10614,1
2020-04-28 15:40:42.996,10613,10614,10614,8
2020-04-28 15:40:43.017,10613,10614,10615,1
2020-04-28 15:40:43.141,10614,10615,10615,2
2020-04-28 15:40:43.142,10614,10615,10615,1
2020-04-28 15:40:43.142,10614,10615,10615,4
2020-04-28 15:40:43.142,10614,10615,10615,1
2020-04-28 15:40:43.142,10614,10615,10615,2
2020-04-28 15:40:43.142,10614,10615,10615,3
2020-04-28 15:40:44.223,10615,10616,10615,2
2020-04-28 15:40:44.905,10615,10616,10615,1
2020-04-28 15:40:45.192,10614,10615,10615,2
2020-04-28 15:40:45.612,10614,10616,10615,1
2020-04-28 15:40:46.112,10614,10615,10615,4
2020-04-28 15:40:46.112,10614,10615,10616,12
2020-04-28 15:40:46.192,10614,10616,10616,1
2020-04-28 15:40:46.406,10614,10615,10615,1
2020-04-28 15:40:46.408,10614,10615,10615,1
2020-04-28 15:40:46.805,10614,10615,10615,1
2020-04-28 15:40:46.889,10614,10615,10615,1
2020-04-28 15:40:46.890,10614,10615,10615,1
2020-04-28 15:40:47.517,10615,10616,10616,1
2020-04-28 15:40:47.542,10615,10616,10616,5
2020-04-28 15:40:47.542,10615,10616,10617,10
2020-04-28 15:40:47.594,10615,10616,10615,1
2020-04-28 15:40:47.787,10615,10617,10617,2
2020-04-28 15:40:47.789,10615,10617,10617,2
2020-04-28 15:40:47.882,10615,10617,10617,2
2020-04-28 15:40:47.982,10615,10617,10617,3
2020-04-28 15:40:47.992,10615,10617,10617,2
2020-04-28 15:40:48.530,10616,10617,10617,2
2020-04-28 15:40:48.955,10616,10617,10616,1
2020-04-28 15:40:49.042,10616,10617,10616,1
2020-04-28 15:40:50.869,10616,10617,10617,1
2020-04-28 15:40:51.043,10616,10617,10616,2
2020-04-28 15:40:51.282,10615,10616,10616,2
2020-04-28 15:40:51.282,10615,10616,10616,1
2020-04-28 15:40:51.607,10615,10617,10617,1
2020-04-28 15:40:51.619,10615,10617,10615,1
2020-04-28 15:40:52.041,10615,10617,10617,1
2020-04-28 15:40:52.141,10615,10617,10617,1
2020-04-28 15:40:52.429,10615,10616,10616,1
2020-04-28 15:40:52.429,10615,10616,10617,1
2020-04-28 15:40:52.450,10615,10616,10617,2
2020-04-28 15:40:52.557,10616,10617,10617,1
2020-04-28 15:40:52.562,10616,10617,10617,1
2020-04-28 15:40:52.562,10616,10617,10617,1
2020-04-28 15:40:52.658,10616,10617,10617,2
2020-04-28 15:40:52.860,10616,10617,10617,1
2020-04-28 15:40:52.961,10616,10618,10618,1
2020-04-28 15:40:53.059,10616,10618,10618,1
2020-04-28 15:40:53.099,10616,10618,10616,1
2020-04-28 15:40:53.264,10616,10618,10618,2
2020-04-28 15:40:53.285,10616,10618,10618,1
2020-04-28 15:40:53.430,10616,10618,10618,1
2020-04-28 15:40:53.964,10616,10618,10618,1
2020-04-28 15:40:54.536,10616,10618,10618,2
2020-04-28 15:40:56.563,10616,10617,10617,1
2020-04-28 15:40:56.790,10616,10617,10617,2
2020-04-28 15:40:58.586,10616,10617,10617,1
2020-04-28 15:40:59.398,10616,10617,10617,2
2020-04-28 15:41:00.980,10616,10617,10617,1
2020-04-28 15:41:01.055,10616,10617,10617,2
2020-04-28 15:41:01.086,10616,10617,10617,1
2020-04-28 15:41:01.195,10616,10618,10617,1
2020-04-28 15:41:01.288,10616,10617,10617,2
2020-04-28 15:41:01.299,10616,10617,10617,1
2020-04-28 15:41:01.509,10616,10618,10618,2
2020-04-28 15:41:01.902,10616,10618,10618,1
2020-04-28 15:41:01.987,10616,10618,10616,1
2020-04-28 15:41:03.621,10616,10617,10617,2
2020-04-28 15:41:03.621,10616,10617,10618,2
2020-04-28 15:41:03.676,10617,10618,10617,1
2020-04-28 15:41:03.866,10617,10618,10618,1
2020-04-28 15:41:04.772,10617,10618,10617,1
2020-04-28 15:41:04.927,10617,10618,10618,1
2020-04-28 15:41:05.040,10617,10618,10617,2
2020-04-28 15:41:06.950,10617,10618,10618,1
2020-04-28 15:41:07.302,10617,10618,10617,1
2020-04-28 15:41:08.095,10617,10618,10618,1
2020-04-28 15:41:08.342,10617,10618,10617,1
2020-04-28 15:41:09.986,10617,10618,10617,1
2020-04-28 15:41:11.559,10617,10618,10617,1
2020-04-28 15:41:11.645,10617,10618,10617,5
2020-04-28 15:41:11.675,10617,10618,10618,1
2020-04-28 15:41:12.210,10617,10618,10618,2
2020-04-28 15:41:12.307,10617,10618,10617,2
2020-04-28 15:41:13.874,10617,10618,10618,16
2020-04-28 15:41:13.874,10617,10618,10619,1
2020-04-28 15:41:13.940,10618,10619,10619,1
2020-04-28 15:41:14.102,10618,10619,10619,15
2020-04-28 15:41:14.107,10618,10619,10619,1
2020-04-28 15:41:14.116,10618,10619,10619,7
2020-04-28 15:41:14.122,10618,10619,10618,1
2020-04-28 15:41:14.160,10618,10619,10619,2
2020-04-28 15:41:14.238,10618,10619,10618,1
2020-04-28 15:41:14.293,10618,10619,10619,1
2020-04-28 15:41:14.321,10618,10619,10618,1
2020-04-28 15:41:14.434,10618,10619,10619,2
2020-04-28 15:41:14.907,10618,10619,10618,1
2020-04-28 15:41:15.160,10617,10619,10619,2
2020-04-28 15:41:15.865,10618,10619,10618,1
2020-04-28 15:41:19.326,10618,10619,10618,2
2020-04-28 15:41:19.809,10617,10618,10618,1
2020-04-28 15:41:21.327,10617,10618,10618,1
2020-04-28 15:41:21.394,10617,10618,10618,1
2020-04-28 15:41:21.559,10617,10618,10618,1
2020-04-28 15:41:22.299,10617,10618,10617,1
2020-04-28 15:41:25.928,10617,10618,10617,2
2020-04-28 15:41:26.883,10617,10618,10618,1
2020-04-28 15:41:27.929,10617,10618,10618,1
2020-04-28 15:41:28.378,10617,10618,10617,1
2020-04-28 15:41:31.675,10617,10618,10617,10
2020-04-28 15:41:31.676,10617,10618,10617,5
2020-04-28 15:41:31.676,10617,10618,10617,3
2020-04-28 15:41:31.884,10616,10617,10617,8
2020-04-28 15:41:31.884,10616,10617,10618,17
2020-04-28 15:41:32.885,10616,10617,10617,1
2020-04-28 15:41:33.136,10616,10617,10617,1
2020-04-28 15:41:33.830,10616,10617,10616,1
2020-04-28 15:41:33.881,10616,10617,10617,5
2020-04-28 15:41:33.881,10616,10617,10618,25
2020-04-28 15:41:35.856,10617,10618,10618,1
2020-04-28 15:41:37.252,10617,10618,10618,3
2020-04-28 15:41:37.252,10617,10618,10619,16
2020-04-28 15:41:37.678,10618,10620,10618,1
2020-04-28 15:41:38.031,10618,10619,10618,3
2020-04-28 15:41:38.401,10617,10619,10618,2
2020-04-28 15:41:38.990,10617,10619,10619,1
2020-04-28 15:41:39.725,10617,10618,10618,1
2020-04-28 15:41:39.853,10617,10618,10618,1
2020-04-28 15:41:41.766,10617,10618,10618,1
2020-04-28 15:41:43.926,10617,10618,10618,7
2020-04-28 15:41:43.928,10617,10618,10618,12
2020-04-28 15:41:44.357,10617,10619,10617,1
2020-04-28 15:41:44.949,10618,10619,10618,1
2020-04-28 15:41:49.660,10617,10618,10618,1
2020-04-28 15:41:49.812,10617,10618,10618,1
2020-04-28 15:41:50.359,10617,10618,10618,2
2020-04-28 15:41:51.430,10617,10618,10618,1
2020-04-28 15:41:51.431,10617,10618,10618,1
2020-04-28 15:41:52.279,10617,10619,10617,1
2020-04-28 15:41:52.537,10617,10619,10618,1
2020-04-28 15:41:53.475,10617,10619,10617,1
2020-04-28 15:41:54.499,10617,10619,10619,1
2020-04-28 15:41:59.281,10618,10619,10618,1
2020-04-28 15:42:00.575,10618,10619,10619,1
2020-04-28 15:42:00.925,10618,10619,10619,3
2020-04-28 15:42:00.939,10618,10619,10619,1
2020-04-28 15:42:00.939,10618,10619,10620,1
2020-04-28 15:42:00.947,10618,10619,10620,2
2020-04-28 15:42:00.959,10618,10619,10620,7
2020-04-28 15:42:00.997,10618,10619,10620,7
2020-04-28 15:42:01.054,10619,10620,10620,15
2020-04-28 15:42:01.054,10619,10620,10620,1
2020-04-28 15:42:01.074,10619,10620,10620,2
2020-04-28 15:42:01.075,10619,10620,10620,2
2020-04-28 15:42:01.087,10619,10620,10620,1
2020-04-28 15:42:01.267,10619,10620,10620,3
2020-04-28 15:42:01.281,10619,10620,10620,1
2020-04-28 15:42:01.315,10619,10620,10620,1
2020-04-28 15:42:01.363,10619,10620,10620,1
2020-04-28 15:42:01.398,10619,10620,10619,1
2020-04-28 15:42:01.595,10619,10620,10620,1
2020-04-28 15:42:02.479,10619,10620,10619,1
2020-04-28 15:42:06.425,10619,10620,10620,3
2020-04-28 15:42:06.922,10619,10620,10619,1
2020-04-28 15:42:07.311,10619,10620,10619,2
2020-04-28 15:42:07.724,10619,10620,10619,1
2020-04-28 15:42:08.336,10619,10620,10619,1
2020-04-28 15:42:08.665,10619,10620,10620,1
2020-04-28 15:42:08.814,10619,10620,10620,1
2020-04-28 15:42:12.928,10619,10620,10620,1
2020-04-28 15:42:13.470,10619,10620,10619,1
2020-04-28 15:42:14.245,10619,10620,10620,2
2020-04-28 15:42:15.428,10619,10620,10620,1
2020-04-28 15:42:16.055,10619,10620,10620,1
2020-04-28 15:42:16.238,10620,10621,10621,1
2020-04-28 15:42:16.286,10620,10621,10621,2
2020-04-28 15:42:16.287,10620,10621,10621,1
2020-04-28 15:42:16.292,10620,10621,10621,3
2020-04-28 15:42:16.306,10620,10621,10621,3
2020-04-28 15:42:16.309,10620,10621,10621,2
2020-04-28 15:42:16.313,10620,10621,10621,3
2020-04-28 15:42:16.341,10620,10621,10621,1
2020-04-28 15:42:16.510,10620,10621,10620,1
2020-04-28 15:42:17.531,10620,10621,10621,1
2020-04-28 15:42:17.952,10620,10621,10621,1
2020-04-28 15:42:18.074,10620,10621,10621,3
2020-04-28 15:42:19.087,10620,10621,10620,1
2020-04-28 15:42:22.176,10620,10621,10620,1
2020-04-28 15:42:22.923,10620,10621,10620,1
2020-04-28 15:42:22.949,10620,10621,10621,2
2020-04-28 15:42:23.130,10620,10621,10620,1
2020-04-28 15:42:24.560,10620,10621,10620,1
2020-04-28 15:42:24.880,10620,10621,10620,2
2020-04-28 15:42:24.880,10620,10621,10620,8
2020-04-28 15:42:25.116,10619,10620,10619,4
2020-04-28 15:42:25.359,10619,10620,10619,1
2020-04-28 15:42:26.161,10618,10620,10620,1
2020-04-28 15:42:26.485,10619,10620,10619,2
2020-04-28 15:42:26.541,10619,10620,10620,1
2020-04-28 15:42:27.878,10619,10620,10620,3
2020-04-28 15:42:31.032,10619,10621,10621,30
2020-04-28 15:42:31.248,10620,10621,10620,1
2020-04-28 15:42:33.887,10619,10621,10621,2
2020-04-28 15:42:34.897,10618,10620,10619,2
2020-04-28 15:42:36.851,10618,10620,10619,1
2020-04-28 15:42:37.551,10618,10619,10619,1
2020-04-28 15:42:37.945,10618,10619,10619,5
2020-04-28 15:42:38.351,10618,10620,10620,1
2020-04-28 15:42:42.445,10619,10620,10620,3
2020-04-28 15:42:42.881,10619,10620,10619,1
2020-04-28 15:42:43.394,10619,10621,10620,1
2020-04-28 15:42:44.303,10620,10621,10620,1
2020-04-28 15:42:44.527,10620,10621,10620,1
2020-04-28 15:42:46.102,10620,10621,10620,4
2020-04-28 15:42:49.175,10619,10620,10620,1
2020-04-28 15:42:49.282,10619,10620,10620,2
2020-04-28 15:42:49.708,10619,10621,10619,2
2020-04-28 15:42:49.778,10619,10621,10621,2
2020-04-28 15:42:50.173,10619,10621,10619,1
2020-04-28 15:42:51.493,10619,10620,10620,1
2020-04-28 15:42:54.295,10619,10620,10619,2
2020-04-28 15:42:54.461,10619,10620,10620,1
2020-04-28 15:42:55.733,10619,10620,10619,1
2020-04-28 15:42:58.279,10618,10619,10619,1
2020-04-28 15:42:58.405,10619,10620,10619,2
2020-04-28 15:42:58.827,10618,10620,10619,1
2020-04-28 15:42:58.827,10618,10620,10618,1
2020-04-28 15:42:59.516,10618,10620,10618,1
2020-04-28 15:43:01.493,10618,10619,10619,1
2020-04-28 15:43:01.509,10618,10619,10618,1
2020-04-28 15:43:04.244,10618,10619,10618,1
2020-04-28 15:43:05.756,10618,10619,10618,2
2020-04-28 15:43:19.064,10618,10619,10619,1
2020-04-28 15:43:19.065,10618,10619,10619,8
2020-04-28 15:43:19.176,10619,10620,10619,1
2020-04-28 15:43:20.176,10619,10620,10619,1
2020-04-28 15:43:20.671,10619,10620,10619,1
2020-04-28 15:43:24.010,10619,10620,10620,1
2020-04-28 15:43:24.121,10619,10620,10619,1
2020-04-28 15:43:24.994,10618,10619,10619,1
2020-04-28 15:43:26.901,10618,10620,10618,1
2020-04-28 15:43:27.554,10618,10620,10619,3
2020-04-28 15:43:28.301,10618,10619,10618,1
2020-04-28 15:43:29.821,10618,10619,10618,1
2020-04-28 15:43:30.048,10618,10619,10619,1
2020-04-28 15:43:31.777,10618,10619,10618,1
2020-04-28 15:43:34.130,10618,10619,10619,4
2020-04-28 15:43:34.130,10618,10619,10619,4
2020-04-28 15:43:42.231,10618,10619,10618,1
2020-04-28 15:43:42.231,10618,10619,10618,9
2020-04-28 15:43:42.231,10618,10619,10618,3
2020-04-28 15:43:42.231,10618,10619,10618,2
2020-04-28 15:43:43.426,10617,10618,10618,2
2020-04-28 15:43:44.106,10617,10619,10617,1
2020-04-28 15:43:44.247,10617,10619,10618,1
2020-04-28 15:43:44.493,10618,10619,10618,1
2020-04-28 15:43:44.572,10618,10619,10618,1
2020-04-28 15:43:45.182,10618,10619,10618,1
2020-04-28 15:43:45.323,10618,10619,10618,1
2020-04-28 15:43:46.108,10618,10619,10618,1
2020-04-28 15:43:46.108,10618,10619,10617,1
2020-04-28 15:43:49.025,10618,10619,10618,1
2020-04-28 15:43:49.419,10618,10619,10618,1
2020-04-28 15:43:50.125,10618,10619,10618,1
2020-04-28 15:43:51.299,10618,10619,10618,1
2020-04-28 15:43:51.729,10618,10619,10619,1
2020-04-28 15:43:53.477,10618,10619,10619,2
2020-04-28 15:43:53.477,10618,10619,10619,5
2020-04-28 15:43:58.637,10619,10620,10620,3
2020-04-28 15:43:58.637,10619,10620,10620,2
2020-04-28 15:43:58.638,10619,10620,10620,4
2020-04-28 15:43:59.510,10620,10621,10621,1
2020-04-28 15:43:59.851,10620,10621,10620,1
2020-04-28 15:44:01.337,10619,10621,10621,2
2020-04-28 15:44:01.464,10620,10621,10620,1
2020-04-28 15:44:01.690,10620,10621,10621,1
2020-04-28 15:44:01.813,10620,10621,10621,1
2020-04-28 15:44:01.884,10620,10621,10621,1
2020-04-28 15:44:01.979,10620,10621,10621,2
2020-04-28 15:44:01.987,10620,10621,10621,1
2020-04-28 15:44:02.025,10620,10621,10620,3
2020-04-28 15:44:02.783,10620,10621,10620,1
2020-04-28 15:44:03.240,10619,10621,10620,1
2020-04-28 15:44:08.767,10620,10621,10620,1
2020-04-28 15:44:16.224,10619,10620,10620,9
2020-04-28 15:44:16.224,10619,10620,10621,1
2020-04-28 15:44:21.343,10619,10620,10619,6
2020-04-28 15:44:22.183,10618,10619,10619,1
2020-04-28 15:44:22.408,10618,10619,10619,1
2020-04-28 15:44:33.085,10618,10619,10619,4
2020-04-28 15:44:33.254,10618,10619,10619,1
2020-04-28 15:44:35.136,10619,10620,10619,1
2020-04-28 15:44:37.386,10619,10620,10619,2
2020-04-28 15:44:37.894,10618,10620,10620,1
2020-04-28 15:44:39.400,10618,10619,10619,1
2020-04-28 15:44:41.065,10618,10619,10619,1
2020-04-28 15:44:42.602,10619,10620,10619,1
2020-04-28 15:44:42.654,10619,10620,10619,2
2020-04-28 15:44:44.027,10619,10620,10619,1
2020-04-28 15:44:46.274,10619,10620,10619,1
2020-04-28 15:44:48.473,10619,10620,10619,1
2020-04-28 15:44:49.439,10618,10619,10619,1
2020-04-28 15:44:51.201,10619,10620,10619,1
2020-04-28 15:44:53.903,10619,10620,10619,1
2020-04-28 15:44:56.615,10619,10620,10620,1
2020-04-28 15:44:56.902,10619,10620,10619,1
2020-04-28 15:45:02.305,10619,10620,10619,2
2020-04-28 15:45:02.398,10619,10620,10620,1
2020-04-28 15:45:02.962,10619,10620,10620,1
2020-04-28 15:45:03.026,10619,10620,10620,1
2020-04-28 15:45:04.395,10619,10620,10620,1
2020-04-28 15:45:13.020,10619,10620,10620,3
2020-04-28 15:45:15.145,10619,10620,10620,1
2020-04-28 15:45:16.872,10619,10620,10620,2
2020-04-28 15:45:18.108,10619,10620,10620,3
2020-04-28 15:45:19.365,10619,10621,10620,1
2020-04-28 15:45:21.320,10619,10620,10620,1
2020-04-28 15:45:24.683,10619,10620,10619,1
2020-04-28 15:45:26.250,10619,10620,10619,1
2020-04-28 15:45:33.690,10619,10620,10619,1
2020-04-28 15:45:34.348,10619,10620,10619,1
2020-04-28 15:45:34.349,10619,10620,10619,4
2020-04-28 15:45:39.797,10618,10619,10619,1
2020-04-28 15:45:42.088,10618,10619,10618,13
2020-04-28 15:45:47.464,10617,10618,10617,1
2020-04-28 15:45:49.198,10617,10618,10617,3
2020-04-28 15:45:53.770,10617,10618,10618,4
2020-04-28 15:45:53.770,10617,10618,10618,1
2020-04-28 15:45:57.969,10617,10619,10617,1
2020-04-28 15:45:59.387,10618,10619,10618,1
2020-04-28 15:45:59.835,10618,10619,10618,1
2020-04-28 15:46:00.910,10618,10619,10618,1
2020-04-28 15:46:04.640,10618,10619,10618,1
2020-04-28 15:46:05.511,10618,10619,10618,2
2020-04-28 15:46:07.602,10617,10618,10618,3
2020-04-28 15:46:08.350,10618,10619,10618,1
2020-04-28 15:46:08.619,10618,10619,10619,1
2020-04-28 15:46:08.619,10618,10619,10619,4
2020-04-28 15:46:08.619,10618,10619,10619,4
2020-04-28 15:46:08.842,10619,10620,10620,13
2020-04-28 15:46:08.948,10620,10621,10620,1
2020-04-28 15:46:09.242,10620,10621,10620,1
2020-04-28 15:46:10.920,10619,10621,10621,1
2020-04-28 15:46:12.416,10619,10620,10620,2
2020-04-28 15:46:12.442,10619,10620,10621,1
2020-04-28 15:46:12.491,10619,10620,10621,1
2020-04-28 15:46:15.919,10618,10619,10619,1
2020-04-28 15:46:17.422,10618,10619,10619,1
2020-04-28 15:46:18.369,10618,10619,10618,2
2020-04-28 15:46:18.395,10618,10619,10619,1
2020-04-28 15:46:24.283,10618,10619,10619,1
2020-04-28 15:46:39.091,10618,10619,10618,1
2020-04-28 15:46:39.659,10618,10619,10618,9
2020-04-28 15:46:39.660,10618,10619,10618,1
2020-04-28 15:46:43.892,10617,10618,10618,2
2020-04-28 15:46:45.775,10617,10618,10618,1
2020-04-28 15:46:45.776,10617,10618,10618,2
2020-04-28 15:46:48.947,10617,10618,10618,2
2020-04-28 15:46:49.832,10617,10618,10618,2
2020-04-28 15:46:50.708,10617,10618,10618,2
2020-04-28 15:46:54.062,10617,10618,10617,5
2020-04-28 15:46:54.062,10617,10618,10617,4
2020-04-28 15:46:54.063,10617,10618,10617,4
2020-04-28 15:46:54.063,10617,10618,10617,6
2020-04-28 15:46:57.965,10616,10617,10616,5
2020-04-28 15:46:58.009,10616,10617,10617,1
2020-04-28 15:47:02.743,10616,10617,10616,2
2020-04-28 15:47:04.080,10616,10617,10616,1
2020-04-28 15:47:05.436,10616,10617,10617,3
2020-04-28 15:47:05.623,10616,10617,10616,2
2020-04-28 15:47:07.766,10616,10617,10616,1
2020-04-28 15:47:08.015,10616,10617,10616,5
2020-04-28 15:47:11.074,10617,10618,10617,2
2020-04-28 15:47:16.058,10616,10618,10616,1
2020-04-28 15:47:17.871,10616,10618,10616,1
2020-04-28 15:47:21.881,10616,10618,10616,1
2020-04-28 15:47:23.416,10616,10618,10616,1
2020-04-28 15:47:25.501,10615,10617,10615,1
2020-04-28 15:47:25.780,10615,10617,10615,1
2020-04-28 15:47:26.142,10615,10617,10615,1
2020-04-28 15:47:29.707,10615,10617,10615,1
2020-04-28 15:47:30.704,10615,10616,10616,1
2020-04-28 15:47:30.704,10615,10616,10617,1
2020-04-28 15:47:30.804,10616,10617,10616,1
2020-04-28 15:47:30.804,10616,10617,10615,5
2020-04-28 15:47:31.005,10615,10617,10615,2
2020-04-28 15:47:33.703,10616,10617,10616,1
2020-04-28 15:47:34.781,10615,10616,10615,1
2020-04-28 15:47:37.017,10615,10616,10615,1
2020-04-28 15:47:37.667,10615,10616,10615,1
2020-04-28 15:47:38.960,10615,10616,10615,1
2020-04-28 15:47:39.813,10615,10616,10615,1
2020-04-28 15:47:52.108,10615,10616,10616,17
2020-04-28 15:47:54.167,10616,10617,10616,1
2020-04-28 15:47:55.591,10616,10617,10616,1
2020-04-28 15:47:59.636,10616,10617,10616,1
2020-04-28 15:48:00.197,10616,10617,10616,2
2020-04-28 15:48:00.197,10616,10617,10615,3
2020-04-28 15:48:00.549,10615,10617,10617,2
2020-04-28 15:48:02.711,10616,10617,10616,1
2020-04-28 15:48:03.169,10616,10617,10617,2
2020-04-28 15:48:03.170,10616,10617,10617,3
2020-04-28 15:48:03.170,10616,10617,10617,1
2020-04-28 15:48:11.616,10617,10618,10617,1
2020-04-28 15:48:16.892,10617,10618,10617,1
2020-04-28 15:48:18.499,10617,10618,10617,1
2020-04-28 15:48:20.245,10617,10618,10618,1
2020-04-28 15:48:20.831,10617,10618,10618,7
2020-04-28 15:48:21.107,10617,10618,10617,1
2020-04-28 15:48:21.455,10617,10618,10618,1
2020-04-28 15:48:28.999,10617,10619,10618,1
2020-04-28 15:48:29.692,10618,10619,10618,1
2020-04-28 15:48:31.370,10618,10619,10618,9
2020-04-28 15:48:36.282,10617,10618,10617,10
2020-04-28 15:48:36.733,10616,10617,10617,1
2020-04-28 15:48:37.390,10616,10617,10617,1
2020-04-28 15:48:38.337,10616,10617,10616,2
2020-04-28 15:48:42.601,10616,10617,10617,1
2020-04-28 15:48:44.153,10616,10617,10616,1
2020-04-28 15:48:44.154,10616,10617,10616,3
2020-04-28 15:48:44.390,10615,10616,10615,1
2020-04-28 15:48:45.621,10615,10616,10616,1
2020-04-28 15:48:56.371,10616,10617,10617,1
2020-04-28 15:48:56.848,10616,10617,10617,1
2020-04-28 15:48:57.473,10616,10617,10617,1
2020-04-28 15:48:58.262,10616,10617,10617,1
2020-04-28 15:49:00.076,10616,10617,10616,1
2020-04-28 15:49:01.337,10616,10617,10616,2
2020-04-28 15:49:01.338,10616,10617,10616,3
2020-04-28 15:49:01.338,10616,10617,10616,5
2020-04-28 15:49:04.149,10615,10616,10616,1
2020-04-28 15:49:04.520,10615,10616,10615,1
2020-04-28 15:49:11.517,10615,10616,10615,1
2020-04-28 15:49:12.268,10615,10616,10615,1
2020-04-28 15:49:17.591,10615,10616,10616,1
2020-04-28 15:49:25.363,10616,10617,10617,1
2020-04-28 15:49:25.907,10616,10617,10616,4
2020-04-28 15:49:26.213,10615,10616,10616,1
2020-04-28 15:49:30.517,10615,10616,10616,1
2020-04-28 15:49:31.596,10615,10616,10616,1
2020-04-28 15:49:31.990,10616,10617,10616,1
2020-04-28 15:49:42.383,10615,10616,10616,1
2020-04-28 15:49:42.383,10615,10616,10617,1
2020-04-28 15:49:43.970,10615,10616,10616,1
2020-04-28 15:49:50.422,10615,10616,10616,1
2020-04-28 15:49:50.577,10615,10616,10616,2
2020-04-28 15:49:58.730,10615,10616,10615,1
2020-04-28 15:49:59.380,10615,10616,10615,3
2020-04-28 15:49:59.380,10615,10616,10615,2
2020-04-28 15:49:59.380,10615,10616,10615,13
2020-04-28 15:49:59.380,10615,10616,10615,3
2020-04-28 15:50:04.585,10614,10615,10615,1
2020-04-28 15:50:05.052,10614,10615,10615,2
2020-04-28 15:50:05.194,10614,10615,10615,1
2020-04-28 15:50:05.194,10614,10615,10616,1
2020-04-28 15:50:06.154,10614,10616,10616,2
2020-04-28 15:50:07.362,10614,10615,10615,2
2020-04-28 15:50:07.851,10614,10615,10615,2
2020-04-28 15:50:07.852,10614,10615,10615,3
2020-04-28 15:50:07.852,10614,10615,10615,1
2020-04-28 15:50:07.852,10614,10615,10615,2
2020-04-28 15:50:07.852,10614,10615,10615,2
2020-04-28 15:50:09.021,10615,10616,10616,7
2020-04-28 15:50:09.581,10616,10617,10616,1
2020-04-28 15:50:12.612,10616,10617,10616,2
2020-04-28 15:50:14.146,10615,10617,10615,1
2020-04-28 15:50:15.510,10615,10616,10615,1
2020-04-28 15:50:16.256,10615,10616,10615,1
2020-04-28 15:50:17.374,10615,10616,10615,3
2020-04-28 15:50:17.551,10615,10616,10616,1
2020-04-28 15:50:17.997,10615,10616,10616,3
2020-04-28 15:50:21.417,10615,10616,10616,1
2020-04-28 15:50:22.200,10615,10616,10615,1
2020-04-28 15:50:23.944,10615,10616,10616,2
2020-04-28 15:50:27.266,10616,10617,10617,1
2020-04-28 15:50:29.327,10616,10617,10616,1
2020-04-28 15:50:30.763,10616,10617,10616,2
2020-04-28 15:50:32.902,10616,10617,10616,2
2020-04-28 15:50:35.390,10616,10617,10616,1
2020-04-28 15:50:36.103,10616,10617,10617,21
2020-04-28 15:50:36.103,10616,10617,10617,2
2020-04-28 15:50:36.567,10617,10618,10618,3
2020-04-28 15:50:36.568,10617,10618,10618,3
2020-04-28 15:50:36.568,10617,10618,10618,2
2020-04-28 15:50:36.574,10617,10618,10618,2
2020-04-28 15:50:37.786,10618,10619,10619,1
2020-04-28 15:50:37.786,10618,10619,10619,7
2020-04-28 15:50:41.902,10618,10620,10619,1
2020-04-28 15:50:42.550,10618,10619,10619,1
2020-04-28 15:50:42.958,10618,10619,10619,3
2020-04-28 15:50:44.290,10619,10620,10620,1
2020-04-28 15:50:45.398,10619,10620,10620,1
2020-04-28 15:50:45.731,10619,10620,10620,7
2020-04-28 15:50:45.731,10619,10620,10620,4
2020-04-28 15:50:45.731,10619,10620,10620,5
2020-04-28 15:50:47.159,10620,10621,10620,1
2020-04-28 15:50:47.617,10620,10621,10621,1
2020-04-28 15:50:47.649,10620,10621,10620,7
2020-04-28 15:50:47.733,10619,10620,10620,1
2020-04-28 15:50:47.809,10619,10620,10620,1
2020-04-28 15:50:48.452,10619,10620,10620,1
2020-04-28 15:50:49.809,10619,10620,10619,1
2020-04-28 15:50:49.809,10619,10620,10619,1
2020-04-28 15:50:50.964,10618,10619,10619,5
2020-04-28 15:50:56.145,10619,10620,10620,2
2020-04-28 15:50:56.503,10619,10620,10620,1
2020-04-28 15:50:56.811,10619,10620,10620,2
2020-04-28 15:50:56.811,10619,10620,10620,1
2020-04-28 15:50:57.584,10620,10621,10620,1
2020-04-28 15:50:58.847,10619,10620,10620,1
2020-04-28 15:51:02.274,10619,10620,10620,1
2020-04-28 15:51:02.458,10619,10620,10620,1
2020-04-28 15:51:04.892,10620,10621,10620,1
2020-04-28 15:51:07.891,10620,10621,10620,1
2020-04-28 15:51:09.921,10620,10621,10621,6
2020-04-28 15:51:10.473,10620,10622,10622,1
2020-04-28 15:51:10.570,10620,10622,10622,2
2020-04-28 15:51:10.577,10620,10622,10622,1
2020-04-28 15:51:10.715,10620,10622,10622,1
2020-04-28 15:51:10.770,10620,10622,10622,1
2020-04-28 15:51:11.891,10621,10622,10621,1
2020-04-28 15:51:14.423,10621,10622,10622,7
2020-04-28 15:51:14.811,10621,10622,10622,1
2020-04-28 15:51:14.812,10621,10622,10622,1
2020-04-28 15:51:14.912,10621,10622,10622,2
2020-04-28 15:51:15.014,10621,10622,10622,2
2020-04-28 15:51:15.091,10621,10622,10622,1
2020-04-28 15:51:15.115,10621,10622,10623,3
2020-04-28 15:51:15.119,10621,10622,10623,1
2020-04-28 15:51:15.159,10621,10623,10623,1
2020-04-28 15:51:15.216,10621,10623,10623,2
2020-04-28 15:51:15.317,10621,10623,10623,1
2020-04-28 15:51:15.340,10621,10623,10623,1
2020-04-28 15:51:15.388,10621,10623,10623,1
2020-04-28 15:51:15.395,10621,10623,10623,1
2020-04-28 15:51:15.436,10621,10623,10623,3
2020-04-28 15:51:15.542,10622,10623,10623,1
2020-04-28 15:51:15.542,10622,10623,10623,2
2020-04-28 15:51:15.933,10622,10623,10622,1
2020-04-28 15:51:17.998,10622,10623,10622,1
2020-04-28 15:51:19.202,10621,10622,10622,1
2020-04-28 15:51:19.924,10621,10622,10622,2
2020-04-28 15:51:20.878,10621,10623,10623,1
2020-04-28 15:51:22.783,10622,10623,10622,1
2020-04-28 15:51:24.412,10621,10622,10622,1
2020-04-28 15:51:24.935,10621,10622,10622,2
2020-04-28 15:51:25.518,10621,10623,10623,1
2020-04-28 15:51:28.042,10622,10623,10623,1
2020-04-28 15:51:28.886,10622,10623,10622,1
2020-04-28 15:51:32.716,10622,10623,10622,1
2020-04-28 15:51:33.895,10622,10623,10622,1
2020-04-28 15:51:35.170,10622,10623,10622,3
2020-04-28 15:51:35.202,10622,10623,10622,5
2020-04-28 15:51:36.813,10622,10623,10622,1
2020-04-28 15:51:37.894,10622,10623,10623,1
2020-04-28 15:51:44.844,10622,10623,10623,1
2020-04-28 15:51:49.917,10622,10623,10623,15
2020-04-28 15:51:50.434,10622,10623,10622,1
2020-04-28 15:51:50.941,10622,10623,10623,1
2020-04-28 15:51:51.550,10622,10623,10622,5
2020-04-28 15:51:52.662,10622,10623,10622,1
2020-04-28 15:51:53.917,10622,10623,10622,1
2020-04-28 15:51:55.132,10622,10623,10623,1
2020-04-28 15:51:58.647,10622,10623,10622,1
2020-04-28 15:51:59.430,10621,10622,10621,3
2020-04-28 15:52:15.766,10621,10622,10622,2
2020-04-28 15:52:16.223,10621,10622,10621,1
2020-04-28 15:52:18.463,10620,10621,10621,1
2020-04-28 15:52:20.711,10620,10621,10620,1
2020-04-28 15:52:20.937,10620,10621,10621,2
2020-04-28 15:52:22.307,10620,10621,10621,1
2020-04-28 15:52:29.072,10620,10621,10621,1
2020-04-28 15:52:31.747,10620,10621,10621,6
2020-04-28 15:52:34.168,10620,10621,10621,1
2020-04-28 15:52:34.560,10620,10621,10621,2
2020-04-28 15:52:34.612,10620,10621,10621,1
2020-04-28 15:52:36.152,10620,10621,10621,1
2020-04-28 15:52:37.087,10620,10622,10622,2
2020-04-28 15:52:38.543,10620,10622,10622,1
2020-04-28 15:52:41.425,10621,10622,10621,1
2020-04-28 15:52:45.886,10621,10622,10622,1
2020-04-28 15:52:46.600,10621,10622,10621,1
2020-04-28 15:52:47.281,10621,10622,10622,2
2020-04-28 15:52:47.281,10621,10622,10622,1
2020-04-28 15:52:48.811,10622,10623,10622,1
2020-04-28 15:52:49.393,10621,10623,10623,1
2020-04-28 15:52:51.933,10622,10623,10623,1
2020-04-28 15:52:53.522,10622,10623,10623,2
2020-04-28 15:52:53.523,10622,10623,10623,1
2020-04-28 15:52:53.528,10622,10623,10623,1
2020-04-28 15:52:53.532,10622,10623,10623,5
2020-04-28 15:52:53.914,10623,10624,10623,1
2020-04-28 15:52:55.659,10623,10624,10623,1
2020-04-28 15:52:59.670,10622,10623,10623,3
2020-04-28 15:52:59.670,10622,10623,10624,2
2020-04-28 15:52:59.853,10622,10623,10623,1
2020-04-28 15:52:59.927,10622,10623,10623,4
2020-04-28 15:53:00.177,10622,10623,10623,1
2020-04-28 15:53:00.396,10622,10623,10623,1
2020-04-28 15:53:02.643,10623,10624,10623,1
2020-04-28 15:53:03.632,10622,10623,10623,1
2020-04-28 15:53:04.210,10622,10623,10623,1
2020-04-28 15:53:05.254,10622,10623,10623,5
2020-04-28 15:53:05.491,10622,10623,10622,2
2020-04-28 15:53:05.492,10622,10623,10622,2
2020-04-28 15:53:05.536,10621,10622,10622,1
2020-04-28 15:53:05.893,10621,10622,10622,1
2020-04-28 15:53:07.808,10621,10622,10622,1
2020-04-28 15:53:21.164,10622,10623,10623,1
2020-04-28 15:53:21.204,10622,10623,10622,1
2020-04-28 15:53:27.677,10622,10623,10622,4
2020-04-28 15:53:38.924,10621,10622,10622,1
2020-04-28 15:53:42.191,10621,10622,10622,1
2020-04-28 15:53:47.238,10621,10622,10621,2
2020-04-28 15:53:47.238,10621,10622,10621,11
2020-04-28 15:53:47.247,10621,10622,10621,1
2020-04-28 15:53:51.516,10620,10621,10621,1
2020-04-28 15:53:57.485,10620,10621,10620,1
2020-04-28 15:53:59.539,10620,10621,10621,1
2020-04-28 15:54:03.706,10620,10621,10620,11
2020-04-28 15:54:03.706,10620,10621,10620,3
2020-04-28 15:54:03.706,10620,10621,10620,4
2020-04-28 15:54:04.056,10619,10621,10621,2
2020-04-28 15:54:04.096,10619,10621,10621,1
2020-04-28 15:54:04.148,10619,10621,10621,1
2020-04-28 15:54:04.186,10620,10622,10622,2
2020-04-28 15:54:04.435,10620,10622,10622,1
2020-04-28 15:54:07.467,10621,10622,10622,1
2020-04-28 15:54:12.411,10622,10623,10622,1
2020-04-28 15:54:17.942,10621,10622,10622,2
2020-04-28 15:54:19.979,10621,10622,10622,1
2020-04-28 15:54:22.827,10622,10623,10623,1
2020-04-28 15:54:24.040,10622,10624,10624,4
2020-04-28 15:54:26.217,10623,10624,10623,1
2020-04-28 15:54:28.014,10623,10624,10624,1
2020-04-28 15:54:28.014,10623,10624,10624,3
2020-04-28 15:54:28.014,10623,10624,10624,5
2020-04-28 15:54:28.014,10623,10624,10624,1
2020-04-28 15:54:28.345,10624,10625,10624,1
2020-04-28 15:54:29.317,10624,10625,10624,2
2020-04-28 15:54:29.486,10624,10625,10625,1
2020-04-28 15:54:29.572,10624,10625,10625,2
2020-04-28 15:54:29.701,10624,10625,10625,1
2020-04-28 15:54:30.087,10624,10625,10625,1
2020-04-28 15:54:30.125,10624,10625,10625,2
2020-04-28 15:54:30.576,10624,10625,10625,1
2020-04-28 15:54:30.619,10624,10625,10625,1
2020-04-28 15:54:30.634,10624,10625,10625,2
2020-04-28 15:54:30.634,10624,10625,10625,9
2020-04-28 15:54:30.635,10624,10625,10625,1
2020-04-28 15:54:30.635,10624,10625,10625,10
2020-04-28 15:54:30.635,10624,10625,10625,10
2020-04-28 15:54:34.433,10624,10625,10624,1
2020-04-28 15:54:34.794,10623,10624,10623,1
2020-04-28 15:54:34.955,10623,10624,10624,1
2020-04-28 15:54:35.213,10623,10624,10624,1
2020-04-28 15:54:37.943,10623,10624,10624,1
2020-04-28 15:54:38.357,10623,10624,10624,1
2020-04-28 15:54:40.092,10623,10624,10624,8
2020-04-28 15:54:40.483,10623,10624,10624,1
2020-04-28 15:54:41.309,10623,10625,10625,3
2020-04-28 15:54:42.981,10624,10625,10625,2
2020-04-28 15:54:43.598,10624,10625,10625,1
2020-04-28 15:54:43.955,10624,10626,10626,1
2020-04-28 15:54:44.046,10624,10626,10626,1
2020-04-28 15:54:44.493,10624,10626,10626,1
2020-04-28 15:54:46.105,10625,10626,10626,1
2020-04-28 15:54:47.298,10625,10626,10626,1
2020-04-28 15:54:47.837,10625,10626,10626,1
2020-04-28 15:54:53.322,10625,10626,10625,4
2020-04-28 15:54:53.705,10624,10625,10625,1
2020-04-28 15:54:55.245,10624,10625,10625,1
2020-04-28 15:54:57.533,10624,10625,10625,1
2020-04-28 15:55:06.009,10625,10626,10625,1
2020-04-28 15:55:06.656,10625,10626,10626,1
2020-04-28 15:55:07.245,10625,10626,10625,1
2020-04-28 15:55:07.316,10625,10626,10626,1
2020-04-28 15:55:11.094,10625,10626,10625,1
2020-04-28 15:55:11.726,10625,10626,10625,4
2020-04-28 15:55:11.995,10624,10625,10625,3
2020-04-28 15:55:16.358,10624,10625,10624,21
2020-04-28 15:55:16.657,10623,10624,10623,1
2020-04-28 15:55:17.966,10623,10624,10623,1
2020-04-28 15:55:20.874,10623,10624,10623,1
2020-04-28 15:55:21.176,10623,10624,10624,1
2020-04-28 15:55:22.240,10623,10624,10624,2
2020-04-28 15:55:22.240,10623,10624,10625,4
2020-04-28 15:55:22.243,10623,10624,10624,1
2020-04-28 15:55:22.256,10623,10624,10624,1
2020-04-28 15:55:25.242,10623,10625,10624,1
2020-04-28 15:55:29.400,10624,10625,10624,3
2020-04-28 15:55:30.430,10624,10625,10624,1
2020-04-28 15:55:33.892,10623,10624,10624,1
2020-04-28 15:55:34.834,10623,10624,10623,1
2020-04-28 15:55:38.232,10623,10624,10623,1
2020-04-28 15:55:39.524,10623,10624,10623,3
2020-04-28 15:55:40.135,10623,10624,10623,7
2020-04-28 15:55:41.285,10622,10623,10622,2
2020-04-28 15:55:45.963,10621,10623,10621,2
2020-04-28 15:55:46.086,10621,10623,10621,12
2020-04-28 15:55:46.238,10621,10622,10622,1
2020-04-28 15:55:46.694,10620,10622,10620,1
2020-04-28 15:55:47.030,10620,10622,10622,1
2020-04-28 15:55:54.456,10621,10622,10622,1
2020-04-28 15:55:55.303,10622,10624,10622,1
2020-04-28 15:55:57.195,10622,10624,10622,1
2020-04-28 15:56:13.752,10621,10623,10621,1
2020-04-28 15:56:25.861,10622,10623,10623,1
2020-04-28 15:56:25.909,10622,10624,10624,1
2020-04-28 15:56:31.720,10622,10623,10623,3
2020-04-28 15:56:31.958,10622,10623,10622,3
2020-04-28 15:56:35.270,10623,10624,10623,4
2020-04-28 15:56:35.270,10623,10624,10622,1
2020-04-28 15:56:36.528,10622,10624,10624,1
2020-04-28 15:56:37.813,10623,10624,10623,1
2020-04-28 15:56:38.306,10623,10624,10624,4
2020-04-28 15:56:40.540,10623,10624,10624,3
2020-04-28 15:56:45.638,10624,10625,10624,1
2020-04-28 15:56:49.234,10624,10625,10624,2
2020-04-28 15:56:51.515,10624,10625,10625,10
2020-04-28 15:56:53.586,10624,10626,10624,5
2020-04-28 15:56:54.442,10624,10625,10625,1
2020-04-28 15:56:58.997,10624,10625,10625,1
2020-04-28 15:56:59.125,10624,10625,10625,1
2020-04-28 15:57:00.828,10624,10625,10625,2
2020-04-28 15:57:01.599,10624,10626,10626,1
2020-04-28 15:57:01.788,10624,10626,10626,1
2020-04-28 15:57:02.748,10624,10626,10626,1
2020-04-28 15:57:03.264,10624,10626,10625,1
2020-04-28 15:57:03.446,10624,10625,10624,1
2020-04-28 15:57:06.352,10624,10625,10624,1
2020-04-28 15:57:06.352,10624,10625,10624,1
2020-04-28 15:57:06.953,10623,10624,10624,1
2020-04-28 15:57:07.426,10623,10624,10624,2
2020-04-28 15:57:09.157,10623,10624,10623,9
2020-04-28 15:57:09.157,10623,10624,10623,2
2020-04-28 15:57:12.036,10622,10623,10623,1
2020-04-28 15:57:13.079,10622,10623,10623,1
2020-04-28 15:57:18.717,10623,10624,10624,1
2020-04-28 15:57:26.925,10624,10625,10624,1
2020-04-28 15:57:29.065,10624,10625,10624,1
2020-04-28 15:57:36.052,10624,10625,10624,5
2020-04-28 15:57:37.718,10623,10624,10624,1
2020-04-28 15:57:38.599,10623,10625,10624,1
2020-04-28 15:57:39.339,10623,10624,10624,1
2020-04-28 15:57:40.380,10623,10624,10624,1
2020-04-28 15:57:41.624,10623,10624,10623,2
2020-04-28 15:57:41.624,10623,10624,10623,1
2020-04-28 15:57:43.103,10622,10623,10623,1
2020-04-28 15:57:43.527,10622,10623,10623,1
2020-04-28 15:57:44.235,10622,10623,10623,1
2020-04-28 15:57:49.813,10623,10624,10623,1
2020-04-28 15:57:53.937,10622,10624,10624,3
2020-04-28 15:57:55.957,10622,10624,10624,2
2020-04-28 15:57:56.723,10623,10624,10623,1
2020-04-28 15:57:57.668,10622,10624,10624,1
2020-04-28 15:58:01.083,10622,10623,10623,2
2020-04-28 15:58:04.178,10622,10623,10622,2
2020-04-28 15:58:04.178,10622,10623,10622,4
2020-04-28 15:58:06.034,10622,10623,10623,1
2020-04-28 15:58:07.068,10623,10624,10623,1
2020-04-28 15:58:09.343,10621,10623,10621,1
2020-04-28 15:58:18.530,10622,10623,10622,1
2020-04-28 15:58:24.969,10621,10622,10622,4
2020-04-28 15:58:24.969,10621,10622,10623,1
2020-04-28 15:58:27.703,10621,10623,10621,1
2020-04-28 15:58:34.062,10621,10622,10622,1
2020-04-28 15:58:45.221,10622,10623,10622,1
2020-04-28 15:58:45.332,10622,10623,10622,1
2020-04-28 15:58:47.788,10622,10623,10622,3
2020-04-28 15:58:47.788,10622,10623,10622,2
2020-04-28 15:58:52.371,10621,10622,10622,3
2020-04-28 15:58:55.636,10622,10623,10623,1
2020-04-28 15:58:55.709,10622,10623,10622,1
2020-04-28 15:59:02.220,10621,10622,10622,1
2020-04-28 15:59:08.537,10621,10622,10622,1
2020-04-28 15:59:09.094,10622,10623,10622,1
2020-04-28 15:59:09.137,10622,10623,10623,1
2020-04-28 15:59:11.941,10622,10623,10622,1
2020-04-28 15:59:15.670,10621,10622,10621,1
2020-04-28 15:59:25.812,10621,10622,10622,3
2020-04-28 15:59:37.064,10621,10622,10621,21
2020-04-28 15:59:42.272,10620,10621,10620,1
2020-04-28 15:59:42.272,10620,10621,10620,10
2020-04-28 15:59:42.272,10620,10621,10620,2
2020-04-28 15:59:42.272,10620,10621,10620,14
2020-04-28 15:59:45.709,10619,10621,10619,2
2020-04-28 15:59:45.814,10619,10621,10619,1
2020-04-28 15:59:45.818,10619,10621,10619,1
2020-04-28 15:59:46.095,10620,10621,10620,1
2020-04-28 15:59:46.422,10620,10621,10621,2
2020-04-28 15:59:50.138,10620,10621,10620,1
2020-04-28 15:59:59.051,10620,10621,10620,1
2020-04-28 15:59:59.296,10619,10621,10620,1
2020-04-28 16:00:01.695,10620,10621,10621,10
2020-04-28 16:00:01.696,10620,10621,10621,1
2020-04-28 16:00:01.696,10620,10621,10621,2
2020-04-28 16:00:01.696,10620,10621,10621,3
2020-04-28 16:00:01.939,10621,10622,10621,1
2020-04-28 16:00:02.221,10620,10622,10620,1
2020-04-28 16:00:02.625,10620,10622,10622,1
2020-04-28 16:00:09.441,10620,10621,10621,6
2020-04-28 16:00:09.441,10620,10621,10621,2
2020-04-28 16:00:09.442,10620,10621,10621,1
2020-04-28 16:00:09.556,10620,10621,10620,7
2020-04-28 16:00:12.066,10619,10620,10620,1
2020-04-28 16:00:13.899,10619,10620,10620,2
2020-04-28 16:00:17.141,10619,10620,10619,1
2020-04-28 16:00:24.969,10619,10620,10620,1
2020-04-28 16:00:25.405,10619,10620,10619,2
2020-04-28 16:00:27.194,10619,10620,10620,5
2020-04-28 16:00:27.302,10619,10621,10620,1
2020-04-28 16:00:27.476,10619,10620,10619,2
2020-04-28 16:00:27.582,10619,10620,10619,1
2020-04-28 16:00:28.430,10618,10619,10618,2
2020-04-28 16:00:30.165,10618,10619,10618,1
2020-04-28 16:00:31.751,10618,10619,10618,3
2020-04-28 16:00:33.369,10618,10619,10619,3
2020-04-28 16:00:33.894,10618,10619,10618,1
2020-04-28 16:00:36.408,10618,10619,10618,1
2020-04-28 16:00:38.402,10618,10619,10618,1
2020-04-28 16:00:38.901,10618,10619,10619,1
2020-04-28 16:00:38.901,10618,10619,10620,4
2020-04-28 16:00:42.936,10618,10619,10618,1
2020-04-28 16:00:47.546,10618,10619,10618,1
2020-04-28 16:00:47.982,10618,10619,10619,1
2020-04-28 16:00:48.179,10618,10619,10618,1
2020-04-28 16:00:48.519,10618,10619,10618,1
2020-04-28 16:00:52.637,10618,10619,10618,1
2020-04-28 16:00:53.325,10618,10619,10618,3
2020-04-28 16:00:55.768,10618,10619,10618,1
2020-04-28 16:00:55.990,10618,10619,10618,1
2020-04-28 16:00:56.800,10617,10618,10617,1
2020-04-28 16:01:01.017,10618,10619,10618,1
2020-04-28 16:01:03.593,10618,10619,10618,1
2020-04-28 16:01:04.053,10618,10619,10618,1
2020-04-28 16:01:05.162,10618,10619,10618,2
2020-04-28 16:01:06.712,10617,10618,10617,1
2020-04-28 16:01:16.200,10617,10618,10618,1
2020-04-28 16:01:30.681,10617,10618,10618,1
2020-04-28 16:01:32.051,10617,10618,10618,1
2020-04-28 16:01:32.350,10617,10618,10618,2
2020-04-28 16:01:32.837,10617,10618,10617,1
2020-04-28 16:01:34.141,10617,10618,10617,1
2020-04-28 16:01:37.324,10617,10618,10618,1
2020-04-28 16:01:42.963,10617,10618,10617,1
2020-04-28 16:01:50.097,10617,10618,10617,1
2020-04-28 16:01:55.098,10617,10618,10617,1
2020-04-28 16:01:55.098,10617,10618,10617,2
2020-04-28 16:01:55.098,10617,10618,10617,2
2020-04-28 16:01:55.098,10617,10618,10617,1
2020-04-28 16:01:57.180,10616,10618,10616,5
2020-04-28 16:01:57.430,10616,10617,10616,1
2020-04-28 16:02:01.428,10616,10618,10616,2
2020-04-28 16:02:02.763,10616,10618,10616,2
2020-04-28 16:02:04.381,10616,10617,10616,1
2020-04-28 16:02:05.105,10616,10617,10616,4
2020-04-28 16:02:07.000,10616,10617,10617,6
2020-04-28 16:02:07.611,10616,10617,10616,1
2020-04-28 16:02:15.376,10616,10617,10616,2
2020-04-28 16:02:19.259,10616,10617,10616,1
2020-04-28 16:02:20.052,10616,10617,10616,2
2020-04-28 16:02:20.637,10616,10617,10616,2
2020-04-28 16:02:23.080,10616,10617,10616,1
2020-04-28 16:02:26.624,10616,10617,10616,1
2020-04-28 16:02:27.227,10616,10617,10617,1
2020-04-28 16:02:29.089,10616,10617,10616,1
2020-04-28 16:02:33.888,10616,10617,10616,1
2020-04-28 16:02:34.138,10616,10617,10617,1
2020-04-28 16:02:35.140,10616,10617,10617,2
2020-04-28 16:02:42.649,10617,10618,10617,1
2020-04-28 16:02:43.167,10617,10618,10617,1
2020-04-28 16:02:44.262,10617,10618,10618,5
2020-04-28 16:02:45.328,10617,10618,10617,1
2020-04-28 16:02:48.586,10617,10618,10618,5
2020-04-28 16:02:48.737,10618,10619,10619,4
2020-04-28 16:02:49.782,10618,10620,10620,2
2020-04-28 16:02:50.321,10618,10620,10618,2
2020-04-28 16:03:02.274,10618,10619,10618,1
2020-04-28 16:03:02.402,10618,10619,10619,1
2020-04-28 16:03:06.836,10618,10619,10618,4
2020-04-28 16:03:12.309,10617,10618,10618,1
2020-04-28 16:03:14.820,10617,10618,10618,1
2020-04-28 16:03:19.870,10617,10618,10618,1
2020-04-28 16:03:27.210,10617,10618,10617,1
2020-04-28 16:03:29.587,10617,10618,10617,1
2020-04-28 16:03:38.730,10617,10618,10617,1
2020-04-28 16:03:40.317,10617,10618,10617,2
2020-04-28 16:03:41.752,10617,10618,10618,1
2020-04-28 16:03:55.715,10617,10618,10617,1
2020-04-28 16:03:55.837,10617,10618,10617,4
2020-04-28 16:03:55.837,10617,10618,10617,1
2020-04-28 16:03:57.895,10616,10617,10617,1
2020-04-28 16:03:59.416,10616,10618,10618,1
2020-04-28 16:04:02.760,10617,10618,10617,2
2020-04-28 16:04:02.760,10617,10618,10617,4
2020-04-28 16:04:02.902,10616,10618,10618,4
2020-04-28 16:04:07.807,10617,10618,10617,1
2020-04-28 16:04:07.893,10617,10618,10617,1
2020-04-28 16:04:17.772,10617,10618,10617,1
2020-04-28 16:04:18.353,10617,10618,10617,2
2020-04-28 16:04:23.219,10617,10618,10618,1
2020-04-28 16:04:25.928,10616,10618,10616,1
2020-04-28 16:04:26.355,10617,10618,10617,1
2020-04-28 16:04:36.083,10617,10618,10617,2
2020-04-28 16:04:36.242,10616,10618,10617,1
2020-04-28 16:04:36.242,10616,10618,10616,2
2020-04-28 16:04:36.523,10616,10618,10616,1
2020-04-28 16:04:37.070,10616,10618,10617,1
2020-04-28 16:04:39.981,10616,10617,10616,2
2020-04-28 16:04:42.953,10616,10617,10616,2
2020-04-28 16:04:43.861,10616,10617,10616,1
