2024-04-30 15:00:00.012,20441,20443,20445,131,131
2024-04-30 15:00:00.023,20444,20446,20444,1,-1
2024-04-30 15:00:00.023,20444,20446,20444,2,-2
2024-04-30 15:00:00.068,20443,20446,20444,1,-1
2024-04-30 15:00:00.175,20443,20446,20446,1,1
2024-04-30 15:00:00.238,20443,20446,20446,1,1
2024-04-30 15:00:00.239,20443,20446,20446,1,1
2024-04-30 15:00:00.241,20443,20446,20443,3,-3
2024-04-30 15:00:00.241,20443,20446,20444,3,-3
2024-04-30 15:00:00.241,20443,20446,20445,1,1
2024-04-30 15:00:00.241,20443,20446,20446,1,1
2024-04-30 15:00:00.241,20443,20446,20445,1,1
2024-04-30 15:00:00.244,20443,20446,20443,2,-2
2024-04-30 15:00:00.244,20443,20446,20442,1,-1
2024-04-30 15:00:00.262,20443,20446,20446,1,1
2024-04-30 15:00:00.315,20442,20446,20446,1,1
2024-04-30 15:00:00.319,20442,20446,20446,1,1
2024-04-30 15:00:00.363,20442,20446,20446,1,1
2024-04-30 15:00:00.407,20442,20446,20441,2,-2
2024-04-30 15:00:00.407,20442,20446,20442,3,-3
2024-04-30 15:00:00.408,20442,20446,20445,1,1
2024-04-30 15:00:00.408,20442,20446,20446,1,1
2024-04-30 15:00:00.408,20442,20446,20446,1,1
2024-04-30 15:00:00.410,20442,20446,20441,1,-1
2024-04-30 15:00:00.416,20442,20446,20441,2,-2
2024-04-30 15:00:00.427,20441,20446,20441,1,-1
2024-04-30 15:00:00.448,20441,20446,20442,2,-2
2024-04-30 15:00:00.460,20441,20446,20446,1,1
2024-04-30 15:00:00.464,20441,20446,20443,1,-1
2024-04-30 15:00:00.466,20441,20446,20443,1,-1
2024-04-30 15:00:00.471,20441,20446,20444,1,1
2024-04-30 15:00:00.515,20441,20446,20444,1,1
2024-04-30 15:00:00.516,20441,20446,20444,1,1
2024-04-30 15:00:00.519,20441,20446,20443,1,-1
2024-04-30 15:00:00.532,20441,20446,20445,1,1
2024-04-30 15:00:00.578,20442,20445,20446,1,1
2024-04-30 15:00:00.578,20442,20445,20447,1,1
2024-04-30 15:00:00.621,20442,20445,20445,1,1
2024-04-30 15:00:00.625,20442,20445,20443,1,-1
2024-04-30 15:00:00.625,20442,20445,20442,1,-1
2024-04-30 15:00:00.631,20442,20445,20445,2,2
2024-04-30 15:00:00.637,20442,20445,20443,1,-1
2024-04-30 15:00:00.651,20442,20445,20444,1,1
2024-04-30 15:00:00.660,20442,20445,20441,2,-2
2024-04-30 15:00:00.710,20441,20444,20441,1,-1
2024-04-30 15:00:00.720,20441,20444,20441,2,-2
2024-04-30 15:00:00.720,20441,20444,20441,1,-1
2024-04-30 15:00:00.752,20441,20444,20442,1,-1
2024-04-30 15:00:00.754,20441,20444,20444,2,2
2024-04-30 15:00:00.787,20441,20444,20442,2,-2
2024-04-30 15:00:00.805,20442,20444,20442,1,-1
2024-04-30 15:00:00.817,20442,20444,20442,1,-1
2024-04-30 15:00:00.876,20442,20444,20444,1,1
2024-04-30 15:00:00.888,20442,20444,20444,1,1
2024-04-30 15:00:00.889,20442,20444,20444,1,1
2024-04-30 15:00:00.893,20442,20444,20444,1,1
2024-04-30 15:00:00.931,20442,20445,20445,1,1
2024-04-30 15:00:00.955,20442,20445,20445,1,1
2024-04-30 15:00:00.959,20442,20445,20445,1,1
2024-04-30 15:00:00.960,20442,20445,20445,1,1
2024-04-30 15:00:00.967,20442,20445,20446,1,1
2024-04-30 15:00:00.980,20442,20445,20446,1,1
2024-04-30 15:00:01.021,20442,20445,20443,1,-1
2024-04-30 15:00:01.052,20443,20446,20446,1,1
2024-04-30 15:00:01.059,20443,20446,20442,1,-1
2024-04-30 15:00:01.105,20443,20446,20445,1,1
2024-04-30 15:00:01.107,20443,20446,20446,1,1
2024-04-30 15:00:01.115,20443,20446,20446,1,1
2024-04-30 15:00:01.132,20443,20446,20446,1,1
2024-04-30 15:00:01.132,20443,20446,20446,1,1
2024-04-30 15:00:01.132,20443,20446,20447,1,1
2024-04-30 15:00:01.154,20443,20446,20447,2,2
2024-04-30 15:00:01.170,20445,20447,20445,1,-1
2024-04-30 15:00:01.170,20445,20447,20444,1,-1
2024-04-30 15:00:01.187,20445,20447,20444,2,-2
2024-04-30 15:00:01.199,20445,20447,20446,1,-1
2024-04-30 15:00:01.199,20445,20447,20446,1,-1
2024-04-30 15:00:01.206,20445,20447,20444,2,-2
2024-04-30 15:00:01.231,20445,20447,20445,1,-1
2024-04-30 15:00:01.231,20445,20447,20444,2,-2
2024-04-30 15:00:01.596,20444,20447,20446,1,1
2024-04-30 15:00:01.704,20444,20446,20444,7,-7
2024-04-30 15:00:01.705,20444,20446,20444,7,-7
2024-04-30 15:00:01.705,20444,20446,20444,1,-1
2024-04-30 15:00:01.819,20442,20444,20442,1,-1
2024-04-30 15:00:01.899,20442,20444,20444,2,2
2024-04-30 15:00:01.899,20442,20444,20445,2,2
2024-04-30 15:00:01.957,20443,20445,20445,2,2
2024-04-30 15:00:01.986,20443,20445,20445,1,1
2024-04-30 15:00:01.986,20443,20445,20445,1,1
2024-04-30 15:00:01.986,20443,20445,20445,1,1
2024-04-30 15:00:01.992,20443,20445,20445,1,1
2024-04-30 15:00:01.994,20443,20445,20446,1,1
2024-04-30 15:00:01.996,20443,20445,20446,1,1
2024-04-30 15:00:01.996,20443,20445,20446,1,1
2024-04-30 15:00:02.024,20443,20445,20444,1,1
2024-04-30 15:00:02.070,20443,20444,20444,1,1
2024-04-30 15:00:02.243,20443,20445,20443,1,-1
2024-04-30 15:00:02.615,20443,20444,20444,2,2
2024-04-30 15:00:02.615,20443,20444,20445,2,2
2024-04-30 15:00:02.641,20443,20444,20443,1,-1
2024-04-30 15:00:02.693,20442,20444,20446,7,7
2024-04-30 15:00:02.693,20442,20444,20447,4,4
2024-04-30 15:00:02.693,20442,20444,20445,4,4
2024-04-30 15:00:02.693,20442,20444,20444,2,2
2024-04-30 15:00:02.795,20443,20446,20443,1,-1
2024-04-30 15:00:02.854,20443,20446,20443,1,-1
2024-04-30 15:00:03.072,20444,20445,20444,1,-1
2024-04-30 15:00:03.073,20444,20445,20444,1,-1
2024-04-30 15:00:03.095,20444,20445,20444,1,-1
2024-04-30 15:00:03.240,20444,20445,20444,1,-1
2024-04-30 15:00:03.248,20444,20445,20445,2,2
2024-04-30 15:00:03.559,20444,20445,20444,1,-1
2024-04-30 15:00:03.671,20442,20445,20441,1,-1
2024-04-30 15:00:03.671,20442,20445,20442,5,-5
2024-04-30 15:00:03.823,20441,20444,20444,3,3
2024-04-30 15:00:03.823,20441,20444,20445,1,1
2024-04-30 15:00:04.197,20443,20444,20444,1,1
2024-04-30 15:00:04.213,20443,20444,20443,2,-2
2024-04-30 15:00:04.213,20443,20444,20442,1,-1
2024-04-30 15:00:04.218,20443,20444,20442,7,-7
2024-04-30 15:00:04.218,20443,20444,20441,3,-3
2024-04-30 15:00:04.359,20441,20444,20441,2,-2
2024-04-30 15:00:04.427,20440,20443,20440,1,-1
2024-04-30 15:00:04.637,20440,20443,20440,1,-1
2024-04-30 15:00:04.863,20440,20442,20440,1,-1
2024-04-30 15:00:05.060,20440,20442,20442,1,1
2024-04-30 15:00:05.113,20440,20442,20440,12,-12
2024-04-30 15:00:05.298,20439,20441,20439,1,-1
2024-04-30 15:00:05.400,20439,20441,20441,1,1
2024-04-30 15:00:05.518,20439,20442,20439,1,-1
2024-04-30 15:00:05.704,20438,20441,20442,3,3
2024-04-30 15:00:05.704,20438,20441,20442,15,15
2024-04-30 15:00:05.704,20438,20441,20441,1,1
2024-04-30 15:00:05.725,20438,20441,20440,1,1
2024-04-30 15:00:05.735,20438,20441,20439,1,-1
2024-04-30 15:00:05.960,20439,20441,20439,1,-1
2024-04-30 15:00:06.150,20439,20441,20439,2,-2
2024-04-30 15:00:06.311,20438,20441,20441,1,1
2024-04-30 15:00:06.332,20438,20441,20441,1,1
2024-04-30 15:00:06.394,20438,20441,20439,1,-1
2024-04-30 15:00:06.406,20438,20441,20439,1,-1
2024-04-30 15:00:06.530,20439,20441,20441,1,1
2024-04-30 15:00:06.724,20439,20441,20439,2,-2
2024-04-30 15:00:06.739,20439,20441,20439,1,-1
2024-04-30 15:00:06.777,20439,20441,20440,1,-1
2024-04-30 15:00:06.886,20439,20441,20439,1,-1
2024-04-30 15:00:07.054,20439,20441,20439,1,-1
2024-04-30 15:00:07.170,20438,20441,20441,1,1
2024-04-30 15:00:07.490,20438,20441,20438,1,-1
2024-04-30 15:00:07.495,20438,20441,20438,1,-1
2024-04-30 15:00:07.725,20438,20441,20438,7,-7
2024-04-30 15:00:07.765,20438,20441,20440,1,1
2024-04-30 15:00:08.293,20439,20441,20441,10,10
2024-04-30 15:00:08.293,20439,20441,20442,3,3
2024-04-30 15:00:08.293,20439,20441,20443,8,8
2024-04-30 15:00:08.293,20439,20441,20444,6,6
2024-04-30 15:00:08.293,20439,20441,20445,10,10
2024-04-30 15:00:08.293,20439,20441,20446,3,3
2024-04-30 15:00:08.389,20439,20441,20445,1,1
2024-04-30 15:00:08.458,20443,20446,20443,1,-1
2024-04-30 15:00:08.489,20443,20446,20442,3,-3
2024-04-30 15:00:08.489,20443,20446,20443,2,-2
2024-04-30 15:00:08.621,20442,20445,20442,1,-1
2024-04-30 15:00:08.725,20442,20445,20442,2,-2
2024-04-30 15:00:09.175,20441,20443,20440,1,-1
2024-04-30 15:00:09.517,20440,20443,20443,1,1
2024-04-30 15:00:09.616,20440,20443,20443,5,5
2024-04-30 15:00:09.725,20441,20443,20441,3,-3
2024-04-30 15:00:09.911,20441,20443,20442,1,-1
2024-04-30 15:00:09.911,20441,20443,20441,2,-2
2024-04-30 15:00:10.404,20440,20443,20443,3,3
2024-04-30 15:00:10.512,20442,20444,20444,3,3
2024-04-30 15:00:10.724,20443,20445,20443,5,-5
2024-04-30 15:00:10.744,20443,20445,20443,2,-2
2024-04-30 15:00:10.744,20443,20445,20442,3,-3
2024-04-30 15:00:10.814,20442,20444,20442,1,-1
2024-04-30 15:00:11.054,20443,20444,20444,2,2
2024-04-30 15:00:11.054,20443,20444,20445,1,1
2024-04-30 15:00:11.090,20443,20444,20445,1,1
2024-04-30 15:00:11.490,20443,20446,20442,1,-1
2024-04-30 15:00:11.490,20443,20446,20443,2,-2
2024-04-30 15:00:11.669,20442,20445,20445,1,1
2024-04-30 15:00:11.745,20442,20445,20443,4,-4
2024-04-30 15:00:11.745,20442,20445,20442,8,-8
2024-04-30 15:00:12.074,20443,20444,20444,2,2
2024-04-30 15:00:12.345,20443,20445,20443,1,-1
2024-04-30 15:00:12.881,20443,20445,20445,2,2
2024-04-30 15:00:13.540,20443,20445,20445,2,2
2024-04-30 15:00:13.745,20443,20446,20443,3,-3
2024-04-30 15:00:13.753,20443,20446,20446,1,1
2024-04-30 15:00:13.753,20443,20446,20445,1,1
2024-04-30 15:00:14.314,20443,20446,20444,1,-1
2024-04-30 15:00:14.745,20443,20445,20443,4,-4
2024-04-30 15:00:14.802,20443,20445,20445,2,2
2024-04-30 15:00:15.746,20443,20445,20443,4,-4
2024-04-30 15:00:15.767,20443,20445,20443,4,-4
2024-04-30 15:00:15.998,20444,20445,20444,1,-1
2024-04-30 15:00:16.767,20444,20445,20444,4,-4
2024-04-30 15:00:16.848,20444,20445,20444,2,-2
2024-04-30 15:00:16.935,20444,20445,20444,1,-1
2024-04-30 15:00:17.221,20444,20445,20445,1,1
2024-04-30 15:00:17.519,20444,20445,20445,3,3
2024-04-30 15:00:17.521,20444,20445,20446,1,1
2024-04-30 15:00:17.643,20445,20446,20445,1,-1
2024-04-30 15:00:17.792,20445,20446,20445,1,-1
2024-04-30 15:00:17.951,20444,20446,20446,2,2
2024-04-30 15:00:18.300,20445,20446,20446,1,1
2024-04-30 15:00:18.301,20445,20446,20446,2,2
2024-04-30 15:00:18.466,20445,20446,20447,1,1
2024-04-30 15:00:18.466,20445,20446,20446,1,1
2024-04-30 15:00:18.701,20445,20447,20447,2,2
2024-04-30 15:00:18.933,20445,20447,20447,1,1
2024-04-30 15:00:18.947,20445,20447,20447,3,3
2024-04-30 15:00:19.924,20445,20447,20447,2,2
2024-04-30 15:00:20.194,20445,20447,20446,1,1
2024-04-30 15:00:20.357,20446,20447,20447,1,1
2024-04-30 15:00:20.821,20446,20448,20446,9,-9
2024-04-30 15:00:20.821,20446,20448,20445,1,-1
2024-04-30 15:00:20.945,20445,20447,20445,1,-1
2024-04-30 15:00:21.203,20445,20447,20445,1,-1
2024-04-30 15:00:22.014,20445,20446,20446,1,1
2024-04-30 15:00:23.192,20445,20446,20445,1,-1
2024-04-30 15:00:23.193,20445,20446,20446,3,3
2024-04-30 15:00:24.049,20444,20446,20446,1,1
2024-04-30 15:00:24.205,20444,20446,20445,1,1
2024-04-30 15:00:24.295,20444,20445,20445,1,1
2024-04-30 15:00:24.295,20444,20445,20446,1,1
2024-04-30 15:00:24.312,20444,20445,20446,1,1
2024-04-30 15:00:24.539,20444,20446,20446,1,1
2024-04-30 15:00:24.995,20444,20446,20446,1,1
2024-04-30 15:00:25.015,20444,20446,20444,1,-1
2024-04-30 15:00:25.093,20444,20446,20444,1,-1
2024-04-30 15:00:25.093,20444,20446,20443,2,-2
2024-04-30 15:00:25.096,20444,20446,20445,1,-1
2024-04-30 15:00:25.099,20444,20446,20445,1,-1
2024-04-30 15:00:25.863,20443,20446,20443,1,-1
2024-04-30 15:00:26.016,20443,20446,20443,3,-3
2024-04-30 15:00:26.311,20443,20445,20443,1,-1
2024-04-30 15:00:27.287,20443,20445,20445,9,9
2024-04-30 15:00:27.288,20443,20445,20445,1,1
2024-04-30 15:00:27.318,20443,20446,20446,1,1
2024-04-30 15:00:29.099,20443,20446,20443,1,-1
2024-04-30 15:00:29.681,20443,20446,20446,4,4
2024-04-30 15:00:29.682,20443,20446,20446,5,5
2024-04-30 15:00:31.107,20445,20447,20447,2,2
2024-04-30 15:00:31.323,20445,20447,20445,1,-1
2024-04-30 15:00:33.316,20446,20447,20446,1,-1
2024-04-30 15:00:33.470,20446,20447,20447,5,5
2024-04-30 15:00:33.478,20446,20447,20446,2,-2
2024-04-30 15:00:33.478,20446,20447,20445,3,-3
2024-04-30 15:00:33.491,20446,20447,20445,2,-2
2024-04-30 15:00:33.681,20445,20446,20445,1,-1
2024-04-30 15:00:34.257,20445,20446,20446,2,2
2024-04-30 15:00:34.308,20446,20447,20447,2,2
2024-04-30 15:00:34.491,20446,20447,20446,1,-1
2024-04-30 15:00:35.193,20445,20447,20447,3,3
2024-04-30 15:00:35.193,20445,20447,20447,2,2
2024-04-30 15:00:35.193,20445,20447,20447,1,1
2024-04-30 15:00:35.204,20445,20447,20446,1,1
2024-04-30 15:00:35.415,20446,20448,20448,4,4
2024-04-30 15:00:35.415,20446,20448,20448,1,1
2024-04-30 15:00:35.416,20446,20448,20448,9,9
2024-04-30 15:00:36.504,20447,20449,20447,2,-2
2024-04-30 15:00:36.566,20447,20449,20449,19,19
2024-04-30 15:00:36.566,20447,20449,20449,59,59
2024-04-30 15:00:36.567,20447,20449,20450,1,1
2024-04-30 15:00:36.568,20447,20449,20450,16,16
2024-04-30 15:00:36.610,20447,20449,20449,1,1
2024-04-30 15:00:36.632,20447,20449,20449,1,1
2024-04-30 15:00:36.695,20448,20449,20449,1,1
2024-04-30 15:00:36.711,20448,20449,20450,4,4
2024-04-30 15:00:36.711,20448,20449,20451,1,1
2024-04-30 15:00:36.764,20448,20449,20451,1,1
2024-04-30 15:00:36.829,20448,20451,20448,1,-1
2024-04-30 15:00:36.850,20448,20451,20451,1,1
2024-04-30 15:00:36.858,20448,20451,20451,9,9
2024-04-30 15:00:36.858,20448,20451,20452,7,7
2024-04-30 15:00:36.859,20448,20451,20452,1,1
2024-04-30 15:00:36.859,20448,20451,20452,1,1
2024-04-30 15:00:36.859,20448,20451,20452,8,8
2024-04-30 15:00:36.897,20448,20451,20449,1,-1
2024-04-30 15:00:36.911,20448,20451,20452,1,1
2024-04-30 15:00:36.931,20449,20452,20449,1,-1
2024-04-30 15:00:36.980,20449,20452,20452,1,1
2024-04-30 15:00:36.991,20449,20452,20452,1,1
2024-04-30 15:00:37.152,20449,20451,20450,1,1
2024-04-30 15:00:37.152,20449,20451,20450,1,1
2024-04-30 15:00:37.153,20449,20451,20450,1,1
2024-04-30 15:00:37.844,20449,20451,20451,1,1
2024-04-30 15:00:38.975,20450,20452,20452,2,2
2024-04-30 15:00:39.196,20450,20452,20450,5,-5
2024-04-30 15:00:39.239,20450,20452,20449,1,-1
2024-04-30 15:00:39.418,20449,20451,20451,4,4
2024-04-30 15:00:39.418,20449,20451,20452,5,5
2024-04-30 15:00:39.871,20449,20452,20451,1,1
2024-04-30 15:00:40.800,20451,20452,20452,1,1
2024-04-30 15:00:40.886,20451,20452,20452,2,2
2024-04-30 15:00:40.971,20451,20453,20451,1,-1
2024-04-30 15:00:40.971,20451,20453,20451,4,-4
2024-04-30 15:00:42.251,20449,20451,20449,3,-3
2024-04-30 15:00:42.251,20449,20451,20449,2,-2
2024-04-30 15:00:42.496,20448,20450,20450,1,1
2024-04-30 15:00:42.839,20448,20450,20450,2,2
2024-04-30 15:00:43.581,20448,20450,20450,4,4
2024-04-30 15:00:43.581,20448,20450,20450,2,2
2024-04-30 15:00:43.664,20448,20450,20450,2,2
2024-04-30 15:00:44.648,20448,20451,20448,1,-1
2024-04-30 15:00:45.337,20449,20451,20451,1,1
2024-04-30 15:00:47.404,20450,20451,20450,1,-1
2024-04-30 15:00:48.463,20450,20451,20451,1,1
2024-04-30 15:00:48.562,20450,20451,20450,5,-5
2024-04-30 15:00:48.563,20450,20451,20449,7,-7
2024-04-30 15:00:49.940,20448,20449,20449,1,1
2024-04-30 15:00:49.968,20448,20449,20450,1,1
2024-04-30 15:00:50.116,20448,20449,20450,2,2
2024-04-30 15:00:50.116,20448,20449,20451,2,2
2024-04-30 15:00:50.558,20448,20449,20449,1,1
2024-04-30 15:00:50.558,20448,20449,20450,1,1
2024-04-30 15:00:50.559,20448,20449,20450,16,16
2024-04-30 15:00:50.712,20450,20451,20450,1,-1
2024-04-30 15:00:51.277,20448,20450,20450,1,1
2024-04-30 15:00:51.886,20449,20450,20450,1,1
2024-04-30 15:00:51.886,20449,20450,20451,1,1
2024-04-30 15:00:51.955,20449,20451,20451,1,1
2024-04-30 15:00:53.825,20449,20450,20450,1,1
2024-04-30 15:00:53.825,20449,20450,20450,1,1
2024-04-30 15:00:54.205,20450,20451,20450,5,-5
2024-04-30 15:00:54.754,20450,20451,20450,1,-1
2024-04-30 15:00:55.278,20450,20451,20450,1,-1
2024-04-30 15:00:55.746,20450,20451,20451,12,12
2024-04-30 15:00:55.748,20450,20451,20452,8,8
2024-04-30 15:00:55.748,20450,20451,20452,3,3
2024-04-30 15:00:55.748,20450,20451,20452,1,1
2024-04-30 15:00:55.923,20451,20452,20452,8,8
2024-04-30 15:00:55.923,20451,20452,20453,5,5
2024-04-30 15:00:56.776,20451,20453,20453,1,1
2024-04-30 15:00:56.776,20451,20453,20453,2,2
2024-04-30 15:00:56.776,20451,20453,20453,7,7
2024-04-30 15:00:57.014,20453,20454,20453,1,-1
2024-04-30 15:00:57.105,20452,20454,20455,3,3
2024-04-30 15:00:57.105,20452,20454,20454,3,3
2024-04-30 15:00:57.178,20453,20455,20455,1,1
2024-04-30 15:00:57.219,20453,20455,20453,3,-3
2024-04-30 15:00:57.245,20453,20455,20455,1,1
2024-04-30 15:00:57.290,20453,20455,20455,1,1
2024-04-30 15:00:57.322,20452,20455,20455,1,1
2024-04-30 15:00:58.327,20454,20455,20454,1,-1
2024-04-30 15:00:58.327,20454,20455,20453,2,-2
2024-04-30 15:00:58.327,20454,20455,20452,2,-2
2024-04-30 15:00:58.830,20452,20455,20455,1,1
2024-04-30 15:00:58.834,20452,20455,20455,1,1
2024-04-30 15:00:58.945,20453,20455,20453,1,-1
2024-04-30 15:00:59.971,20453,20455,20455,1,1
2024-04-30 15:00:59.978,20453,20455,20453,1,-1
2024-04-30 15:00:59.984,20453,20455,20455,1,1
2024-04-30 15:00:59.990,20453,20455,20453,2,-2
2024-04-30 15:01:00.009,20453,20455,20452,2,-2
2024-04-30 15:01:00.029,20453,20455,20452,2,-2
2024-04-30 15:01:00.060,20453,20455,20454,1,-1
2024-04-30 15:01:00.219,20452,20454,20454,2,2
2024-04-30 15:01:00.308,20454,20455,20455,1,1
2024-04-30 15:01:00.478,20454,20455,20455,1,1
2024-04-30 15:01:00.907,20454,20456,20454,1,-1
2024-04-30 15:01:00.947,20454,20455,20455,3,3
2024-04-30 15:01:01.158,20454,20455,20454,2,-2
2024-04-30 15:01:01.158,20454,20455,20453,2,-2
2024-04-30 15:01:01.158,20454,20455,20452,2,-2
2024-04-30 15:01:01.171,20452,20455,20455,1,1
2024-04-30 15:01:01.171,20452,20455,20455,1,1
2024-04-30 15:01:01.171,20452,20455,20455,1,1
2024-04-30 15:01:01.171,20452,20455,20452,7,-7
2024-04-30 15:01:01.171,20452,20455,20455,1,1
2024-04-30 15:01:01.171,20452,20455,20451,8,-8
2024-04-30 15:01:01.518,20453,20454,20453,3,-3
2024-04-30 15:01:01.518,20453,20454,20452,1,-1
2024-04-30 15:01:01.788,20452,20454,20452,1,-1
2024-04-30 15:01:02.018,20452,20454,20452,1,-1
2024-04-30 15:01:02.046,20452,20454,20452,1,-1
2024-04-30 15:01:02.151,20452,20454,20451,3,-3
2024-04-30 15:01:02.759,20452,20454,20454,1,1
2024-04-30 15:01:02.823,20452,20454,20454,1,1
2024-04-30 15:01:02.980,20452,20454,20454,1,1
2024-04-30 15:01:04.075,20453,20455,20454,1,1
2024-04-30 15:01:04.221,20453,20455,20453,1,-1
2024-04-30 15:01:04.221,20453,20455,20452,4,-4
2024-04-30 15:01:04.481,20453,20455,20455,2,2
2024-04-30 15:01:06.906,20454,20455,20454,3,-3
2024-04-30 15:01:06.907,20454,20455,20454,1,-1
2024-04-30 15:01:07.308,20453,20455,20455,1,1
2024-04-30 15:01:08.389,20453,20455,20455,5,5
2024-04-30 15:01:08.742,20454,20455,20455,10,10
2024-04-30 15:01:08.882,20454,20455,20454,1,-1
2024-04-30 15:01:08.926,20453,20455,20455,1,1
2024-04-30 15:01:10.315,20453,20454,20454,4,4
2024-04-30 15:01:10.825,20453,20454,20454,1,1
2024-04-30 15:01:10.933,20453,20454,20454,3,3
2024-04-30 15:01:10.934,20453,20454,20454,1,1
2024-04-30 15:01:11.003,20453,20454,20455,6,6
2024-04-30 15:01:11.153,20454,20455,20454,1,-1
2024-04-30 15:01:11.180,20454,20455,20454,1,-1
2024-04-30 15:01:11.523,20453,20455,20455,2,2
2024-04-30 15:01:12.502,20453,20455,20455,2,2
2024-04-30 15:01:12.902,20453,20454,20454,1,1
2024-04-30 15:01:12.902,20453,20454,20455,1,1
2024-04-30 15:01:12.997,20453,20455,20453,1,-1
2024-04-30 15:01:13.032,20453,20455,20455,5,5
2024-04-30 15:01:13.680,20453,20455,20453,5,-5
2024-04-30 15:01:13.681,20453,20455,20453,1,-1
2024-04-30 15:01:13.681,20453,20455,20453,2,-2
2024-04-30 15:01:13.681,20453,20455,20453,4,-4
2024-04-30 15:01:13.796,20452,20454,20454,1,1
2024-04-30 15:01:14.029,20452,20454,20454,2,2
2024-04-30 15:01:14.724,20454,20455,20454,1,-1
2024-04-30 15:01:14.724,20454,20455,20453,1,-1
2024-04-30 15:01:14.819,20452,20453,20453,1,1
2024-04-30 15:01:14.819,20452,20453,20453,6,6
2024-04-30 15:01:15.260,20453,20455,20455,1,1
2024-04-30 15:01:15.271,20453,20455,20455,5,5
2024-04-30 15:01:15.554,20453,20454,20453,1,-1
2024-04-30 15:01:15.869,20453,20454,20454,1,1
2024-04-30 15:01:15.997,20453,20455,20455,1,1
2024-04-30 15:01:16.176,20454,20455,20455,1,1
2024-04-30 15:01:16.628,20454,20455,20455,1,1
2024-04-30 15:01:17.951,20455,20456,20456,1,1
2024-04-30 15:01:18.214,20455,20456,20455,2,-2
2024-04-30 15:01:18.393,20455,20456,20455,1,-1
2024-04-30 15:01:18.396,20455,20456,20455,1,-1
2024-04-30 15:01:18.420,20454,20456,20456,5,5
2024-04-30 15:01:18.421,20454,20456,20456,3,3
2024-04-30 15:01:18.422,20454,20456,20456,2,2
2024-04-30 15:01:18.730,20454,20456,20456,2,2
2024-04-30 15:01:19.194,20454,20456,20456,1,1
2024-04-30 15:01:19.368,20454,20456,20456,19,19
2024-04-30 15:01:19.369,20454,20456,20457,3,3
2024-04-30 15:01:19.457,20457,20458,20457,1,-1
2024-04-30 15:01:19.529,20457,20458,20457,1,-1
2024-04-30 15:01:20.444,20457,20458,20458,20,20
2024-04-30 15:01:20.446,20457,20458,20459,3,3
2024-04-30 15:01:20.703,20459,20460,20460,1,1
2024-04-30 15:01:20.704,20459,20460,20460,16,16
2024-04-30 15:01:21.439,20460,20461,20461,1,1
2024-04-30 15:01:21.459,20460,20461,20461,1,1
2024-04-30 15:01:21.571,20460,20461,20461,1,1
2024-04-30 15:01:21.767,20459,20461,20461,3,3
2024-04-30 15:01:21.853,20459,20461,20461,1,1
2024-04-30 15:01:22.328,20460,20461,20460,1,-1
2024-04-30 15:01:22.649,20460,20461,20461,1,1
2024-04-30 15:01:22.734,20460,20462,20462,3,3
2024-04-30 15:01:22.896,20460,20462,20462,1,1
2024-04-30 15:01:23.426,20460,20462,20462,5,5
2024-04-30 15:01:24.248,20460,20462,20461,1,1
2024-04-30 15:01:24.784,20461,20463,20463,1,1
2024-04-30 15:01:25.127,20461,20463,20461,2,-2
2024-04-30 15:01:25.786,20460,20462,20462,1,1
2024-04-30 15:01:25.874,20460,20462,20462,1,1
2024-04-30 15:01:26.980,20460,20462,20461,1,1
2024-04-30 15:01:27.301,20460,20462,20461,1,1
2024-04-30 15:01:27.422,20461,20462,20462,1,1
2024-04-30 15:01:27.537,20461,20462,20461,2,-2
2024-04-30 15:01:27.808,20460,20462,20460,1,-1
2024-04-30 15:01:28.242,20460,20461,20461,1,1
2024-04-30 15:01:28.308,20460,20462,20462,5,5
2024-04-30 15:01:28.511,20461,20462,20461,1,-1
2024-04-30 15:01:28.564,20461,20462,20462,1,1
2024-04-30 15:01:29.913,20461,20462,20462,1,1
2024-04-30 15:01:30.142,20462,20463,20463,1,1
2024-04-30 15:01:30.531,20462,20463,20463,9,9
2024-04-30 15:01:30.652,20462,20463,20463,1,1
2024-04-30 15:01:30.653,20462,20463,20463,3,3
2024-04-30 15:01:30.881,20463,20464,20464,1,1
2024-04-30 15:01:31.015,20463,20464,20464,3,3
2024-04-30 15:01:31.016,20463,20464,20464,11,11
2024-04-30 15:01:31.047,20464,20465,20464,1,-1
2024-04-30 15:01:31.096,20464,20465,20465,1,1
2024-04-30 15:01:31.096,20464,20465,20465,3,3
2024-04-30 15:01:31.107,20464,20465,20466,2,2
2024-04-30 15:01:31.208,20464,20466,20464,2,-2
2024-04-30 15:01:31.215,20464,20466,20466,1,1
2024-04-30 15:01:31.407,20464,20466,20466,1,1
2024-04-30 15:01:33.236,20465,20466,20466,1,1
2024-04-30 15:01:33.946,20466,20467,20466,1,-1
2024-04-30 15:01:33.946,20466,20467,20466,2,-2
2024-04-30 15:01:33.946,20466,20467,20466,1,-1
2024-04-30 15:01:33.951,20466,20467,20465,2,-2
2024-04-30 15:01:34.163,20465,20467,20466,1,-1
2024-04-30 15:01:34.163,20465,20467,20466,1,-1
2024-04-30 15:01:34.238,20465,20467,20465,6,-6
2024-04-30 15:01:34.386,20464,20466,20466,1,1
2024-04-30 15:01:35.022,20464,20465,20465,1,1
2024-04-30 15:01:35.298,20464,20465,20465,1,1
2024-04-30 15:01:35.298,20464,20465,20465,2,2
2024-04-30 15:01:35.694,20465,20466,20465,1,-1
2024-04-30 15:01:36.508,20465,20466,20465,1,-1
2024-04-30 15:01:36.545,20465,20466,20466,1,1
2024-04-30 15:01:36.546,20465,20466,20466,1,1
2024-04-30 15:01:36.599,20465,20466,20465,1,-1
2024-04-30 15:01:36.854,20464,20466,20466,1,1
2024-04-30 15:01:36.863,20464,20466,20466,1,1
2024-04-30 15:01:37.355,20464,20466,20466,1,1
2024-04-30 15:01:37.429,20464,20466,20464,2,-2
2024-04-30 15:01:37.893,20464,20465,20465,3,3
2024-04-30 15:01:38.157,20465,20466,20465,2,-2
2024-04-30 15:01:38.409,20464,20466,20465,1,-1
2024-04-30 15:01:38.656,20464,20466,20466,1,1
2024-04-30 15:01:38.742,20464,20467,20466,1,1
2024-04-30 15:01:39.014,20464,20465,20465,1,1
2024-04-30 15:01:39.623,20465,20466,20465,1,-1
2024-04-30 15:01:39.911,20463,20465,20465,2,2
2024-04-30 15:01:40.287,20464,20466,20465,3,3
2024-04-30 15:01:40.488,20463,20466,20466,1,1
2024-04-30 15:01:40.761,20464,20466,20466,1,1
2024-04-30 15:01:41.069,20464,20466,20466,1,1
2024-04-30 15:01:41.575,20464,20466,20466,1,1
2024-04-30 15:01:42.172,20464,20466,20466,1,1
2024-04-30 15:01:42.229,20464,20466,20466,1,1
2024-04-30 15:01:42.261,20464,20466,20464,1,-1
2024-04-30 15:01:42.445,20463,20464,20463,1,-1
2024-04-30 15:01:42.445,20463,20464,20463,8,-8
2024-04-30 15:01:42.585,20462,20464,20462,2,-2
2024-04-30 15:01:42.586,20462,20464,20462,3,-3
2024-04-30 15:01:42.596,20462,20464,20462,1,-1
2024-04-30 15:01:42.622,20462,20464,20462,1,-1
2024-04-30 15:01:42.790,20461,20462,20461,5,-5
2024-04-30 15:01:42.827,20460,20461,20461,1,1
2024-04-30 15:01:44.135,20460,20462,20462,5,5
2024-04-30 15:01:44.136,20460,20462,20462,5,5
2024-04-30 15:01:44.221,20461,20463,20463,1,1
2024-04-30 15:01:44.849,20461,20463,20461,1,-1
2024-04-30 15:01:45.190,20461,20463,20461,1,-1
2024-04-30 15:01:46.010,20462,20463,20462,1,-1
2024-04-30 15:01:46.062,20461,20463,20461,1,-1
2024-04-30 15:01:47.986,20461,20462,20461,1,-1
2024-04-30 15:01:48.466,20460,20462,20462,1,1
2024-04-30 15:01:49.990,20460,20461,20461,1,1
2024-04-30 15:01:50.115,20460,20461,20460,1,-1
2024-04-30 15:01:50.115,20460,20461,20460,3,-3
2024-04-30 15:01:50.115,20460,20461,20460,4,-4
2024-04-30 15:01:50.115,20460,20461,20460,1,-1
2024-04-30 15:01:50.115,20460,20461,20460,1,-1
2024-04-30 15:01:50.115,20460,20461,20460,1,-1
2024-04-30 15:01:50.115,20460,20461,20460,6,-6
2024-04-30 15:01:50.115,20460,20461,20460,1,-1
2024-04-30 15:01:51.509,20459,20460,20459,1,-1
2024-04-30 15:01:51.584,20458,20460,20458,1,-1
2024-04-30 15:01:52.490,20458,20460,20460,1,1
2024-04-30 15:01:52.546,20458,20460,20458,1,-1
2024-04-30 15:01:52.872,20458,20459,20459,1,1
2024-04-30 15:01:53.005,20458,20459,20459,1,1
2024-04-30 15:01:54.500,20458,20459,20458,2,-2
2024-04-30 15:01:54.501,20458,20459,20458,2,-2
2024-04-30 15:01:54.651,20456,20458,20458,1,1
2024-04-30 15:01:55.273,20456,20458,20456,1,-1
2024-04-30 15:01:56.098,20456,20457,20457,1,1
2024-04-30 15:01:57.688,20456,20457,20457,1,1
2024-04-30 15:01:57.795,20456,20457,20457,1,1
2024-04-30 15:01:58.553,20456,20457,20456,1,-1
2024-04-30 15:01:58.636,20456,20457,20456,1,-1
2024-04-30 15:01:58.636,20456,20457,20455,5,-5
2024-04-30 15:01:59.407,20454,20456,20456,1,1
2024-04-30 15:02:00.222,20454,20456,20456,3,3
2024-04-30 15:02:00.243,20454,20456,20457,1,1
2024-04-30 15:02:00.643,20455,20457,20455,1,-1
2024-04-30 15:02:00.879,20455,20457,20455,1,-1
2024-04-30 15:02:00.961,20455,20457,20455,2,-2
2024-04-30 15:02:01.228,20455,20457,20455,2,-2
2024-04-30 15:02:01.515,20455,20456,20455,2,-2
2024-04-30 15:02:02.457,20455,20456,20456,5,5
2024-04-30 15:02:03.381,20455,20457,20455,1,-1
2024-04-30 15:02:03.563,20455,20457,20455,1,-1
2024-04-30 15:02:03.734,20455,20457,20455,2,-2
2024-04-30 15:02:04.002,20455,20457,20457,2,2
2024-04-30 15:02:04.003,20455,20457,20458,7,7
2024-04-30 15:02:04.004,20455,20457,20459,2,2
2024-04-30 15:02:04.004,20455,20457,20459,8,8
2024-04-30 15:02:04.090,20459,20460,20459,1,-1
2024-04-30 15:02:04.144,20459,20460,20459,1,-1
2024-04-30 15:02:04.144,20459,20460,20458,3,-3
2024-04-30 15:02:05.990,20457,20460,20457,1,-1
2024-04-30 15:02:06.489,20457,20459,20457,3,-3
2024-04-30 15:02:07.148,20458,20459,20458,1,-1
2024-04-30 15:02:09.106,20456,20459,20456,1,-1
2024-04-30 15:02:11.080,20456,20457,20456,1,-1
2024-04-30 15:02:13.117,20456,20457,20456,1,-1
2024-04-30 15:02:13.956,20456,20457,20457,3,3
2024-04-30 15:02:14.607,20456,20458,20456,1,-1
2024-04-30 15:02:14.955,20456,20458,20458,3,3
2024-04-30 15:02:15.752,20456,20458,20458,5,5
2024-04-30 15:02:15.780,20456,20458,20457,1,1
2024-04-30 15:02:15.867,20457,20458,20458,1,1
2024-04-30 15:02:17.389,20457,20458,20458,1,1
2024-04-30 15:02:18.497,20457,20459,20457,1,-1
2024-04-30 15:02:20.215,20457,20458,20458,5,5
2024-04-30 15:02:23.049,20457,20458,20457,1,-1
2024-04-30 15:02:23.252,20457,20458,20457,1,-1
2024-04-30 15:02:23.929,20457,20458,20458,1,1
2024-04-30 15:02:24.841,20457,20458,20457,1,-1
2024-04-30 15:02:24.861,20457,20458,20458,2,2
2024-04-30 15:02:25.840,20456,20458,20458,1,1
2024-04-30 15:02:26.980,20456,20458,20456,3,-3
2024-04-30 15:02:27.997,20455,20457,20455,3,-3
2024-04-30 15:02:27.997,20455,20457,20455,1,-1
2024-04-30 15:02:27.997,20455,20457,20455,1,-1
2024-04-30 15:02:27.997,20455,20457,20455,1,-1
2024-04-30 15:02:28.732,20454,20456,20454,1,-1
2024-04-30 15:02:34.271,20455,20456,20455,1,-1
2024-04-30 15:02:35.185,20455,20456,20455,4,-4
2024-04-30 15:02:37.646,20454,20456,20456,1,1
2024-04-30 15:02:37.928,20455,20456,20455,1,-1
2024-04-30 15:02:39.834,20454,20455,20454,1,-1
2024-04-30 15:02:39.835,20454,20455,20454,2,-2
2024-04-30 15:02:39.887,20454,20455,20455,5,5
2024-04-30 15:02:41.143,20454,20455,20455,1,1
2024-04-30 15:02:42.261,20454,20455,20454,2,-2
2024-04-30 15:02:43.306,20454,20455,20455,1,1
2024-04-30 15:02:44.025,20454,20455,20454,2,-2
2024-04-30 15:02:44.221,20453,20454,20454,1,1
2024-04-30 15:02:44.261,20453,20454,20454,3,3
2024-04-30 15:02:44.262,20453,20454,20454,11,11
2024-04-30 15:02:44.263,20453,20454,20455,1,1
2024-04-30 15:02:44.263,20453,20454,20455,1,1
2024-04-30 15:02:44.263,20453,20454,20455,1,1
2024-04-30 15:02:44.263,20453,20454,20455,1,1
2024-04-30 15:02:44.857,20454,20456,20456,1,1
2024-04-30 15:02:44.956,20454,20456,20455,1,1
2024-04-30 15:02:45.164,20454,20456,20456,5,5
2024-04-30 15:02:45.306,20455,20456,20455,2,-2
2024-04-30 15:02:45.456,20455,20456,20455,1,-1
2024-04-30 15:02:45.923,20455,20456,20456,2,2
2024-04-30 15:02:46.535,20455,20457,20457,2,2
2024-04-30 15:02:49.610,20456,20458,20458,3,3
2024-04-30 15:02:52.771,20456,20457,20457,3,3
2024-04-30 15:02:52.771,20456,20457,20458,2,2
2024-04-30 15:03:00.015,20456,20457,20457,1,1
2024-04-30 15:03:00.223,20456,20457,20457,3,3
2024-04-30 15:03:01.474,20456,20458,20458,1,1
2024-04-30 15:03:02.102,20456,20457,20457,1,1
2024-04-30 15:03:05.170,20456,20457,20457,1,1
2024-04-30 15:03:07.172,20456,20457,20457,1,1
2024-04-30 15:03:07.525,20456,20458,20458,6,6
2024-04-30 15:03:07.525,20456,20458,20458,6,6
2024-04-30 15:03:07.525,20456,20458,20458,1,1
2024-04-30 15:03:07.526,20456,20458,20458,4,4
2024-04-30 15:03:07.526,20456,20458,20458,12,12
2024-04-30 15:03:08.102,20458,20459,20459,6,6
2024-04-30 15:03:09.190,20458,20460,20458,7,-7
2024-04-30 15:03:13.543,20459,20460,20460,2,2
2024-04-30 15:03:13.774,20459,20460,20460,1,1
2024-04-30 15:03:13.774,20459,20460,20460,4,4
2024-04-30 15:03:13.775,20459,20460,20460,2,2
2024-04-30 15:03:13.775,20459,20460,20460,1,1
2024-04-30 15:03:13.775,20459,20460,20460,4,4
2024-04-30 15:03:13.775,20459,20460,20460,21,21
2024-04-30 15:03:13.775,20459,20460,20460,5,5
2024-04-30 15:03:14.168,20460,20461,20459,12,-12
2024-04-30 15:03:14.168,20460,20461,20458,5,-5
2024-04-30 15:03:14.168,20460,20461,20460,13,-13
2024-04-30 15:03:14.545,20459,20461,20459,1,-1
2024-04-30 15:03:15.461,20460,20461,20461,1,1
2024-04-30 15:03:15.986,20460,20461,20461,1,1
2024-04-30 15:03:16.030,20460,20461,20460,1,-1
2024-04-30 15:03:16.817,20459,20460,20460,1,1
2024-04-30 15:03:16.913,20459,20460,20460,1,1
2024-04-30 15:03:17.560,20459,20460,20459,3,-3
2024-04-30 15:03:18.309,20459,20460,20460,3,3
2024-04-30 15:03:19.330,20459,20461,20461,1,1
2024-04-30 15:03:20.739,20459,20460,20459,1,-1
2024-04-30 15:03:21.143,20459,20460,20460,4,4
2024-04-30 15:03:24.017,20460,20461,20460,1,-1
2024-04-30 15:03:24.069,20460,20461,20460,1,-1
2024-04-30 15:03:24.123,20460,20461,20460,2,-2
2024-04-30 15:03:24.123,20460,20461,20460,1,-1
2024-04-30 15:03:24.490,20460,20461,20460,1,-1
2024-04-30 15:03:24.521,20460,20461,20460,1,-1
2024-04-30 15:03:25.732,20460,20461,20461,1,1
2024-04-30 15:03:25.804,20460,20461,20460,1,-1
2024-04-30 15:03:25.805,20460,20461,20460,1,-1
2024-04-30 15:03:25.973,20459,20461,20459,3,-3
2024-04-30 15:03:30.641,20458,20460,20460,10,10
2024-04-30 15:03:32.835,20461,20462,20461,1,-1
2024-04-30 15:03:33.299,20461,20462,20461,5,-5
2024-04-30 15:03:33.676,20461,20462,20461,1,-1
2024-04-30 15:03:34.924,20461,20462,20461,3,-3
2024-04-30 15:03:35.144,20461,20462,20460,2,-2
2024-04-30 15:03:37.883,20460,20461,20461,1,1
2024-04-30 15:03:40.226,20460,20461,20461,1,1
2024-04-30 15:03:40.658,20460,20462,20460,1,-1
2024-04-30 15:03:41.583,20460,20461,20460,3,-3
2024-04-30 15:03:42.399,20459,20461,20461,5,5
2024-04-30 15:03:43.401,20459,20460,20459,7,-7
2024-04-30 15:03:44.466,20458,20460,20459,1,-1
2024-04-30 15:03:44.501,20458,20460,20458,1,-1
2024-04-30 15:03:44.501,20458,20460,20458,5,-5
2024-04-30 15:03:44.501,20458,20460,20458,1,-1
2024-04-30 15:03:44.501,20458,20460,20458,4,-4
2024-04-30 15:03:44.543,20457,20458,20457,3,-3
2024-04-30 15:03:44.544,20457,20458,20457,1,-1
2024-04-30 15:03:44.551,20457,20458,20456,1,-1
2024-04-30 15:03:45.457,20456,20458,20456,1,-1
2024-04-30 15:03:45.644,20456,20458,20456,1,-1
2024-04-30 15:03:47.872,20455,20457,20457,1,1
2024-04-30 15:03:48.994,20456,20457,20456,2,-2
2024-04-30 15:03:49.115,20456,20457,20457,1,1
2024-04-30 15:03:50.454,20456,20457,20457,2,2
2024-04-30 15:03:52.108,20456,20457,20457,6,6
2024-04-30 15:03:55.028,20456,20459,20457,1,-1
2024-04-30 15:03:55.542,20456,20459,20456,1,-1
2024-04-30 15:04:00.226,20456,20457,20457,2,2
2024-04-30 15:04:01.019,20456,20458,20458,1,1
2024-04-30 15:04:02.697,20456,20457,20456,3,-3
2024-04-30 15:04:04.237,20456,20457,20456,4,-4
2024-04-30 15:04:04.237,20456,20457,20455,1,-1
2024-04-30 15:04:06.380,20456,20457,20456,1,-1
2024-04-30 15:04:06.380,20456,20457,20455,3,-3
2024-04-30 15:04:07.659,20455,20457,20456,1,-1
2024-04-30 15:04:12.850,20456,20457,20457,2,2
2024-04-30 15:04:14.256,20456,20457,20456,2,-2
2024-04-30 15:04:15.684,20455,20456,20455,1,-1
2024-04-30 15:04:15.684,20455,20456,20455,1,-1
2024-04-30 15:04:16.288,20454,20455,20454,3,-3
2024-04-30 15:04:16.673,20453,20455,20455,1,1
2024-04-30 15:04:18.347,20454,20456,20454,1,-1
2024-04-30 15:04:20.217,20455,20456,20456,6,6
2024-04-30 15:04:22.485,20455,20456,20455,1,-1
2024-04-30 15:04:22.486,20455,20456,20455,1,-1
2024-04-30 15:04:22.486,20455,20456,20455,1,-1
2024-04-30 15:04:23.481,20454,20455,20454,2,-2
2024-04-30 15:04:23.520,20454,20455,20453,2,-2
2024-04-30 15:04:23.520,20454,20455,20453,1,-1
2024-04-30 15:04:24.066,20452,20454,20452,1,-1
2024-04-30 15:04:26.646,20452,20453,20452,1,-1
2024-04-30 15:04:27.116,20452,20453,20453,1,1
2024-04-30 15:04:27.622,20453,20454,20453,1,-1
2024-04-30 15:04:27.796,20453,20454,20453,1,-1
2024-04-30 15:04:28.530,20452,20454,20454,5,5
2024-04-30 15:04:28.844,20452,20453,20453,1,1
2024-04-30 15:04:30.426,20453,20455,20453,4,-4
2024-04-30 15:04:30.426,20453,20455,20452,6,-6
2024-04-30 15:04:31.224,20451,20452,20452,1,1
2024-04-30 15:04:31.224,20451,20452,20453,1,1
2024-04-30 15:04:31.224,20451,20452,20453,3,3
2024-04-30 15:04:31.616,20451,20453,20453,5,5
2024-04-30 15:04:31.989,20452,20453,20452,2,-2
2024-04-30 15:04:32.653,20452,20453,20453,1,1
2024-04-30 15:04:37.323,20453,20454,20453,4,-4
2024-04-30 15:04:37.323,20453,20454,20452,6,-6
2024-04-30 15:04:37.324,20453,20454,20452,5,-5
2024-04-30 15:04:39.052,20452,20453,20453,2,2
2024-04-30 15:04:40.216,20452,20453,20453,2,2
2024-04-30 15:04:40.363,20452,20454,20452,3,-3
2024-04-30 15:04:43.018,20453,20455,20453,1,-1
2024-04-30 15:04:43.608,20453,20455,20453,1,-1
2024-04-30 15:04:44.833,20453,20455,20453,1,-1
2024-04-30 15:04:45.887,20453,20454,20453,1,-1
2024-04-30 15:04:45.887,20453,20454,20452,4,-4
2024-04-30 15:04:45.887,20453,20454,20451,11,-11
2024-04-30 15:04:47.004,20451,20453,20451,4,-4
2024-04-30 15:04:47.004,20451,20453,20450,2,-2
2024-04-30 15:04:47.444,20451,20452,20451,1,-1
2024-04-30 15:04:47.607,20451,20452,20452,1,1
2024-04-30 15:04:50.331,20451,20452,20451,2,-2
2024-04-30 15:04:50.403,20451,20452,20454,13,13
2024-04-30 15:04:50.403,20451,20452,20453,10,10
2024-04-30 15:04:50.403,20451,20452,20452,2,2
2024-04-30 15:04:50.603,20452,20454,20452,1,-1
2024-04-30 15:04:50.743,20452,20454,20453,5,-5
2024-04-30 15:04:50.746,20452,20454,20454,1,1
2024-04-30 15:04:51.719,20453,20455,20453,5,-5
2024-04-30 15:04:52.773,20453,20455,20453,1,-1
2024-04-30 15:04:53.630,20453,20455,20453,3,-3
2024-04-30 15:04:54.173,20453,20455,20455,3,3
2024-04-30 15:04:56.499,20454,20455,20455,1,1
2024-04-30 15:04:57.171,20454,20456,20454,5,-5
2024-04-30 15:04:58.781,20454,20455,20454,1,-1
2024-04-30 15:05:00.053,20453,20454,20454,1,1
2024-04-30 15:05:00.053,20453,20454,20455,3,3
2024-04-30 15:05:00.054,20453,20454,20455,1,1
2024-04-30 15:05:00.177,20453,20455,20453,1,-1
2024-04-30 15:05:00.530,20454,20455,20454,1,-1
2024-04-30 15:05:00.963,20454,20455,20455,3,3
2024-04-30 15:05:01.583,20455,20456,20456,4,4
2024-04-30 15:05:01.592,20455,20456,20456,1,1
2024-04-30 15:05:01.670,20455,20457,20455,1,-1
2024-04-30 15:05:01.697,20455,20457,20455,1,-1
2024-04-30 15:05:01.697,20455,20457,20454,4,-4
2024-04-30 15:05:03.280,20453,20454,20454,1,1
2024-04-30 15:05:03.280,20453,20454,20455,4,4
2024-04-30 15:05:04.261,20453,20455,20455,2,2
2024-04-30 15:05:04.261,20453,20455,20456,3,3
2024-04-30 15:05:05.233,20453,20456,20456,5,5
2024-04-30 15:05:05.759,20453,20456,20456,5,5
2024-04-30 15:05:06.789,20457,20458,20457,5,-5
2024-04-30 15:05:06.790,20456,20457,20457,1,1
2024-04-30 15:05:06.790,20456,20457,20457,8,8
2024-04-30 15:05:06.790,20457,20458,20457,3,-3
2024-04-30 15:05:07.886,20457,20458,20458,5,5
2024-04-30 15:05:07.886,20457,20458,20458,6,6
2024-04-30 15:05:07.920,20458,20459,20458,1,-1
2024-04-30 15:05:07.921,20458,20459,20458,1,-1
2024-04-30 15:05:08.169,20458,20459,20459,3,3
2024-04-30 15:05:09.052,20458,20460,20458,2,-2
2024-04-30 15:05:11.994,20458,20460,20459,1,-1
2024-04-30 15:05:11.994,20458,20460,20460,5,5
2024-04-30 15:05:13.517,20458,20460,20460,3,3
2024-04-30 15:05:14.471,20458,20459,20459,1,1
2024-04-30 15:05:14.753,20458,20460,20458,1,-1
2024-04-30 15:05:16.459,20458,20459,20458,1,-1
2024-04-30 15:05:17.870,20457,20459,20457,3,-3
2024-04-30 15:05:18.379,20456,20458,20456,9,-9
2024-04-30 15:05:18.379,20456,20458,20456,5,-5
2024-04-30 15:05:18.379,20456,20458,20456,2,-2
2024-04-30 15:05:18.421,20454,20456,20454,1,-1
2024-04-30 15:05:18.966,20454,20456,20456,1,1
2024-04-30 15:05:20.459,20454,20456,20454,1,-1
2024-04-30 15:05:24.173,20454,20457,20454,2,-2
2024-04-30 15:05:24.967,20454,20457,20454,2,-2
2024-04-30 15:05:25.728,20455,20457,20457,1,1
2024-04-30 15:05:29.839,20455,20457,20457,1,1
2024-04-30 15:05:32.215,20455,20457,20457,4,4
2024-04-30 15:05:32.215,20455,20457,20457,1,1
2024-04-30 15:05:35.418,20455,20457,20457,2,2
2024-04-30 15:05:36.394,20455,20456,20455,2,-2
2024-04-30 15:05:36.396,20455,20456,20455,1,-1
2024-04-30 15:05:36.396,20455,20456,20455,1,-1
2024-04-30 15:05:38.024,20454,20456,20455,1,-1
2024-04-30 15:05:44.543,20454,20455,20454,5,-5
2024-04-30 15:05:44.545,20454,20455,20453,2,-2
2024-04-30 15:05:44.754,20452,20453,20451,5,-5
2024-04-30 15:05:44.754,20452,20453,20452,1,-1
2024-04-30 15:05:44.986,20450,20452,20450,1,-1
2024-04-30 15:05:44.986,20447,20449,20450,12,12
2024-04-30 15:05:44.986,20447,20449,20450,4,4
2024-04-30 15:05:44.987,20447,20449,20449,3,3
2024-04-30 15:05:44.989,20447,20449,20448,1,1
2024-04-30 15:05:44.990,20447,20449,20448,1,1
2024-04-30 15:05:44.991,20447,20449,20448,5,5
2024-04-30 15:05:44.992,20447,20449,20448,3,3
2024-04-30 15:05:45.095,20447,20449,20447,1,-1
2024-04-30 15:05:45.115,20447,20449,20449,1,1
2024-04-30 15:05:45.310,20449,20451,20449,4,-4
2024-04-30 15:05:52.452,20448,20449,20448,6,-6
2024-04-30 15:05:53.869,20447,20448,20447,1,-1
2024-04-30 15:05:55.857,20447,20448,20447,2,-2
2024-04-30 15:05:56.821,20447,20448,20447,1,-1
2024-04-30 15:05:57.461,20447,20448,20447,1,-1
2024-04-30 15:05:57.732,20447,20448,20447,2,-2
2024-04-30 15:05:57.732,20447,20448,20446,4,-4
2024-04-30 15:05:57.920,20447,20448,20447,1,-1
2024-04-30 15:05:57.944,20447,20448,20447,1,-1
2024-04-30 15:05:58.401,20447,20448,20447,1,-1
2024-04-30 15:05:58.626,20446,20448,20446,1,-1
2024-04-30 15:05:59.463,20446,20448,20448,1,1
2024-04-30 15:06:00.442,20446,20448,20446,1,-1
2024-04-30 15:06:01.657,20446,20448,20446,1,-1
2024-04-30 15:06:03.268,20446,20447,20446,1,-1
2024-04-30 15:06:05.120,20446,20447,20446,2,-2
2024-04-30 15:06:06.096,20446,20447,20447,1,1
2024-04-30 15:06:07.596,20447,20448,20448,1,1
2024-04-30 15:06:07.596,20447,20448,20448,1,1
2024-04-30 15:06:08.845,20447,20449,20447,1,-1
2024-04-30 15:06:10.941,20447,20449,20447,1,-1
2024-04-30 15:06:11.683,20448,20449,20448,1,-1
2024-04-30 15:06:12.292,20447,20449,20447,1,-1
2024-04-30 15:06:12.837,20447,20448,20448,1,1
2024-04-30 15:06:14.421,20447,20449,20449,2,2
2024-04-30 15:06:14.552,20447,20449,20449,2,2
2024-04-30 15:06:15.472,20447,20449,20449,1,1
2024-04-30 15:06:20.231,20447,20448,20448,1,1
2024-04-30 15:06:20.690,20447,20448,20448,1,1
2024-04-30 15:06:22.379,20447,20448,20447,1,-1
2024-04-30 15:06:22.806,20447,20448,20447,1,-1
2024-04-30 15:06:23.509,20446,20448,20448,1,1
2024-04-30 15:06:24.644,20447,20448,20447,1,-1
2024-04-30 15:06:25.069,20446,20447,20447,1,1
2024-04-30 15:06:25.188,20446,20447,20446,1,-1
2024-04-30 15:06:25.595,20446,20447,20447,2,2
2024-04-30 15:06:27.991,20446,20447,20446,7,-7
2024-04-30 15:06:28.339,20445,20446,20446,1,1
2024-04-30 15:06:28.455,20445,20446,20445,1,-1
2024-04-30 15:06:28.659,20445,20446,20446,1,1
2024-04-30 15:06:29.150,20445,20446,20445,1,-1
2024-04-30 15:06:29.910,20445,20446,20445,1,-1
2024-04-30 15:06:30.134,20445,20446,20445,4,-4
2024-04-30 15:06:32.380,20445,20446,20446,1,1
2024-04-30 15:06:36.477,20446,20447,20446,1,-1
2024-04-30 15:06:39.899,20446,20447,20446,2,-2
2024-04-30 15:06:39.911,20446,20447,20446,1,-1
2024-04-30 15:06:40.218,20446,20447,20447,2,2
2024-04-30 15:06:41.266,20446,20448,20448,1,1
2024-04-30 15:06:41.266,20446,20448,20448,8,8
2024-04-30 15:06:41.266,20446,20448,20448,2,2
2024-04-30 15:06:43.011,20447,20449,20449,1,1
2024-04-30 15:06:44.097,20447,20449,20447,2,-2
2024-04-30 15:06:44.097,20447,20449,20447,1,-1
2024-04-30 15:06:44.258,20446,20448,20448,1,1
2024-04-30 15:06:44.868,20446,20448,20448,1,1
2024-04-30 15:06:45.589,20447,20448,20447,1,-1
2024-04-30 15:06:49.008,20447,20448,20448,1,1
2024-04-30 15:06:49.008,20447,20448,20449,2,2
2024-04-30 15:06:49.507,20448,20449,20449,3,3
2024-04-30 15:06:50.672,20448,20449,20449,2,2
2024-04-30 15:06:51.570,20448,20449,20449,1,1
2024-04-30 15:06:53.404,20448,20449,20448,3,-3
2024-04-30 15:06:53.855,20447,20449,20448,3,-3
2024-04-30 15:06:54.380,20447,20448,20447,1,-1
2024-04-30 15:06:56.593,20446,20448,20446,2,-2
2024-04-30 15:07:02.274,20446,20447,20446,1,-1
2024-04-30 15:07:02.496,20446,20447,20447,2,2
2024-04-30 15:07:03.300,20447,20448,20448,2,2
2024-04-30 15:07:05.118,20448,20449,20448,1,-1
2024-04-30 15:07:05.830,20448,20449,20448,1,-1
2024-04-30 15:07:06.318,20447,20449,20449,5,5
2024-04-30 15:07:06.674,20447,20449,20447,1,-1
2024-04-30 15:07:12.258,20447,20448,20447,1,-1
2024-04-30 15:07:14.718,20446,20447,20446,2,-2
2024-04-30 15:07:14.718,20446,20447,20446,1,-1
2024-04-30 15:07:14.718,20446,20447,20446,1,-1
2024-04-30 15:07:15.082,20445,20446,20445,1,-1
2024-04-30 15:07:15.087,20445,20446,20445,1,-1
2024-04-30 15:07:15.267,20445,20446,20445,1,-1
2024-04-30 15:07:17.453,20445,20446,20446,1,1
2024-04-30 15:07:17.795,20445,20447,20447,1,1
2024-04-30 15:07:18.638,20445,20447,20445,1,-1
2024-04-30 15:07:21.562,20446,20447,20447,1,1
2024-04-30 15:07:23.731,20447,20448,20447,1,-1
2024-04-30 15:07:24.426,20447,20448,20448,2,2
2024-04-30 15:07:24.679,20447,20449,20447,1,-1
2024-04-30 15:07:26.503,20447,20448,20447,1,-1
2024-04-30 15:07:31.794,20447,20448,20448,1,1
2024-04-30 15:07:32.833,20447,20449,20447,4,-4
2024-04-30 15:07:35.863,20446,20447,20446,5,-5
2024-04-30 15:07:35.929,20445,20446,20446,1,1
2024-04-30 15:07:38.577,20445,20446,20446,1,1
2024-04-30 15:07:39.835,20445,20446,20446,1,1
2024-04-30 15:07:39.925,20445,20446,20445,1,-1
2024-04-30 15:07:40.843,20445,20446,20445,1,-1
2024-04-30 15:07:40.845,20445,20446,20445,2,-2
2024-04-30 15:07:40.845,20445,20446,20445,2,-2
2024-04-30 15:07:40.845,20445,20446,20445,6,-6
2024-04-30 15:07:40.845,20445,20446,20445,2,-2
2024-04-30 15:07:40.845,20445,20446,20445,1,-1
2024-04-30 15:07:43.172,20444,20445,20445,3,3
2024-04-30 15:07:43.268,20444,20445,20445,1,1
2024-04-30 15:07:43.736,20444,20446,20444,1,-1
2024-04-30 15:07:47.024,20444,20445,20444,1,-1
2024-04-30 15:07:47.024,20444,20445,20444,2,-2
2024-04-30 15:07:49.089,20444,20445,20445,2,2
2024-04-30 15:07:50.288,20444,20445,20444,1,-1
2024-04-30 15:07:50.635,20444,20445,20444,1,-1
2024-04-30 15:07:50.672,20444,20445,20444,1,-1
2024-04-30 15:07:50.731,20444,20445,20444,1,-1
2024-04-30 15:07:51.152,20444,20445,20444,3,-3
2024-04-30 15:07:51.534,20444,20445,20444,1,-1
2024-04-30 15:07:52.195,20444,20445,20444,1,-1
2024-04-30 15:07:52.351,20444,20445,20444,1,-1
2024-04-30 15:07:52.510,20444,20445,20444,1,-1
2024-04-30 15:07:52.643,20444,20445,20444,1,-1
2024-04-30 15:07:52.788,20444,20445,20444,1,-1
2024-04-30 15:07:52.919,20444,20445,20444,1,-1
2024-04-30 15:07:53.357,20444,20445,20444,1,-1
2024-04-30 15:07:56.194,20443,20444,20443,3,-3
2024-04-30 15:07:56.195,20443,20444,20443,2,-2
2024-04-30 15:07:58.685,20442,20443,20442,1,-1
2024-04-30 15:07:59.113,20442,20443,20443,1,1
2024-04-30 15:08:01.954,20442,20443,20443,2,2
2024-04-30 15:08:01.954,20442,20443,20443,1,1
2024-04-30 15:08:02.413,20442,20444,20442,1,-1
2024-04-30 15:08:02.501,20442,20444,20442,3,-3
2024-04-30 15:08:03.102,20441,20443,20443,1,1
2024-04-30 15:08:09.348,20442,20443,20442,1,-1
2024-04-30 15:08:10.561,20442,20443,20443,1,1
2024-04-30 15:08:10.562,20442,20443,20443,1,1
2024-04-30 15:08:14.113,20442,20443,20443,6,6
2024-04-30 15:08:14.247,20442,20444,20444,13,13
2024-04-30 15:08:14.765,20444,20445,20444,1,-1
2024-04-30 15:08:15.272,20443,20445,20443,2,-2
2024-04-30 15:08:16.283,20443,20445,20443,1,-1
2024-04-30 15:08:17.007,20444,20445,20444,1,-1
2024-04-30 15:08:18.659,20444,20445,20444,1,-1
2024-04-30 15:08:18.661,20444,20445,20445,9,9
2024-04-30 15:08:18.671,20444,20445,20444,1,-1
2024-04-30 15:08:19.598,20444,20445,20444,1,-1
2024-04-30 15:08:23.975,20444,20445,20445,1,1
2024-04-30 15:08:24.498,20444,20445,20445,4,4
2024-04-30 15:08:24.556,20445,20447,20445,1,-1
2024-04-30 15:08:26.244,20444,20445,20445,2,2
2024-04-30 15:08:31.533,20445,20447,20445,4,-4
2024-04-30 15:08:33.104,20445,20447,20445,1,-1
2024-04-30 15:08:34.949,20445,20447,20445,1,-1
2024-04-30 15:08:36.876,20445,20447,20447,2,2
2024-04-30 15:08:38.061,20445,20447,20445,2,-2
2024-04-30 15:08:39.772,20444,20446,20445,1,-1
2024-04-30 15:08:43.177,20445,20446,20445,1,-1
2024-04-30 15:08:44.028,20445,20446,20446,1,1
2024-04-30 15:08:46.073,20445,20447,20445,4,-4
2024-04-30 15:08:49.357,20444,20446,20446,1,1
2024-04-30 15:08:49.357,20444,20446,20446,3,3
2024-04-30 15:08:49.714,20446,20447,20447,7,7
2024-04-30 15:08:54.081,20448,20449,20448,2,-2
2024-04-30 15:08:58.811,20448,20449,20449,4,4
2024-04-30 15:09:01.209,20448,20449,20447,7,-7
2024-04-30 15:09:01.209,20448,20449,20448,4,-4
2024-04-30 15:09:01.210,20448,20449,20447,36,-36
2024-04-30 15:09:01.724,20447,20449,20449,2,2
2024-04-30 15:09:02.441,20448,20449,20449,1,1
2024-04-30 15:09:02.442,20448,20449,20449,2,2
2024-04-30 15:09:06.147,20448,20449,20449,3,3
2024-04-30 15:09:06.166,20448,20449,20449,1,1
2024-04-30 15:09:06.167,20448,20449,20449,1,1
2024-04-30 15:09:08.738,20448,20449,20448,1,-1
2024-04-30 15:09:14.896,20448,20449,20448,2,-2
2024-04-30 15:09:14.896,20448,20449,20448,1,-1
2024-04-30 15:09:16.459,20448,20449,20448,1,-1
2024-04-30 15:09:18.288,20448,20449,20448,1,-1
2024-04-30 15:09:18.521,20447,20449,20447,2,-2
2024-04-30 15:09:19.714,20447,20448,20448,2,2
2024-04-30 15:09:20.075,20447,20448,20447,1,-1
2024-04-30 15:09:20.241,20446,20447,20447,2,2
2024-04-30 15:09:22.742,20446,20448,20447,1,1
2024-04-30 15:09:25.446,20446,20447,20447,1,1
2024-04-30 15:09:26.158,20447,20448,20448,2,2
2024-04-30 15:09:26.925,20448,20450,20448,1,-1
2024-04-30 15:09:28.907,20447,20450,20447,1,-1
2024-04-30 15:09:32.924,20448,20449,20448,1,-1
2024-04-30 15:09:35.818,20447,20449,20447,3,-3
2024-04-30 15:09:35.839,20447,20449,20447,1,-1
2024-04-30 15:09:39.794,20447,20449,20449,1,1
2024-04-30 15:09:40.504,20447,20449,20449,2,2
2024-04-30 15:09:40.708,20447,20449,20447,2,-2
2024-04-30 15:09:42.657,20447,20449,20447,1,-1
2024-04-30 15:09:44.166,20447,20449,20449,1,1
2024-04-30 15:09:45.651,20447,20449,20449,2,2
2024-04-30 15:09:46.680,20447,20449,20447,1,-1
2024-04-30 15:09:46.680,20447,20449,20447,8,-8
2024-04-30 15:09:46.680,20447,20449,20447,3,-3
2024-04-30 15:09:52.417,20446,20447,20447,1,1
2024-04-30 15:09:55.620,20446,20447,20446,6,-6
2024-04-30 15:09:55.621,20446,20447,20445,1,-1
2024-04-30 15:09:55.621,20446,20447,20445,2,-2
2024-04-30 15:09:55.621,20446,20447,20445,3,-3
2024-04-30 15:09:55.621,20446,20447,20445,2,-2
2024-04-30 15:09:55.621,20446,20447,20445,2,-2
2024-04-30 15:09:55.622,20446,20447,20445,9,-9
2024-04-30 15:09:55.622,20446,20447,20445,4,-4
2024-04-30 15:09:55.622,20446,20447,20445,1,-1
2024-04-30 15:09:55.622,20446,20447,20445,1,-1
2024-04-30 15:09:55.636,20446,20447,20446,2,-2
2024-04-30 15:10:04.880,20445,20446,20445,1,-1
2024-04-30 15:10:05.067,20445,20446,20447,1,1
2024-04-30 15:10:05.067,20445,20446,20446,1,1
2024-04-30 15:10:05.073,20445,20446,20447,2,2
2024-04-30 15:10:07.340,20447,20448,20447,1,-1
2024-04-30 15:10:07.340,20447,20448,20446,6,-6
2024-04-30 15:10:08.015,20445,20446,20446,1,1
2024-04-30 15:10:10.799,20445,20446,20445,3,-3
2024-04-30 15:10:13.747,20444,20445,20445,2,2
2024-04-30 15:10:14.766,20444,20445,20444,1,-1
2024-04-30 15:10:14.924,20444,20445,20445,5,5
2024-04-30 15:10:17.152,20444,20446,20444,5,-5
2024-04-30 15:10:18.063,20444,20445,20444,1,-1
2024-04-30 15:10:27.512,20443,20444,20444,1,1
2024-04-30 15:10:27.515,20443,20444,20445,4,4
2024-04-30 15:10:28.094,20444,20446,20444,1,-1
2024-04-30 15:10:28.124,20444,20446,20444,2,-2
2024-04-30 15:10:28.475,20444,20446,20444,1,-1
2024-04-30 15:10:35.755,20443,20445,20445,1,1
2024-04-30 15:10:36.928,20444,20446,20444,6,-6
2024-04-30 15:10:40.235,20444,20445,20445,1,1
2024-04-30 15:10:41.108,20444,20446,20444,2,-2
2024-04-30 15:10:44.787,20445,20446,20446,31,31
2024-04-30 15:10:44.787,20445,20446,20446,12,12
2024-04-30 15:10:45.429,20446,20447,20447,1,1
2024-04-30 15:10:45.430,20446,20447,20447,1,1
2024-04-30 15:10:45.629,20447,20449,20447,1,-1
2024-04-30 15:10:46.674,20447,20448,20447,1,-1
2024-04-30 15:10:50.744,20446,20448,20446,1,-1
2024-04-30 15:10:54.077,20444,20446,20446,2,2
2024-04-30 15:11:02.321,20444,20446,20444,2,-2
2024-04-30 15:11:06.637,20444,20445,20444,7,-7
2024-04-30 15:11:10.396,20443,20444,20443,2,-2
2024-04-30 15:11:10.396,20443,20444,20443,1,-1
2024-04-30 15:11:13.653,20441,20443,20441,1,-1
2024-04-30 15:11:13.688,20441,20443,20441,1,-1
2024-04-30 15:11:16.812,20441,20442,20441,1,-1
2024-04-30 15:11:17.000,20441,20442,20442,1,1
2024-04-30 15:11:17.000,20441,20442,20442,3,3
2024-04-30 15:11:17.914,20441,20443,20441,1,-1
2024-04-30 15:11:22.252,20441,20442,20441,1,-1
2024-04-30 15:11:22.252,20441,20442,20441,1,-1
2024-04-30 15:11:22.252,20441,20442,20441,1,-1
2024-04-30 15:11:22.252,20441,20442,20441,16,-16
2024-04-30 15:11:22.253,20441,20442,20441,1,-1
2024-04-30 15:11:22.253,20441,20442,20441,2,-2
2024-04-30 15:11:22.253,20441,20442,20441,6,-6
2024-04-30 15:11:22.815,20440,20441,20440,1,-1
2024-04-30 15:11:22.815,20440,20441,20440,7,-7
2024-04-30 15:11:22.815,20440,20441,20440,1,-1
2024-04-30 15:11:22.815,20440,20441,20440,1,-1
2024-04-30 15:11:22.816,20440,20441,20440,1,-1
2024-04-30 15:11:23.554,20439,20440,20440,1,1
2024-04-30 15:11:26.480,20439,20440,20439,1,-1
2024-04-30 15:11:26.767,20439,20440,20439,1,-1
2024-04-30 15:11:26.901,20438,20440,20438,2,-2
2024-04-30 15:11:26.935,20438,20440,20438,1,-1
2024-04-30 15:11:26.939,20438,20440,20438,1,-1
2024-04-30 15:11:26.946,20438,20440,20438,1,-1
2024-04-30 15:11:26.964,20438,20440,20438,1,-1
2024-04-30 15:11:26.969,20438,20440,20438,1,-1
2024-04-30 15:11:29.351,20438,20440,20438,1,-1
2024-04-30 15:11:30.293,20438,20439,20438,1,-1
2024-04-30 15:11:32.057,20438,20439,20438,2,-2
2024-04-30 15:11:32.890,20438,20439,20439,1,1
2024-04-30 15:11:32.890,20438,20439,20439,3,3
2024-04-30 15:11:33.592,20438,20440,20438,1,-1
2024-04-30 15:11:35.657,20438,20439,20438,1,-1
2024-04-30 15:11:35.946,20438,20439,20438,5,-5
2024-04-30 15:11:36.126,20438,20439,20438,1,-1
2024-04-30 15:11:37.139,20438,20439,20438,11,-11
2024-04-30 15:11:37.189,20437,20438,20438,1,1
2024-04-30 15:11:37.470,20437,20438,20437,1,-1
2024-04-30 15:11:37.785,20437,20438,20437,2,-2
2024-04-30 15:11:37.785,20437,20438,20436,3,-3
2024-04-30 15:11:37.815,20436,20437,20436,1,-1
2024-04-30 15:11:37.849,20436,20437,20436,2,-2
2024-04-30 15:11:39.506,20436,20437,20436,1,-1
2024-04-30 15:11:41.985,20436,20437,20436,2,-2
2024-04-30 15:11:42.391,20435,20437,20435,1,-1
2024-04-30 15:11:42.424,20435,20437,20435,1,-1
2024-04-30 15:11:42.603,20435,20437,20435,1,-1
2024-04-30 15:11:42.697,20435,20436,20436,4,4
2024-04-30 15:11:45.263,20436,20438,20436,1,-1
2024-04-30 15:11:47.138,20436,20437,20437,1,1
2024-04-30 15:11:47.692,20436,20437,20436,2,-2
2024-04-30 15:11:51.989,20435,20437,20436,1,-1
2024-04-30 15:11:52.114,20436,20437,20436,1,-1
2024-04-30 15:11:52.874,20436,20437,20437,1,1
2024-04-30 15:11:53.700,20436,20437,20436,4,-4
2024-04-30 15:11:54.918,20436,20437,20436,1,-1
2024-04-30 15:11:56.601,20436,20437,20436,1,-1
2024-04-30 15:11:57.886,20436,20437,20437,3,3
2024-04-30 15:11:58.016,20436,20437,20437,4,4
2024-04-30 15:11:58.017,20436,20437,20437,2,2
2024-04-30 15:11:59.323,20436,20438,20437,2,2
2024-04-30 15:11:59.842,20436,20438,20437,2,2
2024-04-30 15:11:59.844,20436,20438,20437,2,2
2024-04-30 15:12:01.206,20436,20438,20436,1,-1
2024-04-30 15:12:01.296,20436,20438,20436,1,-1
2024-04-30 15:12:01.453,20436,20438,20437,1,-1
2024-04-30 15:12:01.594,20436,20438,20438,3,3
2024-04-30 15:12:01.906,20436,20438,20436,1,-1
2024-04-30 15:12:02.180,20436,20438,20436,1,-1
2024-04-30 15:12:03.033,20436,20438,20436,1,-1
2024-04-30 15:12:03.033,20436,20438,20435,1,-1
2024-04-30 15:12:05.298,20435,20437,20435,1,-1
2024-04-30 15:12:06.097,20435,20437,20437,1,1
2024-04-30 15:12:06.107,20435,20437,20436,1,1
2024-04-30 15:12:07.281,20436,20438,20436,4,-4
2024-04-30 15:12:07.295,20436,20438,20436,1,-1
2024-04-30 15:12:07.370,20436,20438,20436,1,-1
2024-04-30 15:12:07.583,20436,20438,20436,1,-1
2024-04-30 15:12:08.600,20436,20438,20438,1,1
2024-04-30 15:12:11.614,20436,20438,20436,4,-4
2024-04-30 15:12:14.008,20436,20438,20438,2,2
2024-04-30 15:12:15.019,20436,20438,20438,1,1
2024-04-30 15:12:15.672,20437,20438,20438,1,1
2024-04-30 15:12:15.894,20437,20438,20438,1,1
2024-04-30 15:12:17.608,20437,20438,20438,1,1
2024-04-30 15:12:18.890,20438,20439,20438,4,-4
2024-04-30 15:12:18.896,20438,20439,20438,1,-1
2024-04-30 15:12:18.897,20438,20439,20438,1,-1
2024-04-30 15:12:19.790,20438,20439,20438,1,-1
2024-04-30 15:12:21.339,20438,20439,20437,2,-2
2024-04-30 15:12:21.339,20438,20439,20438,2,-2
2024-04-30 15:12:25.755,20437,20438,20438,1,1
2024-04-30 15:12:27.711,20437,20438,20437,2,-2
2024-04-30 15:12:27.711,20437,20438,20437,2,-2
2024-04-30 15:12:27.711,20437,20438,20437,1,-1
2024-04-30 15:12:29.930,20436,20438,20437,1,-1
2024-04-30 15:12:30.045,20436,20438,20436,1,-1
2024-04-30 15:12:31.088,20437,20438,20439,1,1
2024-04-30 15:12:31.088,20437,20438,20438,4,4
2024-04-30 15:12:35.580,20437,20439,20439,1,1
2024-04-30 15:12:39.541,20437,20438,20438,5,5
2024-04-30 15:12:39.544,20438,20439,20439,1,1
2024-04-30 15:12:40.012,20438,20440,20438,7,-7
2024-04-30 15:12:41.774,20437,20439,20437,1,-1
2024-04-30 15:12:42.003,20437,20439,20439,3,3
2024-04-30 15:12:45.894,20438,20440,20438,1,-1
2024-04-30 15:12:49.720,20439,20440,20440,4,4
2024-04-30 15:12:50.081,20440,20441,20440,5,-5
2024-04-30 15:12:57.796,20439,20440,20440,1,1
2024-04-30 15:12:58.164,20439,20440,20440,1,1
2024-04-30 15:13:05.518,20440,20441,20440,1,-1
2024-04-30 15:13:07.521,20439,20441,20441,3,3
2024-04-30 15:13:07.521,20439,20441,20442,2,2
2024-04-30 15:13:08.952,20440,20442,20440,1,-1
2024-04-30 15:13:09.657,20440,20442,20442,1,1
2024-04-30 15:13:13.846,20441,20443,20443,1,1
2024-04-30 15:13:20.395,20441,20443,20442,1,1
2024-04-30 15:13:28.654,20441,20442,20442,1,1
2024-04-30 15:13:29.048,20442,20443,20442,1,-1
2024-04-30 15:13:29.611,20441,20442,20443,2,2
2024-04-30 15:13:33.377,20441,20443,20441,4,-4
2024-04-30 15:13:34.601,20440,20441,20441,1,1
2024-04-30 15:13:35.215,20441,20442,20442,1,1
2024-04-30 15:13:38.095,20441,20443,20441,4,-4
2024-04-30 15:13:38.170,20441,20443,20443,1,1
2024-04-30 15:13:40.522,20441,20443,20443,1,1
2024-04-30 15:13:46.910,20441,20442,20441,3,-3
2024-04-30 15:13:50.149,20440,20443,20443,10,10
2024-04-30 15:13:50.329,20441,20443,20440,11,-11
2024-04-30 15:13:50.329,20441,20443,20441,13,-13
2024-04-30 15:13:53.433,20439,20441,20441,2,2
2024-04-30 15:14:03.942,20440,20441,20440,1,-1
2024-04-30 15:14:07.676,20438,20439,20438,1,-1
2024-04-30 15:14:08.344,20437,20438,20437,9,-9
2024-04-30 15:14:11.047,20436,20438,20437,3,-3
2024-04-30 15:14:17.953,20437,20438,20438,1,1
2024-04-30 15:14:18.379,20437,20438,20437,2,-2
2024-04-30 15:14:19.189,20437,20438,20437,1,-1
2024-04-30 15:14:19.405,20437,20438,20438,5,5
2024-04-30 15:14:23.816,20439,20440,20438,1,-1
2024-04-30 15:14:23.816,20439,20440,20439,1,-1
2024-04-30 15:14:31.796,20438,20439,20438,1,-1
2024-04-30 15:14:39.910,20437,20438,20438,1,1
2024-04-30 15:14:40.182,20437,20438,20438,1,1
2024-04-30 15:14:45.413,20437,20438,20438,1,1
2024-04-30 15:14:49.002,20437,20438,20438,1,1
2024-04-30 15:14:51.399,20437,20439,20438,3,3
2024-04-30 15:14:51.399,20437,20439,20437,3,-3
2024-04-30 15:15:12.395,20438,20439,20439,1,1
2024-04-30 15:15:12.702,20438,20440,20438,1,-1
2024-04-30 15:15:12.786,20438,20440,20438,1,-1
2024-04-30 15:15:12.990,20437,20439,20437,1,-1
2024-04-30 15:15:13.146,20437,20439,20437,1,-1
2024-04-30 15:15:20.909,20437,20439,20439,1,1
2024-04-30 15:15:21.621,20439,20440,20439,5,-5
2024-04-30 15:15:21.670,20438,20440,20440,1,1
2024-04-30 15:15:27.267,20439,20440,20440,5,5
2024-04-30 15:15:28.024,20439,20440,20440,3,3
2024-04-30 15:15:28.046,20440,20441,20441,1,1
2024-04-30 15:15:29.178,20441,20442,20442,1,1
2024-04-30 15:15:29.353,20441,20443,20443,1,1
2024-04-30 15:15:29.426,20440,20443,20440,1,-1
2024-04-30 15:15:30.240,20440,20443,20443,1,1
2024-04-30 15:15:32.481,20441,20443,20443,1,1
2024-04-30 15:15:34.927,20441,20443,20443,1,1
2024-04-30 15:15:37.403,20441,20442,20441,1,-1
2024-04-30 15:15:44.595,20442,20443,20442,1,-1
2024-04-30 15:15:44.762,20442,20443,20442,1,-1
2024-04-30 15:15:56.175,20441,20443,20441,1,-1
2024-04-30 15:15:58.624,20442,20443,20442,1,-1
2024-04-30 15:15:58.624,20442,20443,20442,1,-1
2024-04-30 15:15:59.900,20441,20442,20442,1,1
2024-04-30 15:16:01.503,20441,20442,20441,5,-5
2024-04-30 15:16:02.127,20440,20441,20441,1,1
2024-04-30 15:16:02.696,20440,20441,20441,5,5
2024-04-30 15:16:04.341,20440,20441,20441,1,1
2024-04-30 15:16:16.946,20441,20442,20441,1,-1
2024-04-30 15:16:17.648,20441,20442,20441,1,-1
2024-04-30 15:16:17.671,20440,20442,20442,1,1
2024-04-30 15:16:35.771,20441,20442,20442,1,1
2024-04-30 15:16:36.699,20441,20442,20442,4,4
2024-04-30 15:16:36.795,20442,20443,20443,1,1
2024-04-30 15:16:36.796,20442,20443,20444,1,1
2024-04-30 15:16:37.034,20442,20444,20442,1,-1
2024-04-30 15:16:37.065,20442,20444,20442,1,-1
2024-04-30 15:16:38.638,20443,20444,20444,1,1
2024-04-30 15:16:40.090,20443,20444,20444,1,1
2024-04-30 15:16:43.815,20442,20444,20444,1,1
2024-04-30 15:16:47.535,20442,20444,20442,2,-2
2024-04-30 15:16:56.418,20443,20444,20443,3,-3
2024-04-30 15:16:56.474,20443,20444,20442,3,-3
2024-04-30 15:16:57.139,20441,20442,20441,1,-1
2024-04-30 15:17:09.503,20441,20442,20442,1,1
2024-04-30 15:17:10.446,20441,20442,20442,1,1
2024-04-30 15:17:20.093,20441,20442,20441,6,-6
2024-04-30 15:17:25.288,20440,20441,20440,5,-5
2024-04-30 15:17:25.288,20440,20441,20440,2,-2
2024-04-30 15:17:25.288,20440,20441,20440,1,-1
2024-04-30 15:17:26.923,20438,20439,20438,1,-1
2024-04-30 15:17:30.595,20437,20438,20437,1,-1
2024-04-30 15:17:31.655,20436,20438,20438,1,1
2024-04-30 15:17:31.816,20436,20438,20438,1,1
2024-04-30 15:17:31.981,20436,20438,20438,1,1
2024-04-30 15:17:32.127,20437,20439,20439,1,1
2024-04-30 15:17:32.285,20437,20439,20439,1,1
2024-04-30 15:17:36.059,20439,20441,20439,1,-1
2024-04-30 15:17:37.038,20438,20441,20441,1,1
2024-04-30 15:17:39.250,20439,20441,20439,1,-1
2024-04-30 15:17:39.897,20439,20440,20439,1,-1
2024-04-30 15:17:41.918,20438,20440,20438,1,-1
2024-04-30 15:17:45.363,20437,20439,20439,1,1
2024-04-30 15:17:46.420,20437,20439,20437,7,-7
2024-04-30 15:17:49.747,20438,20439,20439,3,3
2024-04-30 15:17:50.880,20438,20440,20440,1,1
2024-04-30 15:17:55.789,20439,20440,20440,1,1
2024-04-30 15:17:59.409,20439,20440,20440,2,2
2024-04-30 15:18:00.526,20440,20442,20440,1,-1
2024-04-30 15:18:02.032,20441,20443,20441,1,-1
2024-04-30 15:18:02.091,20441,20443,20441,5,-5
2024-04-30 15:18:05.757,20442,20443,20442,1,-1
2024-04-30 15:18:09.215,20441,20443,20443,1,1
2024-04-30 15:18:28.749,20440,20441,20441,1,1
2024-04-30 15:18:30.871,20440,20441,20440,4,-4
2024-04-30 15:18:31.166,20439,20440,20440,2,2
2024-04-30 15:18:43.388,20440,20442,20440,9,-9
2024-04-30 15:18:43.389,20440,20442,20440,1,-1
2024-04-30 15:18:49.975,20440,20441,20440,1,-1
2024-04-30 15:18:51.852,20439,20440,20439,3,-3
2024-04-30 15:18:53.460,20438,20440,20438,1,-1
2024-04-30 15:18:53.460,20438,20440,20437,1,-1
2024-04-30 15:18:55.602,20437,20438,20437,1,-1
2024-04-30 15:18:55.603,20437,20438,20437,1,-1
2024-04-30 15:18:56.310,20436,20438,20436,3,-3
2024-04-30 15:18:59.273,20436,20438,20436,1,-1
2024-04-30 15:18:59.413,20436,20438,20436,4,-4
2024-04-30 15:18:59.996,20436,20438,20436,7,-7
2024-04-30 15:19:00.001,20436,20438,20435,2,-2
2024-04-30 15:19:00.001,20436,20438,20435,1,-1
2024-04-30 15:19:00.001,20436,20438,20435,1,-1
2024-04-30 15:19:00.001,20436,20438,20435,1,-1
2024-04-30 15:19:00.001,20436,20438,20435,1,-1
2024-04-30 15:19:00.001,20436,20438,20435,1,-1
2024-04-30 15:19:00.001,20436,20438,20435,1,-1
2024-04-30 15:19:00.001,20436,20438,20435,1,-1
2024-04-30 15:19:00.001,20436,20438,20435,3,-3
2024-04-30 15:19:00.094,20434,20435,20434,2,-2
2024-04-30 15:19:00.105,20434,20435,20434,2,-2
2024-04-30 15:19:00.106,20434,20435,20433,2,-2
2024-04-30 15:19:00.195,20433,20435,20433,1,-1
2024-04-30 15:19:00.320,20433,20435,20433,1,-1
2024-04-30 15:19:00.362,20433,20435,20433,1,-1
2024-04-30 15:19:00.368,20433,20435,20433,2,-2
2024-04-30 15:19:00.368,20433,20435,20432,5,-5
2024-04-30 15:19:00.382,20433,20435,20432,1,-1
2024-04-30 15:19:00.450,20433,20435,20432,1,-1
2024-04-30 15:19:00.487,20433,20435,20432,2,-2
2024-04-30 15:19:00.554,20432,20433,20432,1,-1
2024-04-30 15:19:01.210,20432,20433,20432,2,-2
2024-04-30 15:19:01.592,20432,20433,20432,5,-5
2024-04-30 15:19:03.464,20432,20433,20432,1,-1
2024-04-30 15:19:03.791,20432,20433,20433,2,2
2024-04-30 15:19:04.125,20432,20434,20432,1,-1
2024-04-30 15:19:06.353,20432,20433,20432,1,-1
2024-04-30 15:19:08.644,20431,20432,20431,3,-3
2024-04-30 15:19:08.689,20431,20432,20431,1,-1
2024-04-30 15:19:10.686,20431,20432,20431,1,-1
2024-04-30 15:19:10.788,20431,20432,20431,1,-1
2024-04-30 15:19:11.669,20430,20432,20430,9,-9
2024-04-30 15:19:11.960,20430,20431,20430,1,-1
2024-04-30 15:19:12.961,20429,20431,20429,1,-1
2024-04-30 15:19:13.637,20429,20431,20430,1,-1
2024-04-30 15:19:13.678,20429,20431,20431,1,1
2024-04-30 15:19:15.206,20430,20432,20430,1,-1
2024-04-30 15:19:18.425,20430,20431,20431,3,3
2024-04-30 15:19:18.648,20431,20432,20431,1,-1
2024-04-30 15:19:18.648,20431,20432,20432,1,1
2024-04-30 15:19:18.807,20431,20433,20431,1,-1
2024-04-30 15:19:19.212,20430,20432,20431,1,-1
2024-04-30 15:19:20.623,20431,20433,20433,1,1
2024-04-30 15:19:28.626,20431,20433,20431,1,-1
2024-04-30 15:19:28.702,20431,20433,20432,1,-1
2024-04-30 15:19:28.703,20431,20433,20432,1,-1
2024-04-30 15:19:32.899,20431,20433,20430,3,-3
2024-04-30 15:19:32.899,20431,20433,20431,1,-1
2024-04-30 15:19:33.311,20430,20431,20430,1,-1
2024-04-30 15:19:39.035,20429,20431,20429,1,-1
2024-04-30 15:19:41.062,20430,20432,20430,1,-1
2024-04-30 15:19:45.036,20430,20431,20430,1,-1
2024-04-30 15:19:45.845,20429,20430,20430,1,1
2024-04-30 15:19:47.196,20430,20431,20430,2,-2
2024-04-30 15:19:47.438,20429,20431,20429,2,-2
2024-04-30 15:19:47.890,20430,20431,20430,1,-1
2024-04-30 15:19:48.520,20429,20430,20429,1,-1
2024-04-30 15:19:49.111,20429,20430,20430,1,1
2024-04-30 15:19:49.404,20429,20430,20430,4,4
2024-04-30 15:19:49.572,20429,20431,20430,1,1
2024-04-30 15:19:50.100,20430,20431,20430,1,-1
2024-04-30 15:19:50.194,20429,20430,20430,2,2
2024-04-30 15:19:53.055,20430,20431,20431,2,2
2024-04-30 15:19:53.424,20430,20432,20430,2,-2
2024-04-30 15:19:58.458,20430,20432,20430,1,-1
2024-04-30 15:19:58.753,20430,20432,20430,1,-1
2024-04-30 15:19:59.933,20430,20432,20431,1,-1
2024-04-30 15:20:05.995,20431,20432,20431,1,-1
2024-04-30 15:20:05.995,20431,20432,20430,1,-1
2024-04-30 15:20:11.113,20430,20432,20432,1,1
2024-04-30 15:20:13.642,20430,20431,20431,2,2
2024-04-30 15:20:15.528,20430,20431,20430,1,-1
2024-04-30 15:20:16.089,20430,20431,20431,1,1
2024-04-30 15:20:20.416,20432,20433,20433,3,3
2024-04-30 15:20:23.248,20433,20434,20433,1,-1
2024-04-30 15:20:26.829,20433,20434,20433,1,-1
2024-04-30 15:20:27.146,20433,20434,20433,1,-1
2024-04-30 15:20:27.146,20433,20434,20432,1,-1
2024-04-30 15:20:27.146,20433,20434,20431,3,-3
2024-04-30 15:20:28.162,20431,20433,20431,3,-3
2024-04-30 15:20:31.217,20431,20432,20431,1,-1
2024-04-30 15:20:34.298,20430,20431,20431,1,1
2024-04-30 15:20:37.687,20430,20432,20430,1,-1
2024-04-30 15:20:38.386,20430,20432,20430,2,-2
2024-04-30 15:20:40.236,20430,20431,20430,1,-1
2024-04-30 15:20:41.216,20429,20431,20429,1,-1
2024-04-30 15:20:41.648,20429,20431,20429,1,-1
2024-04-30 15:20:44.223,20429,20430,20430,1,1
2024-04-30 15:20:44.223,20429,20430,20431,1,1
2024-04-30 15:20:44.321,20429,20431,20429,2,-2
2024-04-30 15:20:46.477,20430,20432,20430,3,-3
2024-04-30 15:20:46.478,20430,20432,20430,5,-5
2024-04-30 15:20:46.478,20430,20432,20430,2,-2
2024-04-30 15:20:46.803,20430,20432,20430,2,-2
2024-04-30 15:20:46.803,20430,20432,20430,3,-3
2024-04-30 15:20:52.285,20429,20430,20429,1,-1
2024-04-30 15:20:53.105,20429,20430,20429,1,-1
2024-04-30 15:20:54.608,20429,20430,20429,3,-3
2024-04-30 15:20:55.194,20429,20430,20429,2,-2
2024-04-30 15:20:55.194,20429,20430,20429,1,-1
2024-04-30 15:20:55.195,20429,20430,20429,1,-1
2024-04-30 15:20:55.195,20429,20430,20429,1,-1
2024-04-30 15:20:55.195,20429,20430,20429,3,-3
2024-04-30 15:20:55.195,20429,20430,20429,3,-3
2024-04-30 15:20:55.195,20429,20430,20429,1,-1
2024-04-30 15:20:57.820,20428,20429,20428,1,-1
2024-04-30 15:20:57.843,20428,20429,20428,15,-15
2024-04-30 15:20:57.847,20428,20429,20427,1,-1
2024-04-30 15:20:57.975,20427,20428,20427,1,-1
2024-04-30 15:20:57.975,20427,20428,20427,4,-4
2024-04-30 15:20:58.164,20426,20428,20428,1,1
2024-04-30 15:20:58.619,20426,20428,20428,2,2
2024-04-30 15:20:58.680,20426,20428,20426,3,-3
2024-04-30 15:21:02.765,20426,20427,20427,2,2
2024-04-30 15:21:02.882,20426,20427,20426,2,-2
2024-04-30 15:21:03.269,20426,20427,20427,3,3
2024-04-30 15:21:03.632,20428,20429,20429,6,6
2024-04-30 15:21:04.155,20428,20430,20428,1,-1
2024-04-30 15:21:04.636,20428,20430,20428,1,-1
2024-04-30 15:21:05.024,20428,20430,20430,2,2
2024-04-30 15:21:05.752,20428,20430,20427,1,-1
2024-04-30 15:21:05.752,20428,20430,20428,4,-4
2024-04-30 15:21:11.420,20427,20429,20427,2,-2
2024-04-30 15:21:15.036,20427,20428,20428,1,1
2024-04-30 15:21:17.481,20427,20429,20427,3,-3
2024-04-30 15:21:21.351,20426,20428,20428,5,5
2024-04-30 15:21:22.445,20427,20429,20428,1,1
2024-04-30 15:21:30.164,20427,20429,20429,6,6
2024-04-30 15:21:30.180,20427,20429,20430,2,2
2024-04-30 15:21:30.181,20427,20429,20430,6,6
2024-04-30 15:21:30.728,20430,20431,20430,1,-1
2024-04-30 15:21:31.095,20430,20431,20430,2,-2
2024-04-30 15:21:31.307,20429,20431,20431,4,4
2024-04-30 15:21:34.339,20430,20432,20431,1,1
2024-04-30 15:21:37.944,20430,20432,20431,1,1
2024-04-30 15:21:40.227,20430,20432,20431,1,1
2024-04-30 15:21:41.729,20430,20431,20431,1,1
2024-04-30 15:21:45.229,20430,20431,20431,2,2
2024-04-30 15:21:45.933,20431,20432,20431,1,-1
2024-04-30 15:21:46.767,20431,20432,20431,1,-1
2024-04-30 15:21:54.105,20431,20432,20432,1,1
2024-04-30 15:21:55.180,20431,20432,20430,3,-3
2024-04-30 15:21:55.180,20431,20432,20431,2,-2
2024-04-30 15:22:04.677,20430,20431,20431,1,1
2024-04-30 15:22:04.735,20430,20431,20430,3,-3
2024-04-30 15:22:04.736,20430,20431,20430,6,-6
2024-04-30 15:22:05.092,20429,20430,20429,4,-4
2024-04-30 15:22:08.259,20428,20430,20428,3,-3
2024-04-30 15:22:08.259,20428,20430,20427,2,-2
2024-04-30 15:22:09.390,20427,20429,20429,1,1
2024-04-30 15:22:14.873,20429,20430,20430,5,5
2024-04-30 15:22:15.546,20430,20432,20430,6,-6
2024-04-30 15:22:18.728,20430,20432,20430,1,-1
2024-04-30 15:22:18.728,20430,20432,20429,3,-3
2024-04-30 15:22:27.075,20430,20431,20430,2,-2
2024-04-30 15:22:27.185,20429,20431,20429,2,-2
2024-04-30 15:22:33.955,20429,20431,20431,1,1
2024-04-30 15:22:34.464,20429,20431,20431,1,1
2024-04-30 15:22:34.895,20429,20431,20428,7,-7
2024-04-30 15:22:34.895,20429,20431,20429,3,-3
2024-04-30 15:22:36.959,20428,20429,20429,1,1
2024-04-30 15:22:39.430,20428,20430,20430,1,1
2024-04-30 15:22:50.604,20428,20429,20429,1,1
2024-04-30 15:22:50.816,20428,20429,20428,1,-1
2024-04-30 15:22:54.757,20428,20429,20428,1,-1
2024-04-30 15:22:55.353,20428,20429,20428,2,-2
2024-04-30 15:22:56.912,20427,20428,20428,1,1
2024-04-30 15:22:56.913,20427,20428,20428,3,3
2024-04-30 15:23:00.009,20426,20427,20427,1,1
2024-04-30 15:23:00.010,20426,20427,20427,2,2
2024-04-30 15:23:00.010,20426,20427,20427,7,7
2024-04-30 15:23:00.032,20426,20427,20427,1,1
2024-04-30 15:23:02.267,20426,20427,20427,1,1
2024-04-30 15:23:02.390,20426,20427,20427,3,3
2024-04-30 15:23:04.555,20426,20427,20426,3,-3
2024-04-30 15:23:04.785,20425,20427,20427,1,1
2024-04-30 15:23:09.122,20425,20426,20425,2,-2
2024-04-30 15:23:09.728,20425,20426,20426,1,1
2024-04-30 15:23:11.729,20425,20426,20425,1,-1
2024-04-30 15:23:13.180,20425,20426,20426,10,10
2024-04-30 15:23:13.181,20425,20426,20426,1,1
2024-04-30 15:23:14.636,20426,20427,20426,1,-1
2024-04-30 15:23:15.716,20426,20427,20427,2,2
2024-04-30 15:23:15.783,20426,20427,20428,1,1
2024-04-30 15:23:15.805,20428,20429,20429,2,2
2024-04-30 15:23:15.805,20428,20429,20430,4,4
2024-04-30 15:23:15.966,20429,20430,20430,2,2
2024-04-30 15:23:16.031,20429,20430,20429,4,-4
2024-04-30 15:23:16.266,20429,20431,20429,1,-1
2024-04-30 15:23:16.392,20429,20431,20429,1,-1
2024-04-30 15:23:16.503,20429,20431,20429,2,-2
2024-04-30 15:23:19.883,20429,20431,20430,1,-1
2024-04-30 15:23:21.474,20428,20430,20428,2,-2
2024-04-30 15:23:21.853,20427,20429,20429,1,1
2024-04-30 15:23:28.179,20429,20430,20430,9,9
2024-04-30 15:23:33.067,20430,20431,20430,2,-2
2024-04-30 15:23:34.036,20430,20431,20431,1,1
2024-04-30 15:23:40.217,20431,20432,20431,3,-3
2024-04-30 15:23:40.218,20431,20432,20431,1,-1
2024-04-30 15:23:40.218,20431,20432,20431,1,-1
2024-04-30 15:23:42.330,20430,20431,20431,1,1
2024-04-30 15:23:43.500,20430,20431,20430,1,-1
2024-04-30 15:23:43.687,20430,20431,20430,1,-1
2024-04-30 15:23:43.858,20430,20431,20430,1,-1
2024-04-30 15:23:44.030,20430,20431,20430,1,-1
2024-04-30 15:23:44.461,20430,20431,20430,1,-1
2024-04-30 15:23:46.906,20430,20431,20430,9,-9
2024-04-30 15:23:46.910,20430,20431,20429,1,-1
2024-04-30 15:23:47.989,20428,20430,20428,1,-1
2024-04-30 15:23:48.040,20428,20430,20428,1,-1
2024-04-30 15:23:51.706,20426,20428,20428,1,1
2024-04-30 15:23:54.133,20426,20428,20428,1,1
2024-04-30 15:23:54.185,20426,20428,20426,1,-1
2024-04-30 15:23:59.504,20426,20429,20429,1,1
2024-04-30 15:24:14.852,20427,20428,20428,1,1
2024-04-30 15:24:16.137,20427,20428,20427,1,-1
2024-04-30 15:24:17.265,20426,20428,20426,9,-9
2024-04-30 15:24:19.103,20426,20427,20426,1,-1
2024-04-30 15:24:22.301,20425,20426,20426,2,2
2024-04-30 15:24:26.642,20426,20429,20426,1,-1
2024-04-30 15:24:27.546,20427,20429,20427,1,-1
2024-04-30 15:24:32.085,20426,20428,20426,2,-2
2024-04-30 15:24:40.216,20427,20428,20427,2,-2
2024-04-30 15:24:42.841,20426,20428,20426,2,-2
2024-04-30 15:24:47.813,20426,20427,20427,1,1
2024-04-30 15:24:54.846,20427,20428,20427,2,-2
2024-04-30 15:24:54.846,20427,20428,20426,2,-2
2024-04-30 15:24:56.631,20426,20428,20426,2,-2
2024-04-30 15:25:01.991,20426,20428,20428,2,2
2024-04-30 15:25:04.329,20428,20429,20429,1,1
2024-04-30 15:25:04.737,20428,20429,20429,1,1
2024-04-30 15:25:04.762,20428,20429,20429,1,1
2024-04-30 15:25:05.826,20428,20429,20429,1,1
2024-04-30 15:25:12.285,20428,20429,20428,3,-3
2024-04-30 15:25:19.547,20428,20429,20429,1,1
2024-04-30 15:25:20.225,20428,20429,20428,1,-1
2024-04-30 15:25:22.179,20427,20429,20427,1,-1
2024-04-30 15:25:30.670,20427,20428,20427,3,-3
2024-04-30 15:25:30.927,20426,20427,20427,1,1
2024-04-30 15:25:40.220,20427,20428,20427,3,-3
2024-04-30 15:25:48.675,20426,20427,20427,4,4
2024-04-30 15:25:51.891,20427,20428,20428,1,1
2024-04-30 15:25:58.086,20428,20429,20429,3,3
2024-04-30 15:25:58.279,20429,20430,20430,2,2
2024-04-30 15:25:58.280,20429,20430,20430,1,1
2024-04-30 15:26:00.109,20429,20431,20431,9,9
2024-04-30 15:26:01.232,20430,20432,20430,5,-5
2024-04-30 15:26:02.137,20430,20432,20432,1,1
2024-04-30 15:26:06.826,20430,20432,20432,1,1
2024-04-30 15:26:07.597,20430,20432,20432,2,2
2024-04-30 15:26:07.671,20430,20432,20430,1,-1
2024-04-30 15:26:07.671,20430,20432,20430,1,-1
2024-04-30 15:26:08.874,20430,20432,20432,1,1
2024-04-30 15:26:10.472,20430,20432,20432,1,1
2024-04-30 15:26:12.236,20430,20431,20430,2,-2
2024-04-30 15:26:15.634,20429,20431,20431,2,2
2024-04-30 15:26:19.468,20429,20431,20431,3,3
2024-04-30 15:26:21.031,20430,20431,20431,4,4
2024-04-30 15:26:21.721,20431,20432,20432,4,4
2024-04-30 15:26:21.721,20431,20432,20432,1,1
2024-04-30 15:26:21.721,20431,20432,20432,1,1
2024-04-30 15:26:23.017,20431,20433,20431,1,-1
2024-04-30 15:26:23.789,20431,20433,20431,1,-1
2024-04-30 15:26:25.728,20432,20433,20432,1,-1
2024-04-30 15:26:29.643,20432,20433,20433,7,7
2024-04-30 15:26:29.643,20432,20433,20434,13,13
2024-04-30 15:26:29.761,20433,20434,20435,3,3
2024-04-30 15:26:29.761,20433,20434,20434,1,1
2024-04-30 15:26:33.644,20433,20435,20435,1,1
2024-04-30 15:26:33.672,20433,20435,20433,1,-1
2024-04-30 15:26:37.047,20433,20434,20434,1,1
2024-04-30 15:26:37.801,20433,20435,20435,1,1
2024-04-30 15:26:37.801,20433,20435,20435,1,1
2024-04-30 15:26:37.801,20433,20435,20435,5,5
2024-04-30 15:26:38.850,20435,20436,20435,1,-1
2024-04-30 15:26:39.959,20435,20436,20436,1,1
2024-04-30 15:26:43.669,20436,20437,20437,3,3
2024-04-30 15:26:44.373,20436,20437,20437,2,2
2024-04-30 15:26:50.088,20436,20437,20437,3,3
2024-04-30 15:26:50.088,20436,20437,20438,14,14
2024-04-30 15:26:50.089,20436,20437,20438,4,4
2024-04-30 15:26:50.186,20437,20439,20439,1,1
2024-04-30 15:26:50.309,20437,20439,20439,4,4
2024-04-30 15:26:50.310,20437,20439,20439,1,1
2024-04-30 15:26:53.817,20439,20440,20439,1,-1
2024-04-30 15:26:53.960,20438,20440,20439,1,-1
2024-04-30 15:26:56.495,20439,20440,20440,1,1
2024-04-30 15:26:56.496,20439,20440,20440,2,2
2024-04-30 15:26:56.496,20439,20440,20440,2,2
2024-04-30 15:26:56.496,20439,20440,20440,2,2
2024-04-30 15:26:56.550,20439,20441,20441,2,2
2024-04-30 15:26:56.550,20439,20441,20442,2,2
2024-04-30 15:26:56.811,20441,20442,20442,1,1
2024-04-30 15:26:56.924,20441,20443,20443,2,2
2024-04-30 15:26:57.146,20442,20443,20443,3,3
2024-04-30 15:26:57.633,20442,20443,20442,1,-1
2024-04-30 15:26:57.633,20442,20443,20441,1,-1
2024-04-30 15:26:58.262,20441,20442,20441,1,-1
2024-04-30 15:26:59.301,20440,20442,20442,1,1
2024-04-30 15:27:01.888,20441,20442,20442,1,1
2024-04-30 15:27:01.907,20441,20442,20441,1,-1
2024-04-30 15:27:01.924,20441,20442,20441,1,-1
2024-04-30 15:27:02.120,20440,20441,20441,1,1
2024-04-30 15:27:02.536,20440,20441,20441,1,1
2024-04-30 15:27:03.228,20440,20441,20441,4,4
2024-04-30 15:27:04.496,20440,20441,20441,1,1
2024-04-30 15:27:04.636,20441,20442,20441,1,-1
2024-04-30 15:27:04.790,20440,20441,20441,1,1
2024-04-30 15:27:04.887,20440,20441,20441,1,1
2024-04-30 15:27:04.887,20440,20441,20442,4,4
2024-04-30 15:27:09.027,20441,20442,20441,1,-1
2024-04-30 15:27:09.823,20441,20442,20441,2,-2
2024-04-30 15:27:10.203,20440,20441,20441,2,2
2024-04-30 15:27:10.301,20440,20441,20441,1,1
2024-04-30 15:27:11.388,20440,20441,20440,3,-3
2024-04-30 15:27:11.665,20439,20440,20440,1,1
2024-04-30 15:27:12.703,20439,20440,20439,1,-1
2024-04-30 15:27:12.981,20438,20439,20439,1,1
2024-04-30 15:27:13.459,20438,20440,20440,2,2
2024-04-30 15:27:13.877,20438,20440,20440,1,1
2024-04-30 15:27:17.925,20438,20440,20438,1,-1
2024-04-30 15:27:20.226,20438,20439,20438,2,-2
2024-04-30 15:27:27.186,20438,20439,20438,1,-1
2024-04-30 15:27:27.902,20438,20439,20438,1,-1
2024-04-30 15:27:29.289,20438,20439,20439,2,2
2024-04-30 15:27:29.295,20438,20440,20440,1,1
2024-04-30 15:27:29.296,20438,20440,20440,1,1
2024-04-30 15:27:30.391,20439,20440,20440,5,5
2024-04-30 15:27:30.408,20439,20440,20440,1,1
2024-04-30 15:27:31.002,20440,20441,20440,4,-4
2024-04-30 15:27:39.195,20439,20440,20440,1,1
2024-04-30 15:27:40.219,20439,20440,20439,5,-5
2024-04-30 15:27:40.952,20438,20440,20440,3,3
2024-04-30 15:27:42.477,20439,20440,20440,1,1
2024-04-30 15:27:43.073,20440,20441,20441,12,12
2024-04-30 15:27:43.074,20440,20441,20442,1,1
2024-04-30 15:27:49.326,20441,20442,20442,1,1
2024-04-30 15:27:52.672,20441,20442,20442,1,1
2024-04-30 15:27:52.672,20441,20442,20443,4,4
2024-04-30 15:27:53.573,20442,20443,20442,2,-2
2024-04-30 15:27:54.148,20442,20443,20442,1,-1
2024-04-30 15:27:55.173,20442,20443,20443,1,1
2024-04-30 15:27:57.960,20442,20443,20443,1,1
2024-04-30 15:27:59.381,20443,20444,20443,1,-1
2024-04-30 15:28:02.305,20442,20443,20442,1,-1
2024-04-30 15:28:03.367,20442,20443,20442,1,-1
2024-04-30 15:28:03.947,20442,20443,20442,1,-1
2024-04-30 15:28:06.510,20441,20443,20443,1,1
2024-04-30 15:28:06.994,20441,20443,20441,1,-1
2024-04-30 15:28:11.373,20442,20443,20443,2,2
2024-04-30 15:28:12.214,20443,20444,20444,5,5
2024-04-30 15:28:12.214,20443,20444,20444,4,4
2024-04-30 15:28:12.316,20444,20445,20445,1,1
2024-04-30 15:28:12.378,20444,20445,20445,2,2
2024-04-30 15:28:12.379,20444,20445,20445,2,2
2024-04-30 15:28:12.379,20444,20445,20445,1,1
2024-04-30 15:28:12.424,20444,20445,20446,2,2
2024-04-30 15:28:12.424,20444,20445,20446,1,1
2024-04-30 15:28:15.437,20446,20447,20446,1,-1
2024-04-30 15:28:15.641,20446,20447,20447,2,2
2024-04-30 15:28:15.710,20446,20447,20446,3,-3
2024-04-30 15:28:15.710,20446,20447,20445,1,-1
2024-04-30 15:28:16.776,20444,20446,20446,2,2
2024-04-30 15:28:16.982,20444,20446,20446,1,1
2024-04-30 15:28:17.188,20445,20446,20445,1,-1
2024-04-30 15:28:17.219,20445,20446,20444,1,-1
2024-04-30 15:28:24.922,20446,20447,20446,1,-1
2024-04-30 15:28:28.119,20446,20447,20447,1,1
2024-04-30 15:28:28.605,20446,20447,20447,1,1
2024-04-30 15:28:30.042,20446,20447,20447,1,1
2024-04-30 15:28:30.043,20446,20447,20447,3,3
2024-04-30 15:28:30.043,20446,20447,20447,1,1
2024-04-30 15:28:30.043,20446,20447,20447,1,1
2024-04-30 15:28:30.043,20446,20447,20447,1,1
2024-04-30 15:28:30.043,20446,20447,20447,1,1
2024-04-30 15:28:30.043,20446,20447,20447,1,1
2024-04-30 15:28:30.043,20446,20447,20447,1,1
2024-04-30 15:28:30.043,20446,20447,20447,1,1
2024-04-30 15:28:30.043,20446,20447,20447,1,1
2024-04-30 15:28:30.288,20447,20448,20448,1,1
2024-04-30 15:28:31.165,20447,20448,20447,1,-1
2024-04-30 15:28:33.531,20447,20448,20448,1,1
2024-04-30 15:28:34.829,20447,20448,20447,3,-3
2024-04-30 15:28:39.623,20447,20448,20447,5,-5
2024-04-30 15:28:40.195,20446,20447,20446,1,-1
2024-04-30 15:28:44.955,20445,20446,20446,1,1
2024-04-30 15:28:45.402,20445,20446,20445,1,-1
2024-04-30 15:28:51.027,20444,20446,20446,19,19
2024-04-30 15:28:51.031,20444,20446,20446,1,1
2024-04-30 15:28:51.032,20444,20446,20446,1,1
2024-04-30 15:28:53.496,20445,20447,20445,1,-1
2024-04-30 15:28:54.056,20446,20447,20447,1,1
2024-04-30 15:28:54.093,20446,20447,20446,1,-1
2024-04-30 15:28:56.110,20445,20448,20445,1,-1
2024-04-30 15:28:59.691,20446,20448,20446,3,-3
2024-04-30 15:29:00.340,20445,20447,20445,1,-1
2024-04-30 15:29:07.325,20445,20446,20445,1,-1
2024-04-30 15:29:07.694,20445,20446,20446,1,1
2024-04-30 15:29:08.345,20445,20447,20447,1,1
2024-04-30 15:29:10.163,20446,20447,20446,1,-1
2024-04-30 15:29:10.898,20446,20447,20447,1,1
2024-04-30 15:29:10.898,20446,20447,20447,1,1
2024-04-30 15:29:12.394,20445,20447,20447,1,1
2024-04-30 15:29:12.849,20445,20446,20446,1,1
2024-04-30 15:29:15.463,20445,20446,20446,1,1
2024-04-30 15:29:16.409,20445,20446,20446,1,1
2024-04-30 15:29:16.695,20445,20446,20446,2,2
2024-04-30 15:29:17.619,20446,20447,20446,1,-1
2024-04-30 15:29:20.233,20446,20447,20446,1,-1
2024-04-30 15:29:28.364,20445,20446,20446,1,1
2024-04-30 15:29:31.694,20445,20446,20446,1,1
2024-04-30 15:29:33.183,20445,20446,20446,2,2
2024-04-30 15:29:33.184,20445,20446,20446,4,4
2024-04-30 15:29:33.289,20445,20446,20445,1,-1
2024-04-30 15:29:35.928,20446,20447,20447,1,1
2024-04-30 15:29:39.315,20445,20447,20445,1,-1
2024-04-30 15:29:44.595,20445,20447,20447,2,2
2024-04-30 15:29:48.399,20445,20447,20447,5,5
2024-04-30 15:29:51.190,20447,20448,20448,1,1
2024-04-30 15:29:55.339,20447,20448,20449,1,1
2024-04-30 15:29:55.339,20447,20448,20448,3,3
2024-04-30 15:29:57.766,20448,20449,20448,1,-1
2024-04-30 15:29:58.353,20447,20448,20448,1,1
2024-04-30 15:29:58.353,20447,20448,20449,1,1
2024-04-30 15:29:59.216,20447,20449,20449,1,1
2024-04-30 15:30:01.134,20447,20448,20448,3,3
2024-04-30 15:30:01.134,20447,20448,20449,2,2
2024-04-30 15:30:01.248,20447,20449,20447,2,-2
2024-04-30 15:30:01.454,20447,20449,20447,2,-2
2024-04-30 15:30:01.707,20447,20449,20447,1,-1
2024-04-30 15:30:01.831,20447,20448,20447,2,-2
2024-04-30 15:30:01.831,20447,20448,20447,1,-1
2024-04-30 15:30:01.832,20447,20448,20447,7,-7
2024-04-30 15:30:02.064,20445,20447,20445,2,-2
2024-04-30 15:30:02.134,20445,20447,20445,1,-1
2024-04-30 15:30:02.170,20445,20446,20446,1,1
2024-04-30 15:30:02.638,20445,20446,20445,1,-1
2024-04-30 15:30:04.411,20445,20447,20445,1,-1
2024-04-30 15:30:05.248,20445,20447,20445,1,-1
2024-04-30 15:30:09.108,20444,20446,20446,1,1
2024-04-30 15:30:16.952,20445,20446,20446,1,1
2024-04-30 15:30:30.571,20445,20446,20446,1,1
2024-04-30 15:30:30.576,20445,20446,20445,3,-3
2024-04-30 15:30:33.975,20444,20445,20444,1,-1
2024-04-30 15:30:34.045,20444,20445,20445,1,1
2024-04-30 15:30:34.045,20444,20445,20446,1,1
2024-04-30 15:30:34.045,20444,20445,20445,1,1
2024-04-30 15:30:34.045,20444,20445,20445,1,1
2024-04-30 15:30:34.046,20444,20445,20445,1,1
2024-04-30 15:30:36.467,20444,20445,20444,1,-1
2024-04-30 15:30:36.669,20444,20445,20444,1,-1
2024-04-30 15:30:36.725,20444,20445,20445,1,1
2024-04-30 15:30:40.474,20445,20446,20445,1,-1
2024-04-30 15:30:41.711,20445,20446,20446,2,2
2024-04-30 15:30:43.801,20447,20448,20449,10,10
2024-04-30 15:30:43.801,20447,20448,20448,2,2
2024-04-30 15:30:44.216,20449,20450,20449,1,-1
2024-04-30 15:30:44.466,20449,20450,20449,1,-1
2024-04-30 15:30:44.726,20449,20450,20449,1,-1
2024-04-30 15:30:44.981,20449,20450,20449,1,-1
2024-04-30 15:30:48.298,20449,20450,20449,1,-1
2024-04-30 15:30:48.298,20449,20450,20449,1,-1
2024-04-30 15:30:48.299,20449,20450,20449,2,-2
2024-04-30 15:30:48.299,20449,20450,20449,1,-1
2024-04-30 15:30:48.420,20447,20449,20449,1,1
2024-04-30 15:30:48.781,20448,20449,20450,10,10
2024-04-30 15:30:48.781,20448,20449,20449,1,1
2024-04-30 15:30:48.810,20448,20450,20450,1,1
2024-04-30 15:30:48.861,20448,20450,20450,1,1
2024-04-30 15:30:48.865,20448,20450,20448,1,-1
2024-04-30 15:30:49.040,20448,20450,20450,1,1
2024-04-30 15:30:49.095,20448,20450,20450,1,1
2024-04-30 15:30:49.099,20448,20450,20450,1,1
2024-04-30 15:30:49.136,20448,20450,20450,1,1
2024-04-30 15:30:49.185,20448,20450,20450,1,1
2024-04-30 15:30:50.949,20448,20449,20449,1,1
2024-04-30 15:30:51.863,20448,20450,20450,1,1
2024-04-30 15:30:54.473,20447,20449,20448,6,6
2024-04-30 15:30:57.664,20447,20449,20449,1,1
2024-04-30 15:30:58.708,20448,20449,20449,1,1
2024-04-30 15:31:00.224,20448,20450,20450,9,9
2024-04-30 15:31:00.306,20449,20450,20450,1,1
2024-04-30 15:31:00.306,20449,20450,20450,1,1
2024-04-30 15:31:00.306,20449,20450,20451,1,1
2024-04-30 15:31:00.307,20449,20450,20451,1,1
2024-04-30 15:31:00.308,20449,20450,20451,8,8
2024-04-30 15:31:00.436,20449,20450,20452,4,4
2024-04-30 15:31:00.509,20449,20450,20451,1,1
2024-04-30 15:31:06.368,20450,20452,20452,13,13
2024-04-30 15:31:06.369,20450,20452,20452,7,7
2024-04-30 15:31:06.370,20450,20452,20452,3,3
2024-04-30 15:31:06.371,20450,20452,20452,2,2
2024-04-30 15:31:06.738,20451,20452,20450,1,-1
2024-04-30 15:31:07.563,20450,20452,20452,1,1
2024-04-30 15:31:07.669,20450,20452,20452,1,1
2024-04-30 15:31:07.670,20450,20452,20453,1,1
2024-04-30 15:31:07.801,20451,20453,20453,2,2
2024-04-30 15:31:07.852,20451,20453,20453,1,1
2024-04-30 15:31:10.816,20451,20453,20453,1,1
2024-04-30 15:31:12.362,20451,20453,20453,1,1
2024-04-30 15:31:12.397,20451,20453,20451,1,-1
2024-04-30 15:31:13.194,20451,20452,20452,1,1
2024-04-30 15:31:13.194,20451,20452,20453,9,9
2024-04-30 15:31:13.194,20451,20452,20454,4,4
2024-04-30 15:31:13.364,20451,20452,20454,1,1
2024-04-30 15:31:13.468,20452,20454,20452,1,-1
2024-04-30 15:31:16.697,20451,20453,20453,4,4
2024-04-30 15:31:19.043,20452,20453,20453,1,1
2024-04-30 15:31:19.152,20452,20453,20452,1,-1
2024-04-30 15:31:20.385,20452,20453,20453,2,2
2024-04-30 15:31:20.385,20452,20453,20454,1,1
2024-04-30 15:31:20.420,20452,20454,20454,1,1
2024-04-30 15:31:20.420,20452,20454,20454,1,1
2024-04-30 15:31:20.434,20452,20454,20454,1,1
2024-04-30 15:31:20.556,20453,20454,20453,2,-2
2024-04-30 15:31:20.917,20452,20454,20452,3,-3
2024-04-30 15:31:24.087,20452,20453,20453,1,1
2024-04-30 15:31:25.930,20452,20453,20453,4,4
2024-04-30 15:31:25.930,20452,20453,20454,8,8
2024-04-30 15:31:25.931,20452,20453,20454,3,3
2024-04-30 15:31:25.931,20452,20453,20454,3,3
2024-04-30 15:31:29.977,20452,20454,20454,2,2
2024-04-30 15:31:32.979,20452,20453,20453,1,1
2024-04-30 15:31:35.080,20452,20453,20452,2,-2
2024-04-30 15:31:35.749,20451,20452,20451,2,-2
2024-04-30 15:31:36.945,20450,20451,20451,2,2
2024-04-30 15:31:37.460,20451,20452,20452,1,1
2024-04-30 15:31:37.978,20451,20452,20451,1,-1
2024-04-30 15:31:41.962,20450,20451,20451,2,2
2024-04-30 15:31:43.962,20450,20451,20451,1,1
2024-04-30 15:31:47.301,20450,20452,20450,1,-1
2024-04-30 15:31:49.113,20450,20452,20450,1,-1
2024-04-30 15:31:50.692,20450,20451,20451,1,1
2024-04-30 15:31:50.692,20450,20451,20452,1,1
2024-04-30 15:31:51.938,20450,20451,20450,1,-1
2024-04-30 15:31:52.023,20450,20451,20451,1,1
2024-04-30 15:31:59.562,20450,20451,20450,1,-1
2024-04-30 15:32:04.004,20448,20450,20450,1,1
2024-04-30 15:32:04.571,20448,20449,20449,1,1
2024-04-30 15:32:04.869,20448,20450,20450,1,1
2024-04-30 15:32:06.652,20450,20451,20451,9,9
2024-04-30 15:32:12.291,20450,20451,20451,1,1
2024-04-30 15:32:15.048,20451,20452,20451,3,-3
2024-04-30 15:32:15.415,20451,20452,20451,1,-1
2024-04-30 15:32:15.528,20451,20452,20452,7,7
2024-04-30 15:32:16.896,20452,20453,20453,2,2
2024-04-30 15:32:16.896,20452,20453,20453,2,2
2024-04-30 15:32:19.724,20453,20454,20454,1,1
2024-04-30 15:32:19.724,20453,20454,20455,1,1
2024-04-30 15:32:19.725,20453,20454,20453,2,-2
2024-04-30 15:32:19.815,20453,20455,20455,1,1
2024-04-30 15:32:21.663,20453,20454,20453,1,-1
2024-04-30 15:32:24.530,20452,20454,20453,1,-1
2024-04-30 15:32:27.758,20452,20454,20454,1,1
2024-04-30 15:32:29.433,20453,20454,20454,4,4
2024-04-30 15:32:31.573,20454,20455,20455,1,1
2024-04-30 15:32:31.760,20454,20455,20455,2,2
2024-04-30 15:32:32.335,20454,20455,20454,1,-1
2024-04-30 15:32:35.466,20453,20454,20454,1,1
2024-04-30 15:32:35.673,20453,20454,20454,1,1
2024-04-30 15:32:37.921,20454,20455,20454,1,-1
2024-04-30 15:32:38.013,20454,20455,20455,2,2
2024-04-30 15:32:41.793,20454,20455,20455,2,2
2024-04-30 15:32:42.068,20454,20455,20455,1,1
2024-04-30 15:32:42.068,20454,20455,20455,1,1
2024-04-30 15:32:43.397,20454,20455,20455,1,1
2024-04-30 15:32:47.017,20454,20455,20455,1,1
2024-04-30 15:32:47.131,20454,20455,20455,2,2
2024-04-30 15:32:47.306,20454,20455,20454,5,-5
2024-04-30 15:32:48.229,20454,20455,20455,1,1
2024-04-30 15:32:48.698,20454,20455,20455,1,1
2024-04-30 15:32:51.879,20454,20455,20455,1,1
2024-04-30 15:32:56.322,20454,20455,20455,1,1
2024-04-30 15:32:59.912,20455,20456,20455,1,-1
2024-04-30 15:33:02.085,20455,20456,20455,1,-1
2024-04-30 15:33:02.086,20455,20456,20455,3,-3
2024-04-30 15:33:02.572,20454,20455,20455,1,1
2024-04-30 15:33:02.753,20454,20455,20455,1,1
2024-04-30 15:33:02.936,20454,20455,20455,1,1
2024-04-30 15:33:02.936,20454,20455,20455,1,1
2024-04-30 15:33:02.938,20454,20455,20454,14,-14
2024-04-30 15:33:02.939,20454,20455,20453,1,-1
2024-04-30 15:33:03.089,20452,20454,20454,1,1
2024-04-30 15:33:03.232,20452,20454,20454,1,1
2024-04-30 15:33:03.421,20452,20454,20454,1,1
2024-04-30 15:33:03.588,20452,20454,20454,1,1
2024-04-30 15:33:03.764,20452,20454,20454,1,1
2024-04-30 15:33:03.806,20452,20454,20454,1,1
2024-04-30 15:33:03.939,20452,20454,20454,1,1
2024-04-30 15:33:04.133,20452,20454,20454,1,1
2024-04-30 15:33:04.313,20452,20454,20454,1,1
2024-04-30 15:33:04.512,20452,20454,20454,1,1
2024-04-30 15:33:04.707,20452,20454,20454,1,1
2024-04-30 15:33:04.895,20452,20454,20454,1,1
2024-04-30 15:33:05.065,20452,20454,20454,1,1
2024-04-30 15:33:05.447,20452,20454,20454,2,2
2024-04-30 15:33:05.833,20452,20454,20453,1,1
2024-04-30 15:33:07.541,20451,20453,20453,1,1
2024-04-30 15:33:09.263,20451,20453,20453,4,4
2024-04-30 15:33:09.264,20451,20453,20453,6,6
2024-04-30 15:33:09.865,20452,20454,20454,1,1
2024-04-30 15:33:11.962,20453,20454,20453,1,-1
2024-04-30 15:33:20.781,20451,20453,20453,1,1
2024-04-30 15:33:23.711,20451,20452,20452,1,1
2024-04-30 15:33:28.718,20452,20453,20453,2,2
2024-04-30 15:33:28.718,20452,20453,20453,3,3
2024-04-30 15:33:29.445,20453,20454,20453,1,-1
2024-04-30 15:33:45.045,20452,20453,20453,1,1
2024-04-30 15:33:56.814,20452,20454,20452,5,-5
2024-04-30 15:33:56.982,20451,20453,20453,1,1
2024-04-30 15:34:00.751,20451,20452,20452,1,1
2024-04-30 15:34:04.458,20452,20453,20452,1,-1
2024-04-30 15:34:08.438,20451,20452,20451,2,-2
2024-04-30 15:34:10.714,20450,20452,20450,2,-2
2024-04-30 15:34:13.025,20450,20452,20450,1,-1
2024-04-30 15:34:13.273,20450,20452,20450,1,-1
2024-04-30 15:34:17.438,20450,20452,20450,1,-1
2024-04-30 15:34:19.747,20450,20451,20450,1,-1
2024-04-30 15:34:29.096,20450,20451,20451,4,4
2024-04-30 15:34:30.703,20450,20451,20450,5,-5
2024-04-30 15:34:44.098,20449,20450,20449,2,-2
2024-04-30 15:34:47.750,20448,20449,20448,5,-5
2024-04-30 15:34:48.207,20448,20449,20448,1,-1
2024-04-30 15:34:49.711,20447,20448,20447,2,-2
2024-04-30 15:34:50.877,20446,20447,20447,1,1
2024-04-30 15:34:52.107,20446,20448,20446,1,-1
2024-04-30 15:34:55.369,20446,20448,20446,1,-1
2024-04-30 15:34:57.211,20446,20448,20446,1,-1
2024-04-30 15:34:57.928,20446,20448,20446,1,-1
2024-04-30 15:35:01.642,20446,20447,20446,2,-2
2024-04-30 15:35:04.295,20445,20447,20447,10,10
2024-04-30 15:35:04.295,20445,20447,20448,1,1
2024-04-30 15:35:06.152,20445,20447,20446,1,1
2024-04-30 15:35:19.120,20446,20447,20446,1,-1
2024-04-30 15:35:20.169,20445,20446,20446,1,1
2024-04-30 15:35:20.169,20445,20446,20447,4,4
2024-04-30 15:35:30.418,20445,20447,20445,1,-1
2024-04-30 15:35:34.671,20445,20446,20445,1,-1
2024-04-30 15:35:34.901,20445,20446,20445,2,-2
2024-04-30 15:35:37.329,20445,20446,20445,1,-1
2024-04-30 15:35:37.531,20445,20446,20445,2,-2
2024-04-30 15:35:40.220,20445,20446,20445,2,-2
2024-04-30 15:35:40.386,20445,20446,20445,2,-2
2024-04-30 15:35:42.609,20445,20446,20445,1,-1
2024-04-30 15:35:44.654,20445,20446,20445,2,-2
2024-04-30 15:35:44.655,20445,20446,20445,1,-1
2024-04-30 15:35:46.798,20444,20445,20444,3,-3
2024-04-30 15:35:46.798,20444,20445,20444,4,-4
2024-04-30 15:35:46.798,20444,20445,20444,1,-1
2024-04-30 15:35:46.999,20443,20444,20443,1,-1
2024-04-30 15:35:47.257,20442,20444,20444,1,1
2024-04-30 15:35:52.240,20443,20444,20443,1,-1
2024-04-30 15:35:54.094,20443,20444,20443,1,-1
2024-04-30 15:35:57.008,20443,20444,20444,1,1
2024-04-30 15:35:58.766,20443,20444,20443,1,-1
2024-04-30 15:36:07.835,20442,20443,20443,1,1
2024-04-30 15:36:07.836,20442,20443,20443,2,2
2024-04-30 15:36:11.715,20443,20444,20444,2,2
2024-04-30 15:36:29.218,20443,20444,20443,1,-1
2024-04-30 15:36:29.218,20443,20444,20443,1,-1
2024-04-30 15:36:29.219,20443,20444,20443,2,-2
2024-04-30 15:36:29.219,20443,20444,20443,1,-1
2024-04-30 15:36:29.219,20443,20444,20443,1,-1
2024-04-30 15:36:29.219,20443,20444,20443,1,-1
2024-04-30 15:36:29.222,20443,20444,20442,1,-1
2024-04-30 15:36:33.222,20443,20444,20443,2,-2
2024-04-30 15:36:37.279,20442,20443,20442,1,-1
2024-04-30 15:36:37.358,20442,20443,20442,2,-2
2024-04-30 15:36:40.219,20442,20443,20442,1,-1
2024-04-30 15:36:46.323,20441,20442,20442,1,1
2024-04-30 15:36:59.924,20441,20442,20441,1,-1
2024-04-30 15:37:00.222,20441,20442,20441,2,-2
2024-04-30 15:37:00.252,20441,20442,20441,3,-3
2024-04-30 15:37:01.127,20440,20441,20440,2,-2
2024-04-30 15:37:01.190,20440,20441,20440,4,-4
2024-04-30 15:37:01.219,20440,20441,20440,1,-1
2024-04-30 15:37:03.736,20440,20441,20440,1,-1
2024-04-30 15:37:04.872,20439,20440,20439,2,-2
2024-04-30 15:37:04.873,20439,20440,20439,2,-2
2024-04-30 15:37:04.873,20439,20440,20439,1,-1
2024-04-30 15:37:12.928,20439,20441,20440,1,-1
2024-04-30 15:37:14.335,20439,20441,20439,1,-1
2024-04-30 15:37:17.505,20440,20441,20440,1,-1
2024-04-30 15:37:19.947,20440,20441,20440,1,-1
2024-04-30 15:37:20.223,20440,20441,20440,6,-6
2024-04-30 15:37:24.099,20440,20441,20440,2,-2
2024-04-30 15:37:27.092,20440,20441,20441,2,2
2024-04-30 15:37:27.092,20440,20441,20441,1,1
2024-04-30 15:37:27.145,20440,20441,20441,1,1
2024-04-30 15:37:27.859,20441,20442,20441,1,-1
2024-04-30 15:37:28.006,20441,20442,20441,1,-1
2024-04-30 15:37:30.731,20441,20442,20441,1,-1
2024-04-30 15:37:30.731,20441,20442,20440,2,-2
2024-04-30 15:37:31.086,20440,20441,20440,2,-2
2024-04-30 15:37:33.403,20439,20440,20440,1,1
2024-04-30 15:37:38.043,20440,20441,20440,2,-2
2024-04-30 15:37:39.419,20439,20440,20440,2,2
2024-04-30 15:37:40.226,20439,20440,20439,1,-1
2024-04-30 15:37:45.961,20439,20440,20439,4,-4
2024-04-30 15:37:57.342,20438,20439,20438,2,-2
2024-04-30 15:37:59.033,20438,20439,20438,1,-1
2024-04-30 15:38:00.243,20438,20439,20438,1,-1
2024-04-30 15:38:10.926,20438,20439,20438,1,-1
2024-04-30 15:38:11.333,20438,20439,20438,1,-1
2024-04-30 15:38:11.647,20438,20439,20438,1,-1
2024-04-30 15:38:12.879,20438,20439,20438,2,-2
2024-04-30 15:38:12.879,20438,20439,20438,1,-1
2024-04-30 15:38:12.879,20438,20439,20438,1,-1
2024-04-30 15:38:12.879,20438,20439,20438,2,-2
2024-04-30 15:38:14.897,20438,20439,20438,1,-1
2024-04-30 15:38:18.122,20438,20439,20439,1,1
2024-04-30 15:38:18.722,20438,20439,20439,5,5
2024-04-30 15:38:18.735,20438,20439,20440,3,3
2024-04-30 15:38:24.183,20440,20441,20441,1,1
2024-04-30 15:38:29.252,20441,20442,20442,4,4
2024-04-30 15:38:29.252,20441,20442,20442,1,1
2024-04-30 15:38:29.252,20441,20442,20442,6,6
2024-04-30 15:38:29.269,20441,20442,20443,2,2
2024-04-30 15:38:32.272,20442,20443,20443,1,1
2024-04-30 15:38:32.432,20443,20444,20444,2,2
2024-04-30 15:38:32.632,20443,20444,20444,2,2
2024-04-30 15:38:32.632,20443,20444,20444,3,3
2024-04-30 15:38:33.756,20443,20445,20443,2,-2
2024-04-30 15:38:37.172,20443,20445,20445,1,1
2024-04-30 15:38:39.635,20444,20445,20444,2,-2
2024-04-30 15:38:39.891,20443,20445,20445,1,1
2024-04-30 15:38:43.530,20443,20445,20445,5,5
2024-04-30 15:38:47.049,20443,20445,20445,2,2
2024-04-30 15:38:55.370,20443,20445,20445,1,1
2024-04-30 15:39:02.858,20444,20445,20445,1,1
2024-04-30 15:39:20.454,20444,20445,20444,1,-1
2024-04-30 15:39:29.795,20443,20445,20443,1,-1
2024-04-30 15:39:35.032,20444,20445,20445,2,2
2024-04-30 15:39:36.877,20444,20445,20444,2,-2
2024-04-30 15:39:45.936,20443,20444,20444,1,1
2024-04-30 15:39:52.905,20444,20445,20444,1,-1
2024-04-30 15:39:52.905,20444,20445,20444,5,-5
2024-04-30 15:39:52.906,20443,20445,20444,1,-1
2024-04-30 15:39:52.906,20443,20445,20444,2,-2
2024-04-30 15:39:52.906,20443,20445,20444,1,-1
2024-04-30 15:40:00.834,20443,20444,20443,1,-1
2024-04-30 15:40:00.834,20443,20444,20443,9,-9
2024-04-30 15:40:03.448,20442,20443,20443,1,1
2024-04-30 15:40:04.186,20442,20443,20442,2,-2
2024-04-30 15:40:18.165,20441,20442,20442,4,4
2024-04-30 15:40:21.638,20442,20443,20443,2,2
2024-04-30 15:40:22.442,20443,20444,20443,1,-1
2024-04-30 15:40:22.958,20442,20444,20442,5,-5
2024-04-30 15:40:28.589,20442,20443,20442,2,-2
2024-04-30 15:40:32.294,20441,20443,20443,2,2
2024-04-30 15:40:46.450,20441,20443,20443,1,1
2024-04-30 15:40:57.360,20442,20443,20443,3,3
2024-04-30 15:41:04.813,20443,20444,20444,1,1
2024-04-30 15:41:09.568,20443,20444,20443,1,-1
2024-04-30 15:41:10.155,20442,20444,20444,2,2
2024-04-30 15:41:12.924,20443,20444,20444,3,3
2024-04-30 15:41:18.043,20444,20446,20444,1,-1
2024-04-30 15:41:39.431,20445,20446,20446,1,1
2024-04-30 15:41:39.856,20445,20446,20445,1,-1
2024-04-30 15:41:46.255,20445,20446,20446,1,1
2024-04-30 15:41:47.119,20445,20446,20446,4,4
2024-04-30 15:41:47.186,20446,20447,20447,2,2
2024-04-30 15:41:47.186,20446,20447,20447,1,1
2024-04-30 15:41:47.413,20447,20448,20447,1,-1
2024-04-30 15:41:47.440,20447,20448,20448,2,2
2024-04-30 15:41:47.972,20446,20448,20448,1,1
2024-04-30 15:41:50.330,20446,20448,20448,1,1
2024-04-30 15:41:50.348,20446,20448,20448,1,1
2024-04-30 15:41:58.484,20446,20448,20448,1,1
2024-04-30 15:42:03.166,20447,20448,20447,1,-1
2024-04-30 15:42:04.306,20447,20448,20449,2,2
2024-04-30 15:42:04.306,20447,20448,20448,1,1
2024-04-30 15:42:06.447,20448,20449,20449,9,9
2024-04-30 15:42:06.448,20448,20449,20449,3,3
2024-04-30 15:42:07.995,20449,20450,20449,1,-1
2024-04-30 15:42:08.803,20449,20450,20450,1,1
2024-04-30 15:42:09.124,20449,20450,20450,2,2
2024-04-30 15:42:12.257,20449,20451,20449,1,-1
2024-04-30 15:42:13.346,20449,20450,20450,1,1
2024-04-30 15:42:13.347,20449,20450,20450,1,1
2024-04-30 15:42:18.504,20450,20451,20451,1,1
2024-04-30 15:42:18.620,20451,20452,20452,1,1
2024-04-30 15:42:18.639,20451,20452,20451,1,-1
2024-04-30 15:42:23.473,20450,20452,20450,3,-3
2024-04-30 15:42:29.016,20450,20451,20450,1,-1
2024-04-30 15:42:40.638,20449,20450,20449,1,-1
2024-04-30 15:42:48.840,20448,20449,20449,1,1
2024-04-30 15:42:49.362,20449,20450,20450,7,7
2024-04-30 15:42:50.780,20449,20450,20449,2,-2
2024-04-30 15:42:52.557,20449,20450,20449,1,-1
2024-04-30 15:42:53.784,20449,20450,20450,1,1
2024-04-30 15:42:55.169,20449,20451,20449,1,-1
2024-04-30 15:42:57.707,20449,20450,20449,1,-1
2024-04-30 15:42:57.707,20449,20450,20449,2,-2
2024-04-30 15:43:00.562,20448,20449,20448,1,-1
2024-04-30 15:43:04.828,20449,20450,20449,1,-1
2024-04-30 15:43:09.886,20448,20449,20449,1,1
2024-04-30 15:43:09.886,20448,20449,20450,4,4
2024-04-30 15:43:13.584,20448,20450,20450,7,7
2024-04-30 15:43:30.159,20450,20451,20450,2,-2
2024-04-30 15:43:32.953,20450,20451,20451,1,1
2024-04-30 15:43:35.493,20451,20452,20452,2,2
2024-04-30 15:43:38.579,20451,20452,20451,1,-1
2024-04-30 15:43:39.083,20451,20452,20452,1,1
2024-04-30 15:43:39.083,20451,20452,20452,1,1
2024-04-30 15:43:39.084,20451,20452,20452,3,3
2024-04-30 15:43:39.104,20451,20452,20453,1,1
2024-04-30 15:43:39.104,20451,20452,20453,4,4
2024-04-30 15:43:39.476,20451,20453,20453,1,1
2024-04-30 15:43:42.131,20452,20453,20453,1,1
2024-04-30 15:43:46.372,20453,20454,20453,3,-3
2024-04-30 15:43:46.372,20453,20454,20453,1,-1
2024-04-30 15:43:46.526,20452,20453,20453,1,1
2024-04-30 15:43:46.799,20452,20453,20453,1,1
2024-04-30 15:43:47.457,20452,20453,20453,1,1
2024-04-30 15:43:48.555,20453,20454,20454,1,1
2024-04-30 15:43:51.418,20453,20454,20453,2,-2
2024-04-30 15:43:52.007,20453,20454,20453,1,-1
2024-04-30 15:43:54.538,20452,20454,20454,4,4
2024-04-30 15:43:58.407,20452,20454,20454,1,1
2024-04-30 15:43:58.408,20452,20454,20454,2,2
2024-04-30 15:44:06.719,20452,20454,20453,2,2
2024-04-30 15:44:07.220,20452,20453,20452,3,-3
2024-04-30 15:44:07.242,20452,20453,20452,1,-1
2024-04-30 15:44:11.543,20451,20452,20451,1,-1
2024-04-30 15:44:29.417,20451,20452,20452,1,1
2024-04-30 15:44:29.893,20451,20452,20452,1,1
2024-04-30 15:44:32.766,20451,20452,20451,18,-18
2024-04-30 15:44:32.768,20451,20452,20450,1,-1
2024-04-30 15:44:32.768,20451,20452,20450,1,-1
