2024-07-16 15:00:00.011,23985,23987,23985,74,-74
2024-07-16 15:00:00.013,23985,23987,23985,1,-1
2024-07-16 15:00:00.024,23985,23987,23984,1,-1
2024-07-16 15:00:00.024,23985,23987,23984,1,-1
2024-07-16 15:00:00.047,23983,23987,23985,1,-1
2024-07-16 15:00:00.189,23985,23987,23985,1,-1
2024-07-16 15:00:00.322,23984,23987,23989,1,1
2024-07-16 15:00:00.322,23984,23987,23990,1,1
2024-07-16 15:00:00.322,23984,23987,23987,1,1
2024-07-16 15:00:00.322,23984,23987,23988,1,1
2024-07-16 15:00:00.367,23984,23989,23989,1,1
2024-07-16 15:00:00.367,23984,23989,23990,1,1
2024-07-16 15:00:00.369,23984,23989,23985,1,-1
2024-07-16 15:00:00.390,23984,23989,23984,2,-2
2024-07-16 15:00:00.397,23984,23989,23984,1,-1
2024-07-16 15:00:00.404,23984,23989,23988,1,1
2024-07-16 15:00:00.421,23984,23989,23988,1,1
2024-07-16 15:00:00.423,23984,23989,23985,1,-1
2024-07-16 15:00:00.523,23984,23989,23989,1,1
2024-07-16 15:00:00.544,23984,23989,23983,4,-4
2024-07-16 15:00:00.544,23984,23989,23984,2,-2
2024-07-16 15:00:00.545,23984,23989,23983,4,-4
2024-07-16 15:00:00.546,23984,23989,23987,1,1
2024-07-16 15:00:00.546,23984,23989,23983,5,-5
2024-07-16 15:00:00.558,23984,23989,23987,1,1
2024-07-16 15:00:00.589,23984,23989,23982,1,-1
2024-07-16 15:00:00.594,23984,23989,23983,1,-1
2024-07-16 15:00:00.607,23982,23988,23988,1,1
2024-07-16 15:00:00.662,23982,23988,23987,1,1
2024-07-16 15:00:00.687,23982,23988,23984,1,-1
2024-07-16 15:00:00.841,23984,23987,23987,1,1
2024-07-16 15:00:01.189,23984,23988,23987,1,1
2024-07-16 15:00:01.270,23986,23990,23990,1,1
2024-07-16 15:00:01.525,23988,23991,23988,4,-4
2024-07-16 15:00:01.619,23986,23989,23986,1,-1
2024-07-16 15:00:01.635,23986,23989,23986,2,-2
2024-07-16 15:00:01.640,23986,23989,23986,1,-1
2024-07-16 15:00:01.650,23986,23989,23987,1,-1
2024-07-16 15:00:01.651,23986,23989,23985,2,-2
2024-07-16 15:00:01.679,23986,23989,23984,5,-5
2024-07-16 15:00:02.123,23986,23989,23987,1,-1
2024-07-16 15:00:02.309,23986,23989,23989,1,1
2024-07-16 15:00:02.428,23987,23990,23991,1,1
2024-07-16 15:00:02.537,23988,23990,23988,1,-1
2024-07-16 15:00:02.644,23987,23990,23987,1,-1
2024-07-16 15:00:02.645,23987,23990,23987,1,-1
2024-07-16 15:00:02.682,23987,23990,23988,2,-2
2024-07-16 15:00:02.731,23986,23990,23987,1,-1
2024-07-16 15:00:03.052,23987,23990,23990,1,1
2024-07-16 15:00:03.239,23988,23991,23989,1,-1
2024-07-16 15:00:03.349,23988,23991,23991,1,1
2024-07-16 15:00:03.621,23988,23991,23991,1,1
2024-07-16 15:00:03.622,23988,23991,23989,1,-1
2024-07-16 15:00:03.622,23988,23991,23988,3,-3
2024-07-16 15:00:03.923,23988,23991,23991,1,1
2024-07-16 15:00:04.003,23988,23991,23989,1,-1
2024-07-16 15:00:04.003,23988,23991,23988,1,-1
2024-07-16 15:00:04.050,23988,23991,23989,2,-2
2024-07-16 15:00:04.133,23989,23991,23988,2,-2
2024-07-16 15:00:04.133,23989,23991,23989,3,-3
2024-07-16 15:00:04.942,23988,23991,23988,2,-2
2024-07-16 15:00:05.037,23988,23991,23988,1,-1
2024-07-16 15:00:05.037,23988,23991,23987,1,-1
2024-07-16 15:00:05.897,23988,23991,23991,1,1
2024-07-16 15:00:06.216,23988,23991,23988,2,-2
2024-07-16 15:00:06.223,23988,23991,23985,13,-13
2024-07-16 15:00:06.223,23988,23991,23986,14,-14
2024-07-16 15:00:06.223,23988,23991,23988,5,-5
2024-07-16 15:00:06.223,23988,23991,23987,8,-8
2024-07-16 15:00:06.225,23988,23991,23985,1,-1
2024-07-16 15:00:06.226,23988,23991,23985,1,-1
2024-07-16 15:00:06.226,23988,23991,23986,3,-3
2024-07-16 15:00:06.242,23988,23991,23986,1,-1
2024-07-16 15:00:06.246,23988,23991,23987,1,-1
2024-07-16 15:00:06.246,23988,23991,23987,1,-1
2024-07-16 15:00:06.265,23988,23991,23988,1,-1
2024-07-16 15:00:06.335,23988,23991,23987,1,-1
2024-07-16 15:00:06.338,23988,23991,23986,1,-1
2024-07-16 15:00:06.461,23985,23988,23985,1,-1
2024-07-16 15:00:06.462,23985,23988,23985,1,-1
2024-07-16 15:00:06.954,23984,23987,23984,5,-5
2024-07-16 15:00:07.538,23984,23986,23984,1,-1
2024-07-16 15:00:10.286,23985,23986,23985,1,-1
2024-07-16 15:00:10.987,23985,23986,23985,1,-1
2024-07-16 15:00:11.534,23985,23986,23985,1,-1
2024-07-16 15:00:11.534,23985,23986,23984,2,-2
2024-07-16 15:00:11.871,23985,23986,23986,1,1
2024-07-16 15:00:12.203,23985,23986,23986,1,1
2024-07-16 15:00:12.204,23985,23986,23986,1,1
2024-07-16 15:00:12.740,23985,23987,23985,3,-3
2024-07-16 15:00:12.740,23985,23987,23985,4,-4
2024-07-16 15:00:13.705,23986,23987,23986,3,-3
2024-07-16 15:00:13.705,23986,23987,23984,2,-2
2024-07-16 15:00:13.926,23984,23987,23984,1,-1
2024-07-16 15:00:13.926,23984,23987,23984,1,-1
2024-07-16 15:00:13.926,23984,23987,23984,1,-1
2024-07-16 15:00:14.135,23983,23985,23984,1,-1
2024-07-16 15:00:14.135,23983,23985,23984,1,-1
2024-07-16 15:00:14.136,23983,23985,23984,1,-1
2024-07-16 15:00:14.686,23983,23984,23984,1,1
2024-07-16 15:00:14.687,23983,23984,23983,2,-2
2024-07-16 15:00:15.224,23983,23985,23985,1,1
2024-07-16 15:00:15.522,23983,23984,23983,4,-4
2024-07-16 15:00:15.849,23982,23984,23983,1,-1
2024-07-16 15:00:15.890,23982,23984,23982,1,-1
2024-07-16 15:00:16.066,23982,23983,23982,6,-6
2024-07-16 15:00:16.066,23982,23983,23982,1,-1
2024-07-16 15:00:16.066,23982,23983,23982,1,-1
2024-07-16 15:00:16.066,23982,23983,23981,2,-2
2024-07-16 15:00:16.067,23982,23983,23981,2,-2
2024-07-16 15:00:16.271,23981,23982,23982,2,2
2024-07-16 15:00:17.706,23981,23982,23981,1,-1
2024-07-16 15:00:17.764,23981,23982,23981,1,-1
2024-07-16 15:00:18.233,23981,23982,23981,3,-3
2024-07-16 15:00:18.257,23981,23982,23981,1,-1
2024-07-16 15:00:18.866,23980,23981,23981,3,3
2024-07-16 15:00:18.866,23980,23981,23982,2,2
2024-07-16 15:00:19.017,23980,23983,23980,1,-1
2024-07-16 15:00:19.056,23980,23983,23980,2,-2
2024-07-16 15:00:19.148,23980,23983,23983,1,1
2024-07-16 15:00:20.769,23980,23982,23980,3,-3
2024-07-16 15:00:20.769,23980,23982,23980,3,-3
2024-07-16 15:00:20.770,23980,23982,23980,2,-2
2024-07-16 15:00:20.770,23980,23982,23980,1,-1
2024-07-16 15:00:21.292,23979,23981,23979,4,-4
2024-07-16 15:00:21.293,23979,23981,23978,1,-1
2024-07-16 15:00:21.372,23977,23979,23977,1,-1
2024-07-16 15:00:21.609,23977,23980,23980,2,2
2024-07-16 15:00:23.498,23977,23980,23979,1,1
2024-07-16 15:00:23.559,23977,23980,23980,1,1
2024-07-16 15:00:23.567,23977,23980,23977,3,-3
2024-07-16 15:00:23.813,23977,23980,23977,2,-2
2024-07-16 15:00:23.814,23977,23980,23977,1,-1
2024-07-16 15:00:23.939,23976,23979,23976,1,-1
2024-07-16 15:00:24.062,23976,23979,23976,1,-1
2024-07-16 15:00:26.096,23976,23978,23976,2,-2
2024-07-16 15:00:26.505,23975,23978,23978,1,1
2024-07-16 15:00:26.878,23977,23979,23978,2,2
2024-07-16 15:00:28.460,23977,23979,23979,1,1
2024-07-16 15:00:28.460,23977,23979,23979,2,2
2024-07-16 15:00:28.595,23978,23980,23978,2,-2
2024-07-16 15:00:29.297,23977,23980,23977,1,-1
2024-07-16 15:00:30.290,23977,23979,23979,1,1
2024-07-16 15:00:30.375,23978,23980,23980,2,2
2024-07-16 15:00:30.375,23978,23980,23980,2,2
2024-07-16 15:00:30.376,23978,23980,23980,1,1
2024-07-16 15:00:30.376,23978,23980,23980,1,1
2024-07-16 15:00:31.501,23979,23981,23981,1,1
2024-07-16 15:00:31.913,23980,23983,23980,2,-2
2024-07-16 15:00:31.916,23980,23983,23979,1,-1
2024-07-16 15:00:32.384,23978,23981,23978,1,-1
2024-07-16 15:00:32.609,23978,23980,23978,1,-1
2024-07-16 15:00:36.630,23978,23980,23980,1,1
2024-07-16 15:00:38.963,23979,23980,23980,1,1
2024-07-16 15:00:38.964,23979,23980,23979,2,-2
2024-07-16 15:00:39.081,23979,23982,23982,1,1
2024-07-16 15:00:39.835,23980,23983,23983,1,1
2024-07-16 15:00:40.523,23982,23984,23982,1,-1
2024-07-16 15:00:40.526,23982,23984,23982,1,-1
2024-07-16 15:00:40.577,23982,23984,23982,1,-1
2024-07-16 15:00:40.580,23982,23984,23981,3,-3
2024-07-16 15:00:40.881,23980,23983,23983,1,1
2024-07-16 15:00:42.072,23980,23983,23980,1,-1
2024-07-16 15:00:42.234,23980,23983,23980,1,-1
2024-07-16 15:00:42.326,23980,23983,23983,1,1
2024-07-16 15:00:42.923,23980,23982,23980,2,-2
2024-07-16 15:00:43.296,23980,23982,23980,2,-2
2024-07-16 15:00:44.932,23981,23982,23981,1,-1
2024-07-16 15:00:50.549,23980,23982,23979,1,-1
2024-07-16 15:00:50.549,23980,23982,23980,4,-4
2024-07-16 15:00:50.675,23979,23981,23981,4,4
2024-07-16 15:00:50.675,23979,23981,23982,1,1
2024-07-16 15:00:50.898,23979,23982,23979,5,-5
2024-07-16 15:00:57.047,23981,23983,23981,1,-1
2024-07-16 15:00:57.528,23981,23983,23981,1,-1
2024-07-16 15:00:57.528,23981,23983,23981,1,-1
2024-07-16 15:00:57.544,23981,23983,23980,1,-1
2024-07-16 15:00:59.366,23980,23983,23983,1,1
2024-07-16 15:00:59.752,23980,23983,23980,4,-4
2024-07-16 15:00:59.762,23980,23983,23979,4,-4
2024-07-16 15:01:00.030,23979,23983,23982,1,1
2024-07-16 15:01:00.031,23979,23983,23982,1,1
2024-07-16 15:01:00.071,23979,23983,23979,6,-6
2024-07-16 15:01:00.071,23979,23983,23978,2,-2
2024-07-16 15:01:00.083,23979,23983,23978,1,-1
2024-07-16 15:01:00.086,23979,23983,23978,1,-1
2024-07-16 15:01:00.088,23979,23983,23978,1,-1
2024-07-16 15:01:00.101,23978,23980,23978,1,-1
2024-07-16 15:01:00.103,23978,23980,23977,1,-1
2024-07-16 15:01:00.103,23978,23980,23977,1,-1
2024-07-16 15:01:00.108,23978,23980,23977,5,-5
2024-07-16 15:01:00.108,23978,23980,23976,3,-3
2024-07-16 15:01:00.109,23978,23980,23976,1,-1
2024-07-16 15:01:00.109,23978,23980,23976,3,-3
2024-07-16 15:01:00.113,23978,23980,23975,1,-1
2024-07-16 15:01:00.119,23978,23980,23975,1,-1
2024-07-16 15:01:00.179,23978,23980,23977,2,-2
2024-07-16 15:01:00.180,23978,23980,23977,2,-2
2024-07-16 15:01:00.180,23978,23980,23977,1,-1
2024-07-16 15:01:00.180,23978,23980,23977,2,-2
2024-07-16 15:01:00.602,23980,23981,23980,1,-1
2024-07-16 15:01:00.742,23978,23980,23978,1,-1
2024-07-16 15:01:00.867,23976,23979,23979,1,1
2024-07-16 15:01:01.059,23977,23980,23980,1,1
2024-07-16 15:01:01.368,23977,23980,23977,1,-1
2024-07-16 15:01:01.399,23977,23980,23980,2,2
2024-07-16 15:01:01.606,23978,23981,23981,3,3
2024-07-16 15:01:01.606,23978,23981,23982,2,2
2024-07-16 15:01:01.620,23978,23981,23983,4,4
2024-07-16 15:01:01.620,23978,23981,23982,1,1
2024-07-16 15:01:01.880,23979,23982,23979,1,-1
2024-07-16 15:01:02.131,23979,23981,23979,2,-2
2024-07-16 15:01:02.355,23978,23981,23978,3,-3
2024-07-16 15:01:05.301,23978,23979,23978,1,-1
2024-07-16 15:01:05.301,23978,23979,23978,1,-1
2024-07-16 15:01:05.727,23977,23978,23978,1,1
2024-07-16 15:01:05.796,23977,23978,23977,2,-2
2024-07-16 15:01:08.207,23975,23977,23977,1,1
2024-07-16 15:01:08.355,23975,23977,23975,1,-1
2024-07-16 15:01:08.667,23975,23977,23977,1,1
2024-07-16 15:01:09.340,23975,23977,23977,1,1
2024-07-16 15:01:09.352,23975,23977,23975,1,-1
2024-07-16 15:01:09.353,23975,23977,23975,1,-1
2024-07-16 15:01:09.353,23975,23977,23975,1,-1
2024-07-16 15:01:09.914,23975,23977,23977,1,1
2024-07-16 15:01:11.135,23975,23977,23975,1,-1
2024-07-16 15:01:11.660,23975,23977,23977,1,1
2024-07-16 15:01:11.915,23975,23977,23977,1,1
2024-07-16 15:01:12.130,23975,23977,23977,2,2
2024-07-16 15:01:12.342,23975,23977,23975,1,-1
2024-07-16 15:01:14.102,23976,23977,23977,1,1
2024-07-16 15:01:14.268,23976,23977,23977,2,2
2024-07-16 15:01:14.268,23976,23977,23977,3,3
2024-07-16 15:01:14.406,23977,23979,23977,1,-1
2024-07-16 15:01:14.515,23977,23979,23977,3,-3
2024-07-16 15:01:15.141,23976,23977,23976,1,-1
2024-07-16 15:01:15.150,23976,23977,23976,1,-1
2024-07-16 15:01:15.345,23975,23977,23975,1,-1
2024-07-16 15:01:16.047,23975,23977,23977,2,2
2024-07-16 15:01:16.558,23977,23979,23977,1,-1
2024-07-16 15:01:16.861,23976,23979,23979,1,1
2024-07-16 15:01:17.962,23976,23979,23979,1,1
2024-07-16 15:01:18.509,23976,23979,23976,2,-2
2024-07-16 15:01:19.054,23975,23977,23977,1,1
2024-07-16 15:01:19.302,23975,23977,23975,1,-1
2024-07-16 15:01:20.102,23975,23977,23975,1,-1
2024-07-16 15:01:20.195,23975,23977,23975,1,-1
2024-07-16 15:01:21.642,23975,23977,23977,1,1
2024-07-16 15:01:22.248,23975,23976,23975,1,-1
2024-07-16 15:01:22.248,23975,23976,23975,6,-6
2024-07-16 15:01:22.511,23974,23975,23974,1,-1
2024-07-16 15:01:22.511,23974,23975,23974,2,-2
2024-07-16 15:01:22.596,23974,23975,23975,3,3
2024-07-16 15:01:23.120,23974,23975,23974,1,-1
2024-07-16 15:01:24.119,23973,23975,23973,2,-2
2024-07-16 15:01:24.790,23973,23975,23975,3,3
2024-07-16 15:01:25.911,23974,23975,23974,1,-1
2024-07-16 15:01:26.357,23973,23975,23973,1,-1
2024-07-16 15:01:26.704,23973,23975,23973,2,-2
2024-07-16 15:01:27.271,23972,23974,23972,1,-1
2024-07-16 15:01:27.439,23972,23974,23972,3,-3
2024-07-16 15:01:27.441,23972,23974,23972,1,-1
2024-07-16 15:01:27.441,23972,23974,23972,3,-3
2024-07-16 15:01:27.441,23972,23974,23972,5,-5
2024-07-16 15:01:27.441,23972,23974,23972,3,-3
2024-07-16 15:01:27.442,23972,23974,23972,3,-3
2024-07-16 15:01:28.163,23971,23973,23971,1,-1
2024-07-16 15:01:28.802,23971,23973,23973,1,1
2024-07-16 15:01:29.351,23971,23973,23971,1,-1
2024-07-16 15:01:29.957,23971,23973,23973,2,2
2024-07-16 15:01:29.957,23971,23973,23973,1,1
2024-07-16 15:01:31.744,23973,23974,23973,2,-2
2024-07-16 15:01:31.744,23973,23974,23972,1,-1
2024-07-16 15:01:31.816,23973,23974,23973,2,-2
2024-07-16 15:01:32.516,23972,23974,23973,7,-7
2024-07-16 15:01:32.581,23972,23974,23972,1,-1
2024-07-16 15:01:32.787,23972,23974,23973,2,-2
2024-07-16 15:01:33.617,23973,23975,23975,1,1
2024-07-16 15:01:33.659,23973,23975,23976,7,7
2024-07-16 15:01:33.660,23973,23975,23977,1,1
2024-07-16 15:01:33.661,23973,23975,23977,1,1
2024-07-16 15:01:34.339,23976,23978,23978,1,1
2024-07-16 15:01:34.779,23976,23978,23977,1,1
2024-07-16 15:01:35.555,23976,23978,23976,1,-1
2024-07-16 15:01:36.249,23976,23978,23976,1,-1
2024-07-16 15:01:36.351,23976,23978,23976,1,-1
2024-07-16 15:01:36.992,23975,23977,23977,9,9
2024-07-16 15:01:36.992,23975,23977,23977,1,1
2024-07-16 15:01:38.065,23976,23978,23976,1,-1
2024-07-16 15:01:41.083,23976,23978,23978,2,2
2024-07-16 15:01:43.174,23977,23979,23977,1,-1
2024-07-16 15:01:47.020,23976,23977,23977,3,3
2024-07-16 15:01:47.021,23976,23977,23978,1,1
2024-07-16 15:01:47.240,23977,23980,23980,1,1
2024-07-16 15:01:47.280,23977,23980,23978,1,-1
2024-07-16 15:01:49.249,23977,23979,23977,1,-1
2024-07-16 15:01:49.975,23976,23978,23978,2,2
2024-07-16 15:01:52.196,23976,23978,23979,11,11
2024-07-16 15:01:52.197,23976,23978,23979,1,1
2024-07-16 15:01:52.624,23977,23980,23979,1,1
2024-07-16 15:01:52.991,23978,23979,23978,1,-1
2024-07-16 15:01:53.064,23978,23979,23977,1,-1
2024-07-16 15:01:53.626,23977,23980,23977,1,-1
2024-07-16 15:01:53.880,23976,23979,23979,2,2
2024-07-16 15:01:55.806,23976,23979,23979,1,1
2024-07-16 15:01:58.150,23978,23980,23978,1,-1
2024-07-16 15:01:58.232,23978,23980,23980,1,1
2024-07-16 15:02:00.008,23979,23980,23979,1,-1
2024-07-16 15:02:00.043,23979,23980,23978,1,-1
2024-07-16 15:02:00.624,23978,23980,23980,1,1
2024-07-16 15:02:00.792,23978,23980,23980,1,1
2024-07-16 15:02:00.819,23978,23980,23978,2,-2
2024-07-16 15:02:00.819,23978,23980,23977,3,-3
2024-07-16 15:02:00.822,23978,23980,23977,1,-1
2024-07-16 15:02:00.988,23977,23979,23979,1,1
2024-07-16 15:02:01.157,23977,23978,23977,1,-1
2024-07-16 15:02:01.160,23977,23978,23977,2,-2
2024-07-16 15:02:01.172,23977,23978,23978,1,1
2024-07-16 15:02:01.404,23976,23979,23979,1,1
2024-07-16 15:02:01.587,23977,23979,23979,1,1
2024-07-16 15:02:01.775,23977,23979,23979,1,1
2024-07-16 15:02:01.836,23977,23979,23979,1,1
2024-07-16 15:02:01.944,23977,23980,23980,1,1
2024-07-16 15:02:02.123,23978,23980,23980,1,1
2024-07-16 15:02:02.308,23978,23980,23980,1,1
2024-07-16 15:02:02.484,23978,23980,23980,1,1
2024-07-16 15:02:02.675,23978,23980,23980,1,1
2024-07-16 15:02:02.859,23978,23980,23980,1,1
2024-07-16 15:02:03.098,23978,23980,23980,1,1
2024-07-16 15:02:03.312,23978,23980,23980,1,1
2024-07-16 15:02:03.492,23978,23980,23980,1,1
2024-07-16 15:02:03.651,23978,23980,23980,1,1
2024-07-16 15:02:03.864,23978,23980,23980,1,1
2024-07-16 15:02:04.081,23978,23980,23980,1,1
2024-07-16 15:02:04.134,23979,23982,23982,1,1
2024-07-16 15:02:04.305,23979,23982,23982,1,1
2024-07-16 15:02:04.864,23979,23982,23980,1,-1
2024-07-16 15:02:05.090,23979,23982,23980,1,-1
2024-07-16 15:02:06.581,23979,23981,23979,3,-3
2024-07-16 15:02:06.678,23979,23981,23979,2,-2
2024-07-16 15:02:06.977,23978,23980,23979,5,-5
2024-07-16 15:02:08.939,23978,23980,23980,3,3
2024-07-16 15:02:09.637,23978,23980,23978,2,-2
2024-07-16 15:02:10.251,23977,23979,23979,1,1
2024-07-16 15:02:16.038,23978,23980,23978,5,-5
2024-07-16 15:02:16.080,23978,23980,23977,2,-2
2024-07-16 15:02:16.080,23978,23980,23977,1,-1
2024-07-16 15:02:16.080,23978,23980,23977,1,-1
2024-07-16 15:02:16.080,23978,23980,23977,1,-1
2024-07-16 15:02:16.080,23978,23980,23977,1,-1
2024-07-16 15:02:22.379,23976,23978,23976,1,-1
2024-07-16 15:02:22.760,23976,23977,23976,1,-1
2024-07-16 15:02:22.947,23976,23977,23976,1,-1
2024-07-16 15:02:22.952,23976,23977,23976,1,-1
2024-07-16 15:02:22.957,23976,23977,23975,1,-1
2024-07-16 15:02:22.958,23976,23977,23975,2,-2
2024-07-16 15:02:22.958,23976,23977,23975,1,-1
2024-07-16 15:02:26.046,23975,23977,23975,1,-1
2024-07-16 15:02:28.324,23975,23977,23977,1,1
2024-07-16 15:02:29.288,23975,23977,23975,1,-1
2024-07-16 15:02:30.538,23974,23976,23974,1,-1
2024-07-16 15:02:30.727,23974,23976,23975,2,-2
2024-07-16 15:02:32.563,23976,23977,23976,1,-1
2024-07-16 15:02:32.845,23976,23977,23977,1,1
2024-07-16 15:02:32.845,23976,23977,23977,2,2
2024-07-16 15:02:34.239,23976,23979,23976,5,-5
2024-07-16 15:02:37.487,23975,23978,23976,1,-1
2024-07-16 15:02:37.487,23975,23978,23975,6,-6
2024-07-16 15:02:37.487,23975,23978,23974,1,-1
2024-07-16 15:02:38.504,23973,23976,23976,2,2
2024-07-16 15:02:38.564,23973,23976,23974,2,-2
2024-07-16 15:02:38.942,23973,23974,23973,1,-1
2024-07-16 15:02:38.942,23973,23974,23973,2,-2
2024-07-16 15:02:39.044,23972,23974,23972,1,-1
2024-07-16 15:02:43.074,23972,23973,23972,1,-1
2024-07-16 15:02:44.339,23971,23973,23971,20,-20
2024-07-16 15:02:44.340,23971,23973,23971,1,-1
2024-07-16 15:02:44.340,23971,23973,23971,1,-1
2024-07-16 15:02:44.340,23971,23973,23970,2,-2
2024-07-16 15:02:44.341,23971,23973,23970,17,-17
2024-07-16 15:02:44.384,23969,23970,23969,3,-3
2024-07-16 15:02:44.385,23969,23970,23969,1,-1
2024-07-16 15:02:44.385,23969,23970,23969,1,-1
2024-07-16 15:02:44.385,23969,23970,23969,2,-2
2024-07-16 15:02:44.386,23969,23970,23969,1,-1
2024-07-16 15:02:45.728,23968,23969,23969,2,2
2024-07-16 15:02:46.535,23968,23970,23968,2,-2
2024-07-16 15:02:47.403,23968,23970,23968,1,-1
2024-07-16 15:02:47.612,23968,23970,23968,2,-2
2024-07-16 15:02:50.324,23968,23971,23968,5,-5
2024-07-16 15:02:50.987,23967,23970,23968,1,-1
2024-07-16 15:02:52.804,23968,23970,23968,2,-2
2024-07-16 15:02:54.312,23968,23970,23968,3,-3
2024-07-16 15:02:54.312,23968,23970,23967,3,-3
2024-07-16 15:02:57.721,23968,23970,23970,1,1
2024-07-16 15:02:57.722,23968,23970,23970,6,6
2024-07-16 15:02:57.722,23968,23970,23970,2,2
2024-07-16 15:02:57.723,23970,23971,23971,1,1
2024-07-16 15:03:00.552,23970,23972,23970,1,-1
2024-07-16 15:03:00.605,23970,23972,23970,1,-1
2024-07-16 15:03:00.605,23970,23972,23970,1,-1
2024-07-16 15:03:03.173,23971,23972,23972,2,2
2024-07-16 15:03:03.226,23971,23973,23971,1,-1
2024-07-16 15:03:05.597,23970,23972,23970,2,-2
2024-07-16 15:03:05.597,23970,23972,23969,8,-8
2024-07-16 15:03:05.597,23970,23972,23968,7,-7
2024-07-16 15:03:05.597,23970,23972,23968,1,-1
2024-07-16 15:03:05.598,23970,23972,23967,2,-2
2024-07-16 15:03:05.598,23970,23972,23967,1,-1
2024-07-16 15:03:05.599,23970,23972,23967,1,-1
2024-07-16 15:03:05.599,23970,23972,23967,7,-7
2024-07-16 15:03:05.940,23966,23967,23966,2,-2
2024-07-16 15:03:06.318,23966,23967,23966,1,-1
2024-07-16 15:03:06.319,23966,23967,23966,1,-1
2024-07-16 15:03:06.319,23966,23967,23966,2,-2
2024-07-16 15:03:08.410,23965,23967,23965,1,-1
2024-07-16 15:03:08.410,23965,23967,23965,2,-2
2024-07-16 15:03:08.410,23965,23967,23965,1,-1
2024-07-16 15:03:08.410,23965,23967,23965,1,-1
2024-07-16 15:03:08.410,23965,23967,23965,1,-1
2024-07-16 15:03:08.410,23965,23967,23965,2,-2
2024-07-16 15:03:08.477,23964,23965,23964,1,-1
2024-07-16 15:03:08.718,23963,23965,23964,1,-1
2024-07-16 15:03:12.276,23964,23966,23966,1,1
2024-07-16 15:03:12.324,23964,23966,23967,1,1
2024-07-16 15:03:13.110,23966,23968,23968,1,1
2024-07-16 15:03:14.706,23966,23967,23967,1,1
2024-07-16 15:03:14.798,23966,23968,23966,1,-1
2024-07-16 15:03:15.091,23967,23968,23966,1,-1
2024-07-16 15:03:15.091,23967,23968,23967,1,-1
2024-07-16 15:03:15.886,23967,23968,23968,1,1
2024-07-16 15:03:15.887,23967,23968,23968,10,10
2024-07-16 15:03:15.887,23967,23968,23968,7,7
2024-07-16 15:03:15.887,23967,23968,23968,1,1
2024-07-16 15:03:15.887,23967,23968,23968,1,1
2024-07-16 15:03:15.888,23967,23968,23969,1,1
2024-07-16 15:03:15.895,23967,23968,23969,1,1
2024-07-16 15:03:15.898,23967,23968,23968,2,2
2024-07-16 15:03:15.971,23967,23968,23968,1,1
2024-07-16 15:03:17.324,23967,23969,23969,1,1
2024-07-16 15:03:18.091,23968,23970,23970,1,1
2024-07-16 15:03:18.101,23969,23971,23969,1,-1
2024-07-16 15:03:18.101,23969,23971,23969,1,-1
2024-07-16 15:03:18.102,23969,23971,23969,1,-1
2024-07-16 15:03:18.102,23969,23971,23969,1,-1
2024-07-16 15:03:19.475,23968,23971,23968,1,-1
2024-07-16 15:03:20.375,23968,23970,23968,3,-3
2024-07-16 15:03:20.376,23968,23970,23967,2,-2
2024-07-16 15:03:20.377,23968,23970,23967,1,-1
2024-07-16 15:03:22.389,23966,23967,23966,4,-4
2024-07-16 15:03:22.389,23966,23967,23966,1,-1
2024-07-16 15:03:22.898,23965,23966,23965,2,-2
2024-07-16 15:03:23.905,23964,23966,23964,1,-1
2024-07-16 15:03:25.609,23964,23966,23964,3,-3
2024-07-16 15:03:25.609,23964,23966,23963,7,-7
2024-07-16 15:03:25.611,23964,23966,23962,1,-1
2024-07-16 15:03:25.611,23964,23966,23963,29,-29
2024-07-16 15:03:25.611,23964,23966,23962,1,-1
2024-07-16 15:03:25.611,23964,23966,23962,1,-1
2024-07-16 15:03:26.113,23962,23964,23961,3,-3
2024-07-16 15:03:26.113,23962,23964,23962,2,-2
2024-07-16 15:03:27.431,23961,23964,23961,1,-1
2024-07-16 15:03:27.476,23961,23963,23961,1,-1
2024-07-16 15:03:27.477,23961,23963,23961,1,-1
2024-07-16 15:03:27.477,23961,23963,23960,1,-1
2024-07-16 15:03:27.477,23961,23963,23960,1,-1
2024-07-16 15:03:27.619,23960,23962,23960,1,-1
2024-07-16 15:03:27.619,23960,23962,23959,3,-3
2024-07-16 15:03:27.667,23960,23962,23958,2,-2
2024-07-16 15:03:27.667,23960,23962,23959,2,-2
2024-07-16 15:03:27.669,23960,23962,23960,1,-1
2024-07-16 15:03:27.784,23958,23960,23958,1,-1
2024-07-16 15:03:27.820,23958,23960,23958,1,-1
2024-07-16 15:03:27.837,23958,23960,23957,1,-1
2024-07-16 15:03:28.329,23957,23959,23959,2,2
2024-07-16 15:03:28.458,23958,23960,23960,1,1
2024-07-16 15:03:28.501,23959,23961,23961,1,1
2024-07-16 15:03:28.544,23959,23961,23960,1,1
2024-07-16 15:03:28.960,23959,23962,23962,1,1
2024-07-16 15:03:29.300,23959,23962,23959,1,-1
2024-07-16 15:03:31.283,23958,23960,23958,1,-1
2024-07-16 15:03:31.707,23957,23959,23958,1,-1
2024-07-16 15:03:32.526,23957,23958,23957,2,-2
2024-07-16 15:03:32.526,23957,23958,23957,1,-1
2024-07-16 15:03:32.526,23957,23958,23957,1,-1
2024-07-16 15:03:33.349,23956,23957,23957,1,1
2024-07-16 15:03:33.486,23956,23957,23956,1,-1
2024-07-16 15:03:33.486,23956,23957,23956,1,-1
2024-07-16 15:03:33.910,23955,23957,23957,1,1
2024-07-16 15:03:34.109,23955,23957,23957,3,3
2024-07-16 15:03:34.296,23956,23958,23958,1,1
2024-07-16 15:03:34.298,23956,23958,23959,2,2
2024-07-16 15:03:34.368,23958,23960,23958,1,-1
2024-07-16 15:03:34.370,23958,23960,23958,1,-1
2024-07-16 15:03:34.552,23958,23960,23959,1,-1
2024-07-16 15:03:36.679,23957,23958,23958,1,1
2024-07-16 15:03:36.739,23957,23958,23958,1,1
2024-07-16 15:03:37.087,23958,23960,23959,1,1
2024-07-16 15:03:37.102,23958,23960,23958,1,-1
2024-07-16 15:03:37.102,23958,23960,23958,1,-1
2024-07-16 15:03:37.309,23957,23960,23960,1,1
2024-07-16 15:03:38.762,23959,23962,23962,1,1
2024-07-16 15:03:39.564,23962,23964,23963,1,1
2024-07-16 15:03:39.820,23962,23964,23962,1,-1
2024-07-16 15:03:40.473,23962,23964,23962,1,-1
2024-07-16 15:03:40.767,23962,23964,23962,1,-1
2024-07-16 15:03:40.922,23962,23964,23962,1,-1
2024-07-16 15:03:41.167,23961,23963,23963,3,3
2024-07-16 15:03:42.570,23962,23963,23963,2,2
2024-07-16 15:03:45.899,23962,23963,23963,2,2
2024-07-16 15:03:47.851,23962,23963,23962,2,-2
2024-07-16 15:03:47.977,23962,23963,23962,1,-1
2024-07-16 15:03:49.863,23962,23963,23962,1,-1
2024-07-16 15:03:50.469,23962,23963,23962,11,-11
2024-07-16 15:03:50.469,23962,23963,23961,1,-1
2024-07-16 15:03:50.470,23960,23962,23961,1,-1
2024-07-16 15:03:50.470,23960,23962,23961,1,-1
2024-07-16 15:03:50.470,23960,23962,23961,1,-1
2024-07-16 15:03:50.470,23960,23962,23961,1,-1
2024-07-16 15:03:50.470,23962,23963,23961,1,-1
2024-07-16 15:03:50.470,23962,23963,23961,1,-1
2024-07-16 15:03:50.470,23962,23963,23961,2,-2
2024-07-16 15:03:50.470,23962,23963,23961,3,-3
2024-07-16 15:03:50.471,23960,23962,23961,1,-1
2024-07-16 15:03:51.162,23960,23961,23960,1,-1
2024-07-16 15:03:53.600,23960,23961,23961,2,2
2024-07-16 15:03:53.602,23960,23961,23962,1,1
2024-07-16 15:03:54.126,23961,23962,23962,1,1
2024-07-16 15:03:54.126,23961,23962,23962,1,1
2024-07-16 15:03:57.066,23961,23963,23961,1,-1
2024-07-16 15:03:59.600,23961,23962,23961,1,-1
2024-07-16 15:04:00.250,23960,23962,23962,1,1
2024-07-16 15:04:02.909,23961,23962,23961,1,-1
2024-07-16 15:04:03.264,23960,23961,23960,1,-1
2024-07-16 15:04:03.264,23960,23961,23960,1,-1
2024-07-16 15:04:03.278,23960,23961,23961,1,1
2024-07-16 15:04:03.488,23959,23960,23959,1,-1
2024-07-16 15:04:04.524,23957,23958,23958,1,1
2024-07-16 15:04:04.524,23957,23958,23959,1,1
2024-07-16 15:04:06.914,23957,23959,23957,3,-3
2024-07-16 15:04:08.181,23956,23958,23956,1,-1
2024-07-16 15:04:08.473,23956,23958,23956,1,-1
2024-07-16 15:04:09.861,23956,23957,23956,1,-1
2024-07-16 15:04:09.861,23956,23957,23956,2,-2
2024-07-16 15:04:09.861,23956,23957,23956,2,-2
2024-07-16 15:04:10.487,23955,23956,23956,1,1
2024-07-16 15:04:10.580,23955,23956,23955,1,-1
2024-07-16 15:04:10.624,23955,23956,23955,2,-2
2024-07-16 15:04:10.677,23955,23956,23955,1,-1
2024-07-16 15:04:10.914,23955,23956,23955,1,-1
2024-07-16 15:04:11.627,23955,23956,23956,7,7
2024-07-16 15:04:11.646,23955,23956,23957,1,1
2024-07-16 15:04:11.895,23956,23959,23957,1,-1
2024-07-16 15:04:12.099,23957,23959,23957,3,-3
2024-07-16 15:04:12.099,23957,23959,23956,2,-2
2024-07-16 15:04:12.281,23956,23958,23956,1,-1
2024-07-16 15:04:13.024,23955,23958,23955,11,-11
2024-07-16 15:04:13.024,23955,23958,23954,8,-8
2024-07-16 15:04:13.024,23955,23958,23953,11,-11
2024-07-16 15:04:13.501,23953,23955,23955,1,1
2024-07-16 15:04:15.061,23952,23954,23952,1,-1
2024-07-16 15:04:15.263,23952,23954,23952,1,-1
2024-07-16 15:04:15.599,23952,23954,23952,3,-3
2024-07-16 15:04:16.826,23952,23954,23954,2,2
2024-07-16 15:04:17.086,23954,23956,23955,1,1
2024-07-16 15:04:17.706,23954,23957,23957,2,2
2024-07-16 15:04:18.125,23955,23957,23955,3,-3
2024-07-16 15:04:19.827,23953,23955,23954,2,-2
2024-07-16 15:04:20.373,23954,23955,23955,4,4
2024-07-16 15:04:20.373,23954,23955,23955,10,10
2024-07-16 15:04:20.373,23954,23955,23955,4,4
2024-07-16 15:04:20.374,23954,23955,23956,7,7
2024-07-16 15:04:20.450,23954,23955,23956,1,1
2024-07-16 15:04:20.462,23954,23955,23956,1,1
2024-07-16 15:04:20.641,23956,23957,23956,1,-1
2024-07-16 15:04:21.043,23956,23957,23956,1,-1
2024-07-16 15:04:21.500,23955,23957,23955,1,-1
2024-07-16 15:04:21.574,23955,23957,23955,1,-1
2024-07-16 15:04:21.911,23954,23957,23955,1,-1
2024-07-16 15:04:21.921,23954,23957,23954,1,-1
2024-07-16 15:04:21.921,23954,23957,23955,1,-1
2024-07-16 15:04:22.036,23955,23957,23955,1,-1
2024-07-16 15:04:22.036,23955,23957,23954,2,-2
2024-07-16 15:04:22.086,23955,23957,23955,2,-2
2024-07-16 15:04:24.201,23955,23957,23955,1,-1
2024-07-16 15:04:25.854,23955,23957,23955,1,-1
2024-07-16 15:04:26.051,23954,23957,23957,2,2
2024-07-16 15:04:28.202,23955,23957,23956,1,1
2024-07-16 15:04:29.258,23955,23957,23955,4,-4
2024-07-16 15:04:32.936,23954,23957,23957,1,1
2024-07-16 15:04:35.887,23954,23956,23956,1,1
2024-07-16 15:04:37.830,23955,23957,23957,1,1
2024-07-16 15:04:38.794,23955,23957,23955,1,-1
2024-07-16 15:04:40.246,23955,23957,23957,1,1
2024-07-16 15:04:40.246,23955,23957,23957,1,1
2024-07-16 15:04:40.246,23955,23957,23957,1,1
2024-07-16 15:04:40.246,23955,23957,23957,5,5
2024-07-16 15:04:40.841,23957,23959,23957,5,-5
2024-07-16 15:04:41.512,23955,23958,23955,5,-5
2024-07-16 15:04:41.879,23954,23957,23954,1,-1
2024-07-16 15:04:43.028,23954,23957,23953,1,-1
2024-07-16 15:04:43.028,23954,23957,23954,4,-4
2024-07-16 15:04:44.515,23954,23955,23955,2,2
2024-07-16 15:04:46.337,23956,23957,23956,1,-1
2024-07-16 15:04:46.988,23956,23957,23956,2,-2
2024-07-16 15:04:47.949,23954,23956,23954,1,-1
2024-07-16 15:04:52.321,23954,23956,23954,1,-1
2024-07-16 15:04:53.669,23954,23955,23954,1,-1
2024-07-16 15:04:55.285,23953,23954,23953,2,-2
2024-07-16 15:04:55.285,23953,23954,23953,1,-1
2024-07-16 15:04:55.285,23953,23954,23953,4,-4
2024-07-16 15:05:00.371,23953,23954,23953,1,-1
2024-07-16 15:05:00.371,23953,23954,23953,1,-1
2024-07-16 15:05:00.651,23952,23954,23952,1,-1
2024-07-16 15:05:01.829,23952,23954,23952,1,-1
2024-07-16 15:05:01.852,23952,23954,23952,1,-1
2024-07-16 15:05:02.601,23952,23954,23952,1,-1
2024-07-16 15:05:03.438,23953,23954,23954,2,2
2024-07-16 15:05:03.543,23954,23955,23954,1,-1
2024-07-16 15:05:04.553,23954,23955,23955,2,2
2024-07-16 15:05:04.553,23954,23955,23955,1,1
2024-07-16 15:05:04.553,23954,23955,23955,2,2
2024-07-16 15:05:04.554,23954,23955,23955,1,1
2024-07-16 15:05:04.554,23954,23955,23955,4,4
2024-07-16 15:05:04.554,23954,23955,23955,7,7
2024-07-16 15:05:04.554,23954,23955,23955,1,1
2024-07-16 15:05:04.554,23954,23955,23955,1,1
2024-07-16 15:05:04.554,23954,23955,23955,1,1
2024-07-16 15:05:04.554,23954,23955,23955,5,5
2024-07-16 15:05:10.912,23954,23957,23955,1,-1
2024-07-16 15:05:14.613,23953,23956,23956,1,1
2024-07-16 15:05:17.649,23954,23955,23955,1,1
2024-07-16 15:05:17.649,23954,23955,23956,1,1
2024-07-16 15:05:17.761,23954,23956,23954,1,-1
2024-07-16 15:05:18.304,23954,23956,23954,1,-1
2024-07-16 15:05:18.351,23954,23956,23954,1,-1
2024-07-16 15:05:18.352,23954,23956,23953,1,-1
2024-07-16 15:05:18.379,23954,23956,23953,1,-1
2024-07-16 15:05:22.106,23953,23956,23953,3,-3
2024-07-16 15:05:22.106,23953,23956,23952,7,-7
2024-07-16 15:05:23.450,23952,23955,23952,6,-6
2024-07-16 15:05:23.450,23952,23955,23951,4,-4
2024-07-16 15:05:24.136,23951,23953,23950,2,-2
2024-07-16 15:05:24.136,23951,23953,23951,8,-8
2024-07-16 15:05:24.221,23951,23953,23952,1,-1
2024-07-16 15:05:24.897,23950,23952,23950,1,-1
2024-07-16 15:05:25.916,23950,23952,23952,1,1
2024-07-16 15:05:27.309,23950,23951,23950,2,-2
2024-07-16 15:05:27.498,23950,23951,23951,2,2
2024-07-16 15:05:27.576,23950,23951,23950,7,-7
2024-07-16 15:05:27.576,23950,23951,23949,3,-3
2024-07-16 15:05:27.707,23948,23951,23949,1,-1
2024-07-16 15:05:27.742,23948,23951,23951,2,2
2024-07-16 15:05:27.743,23948,23951,23951,1,1
2024-07-16 15:05:27.743,23948,23951,23951,3,3
2024-07-16 15:05:27.743,23948,23951,23951,1,1
2024-07-16 15:05:27.743,23948,23951,23951,1,1
2024-07-16 15:05:27.747,23948,23951,23952,1,1
2024-07-16 15:05:28.045,23951,23953,23951,3,-3
2024-07-16 15:05:28.045,23951,23953,23950,8,-8
2024-07-16 15:05:28.046,23951,23953,23950,7,-7
2024-07-16 15:05:28.102,23948,23950,23949,1,-1
2024-07-16 15:05:28.755,23948,23950,23950,1,1
2024-07-16 15:05:28.755,23948,23950,23950,1,1
2024-07-16 15:05:28.798,23948,23950,23950,3,3
2024-07-16 15:05:28.798,23948,23950,23950,3,3
2024-07-16 15:05:30.175,23951,23952,23951,1,-1
2024-07-16 15:05:30.403,23951,23952,23951,5,-5
2024-07-16 15:05:31.366,23950,23951,23950,2,-2
2024-07-16 15:05:31.366,23950,23951,23949,6,-6
2024-07-16 15:05:32.568,23949,23951,23951,1,1
2024-07-16 15:05:32.568,23949,23951,23951,1,1
2024-07-16 15:05:32.757,23951,23952,23951,1,-1
2024-07-16 15:05:32.934,23950,23952,23950,1,-1
2024-07-16 15:05:33.015,23950,23952,23950,1,-1
2024-07-16 15:05:33.244,23949,23950,23950,1,1
2024-07-16 15:05:33.381,23949,23952,23949,1,-1
2024-07-16 15:05:34.114,23949,23952,23949,1,-1
2024-07-16 15:05:36.130,23950,23952,23950,5,-5
2024-07-16 15:05:36.130,23950,23952,23949,8,-8
2024-07-16 15:05:36.130,23950,23952,23948,7,-7
2024-07-16 15:05:36.240,23948,23950,23948,3,-3
2024-07-16 15:05:36.240,23948,23950,23947,2,-2
2024-07-16 15:05:37.360,23948,23949,23949,1,1
2024-07-16 15:05:39.608,23949,23950,23950,1,1
2024-07-16 15:05:39.608,23949,23950,23951,1,1
2024-07-16 15:05:39.609,23949,23950,23951,1,1
2024-07-16 15:05:41.058,23951,23952,23951,1,-1
2024-07-16 15:05:42.838,23951,23952,23952,2,2
2024-07-16 15:05:43.165,23952,23953,23952,1,-1
2024-07-16 15:05:43.165,23952,23953,23951,2,-2
2024-07-16 15:05:43.550,23952,23953,23952,1,-1
2024-07-16 15:05:44.805,23952,23953,23953,1,1
2024-07-16 15:05:46.413,23951,23954,23951,1,-1
2024-07-16 15:05:47.771,23952,23954,23952,1,-1
2024-07-16 15:05:47.802,23952,23954,23952,2,-2
2024-07-16 15:05:47.802,23952,23954,23951,4,-4
2024-07-16 15:05:47.802,23952,23954,23950,4,-4
2024-07-16 15:05:48.004,23950,23953,23953,1,1
2024-07-16 15:05:48.175,23951,23953,23951,2,-2
2024-07-16 15:05:48.175,23951,23953,23950,1,-1
2024-07-16 15:05:49.162,23952,23953,23952,1,-1
2024-07-16 15:05:54.877,23951,23952,23952,1,1
2024-07-16 15:05:55.366,23952,23953,23952,1,-1
2024-07-16 15:05:57.227,23952,23953,23952,1,-1
2024-07-16 15:05:57.846,23951,23952,23952,1,1
2024-07-16 15:06:01.741,23951,23952,23952,1,1
2024-07-16 15:06:01.741,23951,23952,23953,2,2
2024-07-16 15:06:01.856,23952,23954,23952,1,-1
2024-07-16 15:06:02.277,23951,23953,23953,1,1
2024-07-16 15:06:02.331,23951,23953,23951,1,-1
2024-07-16 15:06:02.331,23951,23953,23950,1,-1
2024-07-16 15:06:02.402,23950,23952,23953,1,1
2024-07-16 15:06:02.430,23950,23952,23954,2,2
2024-07-16 15:06:02.430,23950,23952,23953,1,1
2024-07-16 15:06:02.570,23952,23955,23952,1,-1
2024-07-16 15:06:02.601,23952,23954,23954,1,1
2024-07-16 15:06:11.136,23952,23953,23952,1,-1
2024-07-16 15:06:12.154,23951,23952,23951,1,-1
2024-07-16 15:06:12.154,23951,23952,23951,1,-1
2024-07-16 15:06:12.499,23951,23952,23951,1,-1
2024-07-16 15:06:12.540,23951,23952,23950,1,-1
2024-07-16 15:06:12.541,23951,23952,23950,1,-1
2024-07-16 15:06:12.541,23951,23952,23950,1,-1
2024-07-16 15:06:12.541,23951,23952,23950,1,-1
2024-07-16 15:06:12.541,23951,23952,23950,1,-1
2024-07-16 15:06:12.542,23951,23952,23950,2,-2
2024-07-16 15:06:12.542,23951,23952,23950,1,-1
2024-07-16 15:06:12.839,23949,23950,23949,6,-6
2024-07-16 15:06:17.397,23949,23950,23950,2,2
2024-07-16 15:06:17.558,23949,23951,23951,1,1
2024-07-16 15:06:21.319,23948,23949,23949,1,1
2024-07-16 15:06:21.467,23948,23950,23950,1,1
2024-07-16 15:06:22.843,23948,23950,23950,1,1
2024-07-16 15:06:22.844,23948,23950,23950,3,3
2024-07-16 15:06:22.844,23948,23950,23950,2,2
2024-07-16 15:06:22.844,23948,23950,23950,1,1
2024-07-16 15:06:22.844,23948,23950,23950,2,2
2024-07-16 15:06:22.844,23948,23950,23950,1,1
2024-07-16 15:06:22.844,23948,23950,23950,9,9
2024-07-16 15:06:28.494,23950,23952,23950,1,-1
2024-07-16 15:06:28.494,23950,23952,23950,1,-1
2024-07-16 15:06:29.694,23948,23949,23949,1,1
2024-07-16 15:06:31.269,23948,23949,23949,1,1
2024-07-16 15:06:32.851,23948,23950,23949,1,1
2024-07-16 15:06:32.852,23948,23950,23948,2,-2
2024-07-16 15:06:32.852,23948,23950,23948,2,-2
2024-07-16 15:06:32.852,23948,23950,23948,1,-1
2024-07-16 15:06:33.661,23947,23948,23947,10,-10
2024-07-16 15:06:33.662,23947,23948,23946,3,-3
2024-07-16 15:06:33.663,23947,23948,23946,1,-1
2024-07-16 15:06:33.663,23947,23948,23946,3,-3
2024-07-16 15:06:33.663,23947,23948,23946,1,-1
2024-07-16 15:06:33.840,23945,23946,23945,2,-2
2024-07-16 15:06:33.859,23944,23945,23944,2,-2
2024-07-16 15:06:33.861,23944,23945,23944,1,-1
2024-07-16 15:06:33.869,23944,23945,23944,1,-1
2024-07-16 15:06:33.933,23944,23945,23943,3,-3
2024-07-16 15:06:34.027,23943,23944,23943,2,-2
2024-07-16 15:06:34.467,23943,23944,23944,1,1
2024-07-16 15:06:34.567,23943,23944,23944,1,1
2024-07-16 15:06:34.863,23943,23944,23944,2,2
2024-07-16 15:06:34.864,23943,23944,23944,1,1
2024-07-16 15:06:35.211,23944,23945,23944,1,-1
2024-07-16 15:06:38.645,23943,23944,23943,1,-1
2024-07-16 15:06:38.645,23943,23944,23943,1,-1
2024-07-16 15:06:38.658,23943,23944,23943,1,-1
2024-07-16 15:06:38.834,23942,23944,23944,1,1
2024-07-16 15:06:39.835,23942,23943,23943,2,2
2024-07-16 15:06:40.466,23942,23944,23944,4,4
2024-07-16 15:06:40.467,23942,23944,23944,2,2
2024-07-16 15:06:41.423,23943,23945,23944,2,2
2024-07-16 15:06:41.521,23943,23945,23945,4,4
2024-07-16 15:06:41.521,23943,23945,23945,2,2
2024-07-16 15:06:41.521,23943,23945,23945,2,2
2024-07-16 15:06:43.146,23945,23947,23947,1,1
2024-07-16 15:06:46.985,23946,23948,23946,2,-2
2024-07-16 15:06:48.434,23946,23947,23946,1,-1
2024-07-16 15:06:51.410,23946,23947,23946,1,-1
2024-07-16 15:06:51.410,23946,23947,23946,3,-3
2024-07-16 15:06:51.797,23945,23946,23945,1,-1
2024-07-16 15:06:53.046,23944,23946,23946,1,1
2024-07-16 15:06:53.506,23944,23946,23946,1,1
2024-07-16 15:06:54.301,23945,23946,23945,1,-1
2024-07-16 15:06:57.855,23944,23946,23945,1,-1
2024-07-16 15:06:57.997,23944,23946,23944,1,-1
2024-07-16 15:06:57.998,23944,23946,23944,1,-1
2024-07-16 15:07:00.090,23943,23946,23946,1,1
2024-07-16 15:07:02.153,23943,23945,23945,3,3
2024-07-16 15:07:02.260,23943,23945,23944,1,1
2024-07-16 15:07:03.527,23944,23945,23946,4,4
2024-07-16 15:07:03.527,23944,23945,23945,1,1
2024-07-16 15:07:04.012,23945,23946,23946,1,1
2024-07-16 15:07:04.706,23946,23947,23946,1,-1
2024-07-16 15:07:08.228,23946,23947,23946,1,-1
2024-07-16 15:07:08.981,23946,23947,23946,1,-1
2024-07-16 15:07:09.354,23945,23947,23947,1,1
2024-07-16 15:07:12.178,23946,23948,23946,2,-2
2024-07-16 15:07:12.270,23946,23948,23946,1,-1
2024-07-16 15:07:14.604,23946,23947,23947,1,1
2024-07-16 15:07:15.672,23947,23948,23948,3,3
2024-07-16 15:07:15.673,23947,23948,23949,2,2
2024-07-16 15:07:15.673,23947,23948,23949,6,6
2024-07-16 15:07:15.673,23947,23948,23949,1,1
2024-07-16 15:07:16.602,23949,23950,23950,3,3
2024-07-16 15:07:17.207,23951,23952,23952,1,1
2024-07-16 15:07:18.337,23952,23953,23952,1,-1
2024-07-16 15:07:18.522,23951,23953,23953,2,2
2024-07-16 15:07:18.522,23951,23953,23955,2,2
2024-07-16 15:07:19.245,23951,23954,23951,3,-3
2024-07-16 15:07:20.298,23953,23954,23953,1,-1
2024-07-16 15:07:20.361,23951,23954,23954,5,5
2024-07-16 15:07:21.231,23953,23955,23952,7,-7
2024-07-16 15:07:21.231,23953,23955,23953,3,-3
2024-07-16 15:07:22.140,23950,23953,23953,2,2
2024-07-16 15:07:22.296,23951,23953,23951,5,-5
2024-07-16 15:07:22.296,23951,23953,23950,5,-5
2024-07-16 15:07:22.446,23950,23952,23950,1,-1
2024-07-16 15:07:24.319,23949,23951,23949,3,-3
2024-07-16 15:07:24.319,23949,23951,23948,7,-7
2024-07-16 15:07:24.319,23949,23951,23947,2,-2
2024-07-16 15:07:25.232,23947,23949,23949,2,2
2024-07-16 15:07:27.561,23947,23949,23948,1,1
2024-07-16 15:07:27.645,23947,23949,23947,1,-1
2024-07-16 15:07:27.949,23946,23948,23948,1,1
2024-07-16 15:07:29.518,23948,23950,23948,1,-1
2024-07-16 15:07:30.868,23947,23950,23947,1,-1
2024-07-16 15:07:31.756,23947,23948,23948,2,2
2024-07-16 15:07:32.798,23948,23950,23950,1,1
2024-07-16 15:07:32.986,23948,23951,23948,1,-1
2024-07-16 15:07:34.782,23948,23949,23949,1,1
2024-07-16 15:07:42.116,23949,23950,23950,10,10
2024-07-16 15:07:42.302,23950,23951,23951,1,1
2024-07-16 15:07:42.953,23951,23953,23951,1,-1
2024-07-16 15:07:43.368,23951,23953,23951,3,-3
2024-07-16 15:07:47.438,23951,23953,23952,4,-4
2024-07-16 15:07:48.873,23952,23953,23952,3,-3
2024-07-16 15:07:48.873,23952,23953,23951,2,-2
2024-07-16 15:07:54.970,23952,23953,23953,1,1
2024-07-16 15:07:56.424,23952,23954,23952,2,-2
2024-07-16 15:07:59.289,23951,23952,23952,1,1
2024-07-16 15:07:59.290,23951,23952,23951,7,-7
2024-07-16 15:07:59.290,23951,23952,23950,3,-3
2024-07-16 15:07:59.507,23950,23952,23950,1,-1
2024-07-16 15:08:00.270,23949,23951,23949,7,-7
2024-07-16 15:08:00.270,23949,23951,23948,3,-3
2024-07-16 15:08:00.302,23949,23951,23950,2,-2
2024-07-16 15:08:00.608,23948,23949,23949,2,2
2024-07-16 15:08:00.979,23948,23950,23950,2,2
2024-07-16 15:08:03.076,23950,23951,23950,1,-1
2024-07-16 15:08:05.469,23948,23949,23948,1,-1
2024-07-16 15:08:05.691,23947,23949,23949,1,1
2024-07-16 15:08:10.445,23948,23949,23949,2,2
2024-07-16 15:08:10.445,23948,23949,23949,1,1
2024-07-16 15:08:10.445,23948,23949,23949,2,2
2024-07-16 15:08:10.445,23948,23949,23949,1,1
2024-07-16 15:08:10.445,23948,23949,23949,2,2
2024-07-16 15:08:11.781,23949,23950,23949,1,-1
2024-07-16 15:08:13.411,23949,23950,23950,1,1
2024-07-16 15:08:15.663,23950,23952,23950,1,-1
2024-07-16 15:08:19.930,23950,23952,23952,1,1
2024-07-16 15:08:21.079,23950,23952,23950,1,-1
2024-07-16 15:08:21.354,23948,23950,23950,1,1
2024-07-16 15:08:21.408,23948,23950,23950,1,1
2024-07-16 15:08:25.235,23948,23950,23948,3,-3
2024-07-16 15:08:25.235,23948,23950,23947,2,-2
2024-07-16 15:08:26.051,23947,23949,23947,1,-1
2024-07-16 15:08:28.430,23946,23948,23947,1,-1
2024-07-16 15:08:28.430,23946,23948,23946,2,-2
2024-07-16 15:08:29.661,23946,23948,23947,1,-1
2024-07-16 15:08:29.685,23946,23948,23946,1,-1
2024-07-16 15:08:29.850,23945,23946,23946,1,1
2024-07-16 15:08:30.050,23945,23947,23946,1,1
2024-07-16 15:08:35.942,23946,23949,23949,1,1
2024-07-16 15:08:44.797,23948,23950,23950,10,10
2024-07-16 15:08:44.798,23948,23950,23951,2,2
2024-07-16 15:08:53.423,23949,23951,23949,1,-1
2024-07-16 15:08:54.554,23949,23951,23951,1,1
2024-07-16 15:08:54.715,23950,23953,23951,1,-1
2024-07-16 15:08:55.094,23951,23953,23951,1,-1
2024-07-16 15:08:55.094,23951,23953,23950,5,-5
2024-07-16 15:08:55.095,23951,23953,23950,1,-1
2024-07-16 15:08:55.095,23951,23953,23950,1,-1
2024-07-16 15:08:55.628,23949,23950,23950,1,1
2024-07-16 15:08:55.628,23949,23950,23950,5,5
2024-07-16 15:08:55.678,23949,23950,23949,1,-1
2024-07-16 15:08:56.396,23949,23952,23949,11,-11
2024-07-16 15:08:56.400,23949,23952,23948,1,-1
2024-07-16 15:08:56.500,23947,23950,23950,1,1
2024-07-16 15:08:56.502,23947,23950,23948,1,-1
2024-07-16 15:08:58.310,23947,23949,23947,1,-1
2024-07-16 15:09:03.270,23947,23948,23948,1,1
2024-07-16 15:09:03.690,23947,23948,23947,2,-2
2024-07-16 15:09:03.790,23946,23948,23948,1,1
2024-07-16 15:09:03.946,23946,23948,23947,1,1
2024-07-16 15:09:04.153,23946,23948,23947,1,1
2024-07-16 15:09:04.596,23946,23948,23948,1,1
2024-07-16 15:09:07.208,23948,23949,23949,1,1
2024-07-16 15:09:08.573,23948,23949,23949,1,1
2024-07-16 15:09:08.600,23948,23951,23948,1,-1
2024-07-16 15:09:09.786,23948,23951,23951,1,1
2024-07-16 15:09:10.986,23949,23951,23949,1,-1
2024-07-16 15:09:11.174,23949,23951,23949,1,-1
2024-07-16 15:09:15.397,23949,23950,23949,2,-2
2024-07-16 15:09:15.397,23949,23950,23949,1,-1
2024-07-16 15:09:16.047,23947,23949,23949,1,1
2024-07-16 15:09:18.153,23947,23949,23949,1,1
2024-07-16 15:09:21.247,23948,23949,23949,1,1
2024-07-16 15:09:21.348,23948,23950,23948,4,-4
2024-07-16 15:09:21.348,23948,23950,23947,6,-6
2024-07-16 15:09:23.860,23947,23948,23947,1,-1
2024-07-16 15:09:23.860,23947,23948,23946,9,-9
2024-07-16 15:09:24.293,23946,23948,23946,1,-1
2024-07-16 15:09:25.797,23946,23948,23946,2,-2
2024-07-16 15:09:25.798,23946,23948,23946,1,-1
2024-07-16 15:09:25.798,23946,23948,23945,10,-10
2024-07-16 15:09:25.799,23946,23948,23945,5,-5
2024-07-16 15:09:25.800,23946,23948,23944,2,-2
2024-07-16 15:09:25.800,23946,23948,23944,1,-1
2024-07-16 15:09:25.800,23946,23948,23944,1,-1
2024-07-16 15:09:25.801,23946,23948,23944,1,-1
2024-07-16 15:09:25.801,23946,23948,23944,1,-1
2024-07-16 15:09:25.801,23946,23948,23944,1,-1
2024-07-16 15:09:26.684,23943,23945,23943,1,-1
2024-07-16 15:09:26.685,23943,23945,23943,2,-2
2024-07-16 15:09:26.773,23942,23944,23942,1,-1
2024-07-16 15:09:26.777,23942,23944,23942,1,-1
2024-07-16 15:09:26.802,23942,23944,23942,1,-1
2024-07-16 15:09:26.808,23942,23944,23942,1,-1
2024-07-16 15:09:27.024,23942,23944,23942,3,-3
2024-07-16 15:09:27.141,23941,23943,23944,2,2
2024-07-16 15:09:28.559,23942,23945,23945,3,3
2024-07-16 15:09:28.816,23943,23946,23942,1,-1
2024-07-16 15:09:28.816,23943,23946,23943,4,-4
2024-07-16 15:09:29.595,23943,23946,23943,1,-1
2024-07-16 15:09:31.400,23944,23946,23946,1,1
2024-07-16 15:09:33.228,23944,23947,23945,1,-1
2024-07-16 15:09:33.345,23944,23947,23947,2,2
2024-07-16 15:09:36.743,23943,23946,23946,1,1
2024-07-16 15:09:37.638,23945,23946,23945,1,-1
2024-07-16 15:09:38.735,23943,23945,23943,4,-4
2024-07-16 15:09:38.735,23943,23945,23942,1,-1
2024-07-16 15:09:38.901,23942,23945,23945,2,2
2024-07-16 15:09:40.854,23944,23945,23944,1,-1
2024-07-16 15:09:40.854,23944,23945,23942,8,-8
2024-07-16 15:09:40.854,23944,23945,23941,12,-12
2024-07-16 15:09:40.854,23944,23945,23940,14,-14
2024-07-16 15:09:40.854,23944,23945,23940,1,-1
2024-07-16 15:09:40.856,23944,23945,23940,1,-1
2024-07-16 15:09:40.857,23944,23945,23940,1,-1
2024-07-16 15:09:40.858,23944,23945,23942,1,-1
2024-07-16 15:09:40.860,23944,23945,23939,1,-1
2024-07-16 15:09:41.005,23939,23942,23942,1,1
2024-07-16 15:09:41.017,23939,23942,23942,1,1
2024-07-16 15:09:45.100,23939,23942,23942,1,1
2024-07-16 15:09:45.238,23940,23943,23940,3,-3
2024-07-16 15:09:45.238,23940,23943,23939,7,-7
2024-07-16 15:09:45.709,23939,23942,23942,1,1
2024-07-16 15:09:47.060,23940,23942,23942,1,1
2024-07-16 15:09:47.129,23941,23942,23942,1,1
2024-07-16 15:09:47.600,23941,23942,23941,1,-1
2024-07-16 15:09:48.136,23940,23942,23942,1,1
2024-07-16 15:09:48.226,23942,23944,23941,1,-1
2024-07-16 15:09:48.226,23942,23944,23942,1,-1
2024-07-16 15:09:48.299,23942,23944,23942,1,-1
2024-07-16 15:09:49.480,23942,23945,23942,1,-1
2024-07-16 15:09:49.615,23942,23945,23942,2,-2
2024-07-16 15:09:53.986,23941,23944,23941,2,-2
2024-07-16 15:09:55.254,23941,23943,23941,2,-2
2024-07-16 15:09:55.254,23941,23943,23940,8,-8
2024-07-16 15:09:58.457,23939,23942,23939,1,-1
2024-07-16 15:10:00.155,23941,23943,23943,1,1
2024-07-16 15:10:00.155,23941,23943,23943,4,4
2024-07-16 15:10:00.175,23941,23943,23945,2,2
2024-07-16 15:10:00.236,23943,23946,23943,1,-1
2024-07-16 15:10:00.236,23943,23946,23943,1,-1
2024-07-16 15:10:00.522,23943,23946,23944,2,-2
2024-07-16 15:10:01.343,23945,23947,23945,1,-1
2024-07-16 15:10:01.351,23944,23947,23944,1,-1
2024-07-16 15:10:01.351,23944,23947,23944,1,-1
2024-07-16 15:10:01.351,23944,23947,23944,1,-1
2024-07-16 15:10:01.354,23944,23947,23942,1,-1
2024-07-16 15:10:02.803,23942,23944,23943,2,-2
2024-07-16 15:10:04.181,23942,23944,23942,1,-1
2024-07-16 15:10:05.880,23943,23945,23943,1,-1
2024-07-16 15:10:06.167,23943,23945,23943,1,-1
2024-07-16 15:10:09.631,23940,23942,23942,2,2
2024-07-16 15:10:09.726,23941,23944,23941,1,-1
2024-07-16 15:10:09.726,23941,23944,23941,1,-1
2024-07-16 15:10:09.726,23941,23944,23941,1,-1
2024-07-16 15:10:11.415,23941,23943,23941,1,-1
2024-07-16 15:10:11.415,23941,23943,23940,5,-5
2024-07-16 15:10:11.415,23941,23943,23939,4,-4
2024-07-16 15:10:13.802,23941,23943,23941,2,-2
2024-07-16 15:10:15.800,23941,23943,23941,1,-1
2024-07-16 15:10:16.197,23941,23943,23941,1,-1
2024-07-16 15:10:18.921,23941,23943,23943,1,1
2024-07-16 15:10:18.948,23941,23943,23943,1,1
2024-07-16 15:10:20.105,23940,23943,23943,2,2
2024-07-16 15:10:20.227,23942,23944,23942,1,-1
2024-07-16 15:10:20.228,23942,23944,23941,1,-1
2024-07-16 15:10:22.760,23942,23944,23944,1,1
2024-07-16 15:10:25.514,23942,23944,23942,1,-1
2024-07-16 15:10:31.034,23942,23944,23943,1,-1
2024-07-16 15:10:31.707,23942,23943,23943,1,1
2024-07-16 15:10:31.794,23942,23944,23943,1,1
2024-07-16 15:10:32.111,23942,23944,23943,1,1
2024-07-16 15:10:33.300,23942,23943,23943,3,3
2024-07-16 15:10:33.322,23942,23943,23944,1,1
2024-07-16 15:10:33.344,23942,23943,23943,1,1
2024-07-16 15:10:35.370,23943,23945,23943,1,-1
2024-07-16 15:10:36.637,23943,23945,23945,9,9
2024-07-16 15:10:36.637,23943,23945,23946,1,1
2024-07-16 15:10:36.727,23946,23948,23946,1,-1
2024-07-16 15:10:37.317,23945,23948,23945,1,-1
2024-07-16 15:10:37.816,23943,23946,23946,1,1
2024-07-16 15:10:37.823,23943,23946,23946,1,1
2024-07-16 15:10:38.414,23944,23947,23944,1,-1
2024-07-16 15:10:38.645,23943,23946,23946,1,1
2024-07-16 15:10:40.380,23943,23945,23944,2,2
2024-07-16 15:10:41.697,23944,23945,23945,1,1
2024-07-16 15:10:41.697,23944,23945,23945,1,1
2024-07-16 15:10:43.063,23944,23946,23944,1,-1
2024-07-16 15:10:43.063,23944,23946,23943,1,-1
2024-07-16 15:10:47.333,23943,23945,23943,1,-1
2024-07-16 15:10:51.000,23943,23945,23942,8,-8
2024-07-16 15:10:51.100,23942,23944,23942,1,-1
2024-07-16 15:10:51.456,23942,23943,23943,2,2
2024-07-16 15:10:54.244,23942,23945,23945,1,1
2024-07-16 15:10:56.726,23944,23946,23944,1,-1
2024-07-16 15:10:56.894,23944,23946,23944,1,-1
2024-07-16 15:10:56.894,23944,23946,23943,5,-5
2024-07-16 15:10:56.894,23944,23946,23942,4,-4
2024-07-16 15:11:02.517,23943,23946,23946,1,1
2024-07-16 15:11:02.523,23943,23946,23946,1,1
2024-07-16 15:11:03.557,23942,23945,23945,1,1
2024-07-16 15:11:04.117,23944,23946,23944,1,-1
2024-07-16 15:11:05.638,23944,23946,23944,4,-4
2024-07-16 15:11:05.638,23944,23946,23943,7,-7
2024-07-16 15:11:06.683,23942,23944,23944,1,1
2024-07-16 15:11:08.796,23942,23944,23943,1,1
2024-07-16 15:11:08.852,23943,23946,23944,1,-1
2024-07-16 15:11:08.852,23943,23946,23943,1,-1
2024-07-16 15:11:12.046,23943,23946,23943,1,-1
2024-07-16 15:11:13.353,23944,23946,23946,2,2
2024-07-16 15:11:14.455,23944,23947,23944,1,-1
2024-07-16 15:11:14.963,23943,23946,23943,1,-1
2024-07-16 15:11:14.968,23943,23946,23943,1,-1
2024-07-16 15:11:20.639,23944,23947,23947,1,1
2024-07-16 15:11:22.063,23944,23947,23944,1,-1
2024-07-16 15:11:22.192,23945,23948,23948,1,1
2024-07-16 15:11:24.169,23947,23950,23950,1,1
2024-07-16 15:11:24.211,23947,23950,23950,2,2
2024-07-16 15:11:24.211,23947,23950,23950,1,1
2024-07-16 15:11:24.253,23949,23951,23951,1,1
2024-07-16 15:11:26.977,23946,23948,23948,3,3
2024-07-16 15:11:27.536,23947,23949,23947,1,-1
2024-07-16 15:11:33.373,23949,23951,23949,1,-1
2024-07-16 15:11:36.442,23948,23950,23948,1,-1
2024-07-16 15:11:36.579,23945,23948,23947,1,1
2024-07-16 15:11:37.097,23946,23949,23949,2,2
2024-07-16 15:11:42.844,23948,23950,23949,1,1
2024-07-16 15:11:44.216,23948,23950,23950,2,2
2024-07-16 15:11:44.488,23949,23951,23949,1,-1
2024-07-16 15:11:45.738,23947,23950,23950,1,1
2024-07-16 15:11:45.984,23948,23951,23948,1,-1
2024-07-16 15:11:47.082,23947,23950,23950,1,1
2024-07-16 15:11:52.927,23948,23950,23950,2,2
2024-07-16 15:11:52.929,23948,23950,23951,2,2
2024-07-16 15:11:52.929,23948,23950,23951,4,4
2024-07-16 15:11:52.929,23948,23950,23951,2,2
2024-07-16 15:11:52.930,23948,23950,23952,1,1
2024-07-16 15:11:52.966,23948,23950,23953,1,1
2024-07-16 15:11:54.367,23951,23953,23953,1,1
2024-07-16 15:11:58.148,23948,23950,23948,1,-1
2024-07-16 15:12:00.269,23947,23949,23949,1,1
2024-07-16 15:12:02.121,23948,23949,23948,1,-1
2024-07-16 15:12:02.375,23947,23949,23948,1,-1
2024-07-16 15:12:02.975,23947,23948,23948,1,1
2024-07-16 15:12:03.123,23947,23948,23947,1,-1
2024-07-16 15:12:03.124,23947,23948,23947,1,-1
2024-07-16 15:12:04.046,23946,23948,23945,1,-1
2024-07-16 15:12:06.092,23943,23946,23944,2,-2
2024-07-16 15:12:06.093,23943,23946,23944,3,-3
2024-07-16 15:12:06.647,23943,23946,23942,2,-2
2024-07-16 15:12:06.647,23943,23946,23943,3,-3
2024-07-16 15:12:06.741,23942,23945,23942,1,-1
2024-07-16 15:12:07.498,23942,23945,23945,1,1
2024-07-16 15:12:07.527,23942,23945,23943,2,-2
2024-07-16 15:12:07.527,23942,23945,23942,3,-3
2024-07-16 15:12:08.027,23942,23944,23942,4,-4
2024-07-16 15:12:08.027,23942,23944,23941,1,-1
2024-07-16 15:12:11.326,23941,23943,23941,5,-5
2024-07-16 15:12:11.561,23940,23942,23940,1,-1
2024-07-16 15:12:11.562,23940,23942,23940,2,-2
2024-07-16 15:12:11.562,23940,23942,23940,1,-1
2024-07-16 15:12:11.562,23940,23942,23941,2,-2
2024-07-16 15:12:11.562,23940,23942,23940,2,-2
2024-07-16 15:12:11.562,23940,23942,23940,1,-1
2024-07-16 15:12:12.072,23939,23940,23940,1,1
2024-07-16 15:12:12.378,23939,23940,23939,1,-1
2024-07-16 15:12:12.505,23938,23940,23938,1,-1
2024-07-16 15:12:12.505,23938,23940,23938,1,-1
2024-07-16 15:12:12.505,23938,23940,23938,1,-1
2024-07-16 15:12:12.506,23938,23940,23938,1,-1
2024-07-16 15:12:12.506,23938,23940,23938,2,-2
2024-07-16 15:12:12.715,23937,23939,23938,1,-1
2024-07-16 15:12:12.854,23937,23939,23938,1,-1
2024-07-16 15:12:12.876,23937,23939,23938,2,-2
2024-07-16 15:12:13.456,23937,23939,23938,1,-1
2024-07-16 15:12:13.730,23937,23939,23938,1,-1
2024-07-16 15:12:13.730,23937,23939,23939,3,3
2024-07-16 15:12:15.055,23937,23940,23940,2,2
2024-07-16 15:12:15.789,23939,23941,23941,2,2
2024-07-16 15:12:17.171,23940,23942,23940,1,-1
2024-07-16 15:12:18.753,23938,23941,23941,4,4
2024-07-16 15:12:18.781,23938,23941,23942,1,1
2024-07-16 15:12:18.781,23938,23941,23943,4,4
2024-07-16 15:12:18.852,23940,23943,23940,1,-1
2024-07-16 15:12:18.854,23940,23943,23939,1,-1
2024-07-16 15:12:21.970,23940,23943,23940,5,-5
2024-07-16 15:12:23.677,23938,23940,23940,1,1
2024-07-16 15:12:23.680,23938,23940,23942,2,2
2024-07-16 15:12:24.156,23941,23943,23941,2,-2
2024-07-16 15:12:24.156,23941,23943,23940,1,-1
2024-07-16 15:12:24.277,23940,23943,23940,1,-1
2024-07-16 15:12:29.264,23942,23944,23942,1,-1
2024-07-16 15:12:31.389,23941,23944,23941,5,-5
2024-07-16 15:12:31.478,23940,23943,23940,1,-1
2024-07-16 15:12:33.381,23941,23944,23942,1,-1
2024-07-16 15:12:33.381,23941,23944,23942,1,-1
2024-07-16 15:12:33.607,23941,23944,23941,5,-5
2024-07-16 15:12:34.761,23941,23944,23941,3,-3
2024-07-16 15:12:34.761,23941,23944,23940,2,-2
2024-07-16 15:12:35.165,23940,23942,23940,1,-1
2024-07-16 15:12:35.166,23940,23942,23940,4,-4
2024-07-16 15:12:35.341,23939,23941,23941,1,1
2024-07-16 15:12:35.815,23939,23941,23941,1,1
2024-07-16 15:12:36.532,23939,23942,23940,1,-1
2024-07-16 15:12:36.549,23939,23942,23940,4,-4
2024-07-16 15:12:36.550,23939,23942,23942,1,1
2024-07-16 15:12:36.626,23940,23943,23940,1,-1
2024-07-16 15:12:36.777,23940,23943,23940,1,-1
2024-07-16 15:12:38.523,23941,23944,23941,4,-4
2024-07-16 15:12:38.523,23941,23944,23940,1,-1
2024-07-16 15:12:40.469,23939,23942,23942,1,1
2024-07-16 15:12:40.707,23939,23942,23939,4,-4
2024-07-16 15:12:43.892,23940,23942,23940,1,-1
2024-07-16 15:12:44.566,23940,23942,23940,1,-1
2024-07-16 15:12:44.659,23940,23942,23941,1,-1
2024-07-16 15:12:44.766,23940,23942,23940,1,-1
2024-07-16 15:12:44.856,23940,23942,23940,1,-1
2024-07-16 15:12:48.013,23939,23942,23939,2,-2
2024-07-16 15:12:48.631,23939,23940,23940,3,3
2024-07-16 15:12:49.814,23939,23940,23940,3,3
2024-07-16 15:12:49.977,23939,23941,23941,1,1
2024-07-16 15:12:49.977,23939,23941,23939,2,-2
2024-07-16 15:12:50.206,23940,23942,23940,2,-2
2024-07-16 15:12:51.186,23939,23942,23940,1,-1
2024-07-16 15:12:52.699,23939,23940,23940,2,2
2024-07-16 15:12:52.701,23939,23940,23941,2,2
2024-07-16 15:12:55.060,23940,23943,23943,10,10
2024-07-16 15:12:55.425,23942,23943,23943,1,1
2024-07-16 15:12:55.992,23941,23944,23944,1,1
2024-07-16 15:12:59.873,23942,23945,23942,1,-1
2024-07-16 15:13:08.755,23942,23943,23942,1,-1
2024-07-16 15:13:09.868,23941,23943,23943,3,3
2024-07-16 15:13:15.179,23943,23944,23943,1,-1
2024-07-16 15:13:21.610,23943,23944,23944,3,3
2024-07-16 15:13:22.207,23943,23945,23945,2,2
2024-07-16 15:13:24.118,23945,23946,23945,1,-1
2024-07-16 15:13:27.814,23944,23945,23945,1,1
2024-07-16 15:13:27.924,23944,23946,23946,1,1
2024-07-16 15:13:28.415,23945,23946,23946,1,1
2024-07-16 15:13:28.416,23945,23946,23946,1,1
2024-07-16 15:13:29.370,23946,23948,23946,1,-1
2024-07-16 15:13:37.078,23943,23945,23944,1,-1
2024-07-16 15:13:43.493,23943,23946,23946,1,1
2024-07-16 15:13:45.754,23943,23945,23946,1,1
2024-07-16 15:13:48.126,23943,23945,23945,1,1
2024-07-16 15:13:53.991,23943,23945,23943,2,-2
2024-07-16 15:13:53.991,23943,23945,23943,1,-1
2024-07-16 15:13:53.991,23943,23945,23943,2,-2
2024-07-16 15:13:54.415,23942,23943,23942,1,-1
2024-07-16 15:13:54.416,23942,23943,23942,1,-1
2024-07-16 15:13:57.277,23941,23943,23941,1,-1
2024-07-16 15:13:58.371,23941,23943,23941,2,-2
2024-07-16 15:13:58.436,23941,23943,23942,1,-1
2024-07-16 15:13:58.436,23941,23943,23941,1,-1
2024-07-16 15:13:58.436,23941,23943,23941,1,-1
2024-07-16 15:13:58.441,23941,23943,23941,1,-1
2024-07-16 15:13:58.500,23940,23942,23942,2,2
2024-07-16 15:13:58.606,23940,23943,23943,2,2
2024-07-16 15:14:00.303,23940,23943,23941,2,-2
2024-07-16 15:14:00.685,23942,23944,23942,2,-2
2024-07-16 15:14:00.737,23940,23943,23943,1,1
2024-07-16 15:14:00.926,23940,23943,23941,1,-1
2024-07-16 15:14:00.966,23940,23943,23941,1,-1
2024-07-16 15:14:01.001,23941,23943,23943,1,1
2024-07-16 15:14:01.057,23941,23943,23943,1,1
2024-07-16 15:14:01.058,23941,23943,23943,1,1
2024-07-16 15:14:01.972,23942,23945,23942,2,-2
2024-07-16 15:14:02.504,23941,23943,23941,2,-2
2024-07-16 15:14:03.161,23940,23942,23942,1,1
2024-07-16 15:14:03.741,23940,23942,23941,1,1
2024-07-16 15:14:03.742,23940,23942,23942,2,2
2024-07-16 15:14:03.765,23940,23942,23943,4,4
2024-07-16 15:14:04.195,23941,23943,23941,1,-1
2024-07-16 15:14:04.504,23940,23942,23940,3,-3
2024-07-16 15:14:04.504,23940,23942,23940,1,-1
2024-07-16 15:14:04.504,23940,23942,23940,1,-1
2024-07-16 15:14:04.504,23940,23942,23940,2,-2
2024-07-16 15:14:04.504,23940,23942,23940,2,-2
2024-07-16 15:14:04.504,23940,23942,23940,3,-3
2024-07-16 15:14:04.505,23940,23942,23941,1,-1
2024-07-16 15:14:04.686,23939,23941,23940,1,-1
2024-07-16 15:14:05.520,23939,23941,23941,2,2
2024-07-16 15:14:07.568,23942,23943,23942,1,-1
2024-07-16 15:14:07.570,23942,23943,23941,1,-1
2024-07-16 15:14:08.158,23941,23943,23941,1,-1
2024-07-16 15:14:11.332,23939,23941,23941,1,1
2024-07-16 15:14:17.973,23940,23942,23942,1,1
2024-07-16 15:14:19.250,23939,23942,23940,1,-1
2024-07-16 15:14:21.412,23940,23942,23942,4,4
2024-07-16 15:14:21.630,23941,23943,23941,1,-1
2024-07-16 15:14:23.374,23941,23942,23941,1,-1
2024-07-16 15:14:23.374,23941,23942,23941,1,-1
2024-07-16 15:14:23.374,23941,23942,23941,1,-1
2024-07-16 15:14:23.374,23941,23942,23941,1,-1
2024-07-16 15:14:25.630,23940,23941,23940,1,-1
2024-07-16 15:14:28.039,23939,23941,23941,4,4
2024-07-16 15:14:29.874,23940,23942,23942,1,1
2024-07-16 15:14:30.303,23941,23943,23940,5,-5
2024-07-16 15:14:30.303,23941,23943,23941,5,-5
2024-07-16 15:14:30.747,23941,23943,23941,1,-1
2024-07-16 15:14:33.708,23942,23943,23943,1,1
2024-07-16 15:14:36.280,23943,23945,23945,1,1
2024-07-16 15:14:40.323,23944,23946,23944,1,-1
2024-07-16 15:14:40.630,23941,23943,23942,1,-1
2024-07-16 15:14:56.001,23943,23944,23942,1,-1
2024-07-16 15:14:57.758,23942,23943,23938,17,-17
2024-07-16 15:14:57.758,23942,23943,23939,9,-9
2024-07-16 15:14:57.758,23942,23943,23937,12,-12
2024-07-16 15:14:57.758,23942,23943,23941,3,-3
2024-07-16 15:14:57.758,23942,23943,23942,3,-3
2024-07-16 15:14:57.758,23942,23943,23940,6,-6
2024-07-16 15:14:57.762,23942,23943,23938,1,-1
2024-07-16 15:14:57.762,23942,23943,23938,1,-1
2024-07-16 15:14:57.762,23942,23943,23938,1,-1
2024-07-16 15:14:57.763,23942,23943,23938,1,-1
2024-07-16 15:14:57.763,23942,23943,23937,1,-1
2024-07-16 15:14:57.765,23942,23943,23936,2,-2
2024-07-16 15:14:57.766,23942,23943,23937,1,-1
2024-07-16 15:14:57.766,23942,23943,23937,1,-1
2024-07-16 15:14:57.905,23936,23938,23938,1,1
2024-07-16 15:14:57.914,23936,23938,23937,2,2
2024-07-16 15:14:57.914,23936,23938,23936,7,-7
2024-07-16 15:14:57.914,23936,23938,23935,7,-7
2024-07-16 15:14:58.268,23935,23937,23937,2,2
2024-07-16 15:14:58.270,23935,23937,23936,1,1
2024-07-16 15:14:58.281,23935,23937,23936,1,1
2024-07-16 15:14:58.282,23935,23937,23938,1,1
2024-07-16 15:14:58.288,23935,23937,23936,1,1
2024-07-16 15:14:58.309,23935,23937,23934,6,-6
2024-07-16 15:14:58.309,23935,23937,23935,5,-5
2024-07-16 15:14:58.314,23935,23937,23934,2,-2
2024-07-16 15:14:58.316,23935,23937,23934,1,-1
2024-07-16 15:14:58.316,23935,23937,23933,1,-1
2024-07-16 15:14:58.323,23935,23937,23934,1,-1
2024-07-16 15:14:58.336,23935,23937,23933,1,-1
2024-07-16 15:14:58.337,23935,23937,23935,3,-3
2024-07-16 15:14:58.362,23933,23936,23933,3,-3
2024-07-16 15:14:58.362,23933,23936,23935,1,1
2024-07-16 15:14:58.378,23933,23936,23933,1,-1
2024-07-16 15:14:58.382,23933,23936,23933,1,-1
2024-07-16 15:14:58.385,23933,23936,23933,3,-3
2024-07-16 15:14:58.392,23933,23936,23932,1,-1
2024-07-16 15:14:58.416,23933,23936,23936,3,3
2024-07-16 15:14:58.419,23933,23936,23934,1,-1
2024-07-16 15:14:58.446,23933,23936,23934,1,-1
2024-07-16 15:14:58.447,23933,23936,23934,1,-1
2024-07-16 15:14:58.447,23933,23936,23934,1,-1
2024-07-16 15:14:58.452,23933,23936,23933,6,-6
2024-07-16 15:14:58.452,23933,23936,23932,3,-3
2024-07-16 15:14:58.457,23933,23936,23932,1,-1
2024-07-16 15:14:58.457,23933,23936,23932,1,-1
2024-07-16 15:14:58.460,23933,23936,23932,1,-1
2024-07-16 15:14:58.462,23933,23936,23934,1,-1
2024-07-16 15:14:58.613,23932,23935,23935,2,2
2024-07-16 15:14:58.613,23932,23935,23935,3,3
2024-07-16 15:15:02.711,23939,23941,23939,1,-1
2024-07-16 15:15:02.744,23939,23941,23939,1,-1
2024-07-16 15:15:02.744,23939,23941,23939,1,-1
2024-07-16 15:15:02.772,23939,23941,23938,1,-1
2024-07-16 15:15:03.418,23939,23940,23939,1,-1
2024-07-16 15:15:03.476,23939,23940,23939,1,-1
2024-07-16 15:15:03.477,23939,23940,23939,1,-1
2024-07-16 15:15:03.483,23939,23940,23938,1,-1
2024-07-16 15:15:03.522,23939,23940,23938,1,-1
2024-07-16 15:15:04.046,23938,23940,23938,2,-2
2024-07-16 15:15:04.505,23939,23940,23940,1,1
2024-07-16 15:15:04.508,23939,23940,23940,1,1
2024-07-16 15:15:06.526,23940,23941,23940,1,-1
2024-07-16 15:15:06.780,23939,23941,23939,2,-2
2024-07-16 15:15:08.236,23939,23941,23941,1,1
2024-07-16 15:15:08.352,23939,23941,23939,1,-1
2024-07-16 15:15:08.352,23939,23941,23939,1,-1
2024-07-16 15:15:08.352,23939,23941,23939,1,-1
2024-07-16 15:15:08.777,23939,23941,23939,1,-1
2024-07-16 15:15:13.650,23938,23939,23939,1,1
2024-07-16 15:15:13.650,23938,23939,23939,1,1
2024-07-16 15:15:14.498,23939,23941,23939,3,-3
2024-07-16 15:15:14.498,23939,23941,23938,7,-7
2024-07-16 15:15:14.498,23939,23941,23937,5,-5
2024-07-16 15:15:15.276,23937,23939,23937,1,-1
2024-07-16 15:15:16.947,23937,23938,23938,1,1
2024-07-16 15:15:17.090,23937,23938,23937,1,-1
2024-07-16 15:15:17.308,23936,23938,23936,1,-1
2024-07-16 15:15:17.860,23936,23938,23936,1,-1
2024-07-16 15:15:19.471,23936,23938,23938,2,2
2024-07-16 15:15:19.476,23936,23938,23936,1,-1
2024-07-16 15:15:19.476,23936,23938,23936,1,-1
2024-07-16 15:15:19.476,23936,23938,23936,1,-1
2024-07-16 15:15:19.476,23936,23938,23936,1,-1
2024-07-16 15:15:19.477,23936,23938,23936,1,-1
2024-07-16 15:15:19.481,23936,23938,23936,1,-1
2024-07-16 15:15:19.965,23936,23938,23938,2,2
2024-07-16 15:15:20.555,23936,23938,23936,1,-1
2024-07-16 15:15:20.556,23936,23938,23936,1,-1
2024-07-16 15:15:22.277,23935,23937,23935,1,-1
2024-07-16 15:15:25.993,23936,23938,23936,2,-2
2024-07-16 15:15:27.627,23935,23938,23938,5,5
2024-07-16 15:15:29.459,23937,23939,23939,1,1
2024-07-16 15:15:29.477,23937,23940,23937,1,-1
2024-07-16 15:15:30.122,23936,23939,23936,1,-1
2024-07-16 15:15:31.796,23938,23939,23939,1,1
2024-07-16 15:15:32.477,23938,23940,23938,3,-3
2024-07-16 15:15:32.706,23938,23940,23940,2,2
2024-07-16 15:15:34.120,23940,23941,23941,1,1
2024-07-16 15:15:34.121,23940,23941,23942,2,2
2024-07-16 15:15:34.681,23941,23942,23942,1,1
2024-07-16 15:15:38.637,23942,23944,23944,1,1
2024-07-16 15:15:40.129,23944,23945,23944,1,-1
2024-07-16 15:15:40.129,23944,23945,23942,4,-4
2024-07-16 15:15:40.226,23940,23943,23940,1,-1
2024-07-16 15:15:42.161,23941,23943,23943,1,1
2024-07-16 15:15:45.976,23940,23943,23940,1,-1
2024-07-16 15:15:47.249,23940,23943,23943,3,3
2024-07-16 15:15:47.608,23941,23944,23941,1,-1
2024-07-16 15:15:49.927,23942,23944,23942,2,-2
2024-07-16 15:16:00.716,23942,23944,23942,1,-1
2024-07-16 15:16:00.728,23942,23944,23944,1,1
2024-07-16 15:16:00.732,23942,23944,23945,1,1
2024-07-16 15:16:00.752,23942,23944,23945,1,1
2024-07-16 15:16:00.755,23942,23944,23947,1,1
2024-07-16 15:16:00.761,23942,23944,23947,1,1
2024-07-16 15:16:00.761,23942,23944,23947,1,1
2024-07-16 15:16:01.914,23943,23944,23944,2,2
2024-07-16 15:16:01.975,23943,23945,23945,1,1
2024-07-16 15:16:01.976,23943,23945,23946,1,1
2024-07-16 15:16:01.976,23943,23945,23946,1,1
2024-07-16 15:16:01.976,23943,23945,23947,1,1
2024-07-16 15:16:01.976,23943,23945,23947,1,1
2024-07-16 15:16:01.976,23943,23945,23947,1,1
2024-07-16 15:16:01.982,23943,23945,23948,1,1
2024-07-16 15:16:01.995,23943,23945,23948,3,3
2024-07-16 15:16:01.999,23943,23945,23946,1,1
2024-07-16 15:16:02.289,23945,23947,23945,1,-1
2024-07-16 15:16:04.936,23943,23946,23943,1,-1
2024-07-16 15:16:05.534,23943,23946,23943,1,-1
2024-07-16 15:16:07.532,23943,23946,23946,1,1
2024-07-16 15:16:11.226,23944,23946,23946,2,2
2024-07-16 15:16:11.351,23944,23947,23947,1,1
2024-07-16 15:16:11.351,23944,23947,23947,1,1
2024-07-16 15:16:11.351,23944,23947,23948,1,1
2024-07-16 15:16:11.352,23944,23947,23948,1,1
2024-07-16 15:16:11.352,23944,23947,23948,1,1
2024-07-16 15:16:11.352,23944,23947,23949,1,1
2024-07-16 15:16:11.353,23944,23947,23949,1,1
2024-07-16 15:16:11.354,23944,23947,23949,1,1
2024-07-16 15:16:11.356,23944,23947,23949,1,1
2024-07-16 15:16:12.853,23947,23949,23949,1,1
2024-07-16 15:16:13.864,23947,23950,23950,1,1
2024-07-16 15:16:13.911,23947,23950,23948,2,-2
2024-07-16 15:16:15.350,23947,23950,23950,2,2
2024-07-16 15:16:17.993,23947,23949,23947,1,-1
2024-07-16 15:16:18.208,23946,23948,23948,1,1
2024-07-16 15:16:18.226,23946,23948,23949,1,1
2024-07-16 15:16:18.226,23946,23948,23948,1,1
2024-07-16 15:16:18.226,23946,23948,23949,1,1
2024-07-16 15:16:18.227,23946,23948,23949,1,1
2024-07-16 15:16:18.227,23946,23948,23950,1,1
2024-07-16 15:16:18.227,23946,23948,23950,1,1
2024-07-16 15:16:18.229,23946,23948,23950,2,2
2024-07-16 15:16:18.229,23946,23948,23950,1,1
2024-07-16 15:16:18.232,23946,23948,23951,1,1
2024-07-16 15:16:18.270,23946,23948,23950,4,4
2024-07-16 15:16:19.806,23947,23949,23948,5,5
2024-07-16 15:16:20.014,23945,23947,23945,2,-2
2024-07-16 15:16:20.018,23945,23947,23944,1,-1
2024-07-16 15:16:20.083,23945,23947,23946,1,-1
2024-07-16 15:16:21.653,23944,23947,23947,5,5
2024-07-16 15:16:21.943,23945,23947,23947,1,1
2024-07-16 15:16:22.269,23946,23948,23948,1,1
2024-07-16 15:16:34.424,23946,23948,23948,3,3
2024-07-16 15:16:36.293,23946,23948,23948,1,1
2024-07-16 15:16:36.351,23946,23949,23949,1,1
2024-07-16 15:16:36.351,23946,23949,23949,1,1
2024-07-16 15:16:36.351,23946,23949,23949,1,1
2024-07-16 15:16:36.351,23946,23949,23949,1,1
2024-07-16 15:16:36.352,23946,23949,23950,1,1
2024-07-16 15:16:36.352,23946,23949,23950,1,1
2024-07-16 15:16:36.352,23946,23949,23950,1,1
2024-07-16 15:16:36.352,23946,23949,23951,1,1
2024-07-16 15:16:36.352,23946,23949,23950,1,1
2024-07-16 15:16:36.352,23946,23949,23950,1,1
2024-07-16 15:16:36.352,23946,23949,23950,1,1
2024-07-16 15:16:36.352,23946,23949,23950,1,1
2024-07-16 15:16:36.353,23946,23949,23951,1,1
2024-07-16 15:16:36.355,23946,23949,23951,1,1
2024-07-16 15:16:36.357,23946,23949,23952,1,1
2024-07-16 15:16:39.551,23950,23951,23951,2,2
2024-07-16 15:16:39.601,23951,23952,23952,1,1
2024-07-16 15:16:39.602,23951,23952,23952,1,1
2024-07-16 15:16:39.602,23951,23952,23952,1,1
2024-07-16 15:16:39.602,23951,23952,23952,1,1
2024-07-16 15:16:39.602,23951,23952,23952,1,1
2024-07-16 15:16:39.602,23951,23952,23953,1,1
2024-07-16 15:16:39.603,23951,23952,23953,1,1
2024-07-16 15:16:41.910,23950,23952,23952,1,1
2024-07-16 15:16:42.363,23951,23952,23952,1,1
2024-07-16 15:16:42.363,23951,23952,23953,2,2
2024-07-16 15:16:42.747,23951,23953,23951,1,-1
2024-07-16 15:16:43.466,23950,23952,23950,1,-1
2024-07-16 15:16:45.087,23949,23951,23951,1,1
2024-07-16 15:16:45.574,23949,23952,23952,1,1
2024-07-16 15:16:50.309,23949,23951,23951,2,2
2024-07-16 15:16:50.309,23949,23951,23950,3,3
2024-07-16 15:16:50.352,23949,23951,23951,1,1
2024-07-16 15:16:51.535,23949,23951,23951,1,1
2024-07-16 15:16:52.742,23949,23952,23952,1,1
2024-07-16 15:17:00.060,23950,23952,23952,3,3
2024-07-16 15:17:00.142,23951,23952,23952,2,2
2024-07-16 15:17:04.711,23951,23953,23953,3,3
2024-07-16 15:17:04.785,23952,23954,23954,1,1
2024-07-16 15:17:09.930,23952,23954,23954,1,1
2024-07-16 15:17:10.875,23954,23955,23954,1,-1
2024-07-16 15:17:12.398,23953,23954,23954,1,1
2024-07-16 15:17:12.398,23953,23954,23955,1,1
2024-07-16 15:17:15.927,23953,23954,23953,1,-1
2024-07-16 15:17:16.138,23953,23954,23954,1,1
2024-07-16 15:17:17.193,23953,23954,23953,2,-2
2024-07-16 15:17:17.194,23953,23954,23953,2,-2
2024-07-16 15:17:17.630,23952,23953,23952,1,-1
2024-07-16 15:17:17.631,23952,23953,23952,1,-1
2024-07-16 15:17:18.887,23951,23952,23952,1,1
2024-07-16 15:17:19.893,23951,23952,23951,3,-3
2024-07-16 15:17:23.304,23951,23952,23952,1,1
2024-07-16 15:17:24.864,23951,23952,23951,1,-1
2024-07-16 15:17:29.455,23950,23953,23950,1,-1
2024-07-16 15:17:32.785,23950,23951,23950,1,-1
2024-07-16 15:17:32.785,23950,23951,23949,5,-5
2024-07-16 15:17:32.785,23950,23951,23948,8,-8
2024-07-16 15:17:32.785,23950,23951,23947,10,-10
2024-07-16 15:17:32.785,23950,23951,23946,17,-17
2024-07-16 15:17:32.785,23950,23951,23945,7,-7
2024-07-16 15:17:32.785,23950,23951,23944,2,-2
2024-07-16 15:17:32.789,23950,23951,23946,1,-1
2024-07-16 15:17:32.789,23950,23951,23945,1,-1
2024-07-16 15:17:32.790,23950,23951,23946,1,-1
2024-07-16 15:17:32.790,23950,23951,23946,1,-1
2024-07-16 15:17:32.791,23950,23951,23946,1,-1
2024-07-16 15:17:33.827,23944,23946,23946,1,1
2024-07-16 15:17:34.094,23944,23946,23946,1,1
2024-07-16 15:17:37.031,23943,23944,23944,1,1
2024-07-16 15:17:38.396,23945,23948,23946,1,-1
2024-07-16 15:17:40.429,23946,23949,23946,1,-1
2024-07-16 15:17:44.073,23948,23949,23949,1,1
2024-07-16 15:17:50.176,23949,23950,23949,2,-2
2024-07-16 15:17:51.763,23946,23948,23948,1,1
2024-07-16 15:17:52.098,23946,23948,23948,2,2
2024-07-16 15:17:53.514,23948,23949,23949,1,1
2024-07-16 15:17:54.467,23948,23949,23949,1,1
2024-07-16 15:17:55.083,23949,23950,23950,3,3
2024-07-16 15:17:55.996,23949,23952,23950,1,-1
2024-07-16 15:18:01.662,23950,23951,23951,1,1
2024-07-16 15:18:01.663,23950,23951,23951,1,1
2024-07-16 15:18:01.791,23951,23952,23952,3,3
2024-07-16 15:18:01.970,23952,23953,23952,1,-1
2024-07-16 15:18:08.183,23948,23951,23949,1,-1
2024-07-16 15:18:09.174,23949,23952,23949,1,-1
2024-07-16 15:18:10.752,23949,23952,23949,1,-1
2024-07-16 15:18:11.988,23947,23950,23948,1,-1
2024-07-16 15:18:13.356,23947,23950,23948,1,-1
2024-07-16 15:18:16.561,23949,23950,23949,1,-1
2024-07-16 15:18:16.903,23948,23950,23948,1,-1
2024-07-16 15:18:19.506,23948,23950,23948,1,-1
2024-07-16 15:18:23.210,23949,23950,23949,1,-1
2024-07-16 15:18:23.768,23949,23950,23950,1,1
2024-07-16 15:18:23.792,23949,23950,23949,2,-2
2024-07-16 15:18:36.133,23951,23954,23952,1,-1
2024-07-16 15:18:37.491,23951,23954,23954,2,2
2024-07-16 15:18:42.616,23952,23953,23953,1,1
2024-07-16 15:18:46.829,23952,23953,23952,1,-1
2024-07-16 15:18:48.293,23952,23953,23952,1,-1
2024-07-16 15:18:51.924,23953,23955,23954,1,-1
2024-07-16 15:18:52.614,23952,23955,23955,1,1
2024-07-16 15:18:55.316,23951,23954,23954,1,1
2024-07-16 15:19:02.389,23953,23954,23954,1,1
2024-07-16 15:19:06.274,23953,23954,23953,1,-1
2024-07-16 15:19:07.068,23952,23954,23952,3,-3
2024-07-16 15:19:07.068,23952,23954,23952,1,-1
2024-07-16 15:19:07.068,23952,23954,23952,1,-1
2024-07-16 15:19:23.680,23951,23952,23952,1,1
2024-07-16 15:19:26.546,23951,23953,23953,1,1
2024-07-16 15:19:31.339,23951,23954,23954,1,1
2024-07-16 15:19:33.728,23953,23955,23955,2,2
2024-07-16 15:19:33.728,23953,23955,23955,6,6
2024-07-16 15:19:33.730,23953,23955,23956,4,4
2024-07-16 15:19:34.458,23953,23956,23953,1,-1
2024-07-16 15:19:37.967,23953,23954,23954,1,1
2024-07-16 15:19:38.390,23953,23954,23953,1,-1
2024-07-16 15:19:38.390,23953,23954,23953,1,-1
2024-07-16 15:19:38.746,23951,23953,23953,1,1
2024-07-16 15:19:38.885,23951,23953,23951,1,-1
2024-07-16 15:19:38.911,23951,23953,23953,1,1
2024-07-16 15:19:39.094,23951,23953,23953,1,1
2024-07-16 15:19:39.452,23951,23953,23953,2,2
2024-07-16 15:19:42.420,23951,23952,23952,1,1
2024-07-16 15:19:43.372,23952,23954,23954,1,1
2024-07-16 15:19:46.109,23953,23956,23955,1,1
2024-07-16 15:19:49.630,23955,23957,23957,2,2
2024-07-16 15:19:49.631,23955,23957,23957,1,1
2024-07-16 15:19:49.631,23955,23957,23957,1,1
2024-07-16 15:19:51.164,23957,23958,23957,1,-1
2024-07-16 15:19:51.249,23957,23958,23958,1,1
2024-07-16 15:19:51.400,23957,23958,23957,1,-1
2024-07-16 15:19:51.400,23957,23958,23957,3,-3
2024-07-16 15:19:51.400,23957,23958,23957,1,-1
2024-07-16 15:19:51.400,23957,23958,23957,1,-1
2024-07-16 15:19:51.407,23957,23958,23957,1,-1
2024-07-16 15:19:51.413,23957,23958,23957,1,-1
2024-07-16 15:19:52.701,23955,23957,23957,1,1
2024-07-16 15:19:53.322,23955,23957,23957,1,1
2024-07-16 15:19:55.566,23955,23956,23956,1,1
2024-07-16 15:19:55.746,23955,23956,23956,1,1
2024-07-16 15:19:57.649,23955,23956,23956,1,1
2024-07-16 15:19:57.979,23956,23957,23957,1,1
2024-07-16 15:19:57.979,23956,23957,23957,1,1
2024-07-16 15:19:57.979,23956,23957,23957,1,1
2024-07-16 15:19:57.979,23956,23957,23957,1,1
2024-07-16 15:19:58.739,23957,23958,23957,1,-1
2024-07-16 15:20:01.283,23957,23958,23958,1,1
2024-07-16 15:20:02.609,23957,23958,23958,1,1
2024-07-16 15:20:02.660,23957,23958,23958,1,1
2024-07-16 15:20:02.702,23957,23958,23958,10,10
2024-07-16 15:20:02.703,23957,23958,23959,1,1
2024-07-16 15:20:02.703,23957,23958,23959,2,2
2024-07-16 15:20:02.703,23957,23958,23959,1,1
2024-07-16 15:20:02.703,23957,23958,23959,2,2
2024-07-16 15:20:02.703,23957,23958,23959,2,2
2024-07-16 15:20:02.703,23957,23958,23959,6,6
2024-07-16 15:20:02.851,23958,23960,23958,1,-1
2024-07-16 15:20:02.851,23958,23960,23958,2,-2
2024-07-16 15:20:03.116,23957,23959,23957,2,-2
2024-07-16 15:20:03.232,23956,23959,23956,1,-1
2024-07-16 15:20:03.502,23956,23959,23956,3,-3
2024-07-16 15:20:04.312,23955,23957,23957,3,3
2024-07-16 15:20:04.687,23955,23958,23958,1,1
2024-07-16 15:20:05.644,23956,23959,23959,1,1
2024-07-16 15:20:07.288,23956,23958,23958,1,1
2024-07-16 15:20:10.006,23957,23958,23957,1,-1
2024-07-16 15:20:10.006,23957,23958,23957,1,-1
2024-07-16 15:20:11.144,23955,23957,23957,2,2
2024-07-16 15:20:20.476,23957,23959,23957,2,-2
2024-07-16 15:20:20.479,23957,23959,23957,1,-1
2024-07-16 15:20:20.617,23956,23959,23956,1,-1
2024-07-16 15:20:21.837,23956,23959,23957,3,-3
2024-07-16 15:20:22.759,23956,23959,23957,1,-1
2024-07-16 15:20:23.089,23956,23959,23956,1,-1
2024-07-16 15:20:23.091,23956,23959,23956,1,-1
2024-07-16 15:20:23.255,23956,23958,23956,1,-1
2024-07-16 15:20:23.820,23957,23958,23957,1,-1
2024-07-16 15:20:24.176,23955,23957,23957,1,1
2024-07-16 15:20:25.118,23955,23958,23955,1,-1
2024-07-16 15:20:26.813,23955,23958,23955,1,-1
2024-07-16 15:20:29.012,23956,23958,23956,1,-1
2024-07-16 15:20:29.520,23956,23958,23956,1,-1
2024-07-16 15:20:29.695,23956,23958,23956,1,-1
2024-07-16 15:20:31.062,23956,23957,23956,1,-1
2024-07-16 15:20:31.703,23955,23958,23958,1,1
2024-07-16 15:20:32.849,23955,23957,23955,1,-1
2024-07-16 15:20:36.398,23956,23957,23956,1,-1
2024-07-16 15:20:49.956,23956,23957,23956,2,-2
2024-07-16 15:20:49.957,23956,23957,23955,4,-4
2024-07-16 15:20:52.410,23954,23956,23956,1,1
2024-07-16 15:20:57.769,23955,23958,23958,4,4
2024-07-16 15:20:59.842,23956,23957,23957,1,1
2024-07-16 15:20:59.842,23956,23957,23958,2,2
2024-07-16 15:21:02.532,23956,23958,23958,1,1
2024-07-16 15:21:02.532,23956,23958,23958,1,1
2024-07-16 15:21:02.532,23956,23958,23958,1,1
2024-07-16 15:21:06.216,23957,23959,23958,2,2
2024-07-16 15:21:08.243,23957,23959,23959,1,1
2024-07-16 15:21:08.244,23957,23959,23957,3,-3
2024-07-16 15:21:11.698,23958,23959,23958,1,-1
2024-07-16 15:21:12.624,23958,23959,23958,1,-1
2024-07-16 15:21:13.899,23957,23960,23957,1,-1
2024-07-16 15:21:16.903,23959,23960,23960,1,1
2024-07-16 15:21:17.819,23959,23960,23960,31,31
2024-07-16 15:21:17.819,23959,23960,23960,1,1
2024-07-16 15:21:17.819,23959,23960,23960,1,1
2024-07-16 15:21:17.819,23959,23960,23960,2,2
2024-07-16 15:21:17.819,23959,23960,23960,1,1
2024-07-16 15:21:17.820,23959,23960,23961,1,1
2024-07-16 15:21:17.820,23959,23960,23961,1,1
2024-07-16 15:21:17.820,23959,23960,23961,2,2
2024-07-16 15:21:17.860,23961,23962,23962,2,2
2024-07-16 15:21:17.923,23961,23962,23960,4,-4
2024-07-16 15:21:17.947,23961,23962,23959,2,-2
2024-07-16 15:21:20.955,23959,23960,23959,1,-1
2024-07-16 15:21:20.958,23959,23960,23958,1,-1
2024-07-16 15:21:21.723,23958,23960,23958,1,-1
2024-07-16 15:21:30.019,23959,23960,23959,1,-1
2024-07-16 15:21:31.908,23959,23960,23959,1,-1
2024-07-16 15:21:33.595,23958,23959,23958,1,-1
2024-07-16 15:21:35.372,23958,23959,23958,1,-1
2024-07-16 15:21:35.458,23958,23959,23958,2,-2
2024-07-16 15:21:37.301,23958,23959,23958,1,-1
2024-07-16 15:21:38.448,23958,23959,23958,1,-1
2024-07-16 15:21:39.338,23958,23959,23958,1,-1
2024-07-16 15:21:39.554,23957,23959,23957,1,-1
2024-07-16 15:21:39.647,23956,23959,23958,1,1
2024-07-16 15:21:42.779,23957,23959,23959,1,1
2024-07-16 15:21:48.124,23956,23959,23959,1,1
2024-07-16 15:21:55.869,23957,23960,23960,1,1
2024-07-16 15:21:57.042,23957,23960,23960,1,1
2024-07-16 15:21:59.905,23958,23960,23958,1,-1
2024-07-16 15:22:02.516,23956,23959,23959,1,1
2024-07-16 15:22:03.242,23956,23957,23956,1,-1
2024-07-16 15:22:03.243,23956,23957,23956,1,-1
2024-07-16 15:22:03.321,23956,23957,23956,1,-1
2024-07-16 15:22:03.888,23955,23956,23956,3,3
2024-07-16 15:22:03.889,23955,23956,23956,1,1
2024-07-16 15:22:03.890,23955,23956,23956,1,1
2024-07-16 15:22:10.512,23955,23957,23955,2,-2
2024-07-16 15:22:11.149,23955,23956,23955,2,-2
2024-07-16 15:22:11.149,23955,23956,23954,3,-3
2024-07-16 15:22:12.906,23953,23955,23955,1,1
2024-07-16 15:22:15.684,23953,23955,23953,1,-1
2024-07-16 15:22:15.684,23953,23955,23953,1,-1
2024-07-16 15:22:15.693,23953,23955,23952,1,-1
2024-07-16 15:22:15.694,23953,23955,23952,1,-1
2024-07-16 15:22:15.694,23953,23955,23952,2,-2
2024-07-16 15:22:23.695,23952,23953,23953,3,3
2024-07-16 15:22:23.695,23952,23953,23954,1,1
2024-07-16 15:22:42.177,23952,23954,23952,1,-1
2024-07-16 15:22:44.158,23953,23954,23954,1,1
2024-07-16 15:22:48.540,23952,23955,23952,1,-1
2024-07-16 15:22:53.743,23952,23953,23953,1,1
2024-07-16 15:22:55.435,23953,23955,23955,2,2
2024-07-16 15:22:56.097,23955,23957,23955,1,-1
2024-07-16 15:22:56.206,23955,23957,23955,1,-1
2024-07-16 15:22:56.206,23955,23957,23955,1,-1
2024-07-16 15:22:56.404,23954,23957,23955,1,-1
2024-07-16 15:23:08.591,23951,23954,23951,1,-1
2024-07-16 15:23:10.380,23952,23954,23952,1,-1
2024-07-16 15:23:15.592,23953,23954,23954,1,1
2024-07-16 15:23:17.203,23954,23955,23954,1,-1
2024-07-16 15:23:19.585,23953,23955,23953,1,-1
2024-07-16 15:23:27.642,23954,23955,23955,4,4
2024-07-16 15:23:27.642,23954,23955,23955,1,1
2024-07-16 15:23:30.548,23956,23957,23956,1,-1
2024-07-16 15:23:34.711,23953,23956,23953,1,-1
2024-07-16 15:23:47.269,23953,23955,23953,1,-1
2024-07-16 15:23:50.018,23953,23955,23953,1,-1
2024-07-16 15:23:53.660,23952,23953,23953,1,1
2024-07-16 15:23:55.086,23952,23953,23953,1,1
2024-07-16 15:23:55.352,23952,23954,23954,1,1
2024-07-16 15:24:00.735,23952,23955,23955,1,1
2024-07-16 15:24:16.221,23953,23955,23953,1,-1
2024-07-16 15:24:17.729,23953,23955,23955,1,1
2024-07-16 15:24:22.028,23953,23955,23955,5,5
2024-07-16 15:24:22.029,23953,23955,23956,1,1
2024-07-16 15:24:23.946,23955,23957,23957,1,1
2024-07-16 15:24:28.167,23957,23958,23958,1,1
2024-07-16 15:24:28.168,23957,23958,23958,1,1
2024-07-16 15:24:30.335,23958,23959,23959,1,1
2024-07-16 15:24:30.394,23958,23960,23960,2,2
2024-07-16 15:24:32.183,23960,23961,23961,3,3
2024-07-16 15:24:32.301,23960,23962,23962,4,4
2024-07-16 15:24:32.302,23960,23962,23962,1,1
2024-07-16 15:24:32.302,23960,23962,23962,2,2
2024-07-16 15:24:32.302,23960,23962,23962,2,2
2024-07-16 15:24:32.302,23960,23962,23962,1,1
2024-07-16 15:24:32.302,23960,23962,23962,1,1
2024-07-16 15:24:32.302,23960,23962,23962,2,2
2024-07-16 15:24:32.402,23962,23963,23963,1,1
2024-07-16 15:24:34.754,23962,23963,23963,6,6
2024-07-16 15:24:34.755,23962,23963,23964,1,1
2024-07-16 15:24:34.756,23962,23963,23964,1,1
2024-07-16 15:24:34.756,23962,23963,23964,9,9
2024-07-16 15:24:34.757,23962,23963,23965,1,1
2024-07-16 15:24:34.757,23962,23963,23965,7,7
2024-07-16 15:24:34.759,23962,23963,23965,1,1
2024-07-16 15:24:34.799,23962,23963,23965,1,1
2024-07-16 15:24:34.799,23962,23963,23965,1,1
2024-07-16 15:24:34.984,23963,23965,23963,2,-2
2024-07-16 15:24:34.986,23963,23965,23962,2,-2
2024-07-16 15:24:34.991,23963,23965,23961,1,-1
2024-07-16 15:24:35.822,23960,23962,23962,1,1
2024-07-16 15:24:35.823,23960,23962,23961,2,2
2024-07-16 15:24:39.127,23964,23965,23965,2,2
2024-07-16 15:24:39.968,23964,23966,23967,5,5
2024-07-16 15:24:39.968,23964,23966,23966,5,5
2024-07-16 15:24:40.042,23965,23967,23967,2,2
2024-07-16 15:24:40.358,23965,23967,23965,2,-2
2024-07-16 15:24:42.092,23962,23965,23964,2,2
2024-07-16 15:24:42.096,23964,23967,23963,1,-1
2024-07-16 15:24:43.033,23962,23965,23965,1,1
2024-07-16 15:24:43.831,23962,23965,23962,2,-2
2024-07-16 15:24:43.835,23962,23965,23961,2,-2
2024-07-16 15:24:44.117,23961,23962,23962,1,1
2024-07-16 15:24:44.288,23961,23964,23964,2,2
2024-07-16 15:24:44.813,23963,23965,23965,2,2
2024-07-16 15:24:50.984,23964,23965,23965,2,2
2024-07-16 15:24:51.626,23964,23967,23964,4,-4
2024-07-16 15:24:51.626,23964,23967,23964,1,-1
2024-07-16 15:24:51.627,23964,23967,23964,5,-5
2024-07-16 15:24:53.117,23965,23966,23965,2,-2
2024-07-16 15:25:02.385,23965,23966,23966,1,1
2024-07-16 15:25:02.385,23965,23966,23966,1,1
2024-07-16 15:25:02.385,23965,23966,23966,1,1
2024-07-16 15:25:07.684,23965,23967,23965,2,-2
2024-07-16 15:25:09.369,23964,23966,23966,2,2
2024-07-16 15:25:10.171,23964,23966,23966,1,1
2024-07-16 15:25:12.967,23965,23968,23965,2,-2
2024-07-16 15:25:13.634,23965,23966,23965,1,-1
2024-07-16 15:25:15.065,23965,23966,23966,1,1
2024-07-16 15:25:16.911,23965,23966,23966,1,1
2024-07-16 15:25:17.472,23965,23966,23965,1,-1
2024-07-16 15:25:17.473,23965,23966,23965,2,-2
2024-07-16 15:25:17.473,23965,23966,23965,1,-1
2024-07-16 15:25:17.473,23965,23966,23965,5,-5
2024-07-16 15:25:18.965,23964,23965,23964,5,-5
2024-07-16 15:25:19.271,23963,23966,23966,1,1
2024-07-16 15:25:26.686,23964,23965,23965,1,1
2024-07-16 15:25:35.147,23965,23966,23965,1,-1
2024-07-16 15:25:35.218,23965,23966,23966,1,1
2024-07-16 15:25:56.928,23965,23966,23965,2,-2
2024-07-16 15:25:56.928,23965,23966,23965,1,-1
2024-07-16 15:25:56.928,23965,23966,23965,2,-2
2024-07-16 15:25:56.928,23965,23966,23965,1,-1
2024-07-16 15:25:58.563,23964,23966,23966,1,1
2024-07-16 15:26:01.305,23964,23966,23966,1,1
2024-07-16 15:26:06.601,23964,23965,23965,1,1
2024-07-16 15:26:08.501,23964,23965,23964,3,-3
2024-07-16 15:26:08.602,23963,23964,23963,1,-1
2024-07-16 15:26:08.794,23963,23964,23964,1,1
2024-07-16 15:26:13.856,23964,23966,23964,1,-1
2024-07-16 15:26:15.338,23963,23964,23964,1,1
2024-07-16 15:26:15.524,23963,23964,23964,1,1
2024-07-16 15:26:18.425,23964,23965,23964,1,-1
2024-07-16 15:26:20.539,23963,23964,23963,2,-2
2024-07-16 15:26:31.871,23964,23965,23965,2,2
2024-07-16 15:26:36.208,23964,23966,23965,1,1
2024-07-16 15:26:52.602,23965,23966,23966,1,1
2024-07-16 15:26:52.764,23965,23966,23965,2,-2
2024-07-16 15:26:52.841,23965,23966,23964,1,-1
2024-07-16 15:27:04.302,23964,23965,23965,1,1
2024-07-16 15:27:04.782,23964,23966,23966,2,2
2024-07-16 15:27:13.354,23964,23966,23964,1,-1
2024-07-16 15:27:14.988,23964,23965,23964,1,-1
2024-07-16 15:27:19.428,23962,23963,23962,1,-1
2024-07-16 15:27:19.953,23961,23962,23962,1,1
2024-07-16 15:27:22.834,23962,23963,23963,1,1
2024-07-16 15:27:27.422,23962,23964,23962,1,-1
2024-07-16 15:27:32.885,23962,23964,23964,1,1
2024-07-16 15:27:47.693,23962,23963,23962,1,-1
2024-07-16 15:27:55.091,23962,23963,23963,1,1
2024-07-16 15:27:55.091,23962,23963,23963,1,1
2024-07-16 15:27:55.327,23963,23964,23963,1,-1
2024-07-16 15:27:57.147,23962,23963,23962,1,-1
2024-07-16 15:28:00.182,23962,23963,23963,1,1
2024-07-16 15:28:02.309,23962,23964,23962,2,-2
2024-07-16 15:28:09.554,23962,23964,23962,1,-1
2024-07-16 15:28:18.748,23962,23964,23963,1,-1
2024-07-16 15:28:24.908,23962,23963,23963,1,1
2024-07-16 15:28:24.909,23962,23963,23963,1,1
2024-07-16 15:28:34.234,23962,23963,23963,1,1
2024-07-16 15:28:34.234,23962,23963,23964,4,4
2024-07-16 15:28:40.539,23964,23965,23964,2,-2
2024-07-16 15:28:44.435,23963,23964,23964,2,2
2024-07-16 15:28:44.439,23963,23964,23965,1,1
2024-07-16 15:28:44.454,23963,23964,23966,2,2
2024-07-16 15:28:47.590,23965,23967,23965,1,-1
2024-07-16 15:28:48.243,23965,23967,23967,2,2
2024-07-16 15:28:48.243,23965,23967,23967,1,1
2024-07-16 15:28:48.244,23965,23967,23968,16,16
2024-07-16 15:28:48.438,23968,23969,23969,3,3
2024-07-16 15:28:48.438,23968,23969,23970,8,8
2024-07-16 15:28:48.438,23968,23969,23971,4,4
2024-07-16 15:28:48.453,23968,23969,23970,2,2
2024-07-16 15:28:48.484,23969,23970,23970,1,1
2024-07-16 15:28:48.486,23969,23970,23969,2,-2
2024-07-16 15:28:48.495,23969,23970,23970,1,1
2024-07-16 15:28:48.519,23969,23970,23968,2,-2
2024-07-16 15:28:49.015,23968,23970,23968,1,-1
2024-07-16 15:28:49.060,23968,23970,23966,4,-4
2024-07-16 15:28:49.064,23968,23970,23965,1,-1
2024-07-16 15:28:49.064,23968,23970,23965,1,-1
2024-07-16 15:28:52.267,23966,23968,23968,1,1
2024-07-16 15:28:57.201,23966,23968,23968,2,2
2024-07-16 15:29:00.010,23966,23968,23968,1,1
2024-07-16 15:29:02.908,23965,23968,23968,1,1
2024-07-16 15:29:03.535,23966,23968,23968,1,1
2024-07-16 15:29:03.608,23966,23968,23966,1,-1
2024-07-16 15:29:04.333,23965,23968,23968,3,3
2024-07-16 15:29:07.132,23966,23968,23968,1,1
2024-07-16 15:29:07.539,23966,23969,23966,3,-3
2024-07-16 15:29:07.539,23966,23969,23966,2,-2
2024-07-16 15:29:08.032,23966,23968,23968,1,1
2024-07-16 15:29:09.453,23966,23969,23970,6,6
2024-07-16 15:29:09.453,23966,23969,23969,4,4
2024-07-16 15:29:09.454,23966,23969,23968,4,4
2024-07-16 15:29:09.583,23968,23970,23968,1,-1
2024-07-16 15:29:09.848,23967,23970,23967,1,-1
2024-07-16 15:29:09.973,23966,23969,23966,2,-2
2024-07-16 15:29:10.696,23966,23968,23966,3,-3
2024-07-16 15:29:10.701,23966,23968,23965,2,-2
2024-07-16 15:29:11.892,23965,23968,23968,3,3
2024-07-16 15:29:17.335,23966,23968,23968,1,1
2024-07-16 15:29:17.359,23966,23968,23968,1,1
2024-07-16 15:29:20.443,23968,23970,23968,1,-1
2024-07-16 15:29:24.210,23967,23970,23967,1,-1
2024-07-16 15:29:24.931,23967,23969,23969,1,1
2024-07-16 15:29:24.931,23967,23969,23970,1,1
2024-07-16 15:29:30.536,23968,23971,23971,1,1
2024-07-16 15:29:31.217,23970,23971,23970,1,-1
2024-07-16 15:29:31.740,23970,23971,23970,1,-1
2024-07-16 15:29:36.337,23969,23971,23971,2,2
2024-07-16 15:29:40.562,23968,23970,23970,1,1
2024-07-16 15:29:43.816,23969,23971,23970,1,1
2024-07-16 15:29:44.720,23968,23970,23970,1,1
2024-07-16 15:29:45.188,23968,23970,23968,1,-1
2024-07-16 15:29:48.435,23969,23971,23970,2,-2
2024-07-16 15:29:50.002,23969,23970,23970,1,1
2024-07-16 15:29:50.862,23969,23970,23969,1,-1
2024-07-16 15:29:52.434,23968,23970,23968,1,-1
2024-07-16 15:29:52.434,23968,23970,23968,1,-1
2024-07-16 15:30:03.467,23967,23969,23969,1,1
2024-07-16 15:30:03.483,23967,23969,23969,1,1
2024-07-16 15:30:03.578,23967,23969,23969,1,1
2024-07-16 15:30:04.852,23967,23969,23967,1,-1
2024-07-16 15:30:04.979,23967,23969,23969,2,2
2024-07-16 15:30:04.979,23967,23969,23970,1,1
2024-07-16 15:30:06.750,23967,23968,23968,1,1
2024-07-16 15:30:07.814,23967,23968,23968,1,1
2024-07-16 15:30:14.039,23967,23969,23967,1,-1
2024-07-16 15:30:15.995,23967,23968,23967,1,-1
2024-07-16 15:30:16.205,23967,23968,23968,1,1
2024-07-16 15:30:21.334,23967,23969,23967,1,-1
2024-07-16 15:30:22.226,23967,23969,23969,1,1
2024-07-16 15:30:22.353,23967,23969,23969,1,1
2024-07-16 15:30:22.805,23967,23969,23967,1,-1
2024-07-16 15:30:25.954,23968,23970,23968,1,-1
2024-07-16 15:30:28.237,23966,23968,23966,1,-1
2024-07-16 15:30:28.238,23966,23968,23966,1,-1
2024-07-16 15:30:31.076,23965,23967,23965,1,-1
2024-07-16 15:30:31.101,23964,23966,23966,1,1
2024-07-16 15:30:31.102,23964,23966,23966,1,1
2024-07-16 15:30:32.297,23964,23967,23966,1,1
2024-07-16 15:30:38.624,23963,23965,23965,1,1
2024-07-16 15:30:45.873,23963,23965,23965,14,14
2024-07-16 15:30:45.874,23963,23965,23966,1,1
2024-07-16 15:30:45.877,23963,23965,23966,1,1
2024-07-16 15:30:45.879,23963,23965,23966,2,2
2024-07-16 15:30:45.879,23963,23965,23967,4,4
2024-07-16 15:30:45.879,23963,23965,23968,2,2
2024-07-16 15:30:45.977,23965,23968,23968,1,1
2024-07-16 15:30:45.977,23965,23968,23968,1,1
2024-07-16 15:30:56.075,23965,23966,23966,1,1
2024-07-16 15:30:56.102,23965,23968,23968,1,1
2024-07-16 15:30:59.635,23965,23966,23965,1,-1
2024-07-16 15:31:00.122,23965,23966,23965,1,-1
2024-07-16 15:31:01.617,23963,23965,23965,2,2
2024-07-16 15:31:11.603,23965,23968,23965,1,-1
2024-07-16 15:31:16.782,23964,23966,23964,1,-1
2024-07-16 15:31:16.843,23964,23966,23964,1,-1
2024-07-16 15:31:17.522,23964,23966,23966,2,2
2024-07-16 15:31:18.778,23965,23967,23965,1,-1
2024-07-16 15:31:18.852,23965,23967,23967,1,1
2024-07-16 15:31:28.419,23964,23966,23966,1,1
2024-07-16 15:31:33.451,23965,23967,23967,1,1
2024-07-16 15:31:33.477,23965,23968,23968,1,1
2024-07-16 15:31:33.477,23965,23968,23968,1,1
2024-07-16 15:31:33.892,23966,23968,23968,1,1
2024-07-16 15:31:34.606,23967,23970,23967,1,-1
2024-07-16 15:31:49.965,23968,23970,23968,1,-1
2024-07-16 15:31:56.515,23967,23969,23967,2,-2
2024-07-16 15:32:19.871,23966,23968,23967,1,-1
2024-07-16 15:32:22.746,23967,23969,23967,2,-2
2024-07-16 15:32:22.746,23967,23969,23967,2,-2
2024-07-16 15:32:22.746,23967,23969,23967,2,-2
2024-07-16 15:32:24.971,23966,23967,23966,1,-1
2024-07-16 15:32:24.971,23966,23967,23966,5,-5
2024-07-16 15:32:24.971,23966,23967,23966,1,-1
2024-07-16 15:32:26.778,23965,23967,23965,1,-1
2024-07-16 15:32:27.062,23965,23967,23965,1,-1
2024-07-16 15:32:28.725,23965,23966,23966,1,1
2024-07-16 15:32:30.161,23965,23966,23965,1,-1
2024-07-16 15:32:30.162,23965,23966,23965,1,-1
2024-07-16 15:32:30.162,23965,23966,23965,3,-3
2024-07-16 15:32:34.719,23964,23966,23964,1,-1
2024-07-16 15:32:34.752,23964,23965,23964,2,-2
2024-07-16 15:32:35.877,23962,23964,23964,1,1
2024-07-16 15:32:44.935,23962,23963,23962,2,-2
2024-07-16 15:32:47.088,23961,23962,23961,1,-1
2024-07-16 15:32:56.159,23962,23964,23962,1,-1
2024-07-16 15:33:07.522,23962,23965,23962,3,-3
2024-07-16 15:33:10.272,23961,23962,23962,2,2
2024-07-16 15:33:10.350,23962,23964,23962,1,-1
2024-07-16 15:33:10.351,23962,23964,23962,1,-1
2024-07-16 15:33:11.252,23962,23964,23962,1,-1
2024-07-16 15:33:18.056,23961,23962,23961,5,-5
2024-07-16 15:33:18.952,23960,23962,23962,1,1
2024-07-16 15:33:25.763,23961,23963,23961,1,-1
2024-07-16 15:33:25.852,23960,23961,23960,1,-1
2024-07-16 15:33:28.274,23960,23961,23961,1,1
2024-07-16 15:33:34.260,23960,23961,23961,2,2
2024-07-16 15:33:39.759,23961,23962,23962,1,1
2024-07-16 15:33:55.466,23961,23963,23961,1,-1
2024-07-16 15:33:55.476,23961,23963,23961,1,-1
2024-07-16 15:33:57.753,23962,23963,23962,1,-1
2024-07-16 15:33:59.406,23960,23962,23962,3,3
2024-07-16 15:34:05.201,23961,23962,23961,1,-1
2024-07-16 15:34:08.649,23960,23962,23960,1,-1
2024-07-16 15:34:10.737,23960,23962,23960,5,-5
2024-07-16 15:34:10.737,23960,23962,23960,8,-8
2024-07-16 15:34:10.749,23960,23962,23959,1,-1
2024-07-16 15:34:10.878,23958,23960,23959,1,-1
2024-07-16 15:34:11.039,23958,23960,23958,1,-1
2024-07-16 15:34:11.137,23958,23960,23958,1,-1
2024-07-16 15:34:18.049,23960,23961,23960,1,-1
2024-07-16 15:34:23.950,23958,23960,23958,2,-2
2024-07-16 15:34:31.767,23958,23959,23958,4,-4
2024-07-16 15:34:33.862,23957,23959,23959,2,2
2024-07-16 15:34:34.058,23959,23960,23960,4,4
2024-07-16 15:34:34.533,23960,23962,23960,1,-1
2024-07-16 15:34:35.305,23960,23962,23960,2,-2
2024-07-16 15:34:35.305,23960,23962,23959,3,-3
2024-07-16 15:34:40.612,23960,23961,23959,1,-1
2024-07-16 15:34:40.719,23960,23961,23959,1,-1
2024-07-16 15:34:45.615,23959,23961,23959,1,-1
2024-07-16 15:34:50.100,23959,23961,23961,1,1
2024-07-16 15:34:54.473,23959,23961,23959,3,-3
2024-07-16 15:34:56.275,23959,23961,23961,1,1
2024-07-16 15:34:56.276,23959,23961,23961,2,2
2024-07-16 15:34:57.444,23960,23962,23960,1,-1
2024-07-16 15:35:14.404,23959,23960,23959,2,-2
2024-07-16 15:35:14.828,23959,23960,23959,1,-1
2024-07-16 15:35:14.885,23958,23960,23958,1,-1
2024-07-16 15:35:15.995,23957,23959,23959,1,1
2024-07-16 15:35:21.673,23958,23960,23958,2,-2
2024-07-16 15:35:28.834,23958,23960,23960,3,3
2024-07-16 15:35:55.442,23958,23959,23958,1,-1
2024-07-16 15:35:58.643,23957,23958,23957,1,-1
2024-07-16 15:35:58.644,23957,23958,23957,3,-3
2024-07-16 15:36:00.995,23956,23957,23956,1,-1
2024-07-16 15:36:01.104,23956,23957,23956,1,-1
2024-07-16 15:36:01.105,23956,23957,23956,1,-1
2024-07-16 15:36:01.226,23955,23957,23955,1,-1
2024-07-16 15:36:01.226,23955,23957,23955,1,-1
2024-07-16 15:36:01.226,23955,23957,23955,1,-1
2024-07-16 15:36:01.227,23955,23957,23955,1,-1
2024-07-16 15:36:01.412,23955,23957,23955,4,-4
2024-07-16 15:36:01.927,23955,23956,23956,1,1
2024-07-16 15:36:17.472,23955,23957,23955,1,-1
2024-07-16 15:36:21.623,23955,23956,23956,1,1
2024-07-16 15:36:21.727,23955,23958,23955,1,-1
2024-07-16 15:36:27.494,23954,23955,23954,4,-4
2024-07-16 15:36:27.494,23954,23955,23953,1,-1
2024-07-16 15:36:31.441,23953,23955,23953,5,-5
2024-07-16 15:36:31.441,23953,23955,23952,5,-5
2024-07-16 15:36:31.477,23952,23954,23952,1,-1
2024-07-16 15:36:33.135,23952,23954,23952,2,-2
2024-07-16 15:36:36.477,23952,23955,23952,2,-2
2024-07-16 15:36:40.679,23953,23954,23954,1,1
2024-07-16 15:36:40.727,23953,23955,23953,1,-1
2024-07-16 15:36:40.727,23953,23955,23953,1,-1
2024-07-16 15:36:40.727,23953,23955,23953,1,-1
2024-07-16 15:36:40.727,23953,23955,23953,1,-1
2024-07-16 15:36:40.728,23953,23955,23952,1,-1
2024-07-16 15:36:44.171,23953,23954,23953,1,-1
2024-07-16 15:36:46.921,23952,23954,23954,1,1
2024-07-16 15:36:46.922,23952,23954,23955,1,1
2024-07-16 15:37:01.877,23953,23954,23954,2,2
2024-07-16 15:37:03.799,23953,23955,23953,5,-5
2024-07-16 15:37:07.094,23953,23954,23954,1,1
2024-07-16 15:37:08.406,23954,23955,23955,1,1
2024-07-16 15:37:08.406,23954,23955,23955,1,1
2024-07-16 15:37:09.061,23955,23957,23955,2,-2
2024-07-16 15:37:10.332,23955,23957,23957,1,1
2024-07-16 15:37:14.272,23957,23958,23958,2,2
2024-07-16 15:37:14.273,23957,23958,23958,1,1
2024-07-16 15:37:14.846,23958,23959,23959,1,1
2024-07-16 15:37:14.846,23958,23959,23959,20,20
2024-07-16 15:37:14.846,23959,23960,23959,1,-1
2024-07-16 15:37:14.846,23959,23960,23959,3,-3
2024-07-16 15:37:14.847,23959,23960,23960,1,1
2024-07-16 15:37:14.847,23959,23960,23960,8,8
2024-07-16 15:37:14.847,23959,23960,23960,7,7
2024-07-16 15:37:14.848,23959,23960,23960,10,10
2024-07-16 15:37:14.849,23959,23960,23961,1,1
2024-07-16 15:37:14.853,23959,23960,23962,3,3
2024-07-16 15:37:15.305,23961,23962,23962,1,1
2024-07-16 15:37:18.328,23961,23962,23961,1,-1
2024-07-16 15:37:23.154,23960,23962,23960,1,-1
2024-07-16 15:37:29.910,23960,23962,23962,7,7
2024-07-16 15:37:30.207,23962,23964,23964,1,1
2024-07-16 15:37:30.207,23962,23964,23964,1,1
2024-07-16 15:37:30.596,23964,23966,23966,4,4
2024-07-16 15:37:30.867,23965,23967,23965,1,-1
2024-07-16 15:37:36.202,23966,23967,23967,1,1
2024-07-16 15:37:38.408,23967,23968,23967,1,-1
2024-07-16 15:37:39.388,23967,23968,23967,1,-1
2024-07-16 15:37:39.474,23966,23967,23967,1,1
2024-07-16 15:37:41.742,23967,23968,23968,1,1
2024-07-16 15:37:44.896,23967,23969,23967,7,-7
2024-07-16 15:37:44.896,23967,23969,23966,4,-4
2024-07-16 15:37:44.896,23967,23969,23965,6,-6
2024-07-16 15:37:44.897,23967,23969,23965,1,-1
2024-07-16 15:37:44.898,23967,23969,23965,1,-1
2024-07-16 15:37:44.898,23967,23969,23965,31,-31
2024-07-16 15:37:44.899,23967,23969,23965,1,-1
2024-07-16 15:37:44.899,23967,23969,23965,1,-1
2024-07-16 15:37:45.814,23962,23965,23965,1,1
2024-07-16 15:37:45.936,23963,23965,23965,1,1
2024-07-16 15:37:50.065,23965,23967,23967,3,3
2024-07-16 15:37:50.065,23965,23967,23968,2,2
2024-07-16 15:37:51.476,23965,23968,23968,1,1
2024-07-16 15:37:58.523,23965,23966,23965,1,-1
2024-07-16 15:38:03.320,23964,23965,23965,1,1
2024-07-16 15:38:26.258,23966,23967,23966,1,-1
2024-07-16 15:38:28.116,23965,23966,23965,1,-1
2024-07-16 15:38:28.117,23965,23966,23965,1,-1
2024-07-16 15:38:36.253,23964,23965,23964,1,-1
2024-07-16 15:38:36.253,23964,23965,23964,3,-3
2024-07-16 15:38:36.253,23964,23965,23964,1,-1
2024-07-16 15:38:36.254,23964,23965,23964,11,-11
2024-07-16 15:38:36.874,23962,23963,23962,1,-1
2024-07-16 15:38:51.545,23962,23964,23964,1,1
2024-07-16 15:38:53.359,23962,23965,23962,2,-2
2024-07-16 15:39:03.345,23962,23965,23963,1,-1
2024-07-16 15:39:03.345,23962,23965,23963,1,-1
2024-07-16 15:39:03.345,23962,23965,23963,1,-1
2024-07-16 15:39:04.660,23962,23965,23965,1,1
2024-07-16 15:39:10.881,23962,23965,23962,3,-3
2024-07-16 15:39:10.881,23962,23965,23961,12,-12
2024-07-16 15:39:13.232,23960,23962,23962,3,3
2024-07-16 15:39:13.422,23962,23964,23962,1,-1
2024-07-16 15:39:17.298,23962,23964,23962,12,-12
2024-07-16 15:39:26.255,23961,23962,23961,1,-1
2024-07-16 15:39:30.879,23961,23962,23961,1,-1
2024-07-16 15:39:33.941,23960,23963,23960,1,-1
2024-07-16 15:39:39.902,23960,23962,23960,1,-1
2024-07-16 15:39:39.995,23960,23962,23960,1,-1
2024-07-16 15:39:39.995,23960,23962,23960,1,-1
2024-07-16 15:39:39.995,23960,23962,23960,1,-1
2024-07-16 15:39:39.995,23960,23962,23960,1,-1
2024-07-16 15:39:39.995,23960,23962,23960,1,-1
2024-07-16 15:39:40.033,23960,23962,23959,1,-1
2024-07-16 15:39:40.034,23960,23962,23959,1,-1
2024-07-16 15:40:00.040,23959,23961,23959,1,-1
2024-07-16 15:40:01.393,23959,23961,23961,1,1
2024-07-16 15:40:06.419,23959,23960,23959,1,-1
2024-07-16 15:40:06.419,23959,23960,23959,1,-1
2024-07-16 15:40:10.258,23958,23960,23959,1,-1
2024-07-16 15:40:10.265,23958,23960,23958,1,-1
2024-07-16 15:40:19.320,23957,23959,23957,1,-1
2024-07-16 15:40:19.342,23957,23959,23957,1,-1
2024-07-16 15:40:22.630,23958,23960,23958,1,-1
2024-07-16 15:40:31.136,23958,23960,23958,1,-1
2024-07-16 15:40:43.152,23959,23961,23961,1,1
2024-07-16 15:40:47.533,23958,23961,23959,1,-1
2024-07-16 15:40:47.813,23958,23959,23959,1,1
2024-07-16 15:40:47.977,23958,23959,23959,1,1
2024-07-16 15:41:17.319,23959,23961,23961,3,3
2024-07-16 15:41:17.319,23959,23961,23961,1,1
2024-07-16 15:41:17.319,23959,23961,23961,1,1
2024-07-16 15:41:17.320,23959,23961,23961,1,1
2024-07-16 15:41:17.320,23959,23961,23961,1,1
2024-07-16 15:41:17.320,23959,23961,23961,1,1
2024-07-16 15:41:24.886,23959,23961,23961,1,1
2024-07-16 15:41:51.344,23958,23959,23958,1,-1
2024-07-16 15:41:58.303,23958,23960,23958,1,-1
2024-07-16 15:42:05.723,23957,23958,23957,1,-1
2024-07-16 15:42:05.723,23957,23958,23957,2,-2
2024-07-16 15:42:14.884,23956,23958,23958,1,1
2024-07-16 15:42:34.344,23957,23960,23960,2,2
2024-07-16 15:42:43.577,23960,23961,23960,1,-1
2024-07-16 15:42:44.180,23960,23961,23961,3,3
2024-07-16 15:42:44.181,23960,23961,23961,1,1
2024-07-16 15:42:44.181,23960,23961,23961,1,1
2024-07-16 15:42:51.049,23960,23961,23961,2,2
2024-07-16 15:42:51.049,23960,23961,23961,1,1
2024-07-16 15:42:51.417,23960,23963,23962,1,1
2024-07-16 15:42:55.658,23961,23963,23961,1,-1
2024-07-16 15:42:56.025,23960,23963,23961,1,-1
2024-07-16 15:43:02.281,23961,23962,23961,1,-1
2024-07-16 15:43:02.348,23960,23962,23961,2,-2
2024-07-16 15:43:47.319,23961,23962,23962,2,2
2024-07-16 15:43:48.472,23962,23963,23963,2,2
2024-07-16 15:43:59.387,23963,23965,23965,1,1
2024-07-16 15:43:59.429,23963,23965,23965,1,1
2024-07-16 15:43:59.430,23963,23965,23965,1,1
2024-07-16 15:44:03.016,23966,23968,23968,1,1
2024-07-16 15:44:05.104,23966,23968,23968,9,9
2024-07-16 15:44:05.104,23966,23968,23969,1,1
2024-07-16 15:44:06.871,23968,23969,23969,1,1
2024-07-16 15:44:08.596,23969,23970,23970,1,1
2024-07-16 15:44:08.637,23969,23970,23970,1,1
2024-07-16 15:44:09.795,23969,23970,23970,1,1
2024-07-16 15:44:09.795,23969,23970,23970,1,1
2024-07-16 15:44:09.795,23969,23970,23970,1,1
2024-07-16 15:44:09.795,23969,23970,23970,2,2
2024-07-16 15:44:15.178,23970,23971,23970,1,-1
2024-07-16 15:44:15.178,23970,23971,23970,1,-1
2024-07-16 15:44:20.930,23968,23970,23968,1,-1
2024-07-16 15:44:21.943,23965,23966,23965,1,-1
2024-07-16 15:44:21.949,23965,23966,23965,3,-3
2024-07-16 15:44:21.949,23965,23966,23965,1,-1
2024-07-16 15:44:21.949,23965,23966,23965,1,-1
2024-07-16 15:44:21.963,23965,23966,23963,1,-1
2024-07-16 15:44:22.010,23962,23964,23964,1,1
2024-07-16 15:44:23.328,23961,23962,23961,1,-1
2024-07-16 15:44:23.328,23961,23962,23961,1,-1
2024-07-16 15:44:23.328,23961,23962,23961,1,-1
2024-07-16 15:44:23.328,23961,23962,23961,1,-1
2024-07-16 15:44:23.328,23961,23962,23961,5,-5
2024-07-16 15:44:23.329,23961,23962,23961,14,-14
2024-07-16 15:44:23.329,23961,23962,23960,3,-3
2024-07-16 15:44:23.330,23961,23962,23959,1,-1
2024-07-16 15:44:23.360,23959,23960,23960,1,1
2024-07-16 15:44:23.955,23959,23960,23959,1,-1
