2024-11-28 15:00:00.022,22338,22340,22333,41,-41
2024-11-28 15:00:00.024,22332,22333,22332,4,-4
2024-11-28 15:00:00.033,22332,22333,22330,1,-1
2024-11-28 15:00:00.135,22330,22333,22330,2,-2
2024-11-28 15:00:00.258,22328,22333,22333,1,1
2024-11-28 15:00:00.299,22328,22333,22333,2,2
2024-11-28 15:00:00.396,22328,22333,22328,2,-2
2024-11-28 15:00:00.438,22328,22333,22333,2,2
2024-11-28 15:00:00.455,22328,22333,22328,1,-1
2024-11-28 15:00:00.455,22328,22333,22326,1,-1
2024-11-28 15:00:00.482,22328,22333,22324,1,-1
2024-11-28 15:00:00.513,22328,22333,22322,1,-1
2024-11-28 15:00:00.513,22328,22333,22321,1,-1
2024-11-28 15:00:00.513,22328,22333,22320,1,-1
2024-11-28 15:00:00.553,22320,22326,22317,1,-1
2024-11-28 15:00:00.553,22320,22326,22320,2,-2
2024-11-28 15:00:00.553,22320,22326,22318,3,-3
2024-11-28 15:00:00.562,22320,22326,22314,1,-1
2024-11-28 15:00:00.589,22320,22326,22326,2,2
2024-11-28 15:00:00.593,22320,22326,22316,3,-3
2024-11-28 15:00:00.606,22320,22326,22326,1,1
2024-11-28 15:00:00.696,22317,22326,22326,1,1
2024-11-28 15:00:00.877,22319,22326,22319,1,-1
2024-11-28 15:00:00.885,22319,22326,22319,1,-1
2024-11-28 15:00:00.940,22318,22326,22318,1,-1
2024-11-28 15:00:00.960,22318,22326,22317,1,-1
2024-11-28 15:00:00.961,22318,22326,22317,1,-1
2024-11-28 15:00:00.962,22318,22326,22316,1,-1
2024-11-28 15:00:00.963,22318,22326,22326,1,1
2024-11-28 15:00:01.088,22316,22326,22314,1,-1
2024-11-28 15:00:01.088,22316,22326,22316,2,-2
2024-11-28 15:00:01.088,22316,22326,22315,3,-3
2024-11-28 15:00:01.125,22316,22326,22326,1,1
2024-11-28 15:00:01.129,22316,22326,22314,4,-4
2024-11-28 15:00:01.129,22316,22326,22313,4,-4
2024-11-28 15:00:01.129,22316,22326,22312,4,-4
2024-11-28 15:00:01.171,22316,22326,22312,2,-2
2024-11-28 15:00:01.171,22316,22326,22311,5,-5
2024-11-28 15:00:01.171,22316,22326,22310,2,-2
2024-11-28 15:00:01.284,22310,22325,22313,1,-1
2024-11-28 15:00:01.651,22313,22320,22317,1,1
2024-11-28 15:00:01.651,22313,22320,22318,1,1
2024-11-28 15:00:01.652,22313,22320,22319,1,1
2024-11-28 15:00:01.828,22319,22320,22320,1,1
2024-11-28 15:00:02.026,22319,22322,22320,1,-1
2024-11-28 15:00:02.065,22319,22321,22321,1,1
2024-11-28 15:00:02.150,22319,22321,22319,1,-1
2024-11-28 15:00:02.150,22319,22321,22318,1,-1
2024-11-28 15:00:02.771,22315,22320,22320,2,2
2024-11-28 15:00:02.808,22315,22320,22315,1,-1
2024-11-28 15:00:02.808,22315,22320,22314,1,-1
2024-11-28 15:00:02.808,22315,22320,22313,1,-1
2024-11-28 15:00:02.808,22315,22320,22312,2,-2
2024-11-28 15:00:02.808,22315,22320,22311,3,-3
2024-11-28 15:00:03.232,22312,22320,22312,1,-1
2024-11-28 15:00:03.232,22312,22320,22311,1,-1
2024-11-28 15:00:03.296,22312,22320,22320,2,2
2024-11-28 15:00:05.400,22313,22317,22313,1,-1
2024-11-28 15:00:05.400,22313,22317,22312,1,-1
2024-11-28 15:00:05.792,22311,22316,22316,1,1
2024-11-28 15:00:08.021,22315,22317,22317,4,4
2024-11-28 15:00:08.596,22316,22318,22316,1,-1
2024-11-28 15:00:08.648,22316,22318,22318,3,3
2024-11-28 15:00:08.649,22316,22318,22320,1,1
2024-11-28 15:00:09.094,22318,22320,22318,7,-7
2024-11-28 15:00:09.094,22318,22320,22316,4,-4
2024-11-28 15:00:09.095,22318,22320,22318,3,-3
2024-11-28 15:00:09.603,22316,22319,22319,2,2
2024-11-28 15:00:09.603,22316,22319,22320,1,1
2024-11-28 15:00:09.625,22316,22319,22317,1,-1
2024-11-28 15:00:09.640,22316,22319,22316,3,-3
2024-11-28 15:00:09.980,22315,22317,22315,1,-1
2024-11-28 15:00:10.373,22314,22317,22317,1,1
2024-11-28 15:00:10.591,22314,22317,22319,2,2
2024-11-28 15:00:10.591,22314,22317,22318,2,2
2024-11-28 15:00:10.591,22314,22317,22317,2,2
2024-11-28 15:00:10.809,22315,22318,22315,1,-1
2024-11-28 15:00:11.576,22316,22318,22318,1,1
2024-11-28 15:00:11.874,22316,22319,22316,2,-2
2024-11-28 15:00:15.093,22315,22317,22315,1,-1
2024-11-28 15:00:15.316,22314,22317,22315,1,-1
2024-11-28 15:00:15.330,22314,22317,22318,1,1
2024-11-28 15:00:16.054,22314,22318,22318,2,2
2024-11-28 15:00:16.075,22314,22318,22319,2,2
2024-11-28 15:00:16.075,22314,22318,22319,1,1
2024-11-28 15:00:16.075,22314,22318,22320,1,1
2024-11-28 15:00:16.110,22314,22318,22318,2,2
2024-11-28 15:00:16.222,22316,22318,22318,1,1
2024-11-28 15:00:16.222,22316,22318,22319,1,1
2024-11-28 15:00:17.329,22316,22319,22316,1,-1
2024-11-28 15:00:18.832,22315,22318,22315,1,-1
2024-11-28 15:00:19.553,22315,22318,22315,1,-1
2024-11-28 15:00:19.571,22315,22318,22315,1,-1
2024-11-28 15:00:19.600,22315,22318,22315,1,-1
2024-11-28 15:00:21.972,22315,22317,22318,1,1
2024-11-28 15:00:23.364,22316,22320,22317,2,-2
2024-11-28 15:00:23.365,22316,22320,22319,2,2
2024-11-28 15:00:23.527,22317,22320,22317,2,-2
2024-11-28 15:00:23.735,22316,22320,22316,1,-1
2024-11-28 15:00:24.243,22316,22319,22319,1,1
2024-11-28 15:00:25.614,22316,22319,22319,1,1
2024-11-28 15:00:25.614,22316,22319,22320,1,1
2024-11-28 15:00:26.714,22317,22320,22317,2,-2
2024-11-28 15:00:27.037,22316,22319,22316,1,-1
2024-11-28 15:00:29.491,22316,22318,22315,7,-7
2024-11-28 15:00:29.491,22316,22318,22316,1,-1
2024-11-28 15:00:29.493,22316,22318,22315,1,-1
2024-11-28 15:00:29.684,22314,22316,22316,2,2
2024-11-28 15:00:32.227,22315,22318,22315,3,-3
2024-11-28 15:00:32.304,22314,22315,22315,1,1
2024-11-28 15:00:32.304,22314,22315,22315,1,1
2024-11-28 15:00:32.702,22314,22317,22316,1,1
2024-11-28 15:00:34.301,22315,22317,22317,1,1
2024-11-28 15:00:37.029,22315,22316,22316,1,1
2024-11-28 15:00:37.126,22315,22316,22316,1,1
2024-11-28 15:00:37.134,22315,22316,22316,1,1
2024-11-28 15:00:38.241,22315,22317,22316,2,2
2024-11-28 15:00:38.329,22315,22316,22315,3,-3
2024-11-28 15:00:38.345,22315,22316,22316,1,1
2024-11-28 15:00:38.410,22315,22316,22316,1,1
2024-11-28 15:00:40.907,22314,22315,22314,1,-1
2024-11-28 15:00:41.086,22314,22315,22314,2,-2
2024-11-28 15:00:41.788,22312,22314,22314,1,1
2024-11-28 15:00:41.882,22312,22314,22314,1,1
2024-11-28 15:00:42.803,22312,22314,22314,1,1
2024-11-28 15:00:43.176,22312,22314,22312,2,-2
2024-11-28 15:00:43.355,22311,22313,22313,1,1
2024-11-28 15:00:43.364,22311,22313,22313,1,1
2024-11-28 15:00:43.377,22311,22313,22311,1,-1
2024-11-28 15:00:43.396,22311,22313,22311,6,-6
2024-11-28 15:00:43.396,22311,22313,22310,5,-5
2024-11-28 15:00:43.398,22311,22313,22312,1,-1
2024-11-28 15:00:43.401,22311,22313,22312,1,-1
2024-11-28 15:00:43.402,22311,22313,22312,1,-1
2024-11-28 15:00:43.403,22311,22313,22313,1,1
2024-11-28 15:00:43.413,22311,22313,22313,1,1
2024-11-28 15:00:43.593,22310,22313,22310,3,-3
2024-11-28 15:00:43.593,22310,22313,22309,3,-3
2024-11-28 15:00:43.593,22310,22313,22308,5,-5
2024-11-28 15:00:43.642,22310,22313,22310,1,-1
2024-11-28 15:00:44.344,22308,22311,22308,2,-2
2024-11-28 15:00:44.551,22307,22308,22308,1,1
2024-11-28 15:00:44.555,22307,22308,22308,1,1
2024-11-28 15:00:44.556,22307,22308,22308,1,1
2024-11-28 15:00:46.009,22307,22310,22307,1,-1
2024-11-28 15:00:46.937,22308,22310,22308,1,-1
2024-11-28 15:00:47.010,22308,22310,22310,1,1
2024-11-28 15:00:47.940,22306,22307,22307,1,1
2024-11-28 15:00:48.132,22306,22308,22308,1,1
2024-11-28 15:00:48.795,22307,22310,22307,2,-2
2024-11-28 15:00:49.784,22307,22310,22310,1,1
2024-11-28 15:00:49.827,22308,22312,22308,1,-1
2024-11-28 15:00:51.159,22308,22312,22308,1,-1
2024-11-28 15:00:51.760,22309,22312,22312,1,1
2024-11-28 15:00:52.115,22310,22313,22309,2,-2
2024-11-28 15:00:52.115,22310,22313,22308,3,-3
2024-11-28 15:00:52.115,22310,22313,22307,11,-11
2024-11-28 15:00:52.242,22307,22309,22309,1,1
2024-11-28 15:00:52.596,22307,22309,22308,1,1
2024-11-28 15:00:52.800,22306,22309,22309,2,2
2024-11-28 15:00:53.704,22307,22309,22307,1,-1
2024-11-28 15:00:56.188,22307,22308,22307,1,-1
2024-11-28 15:00:56.188,22307,22308,22306,1,-1
2024-11-28 15:00:56.996,22306,22308,22306,6,-6
2024-11-28 15:00:57.284,22304,22307,22307,1,1
2024-11-28 15:00:57.359,22304,22307,22303,1,-1
2024-11-28 15:00:57.359,22304,22307,22304,2,-2
2024-11-28 15:00:57.752,22303,22306,22303,3,-3
2024-11-28 15:00:57.752,22303,22306,22302,10,-10
2024-11-28 15:00:57.752,22303,22306,22301,9,-9
2024-11-28 15:00:57.752,22303,22306,22300,16,-16
2024-11-28 15:00:57.958,22297,22299,22297,1,-1
2024-11-28 15:00:57.979,22297,22299,22299,1,1
2024-11-28 15:00:59.108,22297,22300,22300,1,1
2024-11-28 15:00:59.291,22297,22300,22297,2,-2
2024-11-28 15:00:59.721,22297,22300,22297,1,-1
2024-11-28 15:01:00.110,22297,22300,22300,12,12
2024-11-28 15:01:00.112,22297,22300,22302,1,1
2024-11-28 15:01:00.137,22297,22300,22304,1,1
2024-11-28 15:01:00.182,22301,22305,22305,2,2
2024-11-28 15:01:00.198,22301,22305,22304,1,1
2024-11-28 15:01:00.230,22301,22305,22303,2,2
2024-11-28 15:01:00.336,22301,22304,22301,1,-1
2024-11-28 15:01:00.347,22301,22304,22303,1,1
2024-11-28 15:01:00.666,22299,22303,22299,1,-1
2024-11-28 15:01:00.785,22299,22302,22299,1,-1
2024-11-28 15:01:00.785,22299,22302,22299,1,-1
2024-11-28 15:01:00.828,22298,22301,22298,1,-1
2024-11-28 15:01:00.938,22297,22300,22300,3,3
2024-11-28 15:01:00.988,22297,22300,22299,1,1
2024-11-28 15:01:01.160,22299,22301,22299,1,-1
2024-11-28 15:01:01.180,22299,22300,22300,1,1
2024-11-28 15:01:01.181,22299,22300,22303,1,1
2024-11-28 15:01:01.181,22299,22300,22303,1,1
2024-11-28 15:01:01.181,22299,22300,22301,1,1
2024-11-28 15:01:01.181,22299,22300,22302,1,1
2024-11-28 15:01:01.182,22299,22300,22303,1,1
2024-11-28 15:01:01.327,22302,22304,22302,1,-1
2024-11-28 15:01:01.465,22302,22304,22304,2,2
2024-11-28 15:01:01.481,22302,22304,22303,1,1
2024-11-28 15:01:01.611,22302,22304,22302,1,-1
2024-11-28 15:01:01.673,22302,22304,22301,1,-1
2024-11-28 15:01:01.798,22301,22304,22303,1,1
2024-11-28 15:01:01.852,22301,22304,22301,1,-1
2024-11-28 15:01:01.915,22301,22304,22304,1,1
2024-11-28 15:01:02.006,22301,22304,22301,1,-1
2024-11-28 15:01:02.181,22301,22304,22301,1,-1
2024-11-28 15:01:02.355,22300,22304,22300,1,-1
2024-11-28 15:01:02.537,22299,22302,22299,1,-1
2024-11-28 15:01:02.695,22299,22302,22298,1,-1
2024-11-28 15:01:02.857,22298,22301,22301,1,1
2024-11-28 15:01:02.870,22298,22301,22298,1,-1
2024-11-28 15:01:03.028,22298,22300,22298,1,-1
2024-11-28 15:01:03.045,22298,22300,22297,1,-1
2024-11-28 15:01:03.244,22297,22300,22298,1,-1
2024-11-28 15:01:03.411,22298,22300,22298,1,-1
2024-11-28 15:01:03.592,22298,22300,22298,1,-1
2024-11-28 15:01:03.652,22298,22300,22300,1,1
2024-11-28 15:01:03.763,22298,22301,22299,1,-1
2024-11-28 15:01:03.943,22298,22301,22298,1,-1
2024-11-28 15:01:04.057,22298,22301,22298,1,-1
2024-11-28 15:01:04.587,22299,22301,22301,1,1
2024-11-28 15:01:04.672,22299,22301,22303,1,1
2024-11-28 15:01:04.712,22302,22304,22304,1,1
2024-11-28 15:01:04.713,22302,22304,22304,3,3
2024-11-28 15:01:05.182,22301,22305,22301,1,-1
2024-11-28 15:01:06.540,22301,22304,22304,3,3
2024-11-28 15:01:06.618,22305,22308,22305,1,-1
2024-11-28 15:01:06.703,22304,22307,22304,1,-1
2024-11-28 15:01:08.068,22301,22305,22301,2,-2
2024-11-28 15:01:08.181,22300,22304,22304,1,1
2024-11-28 15:01:08.182,22300,22304,22304,1,1
2024-11-28 15:01:08.182,22300,22304,22304,1,1
2024-11-28 15:01:08.182,22300,22304,22304,1,1
2024-11-28 15:01:08.186,22300,22304,22306,1,1
2024-11-28 15:01:08.863,22302,22305,22302,1,-1
2024-11-28 15:01:09.605,22302,22305,22302,1,-1
2024-11-28 15:01:09.606,22302,22305,22302,1,-1
2024-11-28 15:01:09.606,22302,22305,22302,1,-1
2024-11-28 15:01:09.757,22302,22305,22305,1,1
2024-11-28 15:01:10.222,22302,22305,22305,1,1
2024-11-28 15:01:11.455,22304,22305,22304,1,-1
2024-11-28 15:01:12.869,22304,22305,22305,1,1
2024-11-28 15:01:13.370,22303,22306,22306,1,1
2024-11-28 15:01:14.333,22305,22306,22306,1,1
2024-11-28 15:01:16.825,22307,22308,22307,1,-1
2024-11-28 15:01:16.936,22306,22308,22308,4,4
2024-11-28 15:01:16.972,22306,22308,22308,1,1
2024-11-28 15:01:17.302,22306,22308,22306,1,-1
2024-11-28 15:01:17.670,22306,22308,22308,1,1
2024-11-28 15:01:18.525,22307,22308,22307,1,-1
2024-11-28 15:01:18.556,22307,22308,22308,1,1
2024-11-28 15:01:18.556,22307,22308,22309,1,1
2024-11-28 15:01:18.557,22307,22308,22309,1,1
2024-11-28 15:01:21.874,22307,22309,22309,1,1
2024-11-28 15:01:23.810,22307,22308,22308,1,1
2024-11-28 15:01:23.810,22307,22308,22308,1,1
2024-11-28 15:01:24.975,22307,22309,22309,1,1
2024-11-28 15:01:26.338,22307,22309,22309,3,3
2024-11-28 15:01:26.339,22307,22309,22309,1,1
2024-11-28 15:01:26.339,22307,22309,22309,1,1
2024-11-28 15:01:26.862,22309,22310,22310,5,5
2024-11-28 15:01:27.877,22309,22311,22311,1,1
2024-11-28 15:01:27.931,22309,22312,22312,1,1
2024-11-28 15:01:27.931,22309,22312,22312,1,1
2024-11-28 15:01:27.931,22309,22312,22312,1,1
2024-11-28 15:01:28.997,22310,22312,22304,1,-1
2024-11-28 15:01:28.997,22310,22312,22310,1,-1
2024-11-28 15:01:28.997,22310,22312,22309,2,-2
2024-11-28 15:01:28.997,22310,22312,22307,6,-6
2024-11-28 15:01:28.997,22310,22312,22305,4,-4
2024-11-28 15:01:29.266,22306,22310,22304,4,-4
2024-11-28 15:01:29.266,22306,22310,22306,1,-1
2024-11-28 15:01:29.266,22306,22310,22305,6,-6
2024-11-28 15:01:30.778,22306,22309,22309,1,1
2024-11-28 15:01:33.679,22306,22309,22309,1,1
2024-11-28 15:01:41.511,22306,22309,22306,1,-1
2024-11-28 15:01:45.069,22306,22308,22308,2,2
2024-11-28 15:01:45.110,22306,22308,22309,1,1
2024-11-28 15:01:45.110,22306,22308,22309,1,1
2024-11-28 15:01:45.111,22306,22308,22309,1,1
2024-11-28 15:01:45.182,22307,22310,22310,1,1
2024-11-28 15:01:45.184,22307,22310,22310,1,1
2024-11-28 15:01:55.943,22306,22309,22309,1,1
2024-11-28 15:01:58.418,22307,22310,22307,2,-2
2024-11-28 15:01:59.094,22306,22309,22309,2,2
2024-11-28 15:01:59.096,22306,22309,22310,2,2
2024-11-28 15:01:59.472,22310,22312,22310,1,-1
2024-11-28 15:02:15.006,22308,22309,22308,4,-4
2024-11-28 15:02:15.006,22308,22309,22307,1,-1
2024-11-28 15:02:15.043,22308,22309,22306,2,-2
2024-11-28 15:02:15.043,22308,22309,22306,1,-1
2024-11-28 15:02:15.044,22308,22309,22305,3,-3
2024-11-28 15:02:15.044,22308,22309,22305,1,-1
2024-11-28 15:02:15.104,22304,22306,22304,1,-1
2024-11-28 15:02:15.130,22304,22306,22303,4,-4
2024-11-28 15:02:15.130,22304,22306,22302,5,-5
2024-11-28 15:02:15.131,22304,22306,22301,1,-1
2024-11-28 15:02:15.322,22301,22302,22300,6,-6
2024-11-28 15:02:15.322,22301,22302,22301,5,-5
2024-11-28 15:02:15.799,22300,22301,22301,1,1
2024-11-28 15:02:21.876,22300,22302,22302,1,1
2024-11-28 15:02:22.002,22301,22302,22302,1,1
2024-11-28 15:02:22.392,22302,22305,22302,1,-1
2024-11-28 15:02:27.496,22303,22305,22303,4,-4
2024-11-28 15:02:27.496,22303,22305,22302,1,-1
2024-11-28 15:02:28.570,22303,22305,22303,1,-1
2024-11-28 15:02:29.001,22302,22305,22302,3,-3
2024-11-28 15:02:29.001,22302,22305,22301,2,-2
2024-11-28 15:02:30.437,22302,22305,22302,1,-1
2024-11-28 15:02:31.613,22302,22305,22302,1,-1
2024-11-28 15:02:31.613,22302,22305,22301,4,-4
2024-11-28 15:02:31.664,22302,22305,22301,1,-1
2024-11-28 15:02:32.907,22301,22304,22304,1,1
2024-11-28 15:02:33.134,22301,22304,22301,5,-5
2024-11-28 15:02:37.608,22302,22305,22302,1,-1
2024-11-28 15:02:41.172,22301,22304,22301,1,-1
2024-11-28 15:02:42.211,22301,22304,22301,2,-2
2024-11-28 15:02:42.886,22301,22303,22301,1,-1
2024-11-28 15:02:44.488,22301,22303,22301,1,-1
2024-11-28 15:02:44.610,22300,22302,22300,8,-8
2024-11-28 15:02:44.610,22300,22302,22300,1,-1
2024-11-28 15:02:44.610,22300,22302,22300,2,-2
2024-11-28 15:02:44.776,22298,22300,22298,1,-1
2024-11-28 15:02:44.776,22298,22300,22297,4,-4
2024-11-28 15:02:44.776,22298,22300,22297,1,-1
2024-11-28 15:02:44.776,22298,22300,22297,1,-1
2024-11-28 15:02:44.777,22298,22300,22297,1,-1
2024-11-28 15:02:44.777,22298,22300,22297,1,-1
2024-11-28 15:02:45.683,22297,22299,22297,1,-1
2024-11-28 15:02:45.891,22296,22299,22299,1,1
2024-11-28 15:02:46.907,22296,22299,22297,2,-2
2024-11-28 15:02:47.820,22296,22298,22298,1,1
2024-11-28 15:02:48.290,22296,22298,22298,1,1
2024-11-28 15:02:48.629,22296,22298,22296,1,-1
2024-11-28 15:02:48.629,22296,22298,22296,4,-4
2024-11-28 15:02:48.629,22296,22298,22296,3,-3
2024-11-28 15:02:48.630,22296,22298,22296,1,-1
2024-11-28 15:02:48.630,22296,22298,22296,2,-2
2024-11-28 15:02:49.722,22295,22297,22295,1,-1
2024-11-28 15:02:50.392,22295,22298,22295,1,-1
2024-11-28 15:02:50.423,22295,22298,22295,1,-1
2024-11-28 15:02:50.479,22295,22297,22295,1,-1
2024-11-28 15:02:50.527,22295,22297,22295,3,-3
2024-11-28 15:02:50.527,22295,22297,22294,2,-2
2024-11-28 15:02:52.074,22294,22296,22293,4,-4
2024-11-28 15:02:52.074,22294,22296,22294,1,-1
2024-11-28 15:02:53.479,22293,22295,22293,1,-1
2024-11-28 15:02:53.479,22293,22295,22292,2,-2
2024-11-28 15:02:53.479,22293,22295,22291,2,-2
2024-11-28 15:02:54.786,22292,22295,22292,1,-1
2024-11-28 15:02:54.786,22292,22295,22291,4,-4
2024-11-28 15:02:54.916,22291,22293,22293,1,1
2024-11-28 15:02:55.782,22292,22294,22292,1,-1
2024-11-28 15:02:55.852,22291,22294,22293,1,1
2024-11-28 15:02:55.860,22291,22294,22294,1,1
2024-11-28 15:02:55.991,22291,22294,22291,5,-5
2024-11-28 15:02:56.109,22291,22293,22293,1,1
2024-11-28 15:02:56.869,22291,22293,22291,1,-1
2024-11-28 15:02:57.197,22291,22294,22290,2,-2
2024-11-28 15:02:57.197,22291,22294,22291,3,-3
2024-11-28 15:02:57.200,22291,22294,22292,1,-1
2024-11-28 15:02:57.342,22290,22293,22293,1,1
2024-11-28 15:02:57.404,22290,22293,22291,1,-1
2024-11-28 15:02:58.435,22290,22293,22290,1,-1
2024-11-28 15:02:59.075,22290,22293,22290,1,-1
2024-11-28 15:02:59.614,22291,22292,22292,1,1
2024-11-28 15:02:59.711,22291,22293,22291,1,-1
2024-11-28 15:03:00.595,22291,22293,22293,1,1
2024-11-28 15:03:00.884,22292,22294,22292,1,-1
2024-11-28 15:03:01.822,22291,22293,22291,1,-1
2024-11-28 15:03:01.930,22291,22293,22291,1,-1
2024-11-28 15:03:01.930,22291,22293,22290,1,-1
2024-11-28 15:03:01.930,22291,22293,22290,1,-1
2024-11-28 15:03:01.930,22291,22293,22290,1,-1
2024-11-28 15:03:01.931,22291,22293,22290,1,-1
2024-11-28 15:03:01.932,22291,22293,22290,1,-1
2024-11-28 15:03:01.934,22291,22293,22289,1,-1
2024-11-28 15:03:02.168,22288,22291,22291,1,1
2024-11-28 15:03:02.293,22291,22292,22292,1,1
2024-11-28 15:03:02.331,22291,22292,22292,1,1
2024-11-28 15:03:02.332,22291,22292,22292,1,1
2024-11-28 15:03:02.984,22291,22293,22292,1,1
2024-11-28 15:03:03.242,22291,22293,22293,2,2
2024-11-28 15:03:03.339,22295,22297,22297,1,1
2024-11-28 15:03:04.389,22295,22297,22295,1,-1
2024-11-28 15:03:04.501,22294,22297,22294,2,-2
2024-11-28 15:03:05.636,22294,22297,22297,1,1
2024-11-28 15:03:06.516,22293,22296,22295,1,1
2024-11-28 15:03:07.382,22293,22296,22293,3,-3
2024-11-28 15:03:07.383,22293,22296,22293,1,-1
2024-11-28 15:03:07.430,22292,22294,22291,1,-1
2024-11-28 15:03:07.430,22292,22294,22292,1,-1
2024-11-28 15:03:07.430,22292,22294,22292,1,-1
2024-11-28 15:03:07.431,22292,22294,22291,1,-1
2024-11-28 15:03:07.431,22292,22294,22291,1,-1
2024-11-28 15:03:07.431,22292,22294,22290,1,-1
2024-11-28 15:03:07.431,22292,22294,22290,1,-1
2024-11-28 15:03:07.431,22292,22294,22290,1,-1
2024-11-28 15:03:07.431,22292,22294,22290,1,-1
2024-11-28 15:03:07.432,22292,22294,22290,1,-1
2024-11-28 15:03:07.432,22292,22294,22289,1,-1
2024-11-28 15:03:07.432,22292,22294,22289,1,-1
2024-11-28 15:03:07.432,22292,22294,22290,1,-1
2024-11-28 15:03:07.432,22292,22294,22290,1,-1
2024-11-28 15:03:07.432,22292,22294,22290,1,-1
2024-11-28 15:03:07.432,22292,22294,22290,1,-1
2024-11-28 15:03:07.432,22292,22294,22290,1,-1
2024-11-28 15:03:07.432,22292,22294,22290,1,-1
2024-11-28 15:03:07.436,22292,22294,22289,1,-1
2024-11-28 15:03:08.312,22288,22290,22290,1,1
2024-11-28 15:03:08.838,22288,22290,22288,1,-1
2024-11-28 15:03:09.613,22288,22290,22288,3,-3
2024-11-28 15:03:14.479,22287,22288,22288,1,1
2024-11-28 15:03:14.603,22287,22288,22287,1,-1
2024-11-28 15:03:14.797,22286,22288,22288,1,1
2024-11-28 15:03:21.223,22287,22288,22287,3,-3
2024-11-28 15:03:21.900,22286,22287,22287,1,1
2024-11-28 15:03:21.947,22286,22287,22286,4,-4
2024-11-28 15:03:22.246,22285,22287,22285,2,-2
2024-11-28 15:03:24.022,22285,22287,22287,3,3
2024-11-28 15:03:24.024,22285,22287,22288,1,1
2024-11-28 15:03:24.024,22285,22287,22288,5,5
2024-11-28 15:03:25.129,22288,22291,22291,3,3
2024-11-28 15:03:25.129,22288,22291,22291,1,1
2024-11-28 15:03:26.602,22290,22293,22293,6,6
2024-11-28 15:03:26.602,22290,22293,22294,2,2
2024-11-28 15:03:29.933,22295,22298,22298,1,1
2024-11-28 15:03:30.056,22295,22298,22295,1,-1
2024-11-28 15:03:30.749,22295,22297,22295,1,-1
2024-11-28 15:03:31.311,22295,22297,22297,1,1
2024-11-28 15:03:32.887,22295,22298,22295,1,-1
2024-11-28 15:03:40.262,22296,22298,22296,1,-1
2024-11-28 15:03:41.001,22295,22296,22296,1,1
2024-11-28 15:03:52.957,22298,22300,22300,6,6
2024-11-28 15:03:52.958,22298,22300,22301,1,1
2024-11-28 15:03:53.083,22299,22302,22299,1,-1
2024-11-28 15:03:53.181,22299,22302,22299,1,-1
2024-11-28 15:03:53.744,22299,22302,22302,1,1
2024-11-28 15:03:54.334,22300,22303,22300,1,-1
2024-11-28 15:03:56.371,22300,22302,22303,1,1
2024-11-28 15:04:00.147,22302,22303,22302,1,-1
2024-11-28 15:04:00.147,22302,22303,22300,2,-2
2024-11-28 15:04:00.148,22302,22303,22300,7,-7
2024-11-28 15:04:00.148,22302,22303,22300,1,-1
2024-11-28 15:04:00.605,22298,22301,22301,1,1
2024-11-28 15:04:02.715,22299,22302,22301,1,1
2024-11-28 15:04:08.601,22300,22302,22300,2,-2
2024-11-28 15:04:10.959,22298,22301,22301,1,1
2024-11-28 15:04:12.210,22299,22301,22299,2,-2
2024-11-28 15:04:12.219,22299,22301,22298,1,-1
2024-11-28 15:04:12.219,22299,22301,22298,1,-1
2024-11-28 15:04:12.852,22297,22299,22299,1,1
2024-11-28 15:04:13.442,22297,22299,22299,1,1
2024-11-28 15:04:14.392,22299,22301,22301,3,3
2024-11-28 15:04:15.916,22300,22303,22300,1,-1
2024-11-28 15:04:16.315,22300,22302,22300,1,-1
2024-11-28 15:04:16.669,22299,22300,22300,9,9
2024-11-28 15:04:17.705,22300,22303,22303,2,2
2024-11-28 15:04:20.151,22301,22303,22303,2,2
2024-11-28 15:04:20.151,22301,22303,22304,1,1
2024-11-28 15:04:21.956,22301,22304,22302,1,-1
2024-11-28 15:04:23.623,22301,22304,22304,4,4
2024-11-28 15:04:24.441,22303,22305,22305,1,1
2024-11-28 15:04:25.118,22303,22305,22303,1,-1
2024-11-28 15:04:25.757,22301,22303,22301,1,-1
2024-11-28 15:04:25.759,22301,22303,22299,1,-1
2024-11-28 15:04:25.759,22301,22303,22300,4,-4
2024-11-28 15:04:25.868,22299,22300,22300,1,1
2024-11-28 15:04:28.033,22299,22301,22301,1,1
2024-11-28 15:04:35.794,22299,22301,22301,1,1
2024-11-28 15:04:35.794,22299,22301,22302,1,1
2024-11-28 15:04:41.489,22300,22303,22300,4,-4
2024-11-28 15:04:48.063,22299,22300,22300,1,1
2024-11-28 15:04:48.063,22299,22300,22300,5,5
2024-11-28 15:04:48.569,22299,22301,22301,1,1
2024-11-28 15:04:51.723,22300,22303,22300,5,-5
2024-11-28 15:04:51.723,22300,22303,22300,1,-1
2024-11-28 15:04:51.724,22300,22303,22300,2,-2
2024-11-28 15:04:52.557,22299,22300,22300,1,1
2024-11-28 15:04:52.557,22299,22300,22300,1,1
2024-11-28 15:04:59.910,22300,22302,22300,1,-1
2024-11-28 15:05:00.348,22300,22302,22300,2,-2
2024-11-28 15:05:00.348,22300,22302,22300,1,-1
2024-11-28 15:05:00.349,22300,22302,22300,1,-1
2024-11-28 15:05:00.349,22300,22302,22300,6,-6
2024-11-28 15:05:11.701,22300,22302,22300,1,-1
2024-11-28 15:05:16.554,22300,22302,22300,3,-3
2024-11-28 15:05:16.574,22300,22302,22299,2,-2
2024-11-28 15:05:17.256,22298,22299,22298,1,-1
2024-11-28 15:05:17.257,22298,22299,22298,1,-1
2024-11-28 15:05:17.781,22297,22299,22298,1,-1
2024-11-28 15:05:22.910,22297,22298,22298,2,2
2024-11-28 15:05:32.781,22297,22300,22300,4,4
2024-11-28 15:05:32.781,22297,22300,22301,4,4
2024-11-28 15:05:37.949,22299,22302,22302,1,1
2024-11-28 15:05:48.633,22301,22302,22301,1,-1
2024-11-28 15:05:48.977,22300,22302,22303,2,2
2024-11-28 15:05:48.977,22300,22302,22303,2,2
2024-11-28 15:05:48.977,22300,22302,22302,2,2
2024-11-28 15:05:48.978,22300,22302,22304,4,4
2024-11-28 15:05:59.518,22301,22304,22304,1,1
2024-11-28 15:06:03.460,22301,22304,22304,5,5
2024-11-28 15:06:04.018,22302,22304,22304,1,1
2024-11-28 15:06:04.018,22302,22304,22305,1,1
2024-11-28 15:06:04.519,22302,22305,22305,1,1
2024-11-28 15:06:04.687,22302,22305,22305,4,4
2024-11-28 15:06:04.688,22302,22305,22306,2,2
2024-11-28 15:06:04.689,22302,22305,22306,3,3
2024-11-28 15:06:04.832,22304,22307,22307,1,1
2024-11-28 15:06:08.292,22306,22308,22308,1,1
2024-11-28 15:06:08.293,22306,22308,22309,2,2
2024-11-28 15:06:08.295,22306,22308,22310,4,4
2024-11-28 15:06:08.296,22306,22308,22311,1,1
2024-11-28 15:06:08.337,22310,22312,22312,1,1
2024-11-28 15:06:09.005,22310,22312,22312,1,1
2024-11-28 15:06:12.435,22310,22312,22312,2,2
2024-11-28 15:06:12.483,22310,22312,22310,2,-2
2024-11-28 15:06:13.479,22309,22312,22311,1,1
2024-11-28 15:06:13.900,22309,22312,22309,1,-1
2024-11-28 15:06:13.900,22309,22312,22308,3,-3
2024-11-28 15:06:14.848,22307,22309,22309,1,1
2024-11-28 15:06:21.461,22308,22311,22308,2,-2
2024-11-28 15:06:21.462,22308,22311,22308,3,-3
2024-11-28 15:06:25.824,22309,22310,22309,1,-1
2024-11-28 15:06:25.931,22308,22310,22308,1,-1
2024-11-28 15:06:26.716,22307,22310,22310,1,1
2024-11-28 15:06:28.714,22309,22310,22309,1,-1
2024-11-28 15:06:29.269,22309,22310,22310,2,2
2024-11-28 15:06:32.251,22309,22310,22310,2,2
2024-11-28 15:06:32.251,22309,22310,22311,1,1
2024-11-28 15:06:32.252,22309,22310,22311,2,2
2024-11-28 15:06:34.015,22309,22311,22309,1,-1
2024-11-28 15:06:35.090,22308,22309,22308,1,-1
2024-11-28 15:06:35.093,22308,22309,22308,1,-1
2024-11-28 15:06:36.406,22308,22309,22308,1,-1
2024-11-28 15:06:37.554,22307,22309,22309,1,1
2024-11-28 15:06:39.217,22307,22308,22307,1,-1
2024-11-28 15:06:39.218,22307,22308,22307,1,-1
2024-11-28 15:06:41.520,22306,22308,22308,1,1
2024-11-28 15:06:42.020,22306,22308,22308,1,1
2024-11-28 15:06:42.359,22306,22308,22308,2,2
2024-11-28 15:06:45.515,22306,22307,22306,5,-5
2024-11-28 15:06:49.282,22305,22306,22306,1,1
2024-11-28 15:06:49.283,22305,22306,22307,3,3
2024-11-28 15:06:49.284,22305,22306,22308,1,1
2024-11-28 15:06:55.027,22307,22309,22309,1,1
2024-11-28 15:06:55.774,22307,22309,22307,1,-1
2024-11-28 15:06:56.825,22305,22307,22307,1,1
2024-11-28 15:06:56.825,22305,22307,22308,1,1
2024-11-28 15:06:58.700,22307,22308,22308,1,1
2024-11-28 15:06:59.012,22308,22309,22308,3,-3
2024-11-28 15:07:00.885,22303,22306,22306,1,1
2024-11-28 15:07:04.281,22305,22307,22307,1,1
2024-11-28 15:07:07.200,22305,22306,22306,1,1
2024-11-28 15:07:10.666,22305,22308,22305,1,-1
2024-11-28 15:07:13.535,22305,22307,22307,1,1
2024-11-28 15:07:15.606,22305,22306,22306,9,9
2024-11-28 15:07:15.886,22307,22309,22307,1,-1
2024-11-28 15:07:16.767,22307,22308,22307,1,-1
2024-11-28 15:07:22.839,22306,22308,22308,1,1
2024-11-28 15:07:26.850,22307,22309,22307,1,-1
2024-11-28 15:07:28.673,22308,22309,22309,1,1
2024-11-28 15:07:28.673,22308,22309,22309,1,1
2024-11-28 15:07:28.673,22309,22310,22309,1,-1
2024-11-28 15:07:35.045,22309,22310,22310,1,1
2024-11-28 15:07:38.281,22309,22310,22310,2,2
2024-11-28 15:07:39.840,22309,22311,22311,1,1
2024-11-28 15:07:42.799,22310,22311,22311,4,4
2024-11-28 15:07:48.946,22310,22312,22312,1,1
2024-11-28 15:07:50.345,22310,22312,22312,5,5
2024-11-28 15:07:50.346,22310,22312,22312,2,2
2024-11-28 15:07:51.829,22311,22313,22312,1,1
2024-11-28 15:07:56.990,22312,22313,22313,1,1
2024-11-28 15:07:57.356,22312,22313,22313,5,5
2024-11-28 15:07:59.707,22313,22314,22314,7,7
2024-11-28 15:08:02.066,22313,22315,22315,2,2
2024-11-28 15:08:02.068,22313,22315,22316,1,1
2024-11-28 15:08:02.068,22313,22315,22316,1,1
2024-11-28 15:08:02.068,22313,22315,22316,1,1
2024-11-28 15:08:02.273,22315,22317,22317,1,1
2024-11-28 15:08:03.632,22315,22316,22315,1,-1
2024-11-28 15:08:03.674,22315,22316,22315,1,-1
2024-11-28 15:08:04.620,22313,22315,22315,1,1
2024-11-28 15:08:07.064,22312,22314,22314,1,1
2024-11-28 15:08:08.285,22314,22315,22314,1,-1
2024-11-28 15:08:11.957,22314,22315,22314,2,-2
2024-11-28 15:08:11.957,22314,22315,22313,1,-1
2024-11-28 15:08:16.074,22312,22315,22315,1,1
2024-11-28 15:08:19.866,22313,22314,22314,1,1
2024-11-28 15:08:28.081,22313,22315,22315,3,3
2024-11-28 15:08:28.081,22313,22315,22316,4,4
2024-11-28 15:08:28.082,22313,22315,22317,1,1
2024-11-28 15:08:30.331,22316,22317,22317,1,1
2024-11-28 15:08:34.107,22316,22317,22317,1,1
2024-11-28 15:08:35.173,22317,22318,22318,1,1
2024-11-28 15:08:35.212,22317,22318,22318,3,3
2024-11-28 15:08:35.238,22317,22318,22318,1,1
2024-11-28 15:08:35.273,22317,22318,22320,1,1
2024-11-28 15:08:35.275,22317,22318,22320,1,1
2024-11-28 15:08:35.277,22317,22318,22320,1,1
2024-11-28 15:08:35.277,22317,22318,22320,11,11
2024-11-28 15:08:35.431,22319,22321,22321,1,1
2024-11-28 15:08:35.462,22319,22321,22321,1,1
2024-11-28 15:08:37.291,22320,22321,22320,4,-4
2024-11-28 15:08:42.640,22317,22319,22319,1,1
2024-11-28 15:08:46.311,22318,22319,22319,1,1
2024-11-28 15:08:46.541,22318,22319,22319,1,1
2024-11-28 15:08:52.785,22319,22320,22320,1,1
2024-11-28 15:08:52.958,22319,22320,22319,2,-2
2024-11-28 15:08:53.551,22317,22319,22319,2,2
2024-11-28 15:08:56.118,22318,22320,22318,1,-1
2024-11-28 15:08:56.118,22318,22320,22317,18,-18
2024-11-28 15:08:56.119,22318,22320,22316,1,-1
2024-11-28 15:08:56.457,22315,22316,22315,1,-1
2024-11-28 15:08:56.698,22313,22315,22315,1,1
2024-11-28 15:08:58.552,22313,22314,22314,1,1
2024-11-28 15:08:59.836,22313,22314,22313,1,-1
2024-11-28 15:09:01.739,22314,22317,22314,1,-1
2024-11-28 15:09:05.009,22314,22316,22314,1,-1
2024-11-28 15:09:05.416,22314,22316,22314,1,-1
2024-11-28 15:09:09.653,22314,22317,22317,5,5
2024-11-28 15:09:10.777,22317,22320,22317,1,-1
2024-11-28 15:09:11.289,22317,22319,22319,1,1
2024-11-28 15:09:17.358,22317,22319,22319,1,1
2024-11-28 15:09:18.384,22319,22320,22320,3,3
2024-11-28 15:09:24.529,22319,22321,22321,4,4
2024-11-28 15:09:25.970,22320,22322,22322,1,1
2024-11-28 15:09:25.970,22320,22322,22322,2,2
2024-11-28 15:09:26.596,22322,22323,22323,1,1
2024-11-28 15:09:26.604,22322,22323,22323,1,1
2024-11-28 15:09:26.604,22322,22323,22323,1,1
2024-11-28 15:09:27.047,22322,22324,22322,1,-1
2024-11-28 15:09:29.014,22322,22324,22323,1,-1
2024-11-28 15:09:29.059,22322,22324,22324,1,1
2024-11-28 15:09:29.059,22322,22324,22325,7,7
2024-11-28 15:09:29.812,22323,22325,22325,1,1
2024-11-28 15:09:29.812,22323,22325,22326,1,1
2024-11-28 15:09:30.089,22323,22326,22326,1,1
2024-11-28 15:09:30.628,22323,22326,22326,1,1
2024-11-28 15:09:33.915,22323,22325,22325,3,3
2024-11-28 15:09:33.915,22323,22325,22326,1,1
2024-11-28 15:09:34.324,22323,22325,22325,1,1
2024-11-28 15:09:36.232,22323,22325,22323,1,-1
2024-11-28 15:09:38.490,22323,22325,22323,1,-1
2024-11-28 15:09:38.490,22323,22325,22323,1,-1
2024-11-28 15:09:38.522,22323,22325,22322,1,-1
2024-11-28 15:09:40.040,22321,22324,22324,1,1
2024-11-28 15:09:44.502,22323,22325,22323,1,-1
2024-11-28 15:09:45.633,22322,22324,22324,1,1
2024-11-28 15:09:47.811,22322,22324,22324,1,1
2024-11-28 15:09:49.504,22322,22324,22322,1,-1
2024-11-28 15:09:49.504,22322,22324,22322,2,-2
2024-11-28 15:09:52.940,22320,22321,22320,3,-3
2024-11-28 15:09:52.940,22320,22321,22319,3,-3
2024-11-28 15:09:52.940,22320,22321,22318,2,-2
2024-11-28 15:09:56.352,22318,22319,22318,3,-3
2024-11-28 15:09:57.291,22317,22319,22317,1,-1
2024-11-28 15:09:57.291,22317,22319,22316,2,-2
2024-11-28 15:09:57.291,22317,22319,22315,2,-2
2024-11-28 15:09:57.938,22315,22318,22318,1,1
2024-11-28 15:09:58.885,22316,22318,22318,1,1
2024-11-28 15:09:59.941,22316,22319,22316,1,-1
2024-11-28 15:10:03.776,22316,22319,22316,1,-1
2024-11-28 15:10:04.259,22316,22318,22315,2,-2
2024-11-28 15:10:04.383,22314,22315,22316,1,1
2024-11-28 15:10:06.515,22316,22318,22318,1,1
2024-11-28 15:10:08.920,22317,22319,22315,1,-1
2024-11-28 15:10:10.809,22314,22316,22316,1,1
2024-11-28 15:10:15.087,22314,22315,22315,1,1
2024-11-28 15:10:18.580,22314,22315,22315,1,1
2024-11-28 15:10:18.696,22314,22315,22314,2,-2
2024-11-28 15:10:18.705,22314,22315,22313,1,-1
2024-11-28 15:10:19.665,22312,22314,22314,1,1
2024-11-28 15:10:19.833,22312,22314,22312,2,-2
2024-11-28 15:10:25.950,22312,22314,22314,1,1
2024-11-28 15:10:36.220,22312,22314,22314,1,1
2024-11-28 15:10:36.221,22312,22314,22315,1,1
2024-11-28 15:10:36.765,22315,22316,22315,1,-1
2024-11-28 15:10:41.989,22312,22313,22312,1,-1
2024-11-28 15:10:43.816,22312,22313,22312,4,-4
2024-11-28 15:10:43.819,22312,22313,22311,1,-1
2024-11-28 15:10:43.819,22312,22313,22311,1,-1
2024-11-28 15:10:46.508,22310,22312,22310,1,-1
2024-11-28 15:10:46.573,22310,22313,22310,1,-1
2024-11-28 15:10:49.581,22310,22311,22310,1,-1
2024-11-28 15:10:49.851,22310,22311,22311,1,1
2024-11-28 15:10:51.825,22310,22311,22310,6,-6
2024-11-28 15:10:51.825,22310,22311,22308,10,-10
2024-11-28 15:10:51.825,22310,22311,22308,1,-1
2024-11-28 15:10:51.825,22310,22311,22308,1,-1
2024-11-28 15:10:51.826,22310,22311,22308,3,-3
2024-11-28 15:10:52.336,22307,22309,22309,1,1
2024-11-28 15:10:53.456,22307,22310,22309,5,5
2024-11-28 15:10:53.676,22307,22310,22309,1,1
2024-11-28 15:11:05.172,22309,22310,22309,1,-1
2024-11-28 15:11:09.150,22308,22310,22308,1,-1
2024-11-28 15:11:09.150,22308,22310,22307,3,-3
2024-11-28 15:11:09.150,22308,22310,22306,4,-4
2024-11-28 15:11:12.634,22307,22308,22308,1,1
2024-11-28 15:11:13.176,22307,22309,22307,1,-1
2024-11-28 15:11:15.596,22306,22309,22306,1,-1
2024-11-28 15:11:16.233,22306,22308,22306,1,-1
2024-11-28 15:11:16.233,22306,22308,22305,1,-1
2024-11-28 15:11:19.148,22305,22307,22305,1,-1
2024-11-28 15:11:22.144,22305,22307,22305,1,-1
2024-11-28 15:11:24.905,22303,22305,22303,2,-2
2024-11-28 15:11:27.081,22303,22304,22304,1,1
2024-11-28 15:11:27.863,22303,22304,22304,1,1
2024-11-28 15:11:32.749,22303,22304,22304,1,1
2024-11-28 15:11:32.749,22303,22304,22304,1,1
2024-11-28 15:11:34.381,22303,22305,22305,1,1
2024-11-28 15:11:35.097,22305,22308,22305,2,-2
2024-11-28 15:11:39.907,22304,22305,22304,2,-2
2024-11-28 15:11:40.802,22304,22305,22305,1,1
2024-11-28 15:11:40.913,22304,22305,22304,1,-1
2024-11-28 15:11:45.492,22303,22304,22303,5,-5
2024-11-28 15:11:47.305,22302,22303,22302,1,-1
2024-11-28 15:11:47.305,22302,22303,22301,1,-1
2024-11-28 15:11:48.262,22301,22303,22303,1,1
2024-11-28 15:11:48.471,22301,22303,22302,1,1
2024-11-28 15:11:49.457,22301,22303,22302,1,1
2024-11-28 15:11:52.552,22301,22302,22302,1,1
2024-11-28 15:11:52.552,22301,22302,22302,1,1
2024-11-28 15:11:53.373,22301,22303,22302,1,1
2024-11-28 15:11:54.412,22302,22303,22303,2,2
2024-11-28 15:11:54.583,22303,22304,22304,3,3
2024-11-28 15:11:58.902,22305,22307,22307,1,1
2024-11-28 15:11:59.583,22305,22308,22308,1,1
2024-11-28 15:12:07.011,22305,22306,22305,1,-1
2024-11-28 15:12:07.321,22304,22306,22306,2,2
2024-11-28 15:12:09.009,22304,22306,22304,1,-1
2024-11-28 15:12:09.425,22303,22306,22306,1,1
2024-11-28 15:12:17.080,22305,22307,22305,1,-1
2024-11-28 15:12:23.173,22305,22308,22308,2,2
2024-11-28 15:12:49.524,22306,22308,22308,2,2
2024-11-28 15:12:54.033,22308,22310,22310,1,1
2024-11-28 15:13:00.493,22308,22310,22308,1,-1
2024-11-28 15:13:00.646,22308,22310,22310,1,1
2024-11-28 15:13:02.432,22308,22311,22311,1,1
2024-11-28 15:13:03.511,22311,22312,22312,1,1
2024-11-28 15:13:03.578,22311,22314,22314,1,1
2024-11-28 15:13:05.710,22310,22313,22310,1,-1
2024-11-28 15:13:07.286,22308,22309,22308,1,-1
2024-11-28 15:13:07.287,22308,22309,22308,1,-1
2024-11-28 15:13:07.287,22308,22309,22308,1,-1
2024-11-28 15:13:07.287,22308,22309,22308,1,-1
2024-11-28 15:13:07.287,22308,22309,22308,1,-1
2024-11-28 15:13:07.287,22308,22309,22308,4,-4
2024-11-28 15:13:07.287,22308,22309,22308,1,-1
2024-11-28 15:13:08.601,22307,22311,22311,1,1
2024-11-28 15:13:14.788,22312,22314,22312,1,-1
2024-11-28 15:13:24.911,22311,22313,22311,2,-2
2024-11-28 15:13:24.911,22311,22313,22310,3,-3
2024-11-28 15:13:37.170,22307,22309,22307,1,-1
2024-11-28 15:13:48.276,22308,22310,22308,1,-1
2024-11-28 15:13:51.309,22307,22310,22307,1,-1
2024-11-28 15:14:00.740,22308,22310,22310,1,1
2024-11-28 15:14:11.836,22310,22312,22312,1,1
2024-11-28 15:14:14.226,22312,22314,22314,3,3
2024-11-28 15:14:14.247,22312,22314,22315,1,1
2024-11-28 15:14:14.860,22315,22316,22316,1,1
2024-11-28 15:14:24.157,22313,22315,22315,2,2
2024-11-28 15:14:24.157,22313,22315,22316,6,6
2024-11-28 15:14:25.583,22315,22318,22315,1,-1
2024-11-28 15:14:25.680,22315,22318,22318,1,1
2024-11-28 15:14:30.489,22316,22318,22316,1,-1
2024-11-28 15:14:31.383,22316,22318,22318,1,1
2024-11-28 15:14:34.524,22315,22317,22315,1,-1
2024-11-28 15:14:35.100,22313,22315,22315,1,1
2024-11-28 15:14:48.486,22316,22317,22316,1,-1
2024-11-28 15:15:08.819,22314,22317,22314,1,-1
2024-11-28 15:15:24.915,22312,22315,22312,1,-1
2024-11-28 15:15:40.042,22308,22311,22310,1,1
2024-11-28 15:15:40.042,22308,22311,22310,4,4
2024-11-28 15:15:40.043,22308,22311,22310,1,1
2024-11-28 15:15:40.043,22308,22311,22310,1,1
2024-11-28 15:15:40.049,22308,22311,22310,3,3
2024-11-28 15:15:40.770,22308,22310,22310,1,1
2024-11-28 15:15:46.595,22308,22309,22308,1,-1
2024-11-28 15:15:49.377,22306,22308,22308,2,2
2024-11-28 15:16:10.298,22306,22307,22306,9,-9
2024-11-28 15:16:10.299,22306,22307,22305,1,-1
2024-11-28 15:16:10.300,22306,22307,22305,1,-1
2024-11-28 15:16:10.300,22306,22307,22305,1,-1
2024-11-28 15:16:10.300,22306,22307,22305,2,-2
2024-11-28 15:16:10.300,22306,22307,22305,1,-1
2024-11-28 15:16:10.300,22306,22307,22305,1,-1
2024-11-28 15:16:10.784,22303,22306,22306,1,1
2024-11-28 15:16:13.060,22302,22304,22304,1,1
2024-11-28 15:16:21.647,22301,22303,22301,5,-5
2024-11-28 15:16:21.689,22301,22302,22301,1,-1
2024-11-28 15:16:21.689,22301,22302,22301,1,-1
2024-11-28 15:16:21.689,22301,22302,22301,1,-1
2024-11-28 15:16:21.690,22301,22302,22301,1,-1
2024-11-28 15:16:21.690,22301,22302,22301,10,-10
2024-11-28 15:16:21.691,22301,22302,22300,2,-2
2024-11-28 15:16:21.691,22301,22302,22300,6,-6
2024-11-28 15:16:21.695,22301,22302,22299,1,-1
2024-11-28 15:16:25.329,22298,22300,22300,1,1
2024-11-28 15:16:28.862,22298,22301,22301,1,1
2024-11-28 15:16:33.925,22303,22304,22303,1,-1
2024-11-28 15:16:36.679,22302,22304,22304,1,1
2024-11-28 15:16:37.344,22303,22305,22305,1,1
2024-11-28 15:16:37.456,22306,22308,22306,1,-1
2024-11-28 15:16:38.358,22305,22308,22305,1,-1
2024-11-28 15:16:45.589,22305,22307,22307,1,1
2024-11-28 15:17:02.435,22308,22310,22310,1,1
2024-11-28 15:17:05.184,22308,22310,22310,1,1
2024-11-28 15:17:08.959,22308,22309,22309,1,1
2024-11-28 15:17:09.237,22309,22312,22312,1,1
2024-11-28 15:17:09.321,22309,22312,22310,1,-1
2024-11-28 15:17:10.526,22310,22313,22310,2,-2
2024-11-28 15:17:11.012,22309,22312,22312,1,1
2024-11-28 15:17:21.271,22308,22309,22308,1,-1
2024-11-28 15:17:24.092,22307,22310,22310,1,1
2024-11-28 15:17:27.796,22307,22310,22307,1,-1
2024-11-28 15:17:30.058,22307,22310,22307,1,-1
2024-11-28 15:17:30.181,22306,22309,22306,1,-1
2024-11-28 15:17:43.109,22305,22309,22308,1,1
2024-11-28 15:17:43.745,22305,22308,22308,1,1
2024-11-28 15:18:04.563,22310,22311,22311,3,3
2024-11-28 15:18:04.685,22311,22312,22311,1,-1
2024-11-28 15:18:07.182,22310,22311,22310,1,-1
2024-11-28 15:18:09.889,22307,22309,22309,1,1
2024-11-28 15:18:26.841,22308,22310,22310,1,1
2024-11-28 15:18:26.842,22308,22310,22311,4,4
2024-11-28 15:18:27.245,22311,22312,22312,3,3
2024-11-28 15:18:27.245,22311,22312,22312,1,1
2024-11-28 15:18:27.305,22312,22314,22312,1,-1
2024-11-28 15:18:27.306,22312,22314,22311,1,-1
2024-11-28 15:18:27.306,22312,22314,22311,1,-1
2024-11-28 15:18:27.348,22312,22314,22312,1,-1
2024-11-28 15:18:33.204,22310,22312,22312,1,1
2024-11-28 15:18:35.734,22310,22312,22310,1,-1
2024-11-28 15:18:46.569,22310,22312,22310,1,-1
2024-11-28 15:18:56.484,22310,22312,22310,8,-8
2024-11-28 15:19:17.448,22310,22312,22310,1,-1
2024-11-28 15:19:17.448,22310,22312,22309,1,-1
2024-11-28 15:19:18.371,22310,22312,22312,1,1
2024-11-28 15:19:29.689,22310,22311,22311,2,2
2024-11-28 15:19:42.098,22310,22311,22311,1,1
2024-11-28 15:19:42.098,22310,22311,22311,1,1
2024-11-28 15:19:42.145,22310,22311,22311,1,1
2024-11-28 15:20:04.162,22310,22312,22312,1,1
2024-11-28 15:20:07.484,22310,22312,22310,1,-1
2024-11-28 15:20:08.958,22309,22311,22311,1,1
2024-11-28 15:20:22.706,22308,22310,22308,1,-1
2024-11-28 15:20:22.708,22308,22310,22307,21,-21
2024-11-28 15:20:22.709,22308,22310,22306,1,-1
2024-11-28 15:20:22.710,22308,22310,22305,1,-1
2024-11-28 15:20:22.732,22308,22310,22305,1,-1
2024-11-28 15:20:22.769,22308,22310,22306,1,-1
2024-11-28 15:20:23.282,22304,22306,22306,1,1
2024-11-28 15:20:38.508,22307,22308,22308,1,1
2024-11-28 15:20:38.509,22307,22308,22308,1,1
2024-11-28 15:20:42.301,22307,22309,22307,1,-1
2024-11-28 15:20:42.428,22304,22307,22307,1,1
2024-11-28 15:21:00.778,22308,22311,22311,1,1
2024-11-28 15:22:11.365,22305,22307,22305,1,-1
2024-11-28 15:22:12.360,22303,22305,22303,1,-1
2024-11-28 15:22:12.521,22302,22305,22305,1,1
2024-11-28 15:22:12.835,22303,22305,22305,1,1
2024-11-28 15:22:13.152,22305,22308,22306,2,-2
2024-11-28 15:22:32.729,22302,22305,22305,1,1
2024-11-28 15:22:39.990,22300,22302,22300,1,-1
2024-11-28 15:22:39.990,22300,22302,22300,4,-4
2024-11-28 15:22:40.029,22300,22302,22299,1,-1
2024-11-28 15:22:40.051,22300,22302,22300,1,-1
2024-11-28 15:22:40.242,22298,22300,22300,1,1
2024-11-28 15:22:41.365,22299,22302,22302,1,1
2024-11-28 15:22:45.207,22300,22302,22300,1,-1
2024-11-28 15:22:50.955,22300,22302,22300,1,-1
2024-11-28 15:22:57.987,22299,22300,22300,1,1
2024-11-28 15:22:59.463,22299,22301,22301,3,3
2024-11-28 15:22:59.463,22299,22301,22302,5,5
2024-11-28 15:22:59.539,22299,22301,22305,1,1
2024-11-28 15:22:59.974,22302,22305,22305,1,1
2024-11-28 15:23:11.698,22300,22302,22300,1,-1
2024-11-28 15:23:12.599,22299,22302,22299,1,-1
2024-11-28 15:23:12.772,22299,22302,22302,1,1
2024-11-28 15:23:19.826,22301,22303,22301,1,-1
2024-11-28 15:23:26.059,22299,22300,22299,1,-1
2024-11-28 15:23:29.947,22298,22299,22299,1,1
2024-11-28 15:23:29.951,22298,22299,22299,1,1
2024-11-28 15:23:30.272,22300,22302,22300,1,-1
2024-11-28 15:23:31.956,22301,22304,22304,1,1
2024-11-28 15:24:05.727,22301,22302,22301,1,-1
2024-11-28 15:24:15.158,22301,22302,22301,3,-3
2024-11-28 15:24:15.759,22300,22301,22301,1,1
2024-11-28 15:24:18.068,22300,22301,22300,1,-1
2024-11-28 15:24:20.476,22299,22300,22299,3,-3
2024-11-28 15:24:20.477,22299,22300,22298,5,-5
2024-11-28 15:24:20.479,22299,22300,22297,1,-1
2024-11-28 15:24:20.480,22299,22300,22297,2,-2
2024-11-28 15:24:23.555,22296,22297,22297,2,2
2024-11-28 15:24:23.555,22296,22297,22299,5,5
2024-11-28 15:24:23.555,22296,22297,22300,1,1
2024-11-28 15:24:27.572,22298,22300,22298,1,-1
2024-11-28 15:24:33.643,22297,22299,22297,1,-1
2024-11-28 15:24:34.479,22298,22300,22299,2,-2
2024-11-28 15:24:35.618,22297,22299,22299,1,1
2024-11-28 15:24:39.422,22298,22300,22299,1,1
2024-11-28 15:24:48.732,22298,22300,22298,1,-1
2024-11-28 15:24:48.732,22298,22300,22298,2,-2
2024-11-28 15:24:50.782,22295,22298,22295,2,-2
2024-11-28 15:24:50.938,22295,22297,22295,1,-1
2024-11-28 15:24:51.362,22295,22297,22295,1,-1
2024-11-28 15:24:51.362,22295,22297,22294,1,-1
2024-11-28 15:24:52.289,22294,22296,22294,1,-1
2024-11-28 15:24:52.681,22294,22296,22296,1,1
2024-11-28 15:25:02.374,22293,22296,22293,1,-1
2024-11-28 15:25:02.375,22293,22296,22294,1,-1
2024-11-28 15:25:02.375,22293,22296,22293,1,-1
2024-11-28 15:25:02.439,22294,22296,22294,1,-1
2024-11-28 15:25:02.440,22294,22296,22293,1,-1
2024-11-28 15:25:02.441,22294,22296,22293,2,-2
2024-11-28 15:25:02.797,22292,22294,22295,1,1
2024-11-28 15:25:02.797,22292,22294,22294,1,1
2024-11-28 15:25:02.913,22293,22295,22293,1,-1
2024-11-28 15:25:03.004,22292,22295,22292,1,-1
2024-11-28 15:25:03.055,22292,22294,22292,1,-1
2024-11-28 15:25:03.141,22292,22294,22294,1,1
2024-11-28 15:25:04.534,22292,22293,22293,1,1
2024-11-28 15:25:07.639,22292,22294,22294,1,1
2024-11-28 15:25:07.933,22292,22294,22294,1,1
2024-11-28 15:25:09.368,22293,22294,22293,1,-1
2024-11-28 15:25:10.959,22291,22292,22291,12,-12
2024-11-28 15:25:10.960,22291,22292,22290,1,-1
2024-11-28 15:25:10.961,22291,22292,22290,19,-19
2024-11-28 15:25:10.961,22291,22292,22289,1,-1
2024-11-28 15:25:11.240,22288,22289,22288,1,-1
2024-11-28 15:25:11.241,22288,22289,22288,1,-1
2024-11-28 15:25:11.341,22287,22289,22287,1,-1
2024-11-28 15:25:11.631,22288,22290,22288,1,-1
2024-11-28 15:25:13.694,22286,22289,22286,2,-2
2024-11-28 15:25:13.698,22286,22289,22286,1,-1
2024-11-28 15:25:13.699,22286,22289,22286,3,-3
2024-11-28 15:25:13.700,22286,22289,22286,4,-4
2024-11-28 15:25:13.701,22286,22289,22285,8,-8
2024-11-28 15:25:13.730,22286,22289,22285,1,-1
2024-11-28 15:25:13.840,22284,22286,22284,1,-1
2024-11-28 15:25:13.891,22284,22286,22286,1,1
2024-11-28 15:25:13.901,22284,22286,22284,2,-2
2024-11-28 15:25:13.902,22284,22286,22284,2,-2
2024-11-28 15:25:13.908,22284,22286,22284,2,-2
2024-11-28 15:25:14.076,22284,22286,22284,1,-1
2024-11-28 15:25:14.077,22284,22286,22284,2,-2
2024-11-28 15:25:15.630,22283,22286,22283,1,-1
2024-11-28 15:25:15.826,22283,22284,22283,1,-1
2024-11-28 15:25:15.826,22283,22284,22283,1,-1
2024-11-28 15:25:15.826,22283,22284,22283,1,-1
2024-11-28 15:25:16.190,22283,22285,22283,1,-1
2024-11-28 15:25:18.173,22284,22286,22286,1,1
2024-11-28 15:25:23.491,22284,22286,22285,1,1
2024-11-28 15:25:23.556,22284,22286,22284,1,-1
2024-11-28 15:25:23.815,22284,22285,22284,1,-1
2024-11-28 15:25:24.767,22283,22285,22285,1,1
2024-11-28 15:25:25.091,22284,22286,22286,1,1
2024-11-28 15:25:25.508,22284,22286,22284,2,-2
2024-11-28 15:25:26.724,22284,22286,22284,1,-1
2024-11-28 15:25:30.121,22284,22286,22286,1,1
2024-11-28 15:25:30.123,22284,22286,22287,1,1
2024-11-28 15:25:30.173,22284,22286,22288,1,1
2024-11-28 15:25:30.173,22284,22286,22288,1,1
2024-11-28 15:25:30.177,22284,22286,22288,1,1
2024-11-28 15:25:30.181,22284,22286,22287,1,1
2024-11-28 15:25:30.187,22284,22286,22286,1,1
2024-11-28 15:25:30.227,22284,22286,22287,1,1
2024-11-28 15:25:34.944,22286,22288,22286,2,-2
2024-11-28 15:25:36.830,22285,22288,22285,2,-2
2024-11-28 15:25:42.061,22284,22287,22284,1,-1
2024-11-28 15:25:42.180,22284,22286,22284,1,-1
2024-11-28 15:25:42.180,22284,22286,22283,1,-1
2024-11-28 15:25:43.049,22282,22284,22283,2,-2
2024-11-28 15:25:43.224,22282,22284,22282,1,-1
2024-11-28 15:25:43.390,22282,22284,22282,1,-1
2024-11-28 15:25:43.713,22282,22284,22284,1,1
2024-11-28 15:25:46.749,22282,22284,22284,1,1
2024-11-28 15:25:47.668,22282,22284,22282,1,-1
2024-11-28 15:25:49.183,22282,22284,22282,1,-1
2024-11-28 15:25:49.332,22281,22283,22281,1,-1
2024-11-28 15:25:49.508,22280,22283,22280,1,-1
2024-11-28 15:25:49.510,22280,22283,22280,1,-1
2024-11-28 15:25:49.510,22280,22283,22280,18,-18
2024-11-28 15:25:49.574,22278,22280,22278,1,-1
2024-11-28 15:25:49.595,22278,22280,22278,2,-2
2024-11-28 15:25:49.596,22278,22280,22278,1,-1
2024-11-28 15:25:49.596,22278,22280,22278,1,-1
2024-11-28 15:25:49.596,22278,22280,22278,2,-2
2024-11-28 15:25:49.640,22278,22280,22277,2,-2
2024-11-28 15:25:49.640,22278,22280,22276,3,-3
2024-11-28 15:25:49.691,22276,22278,22277,1,-1
2024-11-28 15:25:49.793,22276,22278,22277,2,-2
2024-11-28 15:25:49.862,22276,22279,22276,1,-1
2024-11-28 15:25:50.040,22276,22279,22277,1,-1
2024-11-28 15:25:50.853,22277,22279,22279,1,1
2024-11-28 15:25:50.857,22277,22279,22277,3,-3
2024-11-28 15:25:50.857,22277,22279,22276,1,-1
2024-11-28 15:25:57.880,22277,22280,22277,1,-1
2024-11-28 15:26:00.374,22277,22280,22280,2,2
2024-11-28 15:26:00.374,22277,22280,22280,2,2
2024-11-28 15:26:00.383,22277,22280,22282,1,1
2024-11-28 15:26:00.432,22280,22282,22280,1,-1
2024-11-28 15:26:00.432,22280,22282,22279,1,-1
2024-11-28 15:26:00.432,22280,22282,22279,1,-1
2024-11-28 15:26:00.435,22280,22282,22279,1,-1
2024-11-28 15:26:01.363,22277,22279,22277,2,-2
2024-11-28 15:26:01.430,22276,22279,22276,1,-1
2024-11-28 15:26:01.431,22276,22279,22275,1,-1
2024-11-28 15:26:01.431,22276,22279,22275,1,-1
2024-11-28 15:26:01.431,22276,22279,22276,1,-1
2024-11-28 15:26:01.431,22276,22279,22276,1,-1
2024-11-28 15:26:01.432,22276,22279,22275,1,-1
2024-11-28 15:26:01.432,22276,22279,22275,1,-1
2024-11-28 15:26:01.432,22276,22279,22276,1,-1
2024-11-28 15:26:01.433,22276,22279,22275,1,-1
2024-11-28 15:26:01.448,22276,22279,22275,1,-1
2024-11-28 15:26:01.638,22274,22277,22274,1,-1
2024-11-28 15:26:01.664,22274,22277,22275,1,-1
2024-11-28 15:26:01.702,22274,22276,22274,2,-2
2024-11-28 15:26:01.722,22274,22276,22275,1,-1
2024-11-28 15:26:01.749,22274,22276,22275,1,-1
2024-11-28 15:26:01.754,22274,22276,22276,1,1
2024-11-28 15:26:01.817,22273,22276,22276,1,1
2024-11-28 15:26:01.841,22273,22276,22276,1,1
2024-11-28 15:26:02.218,22274,22277,22277,1,1
2024-11-28 15:26:03.793,22273,22276,22276,1,1
2024-11-28 15:26:05.134,22273,22276,22273,4,-4
2024-11-28 15:26:05.134,22273,22276,22272,1,-1
2024-11-28 15:26:05.817,22272,22274,22274,1,1
2024-11-28 15:26:06.039,22272,22274,22274,1,1
2024-11-28 15:26:06.211,22273,22276,22275,1,1
2024-11-28 15:26:07.436,22275,22277,22275,1,-1
2024-11-28 15:26:07.555,22274,22277,22274,1,-1
2024-11-28 15:26:07.555,22274,22277,22274,1,-1
2024-11-28 15:26:07.555,22274,22277,22273,1,-1
2024-11-28 15:26:07.555,22274,22277,22273,1,-1
2024-11-28 15:26:07.555,22274,22277,22273,1,-1
2024-11-28 15:26:07.556,22274,22277,22271,1,-1
2024-11-28 15:26:07.556,22274,22277,22271,1,-1
2024-11-28 15:26:07.556,22274,22277,22271,1,-1
2024-11-28 15:26:07.556,22274,22277,22272,1,-1
2024-11-28 15:26:07.556,22274,22277,22272,1,-1
2024-11-28 15:26:07.556,22274,22277,22272,1,-1
2024-11-28 15:26:07.557,22274,22277,22271,1,-1
2024-11-28 15:26:07.557,22274,22277,22271,1,-1
2024-11-28 15:26:07.563,22274,22277,22271,1,-1
2024-11-28 15:26:07.903,22271,22273,22273,1,1
2024-11-28 15:26:08.530,22271,22274,22274,1,1
2024-11-28 15:26:09.355,22271,22274,22273,1,1
2024-11-28 15:26:09.605,22271,22274,22273,1,1
2024-11-28 15:26:09.804,22271,22274,22271,1,-1
2024-11-28 15:26:12.294,22271,22273,22271,2,-2
2024-11-28 15:26:12.700,22271,22273,22270,2,-2
2024-11-28 15:26:12.700,22271,22273,22271,1,-1
2024-11-28 15:26:12.835,22270,22273,22270,1,-1
2024-11-28 15:26:13.401,22270,22272,22272,1,1
2024-11-28 15:26:13.942,22270,22272,22272,1,1
2024-11-28 15:26:14.472,22271,22273,22271,1,-1
2024-11-28 15:26:14.472,22271,22273,22270,2,-2
2024-11-28 15:26:14.806,22270,22273,22270,1,-1
2024-11-28 15:26:14.986,22270,22273,22270,3,-3
2024-11-28 15:26:16.452,22270,22272,22270,1,-1
2024-11-28 15:26:16.452,22270,22272,22268,3,-3
2024-11-28 15:26:16.584,22268,22271,22268,2,-2
2024-11-28 15:26:16.584,22268,22271,22267,3,-3
2024-11-28 15:26:16.584,22268,22271,22266,17,-17
2024-11-28 15:26:16.584,22268,22271,22265,2,-2
2024-11-28 15:26:16.586,22268,22271,22265,1,-1
2024-11-28 15:26:16.695,22265,22267,22265,1,-1
2024-11-28 15:26:16.813,22264,22267,22267,1,1
2024-11-28 15:26:16.985,22266,22268,22268,1,1
2024-11-28 15:26:17.332,22266,22268,22268,1,1
2024-11-28 15:26:17.337,22266,22268,22268,1,1
2024-11-28 15:26:17.355,22266,22268,22266,1,-1
2024-11-28 15:26:17.564,22266,22268,22266,1,-1
2024-11-28 15:26:18.762,22265,22268,22268,1,1
2024-11-28 15:26:18.806,22265,22269,22265,1,-1
2024-11-28 15:26:18.806,22265,22269,22265,1,-1
2024-11-28 15:26:18.806,22265,22269,22265,1,-1
2024-11-28 15:26:18.814,22265,22269,22263,1,-1
2024-11-28 15:26:18.814,22265,22269,22263,1,-1
2024-11-28 15:26:18.814,22265,22269,22264,1,-1
2024-11-28 15:26:18.814,22265,22269,22263,1,-1
2024-11-28 15:26:18.814,22265,22269,22264,1,-1
2024-11-28 15:26:18.814,22265,22269,22264,1,-1
2024-11-28 15:26:18.814,22265,22269,22265,1,-1
2024-11-28 15:26:18.822,22265,22269,22264,2,-2
2024-11-28 15:26:19.691,22263,22266,22266,1,1
2024-11-28 15:26:20.298,22263,22266,22266,1,1
2024-11-28 15:26:20.589,22264,22267,22267,1,1
2024-11-28 15:26:21.267,22265,22267,22267,1,1
2024-11-28 15:26:21.316,22265,22267,22265,1,-1
2024-11-28 15:26:21.316,22265,22267,22264,1,-1
2024-11-28 15:26:21.316,22265,22267,22263,2,-2
2024-11-28 15:26:21.833,22263,22265,22263,1,-1
2024-11-28 15:26:21.844,22263,22265,22264,1,-1
2024-11-28 15:26:22.252,22262,22265,22265,1,1
2024-11-28 15:26:22.825,22262,22264,22264,1,1
2024-11-28 15:26:22.889,22262,22264,22265,1,1
2024-11-28 15:26:22.895,22262,22264,22265,1,1
2024-11-28 15:26:23.109,22264,22266,22266,1,1
2024-11-28 15:26:23.148,22264,22266,22264,1,-1
2024-11-28 15:26:23.148,22264,22266,22263,1,-1
2024-11-28 15:26:23.148,22264,22266,22262,1,-1
2024-11-28 15:26:23.383,22263,22266,22263,1,-1
2024-11-28 15:26:23.482,22263,22266,22263,1,-1
2024-11-28 15:26:23.634,22262,22265,22263,1,-1
2024-11-28 15:26:24.095,22263,22265,22262,2,-2
2024-11-28 15:26:24.095,22263,22265,22261,2,-2
2024-11-28 15:26:24.095,22263,22265,22260,6,-6
2024-11-28 15:26:24.733,22261,22263,22263,1,1
2024-11-28 15:26:25.282,22261,22263,22263,1,1
2024-11-28 15:26:25.548,22261,22264,22260,1,-1
2024-11-28 15:26:25.548,22261,22264,22261,1,-1
2024-11-28 15:26:25.549,22261,22264,22263,1,1
2024-11-28 15:26:25.600,22261,22264,22264,1,1
2024-11-28 15:26:25.601,22261,22264,22264,1,1
2024-11-28 15:26:25.603,22261,22264,22265,4,4
2024-11-28 15:26:25.707,22265,22268,22268,1,1
2024-11-28 15:26:25.735,22265,22268,22266,1,-1
2024-11-28 15:26:25.930,22266,22268,22268,1,1
2024-11-28 15:26:25.945,22266,22268,22266,2,-2
2024-11-28 15:26:25.945,22266,22268,22265,1,-1
2024-11-28 15:26:26.990,22265,22268,22265,3,-3
2024-11-28 15:26:26.990,22265,22268,22264,2,-2
2024-11-28 15:26:26.990,22265,22268,22263,6,-6
2024-11-28 15:26:26.990,22265,22268,22262,5,-5
2024-11-28 15:26:27.006,22265,22268,22263,1,-1
2024-11-28 15:26:27.007,22265,22268,22263,2,-2
2024-11-28 15:26:27.055,22261,22264,22261,1,-1
2024-11-28 15:26:27.055,22261,22264,22261,1,-1
2024-11-28 15:26:27.056,22261,22264,22260,1,-1
2024-11-28 15:26:27.056,22261,22264,22260,1,-1
2024-11-28 15:26:27.056,22261,22264,22259,1,-1
2024-11-28 15:26:27.056,22261,22264,22259,1,-1
2024-11-28 15:26:27.056,22261,22264,22259,1,-1
2024-11-28 15:26:27.056,22261,22264,22259,1,-1
2024-11-28 15:26:27.056,22261,22264,22258,1,-1
2024-11-28 15:26:27.057,22261,22264,22258,1,-1
2024-11-28 15:26:27.058,22261,22264,22261,1,-1
2024-11-28 15:26:27.059,22261,22264,22261,2,-2
2024-11-28 15:26:27.060,22261,22264,22262,5,-5
2024-11-28 15:26:27.060,22261,22264,22260,1,-1
2024-11-28 15:26:27.062,22261,22264,22262,1,-1
2024-11-28 15:26:27.373,22260,22263,22263,1,1
2024-11-28 15:26:27.417,22260,22263,22263,1,1
2024-11-28 15:26:27.423,22260,22263,22263,2,2
2024-11-28 15:26:27.450,22260,22263,22263,1,1
2024-11-28 15:26:27.499,22260,22263,22260,1,-1
2024-11-28 15:26:27.538,22260,22263,22263,1,1
2024-11-28 15:26:27.604,22261,22264,22261,2,-2
2024-11-28 15:26:27.627,22261,22264,22263,3,3
2024-11-28 15:26:27.719,22262,22264,22262,1,-1
2024-11-28 15:26:27.719,22262,22264,22260,1,-1
2024-11-28 15:26:28.519,22262,22264,22262,1,-1
2024-11-28 15:26:29.186,22261,22264,22261,1,-1
2024-11-28 15:26:29.186,22261,22264,22260,1,-1
2024-11-28 15:26:29.614,22260,22263,22263,1,1
2024-11-28 15:26:29.721,22260,22263,22263,1,1
2024-11-28 15:26:29.827,22260,22263,22263,1,1
2024-11-28 15:26:30.362,22260,22263,22264,1,1
2024-11-28 15:26:30.716,22261,22263,22263,1,1
2024-11-28 15:26:31.478,22261,22263,22263,2,2
2024-11-28 15:26:32.765,22262,22264,22262,1,-1
2024-11-28 15:26:35.295,22262,22264,22264,1,1
2024-11-28 15:26:35.295,22262,22264,22264,2,2
2024-11-28 15:26:35.310,22263,22266,22266,2,2
2024-11-28 15:26:35.392,22263,22266,22267,1,1
2024-11-28 15:26:35.435,22265,22268,22268,2,2
2024-11-28 15:26:35.518,22265,22268,22269,2,2
2024-11-28 15:26:35.518,22265,22268,22270,1,1
2024-11-28 15:26:35.520,22265,22268,22270,4,4
2024-11-28 15:26:36.020,22267,22271,22267,1,-1
2024-11-28 15:26:36.055,22267,22270,22267,1,-1
2024-11-28 15:26:36.056,22267,22270,22267,1,-1
2024-11-28 15:26:36.056,22267,22270,22267,1,-1
2024-11-28 15:26:36.056,22267,22270,22267,1,-1
2024-11-28 15:26:36.056,22267,22270,22266,1,-1
2024-11-28 15:26:36.059,22267,22270,22268,1,-1
2024-11-28 15:26:36.060,22267,22270,22269,2,2
2024-11-28 15:26:36.202,22267,22270,22270,2,2
2024-11-28 15:26:36.378,22267,22270,22269,1,1
2024-11-28 15:26:38.218,22269,22272,22272,1,1
2024-11-28 15:26:40.867,22271,22274,22271,1,-1
2024-11-28 15:26:40.941,22271,22274,22274,1,1
2024-11-28 15:26:41.163,22272,22275,22276,1,1
2024-11-28 15:26:42.435,22276,22277,22277,1,1
2024-11-28 15:26:43.805,22277,22279,22279,1,1
2024-11-28 15:26:44.212,22277,22279,22279,2,2
2024-11-28 15:26:44.212,22277,22279,22280,2,2
2024-11-28 15:26:44.759,22278,22280,22278,3,-3
2024-11-28 15:26:44.759,22278,22280,22277,1,-1
2024-11-28 15:26:44.760,22278,22280,22276,1,-1
2024-11-28 15:26:44.968,22272,22275,22275,1,1
2024-11-28 15:26:45.978,22272,22275,22275,1,1
2024-11-28 15:26:46.479,22272,22276,22276,2,2
2024-11-28 15:26:46.646,22275,22277,22277,1,1
2024-11-28 15:26:48.481,22278,22280,22278,1,-1
2024-11-28 15:26:48.482,22278,22280,22277,1,-1
2024-11-28 15:26:48.483,22278,22280,22278,2,-2
2024-11-28 15:26:50.881,22277,22279,22279,1,1
2024-11-28 15:26:51.140,22277,22280,22277,3,-3
2024-11-28 15:26:52.694,22277,22278,22277,3,-3
2024-11-28 15:26:52.694,22277,22278,22276,1,-1
2024-11-28 15:26:52.936,22276,22277,22277,1,1
2024-11-28 15:26:54.225,22276,22278,22278,3,3
2024-11-28 15:26:54.434,22277,22278,22278,1,1
2024-11-28 15:26:57.384,22278,22279,22279,1,1
2024-11-28 15:26:57.456,22278,22279,22279,1,1
2024-11-28 15:26:58.543,22278,22279,22278,1,-1
2024-11-28 15:26:58.543,22278,22279,22277,2,-2
2024-11-28 15:26:58.543,22278,22279,22276,1,-1
2024-11-28 15:27:00.250,22276,22278,22276,3,-3
2024-11-28 15:27:00.356,22276,22278,22276,1,-1
2024-11-28 15:27:00.356,22276,22278,22275,1,-1
2024-11-28 15:27:00.565,22272,22275,22275,1,1
2024-11-28 15:27:01.226,22273,22275,22275,1,1
2024-11-28 15:27:05.678,22274,22276,22276,1,1
2024-11-28 15:27:06.832,22276,22279,22276,1,-1
2024-11-28 15:27:07.027,22276,22279,22277,1,-1
2024-11-28 15:27:07.055,22277,22279,22277,1,-1
2024-11-28 15:27:09.056,22277,22279,22279,2,2
2024-11-28 15:27:09.327,22278,22280,22280,4,4
2024-11-28 15:27:10.370,22279,22282,22282,2,2
2024-11-28 15:27:16.999,22278,22280,22280,1,1
2024-11-28 15:27:19.807,22280,22282,22280,1,-1
2024-11-28 15:27:20.325,22279,22282,22279,1,-1
2024-11-28 15:27:21.822,22280,22283,22283,2,2
2024-11-28 15:27:24.843,22280,22283,22281,2,-2
2024-11-28 15:27:25.084,22279,22281,22279,2,-2
2024-11-28 15:27:25.383,22279,22281,22281,1,1
2024-11-28 15:27:26.379,22280,22281,22281,1,1
2024-11-28 15:27:29.449,22280,22281,22280,1,-1
2024-11-28 15:27:29.723,22280,22281,22282,1,1
2024-11-28 15:27:29.723,22280,22281,22281,1,1
2024-11-28 15:27:30.382,22280,22282,22280,1,-1
2024-11-28 15:27:33.588,22279,22280,22279,1,-1
2024-11-28 15:27:33.589,22279,22280,22278,2,-2
2024-11-28 15:27:33.636,22279,22280,22275,1,-1
2024-11-28 15:27:36.562,22273,22276,22284,3,3
2024-11-28 15:27:36.562,22273,22276,22276,2,2
2024-11-28 15:27:36.562,22273,22276,22277,7,7
2024-11-28 15:27:36.562,22273,22276,22278,7,7
2024-11-28 15:27:36.562,22273,22276,22279,7,7
2024-11-28 15:27:36.562,22273,22276,22280,7,7
2024-11-28 15:27:36.562,22273,22276,22281,6,6
2024-11-28 15:27:36.562,22273,22276,22282,5,5
2024-11-28 15:27:36.562,22273,22276,22283,6,6
2024-11-28 15:27:38.174,22282,22283,22283,2,2
2024-11-28 15:27:40.536,22283,22285,22283,2,-2
2024-11-28 15:27:40.536,22283,22285,22282,1,-1
2024-11-28 15:27:41.912,22282,22284,22284,2,2
2024-11-28 15:27:43.741,22283,22284,22283,1,-1
2024-11-28 15:27:45.269,22283,22284,22283,1,-1
2024-11-28 15:27:45.638,22282,22284,22284,1,1
2024-11-28 15:27:48.382,22282,22284,22284,1,1
2024-11-28 15:27:48.382,22282,22284,22284,2,2
2024-11-28 15:27:48.927,22284,22285,22284,1,-1
2024-11-28 15:27:52.937,22284,22285,22285,1,1
2024-11-28 15:27:54.043,22284,22285,22285,1,1
2024-11-28 15:27:54.044,22284,22285,22285,1,1
2024-11-28 15:27:55.788,22285,22286,22287,1,1
2024-11-28 15:27:55.788,22285,22286,22286,1,1
2024-11-28 15:27:56.390,22285,22287,22287,1,1
2024-11-28 15:27:57.572,22285,22287,22285,1,-1
2024-11-28 15:28:00.490,22284,22285,22285,1,1
2024-11-28 15:28:00.884,22285,22287,22286,1,1
2024-11-28 15:28:02.163,22286,22287,22286,1,-1
2024-11-28 15:28:04.089,22285,22286,22285,1,-1
2024-11-28 15:28:08.968,22285,22286,22286,1,1
2024-11-28 15:28:12.730,22286,22287,22286,1,-1
2024-11-28 15:28:12.731,22286,22287,22286,1,-1
2024-11-28 15:28:12.731,22286,22287,22286,2,-2
2024-11-28 15:28:13.193,22285,22287,22285,1,-1
2024-11-28 15:28:13.193,22285,22287,22285,3,-3
2024-11-28 15:28:13.194,22285,22287,22284,1,-1
2024-11-28 15:28:13.194,22285,22287,22284,1,-1
2024-11-28 15:28:13.278,22285,22287,22284,2,-2
2024-11-28 15:28:17.862,22284,22286,22286,1,1
2024-11-28 15:28:19.810,22284,22286,22283,3,-3
2024-11-28 15:28:19.810,22284,22286,22284,2,-2
2024-11-28 15:28:26.030,22283,22285,22285,1,1
2024-11-28 15:28:26.261,22283,22286,22283,1,-1
2024-11-28 15:28:26.262,22283,22286,22283,1,-1
2024-11-28 15:28:26.296,22283,22286,22282,1,-1
2024-11-28 15:28:26.367,22282,22284,22282,1,-1
2024-11-28 15:28:26.876,22282,22284,22284,1,1
2024-11-28 15:28:34.986,22283,22284,22283,1,-1
2024-11-28 15:28:35.313,22282,22284,22284,2,2
2024-11-28 15:28:36.652,22282,22284,22282,1,-1
2024-11-28 15:28:36.705,22280,22283,22280,1,-1
2024-11-28 15:28:42.186,22278,22280,22278,1,-1
2024-11-28 15:28:42.186,22278,22280,22278,1,-1
2024-11-28 15:28:42.189,22278,22280,22277,1,-1
2024-11-28 15:28:42.435,22277,22278,22277,1,-1
2024-11-28 15:28:45.803,22276,22277,22276,1,-1
2024-11-28 15:28:46.050,22275,22276,22275,1,-1
2024-11-28 15:28:51.861,22272,22274,22272,5,-5
2024-11-28 15:28:52.612,22272,22274,22272,2,-2
2024-11-28 15:28:52.612,22272,22274,22271,1,-1
2024-11-28 15:28:53.876,22272,22274,22272,3,-3
2024-11-28 15:28:53.876,22272,22274,22271,4,-4
2024-11-28 15:28:53.876,22272,22274,22270,3,-3
2024-11-28 15:28:54.653,22270,22273,22270,1,-1
2024-11-28 15:28:54.717,22270,22273,22273,1,1
2024-11-28 15:28:56.261,22270,22273,22270,1,-1
2024-11-28 15:28:57.463,22270,22272,22272,1,1
2024-11-28 15:28:57.464,22270,22272,22273,2,2
2024-11-28 15:28:57.559,22273,22275,22273,1,-1
2024-11-28 15:28:58.369,22272,22275,22272,1,-1
2024-11-28 15:29:00.098,22274,22275,22275,1,1
2024-11-28 15:29:12.267,22274,22277,22277,1,1
2024-11-28 15:29:20.030,22275,22277,22277,2,2
2024-11-28 15:29:20.030,22275,22277,22277,1,1
2024-11-28 15:29:32.821,22275,22278,22276,1,-1
2024-11-28 15:29:36.309,22275,22276,22275,1,-1
2024-11-28 15:29:36.309,22275,22276,22275,2,-2
2024-11-28 15:29:43.614,22274,22275,22275,1,1
2024-11-28 15:29:44.302,22274,22276,22274,2,-2
2024-11-28 15:29:58.636,22274,22275,22274,1,-1
2024-11-28 15:29:58.636,22274,22275,22274,1,-1
2024-11-28 15:29:58.636,22274,22275,22274,1,-1
2024-11-28 15:29:58.637,22274,22275,22273,1,-1
2024-11-28 15:29:59.714,22272,22274,22272,1,-1
2024-11-28 15:30:01.720,22271,22273,22271,1,-1
2024-11-28 15:30:02.138,22271,22273,22271,1,-1
2024-11-28 15:30:02.325,22271,22273,22271,1,-1
2024-11-28 15:30:10.173,22272,22274,22274,1,1
2024-11-28 15:30:10.215,22272,22274,22276,1,1
2024-11-28 15:30:10.217,22272,22274,22277,1,1
2024-11-28 15:30:10.234,22272,22274,22278,1,1
2024-11-28 15:30:10.334,22277,22280,22280,1,1
2024-11-28 15:30:12.758,22278,22280,22278,1,-1
2024-11-28 15:30:12.805,22277,22280,22280,1,1
2024-11-28 15:30:23.443,22280,22283,22283,1,1
2024-11-28 15:30:27.585,22280,22283,22283,5,5
2024-11-28 15:30:34.945,22280,22283,22280,5,-5
2024-11-28 15:30:34.989,22280,22283,22278,1,-1
2024-11-28 15:30:40.739,22274,22276,22274,1,-1
2024-11-28 15:30:40.747,22274,22276,22272,5,-5
2024-11-28 15:30:42.437,22270,22273,22270,1,-1
2024-11-28 15:30:42.701,22270,22273,22270,1,-1
2024-11-28 15:30:50.393,22271,22273,22271,1,-1
2024-11-28 15:30:50.938,22270,22272,22270,1,-1
2024-11-28 15:30:52.030,22268,22270,22270,1,1
2024-11-28 15:30:52.033,22268,22270,22271,1,1
2024-11-28 15:31:00.643,22274,22276,22276,3,3
2024-11-28 15:31:13.868,22276,22278,22277,1,1
2024-11-28 15:31:13.931,22276,22278,22278,1,1
2024-11-28 15:31:16.696,22276,22278,22276,1,-1
2024-11-28 15:31:16.806,22276,22278,22278,1,1
2024-11-28 15:31:18.111,22276,22278,22276,4,-4
2024-11-28 15:31:18.112,22276,22278,22275,3,-3
2024-11-28 15:31:23.741,22272,22275,22272,1,-1
2024-11-28 15:31:23.805,22272,22275,22275,1,1
2024-11-28 15:31:30.721,22275,22277,22277,1,1
2024-11-28 15:31:31.005,22275,22277,22275,1,-1
2024-11-28 15:31:31.739,22274,22276,22274,1,-1
2024-11-28 15:31:39.627,22272,22274,22274,1,1
2024-11-28 15:31:53.491,22275,22278,22275,1,-1
2024-11-28 15:31:53.491,22275,22278,22274,1,-1
2024-11-28 15:31:56.208,22274,22277,22274,2,-2
2024-11-28 15:31:56.270,22274,22277,22274,1,-1
2024-11-28 15:31:58.807,22272,22274,22272,3,-3
2024-11-28 15:31:58.807,22272,22274,22271,2,-2
2024-11-28 15:31:58.807,22272,22274,22270,5,-5
2024-11-28 15:31:58.808,22272,22274,22270,1,-1
2024-11-28 15:31:58.808,22272,22274,22269,1,-1
2024-11-28 15:31:58.810,22272,22274,22268,7,-7
2024-11-28 15:31:59.016,22266,22268,22268,1,1
2024-11-28 15:32:01.954,22266,22268,22268,1,1
2024-11-28 15:32:02.569,22268,22270,22270,1,1
2024-11-28 15:32:04.469,22272,22274,22272,1,-1
2024-11-28 15:32:04.475,22272,22274,22274,3,3
2024-11-28 15:32:04.475,22272,22274,22275,2,2
2024-11-28 15:32:10.276,22272,22275,22272,3,-3
2024-11-28 15:32:10.531,22272,22274,22273,1,-1
2024-11-28 15:32:15.898,22272,22275,22272,2,-2
2024-11-28 15:32:15.898,22272,22275,22271,1,-1
2024-11-28 15:32:18.536,22270,22272,22270,1,-1
2024-11-28 15:32:20.027,22269,22272,22272,3,3
2024-11-28 15:32:26.656,22270,22273,22273,1,1
2024-11-28 15:32:27.433,22271,22272,22271,1,-1
2024-11-28 15:32:31.571,22270,22272,22270,4,-4
2024-11-28 15:32:35.847,22269,22271,22271,1,1
2024-11-28 15:32:36.846,22269,22271,22271,1,1
2024-11-28 15:32:39.104,22269,22270,22270,1,1
2024-11-28 15:32:39.104,22269,22270,22271,1,1
2024-11-28 15:32:42.696,22270,22271,22271,1,1
2024-11-28 15:32:44.401,22270,22272,22270,3,-3
2024-11-28 15:32:44.402,22270,22272,22269,1,-1
2024-11-28 15:32:44.402,22270,22272,22269,1,-1
2024-11-28 15:32:44.609,22267,22268,22268,1,1
2024-11-28 15:32:50.042,22267,22269,22267,1,-1
2024-11-28 15:32:52.068,22266,22268,22266,1,-1
2024-11-28 15:32:52.068,22266,22268,22266,3,-3
2024-11-28 15:32:52.681,22265,22266,22265,1,-1
2024-11-28 15:32:52.763,22265,22266,22265,1,-1
2024-11-28 15:32:52.764,22265,22266,22265,1,-1
2024-11-28 15:32:55.429,22267,22269,22269,1,1
2024-11-28 15:32:55.636,22267,22270,22268,1,-1
2024-11-28 15:32:55.636,22267,22270,22267,4,-4
2024-11-28 15:32:55.762,22266,22268,22266,1,-1
2024-11-28 15:32:57.664,22268,22270,22268,1,-1
2024-11-28 15:32:58.721,22267,22270,22267,1,-1
2024-11-28 15:33:00.971,22266,22267,22267,1,1
2024-11-28 15:33:02.549,22267,22270,22267,1,-1
2024-11-28 15:33:05.109,22267,22270,22267,1,-1
2024-11-28 15:33:08.651,22266,22267,22266,2,-2
2024-11-28 15:33:08.651,22266,22267,22266,1,-1
2024-11-28 15:33:09.967,22265,22267,22265,1,-1
2024-11-28 15:33:12.222,22265,22267,22265,1,-1
2024-11-28 15:33:13.746,22266,22268,22266,1,-1
2024-11-28 15:33:14.271,22266,22268,22268,3,3
2024-11-28 15:33:18.996,22270,22271,22271,1,1
2024-11-28 15:33:28.130,22270,22271,22270,1,-1
2024-11-28 15:33:28.442,22268,22270,22268,1,-1
2024-11-28 15:33:28.442,22268,22270,22267,2,-2
2024-11-28 15:33:28.446,22268,22270,22265,2,-2
2024-11-28 15:33:28.446,22268,22270,22264,7,-7
2024-11-28 15:33:34.115,22262,22263,22263,1,1
2024-11-28 15:33:34.151,22262,22263,22264,1,1
2024-11-28 15:33:36.101,22262,22264,22262,2,-2
2024-11-28 15:33:37.460,22262,22264,22262,1,-1
2024-11-28 15:33:37.800,22262,22264,22262,2,-2
2024-11-28 15:33:38.816,22260,22262,22258,1,-1
2024-11-28 15:33:38.816,22260,22262,22258,15,-15
2024-11-28 15:33:38.816,22260,22262,22257,2,-2
2024-11-28 15:33:38.816,22260,22262,22260,3,-3
2024-11-28 15:33:38.816,22260,22262,22259,1,-1
2024-11-28 15:33:38.817,22260,22262,22257,2,-2
2024-11-28 15:33:38.818,22260,22262,22257,2,-2
2024-11-28 15:33:38.818,22260,22262,22256,2,-2
2024-11-28 15:33:38.818,22260,22262,22257,4,-4
2024-11-28 15:33:38.818,22260,22262,22258,1,-1
2024-11-28 15:33:38.819,22260,22262,22257,1,-1
2024-11-28 15:33:38.832,22260,22262,22257,1,-1
2024-11-28 15:33:38.966,22256,22258,22256,2,-2
2024-11-28 15:33:38.968,22256,22258,22256,8,-8
2024-11-28 15:33:39.051,22256,22258,22256,2,-2
2024-11-28 15:33:39.506,22255,22257,22255,5,-5
2024-11-28 15:33:39.632,22254,22255,22256,2,2
2024-11-28 15:33:39.633,22254,22255,22257,5,5
2024-11-28 15:33:39.634,22254,22255,22258,1,1
2024-11-28 15:33:39.634,22254,22255,22258,1,1
2024-11-28 15:33:39.634,22254,22255,22258,1,1
2024-11-28 15:33:39.634,22254,22255,22258,18,18
2024-11-28 15:33:39.634,22254,22255,22258,10,10
2024-11-28 15:33:39.840,22257,22259,22259,1,1
2024-11-28 15:33:39.940,22257,22259,22259,1,1
2024-11-28 15:33:40.079,22258,22260,22258,1,-1
2024-11-28 15:33:40.101,22258,22260,22257,1,-1
2024-11-28 15:33:40.217,22257,22259,22257,1,-1
2024-11-28 15:33:40.579,22257,22259,22257,1,-1
2024-11-28 15:33:42.176,22256,22259,22256,1,-1
2024-11-28 15:33:44.734,22259,22260,22260,1,1
2024-11-28 15:33:46.799,22262,22263,22262,1,-1
2024-11-28 15:33:47.007,22259,22261,22261,1,1
2024-11-28 15:33:51.193,22259,22262,22261,1,1
2024-11-28 15:33:51.730,22261,22263,22261,1,-1
2024-11-28 15:33:57.161,22262,22264,22262,1,-1
2024-11-28 15:33:57.222,22260,22263,22263,1,1
2024-11-28 15:34:02.294,22260,22261,22261,1,1
2024-11-28 15:34:04.871,22260,22262,22260,2,-2
2024-11-28 15:34:05.739,22260,22261,22261,1,1
2024-11-28 15:34:05.739,22260,22261,22261,1,1
2024-11-28 15:34:07.224,22262,22263,22262,1,-1
2024-11-28 15:34:07.224,22262,22263,22261,2,-2
2024-11-28 15:34:09.705,22262,22263,22262,1,-1
2024-11-28 15:34:15.143,22261,22263,22263,1,1
2024-11-28 15:34:16.154,22263,22264,22263,2,-2
2024-11-28 15:34:16.154,22263,22264,22262,1,-1
2024-11-28 15:34:20.850,22263,22264,22263,1,-1
2024-11-28 15:34:21.550,22262,22264,22262,2,-2
2024-11-28 15:34:26.452,22262,22263,22263,1,1
2024-11-28 15:34:27.113,22262,22264,22264,3,3
2024-11-28 15:34:27.241,22265,22267,22267,1,1
2024-11-28 15:34:29.909,22265,22267,22265,1,-1
2024-11-28 15:34:38.323,22265,22266,22265,1,-1
2024-11-28 15:34:42.416,22262,22263,22263,1,1
2024-11-28 15:34:45.752,22263,22265,22265,2,2
2024-11-28 15:34:45.805,22265,22266,22266,1,1
2024-11-28 15:34:46.072,22265,22268,22268,1,1
2024-11-28 15:34:46.569,22265,22268,22265,1,-1
2024-11-28 15:34:47.105,22265,22267,22267,1,1
2024-11-28 15:34:49.406,22265,22266,22266,1,1
2024-11-28 15:34:51.452,22265,22266,22265,1,-1
2024-11-28 15:35:01.249,22263,22266,22264,1,-1
2024-11-28 15:35:07.687,22263,22266,22266,1,1
2024-11-28 15:35:08.046,22266,22267,22266,2,-2
2024-11-28 15:35:09.963,22265,22267,22267,2,2
2024-11-28 15:35:13.842,22264,22267,22264,1,-1
2024-11-28 15:35:14.007,22263,22265,22265,1,1
2024-11-28 15:35:14.485,22263,22265,22265,1,1
2024-11-28 15:35:20.940,22264,22267,22264,3,-3
2024-11-28 15:35:21.268,22263,22265,22264,1,-1
2024-11-28 15:35:23.586,22263,22264,22264,1,1
2024-11-28 15:35:29.574,22264,22267,22267,1,1
2024-11-28 15:35:35.593,22262,22265,22265,1,1
2024-11-28 15:35:36.648,22263,22265,22265,1,1
2024-11-28 15:35:38.900,22262,22265,22265,2,2
2024-11-28 15:35:52.920,22265,22266,22266,1,1
2024-11-28 15:35:52.921,22265,22266,22267,1,1
2024-11-28 15:35:52.921,22265,22266,22267,4,4
2024-11-28 15:35:57.386,22266,22268,22264,3,-3
2024-11-28 15:35:57.386,22266,22268,22264,1,-1
2024-11-28 15:35:57.386,22266,22268,22265,2,-2
2024-11-28 15:35:57.386,22266,22268,22265,1,-1
2024-11-28 15:35:57.386,22266,22268,22266,2,-2
2024-11-28 15:35:57.388,22266,22268,22263,1,-1
2024-11-28 15:35:57.390,22266,22268,22262,1,-1
2024-11-28 15:35:57.390,22266,22268,22262,1,-1
2024-11-28 15:35:59.271,22260,22262,22260,1,-1
2024-11-28 15:35:59.271,22260,22262,22260,5,-5
2024-11-28 15:35:59.272,22260,22262,22259,1,-1
2024-11-28 15:35:59.272,22260,22262,22259,1,-1
2024-11-28 15:35:59.660,22258,22259,22259,2,2
2024-11-28 15:36:01.646,22258,22261,22263,1,1
2024-11-28 15:36:02.875,22262,22264,22264,1,1
2024-11-28 15:36:08.606,22263,22264,22263,1,-1
2024-11-28 15:36:20.816,22263,22264,22263,1,-1
2024-11-28 15:36:31.526,22262,22264,22262,1,-1
2024-11-28 15:36:31.898,22261,22262,22261,1,-1
2024-11-28 15:36:31.899,22261,22262,22260,1,-1
2024-11-28 15:36:31.899,22261,22262,22260,2,-2
2024-11-28 15:36:43.188,22259,22260,22259,1,-1
2024-11-28 15:36:43.188,22259,22260,22259,1,-1
2024-11-28 15:36:43.189,22259,22260,22258,3,-3
2024-11-28 15:36:43.306,22257,22258,22257,1,-1
2024-11-28 15:36:43.307,22257,22258,22257,1,-1
2024-11-28 15:36:43.635,22256,22257,22257,1,1
2024-11-28 15:36:43.827,22256,22258,22258,1,1
2024-11-28 15:36:45.083,22258,22259,22260,4,4
2024-11-28 15:36:45.084,22258,22259,22261,5,5
2024-11-28 15:36:45.125,22258,22259,22262,1,1
2024-11-28 15:36:45.175,22258,22259,22263,1,1
2024-11-28 15:36:45.275,22260,22263,22262,1,1
2024-11-28 15:36:45.760,22260,22262,22262,1,1
2024-11-28 15:36:45.857,22260,22262,22262,1,1
2024-11-28 15:36:46.857,22260,22263,22263,1,1
2024-11-28 15:36:49.718,22261,22262,22261,1,-1
2024-11-28 15:36:50.058,22259,22261,22259,1,-1
2024-11-28 15:36:52.923,22259,22261,22260,1,-1
2024-11-28 15:36:54.278,22260,22262,22260,1,-1
2024-11-28 15:36:56.323,22261,22263,22260,10,-10
2024-11-28 15:36:59.765,22258,22260,22258,1,-1
2024-11-28 15:36:59.765,22258,22260,22258,2,-2
2024-11-28 15:36:59.884,22257,22258,22256,1,-1
2024-11-28 15:36:59.884,22257,22258,22255,1,-1
2024-11-28 15:36:59.884,22257,22258,22257,1,-1
2024-11-28 15:36:59.885,22257,22258,22255,3,-3
2024-11-28 15:36:59.999,22255,22257,22255,1,-1
2024-11-28 15:37:00.860,22256,22259,22259,1,1
2024-11-28 15:37:01.351,22258,22260,22260,1,1
2024-11-28 15:37:04.345,22258,22260,22260,1,1
2024-11-28 15:37:07.302,22258,22260,22260,1,1
2024-11-28 15:37:07.303,22260,22261,22260,1,-1
2024-11-28 15:37:07.331,22260,22261,22260,1,-1
2024-11-28 15:37:10.856,22258,22260,22258,1,-1
2024-11-28 15:37:11.164,22258,22260,22260,1,1
2024-11-28 15:37:11.366,22258,22261,22261,5,5
2024-11-28 15:37:12.629,22260,22262,22260,1,-1
2024-11-28 15:37:22.101,22259,22260,22260,3,3
2024-11-28 15:37:22.109,22259,22260,22262,3,3
2024-11-28 15:37:22.795,22262,22264,22263,1,1
2024-11-28 15:37:32.949,22263,22265,22265,2,2
2024-11-28 15:37:32.950,22263,22265,22265,6,6
2024-11-28 15:37:32.952,22263,22265,22266,2,2
2024-11-28 15:37:34.051,22266,22267,22266,1,-1
2024-11-28 15:37:44.834,22264,22265,22264,1,-1
2024-11-28 15:37:48.863,22264,22265,22265,1,1
2024-11-28 15:37:49.381,22264,22266,22266,1,1
2024-11-28 15:37:52.838,22264,22266,22266,1,1
2024-11-28 15:37:57.459,22264,22266,22266,2,2
2024-11-28 15:37:57.461,22264,22266,22267,1,1
2024-11-28 15:37:57.461,22264,22266,22267,1,1
2024-11-28 15:37:57.631,22266,22269,22269,2,2
2024-11-28 15:37:59.093,22267,22269,22269,1,1
2024-11-28 15:38:03.470,22267,22268,22267,1,-1
2024-11-28 15:38:03.556,22267,22268,22267,1,-1
2024-11-28 15:38:03.558,22267,22268,22266,1,-1
2024-11-28 15:38:03.559,22267,22268,22266,1,-1
2024-11-28 15:38:03.763,22264,22266,22266,1,1
2024-11-28 15:38:07.291,22264,22266,22266,1,1
2024-11-28 15:38:07.305,22264,22266,22264,1,-1
2024-11-28 15:38:07.306,22264,22266,22263,1,-1
2024-11-28 15:38:08.132,22263,22265,22265,1,1
2024-11-28 15:38:12.042,22263,22265,22265,1,1
2024-11-28 15:38:14.070,22264,22266,22264,1,-1
2024-11-28 15:38:21.083,22265,22267,22265,1,-1
2024-11-28 15:38:21.085,22265,22267,22263,1,-1
2024-11-28 15:38:21.310,22262,22263,22263,1,1
2024-11-28 15:38:24.083,22263,22265,22263,2,-2
2024-11-28 15:38:24.083,22263,22265,22262,1,-1
2024-11-28 15:38:24.181,22262,22265,22262,1,-1
2024-11-28 15:38:25.875,22262,22265,22262,1,-1
2024-11-28 15:38:30.164,22262,22264,22262,2,-2
2024-11-28 15:38:30.164,22262,22264,22262,1,-1
2024-11-28 15:38:30.642,22261,22264,22264,1,1
2024-11-28 15:38:55.176,22264,22266,22266,3,3
2024-11-28 15:38:55.178,22265,22267,22267,1,1
2024-11-28 15:38:55.533,22265,22268,22265,4,-4
2024-11-28 15:38:55.844,22263,22266,22265,1,1
2024-11-28 15:38:56.021,22263,22266,22266,1,1
2024-11-28 15:38:56.056,22264,22266,22264,1,-1
2024-11-28 15:39:01.488,22265,22268,22268,1,1
2024-11-28 15:39:03.488,22266,22268,22268,1,1
2024-11-28 15:39:04.545,22266,22268,22268,1,1
2024-11-28 15:39:05.326,22267,22269,22269,2,2
2024-11-28 15:39:06.415,22269,22270,22269,1,-1
2024-11-28 15:39:08.561,22268,22270,22268,1,-1
2024-11-28 15:39:11.640,22267,22270,22270,1,1
2024-11-28 15:39:11.697,22267,22270,22270,1,1
2024-11-28 15:39:21.786,22271,22272,22272,1,1
2024-11-28 15:39:22.465,22271,22274,22271,2,-2
2024-11-28 15:39:23.724,22269,22272,22272,1,1
2024-11-28 15:39:25.381,22270,22273,22273,1,1
2024-11-28 15:39:28.581,22273,22274,22274,1,1
2024-11-28 15:39:28.731,22273,22275,22275,3,3
2024-11-28 15:39:29.039,22274,22277,22274,4,-4
2024-11-28 15:39:41.533,22274,22275,22274,1,-1
2024-11-28 15:39:41.533,22274,22275,22274,1,-1
2024-11-28 15:39:51.747,22270,22273,22272,1,1
2024-11-28 15:39:58.225,22269,22271,22271,1,1
2024-11-28 15:40:03.216,22270,22272,22272,1,1
2024-11-28 15:40:18.880,22272,22274,22274,1,1
2024-11-28 15:40:34.247,22270,22272,22272,1,1
2024-11-28 15:40:37.063,22270,22273,22270,2,-2
2024-11-28 15:40:37.063,22270,22273,22270,1,-1
2024-11-28 15:40:39.854,22269,22271,22269,1,-1
2024-11-28 15:40:40.214,22268,22271,22271,1,1
2024-11-28 15:40:45.954,22269,22271,22269,2,-2
2024-11-28 15:40:54.490,22267,22268,22267,1,-1
2024-11-28 15:40:57.282,22265,22268,22266,1,-1
2024-11-28 15:41:00.386,22266,22267,22267,1,1
2024-11-28 15:41:00.821,22266,22267,22266,1,-1
2024-11-28 15:41:01.582,22265,22267,22265,1,-1
2024-11-28 15:41:13.806,22265,22266,22265,1,-1
2024-11-28 15:41:14.718,22263,22265,22265,1,1
2024-11-28 15:41:19.006,22263,22265,22263,2,-2
2024-11-28 15:41:19.483,22262,22263,22262,2,-2
2024-11-28 15:41:20.039,22260,22262,22262,1,1
2024-11-28 15:41:25.836,22260,22262,22260,1,-1
2024-11-28 15:41:26.103,22260,22262,22260,1,-1
2024-11-28 15:41:27.261,22260,22263,22260,1,-1
2024-11-28 15:41:27.503,22260,22262,22260,1,-1
2024-11-28 15:41:28.375,22260,22262,22260,2,-2
2024-11-28 15:41:28.807,22258,22260,22258,2,-2
2024-11-28 15:41:28.807,22258,22260,22258,6,-6
2024-11-28 15:41:28.807,22258,22260,22258,10,-10
2024-11-28 15:41:28.809,22258,22260,22257,1,-1
2024-11-28 15:41:28.857,22258,22260,22256,1,-1
2024-11-28 15:41:29.283,22255,22257,22255,1,-1
2024-11-28 15:41:29.325,22255,22257,22255,1,-1
2024-11-28 15:41:29.834,22255,22257,22255,1,-1
2024-11-28 15:41:30.234,22255,22256,22256,1,1
2024-11-28 15:41:30.262,22255,22256,22255,1,-1
2024-11-28 15:41:31.047,22255,22257,22255,1,-1
2024-11-28 15:41:32.727,22255,22257,22255,1,-1
2024-11-28 15:41:35.570,22255,22257,22257,1,1
2024-11-28 15:41:36.220,22255,22257,22255,1,-1
2024-11-28 15:41:36.574,22255,22257,22255,1,-1
2024-11-28 15:41:36.587,22255,22257,22257,2,2
2024-11-28 15:41:36.891,22257,22259,22257,1,-1
2024-11-28 15:41:36.959,22257,22259,22259,1,1
2024-11-28 15:41:37.521,22258,22261,22258,1,-1
2024-11-28 15:41:39.360,22258,22260,22260,1,1
2024-11-28 15:41:41.472,22260,22263,22260,1,-1
2024-11-28 15:41:53.403,22261,22263,22263,1,1
2024-11-28 15:41:56.961,22262,22263,22262,1,-1
2024-11-28 15:41:57.006,22262,22263,22260,3,-3
2024-11-28 15:41:57.010,22262,22263,22259,1,-1
2024-11-28 15:42:01.055,22255,22258,22255,2,-2
2024-11-28 15:42:01.056,22255,22258,22255,2,-2
2024-11-28 15:42:02.528,22255,22257,22254,1,-1
2024-11-28 15:42:03.148,22254,22257,22254,2,-2
2024-11-28 15:42:05.167,22256,22257,22256,2,-2
2024-11-28 15:42:07.378,22255,22258,22255,1,-1
2024-11-28 15:42:08.188,22255,22257,22255,1,-1
2024-11-28 15:42:12.319,22255,22258,22255,1,-1
2024-11-28 15:42:19.983,22257,22259,22257,1,-1
2024-11-28 15:42:19.983,22257,22259,22256,1,-1
2024-11-28 15:42:43.775,22256,22258,22256,3,-3
2024-11-28 15:42:44.561,22255,22256,22255,1,-1
2024-11-28 15:42:44.561,22255,22256,22253,1,-1
2024-11-28 15:42:45.051,22253,22256,22253,1,-1
2024-11-28 15:42:48.952,22253,22254,22252,5,-5
2024-11-28 15:42:50.897,22251,22252,22251,1,-1
2024-11-28 15:42:50.898,22251,22252,22250,23,-23
2024-11-28 15:42:50.899,22251,22252,22249,4,-4
2024-11-28 15:42:50.899,22251,22252,22249,1,-1
2024-11-28 15:42:50.899,22251,22252,22249,2,-2
2024-11-28 15:42:50.899,22251,22252,22249,1,-1
2024-11-28 15:42:50.900,22251,22252,22248,1,-1
2024-11-28 15:42:50.923,22251,22252,22248,1,-1
2024-11-28 15:42:50.937,22248,22250,22250,1,1
2024-11-28 15:42:50.937,22248,22250,22251,3,3
2024-11-28 15:42:51.059,22250,22251,22250,1,-1
2024-11-28 15:42:51.092,22250,22251,22251,1,1
2024-11-28 15:42:54.218,22248,22251,22251,1,1
2024-11-28 15:42:58.275,22250,22251,22251,2,2
2024-11-28 15:42:58.275,22250,22251,22251,4,4
2024-11-28 15:42:58.277,22250,22251,22252,1,1
2024-11-28 15:42:58.277,22250,22251,22252,4,4
2024-11-28 15:43:00.098,22250,22251,22250,2,-2
2024-11-28 15:43:00.687,22249,22250,22249,2,-2
2024-11-28 15:43:00.687,22249,22250,22249,1,-1
2024-11-28 15:43:00.687,22249,22250,22249,1,-1
2024-11-28 15:43:00.825,22247,22250,22250,1,1
2024-11-28 15:43:02.048,22247,22250,22250,1,1
2024-11-28 15:43:02.439,22247,22250,22247,1,-1
2024-11-28 15:43:02.622,22247,22249,22249,2,2
2024-11-28 15:43:02.633,22247,22249,22247,2,-2
2024-11-28 15:43:04.455,22248,22250,22247,3,-3
2024-11-28 15:43:04.455,22248,22250,22248,1,-1
2024-11-28 15:43:04.455,22248,22250,22246,2,-2
2024-11-28 15:43:04.958,22247,22249,22249,1,1
2024-11-28 15:43:05.976,22247,22249,22247,1,-1
2024-11-28 15:43:06.620,22246,22249,22246,1,-1
2024-11-28 15:43:06.942,22246,22249,22246,1,-1
2024-11-28 15:43:07.063,22246,22248,22248,1,1
2024-11-28 15:43:07.634,22246,22249,22246,1,-1
2024-11-28 15:43:08.336,22245,22247,22245,2,-2
2024-11-28 15:43:08.913,22244,22247,22244,2,-2
2024-11-28 15:43:09.029,22244,22246,22246,1,1
2024-11-28 15:43:09.409,22245,22247,22247,1,1
2024-11-28 15:43:15.641,22245,22247,22247,15,15
2024-11-28 15:43:17.021,22249,22250,22250,3,3
2024-11-28 15:43:17.021,22249,22250,22250,4,4
2024-11-28 15:43:17.591,22250,22251,22250,3,-3
2024-11-28 15:43:17.591,22250,22251,22249,2,-2
2024-11-28 15:43:21.928,22248,22250,22250,1,1
2024-11-28 15:43:26.514,22248,22249,22248,1,-1
2024-11-28 15:43:28.913,22247,22249,22247,1,-1
2024-11-28 15:43:28.930,22246,22249,22246,1,-1
2024-11-28 15:43:28.930,22246,22249,22246,1,-1
2024-11-28 15:43:29.370,22246,22248,22248,1,1
2024-11-28 15:43:30.821,22246,22247,22246,1,-1
2024-11-28 15:43:30.882,22246,22247,22247,1,1
2024-11-28 15:43:33.050,22245,22247,22245,1,-1
2024-11-28 15:43:37.032,22245,22247,22247,1,1
2024-11-28 15:43:38.377,22246,22249,22249,1,1
2024-11-28 15:43:41.232,22248,22251,22248,1,-1
2024-11-28 15:43:42.784,22248,22250,22248,2,-2
2024-11-28 15:43:47.175,22248,22250,22250,1,1
2024-11-28 15:43:47.984,22248,22251,22248,2,-2
2024-11-28 15:43:48.657,22248,22251,22251,1,1
2024-11-28 15:43:48.680,22248,22251,22248,1,-1
2024-11-28 15:43:49.977,22248,22250,22248,2,-2
2024-11-28 15:43:54.059,22248,22249,22249,1,1
2024-11-28 15:43:57.361,22248,22249,22249,1,1
2024-11-28 15:43:58.066,22248,22249,22248,3,-3
2024-11-28 15:44:00.662,22247,22248,22248,1,1
2024-11-28 15:44:03.964,22247,22249,22249,1,1
2024-11-28 15:44:06.991,22247,22249,22249,1,1
2024-11-28 15:44:06.991,22247,22249,22250,12,12
2024-11-28 15:44:06.991,22247,22249,22250,2,2
2024-11-28 15:44:06.991,22247,22249,22251,2,2
2024-11-28 15:44:06.992,22247,22249,22251,2,2
2024-11-28 15:44:06.992,22247,22249,22251,1,1
2024-11-28 15:44:06.992,22247,22249,22251,4,4
2024-11-28 15:44:06.992,22247,22249,22251,1,1
2024-11-28 15:44:06.992,22247,22249,22251,2,2
2024-11-28 15:44:06.992,22247,22249,22251,2,2
2024-11-28 15:44:07.238,22250,22253,22250,1,-1
2024-11-28 15:44:07.238,22250,22253,22249,1,-1
2024-11-28 15:44:07.698,22249,22251,22251,1,1
2024-11-28 15:44:07.766,22249,22251,22251,1,1
2024-11-28 15:44:07.766,22249,22251,22251,1,1
2024-11-28 15:44:10.339,22250,22252,22252,1,1
2024-11-28 15:44:11.068,22250,22252,22252,1,1
2024-11-28 15:44:15.169,22250,22252,22252,1,1
2024-11-28 15:44:15.497,22250,22252,22250,1,-1
2024-11-28 15:44:17.424,22251,22252,22252,1,1
2024-11-28 15:44:19.456,22251,22253,22251,2,-2
2024-11-28 15:44:19.456,22251,22253,22250,4,-4
2024-11-28 15:44:19.590,22250,22252,22250,3,-3
2024-11-28 15:44:20.472,22250,22252,22252,1,1
2024-11-28 15:44:25.213,22251,22253,22252,1,1
2024-11-28 15:44:28.579,22251,22252,22252,1,1
2024-11-28 15:44:28.579,22251,22252,22252,1,1
2024-11-28 15:44:31.095,22252,22254,22254,2,2
2024-11-28 15:44:31.448,22252,22254,22252,1,-1
2024-11-28 15:44:36.309,22252,22254,22254,3,3
2024-11-28 15:44:36.651,22253,22255,22253,1,-1
2024-11-28 15:44:36.992,22253,22255,22255,2,2
2024-11-28 15:44:41.641,22252,22253,22253,2,2
2024-11-28 15:44:45.691,22252,22253,22253,2,2
2024-11-28 15:44:51.372,22252,22253,22253,1,1
2024-11-28 15:44:51.372,22252,22253,22253,1,1
2024-11-28 15:44:56.193,22252,22253,22255,6,6
2024-11-28 15:44:56.193,22252,22253,22254,3,3
2024-11-28 15:44:56.193,22252,22253,22253,1,1
2024-11-28 15:44:58.920,22252,22254,22252,5,-5
2024-11-28 15:44:58.921,22252,22254,22251,1,-1
2024-11-28 15:44:58.922,22252,22254,22251,1,-1
2024-11-28 15:45:00.299,22250,22251,22250,1,-1
2024-11-28 15:45:01.555,22252,22254,22252,1,-1
2024-11-28 15:45:03.010,22251,22254,22251,1,-1
2024-11-28 15:45:03.069,22251,22254,22251,1,-1
2024-11-28 15:45:06.014,22253,22255,22255,1,1
2024-11-28 15:45:07.685,22254,22256,22256,2,2
2024-11-28 15:45:09.538,22256,22258,22256,1,-1
2024-11-28 15:45:13.868,22256,22258,22258,3,3
2024-11-28 15:45:13.915,22256,22258,22258,3,3
2024-11-28 15:45:13.947,22257,22259,22259,10,10
2024-11-28 15:45:13.948,22257,22259,22260,8,8
2024-11-28 15:45:13.948,22257,22259,22260,1,1
2024-11-28 15:45:13.948,22257,22259,22260,1,1
2024-11-28 15:45:14.066,22258,22261,22261,2,2
2024-11-28 15:45:14.066,22258,22261,22262,3,3
2024-11-28 15:45:14.642,22259,22262,22262,1,1
2024-11-28 15:45:14.840,22259,22262,22259,3,-3
2024-11-28 15:45:14.840,22259,22262,22258,4,-4
2024-11-28 15:45:14.840,22259,22262,22257,3,-3
2024-11-28 15:45:14.975,22258,22260,22260,1,1
2024-11-28 15:45:15.851,22258,22261,22258,2,-2
2024-11-28 15:45:22.094,22257,22259,22257,6,-6
2024-11-28 15:45:22.094,22257,22259,22257,1,-1
2024-11-28 15:45:22.094,22257,22259,22257,1,-1
2024-11-28 15:45:23.889,22252,22253,22253,1,1
2024-11-28 15:45:38.312,22256,22259,22256,1,-1
2024-11-28 15:45:38.313,22256,22259,22256,2,-2
2024-11-28 15:45:39.990,22257,22259,22259,1,1
2024-11-28 15:45:40.077,22257,22259,22259,1,1
2024-11-28 15:45:42.849,22259,22260,22260,1,1
2024-11-28 15:45:46.247,22259,22260,22260,1,1
2024-11-28 15:45:46.247,22259,22260,22260,9,9
2024-11-28 15:45:47.108,22260,22262,22262,1,1
2024-11-28 15:45:47.704,22262,22263,22262,1,-1
2024-11-28 15:45:47.911,22260,22262,22261,1,-1
2024-11-28 15:45:56.683,22260,22261,22261,1,1
2024-11-28 15:45:59.859,22260,22261,22261,1,1
2024-11-28 15:46:01.022,22260,22261,22261,1,1
2024-11-28 15:46:01.786,22261,22262,22262,1,1
2024-11-28 15:46:03.678,22261,22262,22262,1,1
2024-11-28 15:46:04.954,22261,22262,22262,3,3
2024-11-28 15:46:05.289,22262,22263,22262,1,-1
2024-11-28 15:46:06.888,22262,22263,22263,1,1
2024-11-28 15:46:08.886,22262,22263,22262,2,-2
2024-11-28 15:46:08.887,22262,22263,22262,3,-3
2024-11-28 15:46:08.887,22262,22263,22261,1,-1
2024-11-28 15:46:08.888,22262,22263,22261,1,-1
2024-11-28 15:46:12.140,22260,22262,22262,1,1
2024-11-28 15:46:15.481,22261,22264,22264,1,1
2024-11-28 15:46:16.941,22263,22266,22266,1,1
2024-11-28 15:46:21.295,22265,22266,22266,1,1
2024-11-28 15:46:24.373,22265,22266,22266,1,1
2024-11-28 15:46:26.697,22266,22268,22268,1,1
2024-11-28 15:46:27.002,22266,22268,22268,1,1
2024-11-28 15:46:27.588,22267,22269,22266,1,-1
2024-11-28 15:46:27.588,22267,22269,22267,2,-2
2024-11-28 15:46:29.609,22267,22270,22267,2,-2
2024-11-28 15:46:32.708,22268,22270,22270,1,1
2024-11-28 15:46:33.569,22268,22271,22271,1,1
2024-11-28 15:46:34.692,22268,22270,22270,2,2
2024-11-28 15:46:44.228,22270,22271,22271,2,2
2024-11-28 15:46:44.546,22270,22271,22271,1,1
2024-11-28 15:46:49.036,22270,22271,22271,1,1
2024-11-28 15:46:52.179,22270,22271,22270,1,-1
2024-11-28 15:46:53.463,22270,22271,22271,1,1
2024-11-28 15:46:55.366,22270,22271,22270,1,-1
2024-11-28 15:46:55.875,22267,22269,22269,1,1
2024-11-28 15:47:09.170,22269,22270,22269,1,-1
2024-11-28 15:47:09.240,22269,22270,22269,2,-2
2024-11-28 15:47:22.379,22269,22270,22270,4,4
2024-11-28 15:47:22.380,22269,22270,22271,1,1
2024-11-28 15:47:22.380,22269,22270,22271,9,9
2024-11-28 15:47:22.381,22269,22270,22272,6,6
2024-11-28 15:47:22.383,22269,22270,22273,2,2
2024-11-28 15:47:22.383,22269,22270,22273,1,1
2024-11-28 15:47:24.227,22273,22274,22274,1,1
2024-11-28 15:47:26.458,22274,22275,22275,1,1
2024-11-28 15:47:26.584,22274,22275,22274,1,-1
2024-11-28 15:47:27.584,22269,22272,22269,1,-1
2024-11-28 15:47:29.681,22269,22272,22269,1,-1
2024-11-28 15:47:39.934,22270,22272,22270,2,-2
2024-11-28 15:47:44.152,22269,22271,22271,3,3
2024-11-28 15:47:51.156,22269,22270,22270,1,1
2024-11-28 15:47:57.546,22270,22272,22270,1,-1
2024-11-28 15:47:57.548,22270,22272,22270,1,-1
2024-11-28 15:48:05.608,22269,22271,22271,1,1
2024-11-28 15:48:21.156,22269,22270,22270,2,2
2024-11-28 15:48:26.294,22269,22271,22269,1,-1
2024-11-28 15:48:26.294,22269,22271,22269,2,-2
2024-11-28 15:48:27.089,22268,22270,22268,1,-1
2024-11-28 15:48:27.089,22268,22270,22267,1,-1
2024-11-28 15:48:33.896,22267,22269,22269,1,1
2024-11-28 15:48:40.747,22267,22269,22269,1,1
2024-11-28 15:48:52.181,22268,22270,22270,4,4
2024-11-28 15:48:52.182,22268,22270,22271,3,3
2024-11-28 15:48:52.183,22268,22270,22271,2,2
2024-11-28 15:48:52.183,22268,22270,22271,1,1
2024-11-28 15:49:01.051,22267,22270,22270,1,1
2024-11-28 15:49:01.109,22268,22270,22268,1,-1
2024-11-28 15:49:07.853,22267,22270,22270,2,2
2024-11-28 15:49:07.853,22267,22270,22271,7,7
2024-11-28 15:49:12.413,22271,22272,22271,2,-2
2024-11-28 15:49:14.370,22271,22272,22272,2,2
2024-11-28 15:49:28.418,22272,22273,22273,2,2
2024-11-28 15:49:30.142,22272,22274,22274,1,1
2024-11-28 15:49:30.142,22272,22274,22275,1,1
2024-11-28 15:49:33.949,22274,22275,22275,1,1
2024-11-28 15:49:35.966,22274,22276,22276,1,1
2024-11-28 15:49:36.088,22274,22276,22276,1,1
2024-11-28 15:49:38.247,22274,22276,22276,1,1
2024-11-28 15:49:43.294,22273,22275,22275,1,1
2024-11-28 15:49:44.991,22273,22274,22273,1,-1
2024-11-28 15:49:45.106,22271,22273,22272,1,-1
2024-11-28 15:49:45.756,22272,22273,22273,1,1
2024-11-28 15:49:48.362,22272,22274,22272,1,-1
2024-11-28 15:50:11.644,22273,22274,22274,1,1
2024-11-28 15:50:11.644,22273,22274,22274,1,1
2024-11-28 15:50:12.141,22274,22275,22275,3,3
2024-11-28 15:50:13.086,22276,22277,22276,1,-1
2024-11-28 15:50:13.524,22276,22277,22277,1,1
2024-11-28 15:50:16.635,22276,22277,22276,1,-1
2024-11-28 15:50:18.893,22273,22274,22274,1,1
2024-11-28 15:50:19.065,22273,22275,22275,2,2
2024-11-28 15:50:21.313,22274,22276,22276,1,1
2024-11-28 15:50:24.850,22276,22277,22276,1,-1
2024-11-28 15:50:25.661,22275,22277,22277,1,1
2024-11-28 15:50:27.653,22275,22277,22275,1,-1
2024-11-28 15:50:27.673,22275,22277,22275,3,-3
2024-11-28 15:50:27.673,22275,22277,22275,6,-6
2024-11-28 15:50:27.673,22275,22277,22275,2,-2
2024-11-28 15:50:27.674,22275,22277,22274,2,-2
2024-11-28 15:50:28.567,22273,22274,22274,1,1
2024-11-28 15:50:29.053,22273,22274,22274,1,1
2024-11-28 15:50:40.797,22273,22275,22274,2,2
2024-11-28 15:50:44.948,22274,22275,22275,1,1
2024-11-28 15:50:51.264,22274,22276,22276,1,1
2024-11-28 15:51:07.430,22274,22276,22276,1,1
2024-11-28 15:51:07.431,22274,22276,22277,3,3
2024-11-28 15:51:07.570,22276,22278,22278,1,1
2024-11-28 15:51:12.132,22273,22275,22273,1,-1
2024-11-28 15:51:12.711,22272,22274,22274,1,1
2024-11-28 15:51:14.164,22272,22274,22272,1,-1
2024-11-28 15:51:29.714,22274,22277,22274,1,-1
2024-11-28 15:51:43.328,22273,22275,22275,2,2
2024-11-28 15:51:43.328,22273,22275,22276,4,4
2024-11-28 15:51:43.328,22273,22275,22277,6,6
2024-11-28 15:51:43.505,22276,22277,22276,1,-1
2024-11-28 15:51:49.112,22276,22277,22276,1,-1
2024-11-28 15:52:03.372,22273,22275,22273,1,-1
2024-11-28 15:52:05.231,22273,22275,22273,1,-1
2024-11-28 15:52:05.526,22273,22275,22275,1,1
2024-11-28 15:52:10.647,22274,22276,22276,1,1
2024-11-28 15:52:21.038,22274,22275,22274,2,-2
2024-11-28 15:52:24.847,22273,22275,22275,3,3
2024-11-28 15:52:24.847,22273,22275,22276,8,8
2024-11-28 15:52:24.848,22273,22275,22276,1,1
2024-11-28 15:52:24.849,22273,22275,22276,2,2
2024-11-28 15:52:25.137,22276,22277,22276,1,-1
2024-11-28 15:52:30.148,22276,22277,22277,2,2
2024-11-28 15:52:30.150,22276,22277,22278,1,1
2024-11-28 15:52:30.151,22276,22277,22278,1,1
2024-11-28 15:52:30.151,22276,22277,22278,1,1
2024-11-28 15:52:30.246,22278,22279,22279,1,1
2024-11-28 15:52:31.619,22278,22279,22279,1,1
2024-11-28 15:52:32.130,22279,22280,22280,3,3
2024-11-28 15:52:32.131,22279,22280,22280,2,2
2024-11-28 15:52:32.131,22279,22280,22280,1,1
2024-11-28 15:52:32.131,22279,22280,22280,1,1
2024-11-28 15:52:34.121,22280,22281,22278,1,-1
2024-11-28 15:52:36.252,22276,22278,22276,1,-1
2024-11-28 15:52:41.710,22277,22279,22279,1,1
2024-11-28 15:52:44.207,22278,22280,22280,2,2
2024-11-28 15:52:48.064,22278,22279,22278,1,-1
2024-11-28 15:53:03.221,22276,22278,22276,2,-2
2024-11-28 15:53:03.221,22276,22278,22276,2,-2
2024-11-28 15:53:05.068,22276,22278,22276,1,-1
2024-11-28 15:53:17.531,22275,22277,22278,1,1
2024-11-28 15:53:17.531,22275,22277,22279,4,4
2024-11-28 15:53:18.367,22276,22279,22279,2,2
2024-11-28 15:53:18.369,22276,22279,22277,2,-2
2024-11-28 15:53:18.939,22276,22279,22279,1,1
2024-11-28 15:53:25.610,22278,22279,22279,1,1
2024-11-28 15:53:27.827,22279,22280,22280,1,1
2024-11-28 15:53:28.915,22279,22280,22280,2,2
2024-11-28 15:53:28.915,22279,22280,22281,4,4
2024-11-28 15:53:32.646,22280,22282,22281,1,1
2024-11-28 15:53:35.585,22280,22282,22280,1,-1
2024-11-28 15:53:39.898,22281,22282,22282,3,3
2024-11-28 15:53:39.898,22281,22282,22282,4,4
2024-11-28 15:53:40.173,22282,22283,22283,3,3
2024-11-28 15:53:40.174,22283,22284,22283,2,-2
2024-11-28 15:53:40.174,22282,22283,22283,1,1
2024-11-28 15:53:40.174,22282,22283,22283,1,1
2024-11-28 15:53:40.174,22282,22283,22283,1,1
2024-11-28 15:53:43.122,22283,22284,22284,1,1
2024-11-28 15:53:44.524,22283,22284,22283,1,-1
2024-11-28 15:53:48.343,22282,22283,22283,1,1
2024-11-28 15:53:56.666,22281,22283,22281,1,-1
2024-11-28 15:53:57.604,22280,22282,22280,1,-1
2024-11-28 15:53:57.604,22280,22282,22280,1,-1
2024-11-28 15:53:59.372,22279,22281,22281,2,2
2024-11-28 15:54:00.979,22280,22282,22280,3,-3
2024-11-28 15:54:01.907,22279,22280,22279,1,-1
2024-11-28 15:54:01.959,22279,22280,22279,1,-1
2024-11-28 15:54:16.879,22279,22280,22279,1,-1
2024-11-28 15:54:25.383,22278,22279,22279,1,1
2024-11-28 15:54:25.383,22278,22279,22279,1,1
2024-11-28 15:54:25.384,22278,22279,22279,1,1
2024-11-28 15:54:25.384,22278,22279,22279,1,1
2024-11-28 15:54:36.476,22279,22280,22280,1,1
2024-11-28 15:54:36.476,22279,22280,22280,1,1
2024-11-28 15:54:36.477,22279,22280,22280,1,1
2024-11-28 15:54:38.249,22279,22282,22279,1,-1
2024-11-28 15:54:40.919,22279,22280,22280,1,1
2024-11-28 15:54:42.140,22279,22281,22279,1,-1
2024-11-28 15:54:50.165,22279,22280,22279,1,-1
2024-11-28 15:54:53.400,22278,22279,22279,1,1
2024-11-28 15:54:53.657,22278,22279,22279,1,1
2024-11-28 15:54:57.798,22279,22280,22281,1,1
2024-11-28 15:54:57.798,22279,22280,22280,2,2
2024-11-28 15:55:02.124,22280,22281,22280,2,-2
2024-11-28 15:55:02.518,22279,22281,22281,1,1
2024-11-28 15:55:02.677,22279,22281,22281,1,1
2024-11-28 15:55:02.838,22279,22281,22281,1,1
2024-11-28 15:55:02.992,22279,22281,22281,1,1
2024-11-28 15:55:12.648,22279,22281,22281,1,1
2024-11-28 15:55:12.837,22279,22281,22279,2,-2
2024-11-28 15:55:12.838,22279,22281,22279,1,-1
2024-11-28 15:55:12.838,22279,22281,22278,1,-1
2024-11-28 15:55:12.840,22279,22281,22278,1,-1
2024-11-28 15:55:21.034,22277,22279,22277,1,-1
2024-11-28 15:55:21.258,22275,22277,22275,2,-2
2024-11-28 15:55:23.644,22273,22275,22273,1,-1
2024-11-28 15:55:25.052,22273,22274,22273,1,-1
2024-11-28 15:55:25.805,22272,22274,22272,1,-1
2024-11-28 15:55:25.933,22272,22274,22272,1,-1
2024-11-28 15:55:29.311,22272,22273,22272,1,-1
2024-11-28 15:55:30.976,22271,22273,22273,1,1
2024-11-28 15:55:33.819,22273,22275,22273,1,-1
2024-11-28 15:55:37.361,22273,22274,22273,1,-1
2024-11-28 15:55:39.277,22272,22273,22272,1,-1
2024-11-28 15:55:41.520,22271,22273,22272,1,-1
2024-11-28 15:55:42.604,22272,22273,22272,1,-1
2024-11-28 15:55:44.073,22272,22273,22272,1,-1
2024-11-28 15:55:46.252,22271,22272,22272,1,1
2024-11-28 15:55:49.298,22271,22272,22271,1,-1
2024-11-28 15:55:50.747,22271,22272,22272,1,1
2024-11-28 15:55:51.358,22271,22273,22271,2,-2
2024-11-28 15:55:52.051,22271,22273,22271,2,-2
2024-11-28 15:55:52.052,22271,22273,22271,1,-1
2024-11-28 15:55:52.052,22271,22273,22271,3,-3
2024-11-28 15:56:00.478,22268,22270,22270,1,1
2024-11-28 15:56:01.560,22268,22270,22270,1,1
2024-11-28 15:56:05.258,22269,22270,22269,1,-1
2024-11-28 15:56:08.493,22269,22270,22269,2,-2
2024-11-28 15:56:16.868,22268,22269,22269,1,1
2024-11-28 15:56:17.218,22269,22270,22270,2,2
2024-11-28 15:56:17.557,22270,22271,22270,4,-4
2024-11-28 15:56:17.557,22270,22271,22269,4,-4
2024-11-28 15:56:18.553,22268,22269,22269,1,1
2024-11-28 15:56:18.554,22268,22269,22269,1,1
2024-11-28 15:56:25.180,22270,22271,22270,1,-1
2024-11-28 15:56:25.443,22270,22271,22270,1,-1
2024-11-28 15:56:29.461,22269,22271,22271,1,1
2024-11-28 15:56:31.459,22269,22270,22269,1,-1
2024-11-28 15:56:32.091,22268,22269,22269,1,1
2024-11-28 15:56:42.046,22269,22271,22271,1,1
2024-11-28 15:56:42.047,22269,22271,22271,1,1
2024-11-28 15:56:42.194,22271,22274,22271,2,-2
2024-11-28 15:57:05.224,22271,22272,22271,1,-1
2024-11-28 15:57:08.742,22269,22271,22269,4,-4
2024-11-28 15:57:08.744,22269,22271,22268,3,-3
2024-11-28 15:57:16.658,22267,22268,22267,1,-1
2024-11-28 15:57:22.280,22266,22268,22266,1,-1
2024-11-28 15:57:24.922,22266,22267,22266,1,-1
2024-11-28 15:57:33.123,22266,22267,22267,1,1
2024-11-28 15:57:33.861,22266,22268,22266,1,-1
2024-11-28 15:57:35.243,22266,22268,22266,2,-2
2024-11-28 15:57:36.590,22265,22266,22265,3,-3
2024-11-28 15:57:36.624,22265,22266,22264,1,-1
2024-11-28 15:57:45.357,22263,22265,22263,1,-1
2024-11-28 15:57:46.966,22263,22264,22262,4,-4
2024-11-28 15:57:46.966,22263,22264,22263,1,-1
2024-11-28 15:57:48.115,22261,22263,22261,1,-1
2024-11-28 15:57:48.116,22261,22263,22261,1,-1
2024-11-28 15:57:57.611,22261,22263,22261,2,-2
2024-11-28 15:57:57.665,22261,22263,22262,1,-1
2024-11-28 15:58:03.495,22261,22263,22263,2,2
2024-11-28 15:58:03.495,22261,22263,22263,1,1
2024-11-28 15:58:03.919,22263,22265,22263,3,-3
2024-11-28 15:58:03.919,22263,22265,22262,1,-1
2024-11-28 15:58:12.769,22262,22264,22262,2,-2
2024-11-28 15:58:13.247,22262,22264,22264,1,1
2024-11-28 15:58:13.272,22262,22264,22266,1,1
2024-11-28 15:58:13.272,22262,22264,22266,1,1
2024-11-28 15:58:19.065,22266,22268,22266,1,-1
2024-11-28 15:58:19.176,22266,22268,22266,2,-2
2024-11-28 15:58:25.817,22266,22268,22266,1,-1
2024-11-28 15:58:25.817,22266,22268,22265,2,-2
2024-11-28 15:58:33.665,22265,22266,22266,1,1
2024-11-28 15:58:33.665,22265,22266,22267,1,1
2024-11-28 15:58:38.919,22267,22269,22269,2,2
2024-11-28 15:58:41.034,22268,22270,22268,2,-2
2024-11-28 15:58:45.949,22268,22270,22270,1,1
2024-11-28 15:59:07.095,22269,22270,22270,1,1
2024-11-28 15:59:07.182,22270,22271,22270,1,-1
2024-11-28 15:59:07.182,22270,22271,22270,1,-1
2024-11-28 15:59:07.182,22270,22271,22269,1,-1
2024-11-28 15:59:07.183,22270,22271,22269,1,-1
2024-11-28 15:59:07.183,22270,22271,22269,1,-1
2024-11-28 15:59:07.183,22270,22271,22269,1,-1
2024-11-28 15:59:07.184,22270,22271,22267,1,-1
2024-11-28 15:59:07.184,22270,22271,22268,1,-1
2024-11-28 15:59:10.037,22265,22268,22268,1,1
2024-11-28 15:59:10.055,22265,22268,22265,1,-1
2024-11-28 15:59:10.055,22265,22268,22265,1,-1
2024-11-28 15:59:10.055,22265,22268,22265,1,-1
2024-11-28 15:59:10.055,22265,22268,22265,1,-1
2024-11-28 15:59:10.055,22265,22268,22264,1,-1
2024-11-28 15:59:10.056,22265,22268,22264,1,-1
2024-11-28 15:59:10.056,22265,22268,22264,1,-1
2024-11-28 15:59:10.783,22265,22266,22266,1,1
2024-11-28 15:59:17.610,22265,22266,22265,1,-1
2024-11-28 15:59:17.610,22265,22266,22264,1,-1
2024-11-28 15:59:20.765,22264,22267,22264,3,-3
2024-11-28 15:59:20.806,22263,22266,22263,1,-1
2024-11-28 15:59:24.957,22262,22264,22262,1,-1
2024-11-28 15:59:28.026,22262,22264,22262,1,-1
2024-11-28 15:59:29.269,22262,22264,22262,1,-1
2024-11-28 15:59:29.269,22262,22264,22261,1,-1
2024-11-28 15:59:31.502,22261,22262,22262,2,2
2024-11-28 15:59:34.376,22261,22263,22261,1,-1
2024-11-28 15:59:34.437,22261,22263,22261,1,-1
2024-11-28 15:59:37.819,22261,22263,22261,1,-1
2024-11-28 15:59:37.819,22261,22263,22260,1,-1
2024-11-28 15:59:38.368,22260,22262,22260,3,-3
2024-11-28 15:59:41.013,22260,22262,22262,2,2
2024-11-28 15:59:41.077,22262,22263,22263,1,1
2024-11-28 15:59:46.678,22262,22265,22262,2,-2
2024-11-28 15:59:48.833,22261,22263,22261,1,-1
2024-11-28 15:59:48.931,22261,22263,22261,1,-1
2024-11-28 15:59:56.272,22261,22263,22261,1,-1
2024-11-28 15:59:56.273,22261,22263,22260,10,-10
2024-11-28 15:59:56.777,22258,22259,22259,1,1
2024-11-28 15:59:56.863,22258,22260,22260,1,1
2024-11-28 15:59:58.903,22258,22260,22258,2,-2
2024-11-28 16:00:00.299,22259,22262,22263,2,2
2024-11-28 16:00:00.300,22259,22262,22264,1,1
