2021-07-29 15:00:00.037,17346,17347,17348,176,176
2021-07-29 15:00:00.038,17347,17348,17348,1,1
2021-07-29 15:00:00.038,17347,17348,17349,1,1
2021-07-29 15:00:00.108,17347,17349,17347,3,-3
2021-07-29 15:00:00.108,17347,17349,17346,1,-1
2021-07-29 15:00:00.108,17347,17349,17345,5,-5
2021-07-29 15:00:00.108,17347,17349,17344,14,-14
2021-07-29 15:00:00.108,17347,17349,17344,27,-27
2021-07-29 15:00:00.171,17347,17349,17349,3,3
2021-07-29 15:00:00.214,17347,17349,17347,1,-1
2021-07-29 15:00:00.214,17347,17349,17349,2,2
2021-07-29 15:00:00.219,17347,17349,17349,7,7
2021-07-29 15:00:00.219,17347,17349,17350,3,3
2021-07-29 15:00:00.240,17343,17350,17349,1,-1
2021-07-29 15:00:00.247,17343,17350,17350,4,4
2021-07-29 15:00:00.252,17343,17350,17350,3,3
2021-07-29 15:00:00.266,17343,17350,17350,1,1
2021-07-29 15:00:00.302,17343,17350,17344,1,-1
2021-07-29 15:00:00.303,17343,17350,17350,1,1
2021-07-29 15:00:00.327,17343,17350,17350,1,1
2021-07-29 15:00:00.338,17343,17350,17350,1,1
2021-07-29 15:00:00.362,17343,17350,17345,1,-1
2021-07-29 15:00:00.363,17343,17350,17350,1,1
2021-07-29 15:00:00.365,17343,17350,17350,1,1
2021-07-29 15:00:00.380,17343,17350,17349,1,-1
2021-07-29 15:00:00.392,17343,17350,17345,1,-1
2021-07-29 15:00:00.392,17343,17350,17344,1,-1
2021-07-29 15:00:00.396,17343,17350,17349,1,1
2021-07-29 15:00:00.396,17343,17350,17350,1,1
2021-07-29 15:00:00.398,17343,17350,17350,1,1
2021-07-29 15:00:00.399,17343,17350,17350,1,1
2021-07-29 15:00:00.416,17343,17350,17350,1,1
2021-07-29 15:00:00.456,17343,17350,17350,2,2
2021-07-29 15:00:00.466,17343,17350,17350,3,3
2021-07-29 15:00:00.467,17343,17350,17350,4,4
2021-07-29 15:00:00.483,17344,17350,17350,1,1
2021-07-29 15:00:00.483,17344,17350,17350,1,1
2021-07-29 15:00:00.493,17344,17350,17344,1,-1
2021-07-29 15:00:00.493,17344,17350,17343,3,-3
2021-07-29 15:00:00.501,17344,17350,17349,1,1
2021-07-29 15:00:00.513,17344,17350,17345,1,-1
2021-07-29 15:00:00.513,17344,17350,17344,1,-1
2021-07-29 15:00:00.513,17344,17350,17343,1,-1
2021-07-29 15:00:00.522,17344,17350,17349,1,1
2021-07-29 15:00:00.544,17344,17350,17350,1,1
2021-07-29 15:00:00.549,17344,17350,17350,2,2
2021-07-29 15:00:00.552,17344,17350,17350,1,1
2021-07-29 15:00:00.554,17344,17350,17350,2,2
2021-07-29 15:00:00.561,17344,17350,17350,1,1
2021-07-29 15:00:00.563,17344,17350,17350,1,1
2021-07-29 15:00:00.571,17344,17350,17350,3,3
2021-07-29 15:00:00.592,17344,17350,17350,4,4
2021-07-29 15:00:00.593,17344,17350,17350,2,2
2021-07-29 15:00:00.595,17344,17350,17350,1,1
2021-07-29 15:00:00.614,17343,17350,17350,1,1
2021-07-29 15:00:00.615,17343,17350,17350,1,1
2021-07-29 15:00:00.615,17343,17350,17350,2,2
2021-07-29 15:00:00.626,17343,17350,17350,1,1
2021-07-29 15:00:00.631,17343,17350,17350,1,1
2021-07-29 15:00:00.686,17343,17350,17350,3,3
2021-07-29 15:00:00.703,17343,17350,17351,1,1
2021-07-29 15:00:00.706,17343,17350,17346,1,-1
2021-07-29 15:00:00.708,17343,17350,17351,1,1
2021-07-29 15:00:00.715,17343,17350,17345,1,-1
2021-07-29 15:00:00.726,17344,17350,17344,2,-2
2021-07-29 15:00:00.726,17344,17350,17350,1,1
2021-07-29 15:00:00.726,17344,17350,17351,2,2
2021-07-29 15:00:00.726,17344,17350,17352,2,2
2021-07-29 15:00:00.727,17344,17350,17350,3,3
2021-07-29 15:00:00.728,17344,17350,17351,1,1
2021-07-29 15:00:00.728,17344,17350,17352,4,4
2021-07-29 15:00:00.747,17344,17350,17352,3,3
2021-07-29 15:00:00.767,17344,17350,17352,1,1
2021-07-29 15:00:00.771,17344,17350,17352,1,1
2021-07-29 15:00:00.789,17344,17350,17353,1,1
2021-07-29 15:00:00.792,17344,17350,17350,2,2
2021-07-29 15:00:00.803,17344,17350,17353,1,1
2021-07-29 15:00:00.807,17344,17350,17353,1,1
2021-07-29 15:00:00.807,17344,17350,17353,1,1
2021-07-29 15:00:00.813,17344,17350,17350,1,1
2021-07-29 15:00:00.813,17344,17350,17350,2,2
2021-07-29 15:00:00.815,17344,17350,17351,1,1
2021-07-29 15:00:00.823,17344,17350,17351,1,1
2021-07-29 15:00:00.823,17344,17350,17350,1,1
2021-07-29 15:00:00.834,17344,17350,17350,3,3
2021-07-29 15:00:00.835,17344,17350,17350,3,3
2021-07-29 15:00:00.835,17344,17350,17350,1,1
2021-07-29 15:00:00.836,17344,17350,17350,2,2
2021-07-29 15:00:00.836,17344,17350,17350,1,1
2021-07-29 15:00:00.836,17344,17350,17352,1,1
2021-07-29 15:00:00.836,17344,17350,17353,2,2
2021-07-29 15:00:00.875,17348,17351,17350,1,-1
2021-07-29 15:00:00.881,17348,17351,17349,1,-1
2021-07-29 15:00:00.888,17348,17351,17351,1,1
2021-07-29 15:00:00.902,17348,17351,17352,1,1
2021-07-29 15:00:00.907,17348,17351,17350,1,-1
2021-07-29 15:00:00.951,17348,17351,17351,1,1
2021-07-29 15:00:00.951,17348,17351,17353,1,1
2021-07-29 15:00:00.991,17350,17352,17352,1,1
2021-07-29 15:00:00.995,17350,17352,17350,4,-4
2021-07-29 15:00:00.995,17350,17352,17349,1,-1
2021-07-29 15:00:00.997,17350,17352,17351,2,2
2021-07-29 15:00:01.035,17350,17352,17353,2,2
2021-07-29 15:00:01.043,17350,17352,17352,1,1
2021-07-29 15:00:01.043,17350,17352,17353,1,1
2021-07-29 15:00:01.043,17350,17352,17354,1,1
2021-07-29 15:00:01.063,17350,17352,17348,2,-2
2021-07-29 15:00:01.072,17350,17352,17346,1,-1
2021-07-29 15:00:01.074,17350,17352,17347,1,1
2021-07-29 15:00:01.074,17350,17352,17348,2,2
2021-07-29 15:00:01.086,17350,17352,17348,1,-1
2021-07-29 15:00:01.086,17350,17352,17348,1,-1
2021-07-29 15:00:01.087,17350,17352,17345,1,-1
2021-07-29 15:00:01.087,17350,17352,17344,1,-1
2021-07-29 15:00:01.093,17350,17352,17349,1,1
2021-07-29 15:00:01.101,17345,17350,17350,1,1
2021-07-29 15:00:01.101,17345,17350,17350,1,1
2021-07-29 15:00:01.101,17345,17350,17350,1,1
2021-07-29 15:00:01.140,17345,17350,17350,1,1
2021-07-29 15:00:01.172,17345,17350,17351,1,1
2021-07-29 15:00:01.193,17345,17350,17345,1,-1
2021-07-29 15:00:01.210,17345,17350,17344,1,-1
2021-07-29 15:00:01.210,17345,17350,17343,1,-1
2021-07-29 15:00:01.343,17342,17350,17346,1,1
2021-07-29 15:00:01.380,17343,17350,17350,1,1
2021-07-29 15:00:01.394,17343,17350,17350,1,1
2021-07-29 15:00:01.398,17343,17350,17347,2,-2
2021-07-29 15:00:01.425,17343,17350,17351,2,2
2021-07-29 15:00:01.435,17343,17350,17351,1,1
2021-07-29 15:00:01.435,17343,17350,17352,1,1
2021-07-29 15:00:01.445,17343,17350,17351,1,1
2021-07-29 15:00:01.460,17343,17350,17352,2,2
2021-07-29 15:00:01.470,17343,17350,17352,1,1
2021-07-29 15:00:01.521,17348,17352,17352,1,1
2021-07-29 15:00:01.544,17348,17352,17352,1,1
2021-07-29 15:00:01.557,17348,17352,17352,1,1
2021-07-29 15:00:01.561,17348,17352,17352,1,1
2021-07-29 15:00:01.565,17348,17352,17349,2,-2
2021-07-29 15:00:01.584,17348,17352,17352,1,1
2021-07-29 15:00:01.595,17348,17352,17352,1,1
2021-07-29 15:00:01.631,17348,17352,17352,1,1
2021-07-29 15:00:01.634,17348,17352,17352,1,1
2021-07-29 15:00:01.730,17349,17352,17352,2,2
2021-07-29 15:00:01.734,17349,17352,17353,1,1
2021-07-29 15:00:01.779,17349,17352,17349,1,-1
2021-07-29 15:00:01.779,17349,17352,17348,2,-2
2021-07-29 15:00:01.804,17349,17352,17352,1,1
2021-07-29 15:00:01.804,17349,17352,17353,2,2
2021-07-29 15:00:01.804,17349,17352,17354,1,1
2021-07-29 15:00:01.823,17349,17352,17354,4,4
2021-07-29 15:00:01.823,17349,17352,17355,1,1
2021-07-29 15:00:01.842,17349,17352,17349,1,-1
2021-07-29 15:00:01.842,17349,17352,17348,2,-2
2021-07-29 15:00:01.857,17348,17353,17353,1,1
2021-07-29 15:00:01.861,17348,17353,17353,1,1
2021-07-29 15:00:01.896,17348,17353,17353,1,1
2021-07-29 15:00:01.906,17348,17353,17350,2,-2
2021-07-29 15:00:01.919,17348,17353,17352,3,3
2021-07-29 15:00:02.051,17349,17352,17352,2,2
2021-07-29 15:00:02.100,17351,17353,17353,6,6
2021-07-29 15:00:02.147,17351,17353,17351,1,-1
2021-07-29 15:00:02.182,17351,17353,17350,1,-1
2021-07-29 15:00:02.363,17350,17352,17352,1,1
2021-07-29 15:00:02.497,17350,17352,17350,4,-4
2021-07-29 15:00:02.609,17350,17352,17350,1,-1
2021-07-29 15:00:02.777,17350,17352,17352,3,3
2021-07-29 15:00:02.883,17350,17351,17351,1,1
2021-07-29 15:00:02.985,17350,17353,17353,1,1
2021-07-29 15:00:03.172,17351,17352,17352,1,1
2021-07-29 15:00:03.233,17351,17352,17352,1,1
2021-07-29 15:00:03.233,17351,17352,17353,1,1
2021-07-29 15:00:03.263,17351,17352,17353,1,1
2021-07-29 15:00:03.296,17351,17352,17353,1,1
2021-07-29 15:00:03.325,17351,17352,17353,1,1
2021-07-29 15:00:03.400,17351,17353,17353,1,1
2021-07-29 15:00:03.428,17351,17353,17353,3,3
2021-07-29 15:00:03.502,17351,17353,17353,1,1
2021-07-29 15:00:03.596,17351,17353,17351,1,-1
2021-07-29 15:00:03.708,17351,17353,17351,14,-14
2021-07-29 15:00:03.708,17351,17353,17351,3,-3
2021-07-29 15:00:03.708,17351,17353,17351,2,-2
2021-07-29 15:00:03.782,17350,17352,17352,2,2
2021-07-29 15:00:03.900,17350,17353,17350,1,-1
2021-07-29 15:00:04.136,17350,17351,17350,4,-4
2021-07-29 15:00:04.136,17350,17351,17350,2,-2
2021-07-29 15:00:04.330,17348,17350,17350,1,1
2021-07-29 15:00:04.400,17348,17351,17348,1,-1
2021-07-29 15:00:04.958,17348,17351,17351,1,1
2021-07-29 15:00:05.604,17349,17351,17351,1,1
2021-07-29 15:00:06.663,17350,17351,17351,1,1
2021-07-29 15:00:06.928,17350,17351,17351,1,1
2021-07-29 15:00:06.928,17350,17351,17351,1,1
2021-07-29 15:00:06.940,17350,17351,17352,1,1
2021-07-29 15:00:07.146,17351,17352,17351,1,-1
2021-07-29 15:00:07.150,17351,17352,17351,1,-1
2021-07-29 15:00:07.300,17351,17352,17352,2,2
2021-07-29 15:00:07.300,17351,17352,17353,3,3
2021-07-29 15:00:07.702,17351,17353,17351,1,-1
2021-07-29 15:00:07.772,17350,17353,17353,7,7
2021-07-29 15:00:08.012,17351,17353,17351,1,-1
2021-07-29 15:00:08.120,17351,17352,17351,1,-1
2021-07-29 15:00:08.367,17350,17351,17351,1,1
2021-07-29 15:00:08.435,17350,17351,17350,1,-1
2021-07-29 15:00:08.483,17350,17352,17352,1,1
2021-07-29 15:00:09.089,17350,17352,17352,2,2
2021-07-29 15:00:09.089,17350,17352,17353,1,1
2021-07-29 15:00:09.209,17350,17353,17353,1,1
2021-07-29 15:00:09.849,17350,17351,17350,1,-1
2021-07-29 15:00:10.162,17350,17351,17350,2,-2
2021-07-29 15:00:10.375,17350,17351,17351,2,2
2021-07-29 15:00:11.106,17349,17351,17351,3,3
2021-07-29 15:00:11.106,17349,17351,17352,2,2
2021-07-29 15:00:12.075,17350,17351,17350,1,-1
2021-07-29 15:00:12.210,17350,17351,17350,1,-1
2021-07-29 15:00:12.840,17350,17351,17350,1,-1
2021-07-29 15:00:13.498,17350,17351,17351,5,5
2021-07-29 15:00:13.498,17350,17351,17352,1,1
2021-07-29 15:00:13.498,17350,17351,17353,4,4
2021-07-29 15:00:13.868,17351,17353,17351,1,-1
2021-07-29 15:00:14.335,17350,17353,17352,1,1
2021-07-29 15:00:14.524,17350,17352,17352,1,1
2021-07-29 15:00:15.516,17351,17353,17353,5,5
2021-07-29 15:00:15.766,17351,17353,17353,1,1
2021-07-29 15:00:15.775,17351,17353,17353,1,1
2021-07-29 15:00:15.814,17351,17353,17354,1,1
2021-07-29 15:00:15.867,17351,17354,17354,1,1
2021-07-29 15:00:15.954,17351,17354,17354,4,4
2021-07-29 15:00:16.184,17353,17355,17355,4,4
2021-07-29 15:00:17.533,17352,17353,17353,1,1
2021-07-29 15:00:18.410,17352,17353,17353,1,1
2021-07-29 15:00:18.410,17352,17353,17354,2,2
2021-07-29 15:00:18.410,17352,17353,17355,7,7
2021-07-29 15:00:18.979,17352,17353,17352,1,-1
2021-07-29 15:00:19.293,17351,17352,17352,1,1
2021-07-29 15:00:19.470,17351,17353,17353,2,2
2021-07-29 15:00:19.797,17351,17353,17353,1,1
2021-07-29 15:00:19.991,17351,17353,17353,2,2
2021-07-29 15:00:20.052,17351,17353,17352,1,-1
2021-07-29 15:00:20.052,17351,17353,17353,1,1
2021-07-29 15:00:20.777,17352,17353,17353,1,1
2021-07-29 15:00:20.777,17352,17353,17354,1,1
2021-07-29 15:00:21.463,17352,17354,17354,1,1
2021-07-29 15:00:21.463,17352,17354,17355,2,2
2021-07-29 15:00:21.473,17352,17354,17355,1,1
2021-07-29 15:00:23.233,17353,17354,17354,1,1
2021-07-29 15:00:23.431,17353,17355,17353,3,-3
2021-07-29 15:00:23.952,17354,17355,17354,1,1
2021-07-29 15:00:24.342,17354,17355,17354,1,-1
2021-07-29 15:00:24.577,17354,17355,17355,1,1
2021-07-29 15:00:24.581,17354,17355,17354,1,-1
2021-07-29 15:00:25.327,17354,17355,17355,1,1
2021-07-29 15:00:25.380,17354,17356,17354,1,-1
2021-07-29 15:00:26.801,17354,17356,17355,1,1
2021-07-29 15:00:28.124,17355,17356,17355,4,-4
2021-07-29 15:00:28.433,17355,17356,17355,1,-1
2021-07-29 15:00:28.528,17355,17356,17355,11,-11
2021-07-29 15:00:28.751,17354,17355,17354,1,-1
2021-07-29 15:00:28.836,17354,17355,17355,4,4
2021-07-29 15:00:28.836,17354,17355,17356,1,1
2021-07-29 15:00:28.999,17354,17355,17354,1,-1
2021-07-29 15:00:29.052,17354,17355,17354,2,-2
2021-07-29 15:00:29.052,17354,17355,17355,2,2
2021-07-29 15:00:29.052,17354,17355,17355,1,1
2021-07-29 15:00:29.107,17353,17355,17353,1,-1
2021-07-29 15:00:29.407,17353,17354,17353,1,-1
2021-07-29 15:00:29.593,17353,17354,17353,1,-1
2021-07-29 15:00:29.653,17353,17354,17354,1,1
2021-07-29 15:00:29.698,17353,17354,17354,3,3
2021-07-29 15:00:29.699,17353,17354,17354,1,1
2021-07-29 15:00:29.699,17353,17354,17354,5,5
2021-07-29 15:00:29.754,17353,17354,17353,2,-2
2021-07-29 15:00:29.787,17353,17354,17354,1,1
2021-07-29 15:00:29.887,17353,17354,17353,2,-2
2021-07-29 15:00:30.002,17352,17354,17352,1,-1
2021-07-29 15:00:30.083,17352,17354,17352,1,-1
2021-07-29 15:00:30.107,17352,17354,17352,2,-2
2021-07-29 15:00:30.317,17352,17354,17352,1,-1
2021-07-29 15:00:30.812,17352,17354,17352,4,-4
2021-07-29 15:00:31.028,17351,17352,17351,1,-1
2021-07-29 15:00:31.353,17351,17352,17351,1,-1
2021-07-29 15:00:31.402,17351,17352,17352,1,1
2021-07-29 15:00:31.585,17351,17352,17352,2,2
2021-07-29 15:00:31.813,17351,17353,17353,1,1
2021-07-29 15:00:31.859,17351,17353,17354,2,2
2021-07-29 15:00:32.001,17351,17354,17351,1,-1
2021-07-29 15:00:32.075,17351,17354,17352,1,1
2021-07-29 15:00:32.075,17351,17354,17351,4,-4
2021-07-29 15:00:32.118,17351,17354,17351,1,-1
2021-07-29 15:00:32.193,17351,17354,17351,1,-1
2021-07-29 15:00:32.198,17351,17354,17354,6,6
2021-07-29 15:00:32.198,17351,17354,17355,4,4
2021-07-29 15:00:32.234,17352,17355,17352,1,-1
2021-07-29 15:00:33.222,17353,17354,17354,1,1
2021-07-29 15:00:35.086,17353,17355,17355,1,1
2021-07-29 15:00:35.154,17353,17355,17353,1,-1
2021-07-29 15:00:35.447,17353,17355,17353,1,-1
2021-07-29 15:00:36.370,17354,17355,17354,1,1
2021-07-29 15:00:36.863,17353,17355,17353,33,-33
2021-07-29 15:00:36.863,17353,17355,17352,12,-12
2021-07-29 15:00:36.863,17353,17355,17351,5,-5
2021-07-29 15:00:36.864,17353,17355,17352,1,1
2021-07-29 15:00:37.377,17351,17353,17353,1,1
2021-07-29 15:00:37.655,17352,17353,17352,1,-1
2021-07-29 15:00:38.304,17351,17353,17351,2,-2
2021-07-29 15:00:38.633,17351,17353,17353,2,2
2021-07-29 15:00:40.004,17351,17353,17351,1,-1
2021-07-29 15:00:40.419,17351,17353,17353,1,1
2021-07-29 15:00:41.792,17351,17353,17353,4,4
2021-07-29 15:00:41.792,17351,17353,17354,1,1
2021-07-29 15:00:42.333,17351,17353,17351,1,-1
2021-07-29 15:00:43.563,17350,17352,17352,2,2
2021-07-29 15:00:43.563,17350,17352,17353,5,5
2021-07-29 15:00:43.563,17350,17352,17354,10,10
2021-07-29 15:00:44.806,17351,17353,17351,2,-2
2021-07-29 15:00:45.644,17351,17353,17353,1,1
2021-07-29 15:00:45.665,17351,17353,17353,1,1
2021-07-29 15:00:45.730,17352,17353,17353,1,1
2021-07-29 15:00:47.173,17352,17353,17352,1,-1
2021-07-29 15:00:48.806,17352,17353,17353,1,1
2021-07-29 15:00:48.922,17352,17353,17352,5,-5
2021-07-29 15:00:48.922,17352,17353,17351,18,-18
2021-07-29 15:00:48.923,17352,17353,17351,1,-1
2021-07-29 15:00:48.923,17352,17353,17351,1,-1
2021-07-29 15:00:50.952,17351,17353,17353,6,6
2021-07-29 15:00:50.952,17351,17353,17354,11,11
2021-07-29 15:00:51.009,17352,17354,17352,1,-1
2021-07-29 15:00:51.105,17352,17354,17352,1,-1
2021-07-29 15:00:51.298,17352,17354,17352,1,-1
2021-07-29 15:00:51.389,17352,17354,17354,4,4
2021-07-29 15:00:51.389,17352,17354,17355,1,1
2021-07-29 15:00:51.722,17352,17355,17354,1,-1
2021-07-29 15:00:51.959,17352,17354,17354,1,1
2021-07-29 15:00:52.206,17352,17355,17355,5,5
2021-07-29 15:00:54.013,17353,17355,17355,4,4
2021-07-29 15:00:54.541,17353,17354,17353,1,-1
2021-07-29 15:00:54.541,17353,17354,17352,3,-3
2021-07-29 15:00:54.542,17353,17354,17352,2,-2
2021-07-29 15:00:54.542,17353,17354,17352,1,-1
2021-07-29 15:00:54.542,17353,17354,17352,5,-5
2021-07-29 15:00:54.542,17353,17354,17352,8,-8
2021-07-29 15:00:55.119,17353,17355,17355,4,4
2021-07-29 15:00:56.300,17353,17355,17355,1,1
2021-07-29 15:00:56.304,17353,17355,17355,1,1
2021-07-29 15:00:57.876,17353,17354,17354,1,1
2021-07-29 15:00:57.876,17353,17354,17355,3,3
2021-07-29 15:00:57.876,17353,17354,17356,1,1
2021-07-29 15:00:58.036,17354,17356,17356,9,9
2021-07-29 15:00:58.423,17354,17356,17354,1,-1
2021-07-29 15:00:58.433,17354,17356,17354,1,-1
2021-07-29 15:00:58.434,17354,17356,17354,1,-1
2021-07-29 15:00:58.435,17354,17356,17353,1,-1
2021-07-29 15:00:58.471,17354,17356,17353,1,-1
2021-07-29 15:00:58.766,17353,17356,17353,4,-4
2021-07-29 15:00:58.766,17353,17356,17352,5,-5
2021-07-29 15:00:58.767,17353,17356,17352,2,-2
2021-07-29 15:00:58.767,17353,17356,17352,1,-1
2021-07-29 15:00:58.767,17353,17356,17352,8,-8
2021-07-29 15:00:58.768,17353,17356,17353,1,1
2021-07-29 15:00:58.991,17352,17354,17354,1,1
2021-07-29 15:00:59.738,17353,17355,17355,1,1
2021-07-29 15:00:59.988,17353,17355,17355,1,1
2021-07-29 15:01:00.038,17353,17355,17356,1,1
2021-07-29 15:01:00.056,17353,17355,17356,1,1
2021-07-29 15:01:00.057,17353,17355,17356,1,1
2021-07-29 15:01:00.057,17353,17355,17356,3,3
2021-07-29 15:01:00.087,17353,17355,17355,1,1
2021-07-29 15:01:00.099,17353,17355,17355,1,1
2021-07-29 15:01:00.100,17354,17356,17354,1,-1
2021-07-29 15:01:00.106,17354,17356,17356,1,1
2021-07-29 15:01:00.117,17354,17356,17356,1,1
2021-07-29 15:01:00.130,17354,17356,17356,1,1
2021-07-29 15:01:00.130,17354,17356,17356,1,1
2021-07-29 15:01:00.130,17354,17356,17356,1,1
2021-07-29 15:01:00.362,17354,17356,17356,1,1
2021-07-29 15:01:00.612,17354,17356,17354,2,-2
2021-07-29 15:01:00.612,17354,17356,17354,4,-4
2021-07-29 15:01:00.612,17354,17356,17353,1,-1
2021-07-29 15:01:01.044,17353,17355,17355,1,1
2021-07-29 15:01:01.102,17353,17355,17355,1,1
2021-07-29 15:01:01.102,17353,17355,17356,1,1
2021-07-29 15:01:01.102,17353,17355,17356,1,1
2021-07-29 15:01:01.102,17353,17355,17356,1,1
2021-07-29 15:01:01.102,17353,17355,17356,1,1
2021-07-29 15:01:01.102,17353,17355,17356,1,1
2021-07-29 15:01:01.102,17353,17355,17356,1,1
2021-07-29 15:01:01.103,17353,17355,17356,1,1
2021-07-29 15:01:01.103,17353,17355,17356,1,1
2021-07-29 15:01:01.103,17353,17355,17356,1,1
2021-07-29 15:01:01.103,17353,17355,17356,1,1
2021-07-29 15:01:01.104,17353,17355,17356,1,1
2021-07-29 15:01:01.104,17353,17355,17356,1,1
2021-07-29 15:01:01.173,17353,17355,17355,1,1
2021-07-29 15:01:01.281,17355,17356,17355,2,-2
2021-07-29 15:01:01.281,17355,17356,17354,8,-8
2021-07-29 15:01:01.281,17355,17356,17353,13,-13
2021-07-29 15:01:01.281,17355,17356,17352,2,-2
2021-07-29 15:01:01.617,17353,17354,17353,2,2
2021-07-29 15:01:01.617,17353,17354,17352,9,-9
2021-07-29 15:01:01.621,17353,17354,17352,2,-2
2021-07-29 15:01:03.062,17351,17352,17352,5,5
2021-07-29 15:01:03.174,17351,17352,17351,1,-1
2021-07-29 15:01:03.554,17351,17352,17352,1,1
2021-07-29 15:01:03.811,17351,17352,17352,1,1
2021-07-29 15:01:03.821,17351,17352,17352,1,1
2021-07-29 15:01:03.969,17351,17352,17351,1,-1
2021-07-29 15:01:04.883,17351,17352,17351,2,-2
2021-07-29 15:01:05.100,17351,17352,17352,2,2
2021-07-29 15:01:06.224,17351,17352,17352,1,1
2021-07-29 15:01:06.464,17351,17352,17352,10,10
2021-07-29 15:01:07.308,17351,17352,17351,2,-2
2021-07-29 15:01:07.352,17351,17352,17352,1,1
2021-07-29 15:01:07.352,17351,17352,17352,1,1
2021-07-29 15:01:07.352,17351,17352,17352,1,1
2021-07-29 15:01:07.353,17351,17352,17352,1,1
2021-07-29 15:01:07.355,17351,17352,17352,1,1
2021-07-29 15:01:07.897,17351,17352,17352,10,10
2021-07-29 15:01:08.472,17351,17352,17352,1,1
2021-07-29 15:01:09.245,17351,17352,17352,2,2
2021-07-29 15:01:09.993,17351,17352,17352,1,1
2021-07-29 15:01:11.263,17351,17352,17352,5,5
2021-07-29 15:01:11.264,17351,17352,17352,6,6
2021-07-29 15:01:13.762,17351,17352,17352,10,10
2021-07-29 15:01:14.173,17351,17352,17352,1,1
2021-07-29 15:01:14.188,17351,17352,17352,1,1
2021-07-29 15:01:14.262,17351,17352,17352,1,1
2021-07-29 15:01:14.282,17351,17352,17352,1,1
2021-07-29 15:01:14.293,17351,17352,17352,1,1
2021-07-29 15:01:14.645,17351,17352,17351,4,-4
2021-07-29 15:01:14.935,17351,17352,17351,1,-1
2021-07-29 15:01:15.052,17351,17352,17351,1,-1
2021-07-29 15:01:16.543,17351,17352,17352,1,1
2021-07-29 15:01:16.842,17351,17352,17351,1,-1
2021-07-29 15:01:16.948,17351,17352,17351,1,-1
2021-07-29 15:01:19.264,17351,17352,17351,1,-1
2021-07-29 15:01:19.352,17351,17352,17352,1,1
2021-07-29 15:01:19.352,17351,17352,17352,1,1
2021-07-29 15:01:19.352,17351,17352,17352,1,1
2021-07-29 15:01:19.352,17351,17352,17352,1,1
2021-07-29 15:01:19.352,17351,17352,17352,1,1
2021-07-29 15:01:19.354,17351,17352,17352,1,1
2021-07-29 15:01:19.355,17351,17352,17352,1,1
2021-07-29 15:01:20.034,17351,17352,17351,1,-1
2021-07-29 15:01:20.134,17351,17352,17352,1,1
2021-07-29 15:01:20.407,17351,17352,17352,4,4
2021-07-29 15:01:20.472,17351,17352,17352,2,2
2021-07-29 15:01:20.472,17351,17352,17352,6,6
2021-07-29 15:01:20.472,17351,17352,17352,1,1
2021-07-29 15:01:20.651,17352,17353,17352,1,-1
2021-07-29 15:01:21.349,17352,17353,17353,1,1
2021-07-29 15:01:21.349,17352,17353,17354,1,1
2021-07-29 15:01:21.505,17353,17354,17354,1,1
2021-07-29 15:01:23.909,17354,17355,17354,1,-1
2021-07-29 15:01:24.117,17353,17355,17355,5,5
2021-07-29 15:01:24.216,17353,17355,17353,2,-2
2021-07-29 15:01:24.216,17353,17355,17352,15,-15
2021-07-29 15:01:25.312,17351,17352,17351,1,-1
2021-07-29 15:01:25.447,17351,17352,17352,3,3
2021-07-29 15:01:27.157,17351,17354,17354,1,1
2021-07-29 15:01:29.326,17351,17352,17351,14,-14
2021-07-29 15:01:29.352,17350,17351,17351,1,1
2021-07-29 15:01:29.352,17350,17351,17351,1,1
2021-07-29 15:01:29.353,17350,17351,17351,1,1
2021-07-29 15:01:29.354,17350,17351,17351,1,1
2021-07-29 15:01:29.394,17350,17351,17351,1,1
2021-07-29 15:01:30.581,17350,17351,17351,1,1
2021-07-29 15:01:30.752,17350,17352,17352,1,1
2021-07-29 15:01:31.622,17351,17352,17352,1,1
2021-07-29 15:01:33.762,17352,17354,17352,1,-1
2021-07-29 15:01:34.086,17351,17352,17352,1,1
2021-07-29 15:01:34.295,17352,17354,17352,1,-1
2021-07-29 15:01:34.498,17352,17354,17352,4,-4
2021-07-29 15:01:34.498,17352,17354,17351,5,-5
2021-07-29 15:01:35.044,17350,17351,17351,1,1
2021-07-29 15:01:35.325,17350,17351,17351,1,1
2021-07-29 15:01:35.375,17350,17351,17351,1,1
2021-07-29 15:01:35.426,17350,17351,17351,1,1
2021-07-29 15:01:36.237,17350,17351,17351,5,5
2021-07-29 15:01:36.699,17350,17351,17351,1,1
2021-07-29 15:01:37.092,17350,17351,17351,1,1
2021-07-29 15:01:37.103,17350,17353,17353,1,1
2021-07-29 15:01:37.103,17350,17353,17353,1,1
2021-07-29 15:01:37.421,17351,17354,17354,1,1
2021-07-29 15:01:37.536,17351,17354,17354,2,2
2021-07-29 15:01:38.068,17351,17354,17351,2,-2
2021-07-29 15:01:42.030,17352,17353,17353,1,1
2021-07-29 15:01:42.061,17352,17353,17352,1,-1
2021-07-29 15:01:42.061,17352,17353,17351,4,-4
2021-07-29 15:01:42.061,17352,17353,17350,52,-52
2021-07-29 15:01:42.063,17352,17353,17349,3,-3
2021-07-29 15:01:42.064,17352,17353,17349,1,-1
2021-07-29 15:01:42.262,17349,17350,17350,1,1
2021-07-29 15:01:42.568,17349,17350,17350,1,1
2021-07-29 15:01:43.200,17349,17350,17350,10,10
2021-07-29 15:01:43.408,17349,17350,17350,1,1
2021-07-29 15:01:43.454,17349,17350,17350,1,1
2021-07-29 15:01:43.599,17349,17350,17350,1,1
2021-07-29 15:01:44.378,17349,17350,17350,1,1
2021-07-29 15:01:45.339,17349,17350,17350,1,1
2021-07-29 15:01:45.467,17349,17350,17349,1,-1
2021-07-29 15:01:46.356,17349,17350,17350,2,2
2021-07-29 15:01:46.356,17349,17350,17350,1,1
2021-07-29 15:01:46.356,17349,17350,17350,2,2
2021-07-29 15:01:46.557,17349,17350,17350,3,3
2021-07-29 15:01:46.557,17349,17350,17350,1,1
2021-07-29 15:01:46.558,17349,17350,17350,3,3
2021-07-29 15:01:46.558,17349,17350,17350,14,14
2021-07-29 15:01:46.694,17349,17352,17350,1,-1
2021-07-29 15:01:46.727,17350,17352,17350,1,-1
2021-07-29 15:01:46.774,17350,17352,17350,1,-1
2021-07-29 15:01:47.603,17350,17352,17350,1,-1
2021-07-29 15:01:47.708,17350,17352,17350,1,-1
2021-07-29 15:01:47.727,17350,17352,17352,1,1
2021-07-29 15:01:47.727,17350,17352,17352,1,1
2021-07-29 15:01:47.727,17350,17352,17352,1,1
2021-07-29 15:01:47.728,17350,17352,17352,1,1
2021-07-29 15:01:47.770,17350,17352,17351,2,-2
2021-07-29 15:01:50.058,17351,17353,17353,2,2
2021-07-29 15:01:50.058,17351,17353,17354,3,3
2021-07-29 15:01:50.672,17352,17354,17352,3,-3
2021-07-29 15:01:50.672,17352,17354,17351,1,-1
2021-07-29 15:01:51.119,17351,17353,17351,1,-1
2021-07-29 15:01:53.889,17352,17353,17352,1,1
2021-07-29 15:01:54.194,17352,17353,17352,1,-1
2021-07-29 15:01:54.557,17352,17353,17353,1,1
2021-07-29 15:01:56.610,17351,17353,17351,1,-1
2021-07-29 15:01:57.229,17351,17353,17351,5,-5
2021-07-29 15:01:57.229,17351,17353,17350,15,-15
2021-07-29 15:01:59.886,17351,17352,17351,1,1
2021-07-29 15:02:00.091,17351,17352,17352,1,1
2021-07-29 15:02:00.141,17352,17353,17353,1,1
2021-07-29 15:02:00.191,17352,17353,17353,1,1
2021-07-29 15:02:00.202,17352,17353,17352,1,-1
2021-07-29 15:02:00.242,17352,17353,17353,1,1
2021-07-29 15:02:00.414,17352,17353,17353,1,1
2021-07-29 15:02:00.414,17352,17353,17354,1,1
2021-07-29 15:02:01.165,17352,17354,17354,2,2
2021-07-29 15:02:01.230,17352,17354,17352,1,-1
2021-07-29 15:02:01.637,17351,17354,17351,7,-7
2021-07-29 15:02:01.637,17351,17354,17350,43,-43
2021-07-29 15:02:02.064,17350,17352,17352,5,5
2021-07-29 15:02:05.687,17351,17352,17352,1,1
2021-07-29 15:02:07.428,17351,17352,17351,1,-1
2021-07-29 15:02:10.166,17351,17352,17352,1,1
2021-07-29 15:02:12.340,17352,17353,17352,1,-1
2021-07-29 15:02:12.439,17352,17353,17352,1,-1
2021-07-29 15:02:13.053,17352,17353,17353,1,1
2021-07-29 15:02:13.803,17352,17353,17352,4,-4
2021-07-29 15:02:13.971,17352,17353,17353,1,1
2021-07-29 15:02:13.998,17352,17353,17353,2,2
2021-07-29 15:02:14.455,17352,17353,17353,1,1
2021-07-29 15:02:15.667,17352,17353,17353,1,1
2021-07-29 15:02:16.406,17352,17353,17353,3,3
2021-07-29 15:02:16.406,17352,17353,17354,2,2
2021-07-29 15:02:17.788,17352,17353,17353,1,1
2021-07-29 15:02:17.852,17352,17354,17354,1,1
2021-07-29 15:02:17.852,17352,17354,17354,1,1
2021-07-29 15:02:17.852,17352,17354,17354,1,1
2021-07-29 15:02:17.853,17352,17354,17354,1,1
2021-07-29 15:02:17.853,17352,17354,17354,1,1
2021-07-29 15:02:17.853,17352,17354,17354,1,1
2021-07-29 15:02:17.853,17352,17354,17354,1,1
2021-07-29 15:02:17.853,17352,17354,17354,1,1
2021-07-29 15:02:18.490,17353,17354,17353,1,-1
2021-07-29 15:02:18.490,17353,17354,17352,8,-8
2021-07-29 15:02:18.547,17353,17354,17352,2,-2
2021-07-29 15:02:20.765,17351,17352,17352,9,9
2021-07-29 15:02:23.050,17352,17354,17352,8,-8
2021-07-29 15:02:23.618,17351,17352,17352,1,1
2021-07-29 15:02:23.915,17351,17352,17351,7,-7
2021-07-29 15:02:24.862,17351,17352,17351,7,-7
2021-07-29 15:02:25.477,17351,17352,17351,7,-7
2021-07-29 15:02:25.780,17350,17352,17350,7,-7
2021-07-29 15:02:27.093,17351,17352,17351,1,1
2021-07-29 15:02:27.093,17351,17352,17350,6,-6
2021-07-29 15:02:27.838,17350,17352,17350,1,-1
2021-07-29 15:02:28.315,17350,17352,17352,5,5
2021-07-29 15:02:28.352,17350,17352,17352,1,1
2021-07-29 15:02:28.552,17351,17352,17351,3,-3
2021-07-29 15:02:28.552,17351,17352,17350,4,-4
2021-07-29 15:02:28.996,17350,17352,17352,1,1
2021-07-29 15:02:29.258,17350,17352,17350,7,-7
2021-07-29 15:02:30.606,17350,17352,17350,20,-20
2021-07-29 15:02:31.199,17350,17351,17350,1,-1
2021-07-29 15:02:31.199,17350,17351,17350,5,-5
2021-07-29 15:02:31.199,17350,17351,17350,1,-1
2021-07-29 15:02:31.199,17350,17351,17350,1,-1
2021-07-29 15:02:31.199,17350,17351,17350,13,-13
2021-07-29 15:02:31.691,17348,17350,17350,1,1
2021-07-29 15:02:32.219,17348,17350,17350,1,1
2021-07-29 15:02:34.702,17349,17350,17350,1,1
2021-07-29 15:02:35.064,17349,17351,17349,1,-1
2021-07-29 15:02:35.660,17349,17350,17349,3,-3
2021-07-29 15:02:36.278,17348,17349,17349,7,7
2021-07-29 15:02:37.818,17348,17349,17349,1,1
2021-07-29 15:02:37.852,17348,17349,17349,1,1
2021-07-29 15:02:37.852,17348,17349,17349,1,1
2021-07-29 15:02:38.350,17348,17349,17348,11,-11
2021-07-29 15:02:39.134,17347,17348,17348,1,1
2021-07-29 15:02:40.759,17347,17348,17348,1,1
2021-07-29 15:02:41.225,17347,17348,17347,2,-2
2021-07-29 15:02:41.231,17347,17348,17347,1,-1
2021-07-29 15:02:41.775,17347,17348,17348,2,2
2021-07-29 15:02:42.493,17348,17349,17348,1,-1
2021-07-29 15:02:42.912,17347,17349,17347,1,-1
2021-07-29 15:02:44.072,17347,17348,17348,1,1
2021-07-29 15:02:44.897,17348,17349,17348,1,-1
2021-07-29 15:02:45.668,17348,17349,17348,2,-2
2021-07-29 15:02:46.539,17348,17349,17348,1,-1
2021-07-29 15:02:49.425,17347,17348,17348,1,1
2021-07-29 15:02:49.794,17347,17348,17348,1,1
2021-07-29 15:02:49.975,17347,17348,17347,5,-5
2021-07-29 15:02:49.976,17347,17348,17347,23,-23
2021-07-29 15:02:49.978,17347,17348,17346,1,-1
2021-07-29 15:02:49.978,17347,17348,17346,1,-1
2021-07-29 15:02:49.978,17347,17348,17346,1,-1
2021-07-29 15:02:49.978,17347,17348,17346,1,-1
2021-07-29 15:02:49.978,17347,17348,17346,1,-1
2021-07-29 15:02:50.833,17346,17347,17346,9,-9
2021-07-29 15:02:53.332,17345,17346,17345,1,-1
2021-07-29 15:02:53.574,17345,17346,17345,1,-1
2021-07-29 15:02:54.906,17345,17346,17346,6,6
2021-07-29 15:02:54.906,17345,17346,17347,4,4
2021-07-29 15:02:55.724,17346,17348,17348,5,5
2021-07-29 15:02:55.902,17346,17348,17346,2,-2
2021-07-29 15:02:57.288,17346,17348,17346,1,-1
2021-07-29 15:02:58.492,17347,17348,17347,1,1
2021-07-29 15:02:58.492,17347,17348,17346,16,-16
2021-07-29 15:02:58.494,17347,17348,17346,2,-2
2021-07-29 15:02:59.693,17345,17346,17346,1,1
2021-07-29 15:02:59.694,17345,17346,17346,2,2
2021-07-29 15:03:01.886,17346,17348,17346,1,-1
2021-07-29 15:03:02.784,17346,17348,17346,1,-1
2021-07-29 15:03:02.785,17346,17348,17345,6,-6
2021-07-29 15:03:02.785,17346,17348,17345,6,-6
2021-07-29 15:03:02.803,17346,17348,17344,6,-6
2021-07-29 15:03:02.921,17344,17346,17346,7,7
2021-07-29 15:03:02.921,17344,17346,17347,3,3
2021-07-29 15:03:05.051,17346,17348,17346,3,-3
2021-07-29 15:03:07.072,17347,17348,17347,1,1
2021-07-29 15:03:08.467,17346,17348,17348,5,5
2021-07-29 15:03:08.720,17347,17349,17347,1,-1
2021-07-29 15:03:09.207,17347,17349,17349,5,5
2021-07-29 15:03:11.088,17348,17350,17348,1,-1
2021-07-29 15:03:14.132,17348,17350,17350,2,2
2021-07-29 15:03:14.155,17348,17350,17350,1,1
2021-07-29 15:03:14.373,17348,17350,17348,1,-1
2021-07-29 15:03:14.795,17348,17350,17350,1,1
2021-07-29 15:03:14.870,17348,17350,17350,2,2
2021-07-29 15:03:14.879,17348,17350,17350,2,2
2021-07-29 15:03:14.973,17348,17350,17350,1,1
2021-07-29 15:03:14.973,17348,17350,17350,1,1
2021-07-29 15:03:14.973,17348,17350,17350,7,7
2021-07-29 15:03:14.974,17348,17350,17350,1,1
2021-07-29 15:03:15.100,17350,17351,17351,3,3
2021-07-29 15:03:15.490,17350,17352,17350,5,-5
2021-07-29 15:03:15.605,17350,17352,17350,3,-3
2021-07-29 15:03:15.735,17349,17352,17349,5,-5
2021-07-29 15:03:17.611,17350,17352,17350,1,1
2021-07-29 15:03:17.725,17351,17352,17352,7,7
2021-07-29 15:03:21.575,17351,17353,17352,1,-1
2021-07-29 15:03:21.914,17351,17353,17352,1,-1
2021-07-29 15:03:23.302,17351,17352,17351,1,-1
2021-07-29 15:03:23.303,17351,17352,17351,1,-1
2021-07-29 15:03:23.667,17350,17351,17351,3,3
2021-07-29 15:03:23.667,17350,17351,17352,2,2
2021-07-29 15:03:26.200,17350,17351,17351,1,1
2021-07-29 15:03:26.987,17350,17351,17350,1,-1
2021-07-29 15:03:28.497,17349,17350,17349,4,-4
2021-07-29 15:03:30.055,17349,17350,17349,1,-1
2021-07-29 15:03:31.533,17349,17350,17350,1,1
2021-07-29 15:03:33.047,17349,17351,17349,1,-1
2021-07-29 15:03:33.096,17349,17351,17349,1,-1
2021-07-29 15:03:34.953,17349,17350,17349,4,-4
2021-07-29 15:03:35.565,17348,17349,17348,1,-1
2021-07-29 15:03:35.565,17348,17349,17348,1,-1
2021-07-29 15:03:36.102,17347,17349,17349,1,1
2021-07-29 15:03:42.543,17347,17348,17348,1,1
2021-07-29 15:03:43.129,17347,17348,17348,1,1
2021-07-29 15:03:43.134,17347,17348,17348,1,1
2021-07-29 15:03:43.311,17347,17348,17348,1,1
2021-07-29 15:03:43.487,17347,17348,17348,1,1
2021-07-29 15:03:43.743,17347,17348,17348,1,1
2021-07-29 15:03:43.931,17347,17348,17348,2,2
2021-07-29 15:03:49.464,17348,17349,17348,2,-2
2021-07-29 15:03:49.464,17348,17349,17348,1,-1
2021-07-29 15:03:49.802,17347,17349,17347,1,-1
2021-07-29 15:03:49.895,17347,17349,17347,2,-2
2021-07-29 15:03:51.085,17347,17348,17348,3,3
2021-07-29 15:03:52.171,17348,17349,17349,2,2
2021-07-29 15:03:53.810,17348,17349,17349,1,1
2021-07-29 15:03:56.742,17348,17349,17349,1,1
2021-07-29 15:04:00.001,17348,17349,17349,3,3
2021-07-29 15:04:00.062,17348,17349,17350,1,1
2021-07-29 15:04:00.086,17348,17349,17350,2,2
2021-07-29 15:04:00.133,17349,17351,17351,1,1
2021-07-29 15:04:00.134,17349,17351,17351,1,1
2021-07-29 15:04:00.582,17349,17351,17349,1,-1
2021-07-29 15:04:00.848,17349,17351,17351,2,2
2021-07-29 15:04:01.083,17349,17351,17351,2,2
2021-07-29 15:04:02.584,17348,17350,17348,4,-4
2021-07-29 15:04:03.143,17348,17350,17348,1,-1
2021-07-29 15:04:04.832,17348,17349,17349,3,3
2021-07-29 15:04:04.832,17348,17349,17350,2,2
2021-07-29 15:04:05.121,17348,17350,17350,1,1
2021-07-29 15:04:10.586,17348,17350,17350,2,2
2021-07-29 15:04:13.056,17348,17350,17350,1,1
2021-07-29 15:04:16.960,17348,17350,17348,5,-5
2021-07-29 15:04:16.996,17348,17350,17349,1,1
2021-07-29 15:04:17.135,17348,17350,17348,4,-4
2021-07-29 15:04:17.135,17348,17350,17347,1,-1
2021-07-29 15:04:17.220,17348,17350,17348,1,1
2021-07-29 15:04:17.220,17348,17350,17347,2,-2
2021-07-29 15:04:17.608,17348,17349,17348,1,1
2021-07-29 15:04:17.608,17348,17349,17347,7,-7
2021-07-29 15:04:20.575,17347,17350,17350,5,5
2021-07-29 15:04:24.359,17349,17350,17349,1,-1
2021-07-29 15:04:24.790,17348,17350,17350,1,1
2021-07-29 15:04:32.295,17349,17350,17349,1,-1
2021-07-29 15:04:36.009,17348,17349,17349,5,5
2021-07-29 15:04:37.396,17348,17349,17349,1,1
2021-07-29 15:04:39.851,17348,17349,17349,1,1
2021-07-29 15:04:49.122,17348,17349,17349,1,1
2021-07-29 15:04:49.798,17348,17349,17348,2,-2
2021-07-29 15:04:50.274,17348,17349,17349,1,1
2021-07-29 15:04:50.582,17348,17349,17348,10,-10
2021-07-29 15:05:01.825,17348,17349,17348,1,-1
2021-07-29 15:05:02.858,17348,17349,17349,3,3
2021-07-29 15:05:03.474,17348,17349,17348,1,-1
2021-07-29 15:05:04.753,17347,17348,17347,2,-2
2021-07-29 15:05:04.850,17347,17348,17347,10,-10
2021-07-29 15:05:04.850,17347,17348,17347,5,-5
2021-07-29 15:05:04.851,17347,17348,17347,1,-1
2021-07-29 15:05:05.770,17346,17347,17346,11,-11
2021-07-29 15:05:07.214,17345,17347,17347,2,2
2021-07-29 15:05:07.448,17345,17347,17347,1,1
2021-07-29 15:05:07.708,17345,17347,17346,1,-1
2021-07-29 15:05:08.964,17345,17346,17346,1,1
2021-07-29 15:05:09.294,17345,17347,17345,2,-2
2021-07-29 15:05:10.628,17345,17346,17345,5,-5
2021-07-29 15:05:10.984,17344,17345,17344,2,-2
2021-07-29 15:05:13.048,17343,17344,17344,1,1
2021-07-29 15:05:13.733,17343,17345,17345,3,3
2021-07-29 15:05:13.949,17343,17345,17343,15,-15
2021-07-29 15:05:13.950,17343,17345,17343,1,-1
2021-07-29 15:05:14.063,17342,17343,17342,1,-1
2021-07-29 15:05:14.091,17342,17343,17342,1,-1
2021-07-29 15:05:14.141,17342,17343,17342,1,-1
2021-07-29 15:05:14.160,17342,17343,17342,1,-1
2021-07-29 15:05:14.171,17342,17343,17342,2,-2
2021-07-29 15:05:14.171,17342,17343,17342,1,-1
2021-07-29 15:05:14.204,17342,17343,17342,1,-1
2021-07-29 15:05:14.204,17342,17343,17342,1,-1
2021-07-29 15:05:14.237,17341,17343,17341,1,-1
2021-07-29 15:05:15.687,17341,17343,17343,1,1
2021-07-29 15:05:16.604,17341,17343,17343,5,5
2021-07-29 15:05:17.747,17341,17343,17341,1,-1
2021-07-29 15:05:19.823,17341,17342,17341,1,-1
2021-07-29 15:05:19.975,17341,17342,17342,2,2
2021-07-29 15:05:20.153,17341,17343,17341,1,-1
2021-07-29 15:05:21.600,17341,17342,17342,2,2
2021-07-29 15:05:22.936,17341,17343,17343,1,1
2021-07-29 15:05:23.156,17341,17343,17341,10,-10
2021-07-29 15:05:24.100,17341,17342,17342,3,3
2021-07-29 15:05:25.350,17341,17343,17343,9,9
2021-07-29 15:05:26.608,17343,17344,17343,1,-1
2021-07-29 15:05:26.793,17343,17344,17344,1,1
2021-07-29 15:05:26.793,17343,17344,17344,1,1
2021-07-29 15:05:27.780,17343,17345,17343,1,-1
2021-07-29 15:05:28.246,17343,17345,17343,1,-1
2021-07-29 15:05:28.567,17343,17345,17343,1,-1
2021-07-29 15:05:29.682,17343,17345,17345,1,1
2021-07-29 15:05:30.604,17343,17345,17343,1,-1
2021-07-29 15:05:35.135,17344,17345,17344,1,1
2021-07-29 15:05:36.930,17343,17345,17343,8,-8
2021-07-29 15:05:36.930,17343,17345,17343,2,-2
2021-07-29 15:05:39.307,17343,17345,17345,1,1
2021-07-29 15:05:40.409,17343,17345,17343,1,-1
2021-07-29 15:05:42.328,17343,17345,17343,1,-1
2021-07-29 15:05:43.956,17343,17344,17344,1,1
2021-07-29 15:05:50.613,17343,17344,17344,1,1
2021-07-29 15:05:52.254,17343,17345,17343,5,-5
2021-07-29 15:05:52.255,17343,17345,17343,2,-2
2021-07-29 15:05:55.097,17342,17343,17342,6,-6
2021-07-29 15:05:55.097,17342,17343,17341,4,-4
2021-07-29 15:05:55.142,17341,17342,17341,1,-1
2021-07-29 15:05:57.148,17341,17342,17341,3,-3
2021-07-29 15:05:57.148,17341,17342,17340,17,-17
2021-07-29 15:05:57.843,17340,17341,17340,1,-1
2021-07-29 15:05:59.371,17340,17342,17340,2,-2
2021-07-29 15:06:00.533,17341,17342,17341,1,1
2021-07-29 15:06:01.185,17340,17341,17341,1,1
2021-07-29 15:06:01.187,17340,17341,17341,1,1
2021-07-29 15:06:03.020,17340,17341,17340,1,-1
2021-07-29 15:06:03.197,17340,17341,17340,1,-1
2021-07-29 15:06:03.648,17340,17341,17340,1,-1
2021-07-29 15:06:03.813,17339,17340,17340,1,1
2021-07-29 15:06:05.035,17339,17341,17341,5,5
2021-07-29 15:06:05.889,17340,17341,17340,3,-3
2021-07-29 15:06:08.147,17339,17340,17339,10,-10
2021-07-29 15:06:08.478,17338,17339,17338,2,-2
2021-07-29 15:06:08.961,17338,17339,17338,1,-1
2021-07-29 15:06:09.152,17338,17339,17339,2,2
2021-07-29 15:06:09.178,17338,17339,17339,1,1
2021-07-29 15:06:10.409,17338,17339,17338,2,-2
2021-07-29 15:06:10.822,17338,17339,17338,1,-1
2021-07-29 15:06:12.050,17338,17339,17338,1,-1
2021-07-29 15:06:12.513,17338,17339,17339,1,1
2021-07-29 15:06:13.800,17338,17339,17339,1,1
2021-07-29 15:06:13.800,17338,17339,17339,1,1
2021-07-29 15:06:13.800,17338,17339,17339,1,1
2021-07-29 15:06:13.800,17338,17339,17339,8,8
2021-07-29 15:06:13.988,17339,17340,17340,2,2
2021-07-29 15:06:15.022,17339,17341,17339,1,-1
2021-07-29 15:06:15.341,17339,17341,17339,1,-1
2021-07-29 15:06:15.475,17339,17341,17339,1,-1
2021-07-29 15:06:20.390,17339,17340,17340,2,2
2021-07-29 15:06:21.578,17339,17340,17339,1,-1
2021-07-29 15:06:23.326,17338,17340,17340,1,1
2021-07-29 15:06:23.527,17339,17340,17339,1,-1
2021-07-29 15:06:23.527,17339,17340,17338,3,-3
2021-07-29 15:06:24.245,17338,17340,17340,3,3
2021-07-29 15:06:24.245,17338,17340,17341,2,2
2021-07-29 15:06:24.363,17339,17341,17341,1,1
2021-07-29 15:06:24.416,17339,17341,17339,1,-1
2021-07-29 15:06:24.830,17339,17341,17339,1,-1
2021-07-29 15:06:25.224,17339,17341,17339,1,-1
2021-07-29 15:06:26.223,17339,17340,17339,5,-5
2021-07-29 15:06:26.859,17338,17339,17339,1,1
2021-07-29 15:06:27.707,17338,17339,17339,2,2
2021-07-29 15:06:29.736,17338,17339,17339,1,1
2021-07-29 15:06:29.899,17338,17339,17339,1,1
2021-07-29 15:06:30.055,17338,17339,17338,1,-1
2021-07-29 15:06:30.891,17338,17339,17338,2,-2
2021-07-29 15:06:31.578,17338,17339,17338,1,-1
2021-07-29 15:06:34.564,17338,17339,17338,1,-1
2021-07-29 15:06:37.625,17337,17339,17337,1,-1
2021-07-29 15:06:38.542,17337,17339,17337,1,-1
2021-07-29 15:06:39.497,17337,17338,17337,1,-1
2021-07-29 15:06:39.628,17337,17338,17338,1,1
2021-07-29 15:06:40.402,17337,17339,17339,5,5
2021-07-29 15:06:41.090,17337,17338,17338,1,1
2021-07-29 15:06:41.090,17337,17338,17338,4,4
2021-07-29 15:06:42.337,17337,17339,17337,4,-4
2021-07-29 15:06:44.345,17337,17339,17339,1,1
2021-07-29 15:06:47.189,17338,17339,17339,1,1
2021-07-29 15:06:47.189,17338,17339,17339,1,1
2021-07-29 15:06:47.190,17338,17339,17339,6,6
2021-07-29 15:06:47.598,17339,17340,17340,3,3
2021-07-29 15:06:47.598,17339,17340,17341,1,1
2021-07-29 15:06:47.869,17339,17341,17339,1,-1
2021-07-29 15:06:49.108,17339,17341,17339,1,-1
2021-07-29 15:06:49.183,17339,17341,17341,1,1
2021-07-29 15:06:49.722,17339,17341,17339,1,-1
2021-07-29 15:06:50.281,17339,17341,17341,1,1
2021-07-29 15:06:51.333,17339,17341,17339,1,-1
2021-07-29 15:06:53.230,17339,17340,17339,5,-5
2021-07-29 15:06:54.241,17338,17339,17339,1,1
2021-07-29 15:06:57.604,17338,17339,17338,1,-1
2021-07-29 15:06:57.604,17338,17339,17338,3,-3
2021-07-29 15:07:02.653,17337,17338,17338,1,1
2021-07-29 15:07:02.923,17337,17338,17337,1,-1
2021-07-29 15:07:02.970,17337,17338,17337,1,-1
2021-07-29 15:07:02.986,17336,17338,17336,1,-1
2021-07-29 15:07:02.989,17336,17338,17336,1,-1
2021-07-29 15:07:03.000,17336,17338,17336,3,-3
2021-07-29 15:07:03.031,17336,17338,17336,1,-1
2021-07-29 15:07:03.032,17336,17338,17336,1,-1
2021-07-29 15:07:03.062,17336,17338,17336,1,-1
2021-07-29 15:07:03.069,17336,17338,17336,1,-1
2021-07-29 15:07:03.097,17336,17338,17336,1,-1
2021-07-29 15:07:03.098,17336,17338,17336,10,-10
2021-07-29 15:07:03.111,17336,17337,17336,1,-1
2021-07-29 15:07:03.185,17336,17337,17337,1,1
2021-07-29 15:07:03.185,17336,17337,17337,1,1
2021-07-29 15:07:03.212,17336,17337,17336,1,-1
2021-07-29 15:07:03.229,17336,17337,17336,3,-3
2021-07-29 15:07:03.233,17336,17337,17336,3,-3
2021-07-29 15:07:03.234,17336,17337,17336,27,-27
2021-07-29 15:07:03.234,17336,17337,17335,1,-1
2021-07-29 15:07:03.235,17336,17337,17335,1,-1
2021-07-29 15:07:03.235,17336,17337,17336,1,1
2021-07-29 15:07:03.235,17336,17337,17335,2,-2
2021-07-29 15:07:03.241,17336,17337,17334,3,-3
2021-07-29 15:07:03.242,17336,17337,17334,1,-1
2021-07-29 15:07:03.362,17333,17335,17333,1,-1
2021-07-29 15:07:03.379,17333,17335,17333,1,-1
2021-07-29 15:07:03.421,17333,17335,17333,1,-1
2021-07-29 15:07:03.537,17333,17334,17333,3,-3
2021-07-29 15:07:03.537,17333,17334,17332,14,-14
2021-07-29 15:07:03.539,17333,17334,17331,3,-3
2021-07-29 15:07:03.539,17333,17334,17330,13,-13
2021-07-29 15:07:03.539,17333,17334,17329,1,-1
2021-07-29 15:07:03.563,17333,17334,17329,1,-1
2021-07-29 15:07:03.577,17333,17334,17329,2,-2
2021-07-29 15:07:03.661,17329,17331,17329,1,-1
2021-07-29 15:07:03.661,17329,17331,17328,4,-4
2021-07-29 15:07:03.661,17329,17331,17327,10,-10
2021-07-29 15:07:03.786,17327,17329,17329,1,1
2021-07-29 15:07:03.786,17327,17329,17329,4,4
2021-07-29 15:07:03.844,17327,17329,17328,1,-1
2021-07-29 15:07:03.934,17328,17330,17330,1,1
2021-07-29 15:07:04.042,17328,17330,17328,1,-1
2021-07-29 15:07:04.110,17328,17330,17330,6,6
2021-07-29 15:07:04.114,17328,17330,17329,2,-2
2021-07-29 15:07:04.158,17328,17330,17329,4,-4
2021-07-29 15:07:04.326,17328,17331,17331,4,4
2021-07-29 15:07:04.381,17330,17332,17332,1,1
2021-07-29 15:07:04.890,17332,17334,17334,1,1
2021-07-29 15:07:05.185,17334,17335,17334,1,-1
2021-07-29 15:07:06.976,17332,17334,17332,3,-3
2021-07-29 15:07:07.901,17330,17332,17330,1,-1
2021-07-29 15:07:10.878,17330,17331,17330,1,-1
2021-07-29 15:07:10.880,17330,17331,17330,4,-4
2021-07-29 15:07:12.041,17329,17331,17331,1,1
2021-07-29 15:07:12.395,17330,17332,17332,1,1
2021-07-29 15:07:12.817,17330,17332,17330,1,-1
2021-07-29 15:07:12.971,17330,17331,17330,1,-1
2021-07-29 15:07:12.971,17330,17331,17329,14,-14
2021-07-29 15:07:13.180,17328,17329,17329,1,1
2021-07-29 15:07:14.212,17328,17329,17329,1,1
2021-07-29 15:07:14.285,17328,17329,17329,2,2
2021-07-29 15:07:14.517,17328,17329,17329,1,1
2021-07-29 15:07:15.126,17328,17329,17328,1,-1
2021-07-29 15:07:15.130,17328,17329,17328,1,-1
2021-07-29 15:07:15.735,17327,17328,17327,4,-4
2021-07-29 15:07:15.894,17326,17327,17326,1,-1
2021-07-29 15:07:15.971,17326,17327,17326,3,-3
2021-07-29 15:07:15.984,17326,17327,17326,7,-7
2021-07-29 15:07:15.984,17326,17327,17325,3,-3
2021-07-29 15:07:16.153,17325,17326,17325,15,-15
2021-07-29 15:07:16.156,17325,17326,17326,1,1
2021-07-29 15:07:16.156,17325,17326,17325,3,-3
2021-07-29 15:07:16.400,17325,17326,17325,1,-1
2021-07-29 15:07:17.089,17325,17326,17325,2,-2
2021-07-29 15:07:17.419,17325,17326,17325,1,-1
2021-07-29 15:07:17.464,17325,17326,17326,3,3
2021-07-29 15:07:17.997,17326,17327,17326,1,-1
2021-07-29 15:07:17.998,17326,17327,17327,1,1
2021-07-29 15:07:18.104,17325,17327,17327,3,3
2021-07-29 15:07:20.059,17326,17328,17326,1,-1
2021-07-29 15:07:21.623,17326,17327,17326,1,-1
2021-07-29 15:07:23.066,17325,17327,17327,2,2
2021-07-29 15:07:23.613,17326,17327,17326,1,-1
2021-07-29 15:07:24.377,17326,17327,17327,1,1
2021-07-29 15:07:25.084,17327,17328,17328,1,1
2021-07-29 15:07:25.084,17327,17328,17328,1,1
2021-07-29 15:07:25.775,17329,17331,17329,1,1
2021-07-29 15:07:26.081,17329,17331,17329,1,-1
2021-07-29 15:07:26.186,17329,17331,17329,2,-2
2021-07-29 15:07:26.186,17329,17331,17328,2,-2
2021-07-29 15:07:26.758,17329,17331,17329,1,1
2021-07-29 15:07:27.077,17328,17330,17328,1,-1
2021-07-29 15:07:30.923,17328,17330,17328,7,-7
2021-07-29 15:07:30.924,17328,17330,17328,10,-10
2021-07-29 15:07:31.744,17328,17330,17328,1,-1
2021-07-29 15:07:32.267,17328,17329,17329,10,10
2021-07-29 15:07:32.402,17329,17330,17330,1,1
2021-07-29 15:07:33.192,17329,17330,17330,2,2
2021-07-29 15:07:33.507,17330,17331,17331,1,1
2021-07-29 15:07:33.528,17330,17331,17332,1,1
2021-07-29 15:07:40.555,17331,17332,17331,4,-4
2021-07-29 15:07:40.555,17331,17332,17330,16,-16
2021-07-29 15:07:41.988,17330,17331,17331,1,1
2021-07-29 15:07:42.888,17330,17331,17331,2,2
2021-07-29 15:07:44.533,17330,17331,17330,16,-16
2021-07-29 15:07:45.007,17329,17330,17329,1,-1
2021-07-29 15:07:46.164,17328,17329,17329,1,1
2021-07-29 15:07:46.518,17328,17330,17330,1,1
2021-07-29 15:07:46.942,17329,17330,17330,3,3
2021-07-29 15:07:47.459,17329,17331,17330,1,-1
2021-07-29 15:07:47.644,17330,17331,17331,1,1
2021-07-29 15:07:48.043,17330,17332,17330,1,-1
2021-07-29 15:07:49.512,17330,17332,17330,2,-2
2021-07-29 15:07:50.329,17330,17332,17330,3,-3
2021-07-29 15:07:50.329,17330,17332,17329,17,-17
2021-07-29 15:07:50.499,17328,17330,17328,1,-1
2021-07-29 15:07:52.876,17328,17330,17330,1,1
2021-07-29 15:07:53.769,17328,17330,17330,1,1
2021-07-29 15:07:54.239,17329,17330,17330,1,1
2021-07-29 15:07:56.102,17328,17330,17328,1,-1
2021-07-29 15:07:57.082,17329,17330,17330,2,2
2021-07-29 15:07:57.526,17330,17331,17330,1,-1
2021-07-29 15:07:58.994,17329,17330,17330,1,1
2021-07-29 15:07:59.029,17329,17330,17329,4,-4
2021-07-29 15:07:59.030,17329,17330,17329,2,-2
2021-07-29 15:07:59.030,17329,17330,17329,14,-14
2021-07-29 15:07:59.453,17329,17331,17329,1,-1
2021-07-29 15:07:59.629,17328,17330,17328,1,-1
2021-07-29 15:08:00.043,17328,17330,17328,2,-2
2021-07-29 15:08:00.059,17328,17330,17328,1,-1
2021-07-29 15:08:00.092,17328,17330,17328,1,-1
2021-07-29 15:08:00.137,17328,17330,17328,1,-1
2021-07-29 15:08:00.517,17328,17330,17328,2,-2
2021-07-29 15:08:03.156,17329,17331,17329,3,3
2021-07-29 15:08:03.156,17329,17331,17328,12,-12
2021-07-29 15:08:03.157,17329,17331,17328,5,-5
2021-07-29 15:08:05.840,17328,17330,17328,1,-1
2021-07-29 15:08:08.422,17327,17328,17328,1,1
2021-07-29 15:08:09.938,17327,17329,17327,8,-8
2021-07-29 15:08:09.938,17327,17329,17326,7,-7
2021-07-29 15:08:10.115,17327,17328,17327,1,1
2021-07-29 15:08:10.251,17326,17329,17326,1,-1
2021-07-29 15:08:10.940,17327,17328,17327,1,1
2021-07-29 15:08:10.993,17326,17328,17326,6,-6
2021-07-29 15:08:10.993,17326,17328,17325,9,-9
2021-07-29 15:08:14.269,17326,17328,17326,1,1
2021-07-29 15:08:14.840,17327,17328,17327,7,7
2021-07-29 15:08:14.959,17326,17328,17326,1,-1
2021-07-29 15:08:17.203,17326,17327,17327,1,1
2021-07-29 15:08:18.452,17327,17328,17327,1,-1
2021-07-29 15:08:19.247,17327,17328,17328,6,6
2021-07-29 15:08:20.781,17328,17329,17328,3,-3
2021-07-29 15:08:20.781,17328,17329,17327,1,-1
2021-07-29 15:08:23.986,17327,17329,17327,5,-5
2021-07-29 15:08:23.987,17327,17329,17327,1,-1
2021-07-29 15:08:23.987,17327,17329,17327,3,-3
2021-07-29 15:08:25.759,17327,17328,17328,1,1
2021-07-29 15:08:27.823,17327,17329,17327,1,-1
2021-07-29 15:08:28.788,17328,17329,17328,1,1
2021-07-29 15:08:29.723,17328,17329,17329,2,2
2021-07-29 15:08:31.996,17329,17330,17330,1,1
2021-07-29 15:08:31.996,17329,17330,17330,1,1
2021-07-29 15:08:36.414,17328,17330,17330,2,2
2021-07-29 15:08:36.414,17328,17330,17330,5,5
2021-07-29 15:08:36.414,17328,17330,17330,2,2
2021-07-29 15:08:37.423,17329,17331,17329,1,-1
2021-07-29 15:08:42.168,17330,17331,17331,7,7
2021-07-29 15:08:42.168,17330,17331,17331,1,1
2021-07-29 15:08:42.168,17330,17331,17331,1,1
2021-07-29 15:08:42.168,17330,17331,17331,6,6
2021-07-29 15:08:42.764,17330,17331,17331,1,1
2021-07-29 15:08:43.844,17330,17332,17330,1,-1
2021-07-29 15:08:44.263,17330,17332,17330,1,-1
2021-07-29 15:08:45.300,17330,17332,17332,1,1
2021-07-29 15:08:46.022,17331,17332,17331,2,-2
2021-07-29 15:08:46.513,17330,17331,17331,1,1
2021-07-29 15:08:46.835,17330,17331,17330,2,-2
2021-07-29 15:08:46.835,17330,17331,17330,1,-1
2021-07-29 15:08:46.835,17330,17331,17330,1,-1
2021-07-29 15:08:46.835,17330,17331,17330,1,-1
2021-07-29 15:08:46.835,17330,17331,17330,1,-1
2021-07-29 15:08:46.835,17330,17331,17330,1,-1
2021-07-29 15:08:46.835,17330,17331,17330,1,-1
2021-07-29 15:08:49.745,17329,17330,17330,1,1
2021-07-29 15:08:51.417,17329,17330,17330,2,2
2021-07-29 15:08:51.643,17330,17331,17330,2,-2
2021-07-29 15:08:52.966,17329,17330,17329,1,-1
2021-07-29 15:08:52.966,17329,17330,17329,1,-1
2021-07-29 15:08:52.966,17329,17330,17329,1,-1
2021-07-29 15:08:53.647,17328,17330,17330,2,2
2021-07-29 15:08:54.377,17328,17330,17330,1,1
2021-07-29 15:08:54.989,17328,17330,17330,1,1
2021-07-29 15:08:55.753,17329,17330,17329,1,-1
2021-07-29 15:08:58.953,17329,17330,17330,1,1
2021-07-29 15:09:00.051,17329,17330,17329,2,-2
2021-07-29 15:09:00.066,17329,17330,17329,1,-1
2021-07-29 15:09:00.080,17329,17330,17329,1,-1
2021-07-29 15:09:00.143,17329,17330,17330,1,1
2021-07-29 15:09:00.776,17329,17330,17329,7,-7
2021-07-29 15:09:01.658,17328,17329,17328,1,-1
2021-07-29 15:09:02.594,17328,17329,17329,7,7
2021-07-29 15:09:03.034,17329,17330,17330,1,1
2021-07-29 15:09:03.561,17329,17331,17329,2,-2
2021-07-29 15:09:04.389,17329,17331,17329,1,-1
2021-07-29 15:09:08.080,17329,17330,17330,1,1
2021-07-29 15:09:08.080,17329,17330,17330,1,1
2021-07-29 15:09:08.080,17329,17330,17330,1,1
2021-07-29 15:09:08.080,17329,17330,17330,1,1
2021-07-29 15:09:10.760,17329,17330,17330,2,2
2021-07-29 15:09:10.852,17329,17331,17329,1,-1
2021-07-29 15:09:10.852,17329,17331,17329,1,-1
2021-07-29 15:09:10.852,17329,17331,17329,1,-1
2021-07-29 15:09:12.137,17328,17330,17330,1,1
2021-07-29 15:09:12.331,17328,17330,17330,1,1
2021-07-29 15:09:15.934,17329,17330,17330,2,2
2021-07-29 15:09:17.802,17329,17331,17329,1,-1
2021-07-29 15:09:18.794,17328,17330,17328,1,-1
2021-07-29 15:09:23.761,17329,17330,17329,5,5
2021-07-29 15:09:30.786,17329,17330,17330,4,4
2021-07-29 15:09:31.870,17329,17331,17329,1,-1
2021-07-29 15:09:31.977,17329,17331,17329,1,-1
2021-07-29 15:09:31.977,17329,17331,17329,1,-1
2021-07-29 15:09:31.977,17329,17331,17329,1,-1
2021-07-29 15:09:31.978,17329,17331,17329,1,-1
2021-07-29 15:09:31.978,17329,17331,17328,1,-1
2021-07-29 15:09:31.978,17329,17331,17329,1,1
2021-07-29 15:09:31.978,17329,17331,17328,1,-1
2021-07-29 15:09:31.978,17329,17331,17328,1,-1
2021-07-29 15:09:32.450,17329,17330,17329,1,1
2021-07-29 15:09:38.470,17328,17330,17330,1,1
2021-07-29 15:09:38.470,17328,17330,17331,1,1
2021-07-29 15:09:39.632,17328,17331,17328,1,-1
2021-07-29 15:09:42.073,17328,17331,17328,1,-1
2021-07-29 15:09:43.858,17328,17330,17330,4,4
2021-07-29 15:09:48.217,17328,17329,17329,1,1
2021-07-29 15:09:53.897,17329,17330,17330,1,1
2021-07-29 15:10:00.049,17329,17331,17329,1,-1
2021-07-29 15:10:00.063,17329,17331,17329,1,-1
2021-07-29 15:10:00.078,17329,17331,17329,1,-1
2021-07-29 15:10:00.080,17329,17331,17329,1,-1
2021-07-29 15:10:00.102,17329,17331,17329,1,-1
2021-07-29 15:10:00.236,17329,17331,17331,1,1
2021-07-29 15:10:00.251,17329,17331,17331,1,1
2021-07-29 15:10:00.261,17329,17331,17331,3,3
2021-07-29 15:10:00.286,17329,17331,17331,1,1
2021-07-29 15:10:00.288,17329,17331,17332,1,1
2021-07-29 15:10:00.301,17329,17331,17332,1,1
2021-07-29 15:10:00.351,17329,17332,17329,2,-2
2021-07-29 15:10:00.352,17329,17332,17331,1,1
2021-07-29 15:10:00.353,17329,17332,17331,1,-1
2021-07-29 15:10:00.379,17329,17332,17331,1,-1
2021-07-29 15:10:00.384,17329,17332,17332,1,1
2021-07-29 15:10:00.450,17329,17332,17331,1,-1
2021-07-29 15:10:00.450,17329,17332,17332,1,1
2021-07-29 15:10:00.471,17329,17332,17329,3,-3
2021-07-29 15:10:00.553,17328,17331,17328,1,-1
2021-07-29 15:10:00.661,17328,17330,17328,3,-3
2021-07-29 15:10:00.792,17328,17330,17330,1,1
2021-07-29 15:10:01.930,17329,17331,17331,3,3
2021-07-29 15:10:02.578,17330,17332,17332,1,1
2021-07-29 15:10:02.743,17330,17332,17330,2,-2
2021-07-29 15:10:02.975,17330,17332,17332,3,3
2021-07-29 15:10:03.120,17331,17332,17332,1,1
2021-07-29 15:10:03.695,17331,17332,17332,1,1
2021-07-29 15:10:04.236,17331,17333,17331,1,-1
2021-07-29 15:10:07.228,17331,17333,17333,1,1
2021-07-29 15:10:08.595,17331,17333,17331,2,-2
2021-07-29 15:10:08.595,17331,17333,17331,1,-1
2021-07-29 15:10:08.595,17331,17333,17331,1,-1
2021-07-29 15:10:10.392,17330,17332,17330,1,-1
2021-07-29 15:10:10.392,17330,17332,17330,1,-1
2021-07-29 15:10:10.393,17330,17332,17330,1,-1
2021-07-29 15:10:10.394,17330,17332,17330,1,-1
2021-07-29 15:10:12.454,17329,17330,17329,1,-1
2021-07-29 15:10:16.553,17329,17331,17331,1,1
2021-07-29 15:10:20.910,17329,17331,17329,5,-5
2021-07-29 15:10:20.910,17329,17331,17328,13,-13
2021-07-29 15:10:20.910,17329,17331,17327,12,-12
2021-07-29 15:10:22.616,17327,17330,17330,1,1
2021-07-29 15:10:34.114,17328,17329,17328,1,-1
2021-07-29 15:10:34.157,17328,17329,17329,1,1
2021-07-29 15:10:34.337,17327,17329,17327,3,-3
2021-07-29 15:10:35.171,17327,17328,17327,12,-12
2021-07-29 15:10:37.235,17326,17327,17327,3,3
2021-07-29 15:10:37.235,17326,17327,17328,2,2
2021-07-29 15:10:41.470,17326,17327,17326,16,-16
2021-07-29 15:10:41.635,17325,17326,17325,1,-1
2021-07-29 15:10:41.699,17325,17326,17325,20,-20
2021-07-29 15:10:42.370,17324,17326,17326,1,1
2021-07-29 15:10:43.714,17324,17326,17326,1,1
2021-07-29 15:10:44.900,17324,17326,17324,1,-1
2021-07-29 15:10:45.043,17324,17326,17324,2,-2
2021-07-29 15:10:45.125,17324,17325,17324,4,-4
2021-07-29 15:10:45.125,17324,17325,17323,4,-4
2021-07-29 15:10:45.299,17323,17325,17323,1,-1
2021-07-29 15:10:45.302,17323,17325,17323,2,-2
2021-07-29 15:10:45.302,17323,17325,17322,1,-1
2021-07-29 15:10:45.402,17322,17324,17322,2,-2
2021-07-29 15:10:45.458,17322,17324,17322,1,-1
2021-07-29 15:10:45.481,17322,17324,17322,2,-2
2021-07-29 15:10:45.509,17322,17324,17322,4,-4
2021-07-29 15:10:45.516,17322,17324,17322,1,-1
2021-07-29 15:10:45.521,17322,17324,17322,1,-1
2021-07-29 15:10:45.532,17322,17324,17322,1,-1
2021-07-29 15:10:45.546,17322,17324,17322,1,-1
2021-07-29 15:10:45.568,17322,17324,17322,1,-1
2021-07-29 15:10:45.573,17322,17324,17322,1,-1
2021-07-29 15:10:45.584,17322,17324,17322,1,-1
2021-07-29 15:10:45.584,17322,17324,17322,2,-2
2021-07-29 15:10:45.604,17322,17323,17322,1,-1
2021-07-29 15:10:45.616,17322,17323,17322,1,-1
2021-07-29 15:10:45.616,17322,17323,17322,4,-4
2021-07-29 15:10:45.616,17322,17323,17322,8,-8
2021-07-29 15:10:45.616,17322,17323,17322,1,-1
2021-07-29 15:10:45.616,17322,17323,17322,3,-3
2021-07-29 15:10:45.657,17322,17323,17321,1,-1
2021-07-29 15:10:45.685,17322,17323,17321,1,-1
2021-07-29 15:10:45.743,17321,17322,17321,6,-6
2021-07-29 15:10:45.786,17321,17322,17321,4,-4
2021-07-29 15:10:46.169,17321,17322,17322,1,1
2021-07-29 15:10:46.169,17321,17322,17322,1,1
2021-07-29 15:10:46.169,17321,17322,17322,2,2
2021-07-29 15:10:46.383,17322,17323,17322,1,-1
2021-07-29 15:10:46.647,17322,17323,17322,1,-1
2021-07-29 15:10:46.939,17322,17323,17323,1,1
2021-07-29 15:10:46.939,17322,17323,17323,1,1
2021-07-29 15:10:47.527,17322,17323,17323,1,1
2021-07-29 15:10:47.792,17322,17324,17322,2,-2
2021-07-29 15:10:48.090,17322,17324,17322,1,-1
2021-07-29 15:10:51.047,17323,17324,17323,1,1
2021-07-29 15:10:51.463,17322,17325,17323,1,-1
2021-07-29 15:10:54.337,17324,17326,17326,1,1
2021-07-29 15:10:55.848,17326,17327,17327,5,5
2021-07-29 15:10:56.072,17326,17328,17326,1,-1
2021-07-29 15:10:57.333,17326,17328,17328,1,1
2021-07-29 15:10:57.697,17326,17328,17328,1,1
2021-07-29 15:10:58.206,17326,17328,17328,2,2
2021-07-29 15:10:59.634,17327,17328,17327,1,-1
2021-07-29 15:10:59.983,17326,17328,17328,4,4
2021-07-29 15:11:00.079,17326,17328,17327,1,-1
2021-07-29 15:11:05.217,17326,17327,17327,1,1
2021-07-29 15:11:05.766,17326,17327,17327,1,1
2021-07-29 15:11:07.634,17326,17327,17326,1,-1
2021-07-29 15:11:08.554,17326,17327,17326,1,-1
2021-07-29 15:11:10.889,17326,17327,17326,1,-1
2021-07-29 15:11:11.295,17325,17327,17325,1,-1
2021-07-29 15:11:19.407,17325,17327,17325,2,-2
2021-07-29 15:11:19.781,17324,17325,17325,1,1
2021-07-29 15:11:23.745,17325,17327,17327,1,1
2021-07-29 15:11:24.463,17325,17327,17327,5,5
2021-07-29 15:11:24.633,17327,17328,17327,2,-2
2021-07-29 15:11:26.871,17327,17328,17327,1,-1
2021-07-29 15:11:28.844,17327,17328,17327,2,-2
2021-07-29 15:11:31.136,17327,17328,17328,2,2
2021-07-29 15:11:31.137,17327,17328,17328,3,3
2021-07-29 15:11:31.137,17327,17328,17328,2,2
2021-07-29 15:11:36.028,17328,17329,17329,1,1
2021-07-29 15:11:36.028,17328,17329,17329,1,1
2021-07-29 15:11:37.433,17328,17329,17328,18,-18
2021-07-29 15:11:37.969,17327,17328,17328,1,1
2021-07-29 15:11:42.203,17327,17328,17327,1,-1
2021-07-29 15:11:42.203,17327,17328,17327,2,-2
2021-07-29 15:11:42.203,17327,17328,17327,1,-1
2021-07-29 15:11:42.203,17327,17328,17327,1,-1
2021-07-29 15:11:42.203,17327,17328,17327,6,-6
2021-07-29 15:11:47.174,17327,17328,17327,2,-2
2021-07-29 15:11:50.644,17326,17327,17327,1,1
2021-07-29 15:11:56.411,17326,17327,17327,1,1
2021-07-29 15:11:57.648,17326,17327,17326,4,-4
2021-07-29 15:11:57.648,17326,17327,17325,19,-19
2021-07-29 15:11:57.648,17326,17327,17324,7,-7
2021-07-29 15:11:57.815,17324,17325,17324,3,-3
2021-07-29 15:11:57.983,17324,17326,17326,1,1
2021-07-29 15:11:58.070,17324,17326,17326,1,1
2021-07-29 15:11:58.712,17324,17326,17326,2,2
2021-07-29 15:11:59.226,17324,17326,17326,1,1
2021-07-29 15:12:01.225,17325,17327,17327,5,5
2021-07-29 15:12:01.542,17325,17327,17327,2,2
2021-07-29 15:12:01.546,17325,17327,17327,3,3
2021-07-29 15:12:01.584,17325,17327,17328,3,3
2021-07-29 15:12:01.658,17326,17328,17326,1,-1
2021-07-29 15:12:02.229,17325,17327,17325,1,-1
2021-07-29 15:12:06.644,17325,17326,17326,2,2
2021-07-29 15:12:06.846,17326,17327,17326,1,-1
2021-07-29 15:12:08.478,17325,17326,17326,1,1
2021-07-29 15:12:08.726,17326,17327,17326,1,-1
2021-07-29 15:12:08.726,17326,17327,17326,1,-1
2021-07-29 15:12:08.771,17326,17327,17325,1,-1
2021-07-29 15:12:08.774,17326,17327,17325,1,-1
2021-07-29 15:12:08.775,17326,17327,17325,3,-3
2021-07-29 15:12:09.719,17324,17325,17324,11,-11
2021-07-29 15:12:11.578,17323,17325,17323,1,-1
2021-07-29 15:12:13.306,17323,17325,17325,1,1
2021-07-29 15:12:14.793,17323,17325,17325,1,1
2021-07-29 15:12:16.427,17323,17324,17323,2,-2
2021-07-29 15:12:18.581,17322,17323,17323,1,1
2021-07-29 15:12:19.147,17323,17324,17324,1,1
2021-07-29 15:12:20.581,17323,17325,17323,3,-3
2021-07-29 15:12:20.581,17323,17325,17322,7,-7
2021-07-29 15:12:20.862,17322,17324,17322,1,-1
2021-07-29 15:12:22.317,17322,17324,17322,1,-1
2021-07-29 15:12:22.526,17323,17324,17324,2,2
2021-07-29 15:12:23.119,17323,17325,17323,1,-1
2021-07-29 15:12:23.176,17323,17325,17323,1,-1
2021-07-29 15:12:25.907,17323,17324,17324,1,1
2021-07-29 15:12:30.122,17323,17324,17323,1,-1
2021-07-29 15:12:31.573,17323,17324,17324,2,2
2021-07-29 15:12:32.023,17323,17325,17323,1,-1
2021-07-29 15:12:33.279,17324,17325,17324,1,1
2021-07-29 15:12:34.431,17323,17325,17323,2,-2
2021-07-29 15:12:35.611,17323,17325,17323,1,-1
2021-07-29 15:12:36.304,17323,17324,17323,1,-1
2021-07-29 15:12:36.484,17323,17324,17324,1,1
2021-07-29 15:12:40.419,17323,17324,17324,1,1
2021-07-29 15:12:42.422,17324,17325,17324,3,-3
2021-07-29 15:12:42.422,17324,17325,17323,7,-7
2021-07-29 15:12:43.102,17323,17324,17324,1,1
2021-07-29 15:12:46.075,17323,17324,17324,1,1
2021-07-29 15:12:49.231,17323,17324,17324,1,1
2021-07-29 15:12:49.232,17323,17324,17324,1,1
2021-07-29 15:12:51.646,17323,17325,17324,1,-1
2021-07-29 15:12:51.646,17323,17325,17323,1,-1
2021-07-29 15:12:56.736,17323,17325,17323,1,-1
2021-07-29 15:12:57.500,17323,17325,17323,7,-7
2021-07-29 15:12:57.501,17323,17325,17323,1,-1
2021-07-29 15:12:57.501,17323,17325,17323,2,-2
2021-07-29 15:13:01.234,17322,17323,17322,2,-2
2021-07-29 15:13:01.654,17322,17323,17322,1,-1
2021-07-29 15:13:01.657,17322,17323,17322,1,-1
2021-07-29 15:13:01.681,17322,17323,17322,1,-1
2021-07-29 15:13:01.681,17322,17323,17322,1,-1
2021-07-29 15:13:01.728,17321,17323,17321,1,-1
2021-07-29 15:13:01.776,17321,17323,17321,4,-4
2021-07-29 15:13:01.875,17321,17322,17321,2,-2
2021-07-29 15:13:01.905,17321,17322,17321,4,-4
2021-07-29 15:13:02.019,17321,17322,17321,5,-5
2021-07-29 15:13:02.019,17321,17322,17321,1,-1
2021-07-29 15:13:02.020,17321,17322,17321,11,-11
2021-07-29 15:13:02.044,17321,17322,17320,3,-3
2021-07-29 15:13:02.116,17320,17321,17320,1,-1
2021-07-29 15:13:02.126,17320,17321,17320,2,-2
2021-07-29 15:13:02.276,17320,17321,17320,1,-1
2021-07-29 15:13:02.610,17320,17321,17320,1,-1
2021-07-29 15:13:02.790,17320,17321,17320,2,-2
2021-07-29 15:13:02.915,17320,17321,17320,2,-2
2021-07-29 15:13:03.793,17320,17321,17320,1,-1
2021-07-29 15:13:03.924,17320,17321,17320,1,-1
2021-07-29 15:13:04.107,17320,17321,17321,1,1
2021-07-29 15:13:04.335,17320,17322,17320,2,-2
2021-07-29 15:13:04.754,17320,17322,17320,2,-2
2021-07-29 15:13:05.025,17320,17322,17322,2,2
2021-07-29 15:13:06.665,17321,17323,17322,1,-1
2021-07-29 15:13:06.665,17321,17323,17322,1,-1
2021-07-29 15:13:07.085,17321,17322,17322,6,6
2021-07-29 15:13:07.085,17321,17322,17322,1,1
2021-07-29 15:13:07.102,17322,17323,17322,1,-1
2021-07-29 15:13:07.102,17322,17323,17322,1,-1
2021-07-29 15:13:07.102,17322,17323,17322,1,-1
2021-07-29 15:13:07.103,17322,17323,17322,1,-1
2021-07-29 15:13:07.103,17322,17323,17322,1,-1
2021-07-29 15:13:07.103,17322,17323,17321,1,-1
2021-07-29 15:13:07.541,17321,17323,17321,1,-1
2021-07-29 15:13:14.289,17321,17322,17322,1,1
2021-07-29 15:13:15.090,17321,17322,17322,15,15
2021-07-29 15:13:15.417,17321,17323,17321,2,-2
2021-07-29 15:13:16.238,17320,17322,17322,1,1
2021-07-29 15:13:16.645,17320,17322,17322,1,1
2021-07-29 15:13:19.768,17321,17322,17322,3,3
2021-07-29 15:13:20.738,17322,17323,17322,1,-1
2021-07-29 15:13:22.435,17322,17323,17322,4,-4
2021-07-29 15:13:22.435,17322,17323,17322,1,-1
2021-07-29 15:13:23.483,17322,17323,17323,2,2
2021-07-29 15:13:23.483,17322,17323,17323,9,9
2021-07-29 15:13:23.739,17323,17324,17323,1,-1
2021-07-29 15:13:24.233,17323,17324,17324,1,1
2021-07-29 15:13:24.233,17323,17324,17325,1,1
2021-07-29 15:13:24.502,17323,17325,17325,1,1
2021-07-29 15:13:25.072,17323,17325,17323,4,-4
2021-07-29 15:13:27.691,17323,17324,17323,2,-2
2021-07-29 15:13:30.349,17322,17323,17323,1,1
2021-07-29 15:13:30.352,17322,17323,17322,1,-1
2021-07-29 15:13:31.068,17322,17323,17322,2,-2
2021-07-29 15:13:38.588,17322,17323,17322,1,-1
2021-07-29 15:13:38.624,17322,17323,17322,1,-1
2021-07-29 15:13:47.447,17321,17322,17322,4,4
2021-07-29 15:13:54.000,17321,17322,17322,3,3
2021-07-29 15:13:58.396,17322,17323,17323,1,1
2021-07-29 15:13:59.875,17322,17323,17322,1,-1
2021-07-29 15:13:59.875,17322,17323,17322,2,-2
2021-07-29 15:13:59.875,17322,17323,17322,1,-1
2021-07-29 15:14:00.773,17321,17323,17321,2,-2
2021-07-29 15:14:00.799,17321,17323,17321,2,-2
2021-07-29 15:14:00.925,17321,17323,17321,2,-2
2021-07-29 15:14:07.125,17321,17322,17322,1,1
2021-07-29 15:14:07.413,17321,17323,17321,4,-4
2021-07-29 15:14:08.093,17321,17323,17321,1,-1
2021-07-29 15:14:08.411,17321,17323,17321,2,-2
2021-07-29 15:14:08.974,17321,17323,17321,5,-5
2021-07-29 15:14:09.081,17321,17323,17321,2,-2
2021-07-29 15:14:09.081,17321,17323,17320,3,-3
2021-07-29 15:14:09.208,17320,17322,17320,4,-4
2021-07-29 15:14:09.410,17320,17322,17320,1,-1
2021-07-29 15:14:12.630,17321,17323,17321,1,1
2021-07-29 15:14:13.933,17321,17323,17321,2,-2
2021-07-29 15:14:13.934,17321,17323,17321,1,-1
2021-07-29 15:14:13.934,17321,17323,17321,1,-1
2021-07-29 15:14:13.934,17321,17323,17321,6,-6
2021-07-29 15:14:14.761,17320,17321,17320,2,-2
2021-07-29 15:14:14.761,17320,17321,17320,11,-11
2021-07-29 15:14:14.761,17320,17321,17320,20,-20
2021-07-29 15:14:14.761,17320,17321,17320,1,-1
2021-07-29 15:14:14.761,17320,17321,17320,9,-9
2021-07-29 15:14:14.762,17320,17321,17319,1,-1
2021-07-29 15:14:14.762,17320,17321,17319,1,-1
2021-07-29 15:14:14.762,17320,17321,17319,1,-1
2021-07-29 15:14:14.763,17320,17321,17319,1,-1
2021-07-29 15:14:14.763,17320,17321,17319,1,-1
2021-07-29 15:14:14.763,17320,17321,17319,12,-12
2021-07-29 15:14:14.763,17320,17321,17319,6,-6
2021-07-29 15:14:14.763,17320,17321,17319,1,-1
2021-07-29 15:14:14.763,17320,17321,17319,1,-1
2021-07-29 15:14:14.764,17320,17321,17319,1,-1
2021-07-29 15:14:14.764,17320,17321,17319,4,-4
2021-07-29 15:14:14.764,17320,17321,17318,1,-1
2021-07-29 15:14:14.764,17320,17321,17318,1,-1
2021-07-29 15:14:14.765,17320,17321,17318,2,-2
2021-07-29 15:14:14.765,17320,17321,17318,2,-2
2021-07-29 15:14:14.765,17320,17321,17318,2,-2
2021-07-29 15:14:14.770,17320,17321,17318,2,-2
2021-07-29 15:14:14.881,17317,17319,17317,2,-2
2021-07-29 15:14:14.975,17317,17319,17317,4,-4
2021-07-29 15:14:15.023,17317,17319,17317,1,-1
2021-07-29 15:14:15.100,17317,17318,17317,1,-1
2021-07-29 15:14:15.101,17317,17318,17317,1,-1
2021-07-29 15:14:15.339,17316,17318,17316,1,-1
2021-07-29 15:14:15.432,17316,17317,17316,13,-13
2021-07-29 15:14:15.442,17316,17317,17316,1,-1
2021-07-29 15:14:15.495,17315,17317,17315,1,-1
2021-07-29 15:14:15.589,17315,17317,17315,1,-1
2021-07-29 15:14:15.618,17315,17316,17316,3,3
2021-07-29 15:14:15.618,17315,17316,17317,12,12
2021-07-29 15:14:15.620,17315,17316,17317,12,12
2021-07-29 15:14:15.622,17315,17316,17317,13,13
2021-07-29 15:14:15.690,17315,17316,17315,1,-1
2021-07-29 15:14:15.820,17315,17317,17315,1,-1
2021-07-29 15:14:16.182,17315,17316,17316,3,3
2021-07-29 15:14:16.219,17315,17316,17317,2,2
2021-07-29 15:14:16.451,17316,17319,17316,1,-1
2021-07-29 15:14:18.165,17317,17318,17318,1,1
2021-07-29 15:14:18.165,17317,17318,17318,1,1
2021-07-29 15:14:20.493,17318,17319,17319,1,1
2021-07-29 15:14:20.518,17318,17319,17319,1,1
2021-07-29 15:14:22.649,17319,17320,17319,3,-3
2021-07-29 15:14:23.476,17318,17320,17318,10,-10
2021-07-29 15:14:24.527,17318,17319,17318,1,-1
2021-07-29 15:14:25.554,17318,17319,17318,6,-6
2021-07-29 15:14:25.555,17318,17319,17318,13,-13
2021-07-29 15:14:25.555,17318,17319,17318,1,-1
2021-07-29 15:14:26.320,17318,17319,17319,1,1
2021-07-29 15:14:26.867,17318,17320,17318,1,-1
2021-07-29 15:14:28.946,17319,17320,17319,4,4
2021-07-29 15:14:28.946,17319,17320,17318,4,-4
2021-07-29 15:14:28.947,17319,17320,17318,2,-2
2021-07-29 15:14:33.043,17318,17320,17318,2,-2
2021-07-29 15:14:34.725,17318,17320,17318,7,-7
2021-07-29 15:14:34.726,17318,17320,17318,1,-1
2021-07-29 15:14:34.726,17318,17320,17318,2,-2
2021-07-29 15:14:37.993,17319,17320,17319,1,1
2021-07-29 15:14:38.452,17319,17320,17320,1,1
2021-07-29 15:14:38.618,17319,17320,17319,1,-1
2021-07-29 15:14:38.763,17319,17320,17319,1,-1
2021-07-29 15:14:39.267,17319,17320,17320,1,1
2021-07-29 15:14:41.049,17319,17320,17320,3,3
2021-07-29 15:14:41.049,17319,17320,17321,2,2
2021-07-29 15:14:41.052,17319,17320,17321,5,5
2021-07-29 15:14:43.052,17320,17321,17320,1,-1
2021-07-29 15:14:43.052,17320,17321,17319,9,-9
2021-07-29 15:14:50.145,17319,17320,17319,1,-1
2021-07-29 15:14:50.145,17319,17320,17318,9,-9
2021-07-29 15:14:52.591,17318,17320,17320,2,2
2021-07-29 15:14:56.329,17318,17320,17320,1,1
2021-07-29 15:14:58.631,17318,17319,17318,5,-5
2021-07-29 15:15:00.023,17317,17319,17317,2,-2
2021-07-29 15:15:00.109,17317,17319,17317,1,-1
2021-07-29 15:15:00.303,17317,17319,17317,1,-1
2021-07-29 15:15:00.772,17317,17318,17317,1,-1
2021-07-29 15:15:00.923,17317,17318,17317,1,-1
2021-07-29 15:15:01.184,17317,17318,17317,2,-2
2021-07-29 15:15:01.227,17317,17318,17317,1,-1
2021-07-29 15:15:01.228,17317,17318,17317,2,-2
2021-07-29 15:15:01.228,17317,17318,17317,1,-1
2021-07-29 15:15:01.228,17317,17318,17317,1,-1
2021-07-29 15:15:01.228,17317,17318,17317,1,-1
2021-07-29 15:15:01.229,17317,17318,17316,1,-1
2021-07-29 15:15:01.230,17317,17318,17316,1,-1
2021-07-29 15:15:01.475,17316,17317,17316,2,-2
2021-07-29 15:15:02.147,17316,17317,17316,2,-2
2021-07-29 15:15:02.887,17316,17317,17317,1,1
2021-07-29 15:15:03.185,17316,17317,17316,1,-1
2021-07-29 15:15:03.185,17316,17317,17316,1,-1
2021-07-29 15:15:03.186,17316,17317,17316,1,-1
2021-07-29 15:15:03.230,17316,17317,17316,1,-1
2021-07-29 15:15:03.230,17316,17317,17316,3,-3
2021-07-29 15:15:03.230,17316,17317,17316,1,-1
2021-07-29 15:15:03.231,17316,17317,17316,1,-1
2021-07-29 15:15:03.600,17315,17316,17315,11,-11
2021-07-29 15:15:03.601,17315,17316,17315,1,-1
2021-07-29 15:15:04.409,17314,17316,17316,1,1
2021-07-29 15:15:05.174,17316,17317,17316,2,-2
2021-07-29 15:15:06.151,17316,17317,17317,2,2
2021-07-29 15:15:06.502,17316,17318,17316,1,-1
2021-07-29 15:15:07.001,17316,17318,17318,1,1
2021-07-29 15:15:07.102,17316,17318,17316,1,-1
2021-07-29 15:15:07.102,17316,17318,17316,1,-1
2021-07-29 15:15:07.102,17316,17318,17316,1,-1
2021-07-29 15:15:07.102,17316,17318,17316,1,-1
2021-07-29 15:15:09.644,17316,17317,17317,1,1
2021-07-29 15:15:12.281,17317,17318,17318,1,1
2021-07-29 15:15:12.282,17317,17318,17318,1,1
2021-07-29 15:15:12.862,17317,17318,17318,1,1
2021-07-29 15:15:13.567,17318,17319,17318,1,-1
2021-07-29 15:15:14.454,17318,17319,17319,1,1
2021-07-29 15:15:15.035,17319,17320,17320,13,13
2021-07-29 15:15:15.572,17320,17321,17321,4,4
2021-07-29 15:15:15.573,17320,17321,17321,1,1
2021-07-29 15:15:17.497,17320,17322,17320,2,-2
2021-07-29 15:15:22.725,17320,17321,17321,1,1
2021-07-29 15:15:22.852,17321,17322,17321,1,-1
2021-07-29 15:15:22.852,17321,17322,17321,1,-1
2021-07-29 15:15:22.854,17321,17322,17320,1,-1
2021-07-29 15:15:22.854,17321,17322,17320,1,-1
2021-07-29 15:15:24.606,17320,17322,17320,5,-5
2021-07-29 15:15:24.606,17320,17322,17319,2,-2
2021-07-29 15:15:25.082,17319,17321,17321,1,1
2021-07-29 15:15:29.212,17320,17321,17321,1,1
2021-07-29 15:15:33.279,17320,17321,17320,1,-1
2021-07-29 15:15:33.352,17320,17321,17320,1,-1
2021-07-29 15:15:33.352,17320,17321,17319,1,-1
2021-07-29 15:15:33.353,17320,17321,17319,1,-1
2021-07-29 15:15:33.353,17320,17321,17319,1,-1
2021-07-29 15:15:36.354,17319,17320,17319,2,-2
2021-07-29 15:15:36.354,17319,17320,17319,1,-1
2021-07-29 15:15:36.355,17319,17320,17319,1,-1
2021-07-29 15:15:37.467,17318,17320,17320,1,1
2021-07-29 15:15:37.477,17318,17320,17318,1,-1
2021-07-29 15:15:37.477,17318,17320,17318,1,-1
2021-07-29 15:15:37.477,17318,17320,17318,1,-1
2021-07-29 15:15:37.477,17318,17320,17318,1,-1
2021-07-29 15:15:37.477,17318,17320,17318,1,-1
2021-07-29 15:15:37.477,17318,17320,17318,1,-1
2021-07-29 15:15:37.478,17318,17320,17318,1,-1
2021-07-29 15:15:37.478,17318,17320,17318,1,-1
2021-07-29 15:15:37.478,17318,17320,17318,1,-1
2021-07-29 15:15:37.479,17318,17320,17318,1,-1
2021-07-29 15:15:37.479,17318,17320,17317,1,-1
2021-07-29 15:15:37.479,17318,17320,17317,1,-1
2021-07-29 15:15:38.561,17317,17318,17318,1,1
2021-07-29 15:15:41.393,17317,17319,17317,1,-1
2021-07-29 15:15:42.246,17317,17319,17317,1,-1
2021-07-29 15:15:46.026,17318,17321,17318,3,3
2021-07-29 15:15:47.399,17317,17318,17318,1,1
2021-07-29 15:15:47.890,17317,17319,17317,1,-1
2021-07-29 15:15:51.702,17317,17318,17318,1,1
2021-07-29 15:15:52.141,17317,17319,17319,1,1
2021-07-29 15:15:53.204,17317,17319,17317,1,-1
2021-07-29 15:15:53.520,17317,17319,17317,1,-1
2021-07-29 15:15:54.645,17318,17319,17318,1,1
2021-07-29 15:15:54.646,17318,17319,17318,1,-1
2021-07-29 15:15:58.452,17318,17319,17318,1,-1
2021-07-29 15:15:58.831,17317,17318,17318,1,1
2021-07-29 15:16:02.251,17317,17319,17317,1,-1
2021-07-29 15:16:03.035,17317,17318,17317,1,-1
2021-07-29 15:16:11.100,17318,17319,17319,5,5
2021-07-29 15:16:11.225,17318,17320,17320,8,8
2021-07-29 15:16:15.975,17320,17321,17321,2,2
2021-07-29 15:16:15.975,17320,17321,17321,2,2
2021-07-29 15:16:22.740,17321,17322,17322,1,1
2021-07-29 15:16:22.992,17321,17322,17322,1,1
2021-07-29 15:16:24.744,17321,17322,17321,1,-1
2021-07-29 15:16:24.744,17321,17322,17321,4,-4
2021-07-29 15:16:24.840,17321,17322,17320,1,-1
2021-07-29 15:16:27.281,17320,17321,17321,1,1
2021-07-29 15:16:30.321,17320,17322,17322,1,1
2021-07-29 15:16:33.144,17321,17322,17321,5,-5
2021-07-29 15:16:34.640,17321,17322,17322,1,1
2021-07-29 15:16:36.703,17321,17322,17321,1,-1
2021-07-29 15:16:37.624,17321,17322,17322,1,1
2021-07-29 15:16:38.533,17321,17322,17322,2,2
2021-07-29 15:16:41.292,17322,17323,17323,1,1
2021-07-29 15:16:41.292,17322,17323,17323,1,1
2021-07-29 15:16:44.275,17323,17325,17323,1,-1
2021-07-29 15:16:45.255,17323,17325,17325,2,2
2021-07-29 15:16:45.518,17323,17325,17324,2,-2
2021-07-29 15:16:45.560,17323,17325,17324,1,-1
2021-07-29 15:16:51.361,17323,17324,17324,1,1
2021-07-29 15:16:51.649,17323,17324,17323,1,-1
2021-07-29 15:16:51.649,17323,17324,17323,1,-1
2021-07-29 15:16:51.649,17323,17324,17323,3,-3
2021-07-29 15:16:51.840,17321,17324,17321,3,-3
2021-07-29 15:16:54.236,17321,17322,17322,1,1
2021-07-29 15:16:54.678,17321,17322,17322,1,1
2021-07-29 15:16:56.213,17321,17322,17322,1,1
2021-07-29 15:17:04.875,17322,17324,17324,4,4
2021-07-29 15:17:05.061,17322,17324,17322,1,-1
2021-07-29 15:17:05.347,17322,17324,17324,1,1
2021-07-29 15:17:08.209,17323,17324,17323,1,-1
2021-07-29 15:17:11.778,17323,17324,17324,3,3
2021-07-29 15:17:14.882,17324,17325,17325,1,1
2021-07-29 15:17:15.194,17324,17325,17325,1,1
2021-07-29 15:17:15.794,17324,17325,17324,5,-5
2021-07-29 15:17:17.620,17324,17325,17324,1,-1
2021-07-29 15:17:18.395,17324,17325,17324,1,-1
2021-07-29 15:17:19.394,17323,17324,17324,1,1
2021-07-29 15:17:20.912,17323,17325,17325,1,1
2021-07-29 15:17:22.433,17324,17325,17325,2,2
2021-07-29 15:17:22.433,17324,17325,17326,1,1
2021-07-29 15:17:26.211,17324,17325,17325,1,1
2021-07-29 15:17:27.204,17324,17325,17325,1,1
2021-07-29 15:17:33.610,17324,17325,17325,1,1
2021-07-29 15:17:34.974,17324,17325,17324,3,-3
2021-07-29 15:17:34.974,17324,17325,17324,1,-1
2021-07-29 15:17:34.974,17324,17325,17324,7,-7
2021-07-29 15:17:42.682,17323,17325,17325,1,1
2021-07-29 15:17:42.755,17323,17325,17323,1,-1
2021-07-29 15:17:47.633,17323,17324,17323,9,-9
2021-07-29 15:17:47.878,17322,17323,17322,3,-3
2021-07-29 15:17:51.092,17322,17323,17323,1,1
2021-07-29 15:17:52.170,17322,17323,17323,1,1
2021-07-29 15:18:03.682,17323,17324,17324,2,2
2021-07-29 15:18:08.122,17323,17324,17323,10,-10
2021-07-29 15:18:08.582,17322,17323,17323,1,1
2021-07-29 15:18:10.203,17322,17323,17322,5,-5
2021-07-29 15:18:10.225,17321,17322,17321,16,-16
2021-07-29 15:18:10.226,17321,17322,17321,4,-4
2021-07-29 15:18:14.113,17321,17323,17321,2,-2
2021-07-29 15:18:14.310,17321,17323,17323,2,2
2021-07-29 15:18:18.472,17320,17321,17321,2,2
2021-07-29 15:18:19.854,17321,17322,17321,2,-2
2021-07-29 15:18:26.673,17320,17321,17321,1,1
2021-07-29 15:18:29.046,17320,17321,17320,2,-2
2021-07-29 15:18:30.175,17320,17321,17320,2,-2
2021-07-29 15:18:30.556,17320,17321,17320,1,-1
2021-07-29 15:18:30.635,17320,17321,17320,1,-1
2021-07-29 15:18:30.979,17319,17320,17320,1,1
2021-07-29 15:18:32.988,17319,17320,17320,2,2
2021-07-29 15:18:34.030,17320,17321,17320,2,-2
2021-07-29 15:18:34.928,17320,17321,17320,2,-2
2021-07-29 15:18:35.765,17320,17321,17320,2,-2
2021-07-29 15:18:36.590,17320,17321,17320,2,-2
2021-07-29 15:18:38.082,17319,17320,17320,1,1
2021-07-29 15:18:39.924,17319,17320,17319,1,-1
2021-07-29 15:18:40.063,17319,17320,17319,1,-1
2021-07-29 15:18:40.351,17319,17320,17319,1,-1
2021-07-29 15:18:44.592,17319,17320,17320,1,1
2021-07-29 15:18:44.592,17319,17320,17320,1,1
2021-07-29 15:18:44.592,17319,17320,17320,1,1
2021-07-29 15:18:48.385,17319,17320,17319,2,-2
2021-07-29 15:18:49.567,17319,17320,17319,1,-1
2021-07-29 15:18:54.840,17318,17319,17318,3,-3
2021-07-29 15:18:55.093,17317,17318,17318,1,1
2021-07-29 15:18:55.989,17317,17318,17318,1,1
2021-07-29 15:18:57.821,17317,17318,17317,2,-2
2021-07-29 15:18:57.892,17317,17318,17317,1,-1
2021-07-29 15:18:58.885,17317,17318,17317,2,-2
2021-07-29 15:18:59.830,17317,17318,17317,2,-2
2021-07-29 15:18:59.961,17317,17318,17317,4,-4
2021-07-29 15:19:00.654,17317,17318,17317,2,-2
2021-07-29 15:19:01.583,17317,17318,17317,2,-2
2021-07-29 15:19:01.651,17317,17318,17317,1,-1
2021-07-29 15:19:02.881,17317,17318,17317,2,-2
2021-07-29 15:19:06.005,17316,17317,17316,1,-1
2021-07-29 15:19:06.198,17316,17317,17317,1,1
2021-07-29 15:19:10.038,17316,17317,17316,11,-11
2021-07-29 15:19:10.593,17315,17316,17316,3,3
2021-07-29 15:19:13.363,17315,17316,17316,1,1
2021-07-29 15:19:16.653,17315,17316,17315,2,-2
2021-07-29 15:19:17.527,17315,17316,17315,2,-2
2021-07-29 15:19:18.446,17315,17316,17315,2,-2
2021-07-29 15:19:19.409,17314,17315,17314,1,-1
2021-07-29 15:19:19.912,17314,17315,17314,2,-2
2021-07-29 15:19:20.404,17314,17315,17315,1,1
2021-07-29 15:19:20.409,17314,17315,17315,1,1
2021-07-29 15:19:22.031,17314,17315,17314,1,-1
2021-07-29 15:19:22.230,17314,17315,17314,1,-1
2021-07-29 15:19:22.726,17314,17315,17315,1,1
2021-07-29 15:19:24.694,17314,17315,17314,2,-2
2021-07-29 15:19:26.527,17314,17315,17314,2,-2
2021-07-29 15:19:28.188,17313,17314,17314,1,1
2021-07-29 15:19:28.353,17313,17314,17314,1,1
2021-07-29 15:19:29.385,17314,17315,17314,2,-2
2021-07-29 15:19:30.910,17314,17315,17314,1,-1
2021-07-29 15:19:31.352,17313,17314,17313,1,-1
2021-07-29 15:19:31.526,17313,17314,17313,1,-1
2021-07-29 15:19:32.159,17313,17314,17313,2,-2
2021-07-29 15:19:33.622,17313,17314,17313,2,-2
2021-07-29 15:19:36.641,17313,17314,17313,4,-4
2021-07-29 15:19:37.653,17313,17314,17313,1,-1
2021-07-29 15:19:40.198,17313,17314,17313,1,-1
2021-07-29 15:19:42.908,17313,17314,17314,1,1
2021-07-29 15:19:43.031,17313,17314,17313,1,-1
2021-07-29 15:19:43.365,17313,17314,17314,1,1
2021-07-29 15:19:44.400,17313,17314,17313,3,-3
2021-07-29 15:19:45.917,17313,17314,17313,1,-1
2021-07-29 15:19:49.082,17313,17314,17314,1,1
2021-07-29 15:19:49.096,17313,17314,17313,1,-1
2021-07-29 15:19:50.425,17313,17314,17314,1,1
2021-07-29 15:19:50.425,17313,17314,17314,1,1
2021-07-29 15:19:50.425,17313,17314,17314,1,1
2021-07-29 15:19:50.906,17314,17315,17314,1,-1
2021-07-29 15:19:52.465,17313,17315,17315,2,2
2021-07-29 15:19:55.856,17314,17315,17315,1,1
2021-07-29 15:19:57.394,17314,17315,17314,2,-2
2021-07-29 15:19:58.107,17314,17315,17315,1,1
2021-07-29 15:19:58.490,17314,17315,17315,9,9
2021-07-29 15:19:58.491,17314,17315,17315,1,1
2021-07-29 15:19:59.508,17315,17316,17316,1,1
2021-07-29 15:20:01.599,17316,17317,17316,1,-1
2021-07-29 15:20:01.796,17315,17317,17317,1,1
2021-07-29 15:20:02.032,17316,17317,17316,1,-1
2021-07-29 15:20:02.597,17315,17317,17315,2,-2
2021-07-29 15:20:03.052,17314,17317,17317,1,1
2021-07-29 15:20:05.375,17316,17318,17316,2,-2
2021-07-29 15:20:06.845,17315,17317,17317,1,1
2021-07-29 15:20:08.325,17317,17319,17319,2,2
2021-07-29 15:20:08.422,17318,17320,17320,1,1
2021-07-29 15:20:08.489,17319,17321,17319,1,-1
2021-07-29 15:20:13.211,17319,17320,17320,1,1
2021-07-29 15:20:13.811,17319,17320,17320,1,1
2021-07-29 15:20:14.352,17319,17320,17319,1,-1
2021-07-29 15:20:15.257,17319,17320,17319,2,-2
2021-07-29 15:20:15.257,17319,17320,17319,1,-1
2021-07-29 15:20:15.300,17319,17320,17318,2,-2
2021-07-29 15:20:20.089,17319,17320,17319,1,1
2021-07-29 15:20:21.333,17319,17320,17320,1,1
2021-07-29 15:20:21.978,17320,17321,17320,1,-1
2021-07-29 15:20:27.167,17320,17321,17321,1,1
2021-07-29 15:20:27.265,17320,17322,17322,2,2
2021-07-29 15:20:27.543,17321,17322,17322,1,1
2021-07-29 15:20:27.865,17320,17322,17320,1,-1
2021-07-29 15:20:32.802,17322,17323,17322,1,1
2021-07-29 15:20:33.070,17322,17323,17322,1,-1
2021-07-29 15:20:34.503,17322,17323,17322,1,-1
2021-07-29 15:20:34.898,17321,17323,17322,1,-1
2021-07-29 15:20:36.846,17320,17322,17322,1,1
2021-07-29 15:20:36.898,17320,17323,17323,8,8
2021-07-29 15:20:36.898,17320,17323,17324,19,19
2021-07-29 15:20:36.900,17320,17323,17324,13,13
2021-07-29 15:20:36.900,17320,17323,17324,1,1
2021-07-29 15:20:36.975,17323,17324,17324,1,1
2021-07-29 15:20:37.785,17323,17325,17325,1,1
2021-07-29 15:20:39.491,17323,17324,17323,1,-1
2021-07-29 15:20:39.493,17323,17324,17324,1,1
2021-07-29 15:20:40.284,17324,17325,17324,1,-1
2021-07-29 15:20:41.890,17323,17325,17323,1,-1
2021-07-29 15:20:42.341,17323,17325,17323,1,-1
2021-07-29 15:20:43.495,17323,17324,17324,1,1
2021-07-29 15:20:45.812,17323,17324,17324,5,5
2021-07-29 15:20:45.814,17323,17324,17324,5,5
2021-07-29 15:20:45.912,17323,17325,17325,1,1
2021-07-29 15:20:47.451,17324,17325,17325,1,1
2021-07-29 15:20:47.581,17324,17325,17324,1,-1
2021-07-29 15:20:51.384,17324,17325,17324,1,-1
2021-07-29 15:20:52.847,17324,17325,17324,1,-1
2021-07-29 15:20:54.011,17324,17325,17325,1,1
2021-07-29 15:20:59.198,17324,17325,17324,1,-1
2021-07-29 15:20:59.717,17324,17325,17324,1,-1
2021-07-29 15:21:01.966,17324,17325,17325,1,1
2021-07-29 15:21:02.185,17324,17325,17324,2,-2
2021-07-29 15:21:03.016,17324,17325,17324,1,-1
2021-07-29 15:21:04.843,17324,17325,17324,1,-1
2021-07-29 15:21:04.843,17324,17325,17324,2,-2
2021-07-29 15:21:05.502,17323,17324,17324,3,3
2021-07-29 15:21:05.502,17323,17324,17325,7,7
2021-07-29 15:21:05.677,17323,17325,17325,10,10
2021-07-29 15:21:06.944,17323,17324,17324,1,1
2021-07-29 15:21:07.887,17323,17324,17324,1,1
2021-07-29 15:21:13.799,17323,17324,17323,5,-5
2021-07-29 15:21:15.767,17321,17323,17323,1,1
2021-07-29 15:21:25.673,17321,17323,17323,1,1
2021-07-29 15:21:26.539,17321,17324,17324,1,1
2021-07-29 15:21:26.846,17321,17324,17324,1,1
2021-07-29 15:21:27.092,17321,17324,17324,1,1
2021-07-29 15:21:31.080,17322,17323,17323,1,1
2021-07-29 15:21:40.105,17322,17324,17324,1,1
2021-07-29 15:21:45.218,17323,17324,17323,1,-1
2021-07-29 15:21:49.367,17323,17324,17323,1,-1
2021-07-29 15:21:49.367,17323,17324,17323,2,-2
2021-07-29 15:21:53.926,17322,17323,17323,1,1
2021-07-29 15:21:57.336,17322,17323,17322,1,-1
2021-07-29 15:21:58.965,17322,17323,17323,2,2
2021-07-29 15:22:00.306,17323,17324,17323,2,-2
2021-07-29 15:22:00.306,17323,17324,17322,3,-3
2021-07-29 15:22:03.719,17323,17324,17324,5,5
2021-07-29 15:22:04.526,17324,17325,17325,1,1
2021-07-29 15:22:04.526,17324,17325,17325,1,1
2021-07-29 15:22:04.526,17324,17325,17325,1,1
2021-07-29 15:22:04.526,17324,17325,17325,1,1
2021-07-29 15:22:04.526,17324,17325,17325,1,1
2021-07-29 15:22:06.482,17325,17326,17325,1,-1
2021-07-29 15:22:07.634,17324,17325,17325,1,1
2021-07-29 15:22:09.591,17325,17326,17326,1,1
2021-07-29 15:22:09.623,17325,17326,17326,1,1
2021-07-29 15:22:09.648,17325,17326,17326,1,1
2021-07-29 15:22:10.308,17325,17327,17327,1,1
2021-07-29 15:22:10.455,17325,17327,17327,1,1
2021-07-29 15:22:11.548,17325,17327,17325,1,-1
2021-07-29 15:22:11.714,17325,17327,17326,1,1
2021-07-29 15:22:14.336,17326,17327,17327,1,1
2021-07-29 15:22:14.337,17326,17327,17327,15,15
2021-07-29 15:22:14.343,17326,17327,17327,1,1
2021-07-29 15:22:15.392,17327,17328,17328,1,1
2021-07-29 15:22:16.124,17327,17328,17328,1,1
2021-07-29 15:22:16.124,17327,17328,17328,3,3
2021-07-29 15:22:16.870,17328,17329,17329,1,1
2021-07-29 15:22:17.040,17328,17329,17329,4,4
2021-07-29 15:22:17.455,17328,17330,17328,1,-1
2021-07-29 15:22:17.582,17328,17330,17330,1,1
2021-07-29 15:22:17.633,17328,17330,17330,1,1
2021-07-29 15:22:17.635,17328,17330,17330,1,1
2021-07-29 15:22:23.563,17329,17330,17330,1,1
2021-07-29 15:22:23.709,17329,17330,17329,1,-1
2021-07-29 15:22:24.222,17329,17330,17329,1,-1
2021-07-29 15:22:26.996,17329,17330,17329,1,-1
2021-07-29 15:22:27.773,17329,17330,17330,1,1
2021-07-29 15:22:28.683,17329,17330,17330,1,1
2021-07-29 15:22:29.803,17329,17330,17330,1,1
2021-07-29 15:22:30.784,17329,17330,17329,1,-1
2021-07-29 15:22:32.595,17328,17329,17329,1,1
2021-07-29 15:22:34.397,17328,17329,17328,1,-1
2021-07-29 15:22:34.397,17328,17329,17328,1,-1
2021-07-29 15:22:34.397,17328,17329,17328,3,-3
2021-07-29 15:22:34.397,17328,17329,17328,1,-1
2021-07-29 15:22:38.768,17328,17329,17329,6,6
2021-07-29 15:22:39.873,17329,17330,17329,1,-1
2021-07-29 15:22:43.824,17329,17330,17329,1,-1
2021-07-29 15:22:43.840,17329,17330,17330,1,1
2021-07-29 15:22:45.752,17329,17330,17330,5,5
2021-07-29 15:22:49.262,17329,17330,17330,1,1
2021-07-29 15:22:49.875,17329,17330,17330,5,5
2021-07-29 15:22:53.049,17329,17330,17330,1,1
2021-07-29 15:22:53.049,17329,17330,17330,6,6
2021-07-29 15:22:53.050,17329,17330,17330,1,1
2021-07-29 15:22:53.050,17329,17330,17330,2,2
2021-07-29 15:22:53.050,17329,17330,17330,1,1
2021-07-29 15:22:53.050,17329,17330,17330,1,1
2021-07-29 15:22:53.050,17329,17330,17330,1,1
2021-07-29 15:22:58.238,17330,17331,17331,1,1
2021-07-29 15:22:58.426,17330,17331,17331,1,1
2021-07-29 15:22:59.498,17330,17331,17331,1,1
2021-07-29 15:23:01.539,17330,17331,17331,4,4
2021-07-29 15:23:01.539,17330,17331,17331,3,3
2021-07-29 15:23:01.539,17330,17331,17331,1,1
2021-07-29 15:23:02.203,17331,17332,17332,2,2
2021-07-29 15:23:02.491,17331,17332,17332,3,3
2021-07-29 15:23:07.169,17331,17332,17332,2,2
2021-07-29 15:23:08.022,17331,17332,17332,3,3
2021-07-29 15:23:08.331,17331,17332,17332,2,2
2021-07-29 15:23:11.264,17332,17333,17333,1,1
2021-07-29 15:23:11.439,17332,17333,17333,1,1
2021-07-29 15:23:11.755,17332,17333,17333,2,2
2021-07-29 15:23:11.883,17332,17333,17333,1,1
2021-07-29 15:23:19.330,17333,17334,17333,2,-2
2021-07-29 15:23:19.460,17333,17334,17334,2,2
2021-07-29 15:23:20.730,17333,17334,17334,1,1
2021-07-29 15:23:21.484,17333,17334,17334,1,1
2021-07-29 15:23:22.317,17333,17334,17334,2,2
2021-07-29 15:23:22.711,17333,17334,17334,2,2
2021-07-29 15:23:24.932,17333,17334,17334,2,2
2021-07-29 15:23:26.500,17333,17334,17334,2,2
2021-07-29 15:23:27.039,17333,17334,17334,1,1
2021-07-29 15:23:28.721,17333,17334,17334,1,1
2021-07-29 15:23:28.730,17333,17334,17334,1,1
2021-07-29 15:23:30.743,17333,17334,17334,1,1
2021-07-29 15:23:31.311,17333,17334,17334,2,2
2021-07-29 15:23:31.311,17333,17334,17335,18,18
2021-07-29 15:23:31.312,17333,17334,17335,1,1
2021-07-29 15:23:31.788,17334,17336,17336,2,2
2021-07-29 15:23:31.942,17334,17336,17336,1,1
2021-07-29 15:23:32.989,17334,17335,17334,4,-4
2021-07-29 15:23:35.712,17333,17334,17334,2,2
2021-07-29 15:23:35.933,17333,17334,17334,1,1
2021-07-29 15:23:38.636,17333,17334,17334,3,3
2021-07-29 15:23:38.636,17333,17334,17334,2,2
2021-07-29 15:23:47.986,17333,17334,17334,2,2
2021-07-29 15:23:48.602,17334,17335,17334,1,-1
2021-07-29 15:23:49.063,17333,17335,17334,1,-1
2021-07-29 15:23:53.307,17333,17335,17335,1,1
2021-07-29 15:23:57.533,17333,17334,17334,2,2
2021-07-29 15:24:04.056,17333,17334,17334,1,1
2021-07-29 15:24:04.057,17333,17334,17334,1,1
2021-07-29 15:24:04.834,17334,17335,17335,2,2
2021-07-29 15:24:04.835,17334,17335,17335,5,5
2021-07-29 15:24:04.927,17334,17336,17335,1,-1
2021-07-29 15:24:13.646,17334,17335,17335,1,1
2021-07-29 15:24:14.946,17335,17336,17335,1,-1
2021-07-29 15:24:20.567,17334,17336,17334,2,-2
2021-07-29 15:24:21.790,17334,17335,17334,9,-9
2021-07-29 15:24:22.657,17333,17334,17333,5,-5
2021-07-29 15:24:22.658,17333,17334,17333,18,-18
2021-07-29 15:24:22.659,17333,17334,17332,1,-1
2021-07-29 15:24:22.659,17333,17334,17332,2,-2
2021-07-29 15:24:22.736,17331,17332,17331,1,-1
2021-07-29 15:24:22.962,17331,17332,17331,1,-1
2021-07-29 15:24:25.662,17330,17332,17332,1,1
2021-07-29 15:24:31.353,17330,17331,17331,1,1
2021-07-29 15:24:32.067,17330,17331,17330,1,-1
2021-07-29 15:24:33.945,17330,17331,17330,1,-1
2021-07-29 15:24:35.567,17330,17331,17330,1,-1
2021-07-29 15:24:37.074,17330,17331,17330,1,-1
2021-07-29 15:24:39.265,17330,17331,17330,5,-5
2021-07-29 15:24:41.773,17330,17331,17330,1,-1
2021-07-29 15:24:43.251,17329,17331,17329,1,-1
2021-07-29 15:24:47.212,17329,17330,17329,1,-1
2021-07-29 15:24:47.845,17328,17329,17329,1,1
2021-07-29 15:24:52.149,17329,17330,17330,8,8
2021-07-29 15:24:53.009,17330,17331,17331,1,1
2021-07-29 15:24:53.679,17330,17332,17330,2,-2
2021-07-29 15:25:03.513,17331,17332,17332,1,1
2021-07-29 15:25:05.438,17331,17333,17331,1,-1
2021-07-29 15:25:05.894,17331,17333,17331,1,-1
2021-07-29 15:25:10.297,17331,17333,17333,1,1
2021-07-29 15:25:23.678,17330,17332,17332,1,1
2021-07-29 15:25:29.977,17330,17332,17332,1,1
2021-07-29 15:25:35.336,17330,17332,17332,3,3
2021-07-29 15:25:35.337,17330,17332,17332,2,2
2021-07-29 15:25:37.584,17330,17332,17332,1,1
2021-07-29 15:25:44.553,17330,17332,17332,2,2
2021-07-29 15:25:44.554,17330,17332,17332,2,2
2021-07-29 15:25:49.030,17331,17332,17331,1,-1
2021-07-29 15:25:50.802,17330,17331,17330,1,-1
2021-07-29 15:25:55.463,17329,17331,17329,1,-1
2021-07-29 15:25:59.973,17329,17330,17329,1,-1
2021-07-29 15:26:13.821,17328,17330,17330,2,2
2021-07-29 15:26:20.042,17329,17330,17329,1,-1
2021-07-29 15:26:23.035,17328,17329,17328,1,-1
2021-07-29 15:26:23.036,17328,17329,17328,2,-2
2021-07-29 15:26:23.036,17328,17329,17328,1,-1
2021-07-29 15:26:23.836,17328,17329,17328,2,-2
2021-07-29 15:26:24.225,17327,17328,17328,1,1
2021-07-29 15:26:24.479,17327,17329,17327,1,-1
2021-07-29 15:26:25.172,17328,17329,17328,1,1
2021-07-29 15:26:25.600,17328,17329,17329,1,1
2021-07-29 15:26:29.047,17327,17329,17329,1,1
2021-07-29 15:26:32.131,17327,17329,17328,1,-1
2021-07-29 15:26:34.225,17327,17328,17328,1,1
2021-07-29 15:26:35.135,17327,17329,17328,1,-1
2021-07-29 15:26:38.602,17327,17328,17327,1,-1
2021-07-29 15:26:38.603,17327,17328,17327,1,-1
2021-07-29 15:26:43.133,17326,17327,17327,1,1
2021-07-29 15:26:43.134,17326,17327,17327,4,4
2021-07-29 15:26:50.983,17326,17327,17326,1,-1
2021-07-29 15:26:53.912,17326,17327,17326,2,-2
2021-07-29 15:27:00.005,17326,17327,17326,1,-1
2021-07-29 15:27:00.007,17326,17327,17326,1,-1
2021-07-29 15:27:07.964,17325,17326,17326,1,1
2021-07-29 15:27:08.974,17326,17327,17327,9,9
2021-07-29 15:27:13.379,17327,17328,17327,1,-1
2021-07-29 15:27:14.850,17327,17328,17327,2,-2
2021-07-29 15:27:18.303,17326,17328,17328,4,4
2021-07-29 15:27:20.820,17327,17328,17328,1,1
2021-07-29 15:27:24.698,17327,17328,17328,1,1
2021-07-29 15:27:31.770,17328,17329,17329,2,2
2021-07-29 15:27:33.218,17329,17330,17330,3,3
2021-07-29 15:27:35.708,17329,17331,17331,1,1
2021-07-29 15:27:35.779,17329,17332,17332,2,2
2021-07-29 15:27:39.452,17330,17332,17332,1,1
2021-07-29 15:27:41.278,17329,17331,17331,2,2
2021-07-29 15:27:46.964,17331,17332,17331,1,-1
2021-07-29 15:27:46.964,17331,17332,17331,3,-3
2021-07-29 15:27:46.965,17331,17332,17331,2,-2
2021-07-29 15:27:46.965,17331,17332,17331,1,-1
2021-07-29 15:27:46.965,17331,17332,17331,1,-1
2021-07-29 15:28:04.828,17330,17331,17330,1,-1
2021-07-29 15:28:06.723,17329,17330,17329,1,-1
2021-07-29 15:28:18.723,17328,17329,17328,1,-1
2021-07-29 15:28:18.887,17326,17329,17329,1,1
2021-07-29 15:28:22.734,17327,17328,17328,1,1
2021-07-29 15:28:27.403,17328,17329,17328,1,-1
2021-07-29 15:28:30.488,17328,17329,17329,1,1
2021-07-29 15:28:31.031,17328,17330,17330,5,5
2021-07-29 15:28:31.031,17328,17330,17331,3,3
2021-07-29 15:28:41.170,17330,17331,17331,1,1
2021-07-29 15:28:49.054,17331,17332,17331,1,-1
2021-07-29 15:28:49.102,17331,17332,17332,1,1
2021-07-29 15:28:49.102,17331,17332,17332,1,1
2021-07-29 15:28:49.102,17331,17332,17333,1,1
2021-07-29 15:28:49.102,17331,17332,17333,1,1
2021-07-29 15:28:49.103,17331,17332,17333,1,1
2021-07-29 15:28:49.103,17331,17332,17333,1,1
2021-07-29 15:28:49.103,17331,17332,17334,1,1
2021-07-29 15:28:49.103,17331,17332,17334,1,1
2021-07-29 15:28:49.103,17331,17332,17334,1,1
2021-07-29 15:28:49.103,17331,17332,17334,1,1
2021-07-29 15:28:49.103,17331,17332,17334,1,1
2021-07-29 15:28:49.103,17331,17332,17334,1,1
2021-07-29 15:28:51.714,17332,17334,17332,1,-1
2021-07-29 15:28:54.278,17332,17334,17332,1,-1
2021-07-29 15:29:00.149,17333,17334,17333,1,1
2021-07-29 15:29:00.258,17331,17333,17333,1,1
2021-07-29 15:29:00.259,17331,17333,17333,1,1
2021-07-29 15:29:01.436,17331,17334,17331,1,-1
2021-07-29 15:29:03.356,17331,17332,17331,1,-1
2021-07-29 15:29:08.984,17332,17333,17332,1,1
2021-07-29 15:29:10.226,17332,17333,17332,1,-1
2021-07-29 15:29:13.311,17331,17333,17332,1,-1
2021-07-29 15:29:18.347,17331,17333,17331,6,-6
2021-07-29 15:29:18.348,17331,17333,17331,1,-1
2021-07-29 15:29:20.194,17330,17331,17331,1,1
2021-07-29 15:29:21.053,17330,17331,17331,1,1
2021-07-29 15:29:23.889,17330,17331,17330,1,-1
2021-07-29 15:29:24.318,17330,17331,17330,4,-4
2021-07-29 15:29:48.323,17329,17330,17329,1,-1
2021-07-29 15:29:52.091,17328,17329,17329,1,1
2021-07-29 15:29:59.681,17328,17330,17330,1,1
2021-07-29 15:29:59.876,17328,17330,17330,1,1
2021-07-29 15:30:00.220,17329,17330,17329,1,-1
2021-07-29 15:30:00.688,17329,17330,17330,3,3
2021-07-29 15:30:00.702,17329,17330,17331,1,1
2021-07-29 15:30:00.705,17329,17330,17331,1,1
2021-07-29 15:30:00.707,17329,17330,17331,1,1
2021-07-29 15:30:00.739,17330,17331,17331,1,1
2021-07-29 15:30:00.895,17330,17331,17330,1,-1
2021-07-29 15:30:00.944,17330,17331,17329,1,-1
2021-07-29 15:30:00.945,17330,17331,17329,1,-1
2021-07-29 15:30:00.976,17329,17331,17331,1,1
2021-07-29 15:30:01.054,17329,17331,17329,1,-1
2021-07-29 15:30:01.074,17329,17331,17331,1,1
2021-07-29 15:30:01.075,17329,17331,17331,1,1
2021-07-29 15:30:01.159,17329,17331,17331,1,1
2021-07-29 15:30:01.376,17329,17331,17329,2,-2
2021-07-29 15:30:01.383,17329,17331,17328,8,-8
2021-07-29 15:30:01.529,17328,17330,17328,4,-4
2021-07-29 15:30:02.053,17327,17330,17327,5,-5
2021-07-29 15:30:02.053,17327,17330,17327,2,-2
2021-07-29 15:30:02.203,17327,17329,17329,1,1
2021-07-29 15:30:03.922,17327,17328,17328,6,6
2021-07-29 15:30:04.599,17327,17329,17329,1,1
2021-07-29 15:30:07.190,17328,17329,17329,1,1
2021-07-29 15:30:08.255,17329,17331,17329,5,-5
2021-07-29 15:30:12.578,17328,17330,17328,2,-2
2021-07-29 15:30:14.072,17327,17330,17330,2,2
2021-07-29 15:30:16.391,17328,17330,17330,2,2
2021-07-29 15:30:19.043,17328,17330,17328,1,-1
2021-07-29 15:30:21.128,17327,17329,17327,1,-1
2021-07-29 15:30:21.458,17327,17329,17329,2,2
2021-07-29 15:30:22.708,17327,17329,17329,2,2
2021-07-29 15:30:25.680,17327,17328,17327,1,-1
2021-07-29 15:30:33.185,17326,17328,17327,1,-1
2021-07-29 15:30:39.475,17326,17327,17326,2,-2
2021-07-29 15:30:42.725,17325,17326,17325,2,-2
2021-07-29 15:30:45.049,17325,17326,17326,1,1
2021-07-29 15:30:45.049,17325,17326,17326,1,1
2021-07-29 15:30:49.766,17325,17326,17325,4,-4
2021-07-29 15:30:49.766,17325,17326,17325,10,-10
2021-07-29 15:30:49.766,17325,17326,17325,1,-1
2021-07-29 15:30:49.766,17325,17326,17325,4,-4
2021-07-29 15:30:52.545,17324,17326,17324,1,-1
2021-07-29 15:30:52.728,17323,17324,17323,1,-1
2021-07-29 15:30:52.729,17323,17324,17323,1,-1
2021-07-29 15:30:53.380,17323,17325,17323,1,-1
2021-07-29 15:30:58.017,17323,17324,17323,5,-5
2021-07-29 15:31:01.620,17323,17324,17323,1,-1
2021-07-29 15:31:02.387,17323,17324,17323,1,-1
2021-07-29 15:31:04.786,17322,17323,17322,1,-1
2021-07-29 15:31:04.891,17322,17323,17322,2,-2
2021-07-29 15:31:05.543,17322,17323,17323,1,1
2021-07-29 15:31:09.105,17322,17323,17322,1,-1
2021-07-29 15:31:12.333,17322,17323,17322,2,-2
2021-07-29 15:31:12.509,17322,17323,17322,1,-1
2021-07-29 15:31:12.677,17322,17323,17322,1,-1
2021-07-29 15:31:14.187,17322,17323,17322,1,-1
2021-07-29 15:31:17.243,17321,17323,17322,1,-1
2021-07-29 15:31:17.359,17321,17323,17321,1,-1
2021-07-29 15:31:17.914,17321,17323,17321,2,-2
2021-07-29 15:31:18.292,17321,17323,17321,1,-1
2021-07-29 15:31:18.313,17321,17323,17321,1,-1
2021-07-29 15:31:23.203,17321,17322,17322,3,3
2021-07-29 15:31:23.203,17321,17322,17322,1,1
2021-07-29 15:31:23.449,17322,17323,17323,2,2
2021-07-29 15:31:23.450,17322,17323,17323,4,4
2021-07-29 15:31:25.275,17322,17324,17322,1,-1
2021-07-29 15:31:30.137,17323,17324,17324,1,1
2021-07-29 15:31:33.583,17324,17325,17325,1,1
2021-07-29 15:31:39.516,17324,17325,17325,1,1
2021-07-29 15:31:43.644,17325,17326,17325,1,-1
2021-07-29 15:31:52.074,17324,17326,17326,5,5
2021-07-29 15:31:53.745,17325,17326,17325,1,-1
2021-07-29 15:32:05.858,17325,17326,17326,1,1
2021-07-29 15:32:06.318,17325,17326,17326,2,2
2021-07-29 15:32:11.530,17326,17328,17328,1,1
2021-07-29 15:32:11.658,17327,17329,17329,2,2
2021-07-29 15:32:13.626,17326,17329,17328,1,-1
2021-07-29 15:32:21.121,17328,17329,17328,1,-1
2021-07-29 15:32:23.161,17328,17329,17329,2,2
2021-07-29 15:32:24.537,17328,17330,17330,1,1
2021-07-29 15:32:26.741,17328,17329,17329,3,3
2021-07-29 15:32:27.762,17328,17329,17328,1,-1
2021-07-29 15:32:33.137,17327,17329,17327,3,-3
2021-07-29 15:32:33.506,17326,17329,17329,1,1
2021-07-29 15:32:38.087,17329,17330,17329,1,-1
2021-07-29 15:32:47.648,17327,17328,17327,1,-1
2021-07-29 15:32:54.673,17325,17326,17326,1,1
2021-07-29 15:32:59.378,17325,17326,17326,1,1
2021-07-29 15:33:04.594,17326,17327,17327,1,1
2021-07-29 15:33:04.996,17327,17329,17329,1,1
2021-07-29 15:33:07.208,17327,17329,17329,1,1
2021-07-29 15:33:09.146,17327,17329,17327,1,-1
2021-07-29 15:33:25.389,17327,17328,17327,1,-1
2021-07-29 15:33:31.136,17327,17328,17327,4,-4
2021-07-29 15:33:31.714,17327,17328,17327,2,-2
2021-07-29 15:33:31.715,17327,17328,17327,1,-1
2021-07-29 15:33:31.715,17327,17328,17327,1,-1
2021-07-29 15:33:31.715,17327,17328,17327,1,-1
2021-07-29 15:33:31.845,17325,17327,17327,2,2
2021-07-29 15:33:39.945,17325,17327,17327,1,1
2021-07-29 15:34:00.491,17326,17327,17326,1,-1
2021-07-29 15:34:01.520,17325,17327,17325,1,-1
2021-07-29 15:34:07.315,17325,17326,17325,1,-1
2021-07-29 15:34:10.662,17325,17326,17326,1,1
2021-07-29 15:34:15.086,17326,17327,17327,1,1
2021-07-29 15:34:26.740,17326,17327,17327,1,1
2021-07-29 15:34:30.070,17326,17328,17328,1,1
2021-07-29 15:35:07.840,17327,17328,17328,1,1
2021-07-29 15:35:07.896,17327,17328,17328,1,1
2021-07-29 15:35:07.896,17327,17328,17328,1,1
2021-07-29 15:35:10.589,17328,17329,17329,1,1
2021-07-29 15:35:15.374,17328,17329,17329,5,5
2021-07-29 15:35:15.376,17328,17329,17329,1,1
2021-07-29 15:35:24.321,17328,17329,17329,1,1
2021-07-29 15:35:33.565,17328,17329,17329,1,1
2021-07-29 15:35:33.825,17328,17329,17329,1,1
2021-07-29 15:35:34.147,17328,17329,17328,1,-1
2021-07-29 15:35:34.147,17328,17329,17328,2,-2
2021-07-29 15:35:34.147,17328,17329,17328,3,-3
2021-07-29 15:35:34.664,17327,17328,17328,1,1
2021-07-29 15:35:39.960,17328,17329,17328,2,-2
2021-07-29 15:35:42.926,17327,17328,17327,6,-6
2021-07-29 15:35:42.926,17327,17328,17327,1,-1
2021-07-29 15:35:46.094,17326,17328,17327,1,-1
2021-07-29 15:36:10.855,17327,17329,17329,1,1
2021-07-29 15:36:11.481,17327,17329,17329,2,2
2021-07-29 15:36:11.482,17327,17329,17330,2,2
2021-07-29 15:36:11.519,17327,17329,17330,2,2
2021-07-29 15:36:11.805,17328,17330,17330,3,3
2021-07-29 15:36:11.818,17328,17330,17330,3,3
2021-07-29 15:36:11.818,17328,17330,17331,1,1
2021-07-29 15:36:11.828,17328,17330,17331,2,2
2021-07-29 15:36:16.212,17330,17331,17330,1,-1
2021-07-29 15:36:21.262,17328,17329,17329,4,4
2021-07-29 15:36:28.350,17328,17329,17328,1,-1
2021-07-29 15:36:28.637,17327,17328,17328,1,1
2021-07-29 15:36:32.154,17327,17329,17327,1,-1
2021-07-29 15:36:32.416,17328,17329,17328,1,1
2021-07-29 15:36:35.190,17327,17329,17328,1,-1
2021-07-29 15:36:35.324,17327,17328,17327,7,-7
2021-07-29 15:36:37.764,17326,17328,17327,1,-1
2021-07-29 15:36:37.959,17326,17328,17327,1,-1
2021-07-29 15:36:39.039,17326,17328,17328,1,1
2021-07-29 15:36:41.140,17326,17328,17327,1,-1
2021-07-29 15:36:43.651,17326,17328,17327,1,-1
2021-07-29 15:36:46.651,17326,17327,17326,3,-3
2021-07-29 15:36:46.651,17326,17327,17326,1,-1
2021-07-29 15:36:46.652,17326,17327,17326,2,-2
2021-07-29 15:36:47.024,17325,17326,17325,3,-3
2021-07-29 15:36:47.357,17324,17326,17326,1,1
2021-07-29 15:36:49.400,17324,17325,17325,1,1
2021-07-29 15:36:50.892,17324,17327,17324,2,-2
2021-07-29 15:36:51.063,17324,17327,17324,2,-2
2021-07-29 15:37:03.732,17324,17326,17324,1,-1
2021-07-29 15:37:07.119,17324,17325,17324,2,-2
2021-07-29 15:37:07.749,17324,17325,17324,1,-1
2021-07-29 15:37:13.408,17323,17324,17323,3,-3
2021-07-29 15:37:18.396,17322,17324,17322,2,-2
2021-07-29 15:37:18.770,17322,17324,17322,1,-1
2021-07-29 15:37:23.863,17322,17324,17324,1,1
2021-07-29 15:37:29.231,17321,17322,17321,2,-2
2021-07-29 15:37:33.534,17321,17322,17321,2,-2
2021-07-29 15:37:33.990,17321,17322,17322,1,1
2021-07-29 15:37:34.089,17321,17322,17321,1,-1
2021-07-29 15:37:34.247,17321,17322,17321,1,-1
2021-07-29 15:37:35.443,17320,17321,17321,2,2
2021-07-29 15:37:35.443,17320,17321,17322,3,3
2021-07-29 15:37:38.971,17320,17321,17321,1,1
2021-07-29 15:37:39.387,17320,17321,17321,2,2
2021-07-29 15:37:40.235,17321,17322,17322,2,2
2021-07-29 15:37:40.280,17321,17322,17322,2,2
2021-07-29 15:37:41.764,17321,17323,17321,1,-1
