2022-08-16 15:00:00.071,15412,15414,15415,47,47
2022-08-16 15:00:00.234,15415,15416,15415,1,-1
2022-08-16 15:00:00.335,15415,15416,15415,1,-1
2022-08-16 15:00:00.347,15415,15416,15415,1,-1
2022-08-16 15:00:00.594,15414,15415,15414,1,-1
2022-08-16 15:00:00.612,15414,15415,15414,1,-1
2022-08-16 15:00:00.620,15414,15415,15413,2,-2
2022-08-16 15:00:00.662,15414,15415,15413,2,-2
2022-08-16 15:00:01.027,15413,15414,15413,2,-2
2022-08-16 15:00:01.412,15412,15414,15412,9,-9
2022-08-16 15:00:01.491,15411,15413,15413,2,2
2022-08-16 15:00:01.576,15412,15414,15413,1,1
2022-08-16 15:00:02.364,15413,15415,15413,1,-1
2022-08-16 15:00:04.461,15412,15414,15414,1,1
2022-08-16 15:00:04.735,15413,15415,15415,2,2
2022-08-16 15:00:04.735,15413,15415,15416,1,1
2022-08-16 15:00:06.625,15414,15416,15416,2,2
2022-08-16 15:00:07.171,15415,15416,15415,3,-3
2022-08-16 15:00:07.171,15415,15416,15415,1,-1
2022-08-16 15:00:07.171,15415,15416,15414,2,-2
2022-08-16 15:00:07.592,15414,15416,15415,1,-1
2022-08-16 15:00:08.130,15413,15415,15413,2,-2
2022-08-16 15:00:08.232,15413,15414,15413,1,-1
2022-08-16 15:00:08.558,15413,15414,15414,1,1
2022-08-16 15:00:09.952,15413,15414,15414,1,1
2022-08-16 15:00:10.771,15413,15414,15414,1,1
2022-08-16 15:00:11.123,15413,15415,15413,1,-1
2022-08-16 15:00:12.553,15413,15414,15413,2,-2
2022-08-16 15:00:13.070,15413,15414,15414,1,1
2022-08-16 15:00:13.269,15413,15414,15413,1,-1
2022-08-16 15:00:13.270,15413,15414,15413,4,-4
2022-08-16 15:00:13.270,15413,15414,15413,2,-2
2022-08-16 15:00:13.270,15413,15414,15413,2,-2
2022-08-16 15:00:13.277,15413,15414,15413,4,-4
2022-08-16 15:00:13.277,15413,15414,15413,1,-1
2022-08-16 15:00:13.278,15413,15414,15413,10,-10
2022-08-16 15:00:14.274,15412,15413,15413,1,1
2022-08-16 15:00:14.292,15412,15413,15412,2,-2
2022-08-16 15:00:14.822,15412,15414,15412,2,-2
2022-08-16 15:00:15.380,15412,15414,15414,1,1
2022-08-16 15:00:15.926,15412,15414,15412,1,-1
2022-08-16 15:00:16.045,15412,15414,15412,1,-1
2022-08-16 15:00:17.146,15412,15414,15412,3,-3
2022-08-16 15:00:17.699,15412,15413,15412,1,-1
2022-08-16 15:00:18.817,15412,15413,15413,2,2
2022-08-16 15:00:19.029,15412,15414,15412,1,-1
2022-08-16 15:00:19.570,15412,15414,15414,2,2
2022-08-16 15:00:19.570,15412,15414,15414,1,1
2022-08-16 15:00:20.322,15413,15415,15415,4,4
2022-08-16 15:00:20.323,15413,15415,15416,1,1
2022-08-16 15:00:20.323,15413,15415,15416,2,2
2022-08-16 15:00:20.328,15413,15415,15415,1,1
2022-08-16 15:00:20.802,15415,15416,15415,1,-1
2022-08-16 15:00:20.880,15415,15416,15415,1,-1
2022-08-16 15:00:20.881,15415,15416,15415,1,-1
2022-08-16 15:00:22.635,15414,15416,15414,3,-3
2022-08-16 15:00:23.319,15414,15415,15414,1,-1
2022-08-16 15:00:29.592,15413,15414,15414,1,1
2022-08-16 15:00:31.431,15413,15414,15413,1,-1
2022-08-16 15:00:31.823,15413,15414,15413,1,-1
2022-08-16 15:00:31.830,15413,15414,15414,1,1
2022-08-16 15:00:31.849,15413,15414,15414,1,1
2022-08-16 15:00:34.423,15413,15414,15413,3,-3
2022-08-16 15:00:34.687,15412,15413,15413,1,1
2022-08-16 15:00:35.801,15412,15413,15413,1,1
2022-08-16 15:00:35.951,15412,15413,15412,4,-4
2022-08-16 15:00:36.137,15412,15413,15412,1,-1
2022-08-16 15:00:36.414,15411,15412,15412,2,2
2022-08-16 15:00:36.415,15411,15412,15412,1,1
2022-08-16 15:00:41.101,15412,15413,15413,1,1
2022-08-16 15:00:44.882,15413,15414,15414,2,2
2022-08-16 15:00:47.712,15414,15415,15414,1,-1
2022-08-16 15:00:50.160,15414,15415,15415,4,4
2022-08-16 15:00:51.719,15414,15416,15416,1,1
2022-08-16 15:00:52.423,15414,15416,15415,1,1
2022-08-16 15:00:53.850,15414,15415,15414,2,-2
2022-08-16 15:00:55.662,15413,15415,15415,1,1
2022-08-16 15:00:55.931,15415,15416,15415,1,-1
2022-08-16 15:00:56.437,15415,15416,15415,1,-1
2022-08-16 15:00:59.280,15415,15416,15415,2,-2
2022-08-16 15:01:00.224,15415,15416,15415,9,-9
2022-08-16 15:01:03.067,15414,15415,15415,1,1
2022-08-16 15:01:03.974,15414,15415,15414,1,-1
2022-08-16 15:01:05.410,15413,15414,15414,1,1
2022-08-16 15:01:06.664,15413,15414,15414,1,1
2022-08-16 15:01:07.817,15413,15414,15413,14,-14
2022-08-16 15:01:07.818,15413,15414,15412,1,-1
2022-08-16 15:01:07.974,15412,15413,15412,1,-1
2022-08-16 15:01:07.974,15412,15413,15412,1,-1
2022-08-16 15:01:08.327,15411,15413,15413,1,1
2022-08-16 15:01:09.155,15411,15413,15411,1,-1
2022-08-16 15:01:09.155,15411,15413,15411,1,-1
2022-08-16 15:01:09.155,15411,15413,15411,6,-6
2022-08-16 15:01:09.673,15410,15411,15410,2,-2
2022-08-16 15:01:09.673,15410,15411,15410,4,-4
2022-08-16 15:01:09.744,15409,15410,15409,1,-1
2022-08-16 15:01:09.802,15409,15410,15410,1,1
2022-08-16 15:01:10.485,15409,15411,15411,1,1
2022-08-16 15:01:11.247,15409,15410,15410,1,1
2022-08-16 15:01:11.546,15409,15411,15409,1,-1
2022-08-16 15:01:12.542,15409,15410,15409,1,-1
2022-08-16 15:01:12.824,15409,15410,15410,2,2
2022-08-16 15:01:13.353,15410,15411,15411,1,1
2022-08-16 15:01:13.353,15410,15411,15411,1,1
2022-08-16 15:01:15.005,15412,15415,15412,1,-1
2022-08-16 15:01:20.003,15413,15414,15414,1,1
2022-08-16 15:01:22.084,15413,15415,15413,1,-1
2022-08-16 15:01:22.871,15413,15414,15414,1,1
2022-08-16 15:01:22.920,15413,15414,15413,1,-1
2022-08-16 15:01:23.218,15413,15414,15413,1,-1
2022-08-16 15:01:24.202,15413,15415,15413,1,-1
2022-08-16 15:01:25.441,15413,15414,15413,2,-2
2022-08-16 15:01:25.716,15413,15414,15413,1,-1
2022-08-16 15:01:27.708,15412,15413,15413,1,1
2022-08-16 15:01:31.244,15412,15413,15413,1,1
2022-08-16 15:01:33.922,15412,15413,15413,1,1
2022-08-16 15:01:37.466,15412,15413,15412,4,-4
2022-08-16 15:01:37.466,15412,15413,15411,11,-11
2022-08-16 15:01:37.468,15412,15413,15411,15,-15
2022-08-16 15:01:39.006,15412,15413,15413,2,2
2022-08-16 15:01:39.009,15412,15413,15413,1,1
2022-08-16 15:01:42.091,15413,15414,15413,1,-1
2022-08-16 15:01:42.395,15413,15414,15413,7,-7
2022-08-16 15:01:42.395,15413,15414,15412,11,-11
2022-08-16 15:01:42.396,15413,15414,15412,1,-1
2022-08-16 15:01:42.396,15413,15414,15412,11,-11
2022-08-16 15:01:46.164,15413,15414,15414,1,1
2022-08-16 15:01:47.357,15414,15415,15415,4,4
2022-08-16 15:01:47.357,15414,15415,15415,3,3
2022-08-16 15:01:47.357,15414,15415,15415,2,2
2022-08-16 15:01:47.357,15414,15415,15415,1,1
2022-08-16 15:01:50.582,15413,15415,15413,9,-9
2022-08-16 15:01:53.453,15412,15413,15412,1,-1
2022-08-16 15:01:56.988,15412,15413,15413,2,2
2022-08-16 15:01:56.988,15412,15413,15413,2,2
2022-08-16 15:01:56.989,15412,15413,15413,1,1
2022-08-16 15:01:56.989,15412,15413,15413,1,1
2022-08-16 15:01:56.989,15412,15413,15413,1,1
2022-08-16 15:01:56.989,15412,15413,15413,1,1
2022-08-16 15:01:56.989,15412,15413,15413,1,1
2022-08-16 15:01:56.990,15412,15413,15413,1,1
2022-08-16 15:01:56.990,15412,15413,15413,1,1
2022-08-16 15:01:56.993,15412,15413,15413,1,1
2022-08-16 15:01:57.461,15413,15415,15415,1,1
2022-08-16 15:01:58.297,15413,15414,15414,1,1
2022-08-16 15:01:58.695,15414,15415,15414,1,-1
2022-08-16 15:02:00.006,15414,15415,15415,1,1
2022-08-16 15:02:00.205,15414,15415,15415,1,1
2022-08-16 15:02:00.320,15414,15415,15414,1,-1
2022-08-16 15:02:00.339,15414,15415,15414,1,-1
2022-08-16 15:02:01.154,15414,15415,15415,1,1
2022-08-16 15:02:02.076,15414,15415,15415,1,1
2022-08-16 15:02:02.210,15414,15416,15416,1,1
2022-08-16 15:02:02.472,15414,15416,15414,1,-1
2022-08-16 15:02:08.871,15415,15416,15415,1,-1
2022-08-16 15:02:11.776,15415,15416,15415,2,-2
2022-08-16 15:02:13.434,15414,15415,15414,1,-1
2022-08-16 15:02:13.435,15414,15415,15414,5,-5
2022-08-16 15:02:16.333,15413,15415,15415,1,1
2022-08-16 15:02:20.800,15414,15416,15416,1,1
2022-08-16 15:02:24.916,15415,15416,15416,2,2
2022-08-16 15:02:24.917,15415,15416,15416,2,2
2022-08-16 15:02:25.817,15416,15417,15416,1,-1
2022-08-16 15:02:26.161,15416,15417,15417,4,4
2022-08-16 15:02:26.161,15416,15417,15417,1,1
2022-08-16 15:02:26.161,15416,15417,15417,11,11
2022-08-16 15:02:26.345,15416,15418,15418,4,4
2022-08-16 15:02:26.345,15416,15418,15419,6,6
2022-08-16 15:02:26.345,15416,15418,15420,3,3
2022-08-16 15:02:26.479,15417,15419,15417,1,-1
2022-08-16 15:02:26.501,15417,15419,15419,1,1
2022-08-16 15:02:28.010,15417,15419,15417,1,-1
2022-08-16 15:02:35.006,15417,15418,15418,1,1
2022-08-16 15:02:39.197,15417,15419,15419,1,1
2022-08-16 15:02:40.891,15417,15419,15419,1,1
2022-08-16 15:02:41.332,15417,15419,15417,2,-2
2022-08-16 15:02:41.332,15417,15419,15417,2,-2
2022-08-16 15:02:41.489,15416,15418,15418,1,1
2022-08-16 15:02:42.997,15416,15418,15418,1,1
2022-08-16 15:02:50.285,15415,15417,15416,1,1
2022-08-16 15:02:50.389,15415,15417,15415,3,-3
2022-08-16 15:02:50.635,15414,15416,15416,1,1
2022-08-16 15:02:52.241,15413,15415,15415,1,1
2022-08-16 15:02:54.094,15414,15417,15417,3,3
2022-08-16 15:02:55.282,15416,15418,15416,1,-1
2022-08-16 15:03:05.733,15417,15418,15417,6,-6
2022-08-16 15:03:05.733,15417,15418,15416,2,-2
2022-08-16 15:03:08.467,15417,15418,15418,1,1
2022-08-16 15:03:09.934,15417,15418,15417,1,-1
2022-08-16 15:03:14.332,15417,15418,15418,2,2
2022-08-16 15:03:19.947,15416,15418,15418,1,1
2022-08-16 15:03:30.565,15418,15419,15418,2,-2
2022-08-16 15:03:32.528,15417,15419,15419,1,1
2022-08-16 15:03:37.289,15417,15418,15418,1,1
2022-08-16 15:03:37.455,15417,15418,15417,1,-1
2022-08-16 15:03:37.512,15417,15418,15418,1,1
2022-08-16 15:03:40.884,15417,15418,15417,3,-3
2022-08-16 15:03:40.884,15417,15418,15417,1,-1
2022-08-16 15:03:43.724,15416,15417,15416,1,-1
2022-08-16 15:03:43.724,15416,15417,15416,2,-2
2022-08-16 15:03:49.545,15415,15417,15415,2,-2
2022-08-16 15:03:49.546,15415,15417,15415,3,-3
2022-08-16 15:03:49.546,15415,15417,15415,2,-2
2022-08-16 15:03:59.546,15416,15417,15416,1,-1
2022-08-16 15:04:09.950,15415,15416,15415,5,-5
2022-08-16 15:04:14.828,15415,15416,15416,1,1
2022-08-16 15:04:19.486,15415,15416,15415,3,-3
2022-08-16 15:04:23.355,15414,15415,15414,3,-3
2022-08-16 15:04:23.391,15414,15415,15414,1,-1
2022-08-16 15:04:23.563,15413,15414,15413,2,-2
2022-08-16 15:04:24.545,15413,15414,15414,1,1
2022-08-16 15:04:27.577,15414,15415,15414,1,-1
2022-08-16 15:04:27.577,15414,15415,15414,1,-1
2022-08-16 15:04:29.515,15413,15414,15414,2,2
2022-08-16 15:04:29.521,15413,15414,15414,1,1
2022-08-16 15:04:30.274,15413,15414,15414,1,1
2022-08-16 15:04:30.436,15415,15416,15416,3,3
2022-08-16 15:04:32.175,15414,15416,15414,3,-3
2022-08-16 15:04:45.241,15414,15415,15414,2,-2
2022-08-16 15:04:45.308,15414,15415,15413,2,-2
2022-08-16 15:04:54.797,15412,15413,15412,5,-5
2022-08-16 15:04:56.601,15411,15412,15411,4,-4
2022-08-16 15:04:58.503,15410,15411,15411,1,1
2022-08-16 15:04:58.505,15410,15411,15411,3,3
2022-08-16 15:04:58.524,15410,15411,15412,1,1
2022-08-16 15:05:01.933,15410,15412,15412,1,1
2022-08-16 15:05:02.302,15410,15412,15410,1,-1
2022-08-16 15:05:02.991,15411,15413,15411,2,-2
2022-08-16 15:05:08.134,15410,15411,15410,19,-19
2022-08-16 15:05:08.135,15410,15411,15410,4,-4
2022-08-16 15:05:09.541,15409,15410,15409,7,-7
2022-08-16 15:05:11.481,15409,15411,15411,3,3
2022-08-16 15:05:11.481,15409,15411,15412,2,2
2022-08-16 15:05:12.215,15410,15412,15410,1,-1
2022-08-16 15:05:15.631,15411,15413,15411,3,-3
2022-08-16 15:05:17.613,15411,15413,15411,1,-1
2022-08-16 15:05:18.777,15410,15412,15410,2,-2
2022-08-16 15:05:19.825,15410,15412,15412,2,2
2022-08-16 15:05:23.291,15412,15413,15412,1,-1
2022-08-16 15:05:28.151,15412,15413,15412,1,-1
2022-08-16 15:05:30.897,15412,15413,15412,1,-1
2022-08-16 15:05:35.822,15412,15413,15413,2,2
2022-08-16 15:05:36.300,15412,15413,15413,1,1
2022-08-16 15:05:36.300,15412,15413,15413,2,2
2022-08-16 15:05:36.300,15412,15413,15413,1,1
2022-08-16 15:05:41.908,15413,15415,15415,1,1
2022-08-16 15:05:44.408,15414,15415,15414,1,-1
2022-08-16 15:05:49.982,15413,15415,15415,1,1
2022-08-16 15:05:50.497,15414,15415,15415,1,1
2022-08-16 15:05:51.466,15414,15416,15414,2,-2
2022-08-16 15:06:05.048,15413,15414,15413,1,-1
2022-08-16 15:06:05.049,15413,15414,15413,1,-1
2022-08-16 15:06:08.462,15411,15413,15413,1,1
2022-08-16 15:06:11.466,15413,15414,15414,1,1
2022-08-16 15:06:27.989,15411,15412,15411,1,-1
2022-08-16 15:06:28.082,15411,15412,15411,2,-2
2022-08-16 15:06:34.456,15411,15413,15412,3,-3
2022-08-16 15:06:38.030,15412,15414,15412,1,-1
2022-08-16 15:06:47.997,15413,15414,15413,5,-5
2022-08-16 15:06:52.930,15412,15414,15412,1,-1
2022-08-16 15:06:52.971,15412,15414,15414,1,1
2022-08-16 15:06:53.018,15412,15414,15412,5,-5
2022-08-16 15:07:07.603,15414,15415,15415,1,1
2022-08-16 15:07:07.603,15414,15415,15415,2,2
2022-08-16 15:07:15.870,15415,15416,15415,1,-1
2022-08-16 15:07:20.586,15414,15416,15416,4,4
2022-08-16 15:07:20.998,15415,15417,15415,3,-3
2022-08-16 15:07:21.475,15415,15417,15417,4,4
2022-08-16 15:07:27.942,15416,15417,15417,1,1
2022-08-16 15:07:29.898,15416,15417,15416,1,-1
2022-08-16 15:07:29.898,15416,15417,15416,1,-1
2022-08-16 15:07:31.584,15415,15416,15415,1,-1
2022-08-16 15:07:35.411,15415,15416,15415,1,-1
2022-08-16 15:07:36.019,15414,15415,15415,2,2
2022-08-16 15:07:43.161,15413,15414,15414,1,1
2022-08-16 15:07:43.173,15413,15414,15415,2,2
2022-08-16 15:07:46.168,15413,15415,15413,1,-1
2022-08-16 15:07:53.863,15413,15414,15413,2,-2
2022-08-16 15:08:17.073,15414,15415,15415,1,1
2022-08-16 15:08:23.937,15413,15414,15413,2,-2
2022-08-16 15:08:24.203,15412,15413,15412,2,-2
2022-08-16 15:08:24.224,15412,15413,15413,1,1
2022-08-16 15:08:26.541,15412,15413,15412,1,-1
2022-08-16 15:08:26.541,15412,15413,15412,1,-1
2022-08-16 15:08:26.542,15412,15413,15412,1,-1
2022-08-16 15:08:31.168,15413,15415,15413,2,-2
2022-08-16 15:08:42.384,15413,15414,15414,1,1
2022-08-16 15:08:42.703,15413,15414,15414,2,2
2022-08-16 15:08:42.703,15413,15414,15415,2,2
2022-08-16 15:08:49.919,15413,15414,15414,4,4
2022-08-16 15:08:54.963,15413,15414,15414,1,1
2022-08-16 15:08:56.238,15413,15414,15413,1,-1
2022-08-16 15:08:56.312,15413,15414,15413,1,-1
2022-08-16 15:08:56.312,15413,15414,15413,3,-3
2022-08-16 15:08:58.025,15412,15413,15412,3,-3
2022-08-16 15:08:58.025,15412,15413,15412,1,-1
2022-08-16 15:08:59.048,15411,15412,15411,6,-6
2022-08-16 15:08:59.049,15411,15412,15411,1,-1
2022-08-16 15:08:59.062,15410,15411,15410,3,-3
2022-08-16 15:09:00.750,15410,15411,15410,11,-11
2022-08-16 15:09:05.159,15409,15410,15410,1,1
2022-08-16 15:09:05.615,15410,15412,15412,3,3
2022-08-16 15:09:05.615,15410,15412,15412,3,3
2022-08-16 15:09:13.418,15410,15411,15411,1,1
2022-08-16 15:09:13.418,15410,15411,15411,1,1
2022-08-16 15:09:13.686,15412,15413,15413,1,1
2022-08-16 15:09:18.117,15412,15413,15412,1,-1
2022-08-16 15:09:24.570,15410,15411,15410,2,-2
2022-08-16 15:09:24.570,15410,15411,15410,7,-7
2022-08-16 15:09:31.455,15410,15411,15410,2,-2
2022-08-16 15:09:39.675,15409,15410,15409,1,-1
2022-08-16 15:09:40.116,15409,15410,15409,3,-3
2022-08-16 15:09:43.071,15409,15410,15410,1,1
2022-08-16 15:09:49.647,15409,15410,15409,5,-5
2022-08-16 15:09:49.961,15408,15409,15409,3,3
2022-08-16 15:09:49.961,15408,15409,15410,7,7
2022-08-16 15:09:53.011,15409,15410,15409,1,-1
2022-08-16 15:09:58.940,15409,15410,15409,1,-1
2022-08-16 15:10:00.568,15409,15410,15410,6,6
2022-08-16 15:10:01.030,15409,15411,15409,1,-1
2022-08-16 15:10:03.242,15409,15410,15409,1,-1
2022-08-16 15:10:12.840,15409,15410,15410,1,1
2022-08-16 15:10:26.533,15409,15410,15410,4,4
2022-08-16 15:10:27.658,15410,15411,15410,1,-1
2022-08-16 15:10:36.169,15410,15411,15410,3,-3
2022-08-16 15:10:36.884,15410,15411,15410,1,-1
2022-08-16 15:10:36.884,15410,15411,15410,1,-1
2022-08-16 15:10:41.372,15409,15410,15410,1,1
2022-08-16 15:10:44.925,15409,15410,15409,5,-5
2022-08-16 15:10:44.926,15409,15410,15409,1,-1
2022-08-16 15:10:44.926,15409,15410,15409,6,-6
2022-08-16 15:10:50.149,15408,15409,15408,1,-1
2022-08-16 15:10:50.531,15408,15409,15409,1,1
2022-08-16 15:10:50.769,15408,15409,15408,2,-2
2022-08-16 15:10:55.759,15409,15411,15409,9,-9
2022-08-16 15:10:55.759,15409,15411,15408,11,-11
2022-08-16 15:10:57.306,15409,15411,15409,1,-1
2022-08-16 15:11:05.202,15409,15410,15409,1,-1
2022-08-16 15:11:07.875,15408,15409,15409,1,1
2022-08-16 15:11:08.033,15408,15409,15409,1,1
2022-08-16 15:11:08.682,15408,15410,15410,1,1
2022-08-16 15:11:08.875,15409,15411,15411,4,4
2022-08-16 15:11:12.031,15410,15411,15411,1,1
2022-08-16 15:11:13.728,15410,15411,15411,1,1
2022-08-16 15:11:14.653,15410,15412,15410,1,-1
2022-08-16 15:11:15.456,15409,15411,15411,1,1
2022-08-16 15:11:15.554,15409,15411,15411,1,1
2022-08-16 15:11:15.697,15409,15411,15411,1,1
2022-08-16 15:11:17.241,15409,15411,15411,1,1
2022-08-16 15:11:19.618,15410,15411,15411,1,1
2022-08-16 15:11:26.258,15410,15411,15411,1,1
2022-08-16 15:11:27.217,15410,15411,15410,4,-4
2022-08-16 15:11:28.190,15409,15410,15409,1,-1
2022-08-16 15:11:30.602,15408,15410,15410,1,1
2022-08-16 15:11:38.500,15409,15410,15410,1,1
2022-08-16 15:11:42.555,15410,15411,15410,1,-1
2022-08-16 15:11:45.364,15409,15411,15409,1,-1
2022-08-16 15:11:51.277,15409,15410,15409,1,-1
2022-08-16 15:11:51.286,15409,15410,15410,1,1
2022-08-16 15:11:52.739,15409,15410,15409,1,-1
2022-08-16 15:11:55.500,15409,15410,15410,1,1
2022-08-16 15:11:57.683,15409,15411,15409,3,-3
2022-08-16 15:11:57.683,15409,15411,15409,3,-3
2022-08-16 15:12:09.757,15410,15411,15410,1,-1
2022-08-16 15:12:10.256,15409,15410,15409,1,-1
2022-08-16 15:12:15.007,15410,15411,15410,1,-1
2022-08-16 15:12:15.679,15410,15411,15411,2,2
2022-08-16 15:12:16.414,15410,15412,15410,5,-5
2022-08-16 15:12:19.434,15409,15411,15411,1,1
2022-08-16 15:12:19.588,15409,15411,15411,1,1
2022-08-16 15:12:30.755,15410,15412,15410,1,-1
2022-08-16 15:12:31.042,15409,15411,15409,1,-1
2022-08-16 15:12:36.638,15410,15411,15410,1,-1
2022-08-16 15:12:41.467,15409,15410,15410,1,1
2022-08-16 15:12:50.208,15409,15410,15409,5,-5
2022-08-16 15:12:50.705,15409,15410,15409,2,-2
2022-08-16 15:12:52.637,15408,15409,15408,1,-1
2022-08-16 15:12:52.838,15408,15409,15408,1,-1
2022-08-16 15:12:53.751,15408,15409,15409,1,1
2022-08-16 15:12:55.382,15408,15409,15409,1,1
2022-08-16 15:12:56.779,15408,15409,15409,1,1
2022-08-16 15:12:59.959,15408,15409,15408,4,-4
2022-08-16 15:13:02.072,15408,15409,15409,1,1
2022-08-16 15:13:03.300,15408,15409,15408,7,-7
2022-08-16 15:13:03.300,15408,15409,15407,13,-13
2022-08-16 15:13:04.028,15408,15409,15409,1,1
2022-08-16 15:13:06.184,15408,15409,15408,2,-2
2022-08-16 15:13:14.538,15407,15409,15407,1,-1
2022-08-16 15:13:14.639,15407,15409,15409,1,1
2022-08-16 15:13:21.512,15407,15408,15407,1,-1
2022-08-16 15:13:25.564,15407,15408,15408,1,1
2022-08-16 15:13:25.865,15407,15408,15407,6,-6
2022-08-16 15:13:27.557,15407,15408,15407,1,-1
2022-08-16 15:13:27.591,15407,15409,15407,2,-2
2022-08-16 15:13:31.940,15406,15407,15407,4,4
2022-08-16 15:13:38.260,15407,15409,15409,1,1
2022-08-16 15:13:40.090,15407,15409,15407,5,-5
2022-08-16 15:13:40.359,15408,15409,15408,1,-1
2022-08-16 15:13:40.359,15408,15409,15407,4,-4
2022-08-16 15:13:42.096,15407,15409,15407,3,-3
2022-08-16 15:13:46.294,15406,15407,15407,1,1
2022-08-16 15:13:47.439,15406,15407,15406,1,-1
2022-08-16 15:13:47.581,15406,15407,15407,1,1
2022-08-16 15:13:47.637,15406,15407,15406,1,-1
2022-08-16 15:13:49.979,15406,15407,15406,3,-3
2022-08-16 15:13:50.525,15406,15407,15406,1,-1
2022-08-16 15:13:50.980,15406,15407,15406,5,-5
2022-08-16 15:13:50.980,15406,15407,15405,15,-15
2022-08-16 15:13:50.981,15406,15407,15405,1,-1
2022-08-16 15:13:53.152,15406,15408,15406,1,-1
2022-08-16 15:13:57.019,15407,15408,15407,1,-1
2022-08-16 15:13:58.651,15407,15408,15407,3,-3
2022-08-16 15:13:58.652,15407,15408,15407,3,-3
2022-08-16 15:13:58.964,15406,15407,15407,1,1
2022-08-16 15:14:04.022,15406,15407,15407,1,1
2022-08-16 15:14:04.023,15406,15407,15407,4,4
2022-08-16 15:14:10.390,15407,15408,15408,1,1
2022-08-16 15:14:10.603,15407,15408,15407,2,-2
2022-08-16 15:14:12.121,15406,15408,15406,2,-2
2022-08-16 15:14:13.857,15407,15408,15408,1,1
2022-08-16 15:14:14.281,15407,15408,15408,1,1
2022-08-16 15:14:15.025,15408,15409,15409,1,1
2022-08-16 15:14:17.008,15408,15410,15408,6,-6
2022-08-16 15:14:17.008,15408,15410,15407,13,-13
2022-08-16 15:14:17.009,15408,15410,15407,2,-2
2022-08-16 15:14:17.009,15408,15410,15407,4,-4
2022-08-16 15:14:17.025,15408,15410,15407,3,-3
2022-08-16 15:14:21.740,15408,15409,15409,1,1
2022-08-16 15:14:26.318,15408,15409,15409,1,1
2022-08-16 15:14:29.069,15408,15409,15409,1,1
2022-08-16 15:14:35.922,15408,15409,15409,1,1
2022-08-16 15:14:38.909,15408,15410,15410,1,1
2022-08-16 15:14:38.935,15409,15410,15409,3,-3
2022-08-16 15:14:52.067,15409,15410,15410,4,4
2022-08-16 15:14:53.550,15409,15410,15410,1,1
2022-08-16 15:15:04.660,15409,15410,15410,1,1
2022-08-16 15:15:08.532,15409,15410,15410,1,1
2022-08-16 15:15:09.066,15409,15410,15410,1,1
2022-08-16 15:15:09.110,15409,15410,15410,1,1
2022-08-16 15:15:13.091,15409,15410,15409,1,-1
2022-08-16 15:15:13.092,15409,15410,15409,4,-4
2022-08-16 15:15:15.056,15408,15409,15409,1,1
2022-08-16 15:15:16.577,15408,15409,15409,1,1
2022-08-16 15:15:20.712,15408,15409,15409,1,1
2022-08-16 15:15:20.805,15408,15409,15410,1,1
2022-08-16 15:15:33.228,15409,15410,15409,4,-4
2022-08-16 15:15:33.228,15409,15410,15409,1,-1
2022-08-16 15:15:47.530,15408,15410,15410,3,3
2022-08-16 15:15:47.848,15409,15411,15411,16,16
2022-08-16 15:15:47.848,15409,15411,15412,2,2
2022-08-16 15:15:50.703,15410,15411,15411,1,1
2022-08-16 15:15:51.711,15410,15411,15411,1,1
2022-08-16 15:15:54.244,15410,15411,15411,1,1
2022-08-16 15:15:58.801,15410,15411,15411,1,1
2022-08-16 15:15:58.982,15410,15411,15411,1,1
2022-08-16 15:16:05.800,15410,15411,15411,1,1
2022-08-16 15:16:05.893,15410,15411,15410,3,-3
2022-08-16 15:16:08.464,15409,15411,15409,2,-2
2022-08-16 15:16:14.401,15409,15410,15410,1,1
2022-08-16 15:16:14.405,15409,15410,15410,1,1
2022-08-16 15:16:19.756,15409,15410,15409,1,-1
2022-08-16 15:16:19.756,15409,15410,15409,1,-1
2022-08-16 15:16:21.200,15408,15409,15408,7,-7
2022-08-16 15:16:26.408,15407,15408,15408,1,1
2022-08-16 15:16:27.471,15407,15408,15407,4,-4
2022-08-16 15:16:27.471,15407,15408,15407,2,-2
2022-08-16 15:16:27.472,15407,15408,15407,15,-15
2022-08-16 15:16:32.973,15407,15408,15408,1,1
2022-08-16 15:16:36.293,15408,15409,15408,2,-2
2022-08-16 15:16:37.848,15408,15409,15408,3,-3
2022-08-16 15:16:42.683,15407,15408,15409,3,3
2022-08-16 15:16:45.071,15408,15410,15408,10,-10
2022-08-16 15:16:45.071,15408,15410,15407,10,-10
2022-08-16 15:17:05.706,15407,15409,15407,5,-5
2022-08-16 15:17:08.911,15407,15408,15408,2,2
2022-08-16 15:17:13.981,15408,15409,15409,1,1
2022-08-16 15:17:19.783,15409,15411,15409,1,-1
2022-08-16 15:17:38.872,15408,15410,15408,1,-1
2022-08-16 15:17:39.904,15408,15410,15408,1,-1
2022-08-16 15:17:41.417,15408,15410,15408,1,-1
2022-08-16 15:17:47.928,15408,15409,15408,1,-1
2022-08-16 15:17:54.090,15408,15409,15408,1,-1
2022-08-16 15:17:57.018,15408,15409,15408,2,-2
2022-08-16 15:17:57.018,15408,15409,15407,8,-8
2022-08-16 15:18:00.848,15407,15409,15407,1,-1
2022-08-16 15:18:12.717,15406,15407,15407,1,1
2022-08-16 15:18:27.447,15407,15408,15408,1,1
2022-08-16 15:18:32.548,15407,15409,15409,1,1
2022-08-16 15:18:32.578,15407,15409,15409,2,2
2022-08-16 15:18:45.497,15408,15409,15409,1,1
2022-08-16 15:18:55.917,15409,15410,15409,1,-1
2022-08-16 15:19:00.690,15409,15410,15410,1,1
2022-08-16 15:19:02.162,15409,15410,15410,1,1
2022-08-16 15:19:02.163,15409,15410,15410,3,3
2022-08-16 15:19:04.637,15410,15411,15410,1,-1
2022-08-16 15:19:18.912,15410,15411,15411,1,1
2022-08-16 15:19:21.004,15411,15413,15412,1,1
2022-08-16 15:19:24.994,15411,15412,15412,1,1
2022-08-16 15:19:25.416,15411,15412,15412,2,2
2022-08-16 15:19:36.670,15411,15412,15411,1,-1
2022-08-16 15:19:36.670,15411,15412,15411,1,-1
2022-08-16 15:19:36.671,15411,15412,15411,4,-4
2022-08-16 15:19:36.671,15411,15412,15411,3,-3
2022-08-16 15:19:36.671,15411,15412,15411,1,-1
2022-08-16 15:19:43.239,15410,15411,15411,4,4
2022-08-16 15:19:43.239,15410,15411,15412,1,1
2022-08-16 15:19:45.937,15411,15412,15411,1,-1
2022-08-16 15:19:47.287,15410,15411,15410,2,-2
2022-08-16 15:19:47.951,15409,15410,15410,1,1
2022-08-16 15:19:48.948,15409,15411,15411,1,1
2022-08-16 15:20:01.695,15410,15411,15411,1,1
2022-08-16 15:20:01.695,15410,15411,15411,1,1
2022-08-16 15:20:01.695,15410,15411,15411,3,3
2022-08-16 15:20:02.532,15411,15412,15411,1,-1
2022-08-16 15:20:06.939,15409,15410,15410,1,1
2022-08-16 15:20:14.218,15410,15411,15410,1,-1
2022-08-16 15:20:17.306,15410,15411,15410,1,-1
2022-08-16 15:20:18.712,15410,15411,15411,1,1
2022-08-16 15:20:31.209,15410,15412,15412,1,1
2022-08-16 15:20:45.220,15411,15412,15412,1,1
2022-08-16 15:20:57.959,15411,15412,15412,1,1
2022-08-16 15:21:07.646,15412,15413,15413,2,2
2022-08-16 15:21:07.646,15412,15413,15413,3,3
2022-08-16 15:21:07.646,15412,15413,15413,2,2
2022-08-16 15:21:10.145,15413,15414,15414,1,1
2022-08-16 15:21:10.145,15413,15414,15414,5,5
2022-08-16 15:21:10.323,15414,15415,15415,1,1
2022-08-16 15:21:10.824,15413,15415,15415,1,1
2022-08-16 15:21:12.067,15414,15415,15414,5,-5
2022-08-16 15:21:12.067,15414,15415,15413,13,-13
2022-08-16 15:21:17.153,15412,15415,15413,1,-1
2022-08-16 15:21:23.053,15413,15415,15415,1,1
2022-08-16 15:21:28.236,15413,15414,15414,1,1
2022-08-16 15:21:45.392,15413,15414,15414,1,1
2022-08-16 15:21:46.310,15413,15414,15413,1,-1
2022-08-16 15:21:47.187,15413,15414,15414,1,1
2022-08-16 15:21:49.527,15413,15414,15413,1,-1
2022-08-16 15:21:49.527,15413,15414,15413,1,-1
2022-08-16 15:21:52.826,15412,15413,15412,1,-1
2022-08-16 15:21:59.468,15412,15413,15413,1,1
2022-08-16 15:22:29.567,15413,15414,15413,1,-1
2022-08-16 15:22:33.225,15413,15414,15413,1,-1
2022-08-16 15:22:57.580,15412,15413,15413,3,3
2022-08-16 15:23:04.927,15412,15414,15412,1,-1
2022-08-16 15:23:12.156,15412,15413,15413,1,1
2022-08-16 15:23:27.721,15412,15413,15413,1,1
2022-08-16 15:23:35.450,15412,15413,15413,1,1
2022-08-16 15:23:40.884,15412,15413,15413,1,1
2022-08-16 15:23:40.884,15412,15413,15413,1,1
2022-08-16 15:23:40.884,15412,15413,15413,3,3
2022-08-16 15:23:40.884,15412,15413,15413,1,1
2022-08-16 15:23:40.896,15412,15413,15414,2,2
2022-08-16 15:23:47.903,15413,15414,15413,1,-1
2022-08-16 15:24:02.124,15413,15414,15413,2,-2
2022-08-16 15:24:06.428,15413,15414,15413,1,-1
2022-08-16 15:24:11.728,15412,15413,15413,1,1
2022-08-16 15:24:12.236,15412,15413,15413,1,1
2022-08-16 15:24:15.355,15412,15413,15412,8,-8
2022-08-16 15:24:15.355,15412,15413,15412,5,-5
2022-08-16 15:24:20.986,15411,15412,15412,1,1
2022-08-16 15:24:33.959,15412,15413,15412,1,-1
2022-08-16 15:24:42.617,15411,15412,15411,1,-1
2022-08-16 15:24:43.429,15411,15412,15412,1,1
2022-08-16 15:25:06.190,15411,15412,15412,1,1
2022-08-16 15:25:24.463,15411,15412,15412,1,1
2022-08-16 15:25:27.019,15412,15413,15413,3,3
2022-08-16 15:25:34.378,15413,15414,15414,1,1
2022-08-16 15:25:39.009,15413,15414,15413,1,-1
2022-08-16 15:25:55.081,15413,15414,15414,1,1
2022-08-16 15:26:00.113,15413,15414,15413,1,-1
2022-08-16 15:26:12.206,15413,15414,15413,1,-1
2022-08-16 15:26:12.828,15412,15414,15412,1,-1
2022-08-16 15:26:19.645,15412,15413,15412,1,-1
2022-08-16 15:26:28.623,15412,15413,15412,7,-7
2022-08-16 15:26:29.759,15411,15413,15413,1,1
2022-08-16 15:26:31.016,15412,15413,15413,1,1
2022-08-16 15:26:34.352,15412,15413,15413,1,1
2022-08-16 15:27:00.739,15413,15414,15413,1,-1
2022-08-16 15:27:05.973,15413,15414,15413,1,-1
2022-08-16 15:27:13.116,15412,15413,15413,3,3
2022-08-16 15:27:48.567,15413,15414,15413,1,-1
2022-08-16 15:27:57.851,15413,15414,15413,1,-1
2022-08-16 15:28:11.206,15412,15413,15413,1,1
2022-08-16 15:28:30.089,15413,15414,15414,1,1
2022-08-16 15:28:34.432,15413,15414,15413,1,-1
2022-08-16 15:28:35.455,15413,15414,15414,1,1
2022-08-16 15:29:06.186,15413,15414,15413,1,-1
2022-08-16 15:29:09.812,15413,15414,15414,1,1
2022-08-16 15:29:14.727,15413,15414,15414,1,1
2022-08-16 15:29:22.567,15413,15414,15414,5,5
2022-08-16 15:29:41.903,15414,15415,15415,1,1
2022-08-16 15:29:42.787,15414,15415,15414,3,-3
2022-08-16 15:29:48.388,15414,15415,15415,1,1
2022-08-16 15:29:50.489,15414,15415,15414,1,-1
2022-08-16 15:30:01.942,15414,15415,15415,14,14
2022-08-16 15:30:02.391,15415,15416,15415,4,-4
2022-08-16 15:30:02.391,15415,15416,15414,4,-4
2022-08-16 15:30:02.393,15415,15416,15414,1,-1
2022-08-16 15:30:02.412,15415,15416,15414,1,-1
2022-08-16 15:30:02.523,15414,15416,15414,1,-1
2022-08-16 15:30:02.777,15414,15416,15414,1,-1
2022-08-16 15:30:05.202,15414,15416,15414,1,-1
2022-08-16 15:30:09.578,15414,15415,15415,1,1
2022-08-16 15:30:13.121,15414,15415,15415,1,1
2022-08-16 15:30:16.378,15414,15415,15415,1,1
2022-08-16 15:30:19.894,15414,15415,15415,1,1
2022-08-16 15:30:33.243,15414,15415,15414,1,-1
2022-08-16 15:30:36.520,15414,15415,15415,2,2
2022-08-16 15:30:42.797,15414,15415,15414,1,-1
2022-08-16 15:30:47.319,15414,15415,15415,1,1
2022-08-16 15:30:47.961,15414,15415,15415,1,1
2022-08-16 15:30:49.010,15414,15415,15415,1,1
2022-08-16 15:30:53.431,15414,15415,15415,1,1
2022-08-16 15:30:54.096,15414,15415,15415,1,1
2022-08-16 15:31:00.848,15414,15415,15415,9,9
2022-08-16 15:31:05.552,15415,15416,15415,1,-1
2022-08-16 15:31:17.212,15415,15416,15415,1,-1
2022-08-16 15:31:23.829,15415,15416,15415,1,-1
2022-08-16 15:31:25.232,15415,15416,15415,3,-3
2022-08-16 15:31:25.232,15415,15416,15414,2,-2
2022-08-16 15:31:29.624,15415,15416,15416,22,22
2022-08-16 15:31:29.627,15415,15416,15417,2,2
2022-08-16 15:31:29.628,15415,15416,15417,6,6
2022-08-16 15:31:29.883,15417,15418,15418,1,1
2022-08-16 15:31:29.884,15417,15418,15418,14,14
2022-08-16 15:31:29.884,15417,15418,15418,1,1
2022-08-16 15:31:29.966,15418,15419,15419,2,2
2022-08-16 15:31:30.088,15418,15419,15419,1,1
2022-08-16 15:31:31.556,15418,15419,15418,1,-1
2022-08-16 15:31:32.397,15418,15419,15419,7,7
2022-08-16 15:31:32.397,15418,15419,15419,1,1
2022-08-16 15:31:32.397,15418,15419,15419,2,2
2022-08-16 15:31:32.397,15418,15419,15419,5,5
2022-08-16 15:31:40.501,15418,15419,15419,1,1
2022-08-16 15:31:43.662,15418,15419,15418,1,-1
2022-08-16 15:31:52.746,15418,15419,15418,1,-1
2022-08-16 15:32:06.822,15417,15418,15418,2,2
2022-08-16 15:32:06.968,15417,15418,15417,1,-1
2022-08-16 15:32:07.721,15417,15418,15418,1,1
2022-08-16 15:32:15.174,15418,15419,15418,2,-2
2022-08-16 15:32:15.686,15418,15419,15419,7,7
2022-08-16 15:32:20.938,15418,15420,15420,1,1
2022-08-16 15:32:21.082,15418,15420,15420,1,1
2022-08-16 15:32:23.889,15418,15420,15420,2,2
2022-08-16 15:32:26.100,15418,15420,15420,1,1
2022-08-16 15:32:29.052,15418,15420,15420,1,1
2022-08-16 15:32:41.098,15418,15419,15419,1,1
2022-08-16 15:32:41.309,15419,15420,15420,3,3
2022-08-16 15:32:47.967,15419,15420,15419,3,-3
2022-08-16 15:32:48.326,15418,15419,15418,1,-1
2022-08-16 15:32:59.750,15419,15420,15419,1,-1
2022-08-16 15:33:03.225,15418,15419,15419,1,1
2022-08-16 15:33:07.273,15418,15420,15418,1,-1
2022-08-16 15:33:16.726,15418,15419,15419,2,2
2022-08-16 15:33:23.671,15418,15419,15418,5,-5
2022-08-16 15:33:29.174,15417,15419,15419,6,6
2022-08-16 15:33:40.693,15418,15419,15418,1,-1
2022-08-16 15:33:48.968,15417,15418,15418,1,1
2022-08-16 15:33:49.817,15417,15418,15418,1,1
2022-08-16 15:33:53.136,15417,15418,15417,1,-1
2022-08-16 15:34:01.947,15417,15418,15418,4,4
2022-08-16 15:34:07.490,15417,15419,15417,1,-1
2022-08-16 15:34:29.069,15418,15419,15418,1,-1
2022-08-16 15:34:33.541,15417,15418,15418,1,1
2022-08-16 15:34:45.048,15418,15419,15418,1,-1
2022-08-16 15:34:51.601,15418,15419,15419,4,4
2022-08-16 15:35:12.899,15418,15419,15418,1,-1
2022-08-16 15:35:25.568,15418,15419,15419,1,1
2022-08-16 15:35:41.047,15418,15419,15419,1,1
2022-08-16 15:35:47.536,15418,15419,15418,1,-1
2022-08-16 15:35:47.536,15418,15419,15418,1,-1
2022-08-16 15:35:47.536,15418,15419,15418,1,-1
2022-08-16 15:35:47.536,15418,15419,15418,2,-2
2022-08-16 15:35:49.281,15417,15418,15418,1,1
2022-08-16 15:36:00.479,15417,15418,15417,2,-2
2022-08-16 15:36:00.480,15417,15418,15417,1,-1
2022-08-16 15:36:00.480,15417,15418,15417,1,-1
2022-08-16 15:36:00.862,15416,15417,15417,2,2
2022-08-16 15:36:01.062,15417,15418,15418,1,1
2022-08-16 15:36:18.624,15416,15417,15416,4,-4
2022-08-16 15:36:18.625,15416,15417,15416,1,-1
2022-08-16 15:36:21.199,15415,15417,15417,7,7
2022-08-16 15:36:38.062,15416,15417,15417,1,1
2022-08-16 15:37:08.198,15416,15417,15417,1,1
2022-08-16 15:37:14.107,15416,15417,15417,2,2
2022-08-16 15:37:14.515,15416,15417,15416,1,-1
2022-08-16 15:37:15.183,15416,15417,15416,1,-1
2022-08-16 15:37:20.512,15416,15417,15416,5,-5
2022-08-16 15:37:39.809,15415,15416,15416,1,1
2022-08-16 15:37:40.465,15415,15416,15416,1,1
2022-08-16 15:37:45.239,15416,15417,15417,1,1
2022-08-16 15:37:45.240,15416,15417,15417,2,2
2022-08-16 15:38:03.103,15417,15418,15417,1,-1
2022-08-16 15:38:23.123,15415,15416,15416,2,2
2022-08-16 15:39:13.208,15416,15418,15416,1,-1
2022-08-16 15:39:23.304,15416,15417,15417,1,1
2022-08-16 15:39:52.956,15416,15417,15416,1,-1
2022-08-16 15:39:52.956,15416,15417,15416,1,-1
2022-08-16 15:40:02.243,15415,15416,15415,9,-9
2022-08-16 15:40:16.983,15415,15416,15415,1,-1
2022-08-16 15:40:16.984,15415,15416,15415,1,-1
2022-08-16 15:40:18.943,15414,15415,15415,2,2
2022-08-16 15:40:31.193,15414,15415,15414,3,-3
2022-08-16 15:40:44.070,15413,15414,15413,1,-1
2022-08-16 15:40:44.780,15413,15414,15413,1,-1
2022-08-16 15:40:58.240,15413,15414,15413,1,-1
2022-08-16 15:41:01.367,15413,15414,15413,1,-1
2022-08-16 15:41:07.156,15413,15414,15413,4,-4
2022-08-16 15:41:20.536,15412,15413,15413,2,2
2022-08-16 15:41:23.566,15412,15413,15413,1,1
2022-08-16 15:41:30.899,15412,15413,15412,2,-2
2022-08-16 15:41:31.022,15412,15413,15412,1,-1
2022-08-16 15:41:34.316,15412,15413,15412,7,-7
2022-08-16 15:41:34.900,15411,15412,15411,1,-1
2022-08-16 15:41:44.437,15411,15412,15412,1,1
2022-08-16 15:41:51.375,15411,15413,15411,2,-2
2022-08-16 15:42:13.130,15411,15413,15412,1,-1
2022-08-16 15:42:18.413,15412,15413,15412,1,-1
2022-08-16 15:43:06.612,15411,15412,15412,1,1
2022-08-16 15:43:25.492,15411,15412,15411,5,-5
2022-08-16 15:43:28.492,15411,15412,15411,5,-5
2022-08-16 15:43:28.493,15411,15412,15411,3,-3
2022-08-16 15:43:31.081,15411,15412,15411,5,-5
2022-08-16 15:43:31.206,15411,15412,15411,2,-2
2022-08-16 15:44:01.528,15411,15412,15411,1,-1
2022-08-16 15:44:02.569,15410,15412,15411,1,-1
2022-08-16 15:44:13.766,15410,15411,15411,1,1
2022-08-16 15:44:15.624,15410,15411,15411,1,1
2022-08-16 15:44:27.322,15410,15411,15411,1,1
2022-08-16 15:44:56.812,15410,15411,15410,2,-2
2022-08-16 15:45:03.002,15410,15411,15410,2,-2
2022-08-16 15:45:04.464,15410,15411,15411,1,1
2022-08-16 15:45:04.464,15410,15411,15411,2,2
2022-08-16 15:45:04.464,15410,15411,15411,2,2
2022-08-16 15:45:04.464,15410,15411,15411,1,1
2022-08-16 15:45:04.464,15410,15411,15411,1,1
2022-08-16 15:45:04.464,15410,15411,15411,1,1
2022-08-16 15:45:09.030,15411,15412,15411,2,-2
2022-08-16 15:45:17.734,15411,15412,15412,1,1
2022-08-16 15:45:20.025,15411,15412,15412,1,1
2022-08-16 15:45:20.025,15411,15412,15412,1,1
2022-08-16 15:45:20.025,15411,15412,15412,3,3
2022-08-16 15:45:22.531,15412,15413,15413,1,1
2022-08-16 15:45:41.095,15411,15412,15412,1,1
2022-08-16 15:45:53.935,15412,15413,15413,1,1
2022-08-16 15:46:12.777,15413,15414,15414,1,1
2022-08-16 15:46:13.649,15413,15414,15414,4,4
2022-08-16 15:46:15.534,15413,15415,15413,12,-12
2022-08-16 15:46:15.535,15413,15415,15413,8,-8
2022-08-16 15:46:34.464,15414,15415,15415,2,2
2022-08-16 15:46:34.582,15414,15415,15415,1,1
2022-08-16 15:46:36.715,15414,15416,15416,2,2
2022-08-16 15:46:36.945,15414,15416,15416,1,1
2022-08-16 15:46:50.666,15415,15416,15416,2,2
2022-08-16 15:47:00.199,15416,15417,15417,1,1
2022-08-16 15:47:03.840,15416,15418,15418,2,2
2022-08-16 15:47:04.715,15417,15418,15418,2,2
2022-08-16 15:47:05.474,15417,15418,15418,1,1
2022-08-16 15:47:07.367,15417,15418,15418,2,2
2022-08-16 15:47:10.753,15417,15418,15418,12,12
2022-08-16 15:47:12.145,15417,15419,15419,1,1
2022-08-16 15:47:13.021,15417,15419,15419,1,1
2022-08-16 15:47:17.230,15417,15418,15417,3,-3
2022-08-16 15:47:20.212,15417,15418,15418,3,3
2022-08-16 15:47:30.636,15417,15418,15418,1,1
2022-08-16 15:47:43.472,15417,15418,15417,1,-1
2022-08-16 15:48:13.067,15418,15419,15418,4,-4
2022-08-16 15:48:13.515,15417,15419,15419,2,2
2022-08-16 15:48:28.814,15417,15419,15417,4,-4
2022-08-16 15:48:42.271,15417,15419,15419,3,3
2022-08-16 15:48:46.258,15417,15419,15419,1,1
2022-08-16 15:48:49.264,15417,15418,15417,3,-3
2022-08-16 15:48:50.636,15416,15418,15418,2,2
2022-08-16 15:49:09.916,15416,15417,15416,1,-1
2022-08-16 15:49:11.470,15416,15417,15417,1,1
2022-08-16 15:49:55.739,15416,15417,15417,1,1
2022-08-16 15:49:57.125,15417,15418,15417,1,-1
2022-08-16 15:49:58.714,15417,15418,15418,2,2
2022-08-16 15:49:58.855,15417,15418,15417,1,-1
2022-08-16 15:50:08.128,15417,15418,15418,1,1
2022-08-16 15:50:09.438,15417,15419,15417,1,-1
2022-08-16 15:50:11.592,15417,15418,15418,5,5
2022-08-16 15:50:11.592,15417,15418,15419,5,5
2022-08-16 15:50:16.870,15417,15418,15418,6,6
2022-08-16 15:50:16.870,15417,15418,15419,4,4
2022-08-16 15:50:22.150,15417,15419,15419,4,4
2022-08-16 15:50:25.407,15418,15419,15419,1,1
2022-08-16 15:50:27.983,15417,15419,15419,5,5
2022-08-16 15:51:07.102,15418,15419,15419,1,1
2022-08-16 15:51:07.102,15418,15419,15420,2,2
2022-08-16 15:51:07.276,15418,15420,15420,1,1
2022-08-16 15:51:16.383,15418,15419,15419,1,1
2022-08-16 15:51:20.187,15418,15419,15419,1,1
2022-08-16 15:51:20.187,15418,15419,15419,1,1
2022-08-16 15:51:20.207,15418,15419,15420,3,3
2022-08-16 15:51:20.208,15418,15419,15420,8,8
2022-08-16 15:51:20.209,15418,15419,15420,5,5
2022-08-16 15:51:20.209,15418,15419,15420,4,4
2022-08-16 15:51:20.209,15418,15419,15420,1,1
2022-08-16 15:51:20.210,15418,15419,15420,1,1
2022-08-16 15:51:23.117,15419,15420,15419,1,-1
2022-08-16 15:51:36.080,15419,15420,15420,1,1
2022-08-16 15:51:37.423,15419,15420,15419,2,-2
2022-08-16 15:51:40.759,15419,15420,15419,1,-1
2022-08-16 15:51:44.385,15419,15420,15419,1,-1
2022-08-16 15:51:44.744,15418,15420,15418,1,-1
2022-08-16 15:51:46.300,15418,15419,15419,1,1
2022-08-16 15:51:48.968,15419,15420,15419,1,-1
2022-08-16 15:51:56.941,15418,15420,15420,2,2
2022-08-16 15:52:00.614,15419,15420,15419,2,-2
2022-08-16 15:52:01.012,15419,15420,15420,5,5
2022-08-16 15:52:19.557,15419,15420,15420,1,1
2022-08-16 15:52:20.324,15419,15420,15420,1,1
2022-08-16 15:52:28.192,15419,15420,15419,2,-2
2022-08-16 15:52:45.315,15418,15419,15419,1,1
2022-08-16 15:52:45.353,15418,15419,15420,2,2
2022-08-16 15:52:45.354,15418,15419,15420,2,2
2022-08-16 15:52:45.354,15418,15419,15420,1,1
2022-08-16 15:52:51.123,15420,15421,15420,1,-1
2022-08-16 15:52:52.874,15420,15421,15420,2,-2
2022-08-16 15:52:56.433,15420,15421,15421,2,2
2022-08-16 15:52:58.225,15420,15421,15421,3,3
2022-08-16 15:53:05.614,15420,15421,15421,1,1
2022-08-16 15:53:14.109,15420,15421,15420,1,-1
2022-08-16 15:53:14.167,15420,15421,15420,1,-1
2022-08-16 15:53:14.167,15420,15421,15420,1,-1
2022-08-16 15:53:14.168,15420,15421,15420,2,-2
2022-08-16 15:53:14.168,15420,15421,15420,1,-1
2022-08-16 15:53:32.727,15420,15421,15421,1,1
2022-08-16 15:53:33.997,15420,15421,15420,1,-1
2022-08-16 15:53:33.997,15420,15421,15419,1,-1
2022-08-16 15:53:50.951,15418,15420,15419,1,-1
2022-08-16 15:53:51.011,15418,15420,15419,1,-1
2022-08-16 15:53:51.011,15418,15420,15420,1,1
2022-08-16 15:54:08.099,15419,15421,15420,1,1
2022-08-16 15:54:12.257,15419,15421,15420,1,1
2022-08-16 15:54:12.407,15420,15421,15421,2,2
2022-08-16 15:54:13.968,15421,15422,15422,2,2
2022-08-16 15:54:14.465,15421,15422,15422,1,1
2022-08-16 15:54:14.569,15421,15422,15422,2,2
2022-08-16 15:54:16.645,15421,15422,15422,2,2
2022-08-16 15:54:19.908,15421,15422,15422,1,1
2022-08-16 15:54:21.431,15421,15422,15421,1,-1
2022-08-16 15:54:27.489,15421,15422,15421,1,-1
2022-08-16 15:54:29.801,15420,15422,15421,1,-1
2022-08-16 15:54:31.016,15420,15422,15422,2,2
2022-08-16 15:54:40.320,15421,15422,15422,2,2
2022-08-16 15:54:43.164,15421,15422,15421,2,-2
2022-08-16 15:55:00.474,15421,15422,15422,2,2
2022-08-16 15:55:01.104,15421,15423,15423,2,2
2022-08-16 15:55:01.533,15421,15423,15423,1,1
2022-08-16 15:55:02.141,15421,15423,15423,2,2
2022-08-16 15:55:08.831,15421,15423,15423,1,1
2022-08-16 15:55:09.181,15421,15423,15423,1,1
2022-08-16 15:55:11.858,15421,15422,15422,1,1
2022-08-16 15:55:12.818,15421,15422,15422,1,1
2022-08-16 15:55:22.972,15421,15422,15422,2,2
2022-08-16 15:55:26.581,15421,15422,15422,1,1
2022-08-16 15:55:39.690,15421,15422,15422,1,1
2022-08-16 15:55:43.890,15421,15422,15421,2,-2
2022-08-16 15:55:49.592,15421,15422,15421,1,-1
2022-08-16 15:55:53.165,15421,15422,15421,2,-2
2022-08-16 15:55:55.310,15421,15422,15422,4,4
2022-08-16 15:55:56.940,15422,15423,15422,1,-1
2022-08-16 15:56:00.925,15422,15423,15422,1,-1
2022-08-16 15:56:02.490,15422,15423,15422,3,-3
2022-08-16 15:56:34.610,15422,15423,15423,1,1
2022-08-16 15:56:34.610,15422,15423,15423,4,4
2022-08-16 15:56:34.610,15422,15423,15423,1,1
2022-08-16 15:56:34.925,15423,15424,15424,1,1
2022-08-16 15:56:39.692,15423,15424,15423,1,-1
2022-08-16 15:56:46.258,15423,15424,15423,5,-5
2022-08-16 15:56:49.098,15423,15424,15424,1,1
2022-08-16 15:56:56.415,15423,15424,15424,1,1
2022-08-16 15:57:02.334,15423,15424,15424,1,1
2022-08-16 15:57:02.942,15423,15424,15423,1,-1
2022-08-16 15:57:12.741,15423,15424,15424,1,1
2022-08-16 15:57:12.741,15423,15424,15424,1,1
2022-08-16 15:57:12.741,15423,15424,15424,2,2
2022-08-16 15:57:12.741,15423,15424,15424,1,1
2022-08-16 15:57:12.741,15423,15424,15424,1,1
2022-08-16 15:57:12.812,15423,15425,15425,1,1
2022-08-16 15:57:12.840,15423,15425,15425,4,4
2022-08-16 15:57:12.844,15423,15425,15425,3,3
2022-08-16 15:57:12.845,15423,15425,15425,22,22
2022-08-16 15:57:18.402,15424,15426,15426,1,1
2022-08-16 15:57:20.035,15424,15426,15426,2,2
2022-08-16 15:57:22.398,15425,15426,15426,1,1
2022-08-16 15:57:22.450,15425,15426,15426,1,1
2022-08-16 15:57:22.709,15425,15426,15426,10,10
2022-08-16 15:57:27.396,15425,15426,15426,1,1
2022-08-16 15:57:27.919,15425,15426,15425,1,-1
2022-08-16 15:57:30.587,15425,15426,15425,1,-1
2022-08-16 15:57:32.938,15425,15426,15425,1,-1
2022-08-16 15:57:35.487,15423,15425,15425,1,1
2022-08-16 15:57:47.933,15423,15424,15423,2,-2
2022-08-16 15:57:47.933,15423,15424,15423,4,-4
2022-08-16 15:57:47.933,15423,15424,15423,2,-2
2022-08-16 15:57:51.062,15422,15423,15423,1,1
2022-08-16 15:57:51.168,15422,15423,15423,1,1
2022-08-16 15:57:54.715,15423,15424,15424,1,1
2022-08-16 15:57:55.769,15423,15424,15424,1,1
2022-08-16 15:57:56.573,15424,15425,15425,5,5
2022-08-16 15:57:56.824,15424,15425,15425,1,1
2022-08-16 15:57:58.636,15423,15425,15425,1,1
2022-08-16 15:58:02.403,15423,15424,15424,1,1
2022-08-16 15:58:02.745,15423,15424,15424,1,1
2022-08-16 15:58:04.433,15423,15424,15423,3,-3
2022-08-16 15:58:04.951,15422,15423,15423,1,1
2022-08-16 15:58:05.004,15422,15423,15423,1,1
2022-08-16 15:58:12.020,15422,15424,15423,1,1
2022-08-16 15:58:25.566,15422,15423,15423,1,1
2022-08-16 15:58:35.803,15422,15423,15422,2,-2
2022-08-16 15:58:38.820,15421,15422,15422,1,1
2022-08-16 15:58:50.927,15421,15422,15421,1,-1
2022-08-16 15:58:50.928,15421,15422,15421,1,-1
2022-08-16 15:58:54.937,15421,15422,15421,1,-1
2022-08-16 15:59:20.992,15421,15422,15421,1,-1
2022-08-16 15:59:23.755,15421,15422,15421,1,-1
2022-08-16 15:59:31.744,15421,15422,15421,1,-1
2022-08-16 15:59:44.508,15421,15422,15422,1,1
2022-08-16 15:59:44.509,15421,15422,15422,2,2
2022-08-16 15:59:49.480,15422,15423,15423,1,1
2022-08-16 15:59:49.480,15422,15423,15423,2,2
2022-08-16 15:59:52.002,15423,15424,15424,1,1
2022-08-16 15:59:52.009,15423,15424,15425,4,4
2022-08-16 15:59:55.146,15423,15425,15425,5,5
2022-08-16 16:00:03.543,15424,15425,15424,1,-1
2022-08-16 16:00:03.740,15423,15425,15425,1,1
2022-08-16 16:00:04.207,15423,15425,15423,2,-2
2022-08-16 16:00:04.240,15423,15425,15425,1,1
2022-08-16 16:00:04.240,15423,15425,15425,1,1
2022-08-16 16:00:04.681,15423,15425,15425,1,1
2022-08-16 16:00:06.784,15424,15426,15425,1,1
2022-08-16 16:00:11.635,15425,15426,15425,1,-1
2022-08-16 16:00:13.782,15424,15426,15424,2,-2
2022-08-16 16:00:19.712,15424,15425,15424,1,-1
2022-08-16 16:00:23.993,15423,15424,15423,1,-1
2022-08-16 16:00:25.691,15423,15424,15424,1,1
2022-08-16 16:00:26.485,15423,15424,15424,1,1
2022-08-16 16:00:27.559,15423,15424,15423,3,-3
2022-08-16 16:00:45.929,15422,15423,15423,1,1
2022-08-16 16:01:02.273,15422,15423,15423,1,1
2022-08-16 16:01:02.274,15422,15423,15423,2,2
2022-08-16 16:01:08.494,15423,15424,15424,1,1
2022-08-16 16:01:24.744,15423,15424,15424,1,1
2022-08-16 16:01:26.531,15423,15425,15424,1,1
2022-08-16 16:01:26.531,15423,15425,15423,2,-2
2022-08-16 16:01:28.424,15423,15425,15423,1,-1
2022-08-16 16:01:30.245,15423,15425,15424,1,-1
2022-08-16 16:01:33.276,15424,15425,15424,1,-1
2022-08-16 16:02:07.340,15424,15425,15425,1,1
2022-08-16 16:02:07.340,15424,15425,15425,4,4
2022-08-16 16:02:07.341,15424,15425,15425,1,1
2022-08-16 16:02:09.994,15425,15426,15426,1,1
2022-08-16 16:02:09.995,15425,15426,15426,2,2
2022-08-16 16:02:09.995,15425,15426,15426,1,1
2022-08-16 16:02:09.995,15425,15426,15426,3,3
2022-08-16 16:02:10.134,15425,15427,15426,6,6
2022-08-16 16:02:10.134,15425,15427,15427,21,21
2022-08-16 16:02:10.134,15425,15427,15428,1,1
2022-08-16 16:02:10.231,15426,15428,15428,5,5
2022-08-16 16:02:11.129,15427,15428,15428,1,1
2022-08-16 16:02:11.189,15427,15428,15428,1,1
2022-08-16 16:02:11.212,15427,15428,15428,1,1
2022-08-16 16:02:11.273,15427,15428,15428,1,1
2022-08-16 16:02:11.345,15427,15428,15428,1,1
2022-08-16 16:02:11.369,15427,15428,15428,1,1
2022-08-16 16:02:12.588,15427,15428,15427,1,-1
2022-08-16 16:02:12.588,15427,15428,15426,2,-2
2022-08-16 16:02:27.940,15426,15427,15426,6,-6
2022-08-16 16:02:33.113,15425,15426,15426,2,2
2022-08-16 16:02:36.011,15425,15426,15426,2,2
2022-08-16 16:02:36.833,15425,15426,15426,2,2
2022-08-16 16:02:40.115,15425,15427,15427,2,2
2022-08-16 16:02:44.526,15426,15427,15427,1,1
2022-08-16 16:02:46.057,15426,15427,15426,1,-1
2022-08-16 16:02:46.058,15426,15427,15426,1,-1
2022-08-16 16:02:46.884,15425,15426,15426,1,1
2022-08-16 16:02:50.922,15425,15426,15426,5,5
2022-08-16 16:02:53.040,15425,15426,15426,1,1
2022-08-16 16:02:59.237,15426,15427,15426,2,-2
2022-08-16 16:03:01.163,15426,15427,15426,1,-1
2022-08-16 16:03:01.223,15426,15427,15426,1,-1
2022-08-16 16:03:01.479,15426,15427,15426,2,-2
2022-08-16 16:03:05.865,15426,15427,15426,1,-1
2022-08-16 16:03:11.741,15425,15426,15426,1,1
2022-08-16 16:03:25.924,15425,15426,15426,3,3
2022-08-16 16:03:26.227,15425,15426,15426,1,1
2022-08-16 16:03:34.334,15425,15426,15425,2,-2
2022-08-16 16:03:39.680,15425,15426,15425,1,-1
2022-08-16 16:03:40.152,15425,15426,15425,1,-1
2022-08-16 16:03:41.296,15425,15426,15426,13,13
2022-08-16 16:03:41.935,15426,15427,15426,1,-1
2022-08-16 16:03:42.318,15425,15427,15425,1,-1
2022-08-16 16:03:45.279,15425,15426,15425,2,-2
2022-08-16 16:03:52.572,15425,15426,15425,1,-1
2022-08-16 16:03:56.992,15424,15425,15424,1,-1
2022-08-16 16:04:00.045,15424,15425,15424,2,-2
2022-08-16 16:04:07.581,15423,15425,15423,1,-1
2022-08-16 16:04:08.114,15423,15425,15425,1,1
2022-08-16 16:04:10.486,15423,15424,15424,1,1
2022-08-16 16:04:22.255,15424,15425,15425,1,1
2022-08-16 16:04:23.754,15424,15425,15424,4,-4
2022-08-16 16:04:39.550,15424,15425,15425,1,1
2022-08-16 16:04:39.550,15424,15425,15426,7,7
2022-08-16 16:04:40.286,15425,15426,15425,4,-4
2022-08-16 16:04:59.625,15425,15426,15425,1,-1
2022-08-16 16:04:59.883,15424,15425,15425,1,1
2022-08-16 16:05:03.614,15424,15425,15425,2,2
2022-08-16 16:05:03.945,15424,15425,15425,1,1
2022-08-16 16:05:04.145,15424,15426,15426,1,1
2022-08-16 16:05:09.074,15424,15425,15424,5,-5
2022-08-16 16:05:10.656,15423,15424,15423,2,-2
2022-08-16 16:05:10.809,15422,15423,15423,1,1
2022-08-16 16:05:22.282,15422,15424,15422,2,-2
2022-08-16 16:05:37.096,15422,15423,15422,1,-1
2022-08-16 16:05:37.553,15422,15423,15422,1,-1
2022-08-16 16:05:41.913,15422,15423,15423,1,1
2022-08-16 16:05:48.805,15423,15424,15424,1,1
2022-08-16 16:05:56.827,15423,15424,15424,1,1
2022-08-16 16:06:11.711,15423,15424,15424,1,1
2022-08-16 16:06:11.937,15423,15424,15424,1,1
2022-08-16 16:06:28.524,15423,15424,15424,1,1
2022-08-16 16:06:35.241,15423,15424,15423,1,-1
2022-08-16 16:06:35.242,15423,15424,15423,1,-1
2022-08-16 16:06:44.047,15422,15423,15422,5,-5
2022-08-16 16:06:44.047,15422,15423,15421,5,-5
2022-08-16 16:06:44.551,15421,15423,15421,1,-1
2022-08-16 16:06:47.850,15421,15423,15423,1,1
2022-08-16 16:06:47.960,15421,15423,15423,1,1
2022-08-16 16:06:52.579,15421,15423,15421,1,-1
2022-08-16 16:07:18.263,15421,15422,15422,1,1
2022-08-16 16:07:29.951,15421,15422,15422,1,1
2022-08-16 16:07:30.184,15421,15422,15422,1,1
2022-08-16 16:07:52.074,15422,15423,15423,1,1
2022-08-16 16:07:52.075,15422,15423,15423,1,1
2022-08-16 16:08:01.842,15423,15424,15423,1,-1
2022-08-16 16:08:09.370,15422,15423,15423,1,1
2022-08-16 16:08:11.773,15423,15424,15423,1,-1
2022-08-16 16:08:28.804,15422,15423,15423,1,1
2022-08-16 16:08:34.101,15423,15424,15424,4,4
2022-08-16 16:08:35.256,15424,15425,15424,1,-1
2022-08-16 16:08:44.850,15424,15425,15424,1,-1
2022-08-16 16:08:45.697,15424,15425,15425,5,5
2022-08-16 16:08:45.700,15424,15425,15426,5,5
2022-08-16 16:08:46.044,15425,15427,15427,1,1
2022-08-16 16:08:51.964,15427,15428,15428,6,6
2022-08-16 16:08:53.190,15428,15429,15429,1,1
2022-08-16 16:08:53.190,15428,15429,15429,4,4
2022-08-16 16:08:53.190,15428,15429,15429,1,1
2022-08-16 16:08:53.192,15428,15429,15430,3,3
2022-08-16 16:08:53.192,15428,15429,15430,2,2
2022-08-16 16:08:53.192,15428,15429,15430,1,1
2022-08-16 16:08:53.206,15428,15429,15430,3,3
2022-08-16 16:08:53.344,15429,15430,15430,2,2
2022-08-16 16:08:53.348,15429,15430,15431,1,1
2022-08-16 16:08:53.365,15429,15430,15431,2,2
2022-08-16 16:08:53.407,15429,15430,15429,1,-1
2022-08-16 16:08:53.469,15429,15431,15431,5,5
2022-08-16 16:08:53.566,15429,15431,15431,4,4
2022-08-16 16:08:53.567,15429,15431,15431,2,2
2022-08-16 16:08:55.194,15429,15431,15429,1,-1
2022-08-16 16:08:55.353,15429,15431,15429,1,-1
2022-08-16 16:08:59.285,15430,15431,15430,1,-1
2022-08-16 16:09:01.631,15429,15431,15429,5,-5
2022-08-16 16:09:03.282,15430,15431,15430,1,-1
2022-08-16 16:09:04.483,15430,15431,15430,1,-1
2022-08-16 16:09:06.634,15430,15431,15430,1,-1
2022-08-16 16:09:08.081,15430,15431,15431,1,1
2022-08-16 16:09:09.228,15430,15431,15431,1,1
2022-08-16 16:09:10.466,15431,15432,15431,3,-3
2022-08-16 16:09:10.584,15431,15432,15432,5,5
2022-08-16 16:09:10.912,15431,15432,15432,5,5
2022-08-16 16:09:12.350,15432,15433,15433,11,11
2022-08-16 16:09:12.351,15432,15433,15433,13,13
2022-08-16 16:09:12.351,15432,15433,15434,15,15
2022-08-16 16:09:12.353,15432,15433,15434,1,1
2022-08-16 16:09:12.387,15432,15433,15435,13,13
2022-08-16 16:09:12.442,15434,15436,15436,13,13
2022-08-16 16:09:12.442,15434,15436,15437,1,1
2022-08-16 16:09:12.501,15434,15436,15436,1,1
2022-08-16 16:09:12.572,15434,15436,15436,1,1
2022-08-16 16:09:12.587,15434,15436,15436,1,1
2022-08-16 16:09:12.595,15434,15436,15436,1,1
2022-08-16 16:09:12.754,15435,15436,15436,2,2
2022-08-16 16:09:12.763,15435,15436,15436,1,1
2022-08-16 16:09:12.764,15435,15436,15436,1,1
2022-08-16 16:09:14.030,15433,15435,15435,1,1
2022-08-16 16:09:14.658,15433,15435,15435,1,1
2022-08-16 16:09:15.326,15433,15434,15434,3,3
2022-08-16 16:09:17.475,15433,15435,15433,1,-1
2022-08-16 16:09:19.752,15433,15434,15434,1,1
2022-08-16 16:09:20.462,15433,15434,15433,1,-1
2022-08-16 16:09:23.553,15432,15433,15433,1,1
2022-08-16 16:09:24.966,15431,15433,15433,1,1
2022-08-16 16:09:25.017,15431,15433,15433,1,1
2022-08-16 16:09:26.467,15431,15433,15433,1,1
2022-08-16 16:09:30.009,15431,15433,15433,2,2
2022-08-16 16:09:31.220,15432,15433,15433,4,4
2022-08-16 16:09:31.425,15432,15433,15433,4,4
2022-08-16 16:09:32.388,15432,15433,15433,1,1
2022-08-16 16:09:37.732,15432,15433,15432,4,-4
2022-08-16 16:09:40.930,15432,15433,15433,1,1
2022-08-16 16:09:41.159,15432,15433,15433,1,1
2022-08-16 16:09:41.161,15432,15433,15433,1,1
2022-08-16 16:09:41.161,15432,15433,15433,1,1
2022-08-16 16:09:41.996,15433,15434,15433,1,-1
2022-08-16 16:09:43.824,15433,15434,15433,1,-1
2022-08-16 16:09:43.875,15433,15434,15434,11,11
2022-08-16 16:09:43.875,15433,15434,15435,17,17
2022-08-16 16:09:43.875,15433,15434,15436,4,4
2022-08-16 16:09:43.889,15433,15434,15435,1,1
2022-08-16 16:09:43.889,15433,15434,15435,2,2
2022-08-16 16:09:47.684,15434,15436,15435,1,1
2022-08-16 16:09:48.738,15435,15436,15435,1,-1
2022-08-16 16:09:51.284,15433,15435,15435,1,1
2022-08-16 16:09:53.635,15434,15435,15434,6,-6
2022-08-16 16:09:54.031,15433,15434,15434,1,1
2022-08-16 16:09:55.551,15433,15434,15434,1,1
2022-08-16 16:09:55.568,15433,15434,15434,1,1
2022-08-16 16:09:56.329,15433,15434,15434,1,1
2022-08-16 16:09:56.571,15433,15434,15434,1,1
2022-08-16 16:09:56.593,15433,15434,15434,1,1
2022-08-16 16:09:56.686,15434,15435,15435,1,1
2022-08-16 16:09:56.925,15433,15435,15435,1,1
2022-08-16 16:09:57.924,15434,15435,15434,2,-2
2022-08-16 16:10:00.841,15434,15435,15435,2,2
2022-08-16 16:10:00.842,15434,15435,15435,1,1
2022-08-16 16:10:03.515,15435,15436,15435,1,-1
2022-08-16 16:10:03.912,15435,15436,15436,1,1
2022-08-16 16:10:05.306,15435,15436,15435,1,-1
2022-08-16 16:10:07.623,15434,15435,15435,1,1
2022-08-16 16:10:11.747,15435,15436,15435,2,-2
2022-08-16 16:10:12.089,15434,15435,15435,1,1
2022-08-16 16:10:18.540,15434,15435,15435,1,1
2022-08-16 16:10:22.983,15434,15435,15435,3,3
2022-08-16 16:10:27.869,15434,15435,15434,1,-1
2022-08-16 16:10:32.909,15434,15435,15434,1,-1
2022-08-16 16:10:37.379,15434,15435,15434,1,-1
2022-08-16 16:10:38.416,15434,15435,15434,2,-2
2022-08-16 16:10:38.417,15434,15435,15434,1,-1
2022-08-16 16:10:38.417,15434,15435,15434,2,-2
2022-08-16 16:10:41.659,15433,15434,15433,1,-1
2022-08-16 16:10:49.896,15432,15434,15434,1,1
2022-08-16 16:10:57.697,15432,15433,15433,1,1
2022-08-16 16:11:04.505,15432,15433,15433,1,1
2022-08-16 16:11:04.731,15432,15434,15434,1,1
2022-08-16 16:11:15.710,15433,15434,15433,1,-1
2022-08-16 16:11:15.710,15433,15434,15432,1,-1
2022-08-16 16:11:17.506,15432,15433,15433,1,1
2022-08-16 16:11:21.278,15432,15433,15433,1,1
2022-08-16 16:11:35.518,15432,15433,15433,1,1
2022-08-16 16:11:40.357,15433,15434,15433,1,-1
2022-08-16 16:11:40.357,15433,15434,15434,6,6
2022-08-16 16:11:46.438,15434,15435,15434,1,-1
2022-08-16 16:11:47.423,15433,15435,15435,1,1
2022-08-16 16:11:54.489,15434,15435,15435,1,1
2022-08-16 16:11:54.489,15434,15435,15435,8,8
2022-08-16 16:11:54.591,15435,15436,15435,2,-2
2022-08-16 16:11:54.660,15435,15436,15435,1,-1
2022-08-16 16:11:55.171,15434,15435,15435,2,2
2022-08-16 16:12:01.410,15435,15436,15436,5,5
2022-08-16 16:12:01.802,15435,15436,15436,1,1
2022-08-16 16:12:02.430,15435,15436,15436,2,2
2022-08-16 16:12:02.431,15435,15436,15436,5,5
2022-08-16 16:12:07.333,15434,15435,15435,1,1
2022-08-16 16:12:07.333,15434,15435,15436,1,1
2022-08-16 16:12:07.452,15434,15436,15436,1,1
2022-08-16 16:12:11.358,15433,15435,15435,1,1
2022-08-16 16:12:16.499,15435,15436,15435,1,-1
2022-08-16 16:12:40.781,15434,15435,15434,4,-4
2022-08-16 16:12:49.399,15433,15434,15433,2,-2
2022-08-16 16:12:55.876,15432,15433,15433,1,1
2022-08-16 16:13:03.300,15432,15433,15432,1,-1
2022-08-16 16:13:07.338,15432,15433,15433,4,4
2022-08-16 16:13:15.979,15433,15434,15434,1,1
2022-08-16 16:13:16.243,15433,15434,15434,1,1
2022-08-16 16:13:19.717,15433,15434,15433,1,-1
2022-08-16 16:13:24.583,15433,15434,15434,1,1
2022-08-16 16:13:24.597,15433,15434,15435,3,3
2022-08-16 16:13:42.913,15433,15434,15433,2,-2
2022-08-16 16:13:46.347,15433,15434,15434,1,1
2022-08-16 16:13:57.519,15433,15434,15434,1,1
2022-08-16 16:14:07.777,15433,15434,15433,1,-1
2022-08-16 16:14:07.777,15433,15434,15433,6,-6
2022-08-16 16:14:13.902,15433,15434,15433,1,-1
2022-08-16 16:14:28.909,15432,15433,15432,1,-1
2022-08-16 16:14:32.630,15432,15433,15432,1,-1
2022-08-16 16:14:36.050,15432,15433,15432,1,-1
2022-08-16 16:14:49.156,15432,15433,15432,1,-1
2022-08-16 16:15:16.965,15431,15432,15432,1,1
2022-08-16 16:15:17.507,15432,15433,15433,1,1
2022-08-16 16:15:26.264,15432,15433,15433,1,1
2022-08-16 16:15:33.257,15432,15433,15432,1,-1
2022-08-16 16:15:38.597,15431,15432,15432,1,1
2022-08-16 16:15:41.767,15431,15432,15432,1,1
2022-08-16 16:15:43.459,15431,15432,15431,1,-1
2022-08-16 16:15:43.901,15431,15432,15432,1,1
2022-08-16 16:15:47.802,15431,15432,15432,2,2
2022-08-16 16:15:47.803,15431,15432,15432,2,2
2022-08-16 16:15:56.129,15432,15433,15432,1,-1
2022-08-16 16:16:17.385,15432,15433,15432,1,-1
2022-08-16 16:16:17.386,15432,15433,15432,1,-1
2022-08-16 16:16:17.386,15432,15433,15432,1,-1
2022-08-16 16:16:19.177,15431,15432,15432,1,1
2022-08-16 16:16:20.865,15431,15432,15431,1,-1
2022-08-16 16:16:23.655,15431,15432,15431,1,-1
2022-08-16 16:16:24.476,15431,15433,15431,1,-1
2022-08-16 16:16:40.054,15431,15432,15431,1,-1
2022-08-16 16:16:46.092,15431,15432,15432,1,1
2022-08-16 16:16:46.093,15431,15432,15432,2,2
2022-08-16 16:16:46.213,15432,15433,15433,1,1
2022-08-16 16:16:46.496,15432,15433,15433,4,4
2022-08-16 16:16:46.496,15432,15433,15434,1,1
2022-08-16 16:16:49.496,15432,15434,15434,1,1
2022-08-16 16:16:58.047,15431,15433,15433,1,1
2022-08-16 16:17:15.285,15431,15432,15432,1,1
2022-08-16 16:17:18.079,15431,15433,15433,1,1
2022-08-16 16:17:24.090,15432,15433,15432,1,-1
2022-08-16 16:17:28.725,15432,15433,15432,1,-1
2022-08-16 16:17:39.052,15431,15432,15431,1,-1
2022-08-16 16:17:39.262,15430,15431,15431,1,1
2022-08-16 16:17:44.316,15430,15431,15430,2,-2
2022-08-16 16:17:47.978,15430,15431,15430,1,-1
2022-08-16 16:17:47.979,15430,15431,15430,1,-1
2022-08-16 16:17:47.979,15430,15431,15430,1,-1
2022-08-16 16:17:47.979,15430,15431,15430,1,-1
2022-08-16 16:17:47.979,15430,15431,15430,1,-1
2022-08-16 16:17:47.979,15430,15431,15430,1,-1
2022-08-16 16:17:51.928,15429,15430,15429,2,-2
2022-08-16 16:17:56.483,15429,15430,15429,1,-1
2022-08-16 16:17:57.674,15429,15430,15430,1,1
2022-08-16 16:18:00.091,15429,15430,15429,1,-1
2022-08-16 16:18:01.593,15429,15430,15429,1,-1
2022-08-16 16:18:11.023,15429,15430,15429,1,-1
2022-08-16 16:18:14.985,15429,15430,15429,1,-1
2022-08-16 16:18:35.234,15429,15430,15430,1,1
2022-08-16 16:18:40.432,15429,15430,15430,1,1
2022-08-16 16:18:50.536,15429,15430,15429,1,-1
2022-08-16 16:19:00.723,15429,15430,15429,1,-1
2022-08-16 16:19:10.380,15429,15430,15429,1,-1
2022-08-16 16:19:14.999,15429,15430,15429,6,-6
2022-08-16 16:19:30.945,15428,15429,15429,1,1
2022-08-16 16:19:42.409,15428,15429,15429,2,2
2022-08-16 16:20:05.885,15428,15429,15429,4,4
2022-08-16 16:20:28.421,15429,15430,15430,3,3
2022-08-16 16:20:45.591,15428,15429,15429,2,2
2022-08-16 16:20:48.451,15428,15429,15429,1,1
2022-08-16 16:21:06.581,15428,15429,15429,2,2
2022-08-16 16:21:19.877,15428,15429,15428,2,-2
2022-08-16 16:21:20.072,15428,15429,15428,1,-1
2022-08-16 16:21:20.092,15428,15429,15428,2,-2
2022-08-16 16:21:32.619,15428,15429,15428,1,-1
2022-08-16 16:21:39.023,15428,15429,15428,1,-1
2022-08-16 16:21:40.316,15428,15429,15428,6,-6
2022-08-16 16:21:48.166,15427,15429,15427,5,-5
2022-08-16 16:22:03.915,15427,15428,15428,1,1
2022-08-16 16:22:03.916,15427,15428,15428,2,2
2022-08-16 16:22:07.653,15427,15428,15428,1,1
2022-08-16 16:22:09.384,15428,15429,15428,1,-1
2022-08-16 16:22:29.437,15428,15429,15429,4,4
2022-08-16 16:23:02.412,15428,15429,15429,1,1
2022-08-16 16:23:10.247,15428,15429,15428,2,-2
2022-08-16 16:23:14.097,15428,15429,15428,4,-4
2022-08-16 16:23:24.640,15427,15428,15427,1,-1
2022-08-16 16:23:27.759,15427,15428,15427,1,-1
2022-08-16 16:23:30.972,15427,15428,15427,1,-1
2022-08-16 16:23:38.851,15427,15428,15427,1,-1
2022-08-16 16:23:41.424,15427,15428,15427,1,-1
2022-08-16 16:23:42.244,15427,15428,15427,1,-1
2022-08-16 16:23:45.490,15427,15428,15427,1,-1
2022-08-16 16:23:47.260,15426,15428,15427,2,-2
2022-08-16 16:24:15.390,15427,15428,15428,1,1
2022-08-16 16:24:15.390,15427,15428,15428,1,1
2022-08-16 16:24:16.926,15428,15429,15428,1,-1
2022-08-16 16:24:24.255,15428,15429,15428,1,-1
2022-08-16 16:24:28.977,15428,15429,15429,1,1
2022-08-16 16:24:28.978,15428,15429,15429,2,2
2022-08-16 16:24:28.978,15428,15429,15429,1,1
2022-08-16 16:24:30.209,15429,15430,15429,1,-1
2022-08-16 16:24:30.388,15428,15430,15429,1,-1
2022-08-16 16:25:04.017,15429,15430,15430,2,2
2022-08-16 16:25:04.017,15429,15430,15430,3,3
2022-08-16 16:25:04.017,15429,15430,15430,1,1
2022-08-16 16:25:04.017,15429,15430,15430,8,8
2022-08-16 16:25:04.017,15429,15430,15430,1,1
2022-08-16 16:25:12.599,15430,15432,15432,1,1
2022-08-16 16:25:18.295,15431,15432,15432,1,1
2022-08-16 16:25:22.063,15431,15432,15432,1,1
2022-08-16 16:25:23.467,15431,15432,15432,4,4
2022-08-16 16:25:24.968,15432,15433,15432,2,-2
2022-08-16 16:25:27.539,15431,15433,15433,1,1
2022-08-16 16:25:27.570,15431,15433,15433,2,2
2022-08-16 16:25:30.049,15431,15432,15432,3,3
2022-08-16 16:25:30.049,15431,15432,15433,1,1
2022-08-16 16:25:31.115,15431,15433,15433,11,11
2022-08-16 16:25:31.115,15431,15433,15434,18,18
2022-08-16 16:25:31.117,15431,15433,15434,21,21
2022-08-16 16:25:31.118,15431,15433,15434,1,1
2022-08-16 16:25:41.684,15433,15434,15433,1,-1
2022-08-16 16:25:42.589,15433,15434,15434,1,1
2022-08-16 16:25:50.627,15433,15434,15433,1,-1
2022-08-16 16:25:53.804,15433,15434,15434,4,4
2022-08-16 16:25:54.378,15433,15434,15434,7,7
2022-08-16 16:25:54.379,15433,15434,15435,7,7
2022-08-16 16:25:55.009,15434,15435,15434,1,-1
2022-08-16 16:26:02.504,15434,15435,15434,1,-1
2022-08-16 16:26:03.763,15434,15435,15435,1,1
2022-08-16 16:26:03.772,15434,15435,15435,1,1
2022-08-16 16:26:06.076,15434,15435,15435,1,1
2022-08-16 16:26:09.717,15434,15435,15434,1,-1
2022-08-16 16:26:09.717,15434,15435,15434,3,-3
2022-08-16 16:26:09.717,15434,15435,15434,2,-2
2022-08-16 16:26:09.717,15434,15435,15434,1,-1
2022-08-16 16:26:09.718,15434,15435,15434,3,-3
2022-08-16 16:26:09.718,15434,15435,15434,5,-5
2022-08-16 16:26:09.718,15434,15435,15434,4,-4
2022-08-16 16:26:09.718,15434,15435,15434,11,-11
2022-08-16 16:26:09.718,15434,15435,15434,1,-1
2022-08-16 16:26:09.718,15434,15435,15434,2,-2
2022-08-16 16:26:09.718,15434,15435,15434,10,-10
2022-08-16 16:26:09.784,15434,15435,15432,6,-6
2022-08-16 16:26:09.784,15434,15435,15432,2,-2
2022-08-16 16:26:09.785,15434,15435,15432,2,-2
2022-08-16 16:26:37.992,15432,15433,15433,1,1
2022-08-16 16:26:47.526,15432,15433,15433,2,2
2022-08-16 16:26:54.870,15432,15434,15433,1,1
2022-08-16 16:27:01.250,15432,15433,15433,1,1
2022-08-16 16:27:02.131,15433,15434,15434,1,1
2022-08-16 16:27:36.037,15434,15435,15434,3,-3
2022-08-16 16:27:39.929,15434,15435,15435,3,3
2022-08-16 16:27:39.937,15434,15435,15435,1,1
2022-08-16 16:27:39.937,15434,15435,15435,1,1
2022-08-16 16:27:39.937,15434,15435,15435,1,1
2022-08-16 16:27:40.196,15434,15435,15435,2,2
2022-08-16 16:27:40.338,15434,15435,15435,1,1
2022-08-16 16:27:40.465,15434,15435,15435,2,2
2022-08-16 16:27:42.272,15434,15436,15436,4,4
2022-08-16 16:27:42.340,15434,15436,15436,1,1
2022-08-16 16:27:44.090,15435,15436,15435,1,-1
2022-08-16 16:27:49.022,15435,15436,15436,12,12
2022-08-16 16:27:49.062,15435,15437,15437,1,1
2022-08-16 16:27:49.063,15435,15437,15437,1,1
2022-08-16 16:27:49.212,15435,15437,15437,1,1
2022-08-16 16:27:49.429,15435,15437,15437,1,1
2022-08-16 16:27:50.308,15435,15437,15435,1,-1
2022-08-16 16:27:51.238,15435,15437,15437,3,3
2022-08-16 16:27:52.431,15435,15437,15435,1,-1
2022-08-16 16:28:00.832,15436,15437,15437,3,3
2022-08-16 16:28:00.944,15437,15438,15437,1,-1
2022-08-16 16:28:01.316,15437,15438,15437,1,-1
2022-08-16 16:28:01.433,15437,15438,15438,1,1
2022-08-16 16:28:01.469,15437,15438,15438,2,2
2022-08-16 16:28:01.469,15437,15438,15438,3,3
2022-08-16 16:28:01.474,15437,15438,15439,3,3
2022-08-16 16:28:01.601,15437,15439,15438,1,1
2022-08-16 16:28:01.601,15437,15439,15439,5,5
2022-08-16 16:28:01.605,15437,15439,15439,6,6
2022-08-16 16:28:01.640,15437,15439,15439,5,5
2022-08-16 16:28:01.641,15437,15439,15439,1,1
2022-08-16 16:28:01.687,15438,15439,15439,1,1
2022-08-16 16:28:01.919,15438,15439,15438,1,-1
2022-08-16 16:28:02.286,15438,15439,15439,1,1
2022-08-16 16:28:02.811,15438,15439,15438,1,-1
2022-08-16 16:28:08.440,15437,15438,15437,1,-1
2022-08-16 16:28:13.187,15437,15438,15438,1,1
2022-08-16 16:28:13.187,15437,15438,15438,1,1
2022-08-16 16:28:13.187,15437,15438,15438,2,2
2022-08-16 16:28:13.752,15437,15439,15437,1,-1
2022-08-16 16:28:25.098,15438,15439,15439,1,1
2022-08-16 16:28:29.802,15438,15439,15438,1,-1
2022-08-16 16:28:32.492,15438,15439,15438,1,-1
2022-08-16 16:28:32.760,15438,15439,15439,2,2
2022-08-16 16:28:33.232,15438,15439,15439,1,1
2022-08-16 16:28:38.260,15438,15439,15439,1,1
2022-08-16 16:28:41.064,15438,15439,15438,1,-1
2022-08-16 16:28:42.647,15438,15439,15439,1,1
2022-08-16 16:28:44.351,15438,15439,15439,1,1
2022-08-16 16:28:44.745,15438,15439,15439,1,1
2022-08-16 16:28:45.777,15438,15439,15439,1,1
2022-08-16 16:28:46.091,15438,15439,15438,1,-1
2022-08-16 16:28:46.258,15438,15439,15439,1,1
2022-08-16 16:28:49.550,15437,15438,15437,1,-1
2022-08-16 16:28:54.469,15436,15438,15436,4,-4
2022-08-16 16:29:04.288,15436,15438,15436,1,-1
2022-08-16 16:29:21.149,15435,15436,15435,1,-1
2022-08-16 16:29:26.006,15435,15436,15435,3,-3
2022-08-16 16:29:26.007,15435,15436,15435,1,-1
2022-08-16 16:29:26.600,15434,15435,15435,2,2
2022-08-16 16:29:43.556,15435,15436,15435,2,-2
2022-08-16 16:29:55.390,15435,15436,15436,1,1
2022-08-16 16:29:56.297,15435,15436,15435,1,-1
2022-08-16 16:29:59.293,15435,15436,15436,2,2
2022-08-16 16:30:03.027,15435,15436,15436,2,2
2022-08-16 16:30:03.467,15435,15436,15436,5,5
2022-08-16 16:30:03.467,15435,15436,15437,3,3
2022-08-16 16:30:04.219,15435,15436,15436,1,1
2022-08-16 16:30:07.625,15435,15436,15436,1,1
2022-08-16 16:30:11.056,15435,15436,15436,5,5
2022-08-16 16:30:11.208,15435,15436,15436,5,5
2022-08-16 16:30:14.607,15435,15436,15436,1,1
2022-08-16 16:30:28.847,15435,15436,15436,2,2
2022-08-16 16:30:28.883,15435,15436,15435,1,-1
2022-08-16 16:30:28.883,15435,15436,15435,1,-1
2022-08-16 16:30:28.883,15435,15436,15435,2,-2
2022-08-16 16:30:28.896,15435,15436,15435,14,-14
2022-08-16 16:30:28.967,15434,15435,15434,1,-1
2022-08-16 16:30:35.200,15435,15436,15435,2,-2
2022-08-16 16:30:41.441,15435,15436,15435,3,-3
2022-08-16 16:30:41.441,15435,15436,15434,1,-1
2022-08-16 16:30:49.757,15435,15436,15435,1,-1
2022-08-16 16:30:53.585,15434,15435,15435,2,2
2022-08-16 16:31:09.170,15435,15436,15435,1,-1
2022-08-16 16:31:18.614,15435,15436,15436,1,1
2022-08-16 16:31:26.252,15435,15436,15436,1,1
2022-08-16 16:31:26.253,15435,15436,15436,3,3
2022-08-16 16:31:27.673,15436,15437,15436,1,-1
2022-08-16 16:31:27.688,15436,15437,15437,1,1
2022-08-16 16:31:27.693,15436,15437,15437,1,1
2022-08-16 16:31:27.693,15436,15437,15437,1,1
2022-08-16 16:31:29.006,15436,15438,15438,5,5
2022-08-16 16:31:31.495,15437,15439,15439,1,1
2022-08-16 16:31:31.823,15437,15439,15439,1,1
2022-08-16 16:31:31.839,15437,15439,15439,1,1
2022-08-16 16:31:31.839,15437,15439,15439,1,1
2022-08-16 16:31:31.844,15437,15439,15439,1,1
2022-08-16 16:31:32.215,15438,15440,15440,1,1
2022-08-16 16:31:32.346,15438,15440,15440,1,1
2022-08-16 16:31:32.568,15438,15440,15440,1,1
2022-08-16 16:31:35.467,15439,15440,15439,2,-2
2022-08-16 16:31:35.467,15439,15440,15438,8,-8
2022-08-16 16:31:51.895,15437,15438,15437,3,-3
2022-08-16 16:31:59.343,15436,15437,15436,2,-2
2022-08-16 16:32:00.680,15435,15436,15436,1,1
2022-08-16 16:32:01.723,15435,15436,15435,2,-2
2022-08-16 16:32:02.525,15435,15436,15436,1,1
2022-08-16 16:32:02.726,15435,15436,15436,1,1
2022-08-16 16:32:04.023,15435,15436,15436,1,1
2022-08-16 16:32:11.112,15435,15436,15435,1,-1
2022-08-16 16:32:15.351,15434,15435,15434,1,-1
2022-08-16 16:32:20.274,15434,15436,15434,1,-1
2022-08-16 16:32:23.481,15434,15436,15434,1,-1
2022-08-16 16:32:25.716,15434,15435,15434,1,-1
2022-08-16 16:32:26.136,15434,15435,15434,1,-1
2022-08-16 16:32:28.887,15434,15435,15434,1,-1
2022-08-16 16:32:29.833,15434,15435,15435,1,1
2022-08-16 16:32:31.770,15434,15435,15434,1,-1
2022-08-16 16:32:34.674,15434,15435,15434,1,-1
2022-08-16 16:32:36.651,15434,15435,15435,1,1
2022-08-16 16:32:51.487,15434,15435,15434,1,-1
2022-08-16 16:33:02.502,15434,15435,15434,1,-1
2022-08-16 16:33:02.503,15434,15435,15434,1,-1
2022-08-16 16:33:02.851,15434,15435,15434,1,-1
2022-08-16 16:33:16.964,15434,15435,15434,2,-2
2022-08-16 16:33:20.916,15434,15435,15434,1,-1
2022-08-16 16:33:27.307,15433,15434,15434,1,1
2022-08-16 16:33:43.158,15434,15435,15434,1,-1
2022-08-16 16:34:01.566,15434,15435,15435,1,1
2022-08-16 16:34:01.566,15434,15435,15435,2,2
2022-08-16 16:34:01.566,15434,15435,15435,1,1
2022-08-16 16:34:01.566,15434,15435,15435,5,5
2022-08-16 16:34:01.566,15434,15435,15435,1,1
2022-08-16 16:34:01.567,15434,15435,15435,4,4
2022-08-16 16:34:01.567,15434,15435,15435,1,1
2022-08-16 16:34:02.678,15435,15436,15436,2,2
2022-08-16 16:34:08.262,15436,15437,15436,3,-3
2022-08-16 16:34:09.141,15436,15437,15436,1,-1
2022-08-16 16:34:23.406,15436,15437,15436,2,-2
2022-08-16 16:34:26.323,15436,15437,15436,1,-1
2022-08-16 16:34:30.542,15436,15437,15437,1,1
2022-08-16 16:34:32.994,15436,15437,15437,9,9
2022-08-16 16:34:40.445,15436,15437,15437,1,1
2022-08-16 16:35:23.922,15437,15438,15438,6,6
2022-08-16 16:35:23.922,15437,15438,15438,1,1
2022-08-16 16:35:24.329,15438,15439,15439,1,1
2022-08-16 16:35:25.860,15438,15439,15438,1,-1
2022-08-16 16:35:28.051,15438,15439,15438,3,-3
2022-08-16 16:35:41.506,15438,15439,15439,5,5
2022-08-16 16:35:41.563,15439,15440,15440,4,4
2022-08-16 16:35:41.563,15439,15440,15440,1,1
2022-08-16 16:35:41.563,15439,15440,15440,1,1
2022-08-16 16:35:41.563,15439,15440,15440,24,24
2022-08-16 16:35:42.425,15439,15441,15439,2,-2
2022-08-16 16:35:43.173,15439,15441,15439,1,-1
2022-08-16 16:35:44.399,15439,15441,15439,1,-1
2022-08-16 16:35:48.083,15439,15440,15440,1,1
2022-08-16 16:35:50.336,15440,15441,15441,1,1
2022-08-16 16:35:50.445,15440,15441,15441,2,2
2022-08-16 16:35:51.150,15440,15441,15441,1,1
2022-08-16 16:35:51.151,15440,15441,15441,5,5
2022-08-16 16:35:51.173,15440,15441,15440,1,-1
2022-08-16 16:35:55.293,15440,15442,15442,1,1
2022-08-16 16:35:55.448,15441,15442,15441,1,-1
2022-08-16 16:36:02.370,15441,15442,15441,1,-1
2022-08-16 16:36:02.439,15440,15442,15442,1,1
2022-08-16 16:36:02.439,15440,15442,15442,1,1
2022-08-16 16:36:02.439,15440,15442,15442,1,1
2022-08-16 16:36:02.439,15440,15442,15442,1,1
2022-08-16 16:36:02.634,15440,15442,15442,1,1
2022-08-16 16:36:08.232,15441,15442,15442,13,13
2022-08-16 16:36:11.325,15442,15443,15442,1,-1
2022-08-16 16:36:12.876,15442,15443,15442,1,-1
2022-08-16 16:36:12.936,15442,15443,15442,1,-1
2022-08-16 16:36:13.556,15441,15442,15442,1,1
2022-08-16 16:36:17.351,15441,15442,15442,1,1
2022-08-16 16:36:17.810,15441,15442,15441,1,-1
2022-08-16 16:36:22.936,15441,15442,15441,1,-1
2022-08-16 16:36:23.063,15441,15442,15442,1,1
2022-08-16 16:36:32.519,15441,15442,15442,1,1
2022-08-16 16:36:34.135,15441,15442,15442,1,1
2022-08-16 16:36:37.165,15441,15442,15442,1,1
2022-08-16 16:36:37.248,15441,15442,15442,1,1
2022-08-16 16:36:38.871,15441,15442,15442,1,1
2022-08-16 16:36:38.871,15441,15442,15442,2,2
2022-08-16 16:36:39.327,15441,15443,15443,1,1
2022-08-16 16:36:39.533,15441,15443,15443,1,1
2022-08-16 16:36:39.624,15441,15443,15443,2,2
2022-08-16 16:36:40.411,15441,15443,15443,2,2
2022-08-16 16:36:47.966,15441,15443,15443,2,2
2022-08-16 16:36:49.160,15441,15443,15443,3,3
2022-08-16 16:36:49.649,15441,15443,15443,2,2
2022-08-16 16:36:55.520,15441,15442,15442,1,1
2022-08-16 16:37:05.038,15442,15443,15442,1,-1
2022-08-16 16:37:05.063,15442,15443,15443,1,1
2022-08-16 16:37:05.063,15442,15443,15443,1,1
2022-08-16 16:37:09.050,15442,15443,15443,2,2
2022-08-16 16:37:09.050,15442,15443,15443,3,3
2022-08-16 16:37:09.050,15442,15443,15443,1,1
2022-08-16 16:37:10.947,15442,15444,15444,2,2
2022-08-16 16:37:11.623,15443,15444,15444,3,3
2022-08-16 16:37:17.747,15443,15444,15444,1,1
2022-08-16 16:37:19.991,15443,15444,15444,1,1
2022-08-16 16:37:20.062,15443,15444,15444,1,1
2022-08-16 16:37:25.711,15443,15444,15443,2,-2
2022-08-16 16:37:26.162,15443,15444,15443,1,-1
2022-08-16 16:37:26.313,15443,15444,15444,1,1
2022-08-16 16:37:26.477,15443,15444,15444,2,2
2022-08-16 16:37:28.576,15443,15444,15444,1,1
2022-08-16 16:37:32.116,15443,15444,15444,1,1
2022-08-16 16:37:35.331,15443,15444,15444,2,2
2022-08-16 16:37:39.715,15443,15444,15444,1,1
2022-08-16 16:37:43.393,15443,15444,15444,1,1
2022-08-16 16:37:50.018,15443,15444,15443,1,-1
2022-08-16 16:37:54.527,15443,15444,15443,1,-1
2022-08-16 16:37:55.043,15443,15444,15444,2,2
2022-08-16 16:37:55.043,15443,15444,15444,1,1
2022-08-16 16:37:56.813,15443,15444,15443,1,-1
2022-08-16 16:37:57.336,15443,15444,15443,1,-1
2022-08-16 16:37:58.859,15443,15444,15444,1,1
2022-08-16 16:37:58.982,15443,15444,15444,1,1
2022-08-16 16:37:58.982,15443,15444,15444,5,5
2022-08-16 16:37:58.982,15443,15444,15444,2,2
2022-08-16 16:38:00.703,15444,15445,15445,1,1
2022-08-16 16:38:01.006,15444,15445,15444,1,-1
2022-08-16 16:38:01.035,15444,15445,15445,1,1
2022-08-16 16:38:01.376,15444,15445,15445,1,1
2022-08-16 16:38:02.913,15444,15445,15445,32,32
2022-08-16 16:38:02.913,15444,15445,15445,4,4
2022-08-16 16:38:02.913,15444,15445,15445,13,13
2022-08-16 16:38:02.914,15444,15445,15446,1,1
2022-08-16 16:38:02.915,15444,15445,15446,1,1
2022-08-16 16:38:02.915,15444,15445,15446,4,4
2022-08-16 16:38:02.915,15444,15445,15446,2,2
2022-08-16 16:38:02.916,15444,15445,15446,21,21
2022-08-16 16:38:03.310,15446,15447,15447,1,1
2022-08-16 16:38:03.505,15446,15447,15447,2,2
2022-08-16 16:38:04.353,15446,15447,15447,1,1
2022-08-16 16:38:06.539,15446,15447,15446,5,-5
2022-08-16 16:38:06.553,15446,15447,15445,2,-2
2022-08-16 16:38:09.172,15444,15445,15445,1,1
2022-08-16 16:38:10.137,15444,15445,15445,2,2
2022-08-16 16:38:11.142,15444,15445,15445,1,1
2022-08-16 16:38:11.142,15444,15445,15446,4,4
2022-08-16 16:38:11.637,15444,15445,15445,1,1
2022-08-16 16:38:12.874,15444,15445,15445,1,1
2022-08-16 16:38:15.436,15445,15446,15445,2,-2
2022-08-16 16:38:15.736,15444,15445,15445,1,1
2022-08-16 16:38:19.784,15445,15446,15446,1,1
2022-08-16 16:38:23.150,15445,15446,15446,1,1
2022-08-16 16:38:25.248,15445,15446,15446,2,2
2022-08-16 16:38:25.593,15445,15447,15447,3,3
2022-08-16 16:38:25.973,15445,15446,15446,1,1
2022-08-16 16:38:27.314,15445,15446,15446,1,1
2022-08-16 16:38:28.085,15445,15446,15445,5,-5
2022-08-16 16:38:28.347,15444,15445,15445,1,1
2022-08-16 16:38:28.750,15444,15446,15446,1,1
2022-08-16 16:38:29.756,15444,15445,15445,1,1
2022-08-16 16:38:30.061,15445,15446,15445,1,-1
2022-08-16 16:38:34.388,15445,15446,15446,5,5
2022-08-16 16:38:36.155,15445,15446,15446,2,2
2022-08-16 16:38:40.996,15445,15446,15445,2,-2
2022-08-16 16:38:42.171,15445,15446,15445,1,-1
2022-08-16 16:38:43.700,15445,15446,15446,1,1
2022-08-16 16:38:45.349,15445,15446,15445,1,-1
2022-08-16 16:38:50.063,15445,15446,15445,1,-1
2022-08-16 16:38:50.064,15445,15446,15445,3,-3
2022-08-16 16:38:50.736,15444,15445,15444,1,-1
2022-08-16 16:38:53.790,15444,15445,15444,1,-1
2022-08-16 16:38:55.036,15444,15445,15445,1,1
2022-08-16 16:38:56.625,15444,15445,15444,1,-1
2022-08-16 16:38:57.608,15444,15445,15445,1,1
2022-08-16 16:38:59.642,15444,15445,15444,9,-9
2022-08-16 16:38:59.923,15443,15444,15444,1,1
2022-08-16 16:39:02.485,15443,15445,15445,1,1
2022-08-16 16:39:05.360,15443,15445,15445,1,1
2022-08-16 16:39:10.187,15444,15445,15444,1,-1
2022-08-16 16:39:11.406,15444,15445,15444,1,-1
2022-08-16 16:39:11.786,15444,15445,15445,1,1
2022-08-16 16:39:12.947,15444,15445,15444,3,-3
2022-08-16 16:39:13.010,15444,15445,15444,1,-1
2022-08-16 16:39:15.196,15444,15445,15445,1,1
2022-08-16 16:39:15.362,15444,15445,15445,1,1
2022-08-16 16:39:17.753,15444,15445,15445,1,1
2022-08-16 16:39:17.922,15444,15445,15445,1,1
2022-08-16 16:39:19.683,15444,15445,15445,1,1
2022-08-16 16:39:19.683,15444,15445,15445,4,4
2022-08-16 16:39:19.859,15444,15446,15446,1,1
2022-08-16 16:39:21.379,15444,15445,15445,1,1
2022-08-16 16:39:23.351,15444,15446,15446,1,1
2022-08-16 16:39:28.768,15445,15446,15446,1,1
2022-08-16 16:39:30.887,15445,15446,15445,1,-1
2022-08-16 16:39:32.771,15445,15446,15445,1,-1
2022-08-16 16:39:38.054,15445,15446,15445,1,-1
2022-08-16 16:39:38.325,15445,15446,15445,3,-3
2022-08-16 16:39:41.135,15445,15446,15445,1,-1
2022-08-16 16:39:43.831,15445,15446,15446,1,1
2022-08-16 16:39:43.831,15445,15446,15446,1,1
2022-08-16 16:39:43.831,15445,15446,15446,1,1
2022-08-16 16:39:43.832,15445,15446,15446,4,4
2022-08-16 16:39:43.832,15445,15446,15446,4,4
2022-08-16 16:40:03.510,15445,15446,15445,2,-2
2022-08-16 16:40:03.799,15445,15446,15446,1,1
2022-08-16 16:40:03.907,15445,15446,15446,1,1
2022-08-16 16:40:03.909,15445,15446,15446,1,1
2022-08-16 16:40:03.917,15445,15446,15446,1,1
2022-08-16 16:40:03.926,15445,15446,15446,1,1
2022-08-16 16:40:03.931,15445,15446,15446,1,1
2022-08-16 16:40:03.947,15445,15446,15446,1,1
2022-08-16 16:40:03.957,15445,15446,15446,1,1
2022-08-16 16:40:03.969,15445,15446,15446,1,1
2022-08-16 16:40:03.971,15445,15446,15446,1,1
2022-08-16 16:40:03.977,15445,15446,15447,1,1
2022-08-16 16:40:03.990,15445,15446,15447,1,1
2022-08-16 16:40:03.993,15445,15446,15447,1,1
2022-08-16 16:40:04.014,15445,15446,15447,1,1
2022-08-16 16:40:04.014,15445,15446,15447,1,1
2022-08-16 16:40:04.029,15445,15446,15447,1,1
2022-08-16 16:40:04.043,15445,15446,15447,1,1
2022-08-16 16:40:04.090,15446,15447,15447,1,1
2022-08-16 16:40:04.095,15446,15447,15447,1,1
2022-08-16 16:40:04.104,15446,15447,15447,1,1
2022-08-16 16:40:04.115,15446,15447,15447,1,1
2022-08-16 16:40:04.190,15446,15447,15447,1,1
2022-08-16 16:40:04.265,15446,15447,15447,1,1
2022-08-16 16:40:04.270,15446,15447,15447,1,1
2022-08-16 16:40:04.327,15446,15447,15446,1,-1
2022-08-16 16:40:04.365,15446,15447,15447,1,1
2022-08-16 16:40:04.370,15446,15447,15447,1,1
2022-08-16 16:40:04.476,15445,15447,15447,1,1
2022-08-16 16:40:04.576,15445,15447,15447,1,1
2022-08-16 16:40:04.676,15445,15447,15447,1,1
2022-08-16 16:40:05.246,15446,15447,15446,4,-4
2022-08-16 16:40:12.956,15446,15447,15447,2,2
2022-08-16 16:40:15.140,15446,15447,15446,3,-3
2022-08-16 16:40:21.660,15445,15446,15446,1,1
2022-08-16 16:40:22.525,15446,15447,15447,3,3
2022-08-16 16:40:22.931,15446,15447,15447,1,1
2022-08-16 16:40:27.278,15446,15447,15447,1,1
2022-08-16 16:40:29.743,15446,15448,15447,4,4
2022-08-16 16:40:33.167,15446,15447,15447,1,1
2022-08-16 16:40:33.505,15446,15447,15447,1,1
2022-08-16 16:40:38.850,15446,15447,15446,1,-1
2022-08-16 16:40:46.269,15446,15447,15446,1,-1
2022-08-16 16:40:46.269,15446,15447,15447,1,1
2022-08-16 16:40:46.269,15446,15447,15447,1,1
2022-08-16 16:40:46.270,15446,15447,15447,1,1
2022-08-16 16:40:46.698,15446,15447,15447,4,4
2022-08-16 16:40:46.699,15446,15447,15447,1,1
2022-08-16 16:40:51.232,15446,15447,15447,2,2
2022-08-16 16:41:00.646,15446,15447,15447,2,2
2022-08-16 16:41:16.707,15446,15447,15446,4,-4
2022-08-16 16:41:16.812,15445,15447,15447,1,1
2022-08-16 16:41:19.615,15446,15447,15446,1,-1
2022-08-16 16:41:19.687,15445,15446,15446,1,1
2022-08-16 16:41:19.687,15445,15446,15446,1,1
2022-08-16 16:41:19.687,15445,15446,15446,1,1
2022-08-16 16:41:19.687,15445,15446,15446,1,1
2022-08-16 16:41:19.688,15445,15446,15446,1,1
2022-08-16 16:41:19.693,15445,15446,15446,1,1
2022-08-16 16:41:25.179,15445,15446,15445,3,-3
2022-08-16 16:41:27.670,15444,15445,15444,2,-2
2022-08-16 16:41:27.703,15444,15445,15445,1,1
2022-08-16 16:41:29.887,15444,15445,15444,1,-1
2022-08-16 16:41:29.887,15444,15445,15444,3,-3
2022-08-16 16:41:29.937,15443,15445,15445,1,1
2022-08-16 16:41:29.937,15443,15445,15445,1,1
2022-08-16 16:41:33.625,15443,15445,15443,2,-2
2022-08-16 16:41:35.053,15443,15445,15444,2,-2
2022-08-16 16:41:38.011,15443,15444,15444,1,1
2022-08-16 16:41:38.062,15444,15445,15445,1,1
2022-08-16 16:41:38.063,15444,15445,15445,1,1
2022-08-16 16:41:42.644,15444,15445,15444,1,-1
2022-08-16 16:41:42.644,15444,15445,15443,2,-2
2022-08-16 16:41:44.100,15443,15445,15445,5,5
2022-08-16 16:42:17.964,15444,15445,15445,6,6
2022-08-16 16:42:24.311,15445,15446,15445,1,-1
2022-08-16 16:42:31.259,15444,15445,15444,1,-1
2022-08-16 16:42:44.005,15444,15446,15444,1,-1
2022-08-16 16:42:50.260,15444,15445,15444,1,-1
2022-08-16 16:42:52.307,15443,15444,15443,1,-1
2022-08-16 16:42:57.649,15443,15444,15443,1,-1
2022-08-16 16:43:01.727,15443,15444,15443,1,-1
2022-08-16 16:43:05.953,15443,15444,15443,4,-4
2022-08-16 16:43:19.802,15442,15443,15442,1,-1
2022-08-16 16:43:19.802,15442,15443,15442,1,-1
2022-08-16 16:43:19.802,15442,15443,15442,7,-7
2022-08-16 16:43:19.802,15442,15443,15442,1,-1
2022-08-16 16:43:19.811,15441,15442,15441,4,-4
2022-08-16 16:43:20.057,15441,15442,15441,1,-1
2022-08-16 16:43:20.058,15441,15442,15441,1,-1
2022-08-16 16:43:23.865,15441,15442,15441,1,-1
2022-08-16 16:43:24.453,15440,15442,15440,1,-1
2022-08-16 16:43:28.402,15440,15442,15442,1,1
2022-08-16 16:43:33.747,15440,15441,15440,2,-2
2022-08-16 16:43:43.241,15440,15441,15440,1,-1
2022-08-16 16:43:43.369,15440,15441,15440,1,-1
2022-08-16 16:43:50.234,15440,15441,15440,2,-2
2022-08-16 16:43:50.234,15440,15441,15440,2,-2
2022-08-16 16:43:50.234,15440,15441,15440,1,-1
2022-08-16 16:43:50.487,15439,15440,15439,1,-1
2022-08-16 16:43:50.507,15439,15440,15440,1,1
2022-08-16 16:43:54.494,15439,15440,15440,1,1
2022-08-16 16:44:01.007,15439,15440,15440,1,1
2022-08-16 16:44:01.008,15439,15440,15440,2,2
2022-08-16 16:44:01.306,15440,15441,15441,4,4
2022-08-16 16:44:16.257,15441,15442,15441,1,-1
2022-08-16 16:44:20.486,15440,15441,15441,1,1
2022-08-16 16:44:25.280,15440,15442,15440,1,-1
2022-08-16 16:44:35.615,15440,15441,15440,1,-1
2022-08-16 16:44:40.774,15440,15441,15441,1,1
2022-08-16 16:44:41.248,15440,15441,15440,1,-1
2022-08-16 16:44:50.923,15440,15442,15440,3,-3
2022-08-16 16:44:57.592,15441,15442,15441,1,-1
2022-08-16 16:44:57.592,15441,15442,15441,1,-1
2022-08-16 16:45:07.024,15440,15441,15441,1,1
2022-08-16 16:45:09.650,15440,15441,15440,3,-3
2022-08-16 16:45:19.528,15440,15441,15440,5,-5
2022-08-16 16:45:22.167,15440,15441,15440,1,-1
2022-08-16 16:45:28.113,15440,15441,15440,1,-1
2022-08-16 16:45:28.530,15440,15441,15440,10,-10
2022-08-16 16:45:51.551,15439,15440,15440,1,1
2022-08-16 16:45:53.563,15439,15440,15440,1,1
2022-08-16 16:45:56.706,15439,15440,15440,1,1
2022-08-16 16:45:58.508,15439,15440,15439,11,-11
2022-08-16 16:45:59.197,15438,15439,15439,1,1
2022-08-16 16:46:04.281,15438,15439,15439,40,40
2022-08-16 16:46:04.281,15438,15439,15440,12,12
2022-08-16 16:46:04.284,15438,15439,15441,1,1
2022-08-16 16:46:04.295,15438,15439,15441,2,2
2022-08-16 16:46:07.062,15441,15442,15442,3,3
2022-08-16 16:46:14.948,15441,15442,15441,1,-1
2022-08-16 16:46:15.150,15440,15442,15440,1,-1
2022-08-16 16:46:25.247,15439,15440,15439,1,-1
2022-08-16 16:46:31.457,15439,15440,15440,2,2
2022-08-16 16:46:33.236,15440,15441,15440,9,-9
2022-08-16 16:46:57.852,15439,15440,15440,1,1
2022-08-16 16:47:23.788,15439,15440,15439,1,-1
2022-08-16 16:47:29.044,15439,15440,15440,1,1
2022-08-16 16:47:36.380,15439,15440,15439,1,-1
2022-08-16 16:47:39.603,15439,15440,15439,1,-1
2022-08-16 16:47:55.924,15439,15440,15439,1,-1
2022-08-16 16:47:57.835,15438,15439,15438,10,-10
2022-08-16 16:47:58.474,15438,15439,15438,1,-1
2022-08-16 16:48:14.002,15438,15439,15438,1,-1
2022-08-16 16:48:14.245,15438,15439,15439,3,3
2022-08-16 16:48:14.669,15438,15440,15438,1,-1
2022-08-16 16:48:17.717,15438,15440,15440,1,1
2022-08-16 16:48:20.156,15437,15438,15437,3,-3
2022-08-16 16:48:31.004,15437,15439,15437,1,-1
2022-08-16 16:48:34.378,15437,15439,15437,1,-1
2022-08-16 16:48:39.728,15438,15440,15438,1,-1
2022-08-16 16:48:41.251,15438,15440,15438,2,-2
2022-08-16 16:48:49.315,15438,15439,15438,1,-1
2022-08-16 16:48:55.929,15437,15438,15437,5,-5
2022-08-16 16:49:06.282,15437,15438,15438,3,3
2022-08-16 16:49:26.227,15437,15438,15437,1,-1
2022-08-16 16:49:28.649,15437,15438,15438,4,4
2022-08-16 16:49:28.649,15437,15438,15439,11,11
2022-08-16 16:49:28.649,15437,15438,15440,15,15
2022-08-16 16:49:28.651,15437,15438,15439,1,1
2022-08-16 16:49:53.097,15439,15440,15439,2,-2
2022-08-16 16:50:05.373,15438,15439,15439,1,1
2022-08-16 16:50:29.809,15439,15440,15440,1,1
2022-08-16 16:50:40.437,15439,15440,15439,1,-1
2022-08-16 16:50:43.860,15439,15440,15440,1,1
2022-08-16 16:50:46.394,15439,15440,15440,1,1
2022-08-16 16:50:46.395,15439,15440,15440,1,1
2022-08-16 16:50:46.395,15439,15440,15440,8,8
2022-08-16 16:50:49.554,15439,15440,15440,1,1
2022-08-16 16:50:50.875,15440,15441,15440,1,-1
2022-08-16 16:51:03.297,15440,15441,15440,1,-1
2022-08-16 16:51:05.241,15440,15441,15441,1,1
2022-08-16 16:51:06.160,15440,15441,15441,1,1
2022-08-16 16:51:06.161,15440,15441,15441,2,2
2022-08-16 16:51:06.927,15441,15442,15441,1,-1
2022-08-16 16:51:07.137,15441,15442,15441,1,-1
2022-08-16 16:51:12.232,15440,15441,15441,1,1
2022-08-16 16:51:13.072,15440,15441,15441,1,1
2022-08-16 16:51:15.846,15441,15442,15441,1,-1
2022-08-16 16:51:19.810,15441,15442,15441,1,-1
2022-08-16 16:51:33.004,15441,15442,15441,1,-1
2022-08-16 16:51:37.709,15441,15442,15441,1,-1
2022-08-16 16:51:39.423,15441,15442,15441,1,-1
2022-08-16 16:51:54.333,15440,15441,15441,1,1
2022-08-16 16:51:56.004,15440,15441,15441,1,1
2022-08-16 16:52:05.342,15440,15441,15441,1,1
2022-08-16 16:52:15.950,15441,15442,15442,2,2
2022-08-16 16:52:25.341,15441,15442,15442,1,1
2022-08-16 16:52:27.742,15441,15442,15441,17,-17
2022-08-16 16:52:27.744,15441,15442,15440,5,-5
2022-08-16 16:52:46.243,15440,15441,15440,4,-4
2022-08-16 16:52:46.244,15440,15441,15440,2,-2
2022-08-16 16:53:03.900,15439,15440,15440,1,1
2022-08-16 16:53:12.727,15439,15440,15440,1,1
2022-08-16 16:53:12.727,15439,15440,15440,2,2
2022-08-16 16:53:12.727,15439,15440,15440,2,2
2022-08-16 16:53:12.727,15439,15440,15440,1,1
2022-08-16 16:53:20.279,15440,15441,15440,1,-1
2022-08-16 16:53:22.183,15440,15441,15440,1,-1
2022-08-16 16:53:49.099,15439,15440,15440,1,1
2022-08-16 16:54:10.254,15439,15440,15440,4,4
2022-08-16 16:54:16.202,15439,15440,15440,2,2
2022-08-16 16:54:19.691,15439,15440,15439,4,-4
2022-08-16 16:54:27.609,15438,15439,15438,1,-1
2022-08-16 16:54:27.610,15438,15439,15438,9,-9
2022-08-16 16:54:27.610,15438,15439,15438,1,-1
2022-08-16 16:54:27.610,15438,15439,15438,1,-1
2022-08-16 16:54:27.610,15438,15439,15438,4,-4
2022-08-16 16:54:50.635,15438,15439,15438,1,-1
2022-08-16 16:55:14.694,15437,15438,15437,1,-1
2022-08-16 16:55:14.883,15437,15438,15437,1,-1
2022-08-16 16:55:23.257,15437,15438,15437,1,-1
2022-08-16 16:55:37.693,15437,15438,15437,1,-1
2022-08-16 16:55:41.404,15437,15438,15437,1,-1
2022-08-16 16:55:41.405,15437,15438,15437,1,-1
2022-08-16 16:55:41.405,15437,15438,15437,5,-5
2022-08-16 16:55:52.640,15436,15437,15437,1,1
2022-08-16 16:56:08.212,15436,15437,15436,1,-1
2022-08-16 16:56:09.342,15436,15437,15437,1,1
2022-08-16 16:56:09.696,15436,15437,15437,1,1
2022-08-16 16:57:02.740,15436,15437,15437,1,1
2022-08-16 16:57:05.133,15436,15437,15437,1,1
2022-08-16 16:57:07.643,15436,15437,15437,1,1
2022-08-16 16:57:08.896,15436,15437,15437,1,1
2022-08-16 16:57:11.320,15436,15437,15437,1,1
2022-08-16 16:57:30.196,15436,15437,15437,1,1
2022-08-16 16:57:40.910,15436,15437,15437,1,1
2022-08-16 16:57:46.525,15436,15437,15437,1,1
2022-08-16 16:57:49.492,15436,15437,15437,1,1
2022-08-16 16:57:49.536,15436,15437,15436,1,-1
2022-08-16 16:57:50.141,15436,15437,15436,2,-2
2022-08-16 16:58:00.104,15436,15437,15437,1,1
2022-08-16 16:58:00.104,15436,15437,15437,1,1
2022-08-16 16:58:00.104,15436,15437,15437,3,3
2022-08-16 16:58:00.714,15437,15438,15437,1,-1
2022-08-16 16:58:06.992,15437,15438,15437,1,-1
2022-08-16 16:58:09.806,15437,15438,15438,1,1
2022-08-16 16:58:14.833,15437,15438,15438,1,1
2022-08-16 16:58:16.629,15437,15438,15438,2,2
2022-08-16 16:58:20.028,15438,15439,15438,1,-1
2022-08-16 16:58:24.126,15437,15439,15438,1,-1
2022-08-16 16:58:24.374,15437,15439,15437,1,-1
2022-08-16 16:58:25.586,15437,15438,15438,1,1
2022-08-16 16:58:29.148,15437,15438,15438,1,1
2022-08-16 16:58:50.741,15438,15439,15438,1,-1
2022-08-16 16:58:52.841,15438,15439,15438,1,-1
2022-08-16 16:58:53.743,15438,15439,15438,1,-1
2022-08-16 16:59:00.962,15438,15440,15438,1,-1
2022-08-16 16:59:26.352,15439,15440,15439,1,-1
2022-08-16 16:59:37.173,15438,15440,15440,4,4
2022-08-16 16:59:39.450,15438,15439,15438,3,-3
2022-08-16 16:59:47.713,15438,15439,15439,1,1
2022-08-16 16:59:57.302,15438,15440,15438,1,-1
2022-08-16 17:00:02.947,15439,15440,15440,1,1
2022-08-16 17:00:03.072,15439,15440,15440,1,1
2022-08-16 17:00:03.072,15439,15440,15440,1,1
2022-08-16 17:00:03.073,15439,15440,15440,6,6
2022-08-16 17:00:03.073,15439,15440,15441,1,1
2022-08-16 17:00:03.073,15439,15440,15441,1,1
2022-08-16 17:00:03.451,15439,15441,15439,8,-8
2022-08-16 17:00:12.600,15440,15441,15440,1,-1
2022-08-16 17:00:13.458,15440,15441,15441,1,1
2022-08-16 17:00:19.611,15440,15441,15441,1,1
2022-08-16 17:00:19.689,15440,15441,15441,1,1
2022-08-16 17:00:30.167,15440,15441,15440,1,-1
2022-08-16 17:00:30.167,15440,15441,15440,2,-2
2022-08-16 17:00:30.168,15440,15441,15440,1,-1
2022-08-16 17:00:30.168,15440,15441,15440,1,-1
2022-08-16 17:00:31.778,15439,15441,15441,1,1
2022-08-16 17:00:34.856,15440,15441,15440,1,-1
2022-08-16 17:00:36.936,15439,15441,15441,1,1
2022-08-16 17:00:36.950,15439,15441,15441,1,1
2022-08-16 17:00:38.864,15439,15441,15439,2,-2
2022-08-16 17:00:42.400,15439,15441,15441,1,1
2022-08-16 17:00:42.644,15439,15440,15439,2,-2
2022-08-16 17:00:50.223,15439,15441,15439,1,-1
2022-08-16 17:00:55.508,15439,15440,15439,1,-1
2022-08-16 17:00:55.508,15439,15440,15439,1,-1
2022-08-16 17:00:55.508,15439,15440,15439,2,-2
2022-08-16 17:00:55.508,15439,15440,15439,5,-5
2022-08-16 17:01:14.866,15438,15439,15438,11,-11
2022-08-16 17:01:20.077,15437,15438,15437,1,-1
2022-08-16 17:01:20.078,15437,15438,15437,2,-2
2022-08-16 17:01:23.586,15436,15437,15436,1,-1
2022-08-16 17:01:23.932,15436,15437,15437,1,1
2022-08-16 17:01:25.065,15436,15437,15436,1,-1
2022-08-16 17:01:25.120,15436,15437,15436,1,-1
2022-08-16 17:01:25.627,15436,15437,15437,2,2
2022-08-16 17:01:26.147,15436,15437,15437,5,5
2022-08-16 17:01:26.169,15436,15437,15436,2,-2
2022-08-16 17:01:26.377,15436,15438,15436,1,-1
2022-08-16 17:01:27.712,15436,15437,15437,1,1
2022-08-16 17:01:32.446,15436,15437,15436,2,-2
2022-08-16 17:01:32.803,15435,15437,15437,1,1
2022-08-16 17:01:37.183,15435,15436,15435,1,-1
2022-08-16 17:01:37.233,15435,15436,15435,1,-1
2022-08-16 17:01:40.540,15435,15436,15435,1,-1
2022-08-16 17:01:40.542,15435,15436,15435,19,-19
2022-08-16 17:01:41.481,15434,15435,15435,1,1
2022-08-16 17:01:44.271,15434,15435,15435,3,3
2022-08-16 17:01:44.271,15434,15435,15436,1,1
2022-08-16 17:01:49.202,15434,15435,15435,1,1
2022-08-16 17:01:49.202,15434,15435,15435,1,1
2022-08-16 17:01:49.426,15435,15436,15435,1,-1
2022-08-16 17:01:49.570,15435,15436,15435,2,-2
2022-08-16 17:01:53.352,15435,15436,15435,1,-1
2022-08-16 17:01:54.060,15435,15436,15435,1,-1
2022-08-16 17:01:54.867,15435,15436,15435,2,-2
2022-08-16 17:01:56.496,15435,15436,15436,1,1
2022-08-16 17:02:01.001,15435,15436,15435,2,-2
2022-08-16 17:02:01.974,15435,15436,15436,2,2
2022-08-16 17:02:02.197,15436,15437,15436,1,-1
2022-08-16 17:02:02.321,15436,15437,15436,1,-1
2022-08-16 17:02:05.643,15435,15437,15435,1,-1
2022-08-16 17:02:07.943,15436,15438,15436,1,-1
2022-08-16 17:02:31.602,15435,15436,15435,1,-1
2022-08-16 17:02:43.780,15435,15436,15436,1,1
2022-08-16 17:02:43.897,15435,15436,15435,1,-1
2022-08-16 17:02:47.361,15435,15436,15435,1,-1
2022-08-16 17:02:53.115,15435,15436,15435,2,-2
2022-08-16 17:02:57.086,15434,15435,15435,1,1
2022-08-16 17:02:58.469,15435,15436,15435,1,-1
2022-08-16 17:03:04.277,15434,15436,15435,1,-1
2022-08-16 17:03:26.270,15435,15436,15435,1,-1
2022-08-16 17:03:26.271,15435,15436,15435,3,-3
2022-08-16 17:03:30.326,15435,15436,15436,5,5
2022-08-16 17:03:30.326,15435,15436,15437,4,4
2022-08-16 17:03:45.873,15436,15437,15436,2,-2
2022-08-16 17:03:56.178,15435,15436,15436,1,1
2022-08-16 17:04:11.384,15435,15436,15436,1,1
2022-08-16 17:04:20.869,15435,15436,15435,4,-4
2022-08-16 17:04:20.869,15435,15436,15435,1,-1
2022-08-16 17:04:20.870,15435,15436,15435,1,-1
2022-08-16 17:04:20.870,15435,15436,15435,1,-1
2022-08-16 17:04:20.870,15435,15436,15435,2,-2
2022-08-16 17:04:28.352,15435,15436,15435,1,-1
2022-08-16 17:04:28.660,15434,15435,15435,1,1
2022-08-16 17:04:41.357,15434,15435,15435,1,1
2022-08-16 17:04:41.520,15434,15436,15434,1,-1
2022-08-16 17:04:45.684,15434,15435,15435,1,1
2022-08-16 17:04:47.783,15435,15436,15435,1,-1
2022-08-16 17:04:49.863,15434,15435,15435,1,1
2022-08-16 17:05:09.165,15435,15436,15436,5,5
2022-08-16 17:05:09.165,15435,15436,15437,18,18
2022-08-16 17:05:09.165,15435,15436,15438,7,7
2022-08-16 17:05:09.168,15435,15436,15437,1,1
2022-08-16 17:05:09.260,15436,15437,15437,1,1
2022-08-16 17:05:09.432,15436,15437,15436,1,-1
2022-08-16 17:05:10.687,15436,15437,15436,1,-1
2022-08-16 17:05:19.482,15435,15436,15435,1,-1
2022-08-16 17:05:19.483,15435,15436,15435,1,-1
2022-08-16 17:05:29.770,15435,15436,15436,1,1
2022-08-16 17:05:36.342,15435,15437,15435,2,-2
2022-08-16 17:05:52.283,15434,15435,15434,6,-6
2022-08-16 17:05:58.760,15434,15435,15434,2,-2
2022-08-16 17:05:58.760,15434,15435,15434,8,-8
2022-08-16 17:06:01.783,15433,15434,15433,1,-1
2022-08-16 17:06:03.289,15433,15434,15434,1,1
2022-08-16 17:06:07.860,15433,15434,15433,1,-1
2022-08-16 17:06:09.933,15433,15434,15433,1,-1
2022-08-16 17:06:16.135,15433,15434,15433,5,-5
2022-08-16 17:06:16.912,15433,15434,15433,10,-10
2022-08-16 17:06:17.209,15433,15434,15433,1,-1
2022-08-16 17:06:17.324,15433,15434,15433,1,-1
2022-08-16 17:06:25.512,15433,15434,15433,1,-1
2022-08-16 17:06:28.100,15433,15434,15433,1,-1
2022-08-16 17:06:28.210,15433,15434,15433,1,-1
2022-08-16 17:06:30.413,15433,15434,15433,1,-1
2022-08-16 17:06:34.091,15433,15434,15433,1,-1
2022-08-16 17:06:37.791,15433,15434,15433,1,-1
2022-08-16 17:06:41.127,15433,15434,15433,1,-1
2022-08-16 17:06:45.999,15433,15434,15433,4,-4
2022-08-16 17:07:19.132,15433,15434,15434,1,1
2022-08-16 17:07:19.132,15433,15434,15435,1,1
2022-08-16 17:07:22.144,15433,15435,15433,1,-1
2022-08-16 17:07:26.970,15433,15434,15434,1,1
2022-08-16 17:07:34.164,15433,15434,15433,1,-1
2022-08-16 17:07:41.938,15433,15434,15433,2,-2
2022-08-16 17:07:42.224,15432,15433,15432,1,-1
2022-08-16 17:07:42.237,15432,15433,15432,1,-1
2022-08-16 17:07:42.249,15432,15433,15432,1,-1
2022-08-16 17:07:42.276,15432,15433,15432,1,-1
2022-08-16 17:07:42.285,15432,15433,15432,1,-1
2022-08-16 17:07:42.289,15432,15433,15432,1,-1
2022-08-16 17:07:42.309,15432,15433,15432,1,-1
2022-08-16 17:07:42.364,15432,15433,15432,1,-1
2022-08-16 17:07:42.568,15432,15433,15432,1,-1
2022-08-16 17:07:44.430,15432,15433,15433,1,1
2022-08-16 17:07:45.916,15432,15433,15433,1,1
2022-08-16 17:07:47.676,15432,15434,15432,1,-1
2022-08-16 17:07:48.955,15432,15433,15433,1,1
2022-08-16 17:07:50.726,15432,15433,15433,1,1
2022-08-16 17:07:55.070,15433,15434,15433,4,-4
2022-08-16 17:07:55.070,15433,15434,15432,1,-1
2022-08-16 17:08:02.242,15432,15434,15434,1,1
2022-08-16 17:08:09.868,15432,15434,15433,2,2
2022-08-16 17:08:21.049,15433,15434,15434,2,2
2022-08-16 17:08:56.552,15433,15434,15434,1,1
2022-08-16 17:09:25.920,15432,15434,15432,3,-3
2022-08-16 17:09:30.246,15432,15434,15432,7,-7
2022-08-16 17:09:30.247,15432,15434,15432,5,-5
2022-08-16 17:09:42.424,15432,15433,15432,1,-1
2022-08-16 17:09:48.845,15431,15432,15431,1,-1
2022-08-16 17:09:48.977,15431,15432,15431,1,-1
2022-08-16 17:09:51.800,15431,15432,15431,1,-1
2022-08-16 17:09:54.315,15431,15432,15431,1,-1
2022-08-16 17:09:56.443,15431,15432,15431,1,-1
2022-08-16 17:09:58.592,15431,15432,15431,1,-1
2022-08-16 17:10:01.098,15431,15432,15431,1,-1
2022-08-16 17:10:01.115,15431,15432,15431,6,-6
2022-08-16 17:10:04.339,15431,15432,15431,1,-1
2022-08-16 17:10:04.420,15431,15432,15431,1,-1
2022-08-16 17:10:04.420,15431,15432,15430,1,-1
2022-08-16 17:10:09.081,15431,15432,15431,1,-1
2022-08-16 17:10:09.591,15431,15432,15431,1,-1
2022-08-16 17:10:10.299,15431,15432,15431,6,-6
2022-08-16 17:10:10.299,15431,15432,15430,14,-14
2022-08-16 17:10:25.765,15430,15432,15432,1,1
2022-08-16 17:10:27.224,15431,15432,15431,3,-3
2022-08-16 17:10:27.678,15431,15432,15431,1,-1
2022-08-16 17:10:27.678,15431,15432,15431,1,-1
2022-08-16 17:10:29.773,15431,15432,15432,1,1
2022-08-16 17:10:38.429,15431,15432,15432,1,1
2022-08-16 17:11:14.111,15432,15433,15432,1,-1
2022-08-16 17:11:14.112,15432,15433,15432,2,-2
2022-08-16 17:11:19.495,15432,15433,15432,1,-1
2022-08-16 17:11:19.495,15432,15433,15432,1,-1
2022-08-16 17:11:45.153,15432,15433,15433,1,1
2022-08-16 17:11:45.154,15432,15433,15433,8,8
2022-08-16 17:11:45.155,15432,15433,15433,4,4
2022-08-16 17:11:45.155,15432,15433,15433,1,1
2022-08-16 17:11:47.714,15432,15434,15432,1,-1
2022-08-16 17:12:23.625,15433,15434,15433,2,-2
2022-08-16 17:12:50.569,15433,15434,15433,2,-2
2022-08-16 17:12:54.295,15431,15432,15432,1,1
2022-08-16 17:13:28.769,15433,15434,15433,1,-1
2022-08-16 17:13:36.844,15433,15434,15434,3,3
2022-08-16 17:13:36.844,15433,15434,15434,3,3
2022-08-16 17:13:36.844,15433,15434,15434,2,2
2022-08-16 17:13:36.844,15433,15434,15434,1,1
2022-08-16 17:13:36.869,15433,15434,15434,1,1
2022-08-16 17:13:50.383,15432,15434,15434,3,3
2022-08-16 17:13:50.587,15432,15434,15434,1,1
2022-08-16 17:13:56.549,15433,15435,15434,1,1
2022-08-16 17:14:14.287,15433,15434,15434,3,3
2022-08-16 17:15:00.190,15433,15434,15434,2,2
2022-08-16 17:15:17.247,15433,15434,15433,1,-1
2022-08-16 17:15:17.247,15433,15434,15433,2,-2
2022-08-16 17:15:17.707,15432,15433,15432,1,-1
2022-08-16 17:15:50.098,15433,15434,15433,1,-1
2022-08-16 17:16:05.609,15433,15434,15434,1,1
2022-08-16 17:16:05.609,15433,15434,15434,1,1
2022-08-16 17:16:05.610,15433,15434,15434,1,1
2022-08-16 17:16:05.610,15433,15434,15434,1,1
2022-08-16 17:16:09.471,15434,15435,15435,4,4
2022-08-16 17:16:09.611,15434,15436,15436,1,1
2022-08-16 17:16:21.124,15435,15436,15436,1,1
2022-08-16 17:16:23.485,15435,15437,15437,5,5
2022-08-16 17:16:40.149,15435,15437,15437,1,1
2022-08-16 17:16:40.611,15436,15437,15437,1,1
2022-08-16 17:16:47.834,15436,15437,15436,1,-1
2022-08-16 17:16:52.775,15436,15437,15436,1,-1
2022-08-16 17:17:00.092,15435,15436,15435,1,-1
2022-08-16 17:17:22.443,15435,15436,15436,2,2
2022-08-16 17:17:43.921,15435,15436,15436,1,1
2022-08-16 17:17:45.783,15435,15436,15436,6,6
2022-08-16 17:17:48.799,15436,15437,15436,1,-1
2022-08-16 17:17:50.279,15435,15436,15436,1,1
2022-08-16 17:17:50.348,15436,15437,15437,1,1
2022-08-16 17:18:03.197,15435,15437,15437,1,1
2022-08-16 17:18:24.018,15435,15436,15436,1,1
2022-08-16 17:18:24.018,15435,15436,15436,1,1
2022-08-16 17:18:37.913,15436,15437,15437,1,1
2022-08-16 17:18:40.407,15435,15437,15435,1,-1
2022-08-16 17:18:46.101,15435,15436,15436,1,1
2022-08-16 17:18:48.156,15435,15436,15436,1,1
2022-08-16 17:18:55.009,15436,15437,15437,1,1
2022-08-16 17:19:08.565,15436,15437,15437,3,3
2022-08-16 17:19:09.966,15436,15437,15437,1,1
2022-08-16 17:19:13.251,15436,15437,15436,1,-1
2022-08-16 17:19:17.810,15436,15437,15436,1,-1
2022-08-16 17:19:28.224,15435,15436,15436,3,3
2022-08-16 17:20:06.325,15436,15437,15436,1,-1
2022-08-16 17:20:06.761,15435,15437,15437,1,1
2022-08-16 17:20:06.768,15435,15437,15437,1,1
2022-08-16 17:20:06.778,15435,15437,15437,1,1
2022-08-16 17:20:06.812,15435,15437,15437,1,1
2022-08-16 17:20:06.824,15435,15437,15438,1,1
2022-08-16 17:20:06.833,15435,15437,15438,1,1
2022-08-16 17:20:06.847,15435,15437,15438,1,1
2022-08-16 17:20:07.356,15436,15438,15438,2,2
2022-08-16 17:20:07.358,15436,15438,15438,2,2
2022-08-16 17:20:07.405,15436,15438,15438,4,4
2022-08-16 17:20:07.415,15436,15438,15438,1,1
2022-08-16 17:20:07.430,15436,15438,15438,5,5
2022-08-16 17:20:07.455,15437,15438,15438,1,1
2022-08-16 17:20:07.630,15436,15438,15438,1,1
2022-08-16 17:21:14.807,15437,15438,15438,7,7
2022-08-16 17:21:27.910,15438,15439,15438,1,-1
2022-08-16 17:21:31.281,15438,15439,15439,1,1
2022-08-16 17:21:31.281,15438,15439,15439,4,4
2022-08-16 17:21:31.281,15438,15439,15439,1,1
2022-08-16 17:21:31.281,15438,15439,15439,1,1
2022-08-16 17:21:31.281,15438,15439,15439,1,1
2022-08-16 17:21:46.305,15438,15439,15438,2,-2
2022-08-16 17:21:46.343,15437,15438,15438,1,1
2022-08-16 17:21:58.450,15437,15438,15438,1,1
2022-08-16 17:21:58.450,15437,15438,15438,1,1
2022-08-16 17:21:58.450,15437,15438,15438,1,1
2022-08-16 17:21:58.450,15437,15438,15438,1,1
2022-08-16 17:21:58.545,15437,15438,15437,1,-1
2022-08-16 17:22:02.016,15437,15438,15438,2,2
2022-08-16 17:22:28.580,15437,15438,15437,1,-1
2022-08-16 17:23:59.282,15436,15437,15436,1,-1
2022-08-16 17:24:47.243,15436,15437,15436,1,-1
2022-08-16 17:24:49.446,15436,15437,15436,1,-1
2022-08-16 17:24:52.172,15436,15437,15436,1,-1
2022-08-16 17:25:04.634,15436,15437,15436,1,-1
2022-08-16 17:25:09.844,15436,15437,15437,1,1
