2019-12-06,15:00:00.075000,11623,11624,11625,107
2019-12-06,15:00:00.094000,11625,11626,11626,15
2019-12-06,15:00:00.101000,11625,11626,11626,2
2019-12-06,15:00:00.136000,11625,11626,11627,8
2019-12-06,15:00:00.145000,11625,11626,11627,4
2019-12-06,15:00:00.175000,11625,11626,11627,1
2019-12-06,15:00:00.177000,11625,11626,11627,5
2019-12-06,15:00:00.182000,11626,11627,11627,1
2019-12-06,15:00:00.308000,11627,11628,11628,11
2019-12-06,15:00:00.326000,11627,11628,11628,5
2019-12-06,15:00:00.357000,11627,11628,11627,1
2019-12-06,15:00:00.417000,11627,11628,11628,2
2019-12-06,15:00:00.430000,11627,11628,11628,7
2019-12-06,15:00:00.460000,11627,11628,11629,1
2019-12-06,15:00:00.475000,11627,11628,11629,1
2019-12-06,15:00:00.505000,11627,11628,11629,1
2019-12-06,15:00:00.545000,11627,11628,11629,1
2019-12-06,15:00:00.557000,11628,11629,11629,3
2019-12-06,15:00:00.559000,11628,11629,11628,1
2019-12-06,15:00:00.567000,11628,11629,11629,1
2019-12-06,15:00:00.584000,11628,11629,11628,1
2019-12-06,15:00:00.655000,11628,11629,11628,1
2019-12-06,15:00:00.713000,11627,11629,11628,1
2019-12-06,15:00:00.802000,11627,11629,11628,2
2019-12-06,15:00:00.805000,11626,11628,11626,4
2019-12-06,15:00:00.858000,11626,11628,11628,3
2019-12-06,15:00:00.918000,11626,11628,11628,2
2019-12-06,15:00:00.918000,11626,11628,11629,1
2019-12-06,15:00:00.957000,11626,11629,11629,3
2019-12-06,15:00:01.124000,11626,11629,11628,4
2019-12-06,15:00:01.151000,11626,11629,11628,1
2019-12-06,15:00:01.151000,11626,11629,11629,1
2019-12-06,15:00:01.174000,11626,11629,11629,5
2019-12-06,15:00:01.385000,11627,11628,11629,1
2019-12-06,15:00:01.555000,11627,11628,11628,2
2019-12-06,15:00:01.571000,11627,11628,11629,2
2019-12-06,15:00:01.661000,11627,11628,11627,1
2019-12-06,15:00:01.680000,11627,11628,11628,1
2019-12-06,15:00:01.809000,11627,11629,11627,2
2019-12-06,15:00:01.950000,11628,11629,11628,1
2019-12-06,15:00:02.344000,11628,11629,11628,1
2019-12-06,15:00:02.516000,11627,11628,11627,2
2019-12-06,15:00:02.518000,11627,11628,11628,1
2019-12-06,15:00:02.599000,11627,11628,11628,1
2019-12-06,15:00:02.613000,11627,11628,11627,1
2019-12-06,15:00:02.654000,11627,11628,11629,1
2019-12-06,15:00:02.818000,11627,11628,11628,4
2019-12-06,15:00:02.939000,11627,11629,11629,1
2019-12-06,15:00:02.959000,11627,11629,11629,2
2019-12-06,15:00:02.961000,11627,11629,11629,1
2019-12-06,15:00:03.556000,11627,11629,11629,1
2019-12-06,15:00:03.570000,11627,11629,11629,1
2019-12-06,15:00:03.574000,11627,11629,11629,2
2019-12-06,15:00:03.645000,11627,11629,11629,2
2019-12-06,15:00:03.667000,11627,11629,11629,2
2019-12-06,15:00:03.984000,11627,11629,11627,1
2019-12-06,15:00:04.089000,11628,11629,11628,2
2019-12-06,15:00:04.299000,11627,11629,11627,1
2019-12-06,15:00:04.314000,11627,11628,11628,1
2019-12-06,15:00:04.555000,11628,11629,11628,2
2019-12-06,15:00:04.694000,11627,11628,11628,3
2019-12-06,15:00:04.824000,11627,11628,11628,1
2019-12-06,15:00:04.953000,11627,11629,11627,1
2019-12-06,15:00:05.071000,11627,11629,11628,1
2019-12-06,15:00:05.093000,11627,11629,11629,1
2019-12-06,15:00:05.117000,11627,11629,11627,1
2019-12-06,15:00:05.165000,11627,11629,11627,1
2019-12-06,15:00:05.253000,11627,11628,11628,1
2019-12-06,15:00:05.331000,11627,11629,11629,1
2019-12-06,15:00:05.605000,11627,11629,11629,1
2019-12-06,15:00:06.731000,11627,11628,11627,6
2019-12-06,15:00:07.103000,11626,11627,11626,4
2019-12-06,15:00:07.119000,11626,11627,11626,1
2019-12-06,15:00:07.193000,11625,11626,11627,15
2019-12-06,15:00:07.305000,11625,11627,11626,3
2019-12-06,15:00:07.305000,11625,11627,11626,1
2019-12-06,15:00:07.305000,11625,11627,11626,1
2019-12-06,15:00:07.305000,11625,11627,11626,2
2019-12-06,15:00:07.306000,11625,11627,11627,2
2019-12-06,15:00:07.430000,11626,11627,11626,2
2019-12-06,15:00:07.430000,11626,11627,11626,2
2019-12-06,15:00:07.430000,11626,11627,11626,1
2019-12-06,15:00:07.444000,11626,11627,11626,1
2019-12-06,15:00:07.880000,11625,11626,11625,3
2019-12-06,15:00:08.430000,11625,11626,11625,3
2019-12-06,15:00:08.981000,11625,11626,11625,1
2019-12-06,15:00:09.206000,11625,11626,11625,1
2019-12-06,15:00:09.444000,11625,11626,11625,1
2019-12-06,15:00:09.522000,11625,11626,11626,2
2019-12-06,15:00:09.747000,11625,11626,11626,1
2019-12-06,15:00:09.805000,11626,11627,11626,1
2019-12-06,15:00:09.892000,11626,11627,11626,1
2019-12-06,15:00:09.941000,11625,11626,11626,1
2019-12-06,15:00:09.978000,11625,11626,11626,1
2019-12-06,15:00:10.055000,11626,11627,11626,8
2019-12-06,15:00:11.055000,11626,11627,11626,1
2019-12-06,15:00:11.185000,11625,11626,11626,1
2019-12-06,15:00:11.185000,11625,11626,11627,1
2019-12-06,15:00:11.197000,11625,11626,11626,1
2019-12-06,15:00:11.200000,11625,11626,11626,2
2019-12-06,15:00:12.061000,11625,11626,11626,1
2019-12-06,15:00:12.061000,11625,11626,11627,1
2019-12-06,15:00:12.332000,11625,11626,11626,2
2019-12-06,15:00:14.506000,11625,11627,11626,1
2019-12-06,15:00:14.520000,11625,11627,11626,1
2019-12-06,15:00:14.555000,11626,11627,11626,1
2019-12-06,15:00:15.096000,11626,11627,11626,1
2019-12-06,15:00:15.776000,11626,11627,11627,1
2019-12-06,15:00:15.795000,11626,11627,11627,1
2019-12-06,15:00:17.535000,11626,11627,11627,1
2019-12-06,15:00:19.569000,11625,11627,11626,1
2019-12-06,15:00:20.668000,11625,11626,11626,3
2019-12-06,15:00:20.690000,11625,11626,11626,2
2019-12-06,15:00:22.350000,11625,11626,11626,1
2019-12-06,15:00:22.986000,11625,11626,11625,1
2019-12-06,15:00:23.873000,11625,11626,11625,1
2019-12-06,15:00:24.609000,11625,11626,11626,1
2019-12-06,15:00:27.042000,11625,11626,11626,1
2019-12-06,15:00:29.522000,11625,11626,11625,2
2019-12-06,15:00:31.110000,11625,11626,11626,1
2019-12-06,15:00:31.658000,11625,11626,11625,5
2019-12-06,15:00:32.686000,11625,11626,11625,5
2019-12-06,15:00:33.018000,11625,11626,11625,1
2019-12-06,15:00:36.016000,11625,11626,11625,5
2019-12-06,15:00:37.201000,11625,11626,11626,1
2019-12-06,15:00:38.372000,11625,11626,11626,1
2019-12-06,15:00:38.500000,11625,11626,11625,1
2019-12-06,15:00:38.781000,11625,11626,11626,2
2019-12-06,15:00:40.045000,11625,11626,11625,2
2019-12-06,15:00:41.148000,11625,11626,11626,3
2019-12-06,15:00:41.660000,11625,11626,11626,1
2019-12-06,15:00:42.089000,11625,11626,11626,5
2019-12-06,15:00:44.760000,11625,11626,11625,1
2019-12-06,15:00:45.131000,11625,11626,11625,1
2019-12-06,15:00:45.503000,11625,11626,11625,4
2019-12-06,15:00:46.713000,11625,11626,11626,1
2019-12-06,15:00:48.042000,11625,11626,11625,4
2019-12-06,15:00:48.055000,11625,11626,11625,5
2019-12-06,15:00:48.180000,11625,11626,11625,3
2019-12-06,15:00:48.914000,11625,11626,11626,1
2019-12-06,15:00:50.537000,11625,11626,11625,1
2019-12-06,15:00:51.232000,11625,11626,11625,2
2019-12-06,15:00:51.680000,11625,11626,11625,2
2019-12-06,15:00:51.795000,11625,11626,11625,2
2019-12-06,15:00:51.805000,11625,11626,11625,9
2019-12-06,15:00:51.805000,11625,11626,11625,4
2019-12-06,15:00:51.805000,11625,11626,11625,3
2019-12-06,15:00:51.805000,11625,11626,11625,1
2019-12-06,15:00:51.805000,11625,11626,11625,1
2019-12-06,15:00:53.069000,11624,11625,11625,1
2019-12-06,15:00:53.578000,11624,11625,11625,2
2019-12-06,15:00:54.929000,11624,11625,11625,19
2019-12-06,15:00:54.929000,11625,11626,11625,2
2019-12-06,15:00:54.930000,11625,11626,11625,3
2019-12-06,15:00:54.930000,11625,11626,11625,4
2019-12-06,15:00:54.947000,11625,11626,11625,1
2019-12-06,15:00:55.612000,11624,11625,11624,21
2019-12-06,15:00:55.612000,11624,11625,11623,4
2019-12-06,15:00:55.697000,11624,11625,11624,1
2019-12-06,15:00:55.871000,11623,11624,11624,1
2019-12-06,15:00:58.105000,11623,11624,11623,1
2019-12-06,15:00:59.124000,11623,11624,11623,1
2019-12-06,15:01:00.029000,11623,11624,11624,2
2019-12-06,15:01:00.101000,11623,11624,11624,2
2019-12-06,15:01:00.122000,11623,11624,11624,1
2019-12-06,15:01:00.159000,11623,11624,11624,2
2019-12-06,15:01:00.291000,11623,11624,11625,1
2019-12-06,15:01:01.361000,11624,11625,11625,15
2019-12-06,15:01:01.361000,11624,11625,11625,7
2019-12-06,15:01:01.365000,11624,11625,11625,1
2019-12-06,15:01:01.403000,11624,11625,11625,3
2019-12-06,15:01:01.403000,11624,11625,11626,7
2019-12-06,15:01:01.403000,11624,11625,11626,11
2019-12-06,15:01:01.404000,11624,11625,11625,3
2019-12-06,15:01:01.404000,11624,11625,11626,12
2019-12-06,15:01:01.430000,11624,11626,11625,3
2019-12-06,15:01:01.440000,11624,11626,11626,1
2019-12-06,15:01:01.441000,11624,11626,11626,1
2019-12-06,15:01:01.444000,11624,11626,11626,1
2019-12-06,15:01:01.446000,11624,11626,11626,1
2019-12-06,15:01:01.449000,11624,11626,11626,1
2019-12-06,15:01:01.475000,11624,11626,11625,1
2019-12-06,15:01:01.619000,11625,11626,11625,2
2019-12-06,15:01:01.782000,11625,11626,11625,1
2019-12-06,15:01:05.592000,11626,11627,11627,1
2019-12-06,15:01:08.782000,11626,11627,11626,5
2019-12-06,15:01:09.029000,11626,11627,11627,16
2019-12-06,15:01:09.055000,11627,11628,11627,2
2019-12-06,15:01:09.180000,11627,11628,11627,1
2019-12-06,15:01:09.798000,11626,11627,11626,2
2019-12-06,15:01:11.472000,11626,11627,11626,1
2019-12-06,15:01:15.693000,11626,11627,11626,1
2019-12-06,15:01:19.935000,11626,11627,11626,1
2019-12-06,15:01:20.079000,11626,11627,11626,2
2019-12-06,15:01:20.169000,11626,11627,11626,1
2019-12-06,15:01:21.246000,11625,11626,11626,1
2019-12-06,15:01:21.940000,11625,11626,11626,1
2019-12-06,15:01:23.258000,11625,11626,11626,2
2019-12-06,15:01:23.370000,11625,11626,11625,1
2019-12-06,15:01:23.503000,11625,11626,11626,1
2019-12-06,15:01:26.453000,11625,11626,11626,1
2019-12-06,15:01:30.755000,11625,11626,11626,3
2019-12-06,15:01:30.821000,11625,11626,11626,3
2019-12-06,15:01:31.108000,11625,11626,11626,2
2019-12-06,15:01:33.115000,11626,11627,11627,3
2019-12-06,15:01:34.372000,11626,11627,11627,2
2019-12-06,15:01:34.646000,11626,11627,11626,1
2019-12-06,15:01:35.417000,11626,11627,11626,1
2019-12-06,15:01:37.260000,11626,11627,11627,2
2019-12-06,15:01:37.751000,11626,11627,11626,1
2019-12-06,15:01:37.826000,11626,11627,11626,5
2019-12-06,15:01:38.577000,11626,11627,11627,1
2019-12-06,15:01:39.938000,11626,11627,11626,1
2019-12-06,15:01:40.439000,11626,11627,11626,1
2019-12-06,15:01:40.481000,11626,11627,11627,3
2019-12-06,15:01:42.060000,11626,11627,11626,1
2019-12-06,15:01:42.789000,11626,11627,11626,1
2019-12-06,15:01:43.331000,11626,11627,11626,1
2019-12-06,15:01:44.345000,11626,11627,11627,3
2019-12-06,15:01:45.584000,11626,11627,11626,3
2019-12-06,15:01:46.166000,11626,11627,11626,3
2019-12-06,15:01:47.925000,11626,11627,11627,3
2019-12-06,15:01:48.180000,11626,11627,11627,1
2019-12-06,15:01:48.558000,11626,11627,11627,2
2019-12-06,15:01:49.297000,11626,11627,11626,3
2019-12-06,15:01:49.501000,11626,11627,11626,2
2019-12-06,15:01:49.885000,11626,11627,11626,5
2019-12-06,15:01:50.703000,11625,11626,11626,2
2019-12-06,15:01:53.138000,11625,11626,11626,3
2019-12-06,15:01:53.325000,11625,11626,11626,2
2019-12-06,15:01:53.615000,11626,11627,11627,3
2019-12-06,15:01:53.725000,11626,11627,11626,1
2019-12-06,15:01:54.496000,11626,11627,11626,1
2019-12-06,15:01:54.767000,11625,11627,11625,3
2019-12-06,15:01:54.968000,11625,11627,11625,1
2019-12-06,15:01:55.363000,11625,11626,11625,3
2019-12-06,15:01:57.365000,11625,11626,11625,1
2019-12-06,15:01:58.773000,11625,11626,11626,3
2019-12-06,15:01:59.145000,11625,11626,11626,3
2019-12-06,15:01:59.447000,11625,11626,11626,1
2019-12-06,15:01:59.558000,11625,11626,11626,4
2019-12-06,15:02:00.347000,11625,11626,11625,3
2019-12-06,15:02:00.413000,11625,11626,11626,3
2019-12-06,15:02:00.749000,11625,11626,11625,3
2019-12-06,15:02:02.428000,11625,11627,11625,5
2019-12-06,15:02:02.428000,11625,11627,11625,5
2019-12-06,15:02:02.560000,11625,11626,11625,2
2019-12-06,15:02:02.906000,11625,11626,11625,3
2019-12-06,15:02:02.910000,11625,11626,11626,3
2019-12-06,15:02:03.305000,11625,11626,11626,3
2019-12-06,15:02:04.004000,11625,11626,11626,1
2019-12-06,15:02:04.419000,11625,11626,11625,3
2019-12-06,15:02:04.747000,11625,11626,11626,1
2019-12-06,15:02:04.816000,11625,11626,11625,3
2019-12-06,15:02:04.861000,11625,11626,11626,2
2019-12-06,15:02:04.864000,11625,11626,11625,3
2019-12-06,15:02:04.950000,11625,11626,11625,1
2019-12-06,15:02:06.970000,11625,11626,11626,1
2019-12-06,15:02:06.970000,11625,11626,11627,2
2019-12-06,15:02:07.350000,11625,11627,11627,3
2019-12-06,15:02:08.328000,11626,11627,11626,2
2019-12-06,15:02:08.328000,11626,11627,11625,1
2019-12-06,15:02:08.638000,11625,11627,11625,3
2019-12-06,15:02:12.258000,11626,11627,11627,3
2019-12-06,15:02:13.911000,11626,11627,11626,1
2019-12-06,15:02:13.911000,11626,11627,11625,2
2019-12-06,15:02:13.947000,11625,11626,11626,2
2019-12-06,15:02:16.742000,11626,11627,11626,2
2019-12-06,15:02:17.329000,11626,11627,11626,1
2019-12-06,15:02:17.662000,11626,11627,11626,1
2019-12-06,15:02:18.948000,11625,11626,11626,2
2019-12-06,15:02:20.353000,11625,11626,11626,1
2019-12-06,15:02:23.797000,11626,11627,11626,1
2019-12-06,15:02:23.890000,11626,11627,11626,3
2019-12-06,15:02:26.104000,11626,11627,11626,1
2019-12-06,15:02:26.169000,11626,11627,11626,2
2019-12-06,15:02:29.170000,11626,11627,11626,1
2019-12-06,15:02:29.231000,11626,11627,11626,1
2019-12-06,15:02:30.479000,11626,11627,11626,1
2019-12-06,15:02:32.610000,11626,11627,11626,1
2019-12-06,15:02:40.371000,11626,11627,11627,2
2019-12-06,15:02:43.474000,11626,11627,11626,2
2019-12-06,15:02:43.574000,11626,11627,11626,1
2019-12-06,15:02:45.677000,11626,11627,11627,4
2019-12-06,15:02:47.641000,11626,11627,11626,1
2019-12-06,15:02:48.740000,11626,11627,11627,1
2019-12-06,15:02:49.249000,11626,11627,11626,1
2019-12-06,15:02:49.656000,11626,11627,11627,2
2019-12-06,15:02:50.593000,11626,11627,11626,2
2019-12-06,15:02:51.561000,11626,11627,11626,1
2019-12-06,15:02:59.418000,11626,11627,11626,3
2019-12-06,15:03:00.101000,11626,11627,11626,1
2019-12-06,15:03:00.132000,11626,11627,11627,5
2019-12-06,15:03:00.418000,11626,11627,11626,1
2019-12-06,15:03:00.697000,11626,11627,11627,40
2019-12-06,15:03:00.805000,11626,11627,11627,1
2019-12-06,15:03:00.805000,11626,11627,11627,1
2019-12-06,15:03:00.805000,11626,11627,11627,1
2019-12-06,15:03:00.830000,11626,11627,11627,2
2019-12-06,15:03:00.855000,11626,11627,11627,2
2019-12-06,15:03:00.881000,11626,11627,11627,2
2019-12-06,15:03:00.906000,11626,11627,11627,2
2019-12-06,15:03:01.209000,11627,11628,11627,1
2019-12-06,15:03:05.003000,11627,11628,11627,1
2019-12-06,15:03:05.069000,11627,11628,11628,1
2019-12-06,15:03:05.078000,11627,11628,11628,1
2019-12-06,15:03:08.810000,11627,11628,11628,8
2019-12-06,15:03:09.079000,11627,11628,11628,29
2019-12-06,15:03:09.548000,11628,11629,11628,1
2019-12-06,15:03:11.539000,11628,11629,11628,2
2019-12-06,15:03:15.460000,11628,11629,11628,1
2019-12-06,15:03:15.464000,11628,11629,11629,1
2019-12-06,15:03:16.136000,11627,11629,11629,2
2019-12-06,15:03:17.003000,11628,11629,11628,1
2019-12-06,15:03:17.003000,11628,11629,11627,2
2019-12-06,15:03:17.306000,11627,11629,11627,2
2019-12-06,15:03:18.714000,11628,11629,11629,2
2019-12-06,15:03:19.628000,11628,11629,11628,2
2019-12-06,15:03:20.708000,11628,11629,11628,1
2019-12-06,15:03:20.971000,11628,11629,11628,1
2019-12-06,15:03:21.552000,11627,11628,11628,2
2019-12-06,15:03:22.465000,11628,11629,11628,1
2019-12-06,15:03:22.465000,11628,11629,11627,1
2019-12-06,15:03:24.402000,11627,11629,11629,2
2019-12-06,15:03:25.214000,11627,11629,11628,1
2019-12-06,15:03:25.214000,11627,11629,11627,1
2019-12-06,15:03:28.436000,11627,11628,11628,3
2019-12-06,15:03:28.665000,11627,11629,11628,2
2019-12-06,15:03:30.182000,11627,11628,11627,2
2019-12-06,15:03:30.901000,11627,11628,11628,2
2019-12-06,15:03:32.857000,11627,11628,11628,2
2019-12-06,15:03:34.100000,11627,11628,11627,2
2019-12-06,15:03:37.024000,11627,11628,11628,2
2019-12-06,15:03:37.736000,11627,11628,11628,1
2019-12-06,15:03:38.066000,11627,11628,11627,2
2019-12-06,15:03:38.412000,11627,11628,11627,1
2019-12-06,15:03:43.196000,11627,11628,11628,4
2019-12-06,15:03:46.916000,11627,11628,11628,5
2019-12-06,15:03:46.930000,11627,11628,11628,1
2019-12-06,15:03:47.525000,11627,11629,11627,2
2019-12-06,15:03:48.560000,11627,11628,11627,1
2019-12-06,15:03:56.696000,11627,11628,11627,1
2019-12-06,15:04:00.016000,11627,11628,11627,1
2019-12-06,15:04:03.504000,11627,11628,11628,2
2019-12-06,15:04:05.045000,11627,11628,11627,2
2019-12-06,15:04:05.061000,11627,11628,11628,1
2019-12-06,15:04:05.277000,11627,11628,11628,1
2019-12-06,15:04:06.782000,11627,11628,11627,1
2019-12-06,15:04:12.123000,11627,11628,11627,1
2019-12-06,15:04:12.505000,11627,11628,11628,2
2019-12-06,15:04:13.814000,11627,11628,11627,2
2019-12-06,15:04:15.207000,11627,11628,11627,1
2019-12-06,15:04:15.883000,11627,11628,11628,2
2019-12-06,15:04:16.954000,11627,11628,11627,2
2019-12-06,15:04:16.975000,11627,11628,11627,1
2019-12-06,15:04:19.013000,11627,11628,11628,2
2019-12-06,15:04:19.942000,11627,11628,11627,2
2019-12-06,15:04:21.356000,11627,11628,11627,2
2019-12-06,15:04:21.430000,11627,11628,11627,1
2019-12-06,15:04:21.472000,11627,11628,11627,14
2019-12-06,15:04:22.820000,11626,11627,11626,1
2019-12-06,15:04:25.854000,11626,11627,11627,1
2019-12-06,15:04:26.128000,11626,11627,11626,1
2019-12-06,15:04:26.591000,11626,11627,11626,1
2019-12-06,15:04:29.093000,11626,11627,11626,1
2019-12-06,15:04:32.780000,11626,11627,11627,1
2019-12-06,15:04:34.931000,11626,11627,11626,1
2019-12-06,15:04:36.895000,11626,11627,11627,2
2019-12-06,15:04:38.757000,11626,11627,11626,2
2019-12-06,15:04:42.463000,11626,11627,11627,2
2019-12-06,15:04:43.492000,11626,11627,11626,2
2019-12-06,15:04:45.490000,11626,11627,11626,1
2019-12-06,15:04:45.846000,11626,11627,11626,2
2019-12-06,15:04:48.452000,11626,11627,11626,4
2019-12-06,15:04:50.378000,11626,11627,11626,1
2019-12-06,15:04:51.480000,11626,11627,11626,1
2019-12-06,15:05:00.209000,11626,11627,11626,1
2019-12-06,15:05:00.575000,11626,11627,11626,1
2019-12-06,15:05:00.697000,11625,11627,11625,1
2019-12-06,15:05:02.867000,11625,11627,11625,5
2019-12-06,15:05:05.143000,11626,11627,11626,1
2019-12-06,15:05:05.491000,11626,11627,11626,1
2019-12-06,15:05:06.124000,11626,11627,11627,1
2019-12-06,15:05:07.746000,11626,11627,11626,1
2019-12-06,15:05:12.363000,11626,11627,11626,1
2019-12-06,15:05:15.689000,11626,11627,11626,1
2019-12-06,15:05:17.678000,11626,11627,11626,1
2019-12-06,15:05:26.314000,11626,11627,11627,1
2019-12-06,15:05:27.938000,11626,11627,11626,1
2019-12-06,15:05:28.265000,11626,11627,11626,4
2019-12-06,15:05:38.099000,11626,11627,11627,1
2019-12-06,15:05:38.375000,11626,11627,11627,1
2019-12-06,15:05:38.569000,11626,11627,11627,1
2019-12-06,15:05:38.742000,11626,11627,11626,2
2019-12-06,15:05:39.569000,11626,11627,11626,1
2019-12-06,15:05:40.652000,11626,11627,11626,1
2019-12-06,15:05:42.536000,11626,11627,11626,1
2019-12-06,15:05:43.325000,11626,11627,11626,10
2019-12-06,15:05:46.048000,11625,11626,11625,1
2019-12-06,15:05:55.603000,11625,11626,11625,2
2019-12-06,15:06:01.910000,11625,11626,11625,2
2019-12-06,15:06:05.586000,11625,11626,11625,1
2019-12-06,15:06:08.106000,11625,11626,11625,1
2019-12-06,15:06:16.710000,11625,11626,11625,2
2019-12-06,15:06:22.373000,11625,11626,11625,1
2019-12-06,15:06:28.217000,11625,11626,11625,4
2019-12-06,15:06:29.219000,11625,11626,11625,1
2019-12-06,15:06:37.188000,11625,11626,11625,1
2019-12-06,15:06:39.499000,11625,11626,11625,1
2019-12-06,15:06:43.899000,11625,11626,11625,1
2019-12-06,15:06:45.439000,11625,11626,11625,1
2019-12-06,15:06:45.439000,11625,11626,11625,1
2019-12-06,15:06:45.441000,11625,11626,11625,1
2019-12-06,15:06:45.441000,11625,11626,11625,1
2019-12-06,15:06:45.555000,11625,11626,11625,3
2019-12-06,15:06:45.556000,11625,11626,11625,39
2019-12-06,15:06:51.151000,11624,11625,11625,1
2019-12-06,15:06:55.913000,11624,11625,11624,1
2019-12-06,15:06:56.658000,11624,11625,11624,1
2019-12-06,15:06:58.254000,11624,11625,11624,11
2019-12-06,15:06:58.254000,11624,11625,11623,14
2019-12-06,15:07:00.958000,11623,11624,11624,1
2019-12-06,15:07:01.358000,11623,11624,11623,1
2019-12-06,15:07:01.900000,11623,11624,11624,1
2019-12-06,15:07:03.235000,11624,11625,11624,1
2019-12-06,15:07:05.404000,11624,11625,11624,1
2019-12-06,15:07:05.606000,11623,11625,11624,1
2019-12-06,15:07:10.145000,11623,11624,11623,4
2019-12-06,15:07:10.735000,11623,11624,11624,1
2019-12-06,15:07:13.574000,11623,11624,11623,5
2019-12-06,15:07:16.917000,11623,11624,11623,4
2019-12-06,15:07:17.304000,11623,11624,11623,1
2019-12-06,15:07:18.698000,11623,11624,11623,3
2019-12-06,15:07:19.790000,11622,11623,11622,1
2019-12-06,15:07:20.026000,11622,11623,11622,5
2019-12-06,15:07:21.304000,11622,11623,11622,2
2019-12-06,15:07:23.921000,11622,11623,11622,2
2019-12-06,15:07:24.535000,11622,11623,11622,1
2019-12-06,15:07:25.849000,11622,11623,11622,1
2019-12-06,15:07:26.135000,11622,11623,11622,3
2019-12-06,15:07:26.140000,11622,11623,11622,1
2019-12-06,15:07:27.680000,11622,11623,11622,1
2019-12-06,15:07:28.503000,11622,11623,11622,4
2019-12-06,15:07:28.503000,11622,11623,11621,16
2019-12-06,15:07:28.556000,11621,11623,11622,1
2019-12-06,15:07:28.917000,11621,11622,11622,4
2019-12-06,15:07:29.783000,11621,11622,11621,1
2019-12-06,15:07:29.788000,11621,11622,11622,1
2019-12-06,15:07:32.610000,11621,11622,11622,1
2019-12-06,15:07:33.474000,11621,11622,11622,1
2019-12-06,15:07:36.541000,11621,11622,11621,1
2019-12-06,15:07:36.643000,11621,11622,11621,1
2019-12-06,15:07:38.371000,11621,11622,11621,1
2019-12-06,15:07:39.661000,11621,11622,11621,1
2019-12-06,15:07:40.568000,11621,11622,11622,7
2019-12-06,15:07:41.675000,11621,11622,11622,1
2019-12-06,15:07:41.675000,11621,11622,11623,1
2019-12-06,15:07:42.622000,11622,11623,11622,2
2019-12-06,15:07:43.090000,11622,11623,11622,1
2019-12-06,15:07:45.586000,11622,11623,11622,1
2019-12-06,15:07:47.976000,11622,11623,11622,1
2019-12-06,15:07:48.593000,11622,11623,11622,1
2019-12-06,15:07:49.390000,11621,11623,11621,1
2019-12-06,15:07:53.253000,11622,11623,11622,1
2019-12-06,15:07:53.967000,11622,11623,11622,1
2019-12-06,15:07:54.399000,11622,11623,11622,5
2019-12-06,15:07:56.802000,11622,11623,11622,1
2019-12-06,15:07:57.285000,11622,11623,11622,1
2019-12-06,15:08:05.411000,11622,11623,11622,1
2019-12-06,15:08:06.658000,11622,11623,11622,1
2019-12-06,15:08:09.115000,11622,11623,11622,1
2019-12-06,15:08:09.187000,11622,11623,11623,1
2019-12-06,15:08:09.189000,11622,11623,11623,1
2019-12-06,15:08:09.190000,11622,11623,11623,1
2019-12-06,15:08:09.191000,11622,11623,11623,1
2019-12-06,15:08:09.193000,11622,11623,11623,1
2019-12-06,15:08:09.195000,11622,11623,11623,1
2019-12-06,15:08:09.195000,11622,11623,11623,1
2019-12-06,15:08:09.199000,11622,11623,11623,1
2019-12-06,15:08:09.201000,11622,11623,11623,1
2019-12-06,15:08:11.350000,11622,11623,11622,1
2019-12-06,15:08:11.899000,11622,11623,11623,3
2019-12-06,15:08:17.124000,11622,11623,11623,1
2019-12-06,15:08:17.181000,11622,11623,11623,8
2019-12-06,15:08:33.558000,11623,11624,11623,1
2019-12-06,15:08:45.619000,11623,11624,11623,1
2019-12-06,15:08:46.298000,11623,11624,11623,1
2019-12-06,15:08:56.250000,11623,11624,11623,2
2019-12-06,15:08:57.233000,11623,11624,11623,2
2019-12-06,15:09:04.397000,11623,11624,11623,1
2019-12-06,15:09:11.570000,11623,11624,11624,14
2019-12-06,15:09:11.805000,11623,11624,11624,4
2019-12-06,15:09:11.930000,11623,11624,11624,2
2019-12-06,15:09:11.955000,11623,11624,11624,2
2019-12-06,15:09:26.384000,11623,11624,11624,2
2019-12-06,15:09:30.562000,11623,11624,11623,1
2019-12-06,15:09:36.410000,11623,11624,11624,1
2019-12-06,15:09:37.596000,11623,11624,11624,1
2019-12-06,15:09:39.450000,11623,11624,11624,1
2019-12-06,15:09:40.106000,11623,11624,11623,5
2019-12-06,15:09:40.616000,11623,11624,11624,1
2019-12-06,15:09:50.259000,11623,11624,11624,1
2019-12-06,15:09:50.321000,11623,11624,11623,1
2019-12-06,15:09:50.396000,11623,11624,11623,1
2019-12-06,15:09:59.276000,11623,11624,11624,1
2019-12-06,15:09:59.742000,11623,11624,11623,1
2019-12-06,15:10:01.604000,11623,11624,11623,1
2019-12-06,15:10:02.209000,11623,11624,11623,2
2019-12-06,15:10:04.804000,11623,11624,11623,1
2019-12-06,15:10:06.215000,11623,11624,11623,1
2019-12-06,15:10:06.713000,11623,11624,11623,1
2019-12-06,15:10:08.338000,11623,11624,11623,10
2019-12-06,15:10:09.529000,11623,11624,11623,1
2019-12-06,15:10:10.744000,11623,11624,11624,4
2019-12-06,15:10:12.551000,11623,11624,11624,2
2019-12-06,15:10:15.298000,11623,11624,11623,1
2019-12-06,15:10:17.357000,11623,11624,11623,10
2019-12-06,15:10:17.601000,11623,11624,11623,1
2019-12-06,15:10:20.118000,11623,11624,11623,1
2019-12-06,15:10:27.464000,11623,11624,11623,1
2019-12-06,15:10:29.063000,11623,11624,11623,1
2019-12-06,15:10:30.897000,11623,11624,11623,1
2019-12-06,15:10:51.341000,11622,11623,11623,2
2019-12-06,15:11:00.281000,11622,11623,11623,1
2019-12-06,15:11:01.091000,11622,11623,11623,1
2019-12-06,15:11:05.185000,11622,11623,11622,1
2019-12-06,15:11:14.914000,11622,11623,11623,1
2019-12-06,15:11:15.151000,11622,11623,11622,3
2019-12-06,15:11:16.007000,11622,11623,11623,2
2019-12-06,15:11:17.659000,11623,11624,11623,1
2019-12-06,15:11:19.602000,11622,11623,11623,1
2019-12-06,15:11:21.188000,11622,11623,11623,1
2019-12-06,15:11:23.728000,11623,11624,11623,1
2019-12-06,15:11:24.539000,11623,11624,11623,1
2019-12-06,15:11:27.281000,11623,11624,11623,2
2019-12-06,15:11:28.372000,11623,11624,11623,4
2019-12-06,15:11:29.242000,11622,11623,11622,1
2019-12-06,15:11:33.033000,11622,11623,11622,1
2019-12-06,15:11:41.299000,11622,11623,11622,1
2019-12-06,15:11:43.807000,11622,11623,11622,2
2019-12-06,15:11:57.478000,11622,11623,11623,2
2019-12-06,15:12:04.687000,11622,11623,11623,4
2019-12-06,15:12:04.805000,11622,11623,11623,2
2019-12-06,15:12:05.943000,11622,11623,11622,1
2019-12-06,15:12:16.259000,11622,11623,11623,3
2019-12-06,15:12:18.965000,11623,11624,11623,1
2019-12-06,15:12:19.277000,11623,11624,11624,1
2019-12-06,15:12:21.483000,11623,11624,11623,1
2019-12-06,15:12:24.098000,11623,11624,11623,1
2019-12-06,15:12:27.871000,11623,11624,11623,1
2019-12-06,15:12:30.868000,11623,11624,11624,10
2019-12-06,15:12:32.309000,11623,11624,11623,1
2019-12-06,15:12:37.147000,11623,11624,11624,10
2019-12-06,15:12:37.180000,11623,11624,11624,7
2019-12-06,15:12:37.447000,11624,11625,11624,5
2019-12-06,15:12:48.016000,11624,11625,11625,1
2019-12-06,15:12:51.728000,11624,11625,11625,1
2019-12-06,15:12:52.099000,11624,11625,11625,10
2019-12-06,15:12:52.878000,11624,11625,11624,1
2019-12-06,15:12:53.602000,11624,11625,11625,27
2019-12-06,15:12:53.680000,11624,11625,11625,2
2019-12-06,15:12:53.705000,11624,11625,11625,2
2019-12-06,15:12:53.730000,11624,11625,11625,2
2019-12-06,15:12:53.756000,11624,11625,11625,2
2019-12-06,15:12:53.781000,11624,11625,11625,2
2019-12-06,15:12:53.817000,11625,11626,11625,5
2019-12-06,15:12:54.027000,11625,11626,11625,1
2019-12-06,15:12:54.998000,11625,11626,11626,10
2019-12-06,15:12:55.150000,11625,11626,11626,2
2019-12-06,15:12:56.031000,11625,11626,11626,1
2019-12-06,15:12:56.076000,11625,11626,11626,8
2019-12-06,15:12:56.180000,11625,11626,11626,4
2019-12-06,15:12:56.608000,11625,11626,11625,1
2019-12-06,15:12:56.698000,11625,11626,11626,3
2019-12-06,15:12:57.374000,11625,11626,11626,2
2019-12-06,15:12:57.399000,11625,11626,11626,2
2019-12-06,15:12:57.502000,11625,11627,11626,5
2019-12-06,15:12:57.857000,11626,11627,11627,1
2019-12-06,15:12:59.082000,11626,11627,11627,2
2019-12-06,15:13:02.317000,11626,11627,11627,2
2019-12-06,15:13:04.219000,11626,11627,11626,1
2019-12-06,15:13:07.189000,11626,11627,11627,1
2019-12-06,15:13:07.787000,11626,11627,11626,3
2019-12-06,15:13:12.748000,11626,11627,11626,1
2019-12-06,15:13:12.930000,11626,11627,11627,4
2019-12-06,15:13:13.055000,11626,11627,11627,26
2019-12-06,15:13:14.160000,11627,11628,11627,1
2019-12-06,15:13:18.523000,11627,11628,11627,1
2019-12-06,15:13:18.742000,11627,11628,11627,1
2019-12-06,15:13:23.541000,11627,11628,11628,1
2019-12-06,15:13:26.980000,11627,11628,11627,3
2019-12-06,15:13:28.017000,11627,11628,11628,1
2019-12-06,15:13:29.364000,11627,11628,11628,1
2019-12-06,15:13:30.875000,11627,11628,11628,1
2019-12-06,15:13:30.902000,11627,11628,11628,2
2019-12-06,15:13:37.273000,11627,11628,11628,3
2019-12-06,15:13:37.673000,11627,11628,11627,1
2019-12-06,15:13:38.690000,11627,11628,11627,1
2019-12-06,15:13:38.930000,11627,11628,11627,11
2019-12-06,15:13:41.263000,11626,11627,11627,1
2019-12-06,15:13:41.821000,11626,11627,11627,1
2019-12-06,15:13:42.259000,11626,11627,11627,1
2019-12-06,15:13:42.735000,11626,11627,11627,1
2019-12-06,15:13:43.617000,11626,11627,11626,1
2019-12-06,15:13:44.189000,11626,11627,11627,2
2019-12-06,15:13:56.199000,11626,11627,11627,1
2019-12-06,15:14:01.206000,11626,11627,11627,1
2019-12-06,15:14:01.814000,11626,11627,11627,5
2019-12-06,15:14:02.219000,11626,11627,11627,9
2019-12-06,15:14:03.424000,11626,11627,11627,1
2019-12-06,15:14:15.552000,11626,11627,11626,1
2019-12-06,15:14:19.481000,11626,11627,11626,11
2019-12-06,15:14:27.274000,11625,11626,11626,4
2019-12-06,15:14:27.890000,11625,11626,11626,1
2019-12-06,15:14:32.154000,11625,11626,11626,1
2019-12-06,15:14:36.294000,11625,11626,11626,1
2019-12-06,15:14:37.522000,11625,11626,11626,1
2019-12-06,15:14:46.374000,11625,11626,11625,1
2019-12-06,15:14:48.459000,11625,11626,11626,1
2019-12-06,15:14:50.265000,11625,11626,11626,5
2019-12-06,15:14:51.910000,11625,11626,11626,5
2019-12-06,15:15:02.357000,11625,11626,11626,1
2019-12-06,15:15:12.516000,11625,11626,11625,1
2019-12-06,15:15:19.004000,11625,11626,11625,2
2019-12-06,15:15:25.530000,11625,11626,11625,8
2019-12-06,15:15:30.430000,11624,11625,11625,1
2019-12-06,15:15:30.495000,11624,11625,11625,1
2019-12-06,15:15:38.210000,11624,11626,11624,1
2019-12-06,15:15:40.917000,11624,11625,11624,1
2019-12-06,15:15:41.180000,11624,11625,11625,1
2019-12-06,15:15:46.247000,11625,11626,11625,1
2019-12-06,15:15:51.398000,11625,11626,11625,1
2019-12-06,15:15:55.533000,11625,11626,11625,3
2019-12-06,15:16:03.572000,11625,11626,11625,1
2019-12-06,15:16:09.564000,11624,11625,11624,1
2019-12-06,15:16:13.296000,11624,11625,11624,1
2019-12-06,15:16:13.312000,11624,11625,11625,1
2019-12-06,15:16:13.312000,11624,11625,11625,1
2019-12-06,15:16:13.312000,11624,11625,11625,1
2019-12-06,15:16:13.312000,11624,11625,11625,3
2019-12-06,15:16:13.313000,11624,11625,11626,2
2019-12-06,15:16:13.321000,11624,11625,11626,1
2019-12-06,15:16:13.321000,11624,11625,11626,2
2019-12-06,15:16:13.322000,11624,11625,11626,1
2019-12-06,15:16:13.323000,11624,11625,11626,1
2019-12-06,15:16:13.327000,11624,11625,11626,1
2019-12-06,15:16:13.328000,11624,11625,11626,1
2019-12-06,15:16:13.329000,11624,11625,11626,1
2019-12-06,15:16:25.305000,11624,11625,11625,4
2019-12-06,15:16:28.812000,11624,11625,11625,1
2019-12-06,15:16:31.262000,11624,11625,11625,4
2019-12-06,15:16:43.909000,11624,11625,11625,1
2019-12-06,15:17:04.430000,11624,11625,11625,1
2019-12-06,15:17:06.535000,11624,11625,11624,1
2019-12-06,15:18:03.550000,11624,11625,11624,1
2019-12-06,15:18:09.891000,11624,11625,11625,1
2019-12-06,15:18:22.899000,11624,11625,11624,2
2019-12-06,15:18:23.108000,11624,11625,11624,11
2019-12-06,15:18:23.109000,11624,11625,11624,1
2019-12-06,15:18:59.874000,11623,11624,11623,1
2019-12-06,15:19:00.614000,11623,11624,11623,1
2019-12-06,15:19:02.570000,11623,11624,11623,1
2019-12-06,15:19:02.742000,11623,11624,11623,1
2019-12-06,15:19:03.476000,11623,11624,11623,1
2019-12-06,15:19:06.527000,11623,11624,11623,1
2019-12-06,15:19:14.781000,11623,11624,11624,1
2019-12-06,15:19:14.805000,11623,11624,11624,8
2019-12-06,15:19:14.875000,11623,11624,11624,1
2019-12-06,15:19:14.894000,11623,11624,11624,1
2019-12-06,15:19:14.930000,11623,11624,11624,3
2019-12-06,15:19:15.312000,11624,11625,11625,2
2019-12-06,15:19:15.322000,11624,11625,11625,1
2019-12-06,15:19:15.369000,11624,11625,11624,1
2019-12-06,15:19:24.751000,11624,11625,11624,1
2019-12-06,15:19:36.044000,11624,11625,11624,1
2019-12-06,15:19:39.403000,11624,11625,11624,1
2019-12-06,15:19:55.079000,11624,11625,11624,1
2019-12-06,15:19:57.485000,11624,11625,11624,1
2019-12-06,15:19:58.277000,11624,11625,11624,1
2019-12-06,15:20:03.918000,11624,11625,11624,2
2019-12-06,15:20:04.356000,11624,11625,11624,1
2019-12-06,15:20:04.363000,11624,11625,11624,2
2019-12-06,15:20:04.741000,11624,11625,11624,1
2019-12-06,15:20:12.268000,11624,11625,11624,2
2019-12-06,15:20:14.826000,11624,11625,11624,1
2019-12-06,15:20:27.723000,11623,11624,11624,1
2019-12-06,15:20:28.241000,11624,11625,11624,1
2019-12-06,15:20:30.326000,11623,11624,11624,1
2019-12-06,15:20:33.547000,11623,11624,11624,2
2019-12-06,15:20:33.739000,11624,11625,11625,1
2019-12-06,15:20:49.305000,11624,11625,11624,2
2019-12-06,15:20:54.580000,11623,11625,11623,1
2019-12-06,15:20:54.951000,11623,11625,11623,1
2019-12-06,15:21:03.105000,11623,11624,11624,1
2019-12-06,15:21:05.893000,11623,11624,11624,1
2019-12-06,15:21:11.625000,11623,11624,11623,1
2019-12-06,15:21:21.061000,11623,11624,11623,1
2019-12-06,15:21:21.414000,11623,11624,11624,1
2019-12-06,15:21:24.480000,11623,11624,11624,1
2019-12-06,15:21:26.924000,11623,11624,11624,1
2019-12-06,15:21:37.668000,11623,11624,11624,4
2019-12-06,15:21:45.537000,11624,11625,11624,1
2019-12-06,15:21:51.565000,11624,11625,11624,1
2019-12-06,15:22:03.427000,11624,11625,11624,5
2019-12-06,15:22:27.654000,11623,11624,11624,1
2019-12-06,15:22:38.352000,11623,11624,11624,1
2019-12-06,15:22:48.303000,11623,11624,11624,1
2019-12-06,15:22:48.487000,11624,11625,11624,1
2019-12-06,15:22:49.589000,11624,11625,11624,1
2019-12-06,15:22:51.012000,11624,11625,11624,1
2019-12-06,15:23:00.600000,11624,11625,11624,1
2019-12-06,15:23:11.505000,11623,11624,11623,1
2019-12-06,15:23:25.033000,11623,11624,11624,1
2019-12-06,15:23:27.018000,11623,11624,11624,3
2019-12-06,15:23:28.064000,11623,11624,11624,1
2019-12-06,15:23:28.278000,11623,11625,11623,1
2019-12-06,15:23:45.494000,11623,11624,11623,1
2019-12-06,15:23:48.512000,11623,11624,11623,1
2019-12-06,15:24:01.971000,11623,11624,11624,3
2019-12-06,15:24:14.673000,11624,11625,11624,1
2019-12-06,15:24:23.134000,11624,11625,11624,5
2019-12-06,15:24:41.097000,11623,11624,11623,1
2019-12-06,15:24:41.159000,11623,11624,11624,1
2019-12-06,15:24:42.575000,11623,11624,11623,1
2019-12-06,15:24:48.665000,11623,11624,11623,10
2019-12-06,15:24:51.614000,11623,11624,11624,1
2019-12-06,15:25:09.821000,11623,11624,11624,1
2019-12-06,15:25:17.959000,11623,11624,11624,2
2019-12-06,15:25:20.704000,11623,11624,11623,1
2019-12-06,15:25:39.503000,11623,11624,11623,1
2019-12-06,15:25:44.746000,11623,11624,11623,1
2019-12-06,15:26:17.179000,11623,11624,11623,1
2019-12-06,15:26:23.716000,11623,11624,11623,5
2019-12-06,15:26:25.153000,11623,11624,11623,5
2019-12-06,15:26:30.782000,11623,11624,11623,5
2019-12-06,15:26:32.380000,11623,11624,11623,1
2019-12-06,15:26:32.381000,11623,11624,11623,1
2019-12-06,15:26:32.381000,11623,11624,11623,1
2019-12-06,15:26:32.381000,11623,11624,11623,2
2019-12-06,15:26:32.430000,11623,11624,11623,1
2019-12-06,15:26:36.185000,11623,11624,11623,1
2019-12-06,15:26:36.559000,11623,11624,11623,1
2019-12-06,15:26:44.350000,11623,11624,11623,6
2019-12-06,15:26:50.162000,11622,11623,11622,19
2019-12-06,15:26:50.294000,11622,11623,11622,19
2019-12-06,15:26:50.663000,11622,11623,11622,4
2019-12-06,15:26:52.504000,11621,11622,11621,5
2019-12-06,15:26:52.768000,11621,11622,11622,1
2019-12-06,15:26:53.036000,11621,11622,11621,40
2019-12-06,15:26:53.037000,11621,11622,11621,3
2019-12-06,15:26:53.037000,11621,11622,11621,3
2019-12-06,15:26:53.038000,11621,11622,11621,1
2019-12-06,15:26:53.055000,11621,11622,11621,1
2019-12-06,15:26:53.123000,11621,11622,11621,2
2019-12-06,15:26:53.180000,11620,11622,11621,1
2019-12-06,15:27:02.455000,11620,11621,11621,1
2019-12-06,15:27:06.625000,11620,11621,11620,1
2019-12-06,15:27:06.700000,11620,11621,11620,1
2019-12-06,15:27:06.748000,11620,11621,11620,1
2019-12-06,15:27:06.819000,11620,11621,11620,1
2019-12-06,15:27:06.876000,11620,11621,11620,1
2019-12-06,15:27:06.907000,11620,11621,11620,1
2019-12-06,15:27:06.941000,11620,11621,11620,1
2019-12-06,15:27:06.962000,11620,11621,11620,1
2019-12-06,15:27:07.084000,11620,11621,11620,1
2019-12-06,15:27:07.124000,11620,11621,11620,1
2019-12-06,15:27:07.144000,11620,11621,11620,1
2019-12-06,15:27:07.170000,11620,11621,11620,1
2019-12-06,15:27:07.264000,11620,11621,11620,1
2019-12-06,15:27:09.415000,11620,11621,11621,10
2019-12-06,15:27:10.753000,11620,11621,11620,21
2019-12-06,15:27:14.495000,11620,11621,11621,10
2019-12-06,15:27:15.061000,11620,11622,11620,2
2019-12-06,15:27:22.438000,11620,11622,11620,1
2019-12-06,15:27:24.189000,11621,11622,11621,1
2019-12-06,15:27:30.865000,11620,11621,11621,1
2019-12-06,15:27:32.751000,11620,11622,11620,1
2019-12-06,15:27:33.510000,11620,11622,11620,1
2019-12-06,15:27:57.524000,11620,11621,11620,1
2019-12-06,15:28:00.747000,11620,11621,11620,2
2019-12-06,15:28:09.155000,11620,11621,11620,1
2019-12-06,15:28:14.020000,11620,11621,11620,35
2019-12-06,15:28:14.020000,11620,11621,11619,62
2019-12-06,15:28:14.056000,11618,11619,11618,5
2019-12-06,15:28:14.056000,11618,11619,11619,3
2019-12-06,15:28:14.057000,11618,11619,11619,3
2019-12-06,15:28:14.094000,11618,11619,11618,1
2019-12-06,15:28:14.223000,11618,11619,11618,1
2019-12-06,15:28:14.341000,11618,11619,11618,1
2019-12-06,15:28:19.777000,11618,11619,11619,1
2019-12-06,15:28:21.404000,11618,11619,11618,4
2019-12-06,15:28:24.489000,11618,11619,11618,4
2019-12-06,15:28:25.610000,11618,11619,11618,4
2019-12-06,15:28:26.209000,11618,11619,11618,1
2019-12-06,15:28:27.517000,11618,11619,11618,2
2019-12-06,15:28:28.686000,11618,11619,11619,1
2019-12-06,15:28:29.947000,11618,11619,11618,2
2019-12-06,15:28:30.306000,11618,11619,11618,2
2019-12-06,15:28:30.536000,11618,11619,11618,2
2019-12-06,15:28:30.550000,11618,11619,11619,1
2019-12-06,15:28:30.555000,11618,11619,11618,1
2019-12-06,15:28:30.994000,11618,11619,11618,3
2019-12-06,15:28:31.254000,11618,11619,11618,1
2019-12-06,15:28:32.335000,11618,11619,11618,1
2019-12-06,15:28:32.372000,11618,11619,11618,1
2019-12-06,15:28:32.492000,11618,11619,11619,1
2019-12-06,15:28:32.812000,11618,11619,11618,1
2019-12-06,15:28:33.830000,11618,11619,11619,2
2019-12-06,15:28:34.297000,11618,11619,11618,1
2019-12-06,15:28:39.165000,11618,11619,11618,3
2019-12-06,15:28:39.798000,11618,11619,11618,1
2019-12-06,15:28:39.943000,11618,11619,11618,2
2019-12-06,15:28:41.076000,11618,11619,11618,10
2019-12-06,15:28:49.610000,11617,11618,11618,1
2019-12-06,15:28:53.293000,11617,11618,11617,1
2019-12-06,15:28:53.465000,11617,11618,11617,1
2019-12-06,15:28:55.660000,11617,11618,11617,1
2019-12-06,15:28:57.461000,11617,11618,11617,3
2019-12-06,15:28:58.805000,11617,11618,11617,3
2019-12-06,15:28:59.641000,11617,11618,11617,1
2019-12-06,15:29:00.189000,11617,11618,11617,1
2019-12-06,15:29:00.429000,11617,11618,11618,2
2019-12-06,15:29:02.164000,11617,11618,11617,1
2019-12-06,15:29:02.166000,11617,11618,11618,6
2019-12-06,15:29:10.913000,11617,11618,11618,1
2019-12-06,15:29:13.333000,11617,11618,11618,3
2019-12-06,15:29:13.355000,11617,11618,11619,1
2019-12-06,15:29:13.672000,11618,11619,11619,1
2019-12-06,15:29:13.695000,11618,11619,11619,1
2019-12-06,15:29:21.311000,11618,11619,11618,1
2019-12-06,15:29:23.273000,11618,11619,11618,7
2019-12-06,15:29:27.504000,11618,11619,11618,1
2019-12-06,15:29:28.359000,11618,11619,11619,1
2019-12-06,15:29:28.847000,11618,11619,11619,2
2019-12-06,15:29:32.550000,11618,11619,11619,1
2019-12-06,15:29:34.065000,11618,11619,11619,2
2019-12-06,15:29:34.269000,11618,11619,11619,2
2019-12-06,15:29:35.254000,11618,11619,11619,1
2019-12-06,15:29:36.540000,11618,11619,11619,1
2019-12-06,15:29:37.305000,11618,11619,11619,1
2019-12-06,15:29:37.305000,11618,11619,11619,5
2019-12-06,15:29:38.409000,11619,11620,11620,4
2019-12-06,15:29:41.559000,11620,11621,11620,20
2019-12-06,15:29:44.733000,11620,11621,11620,1
2019-12-06,15:29:45.342000,11620,11621,11621,1
2019-12-06,15:29:45.883000,11620,11621,11621,1
2019-12-06,15:29:49.114000,11620,11621,11621,1
2019-12-06,15:29:49.844000,11620,11621,11621,1
2019-12-06,15:29:51.274000,11620,11621,11621,1
2019-12-06,15:29:56.301000,11620,11621,11620,10
2019-12-06,15:30:01.841000,11620,11621,11620,1
2019-12-06,15:30:02.389000,11620,11621,11621,3
2019-12-06,15:30:05.371000,11620,11621,11621,2
2019-12-06,15:30:06.550000,11621,11622,11621,2
2019-12-06,15:30:11.844000,11620,11621,11620,1
2019-12-06,15:30:12.359000,11620,11621,11620,1
2019-12-06,15:30:12.741000,11620,11621,11620,1
2019-12-06,15:30:18.583000,11620,11621,11620,10
2019-12-06,15:30:19.580000,11619,11620,11620,1
2019-12-06,15:30:19.660000,11619,11620,11620,2
2019-12-06,15:30:23.915000,11619,11620,11619,2
2019-12-06,15:30:23.986000,11618,11619,11618,1
2019-12-06,15:30:24.587000,11618,11619,11618,1
2019-12-06,15:30:29.069000,11618,11619,11618,1
2019-12-06,15:30:29.254000,11618,11619,11618,1
2019-12-06,15:30:30.894000,11618,11619,11618,1
2019-12-06,15:30:33.669000,11618,11619,11618,1
2019-12-06,15:30:35.934000,11618,11619,11619,1
2019-12-06,15:30:36.683000,11618,11619,11618,1
2019-12-06,15:30:37.247000,11618,11619,11619,8
2019-12-06,15:30:37.551000,11618,11620,11618,1
2019-12-06,15:30:47.072000,11618,11619,11619,1
2019-12-06,15:30:51.108000,11618,11619,11618,4
2019-12-06,15:31:03.158000,11618,11619,11619,1
2019-12-06,15:31:04.720000,11618,11619,11619,18
2019-12-06,15:31:04.720000,11618,11619,11619,3
2019-12-06,15:31:04.721000,11618,11619,11619,3
2019-12-06,15:31:04.721000,11618,11619,11619,1
2019-12-06,15:31:05.157000,11618,11619,11619,2
2019-12-06,15:31:07.275000,11618,11619,11619,1
2019-12-06,15:31:07.607000,11618,11619,11619,1
2019-12-06,15:31:13.306000,11618,11619,11619,1
2019-12-06,15:31:14.837000,11618,11619,11618,3
2019-12-06,15:31:14.869000,11618,11619,11619,1
2019-12-06,15:31:16.104000,11618,11619,11619,1
2019-12-06,15:31:18.339000,11618,11619,11618,4
2019-12-06,15:31:19.542000,11618,11619,11618,1
2019-12-06,15:31:20.418000,11618,11619,11618,1
2019-12-06,15:31:21.504000,11618,11619,11618,1
2019-12-06,15:31:23.945000,11618,11619,11619,1
2019-12-06,15:31:23.945000,11618,11619,11619,3
2019-12-06,15:31:24.048000,11618,11619,11619,1
2019-12-06,15:31:34.596000,11619,11620,11619,3
2019-12-06,15:31:35.708000,11618,11620,11620,2
2019-12-06,15:31:51.770000,11619,11620,11620,1
2019-12-06,15:31:53.092000,11619,11620,11620,1
2019-12-06,15:32:12.098000,11619,11620,11619,5
2019-12-06,15:32:16.776000,11619,11620,11619,3
2019-12-06,15:32:18.531000,11619,11620,11619,1
2019-12-06,15:32:18.905000,11619,11620,11619,1
2019-12-06,15:32:27.023000,11619,11620,11619,2
2019-12-06,15:32:29.882000,11619,11620,11619,2
2019-12-06,15:32:30.397000,11619,11620,11619,1
2019-12-06,15:32:43.383000,11619,11620,11619,1
2019-12-06,15:32:43.430000,11619,11620,11619,1
2019-12-06,15:32:46.557000,11618,11619,11619,1
2019-12-06,15:32:47.732000,11618,11619,11619,1
2019-12-06,15:32:48.953000,11618,11619,11619,2
2019-12-06,15:32:49.024000,11618,11619,11619,1
2019-12-06,15:32:59.218000,11619,11620,11619,1
2019-12-06,15:33:07.335000,11619,11620,11619,2
2019-12-06,15:33:07.463000,11619,11620,11619,1
2019-12-06,15:33:14.033000,11619,11620,11620,4
2019-12-06,15:33:15.550000,11619,11620,11619,1
2019-12-06,15:33:16.709000,11619,11620,11619,1
2019-12-06,15:33:20.786000,11619,11620,11620,1
2019-12-06,15:33:23.865000,11619,11620,11620,1
2019-12-06,15:33:24.719000,11619,11620,11620,1
2019-12-06,15:33:24.719000,11619,11620,11621,1
2019-12-06,15:33:50.759000,11620,11621,11620,1
2019-12-06,15:33:54.107000,11620,11621,11620,1
2019-12-06,15:33:54.374000,11620,11621,11621,1
2019-12-06,15:33:58.340000,11620,11621,11621,1
2019-12-06,15:34:04.001000,11620,11621,11620,1
2019-12-06,15:34:12.561000,11620,11621,11620,1
2019-12-06,15:34:30.218000,11620,11621,11620,3
2019-12-06,15:34:32.106000,11619,11621,11621,1
2019-12-06,15:34:44.037000,11620,11621,11621,2
2019-12-06,15:34:55.378000,11620,11621,11620,3
2019-12-06,15:34:55.378000,11620,11621,11620,3
2019-12-06,15:34:55.430000,11620,11621,11620,1
2019-12-06,15:35:09.523000,11620,11621,11620,1
2019-12-06,15:35:10.158000,11620,11621,11620,7
2019-12-06,15:35:10.544000,11620,11621,11621,2
2019-12-06,15:35:11.304000,11620,11621,11621,8
2019-12-06,15:35:11.513000,11620,11621,11621,4
2019-12-06,15:35:11.517000,11620,11621,11621,4
2019-12-06,15:35:29.933000,11620,11621,11621,1
2019-12-06,15:35:30.348000,11620,11621,11621,1
2019-12-06,15:35:31.580000,11620,11621,11621,3
2019-12-06,15:36:01.770000,11620,11621,11621,1
2019-12-06,15:36:02.764000,11620,11621,11621,1
2019-12-06,15:36:03.253000,11620,11621,11621,1
2019-12-06,15:36:06.466000,11620,11621,11621,6
2019-12-06,15:36:06.562000,11620,11621,11620,1
2019-12-06,15:36:10.311000,11620,11621,11620,1
2019-12-06,15:36:11.573000,11620,11621,11621,2
2019-12-06,15:36:30.679000,11620,11621,11621,1
2019-12-06,15:36:43.230000,11620,11621,11620,1
2019-12-06,15:36:43.465000,11620,11621,11621,1
2019-12-06,15:36:44.966000,11620,11621,11621,1
2019-12-06,15:36:59.237000,11620,11621,11621,1
2019-12-06,15:36:59.237000,11620,11621,11621,8
2019-12-06,15:37:01.863000,11621,11622,11622,1
2019-12-06,15:37:03.571000,11621,11622,11621,1
2019-12-06,15:37:06.940000,11621,11622,11622,1
2019-12-06,15:37:08.429000,11621,11622,11622,1
2019-12-06,15:37:09.887000,11621,11622,11622,1
2019-12-06,15:37:14.626000,11621,11622,11622,1
2019-12-06,15:37:14.626000,11621,11622,11622,2
2019-12-06,15:37:14.626000,11621,11622,11622,3
2019-12-06,15:37:14.626000,11621,11622,11622,9
2019-12-06,15:37:14.626000,11621,11622,11622,1
2019-12-06,15:37:18.163000,11622,11623,11622,1
2019-12-06,15:37:21.208000,11622,11623,11623,4
2019-12-06,15:37:30.288000,11623,11624,11624,4
2019-12-06,15:37:30.342000,11623,11624,11623,1
2019-12-06,15:37:30.553000,11623,11624,11623,1
2019-12-06,15:37:30.788000,11622,11623,11623,1
2019-12-06,15:37:59.643000,11622,11623,11623,2
2019-12-06,15:38:00.573000,11622,11623,11622,1
2019-12-06,15:38:10.664000,11622,11623,11622,1
2019-12-06,15:38:12.613000,11622,11623,11623,1
2019-12-06,15:38:13.697000,11622,11623,11622,1
2019-12-06,15:38:17.180000,11622,11623,11622,1
2019-12-06,15:38:26.459000,11621,11622,11622,1
2019-12-06,15:38:26.459000,11621,11622,11623,1
2019-12-06,15:38:26.815000,11621,11623,11623,1
2019-12-06,15:38:27.148000,11622,11623,11623,2
2019-12-06,15:38:27.931000,11622,11623,11623,1
2019-12-06,15:38:57.490000,11622,11623,11622,1
2019-12-06,15:39:10.674000,11622,11623,11622,1
2019-12-06,15:39:11.443000,11622,11623,11622,1
2019-12-06,15:39:15.762000,11622,11623,11622,1
2019-12-06,15:39:17.483000,11622,11623,11622,13
2019-12-06,15:39:34.882000,11621,11622,11621,1
2019-12-06,15:39:43.729000,11621,11622,11621,1
2019-12-06,15:39:54.494000,11621,11622,11621,1
2019-12-06,15:39:57.558000,11621,11622,11621,4
2019-12-06,15:40:02.769000,11621,11622,11621,4
2019-12-06,15:40:06.142000,11621,11622,11622,1
2019-12-06,15:40:18.415000,11621,11622,11622,2
2019-12-06,15:40:30.986000,11621,11622,11622,1
2019-12-06,15:40:37.024000,11621,11622,11622,1
2019-12-06,15:40:37.055000,11621,11622,11622,2
2019-12-06,15:40:37.055000,11621,11622,11622,1
2019-12-06,15:40:37.119000,11621,11622,11622,1
2019-12-06,15:40:37.180000,11621,11622,11622,1
2019-12-06,15:40:37.180000,11621,11622,11622,2
2019-12-06,15:40:37.180000,11621,11622,11622,1
2019-12-06,15:40:51.590000,11622,11623,11622,1
2019-12-06,15:40:56.556000,11622,11623,11622,3
2019-12-06,15:41:01.245000,11621,11622,11622,1
2019-12-06,15:41:21.306000,11621,11622,11622,1
2019-12-06,15:41:22.885000,11621,11622,11622,1
2019-12-06,15:41:24.274000,11621,11622,11622,1
2019-12-06,15:41:25.998000,11621,11622,11622,1
2019-12-06,15:41:45.765000,11621,11622,11622,1
2019-12-06,15:41:48.505000,11621,11622,11621,1
2019-12-06,15:41:51.748000,11621,11622,11621,2
2019-12-06,15:42:03.351000,11621,11622,11621,8
2019-12-06,15:42:09.921000,11620,11621,11620,1
2019-12-06,15:42:13.469000,11620,11621,11621,2
2019-12-06,15:42:26.698000,11621,11622,11621,1
2019-12-06,15:42:34.932000,11621,11622,11621,1
2019-12-06,15:42:45.047000,11620,11621,11621,1
2019-12-06,15:42:45.559000,11620,11621,11620,1
2019-12-06,15:42:48.115000,11620,11621,11621,2
2019-12-06,15:42:49.003000,11620,11621,11620,4
2019-12-06,15:42:49.726000,11620,11621,11621,1
2019-12-06,15:42:58.855000,11620,11621,11621,1
2019-12-06,15:43:09.351000,11620,11621,11621,1
2019-12-06,15:43:10.561000,11620,11621,11621,1
2019-12-06,15:43:24.671000,11620,11621,11620,3
2019-12-06,15:43:25.292000,11620,11621,11620,2
2019-12-06,15:43:26.424000,11620,11621,11620,1
2019-12-06,15:43:42.510000,11620,11621,11620,1
2019-12-06,15:44:10.547000,11620,11621,11620,1
2019-12-06,15:44:39.557000,11620,11621,11620,1
2019-12-06,15:44:54.944000,11620,11621,11620,3
2019-12-06,15:45:08.469000,11620,11621,11620,1
2019-12-06,15:45:36.584000,11620,11621,11620,1
2019-12-06,15:46:21.724000,11620,11621,11621,1
2019-12-06,15:46:24.306000,11620,11621,11621,1
2019-12-06,15:46:33.589000,11620,11621,11620,1
2019-12-06,15:46:54.758000,11620,11621,11621,3
2019-12-06,15:46:58.056000,11620,11621,11621,1
2019-12-06,15:47:10.061000,11620,11621,11621,1
2019-12-06,15:47:17.793000,11620,11621,11621,1
2019-12-06,15:47:20.340000,11620,11621,11621,1
2019-12-06,15:47:30.536000,11620,11621,11620,1
2019-12-06,15:47:59.438000,11620,11621,11620,4
2019-12-06,15:48:14.511000,11620,11621,11620,8
2019-12-06,15:48:14.555000,11620,11621,11620,19
2019-12-06,15:48:14.555000,11620,11621,11620,4
2019-12-06,15:48:14.555000,11620,11621,11620,1
2019-12-06,15:48:14.555000,11620,11621,11620,8
2019-12-06,15:48:15.447000,11619,11620,11620,4
2019-12-06,15:48:15.567000,11619,11620,11620,2
2019-12-06,15:48:15.734000,11619,11620,11620,2
2019-12-06,15:48:26.748000,11619,11620,11620,1
2019-12-06,15:48:27.505000,11619,11620,11619,1
2019-12-06,15:48:28.619000,11619,11620,11620,1
2019-12-06,15:48:30.752000,11619,11620,11620,1
2019-12-06,15:48:45.311000,11619,11620,11620,5
2019-12-06,15:48:47.032000,11619,11620,11620,1
2019-12-06,15:49:00.144000,11619,11620,11619,5
2019-12-06,15:49:02.895000,11619,11620,11619,5
2019-12-06,15:49:05.408000,11619,11620,11619,5
2019-12-06,15:49:07.945000,11619,11620,11619,2
2019-12-06,15:49:10.556000,11619,11620,11619,1
2019-12-06,15:49:11.362000,11619,11620,11619,2
2019-12-06,15:49:14.866000,11619,11620,11619,1
2019-12-06,15:49:14.952000,11619,11620,11619,2
2019-12-06,15:49:15.065000,11619,11620,11619,4
2019-12-06,15:49:17.413000,11619,11620,11619,1
2019-12-06,15:49:18.944000,11619,11620,11619,1
2019-12-06,15:49:24.226000,11619,11620,11619,1
2019-12-06,15:49:24.538000,11619,11620,11619,1
2019-12-06,15:49:24.839000,11619,11620,11619,1
2019-12-06,15:49:27.170000,11619,11620,11619,1
2019-12-06,15:49:30.395000,11619,11620,11619,1
2019-12-06,15:49:31.661000,11619,11620,11619,4
2019-12-06,15:49:33.576000,11619,11620,11619,1
2019-12-06,15:49:38.510000,11619,11620,11619,1
2019-12-06,15:49:41.722000,11619,11620,11619,1
2019-12-06,15:49:50.235000,11619,11620,11619,4
2019-12-06,15:50:02.823000,11619,11620,11620,1
2019-12-06,15:50:03.723000,11619,11620,11620,6
2019-12-06,15:50:13.737000,11620,11621,11620,2
2019-12-06,15:50:13.738000,11620,11621,11620,3
2019-12-06,15:50:21.499000,11619,11621,11619,1
2019-12-06,15:50:57.305000,11619,11620,11620,6
2019-12-06,15:51:16.659000,11620,11621,11620,1
2019-12-06,15:51:18.504000,11620,11621,11620,1
2019-12-06,15:51:38.758000,11620,11621,11620,4
2019-12-06,15:51:51.246000,11620,11621,11620,1
2019-12-06,15:52:01.687000,11620,11621,11620,3
2019-12-06,15:52:01.805000,11620,11621,11620,1
2019-12-06,15:52:15.513000,11620,11621,11620,1
2019-12-06,15:52:32.326000,11620,11621,11620,1
2019-12-06,15:52:40.711000,11620,11621,11620,1
2019-12-06,15:52:48.098000,11620,11621,11620,1
2019-12-06,15:53:00.574000,11619,11620,11620,1
2019-12-06,15:53:11.112000,11619,11620,11620,2
2019-12-06,15:53:12.497000,11619,11620,11619,1
2019-12-06,15:53:17.918000,11619,11620,11619,1
2019-12-06,15:53:31.438000,11620,11621,11620,1
2019-12-06,15:53:31.445000,11620,11621,11620,2
2019-12-06,15:53:36.707000,11620,11621,11620,1
2019-12-06,15:53:43.454000,11620,11621,11620,1
2019-12-06,15:53:47.323000,11620,11621,11620,1
2019-12-06,15:54:09.512000,11620,11621,11620,1
2019-12-06,15:54:52.410000,11620,11621,11620,1
2019-12-06,15:55:06.143000,11620,11621,11621,5
2019-12-06,15:55:06.529000,11620,11621,11620,1
2019-12-06,15:55:13.481000,11620,11621,11621,1
2019-12-06,15:55:19.037000,11620,11621,11620,3
2019-12-06,15:55:19.037000,11620,11621,11620,3
2019-12-06,15:55:19.055000,11620,11621,11620,1
2019-12-06,15:55:19.055000,11620,11621,11620,3
2019-12-06,15:55:44.414000,11619,11620,11620,4
2019-12-06,15:55:55.288000,11619,11620,11620,1
2019-12-06,15:56:03.521000,11619,11620,11619,1
2019-12-06,15:56:08.556000,11619,11620,11620,7
2019-12-06,15:56:08.911000,11620,11621,11620,1
2019-12-06,15:56:21.328000,11620,11621,11620,1
2019-12-06,15:56:22.145000,11620,11621,11621,1
2019-12-06,15:56:28.574000,11620,11621,11620,1
2019-12-06,15:56:42.273000,11620,11621,11620,1
2019-12-06,15:56:54.155000,11620,11621,11620,1
2019-12-06,15:57:00.581000,11620,11621,11620,1
2019-12-06,15:57:03.041000,11620,11621,11620,2
2019-12-06,15:57:07.735000,11620,11621,11620,1
2019-12-06,15:57:11.211000,11620,11621,11620,5
2019-12-06,15:57:12.034000,11620,11621,11620,1
2019-12-06,15:57:29.883000,11620,11621,11620,1
2019-12-06,15:57:30.807000,11620,11621,11621,3
2019-12-06,15:57:54.736000,11620,11621,11621,1
2019-12-06,15:57:57.517000,11620,11621,11620,1
2019-12-06,15:58:02.076000,11620,11621,11621,2
2019-12-06,15:58:30.696000,11620,11621,11621,1
2019-12-06,15:58:54.506000,11620,11621,11620,1
2019-12-06,15:59:04.126000,11620,11621,11620,1
2019-12-06,15:59:09.523000,11620,11621,11620,3
2019-12-06,15:59:20.217000,11620,11621,11620,2
2019-12-06,15:59:23.842000,11620,11621,11621,1
2019-12-06,15:59:43.134000,11620,11621,11621,4
2019-12-06,15:59:51.582000,11620,11621,11620,1
2019-12-06,15:59:58.856000,11620,11621,11620,1
2019-12-06,16:00:00.606000,11620,11621,11620,4
2019-12-06,16:00:00.606000,11620,11621,11620,1
2019-12-06,16:00:00.919000,11619,11620,11619,1
2019-12-06,16:00:01.213000,11619,11620,11619,1
2019-12-06,16:00:30.185000,11619,11620,11620,1
2019-12-06,16:00:30.305000,11619,11620,11620,2
2019-12-06,16:00:31.254000,11620,11621,11620,3
2019-12-06,16:00:35.178000,11620,11621,11620,6
2019-12-06,16:00:48.586000,11620,11621,11620,1
2019-12-06,16:00:54.834000,11620,11621,11621,1
2019-12-06,16:01:02.327000,11620,11621,11620,1
2019-12-06,16:01:03.107000,11620,11621,11620,4
2019-12-06,16:01:03.107000,11620,11621,11619,1
2019-12-06,16:01:03.235000,11619,11621,11621,6
2019-12-06,16:01:05.736000,11619,11621,11621,21
2019-12-06,16:01:05.736000,11619,11621,11622,4
2019-12-06,16:01:06.674000,11620,11621,11620,1
2019-12-06,16:01:07.585000,11619,11620,11619,1
2019-12-06,16:01:11.552000,11619,11620,11619,22
2019-12-06,16:01:12.910000,11618,11619,11618,4
2019-12-06,16:01:12.977000,11618,11619,11618,5
2019-12-06,16:01:13.124000,11618,11619,11619,1
2019-12-06,16:01:14.239000,11618,11619,11618,4
2019-12-06,16:01:15.391000,11618,11619,11618,4
2019-12-06,16:01:17.217000,11618,11619,11618,4
2019-12-06,16:01:19.129000,11618,11619,11618,5
2019-12-06,16:01:20.973000,11618,11619,11618,2
2019-12-06,16:01:22.019000,11618,11619,11618,1
2019-12-06,16:01:27.125000,11618,11619,11619,1
2019-12-06,16:01:34.053000,11618,11619,11619,3
2019-12-06,16:01:45.572000,11618,11619,11618,1
2019-12-06,16:01:46.104000,11618,11619,11618,1
2019-12-06,16:01:47.820000,11618,11619,11619,1
2019-12-06,16:02:10.946000,11618,11619,11619,1
2019-12-06,16:02:34.017000,11618,11619,11619,2
2019-12-06,16:02:36.488000,11618,11619,11618,1
2019-12-06,16:02:42.515000,11618,11619,11618,1
2019-12-06,16:02:44.288000,11618,11619,11619,4
2019-12-06,16:02:44.447000,11618,11619,11619,2
2019-12-06,16:02:44.447000,11618,11619,11620,2
2019-12-06,16:02:47.653000,11619,11620,11620,1
2019-12-06,16:02:55.905000,11619,11620,11620,9
2019-12-06,16:02:55.905000,11619,11620,11621,16
2019-12-06,16:02:56.276000,11620,11621,11620,1
2019-12-06,16:02:56.977000,11620,11621,11620,15
2019-12-06,16:02:58.210000,11620,11621,11620,1
2019-12-06,16:03:00.555000,11619,11620,11620,1
2019-12-06,16:03:01.391000,11620,11621,11621,1
2019-12-06,16:03:05.546000,11620,11621,11620,1
2019-12-06,16:03:06.380000,11620,11621,11620,2
2019-12-06,16:03:06.482000,11620,11621,11620,2
2019-12-06,16:03:08.173000,11620,11621,11620,1
2019-12-06,16:03:09.841000,11620,11621,11620,8
2019-12-06,16:03:09.930000,11619,11620,11620,2
2019-12-06,16:03:27.596000,11620,11621,11620,6
2019-12-06,16:03:39.502000,11619,11620,11619,1
2019-12-06,16:03:53.678000,11619,11620,11620,5
2019-12-06,16:03:54.489000,11619,11620,11619,1
2019-12-06,16:03:54.818000,11619,11620,11620,1
2019-12-06,16:03:59.824000,11619,11620,11619,18
2019-12-06,16:03:59.930000,11619,11620,11619,5
2019-12-06,16:04:06.430000,11619,11620,11619,2
2019-12-06,16:04:15.500000,11618,11620,11618,1
2019-12-06,16:04:17.598000,11618,11620,11618,1
2019-12-06,16:04:24.547000,11618,11619,11619,3
2019-12-06,16:04:36.555000,11619,11621,11619,1
2019-12-06,16:04:43.520000,11619,11620,11619,1
2019-12-06,16:05:00.132000,11619,11620,11620,3
2019-12-06,16:05:00.132000,11619,11620,11620,1
2019-12-06,16:05:00.447000,11620,11621,11620,1
2019-12-06,16:05:00.678000,11620,11621,11620,2
2019-12-06,16:05:07.108000,11620,11621,11620,1
2019-12-06,16:05:08.005000,11619,11620,11620,1
2019-12-06,16:05:08.210000,11619,11621,11619,1
2019-12-06,16:05:32.578000,11620,11621,11620,1
2019-12-06,16:05:33.486000,11619,11621,11619,1
2019-12-06,16:05:52.105000,11620,11621,11620,2
2019-12-06,16:06:21.525000,11620,11621,11620,1
2019-12-06,16:06:30.534000,11620,11621,11620,1
2019-12-06,16:06:33.817000,11620,11621,11621,1
2019-12-06,16:06:34.452000,11620,11621,11621,6
2019-12-06,16:06:34.556000,11621,11622,11622,3
2019-12-06,16:06:34.556000,11621,11622,11622,1
2019-12-06,16:06:36.202000,11621,11622,11622,1
2019-12-06,16:06:36.306000,11621,11622,11622,1
2019-12-06,16:06:55.040000,11621,11622,11622,1
2019-12-06,16:06:57.932000,11621,11622,11621,1
2019-12-06,16:07:02.422000,11621,11622,11622,1
2019-12-06,16:07:06.299000,11621,11622,11622,1
2019-12-06,16:07:10.522000,11621,11622,11621,1
2019-12-06,16:07:16.846000,11621,11622,11622,17
2019-12-06,16:07:16.846000,11621,11622,11622,9
2019-12-06,16:07:27.549000,11622,11623,11622,1
2019-12-06,16:07:29.936000,11622,11623,11623,1
2019-12-06,16:07:29.936000,11622,11623,11623,1
2019-12-06,16:07:29.936000,11622,11623,11623,1
2019-12-06,16:07:30.370000,11622,11623,11623,1
2019-12-06,16:07:33.051000,11622,11623,11623,9
2019-12-06,16:07:33.539000,11623,11624,11624,1
2019-12-06,16:07:34.443000,11623,11624,11624,1
2019-12-06,16:07:37.657000,11623,11624,11624,19
2019-12-06,16:07:38.478000,11623,11624,11624,2
2019-12-06,16:07:38.550000,11623,11624,11624,1
2019-12-06,16:07:39.731000,11623,11624,11624,1
2019-12-06,16:07:40.076000,11623,11624,11624,2
2019-12-06,16:07:41.001000,11623,11624,11624,2
2019-12-06,16:07:44.829000,11623,11624,11624,1
2019-12-06,16:07:45.271000,11623,11624,11624,1
2019-12-06,16:07:47.778000,11624,11625,11625,4
2019-12-06,16:07:48.111000,11624,11625,11625,1
2019-12-06,16:07:50.486000,11624,11625,11624,1
2019-12-06,16:07:54.673000,11624,11625,11624,1
2019-12-06,16:07:59.495000,11624,11625,11624,1
2019-12-06,16:08:01.711000,11624,11625,11625,1
2019-12-06,16:08:06.230000,11624,11625,11625,1
2019-12-06,16:08:07.261000,11624,11625,11625,1
2019-12-06,16:08:08.757000,11624,11625,11625,1
2019-12-06,16:08:12.168000,11624,11625,11625,5
2019-12-06,16:08:12.369000,11624,11625,11625,6
2019-12-06,16:08:13.261000,11624,11625,11625,5
2019-12-06,16:08:13.305000,11624,11625,11625,1
2019-12-06,16:08:15.118000,11624,11625,11625,1
2019-12-06,16:08:15.567000,11624,11625,11625,1
2019-12-06,16:08:17.764000,11624,11625,11625,1
2019-12-06,16:08:18.442000,11624,11625,11625,2
2019-12-06,16:08:18.800000,11624,11625,11625,1
2019-12-06,16:08:21.416000,11624,11625,11625,1
2019-12-06,16:08:22.587000,11624,11625,11625,5
2019-12-06,16:08:24.500000,11624,11625,11624,1
2019-12-06,16:08:25.699000,11624,11625,11625,3
2019-12-06,16:08:26.194000,11624,11625,11625,1
2019-12-06,16:08:26.757000,11624,11625,11625,2
2019-12-06,16:08:32.637000,11624,11625,11625,3
2019-12-06,16:08:33.494000,11624,11625,11625,2
2019-12-06,16:08:35.352000,11624,11625,11625,1
2019-12-06,16:08:35.852000,11624,11625,11625,1
2019-12-06,16:08:36.941000,11624,11625,11625,1
2019-12-06,16:08:39.612000,11624,11625,11625,2
2019-12-06,16:08:40.314000,11624,11625,11625,1
2019-12-06,16:08:40.806000,11624,11626,11626,1
2019-12-06,16:08:41.194000,11625,11626,11626,1
2019-12-06,16:08:41.244000,11625,11626,11626,1
2019-12-06,16:08:41.261000,11625,11626,11626,1
2019-12-06,16:08:41.321000,11625,11626,11626,1
2019-12-06,16:08:41.847000,11625,11626,11626,1
2019-12-06,16:08:43.179000,11625,11626,11626,2
2019-12-06,16:08:43.585000,11625,11626,11625,1
2019-12-06,16:08:44.156000,11625,11626,11625,2
2019-12-06,16:08:44.557000,11625,11626,11626,1
2019-12-06,16:08:48.515000,11625,11626,11625,1
2019-12-06,16:08:49.938000,11625,11626,11626,5
2019-12-06,16:08:50.093000,11625,11626,11626,1
2019-12-06,16:08:50.228000,11625,11626,11626,1
2019-12-06,16:08:54.510000,11625,11626,11626,1
2019-12-06,16:08:56.115000,11625,11626,11626,1
2019-12-06,16:09:00.610000,11625,11626,11626,1
2019-12-06,16:09:03.347000,11625,11626,11626,5
2019-12-06,16:09:08.448000,11625,11626,11626,5
2019-12-06,16:09:08.925000,11625,11626,11626,2
2019-12-06,16:09:11.316000,11625,11626,11626,1
2019-12-06,16:09:12.400000,11625,11626,11626,1
2019-12-06,16:09:13.769000,11625,11626,11626,1
2019-12-06,16:09:16.858000,11625,11626,11626,10
2019-12-06,16:09:21.506000,11625,11626,11625,1
2019-12-06,16:09:22.927000,11625,11626,11626,1
2019-12-06,16:09:23.682000,11625,11626,11626,1
2019-12-06,16:09:25.153000,11625,11626,11626,1
2019-12-06,16:09:29.160000,11625,11626,11626,5
2019-12-06,16:09:29.319000,11625,11626,11626,2
2019-12-06,16:09:29.572000,11625,11626,11625,1
2019-12-06,16:09:35.545000,11625,11626,11625,1
2019-12-06,16:09:35.555000,11625,11626,11625,2
2019-12-06,16:09:35.555000,11625,11626,11625,9
2019-12-06,16:09:35.555000,11625,11626,11625,5
2019-12-06,16:09:35.555000,11625,11626,11625,2
2019-12-06,16:09:35.556000,11625,11626,11625,3
2019-12-06,16:09:35.680000,11625,11626,11625,2
2019-12-06,16:09:35.680000,11625,11626,11625,4
2019-12-06,16:09:35.680000,11625,11626,11625,2
2019-12-06,16:09:35.680000,11625,11626,11625,7
2019-12-06,16:09:35.843000,11624,11625,11624,3
2019-12-06,16:09:37.412000,11624,11625,11625,1
2019-12-06,16:09:37.559000,11624,11625,11624,1
2019-12-06,16:09:44.293000,11624,11625,11625,1
2019-12-06,16:09:45.958000,11624,11625,11624,1
2019-12-06,16:09:55.069000,11624,11625,11624,10
2019-12-06,16:09:55.311000,11624,11625,11624,1
2019-12-06,16:09:55.320000,11624,11625,11624,2
2019-12-06,16:09:55.883000,11624,11625,11624,1
2019-12-06,16:09:55.962000,11624,11625,11624,3
2019-12-06,16:09:55.962000,11624,11625,11624,3
2019-12-06,16:09:59.881000,11623,11624,11624,1
2019-12-06,16:10:03.032000,11623,11624,11623,1
2019-12-06,16:10:04.971000,11623,11624,11624,1
2019-12-06,16:10:07.323000,11623,11624,11624,1
2019-12-06,16:10:07.609000,11623,11624,11624,6
2019-12-06,16:10:09.876000,11623,11624,11624,1
2019-12-06,16:10:09.930000,11623,11624,11624,2
2019-12-06,16:10:12.437000,11624,11625,11624,1
2019-12-06,16:10:12.927000,11624,11625,11624,3
2019-12-06,16:10:13.677000,11623,11624,11624,1
2019-12-06,16:10:18.583000,11623,11624,11623,1
2019-12-06,16:10:26.592000,11623,11624,11623,1
2019-12-06,16:10:29.006000,11623,11624,11623,2
2019-12-06,16:10:34.941000,11623,11624,11624,10
2019-12-06,16:10:44.337000,11623,11624,11624,1
2019-12-06,16:11:01.926000,11624,11625,11624,11
2019-12-06,16:11:15.549000,11623,11624,11623,1
2019-12-06,16:11:15.647000,11623,11624,11623,1
2019-12-06,16:11:17.658000,11623,11624,11624,1
2019-12-06,16:11:23.421000,11623,11624,11624,5
2019-12-06,16:11:33.424000,11623,11624,11624,5
2019-12-06,16:11:34.153000,11623,11624,11623,1
2019-12-06,16:11:39.148000,11623,11624,11623,1
2019-12-06,16:11:43.655000,11623,11624,11624,3
2019-12-06,16:11:51.237000,11623,11624,11623,9
2019-12-06,16:11:51.603000,11622,11623,11623,1
2019-12-06,16:11:52.870000,11622,11623,11623,1
2019-12-06,16:11:59.994000,11622,11623,11623,5
2019-12-06,16:12:02.089000,11622,11623,11623,5
2019-12-06,16:12:02.824000,11622,11624,11624,1
2019-12-06,16:12:03.021000,11623,11624,11624,1
2019-12-06,16:12:04.573000,11623,11624,11623,1
2019-12-06,16:12:05.131000,11623,11624,11623,3
2019-12-06,16:12:06.272000,11623,11624,11623,1
2019-12-06,16:12:07.388000,11623,11624,11624,1
2019-12-06,16:12:07.535000,11623,11624,11624,1
2019-12-06,16:12:12.548000,11623,11624,11623,1
2019-12-06,16:12:15.574000,11623,11624,11624,1
2019-12-06,16:12:15.838000,11623,11624,11624,1
2019-12-06,16:12:15.863000,11623,11624,11624,1
2019-12-06,16:12:15.874000,11623,11624,11624,1
2019-12-06,16:12:15.876000,11623,11624,11624,1
2019-12-06,16:12:20.970000,11623,11624,11624,1
2019-12-06,16:12:20.971000,11623,11624,11625,1
2019-12-06,16:12:20.996000,11623,11624,11625,1
2019-12-06,16:12:21.069000,11623,11624,11624,1
2019-12-06,16:12:21.120000,11623,11624,11625,1
2019-12-06,16:12:22.359000,11623,11625,11623,2
2019-12-06,16:12:24.112000,11623,11624,11623,2
2019-12-06,16:12:27.284000,11623,11624,11624,1
2019-12-06,16:12:27.356000,11623,11624,11624,1
2019-12-06,16:12:32.992000,11624,11625,11625,1
2019-12-06,16:12:35.859000,11624,11625,11624,1
2019-12-06,16:12:38.974000,11624,11625,11625,1
2019-12-06,16:12:38.986000,11624,11625,11625,1
2019-12-06,16:12:38.988000,11624,11625,11625,1
2019-12-06,16:12:39.050000,11624,11625,11625,1
2019-12-06,16:12:39.078000,11624,11625,11625,1
2019-12-06,16:12:44.713000,11624,11625,11625,1
2019-12-06,16:12:44.873000,11624,11625,11625,1
2019-12-06,16:12:45.089000,11624,11625,11625,1
2019-12-06,16:12:51.029000,11624,11625,11625,1
2019-12-06,16:12:53.545000,11624,11625,11624,1
2019-12-06,16:12:56.721000,11624,11625,11625,1
2019-12-06,16:12:56.968000,11624,11625,11625,1
2019-12-06,16:12:57.027000,11624,11625,11625,1
2019-12-06,16:12:57.081000,11624,11625,11625,1
2019-12-06,16:12:57.119000,11624,11625,11625,1
2019-12-06,16:12:59.442000,11624,11625,11625,1
2019-12-06,16:13:00.914000,11624,11625,11625,1
2019-12-06,16:13:01.069000,11624,11625,11625,1
2019-12-06,16:13:03.308000,11624,11625,11625,1
2019-12-06,16:13:05.306000,11624,11625,11625,1
2019-12-06,16:13:05.307000,11624,11625,11625,1
2019-12-06,16:13:05.473000,11624,11625,11625,1
2019-12-06,16:13:05.681000,11624,11625,11625,1
2019-12-06,16:13:05.743000,11624,11625,11625,1
2019-12-06,16:13:05.768000,11624,11625,11626,1
2019-12-06,16:13:07.843000,11624,11625,11624,1
2019-12-06,16:13:09.526000,11624,11625,11624,1
2019-12-06,16:13:10.549000,11624,11625,11625,1
2019-12-06,16:13:11.011000,11624,11625,11625,1
2019-12-06,16:13:14.820000,11625,11626,11626,1
2019-12-06,16:13:15.327000,11625,11626,11625,1
2019-12-06,16:13:15.907000,11625,11626,11626,1
2019-12-06,16:13:15.910000,11625,11626,11626,1
2019-12-06,16:13:20.842000,11625,11626,11626,1
2019-12-06,16:13:20.846000,11625,11626,11626,1
2019-12-06,16:13:21.739000,11625,11626,11625,6
2019-12-06,16:13:22.341000,11625,11626,11626,1
2019-12-06,16:13:25.680000,11625,11626,11626,1
2019-12-06,16:13:25.716000,11625,11626,11626,1
2019-12-06,16:13:25.810000,11625,11626,11626,1
2019-12-06,16:13:25.831000,11625,11626,11626,1
2019-12-06,16:13:28.637000,11625,11626,11625,4
2019-12-06,16:13:30.809000,11624,11626,11626,1
2019-12-06,16:13:30.812000,11624,11626,11626,1
2019-12-06,16:13:30.815000,11624,11626,11626,1
2019-12-06,16:13:30.818000,11624,11626,11626,1
2019-12-06,16:13:30.863000,11624,11626,11626,1
2019-12-06,16:13:30.896000,11624,11626,11626,1
2019-12-06,16:13:35.967000,11624,11626,11626,1
2019-12-06,16:13:35.995000,11624,11626,11626,1
2019-12-06,16:13:40.422000,11625,11626,11626,1
2019-12-06,16:13:40.423000,11625,11626,11626,1
2019-12-06,16:13:42.514000,11625,11626,11625,1
2019-12-06,16:13:43.228000,11625,11626,11626,1
2019-12-06,16:13:45.503000,11625,11626,11626,1
2019-12-06,16:13:45.702000,11625,11626,11626,1
2019-12-06,16:13:50.635000,11625,11626,11626,1
2019-12-06,16:13:50.856000,11625,11626,11626,1
2019-12-06,16:13:51.021000,11625,11626,11626,1
2019-12-06,16:13:56.847000,11625,11626,11626,1
2019-12-06,16:13:57.121000,11625,11626,11626,1
2019-12-06,16:13:57.188000,11625,11626,11626,1
2019-12-06,16:13:57.495000,11625,11626,11625,1
2019-12-06,16:14:00.523000,11625,11626,11625,1
2019-12-06,16:14:01.039000,11624,11625,11625,1
2019-12-06,16:14:01.422000,11624,11626,11626,1
2019-12-06,16:14:01.425000,11624,11626,11626,1
2019-12-06,16:14:01.471000,11624,11626,11626,1
2019-12-06,16:14:01.526000,11624,11626,11626,1
2019-12-06,16:14:02.660000,11625,11626,11625,2
2019-12-06,16:14:05.004000,11624,11626,11624,1
2019-12-06,16:14:05.889000,11624,11626,11626,1
2019-12-06,16:14:05.900000,11624,11626,11626,1
2019-12-06,16:14:05.903000,11624,11626,11626,1
2019-12-06,16:14:06.606000,11625,11626,11625,1
2019-12-06,16:14:13.490000,11625,11626,11625,2
2019-12-06,16:14:15.461000,11625,11626,11625,2
2019-12-06,16:14:19.850000,11625,11626,11625,2
2019-12-06,16:14:31.550000,11625,11626,11625,1
2019-12-06,16:14:34.715000,11625,11626,11626,15
2019-12-06,16:14:36.269000,11625,11626,11625,1
2019-12-06,16:14:45.775000,11625,11626,11626,2
2019-12-06,16:14:59.721000,11625,11626,11626,1
2019-12-06,16:15:00.006000,11625,11626,11626,1
2019-12-06,16:15:03.565000,11625,11626,11625,1
2019-12-06,16:15:04.932000,11625,11626,11625,1
2019-12-06,16:15:07.459000,11625,11626,11626,1
2019-12-06,16:15:20.570000,11625,11626,11625,1
2019-12-06,16:15:23.819000,11625,11626,11625,9
2019-12-06,16:15:23.930000,11624,11625,11625,1
2019-12-06,16:15:46.015000,11624,11625,11624,2
2019-12-06,16:16:00.539000,11624,11625,11624,1
2019-12-06,16:16:02.310000,11624,11625,11624,1
2019-12-06,16:16:08.003000,11624,11625,11624,2
2019-12-06,16:16:09.549000,11624,11625,11624,1
2019-12-06,16:16:13.465000,11624,11625,11624,1
2019-12-06,16:16:22.169000,11624,11625,11624,16
2019-12-06,16:16:23.431000,11623,11624,11623,19
2019-12-06,16:16:23.555000,11623,11624,11623,5
2019-12-06,16:16:23.603000,11623,11624,11623,3
2019-12-06,16:16:23.635000,11623,11624,11623,2
2019-12-06,16:16:23.635000,11623,11624,11623,1
2019-12-06,16:16:23.681000,11623,11624,11623,3
2019-12-06,16:16:23.956000,11623,11624,11623,1
2019-12-06,16:16:24.024000,11623,11624,11623,2
2019-12-06,16:16:24.662000,11623,11624,11623,2
2019-12-06,16:16:24.728000,11622,11624,11622,1
2019-12-06,16:16:31.368000,11622,11623,11623,1
2019-12-06,16:16:43.337000,11622,11623,11623,1
2019-12-06,16:16:50.092000,11622,11623,11622,7
2019-12-06,16:16:57.510000,11622,11623,11622,1
2019-12-06,16:16:58.522000,11622,11623,11622,1
2019-12-06,16:17:02.839000,11622,11623,11623,5
2019-12-06,16:17:08.871000,11622,11623,11623,1
2019-12-06,16:17:25.485000,11623,11624,11624,1
2019-12-06,16:17:32.987000,11623,11624,11624,2
2019-12-06,16:17:36.358000,11623,11625,11625,1
2019-12-06,16:17:47.551000,11624,11625,11624,1
2019-12-06,16:17:51.681000,11624,11625,11624,1
2019-12-06,16:17:54.513000,11624,11625,11624,1
2019-12-06,16:18:00.003000,11623,11625,11623,1
2019-12-06,16:18:09.726000,11623,11624,11623,1
2019-12-06,16:18:17.511000,11623,11624,11623,1
2019-12-06,16:18:31.866000,11623,11624,11623,1
2019-12-06,16:18:36.555000,11623,11624,11623,1
2019-12-06,16:18:40.885000,11623,11624,11623,2
2019-12-06,16:18:44.335000,11622,11623,11622,4
2019-12-06,16:18:51.567000,11622,11623,11622,1
2019-12-06,16:18:53.865000,11622,11623,11622,1
2019-12-06,16:18:54.265000,11622,11623,11622,1
2019-12-06,16:19:04.463000,11622,11623,11622,1
2019-12-06,16:19:06.615000,11622,11623,11622,2
2019-12-06,16:19:07.813000,11621,11622,11621,1
2019-12-06,16:19:20.868000,11621,11622,11621,1
2019-12-06,16:19:21.456000,11621,11622,11621,1
2019-12-06,16:19:21.555000,11621,11622,11621,9
2019-12-06,16:19:25.487000,11620,11621,11620,1
2019-12-06,16:19:44.212000,11620,11621,11620,1
2019-12-06,16:19:47.056000,11620,11621,11620,9
2019-12-06,16:19:48.527000,11620,11621,11620,1
2019-12-06,16:19:49.510000,11620,11621,11620,2
2019-12-06,16:19:50.639000,11620,11621,11620,1
2019-12-06,16:19:50.883000,11620,11621,11620,1
2019-12-06,16:19:51.585000,11620,11621,11620,1
2019-12-06,16:20:03.571000,11620,11621,11621,5
2019-12-06,16:20:14.495000,11621,11622,11621,1
2019-12-06,16:20:17.052000,11621,11622,11622,1
2019-12-06,16:20:17.456000,11621,11622,11622,4
2019-12-06,16:20:22.381000,11622,11623,11623,4
2019-12-06,16:20:38.779000,11622,11624,11624,1
2019-12-06,16:20:38.831000,11622,11624,11624,1
2019-12-06,16:20:45.590000,11622,11623,11622,1
2019-12-06,16:21:03.606000,11622,11623,11622,1
2019-12-06,16:21:07.651000,11622,11623,11622,3
2019-12-06,16:21:22.719000,11622,11623,11623,8
2019-12-06,16:21:31.075000,11623,11624,11623,1
2019-12-06,16:21:31.573000,11623,11624,11623,1
2019-12-06,16:21:37.169000,11623,11624,11623,1
2019-12-06,16:21:42.497000,11623,11624,11623,1
2019-12-06,16:21:52.568000,11623,11624,11623,1
2019-12-06,16:22:07.485000,11623,11624,11624,1
2019-12-06,16:22:09.409000,11623,11624,11624,1
2019-12-06,16:22:25.057000,11623,11624,11623,2
2019-12-06,16:22:34.950000,11623,11624,11623,1
2019-12-06,16:22:39.515000,11623,11624,11623,1
2019-12-06,16:22:40.133000,11623,11624,11623,1
2019-12-06,16:22:41.529000,11623,11624,11623,1
2019-12-06,16:23:16.597000,11623,11624,11624,1
2019-12-06,16:23:30.542000,11623,11624,11623,1
2019-12-06,16:23:34.703000,11623,11624,11623,1
2019-12-06,16:23:36.560000,11623,11624,11623,1
2019-12-06,16:24:19.533000,11623,11624,11623,1
2019-12-06,16:24:21.214000,11623,11624,11623,1
2019-12-06,16:24:33.587000,11623,11624,11623,1
2019-12-06,16:25:03.169000,11622,11623,11623,1
2019-12-06,16:25:08.497000,11622,11623,11622,1
2019-12-06,16:25:14.652000,11622,11623,11622,1
2019-12-06,16:25:15.166000,11622,11623,11622,1
2019-12-06,16:25:18.013000,11622,11623,11622,1
2019-12-06,16:25:19.399000,11622,11623,11622,4
2019-12-06,16:25:30.588000,11621,11622,11621,1
2019-12-06,16:25:35.805000,11621,11622,11622,2
2019-12-06,16:25:46.170000,11622,11623,11622,1
2019-12-06,16:25:57.535000,11621,11622,11621,1
2019-12-06,16:26:27.523000,11621,11622,11621,1
2019-12-06,16:26:34.555000,11621,11622,11622,1
2019-12-06,16:26:45.329000,11622,11623,11622,10
2019-12-06,16:26:46.570000,11622,11623,11622,1
2019-12-06,16:26:53.420000,11621,11622,11622,1
2019-12-06,16:27:04.136000,11621,11622,11622,1
2019-12-06,16:27:14.630000,11621,11622,11622,1
2019-12-06,16:27:15.461000,11621,11622,11622,1
2019-12-06,16:27:17.213000,11621,11622,11622,1
2019-12-06,16:27:24.574000,11621,11622,11621,1
2019-12-06,16:27:31.631000,11621,11622,11621,4
2019-12-06,16:27:35.590000,11621,11622,11621,1
2019-12-06,16:27:35.680000,11621,11622,11621,1
2019-12-06,16:27:36.519000,11620,11621,11621,1
2019-12-06,16:27:37.208000,11620,11621,11621,1
2019-12-06,16:27:47.487000,11620,11621,11621,1
2019-12-06,16:28:20.626000,11620,11621,11621,1
2019-12-06,16:28:21.014000,11620,11621,11621,1
2019-12-06,16:28:21.512000,11620,11621,11620,1
2019-12-06,16:28:21.770000,11620,11621,11621,1
2019-12-06,16:28:24.523000,11620,11621,11620,1
2019-12-06,16:28:33.113000,11620,11621,11621,1
2019-12-06,16:28:41.970000,11620,11621,11621,1
2019-12-06,16:28:47.339000,11621,11622,11621,1
2019-12-06,16:28:54.992000,11621,11622,11621,2
2019-12-06,16:29:13.519000,11621,11622,11621,1
2019-12-06,16:29:18.553000,11621,11622,11621,1
2019-12-06,16:29:47.225000,11621,11622,11621,1
2019-12-06,16:30:01.034000,11620,11621,11620,2
2019-12-06,16:30:01.680000,11620,11621,11620,1
2019-12-06,16:30:01.695000,11620,11621,11620,1
2019-12-06,16:30:02.457000,11620,11621,11620,1
2019-12-06,16:30:02.546000,11620,11621,11620,1
2019-12-06,16:30:02.666000,11620,11621,11620,1
2019-12-06,16:30:02.684000,11620,11621,11620,1
2019-12-06,16:30:05.105000,11620,11621,11620,19
2019-12-06,16:30:07.254000,11619,11620,11620,1
2019-12-06,16:30:15.630000,11619,11620,11619,1
2019-12-06,16:30:17.622000,11619,11620,11620,1
2019-12-06,16:30:42.767000,11619,11620,11620,1
2019-12-06,16:30:47.535000,11619,11620,11620,1
2019-12-06,16:30:51.594000,11619,11620,11619,1
2019-12-06,16:30:59.042000,11619,11620,11619,12
2019-12-06,16:31:01.628000,11618,11619,11618,2
2019-12-06,16:31:02.009000,11618,11619,11618,1
2019-12-06,16:31:02.209000,11618,11619,11618,1
2019-12-06,16:31:02.265000,11618,11619,11618,1
2019-12-06,16:31:02.376000,11618,11619,11618,1
2019-12-06,16:31:08.517000,11618,11619,11618,1
2019-12-06,16:31:12.615000,11618,11619,11618,1
2019-12-06,16:31:15.067000,11618,11619,11618,1
2019-12-06,16:31:21.343000,11618,11619,11618,1
2019-12-06,16:31:25.320000,11618,11619,11619,5
2019-12-06,16:31:32.301000,11618,11619,11619,1
2019-12-06,16:31:35.437000,11618,11619,11619,1
2019-12-06,16:31:39.906000,11618,11619,11619,1
2019-12-06,16:31:40.610000,11619,11620,11619,1
2019-12-06,16:31:45.076000,11619,11620,11620,2
2019-12-06,16:31:45.273000,11619,11620,11620,2
2019-12-06,16:31:45.480000,11619,11620,11620,2
2019-12-06,16:31:47.204000,11619,11620,11619,1
2019-12-06,16:31:50.876000,11619,11620,11619,2
2019-12-06,16:31:51.449000,11619,11620,11619,1
2019-12-06,16:31:51.582000,11619,11620,11619,1
2019-12-06,16:31:52.547000,11619,11620,11619,1
2019-12-06,16:32:00.121000,11619,11620,11619,1
2019-12-06,16:32:08.063000,11619,11620,11619,1
2019-12-06,16:32:09.521000,11619,11620,11619,1
2019-12-06,16:32:29.537000,11619,11620,11619,1
2019-12-06,16:32:34.442000,11619,11620,11619,2
2019-12-06,16:32:36.655000,11619,11620,11620,2
2019-12-06,16:32:53.915000,11619,11620,11619,1
2019-12-06,16:32:54.519000,11619,11620,11619,3
2019-12-06,16:33:06.568000,11619,11620,11619,1
2019-12-06,16:33:16.740000,11619,11620,11619,1
2019-12-06,16:33:18.597000,11619,11620,11619,1
2019-12-06,16:33:20.236000,11619,11620,11619,1
2019-12-06,16:33:30.769000,11619,11620,11619,1
2019-12-06,16:33:32.781000,11619,11620,11620,9
2019-12-06,16:33:57.123000,11620,11621,11620,1
2019-12-06,16:34:03.580000,11620,11621,11620,1
2019-12-06,16:34:07.529000,11620,11621,11620,1
2019-12-06,16:34:14.978000,11620,11621,11621,1
2019-12-06,16:34:16.561000,11620,11621,11620,1
2019-12-06,16:34:41.080000,11620,11621,11620,4
2019-12-06,16:34:44.056000,11620,11621,11621,2
2019-12-06,16:34:46.126000,11620,11621,11621,1
2019-12-06,16:34:46.683000,11620,11621,11621,1
2019-12-06,16:34:47.251000,11620,11621,11620,18
2019-12-06,16:34:48.096000,11619,11620,11620,1
2019-12-06,16:34:55.782000,11619,11620,11620,1
2019-12-06,16:34:56.514000,11619,11620,11619,1
2019-12-06,16:34:57.218000,11619,11620,11620,1
2019-12-06,16:35:00.571000,11619,11621,11619,1
2019-12-06,16:35:20.503000,11619,11620,11619,1
2019-12-06,16:35:29.953000,11619,11620,11619,3
2019-12-06,16:35:32.448000,11619,11620,11619,1
2019-12-06,16:35:45.352000,11619,11620,11619,1
2019-12-06,16:35:45.557000,11619,11620,11619,1
2019-12-06,16:36:02.234000,11619,11620,11619,1
2019-12-06,16:36:25.579000,11619,11620,11620,4
2019-12-06,16:36:34.583000,11620,11621,11620,1
2019-12-06,16:36:44.334000,11620,11621,11620,1
2019-12-06,16:36:46.148000,11620,11621,11621,1
2019-12-06,16:36:52.394000,11620,11621,11621,1
2019-12-06,16:36:56.553000,11620,11621,11621,4
2019-12-06,16:37:00.123000,11621,11622,11622,1
2019-12-06,16:37:23.494000,11621,11622,11621,1
2019-12-06,16:37:26.413000,11621,11622,11622,1
2019-12-06,16:37:27.166000,11621,11622,11622,1
2019-12-06,16:37:37.492000,11621,11622,11622,1
2019-12-06,16:37:47.754000,11621,11622,11622,1
2019-12-06,16:38:05.558000,11621,11622,11622,1
2019-12-06,16:38:12.599000,11621,11622,11621,1
2019-12-06,16:38:17.599000,11621,11622,11622,1
2019-12-06,16:38:19.632000,11621,11622,11621,1
2019-12-06,16:38:54.335000,11621,11622,11622,1
2019-12-06,16:39:01.509000,11621,11622,11621,1
2019-12-06,16:39:10.979000,11621,11622,11622,2
2019-12-06,16:39:16.403000,11621,11622,11622,1
2019-12-06,16:39:42.017000,11621,11622,11621,2
2019-12-06,16:39:42.835000,11621,11622,11621,2
2019-12-06,16:39:43.498000,11621,11622,11621,1
2019-12-06,16:39:44.535000,11621,11622,11621,1
2019-12-06,16:39:49.292000,11621,11622,11621,1
2019-12-06,16:39:50.590000,11621,11622,11621,1
2019-12-06,16:39:51.998000,11621,11622,11621,1
2019-12-06,16:40:19.115000,11621,11622,11621,3
2019-12-06,16:40:25.318000,11621,11622,11621,1
2019-12-06,16:40:35.029000,11621,11622,11621,3
2019-12-06,16:40:39.558000,11621,11622,11621,1
2019-12-06,16:40:45.614000,11621,11622,11621,1
2019-12-06,16:40:59.033000,11621,11622,11621,5
2019-12-06,16:41:11.511000,11621,11622,11621,1
2019-12-06,16:41:28.531000,11621,11622,11621,1
2019-12-06,16:41:40.267000,11621,11622,11621,1
2019-12-06,16:42:01.846000,11621,11622,11621,1
2019-12-06,16:42:08.771000,11621,11622,11621,2
2019-12-06,16:42:08.771000,11621,11622,11620,1
2019-12-06,16:42:14.579000,11620,11621,11621,1
2019-12-06,16:42:17.584000,11620,11622,11620,1
2019-12-06,16:42:44.055000,11620,11621,11621,2
2019-12-06,16:43:06.571000,11620,11622,11620,1
2019-12-06,16:43:32.335000,11621,11622,11621,1
2019-12-06,16:43:54.119000,11621,11622,11622,2
2019-12-06,16:43:55.596000,11621,11622,11621,1
2019-12-06,16:44:28.570000,11621,11622,11621,1
2019-12-06,16:44:34.171000,11621,11622,11622,1
2019-12-06,16:44:44.552000,11621,11622,11621,1
2019-12-06,16:45:00.924000,11621,11622,11621,1
2019-12-06,16:45:04.516000,11621,11622,11622,10
2019-12-06,16:45:11.920000,11622,11623,11622,1
2019-12-06,16:45:15.915000,11622,11623,11622,1
2019-12-06,16:45:16.293000,11622,11623,11623,4
2019-12-06,16:45:16.925000,11622,11623,11623,1
2019-12-06,16:45:16.971000,11622,11623,11623,5
2019-12-06,16:45:17.398000,11622,11624,11624,4
2019-12-06,16:45:21.713000,11623,11624,11624,4
2019-12-06,16:45:24.459000,11623,11624,11624,5
2019-12-06,16:45:31.321000,11623,11624,11624,5
2019-12-06,16:45:33.533000,11623,11624,11623,1
2019-12-06,16:46:09.989000,11623,11624,11624,1
2019-12-06,16:46:22.537000,11623,11624,11623,1
2019-12-06,16:46:43.763000,11623,11624,11623,2
2019-12-06,16:46:47.223000,11623,11624,11623,1
2019-12-06,16:47:11.569000,11623,11624,11623,1
2019-12-06,16:47:49.199000,11623,11624,11623,1
2019-12-06,16:47:49.442000,11623,11624,11623,10
2019-12-06,16:47:51.865000,11622,11623,11623,2
2019-12-06,16:48:00.593000,11622,11623,11622,1
2019-12-06,16:48:01.458000,11622,11623,11623,1
2019-12-06,16:48:12.511000,11622,11623,11623,1
2019-12-06,16:48:49.537000,11622,11623,11622,1
2019-12-06,16:49:28.055000,11622,11623,11623,3
2019-12-06,16:49:38.594000,11622,11623,11622,1
2019-12-06,16:50:02.627000,11622,11623,11622,1
2019-12-06,16:50:03.800000,11622,11623,11623,2
2019-12-06,16:50:05.394000,11622,11623,11623,1
2019-12-06,16:50:14.018000,11622,11623,11623,3
2019-12-06,16:50:27.611000,11623,11624,11623,1
2019-12-06,16:51:06.454000,11623,11624,11623,1
2019-12-06,16:51:10.188000,11623,11624,11624,2
2019-12-06,16:51:16.517000,11623,11624,11623,1
2019-12-06,16:52:00.585000,11623,11624,11623,10
2019-12-06,16:52:05.519000,11622,11623,11622,1
2019-12-06,16:52:09.939000,11622,11623,11623,1
2019-12-06,16:52:10.180000,11622,11623,11622,10
2019-12-06,16:52:10.306000,11622,11623,11622,4
2019-12-06,16:52:54.577000,11621,11622,11621,1
2019-12-06,16:53:02.266000,11621,11622,11621,1
2019-12-06,16:53:02.395000,11621,11622,11621,1
2019-12-06,16:53:03.572000,11621,11622,11621,1
2019-12-06,16:53:03.713000,11621,11622,11621,1
2019-12-06,16:53:07.089000,11621,11622,11621,1
2019-12-06,16:53:07.202000,11621,11622,11621,1
2019-12-06,16:53:07.939000,11621,11622,11621,1
2019-12-06,16:53:19.815000,11621,11622,11621,2
2019-12-06,16:53:35.320000,11621,11622,11621,1
2019-12-06,16:53:39.087000,11621,11622,11621,5
2019-12-06,16:53:43.570000,11621,11622,11621,1
2019-12-06,16:53:47.419000,11621,11622,11621,1
2019-12-06,16:53:47.969000,11621,11622,11621,5
2019-12-06,16:53:59.875000,11620,11622,11620,3
2019-12-06,16:54:18.204000,11621,11622,11621,1
2019-12-06,16:54:23.056000,11621,11622,11621,5
2019-12-06,16:54:25.948000,11621,11622,11621,1
2019-12-06,16:54:30.171000,11620,11621,11620,2
2019-12-06,16:54:30.988000,11620,11621,11621,10
2019-12-06,16:54:32.142000,11620,11621,11621,5
2019-12-06,16:54:32.564000,11621,11622,11621,1
2019-12-06,16:54:34.768000,11621,11622,11621,1
2019-12-06,16:54:59.746000,11621,11622,11621,1
2019-12-06,16:55:01.379000,11621,11622,11621,1
2019-12-06,16:55:03.072000,11621,11622,11621,1
2019-12-06,16:55:16.239000,11621,11622,11621,5
2019-12-06,16:55:21.587000,11621,11622,11621,1
2019-12-06,16:55:27.767000,11621,11622,11621,3
2019-12-06,16:55:49.102000,11621,11622,11621,1
2019-12-06,16:56:00.592000,11621,11622,11622,1
2019-12-06,16:56:01.475000,11621,11622,11622,1
2019-12-06,16:56:01.681000,11621,11622,11622,4
2019-12-06,16:56:08.575000,11622,11623,11623,4
2019-12-06,16:56:10.518000,11623,11624,11623,1
2019-12-06,16:56:13.435000,11623,11624,11624,1
2019-12-06,16:56:15.138000,11623,11624,11624,1
2019-12-06,16:56:33.124000,11623,11624,11624,8
2019-12-06,16:56:39.005000,11623,11624,11624,1
2019-12-06,16:56:42.305000,11623,11624,11624,1
2019-12-06,16:56:55.570000,11624,11625,11624,2
2019-12-06,16:56:59.545000,11623,11625,11623,1
2019-12-06,16:57:11.311000,11623,11624,11624,1
2019-12-06,16:57:11.693000,11623,11624,11624,1
2019-12-06,16:57:11.717000,11623,11624,11624,2
2019-12-06,16:57:11.717000,11623,11624,11625,1
2019-12-06,16:57:11.810000,11623,11625,11625,3
2019-12-06,16:57:11.880000,11623,11625,11625,1
2019-12-06,16:57:11.909000,11623,11625,11625,2
2019-12-06,16:57:11.964000,11623,11625,11625,3
2019-12-06,16:57:12.060000,11624,11625,11625,3
2019-12-06,16:57:12.063000,11624,11625,11625,2
2019-12-06,16:57:12.087000,11624,11625,11625,1
2019-12-06,16:57:12.187000,11624,11625,11625,3
2019-12-06,16:57:12.209000,11624,11625,11625,3
2019-12-06,16:57:12.409000,11624,11625,11625,2
2019-12-06,16:57:12.409000,11624,11625,11625,1
2019-12-06,16:57:12.420000,11624,11625,11625,3
2019-12-06,16:57:12.565000,11624,11625,11625,1
2019-12-06,16:57:13.664000,11624,11625,11625,1
2019-12-06,16:57:34.561000,11624,11625,11625,1
2019-12-06,16:57:45.185000,11624,11625,11625,1
2019-12-06,16:57:46.766000,11624,11625,11625,3
2019-12-06,16:57:47.725000,11624,11625,11625,12
2019-12-06,16:57:47.725000,11624,11625,11626,39
2019-12-06,16:57:47.805000,11624,11626,11626,4
2019-12-06,16:57:47.805000,11624,11626,11626,6
2019-12-06,16:57:47.932000,11625,11626,11626,1
2019-12-06,16:57:48.567000,11625,11627,11625,1
2019-12-06,16:57:59.373000,11625,11626,11625,1
2019-12-06,16:58:02.445000,11625,11626,11625,1
2019-12-06,16:58:18.293000,11625,11626,11625,1
2019-12-06,16:58:37.611000,11625,11626,11625,1
2019-12-06,16:58:37.680000,11625,11626,11625,4
2019-12-06,16:58:37.805000,11625,11626,11625,1
2019-12-06,16:58:39.303000,11624,11625,11625,1
2019-12-06,16:59:10.680000,11624,11625,11625,2
2019-12-06,16:59:26.533000,11625,11626,11625,1
2019-12-06,16:59:32.313000,11625,11626,11626,1
2019-12-06,16:59:34.536000,11625,11626,11626,1
2019-12-06,16:59:38.557000,11625,11626,11626,2
2019-12-06,16:59:44.680000,11624,11625,11625,1
2019-12-06,17:00:10.526000,11625,11626,11625,1
2019-12-06,17:00:11.111000,11625,11626,11626,26
2019-12-06,17:00:13.025000,11625,11626,11626,2
2019-12-06,17:00:15.111000,11625,11626,11626,1
2019-12-06,17:00:15.550000,11625,11626,11625,1
2019-12-06,17:00:20.565000,11625,11626,11626,3
2019-12-06,17:00:45.597000,11625,11626,11625,8
2019-12-06,17:00:54.067000,11624,11625,11624,1
2019-12-06,17:01:04.525000,11624,11625,11624,1
2019-12-06,17:01:13.732000,11624,11625,11624,1
2019-12-06,17:01:36.850000,11624,11625,11625,1
2019-12-06,17:01:36.853000,11624,11625,11625,1
2019-12-06,17:01:37.125000,11624,11625,11625,1
2019-12-06,17:01:37.307000,11624,11625,11625,1
2019-12-06,17:01:48.270000,11624,11625,11625,3
2019-12-06,17:01:50.343000,11624,11625,11625,2
2019-12-06,17:01:53.525000,11624,11625,11624,1
2019-12-06,17:01:54.236000,11624,11625,11625,1
2019-12-06,17:02:26.962000,11624,11625,11625,2
2019-12-06,17:02:42.515000,11624,11625,11624,1
2019-12-06,17:02:55.053000,11624,11625,11625,1
2019-12-06,17:03:07.446000,11624,11625,11625,1
2019-12-06,17:03:11.136000,11624,11625,11625,1
2019-12-06,17:03:12.114000,11624,11625,11625,5
2019-12-06,17:03:27.098000,11625,11626,11625,1
2019-12-06,17:03:31.513000,11625,11626,11625,1
2019-12-06,17:04:20.511000,11624,11625,11624,1
2019-12-06,17:04:25.137000,11624,11625,11625,1
2019-12-06,17:04:28.702000,11624,11625,11624,2
2019-12-06,17:04:36.242000,11624,11625,11624,1
2019-12-06,17:04:42.042000,11624,11625,11624,1
2019-12-06,17:04:51.555000,11624,11625,11625,1
2019-12-06,17:05:09.560000,11624,11625,11624,1
2019-12-06,17:05:31.478000,11624,11625,11624,1
2019-12-06,17:05:53.530000,11624,11625,11624,2
2019-12-06,17:05:58.560000,11624,11625,11624,1
2019-12-06,17:06:47.531000,11624,11625,11624,1
2019-12-06,17:06:51.209000,11624,11625,11624,1
2019-12-06,17:07:36.552000,11624,11625,11624,1
2019-12-06,17:07:36.558000,11624,11625,11625,1
2019-12-06,17:07:36.558000,11624,11625,11625,1
2019-12-06,17:07:40.090000,11624,11625,11625,1
2019-12-06,17:07:41.898000,11624,11625,11625,4
2019-12-06,17:08:01.335000,11624,11625,11625,13
2019-12-06,17:08:01.335000,11624,11625,11625,2
2019-12-06,17:08:01.335000,11624,11625,11625,4
2019-12-06,17:08:02.116000,11625,11626,11626,1
2019-12-06,17:08:02.912000,11625,11626,11625,1
2019-12-06,17:08:10.099000,11624,11625,11625,1
2019-12-06,17:08:13.452000,11625,11626,11625,2
2019-12-06,17:08:17.970000,11625,11626,11625,1
2019-12-06,17:08:25.593000,11624,11626,11624,1
2019-12-06,17:09:14.526000,11624,11625,11624,1
2019-12-06,17:09:26.427000,11624,11625,11625,1
2019-12-06,17:09:34.035000,11624,11625,11625,2
2019-12-06,17:09:42.626000,11625,11626,11625,1
2019-12-06,17:10:00.254000,11625,11626,11625,1
2019-12-06,17:10:03.587000,11625,11626,11625,1
2019-12-06,17:10:07.505000,11625,11626,11626,1
2019-12-06,17:10:12.425000,11625,11626,11626,1
2019-12-06,17:10:18.483000,11625,11626,11625,1
2019-12-06,17:10:28.917000,11625,11626,11626,40
2019-12-06,17:10:28.930000,11625,11626,11626,3
2019-12-06,17:10:28.930000,11625,11626,11626,3
2019-12-06,17:10:29.055000,11625,11626,11626,1
2019-12-06,17:10:37.409000,11626,11627,11626,1
2019-12-06,17:10:39.137000,11626,11627,11626,2
2019-12-06,17:10:52.550000,11625,11626,11625,1
2019-12-06,17:11:08.169000,11625,11626,11626,1
2019-12-06,17:11:14.003000,11625,11626,11626,1
2019-12-06,17:11:19.080000,11625,11626,11626,1
2019-12-06,17:11:22.333000,11625,11626,11626,1
2019-12-06,17:11:23.223000,11625,11626,11625,1
2019-12-06,17:11:23.938000,11625,11626,11626,1
2019-12-06,17:11:35.541000,11626,11627,11627,2
2019-12-06,17:11:36.015000,11626,11627,11627,1
2019-12-06,17:11:41.566000,11626,11627,11626,1
2019-12-06,17:11:48.851000,11626,11627,11626,1
2019-12-06,17:11:58.687000,11626,11627,11626,5
2019-12-06,17:12:30.590000,11626,11627,11626,1
2019-12-06,17:12:35.615000,11626,11627,11627,3
2019-12-06,17:12:43.767000,11626,11627,11627,5
2019-12-06,17:12:48.120000,11626,11627,11627,2
2019-12-06,17:12:50.584000,11626,11627,11627,5
2019-12-06,17:12:57.549000,11626,11627,11627,1
2019-12-06,17:12:58.259000,11626,11627,11627,1
2019-12-06,17:12:58.507000,11626,11627,11627,1
2019-12-06,17:13:01.106000,11626,11627,11627,2
2019-12-06,17:13:01.468000,11626,11627,11627,3
2019-12-06,17:13:01.566000,11626,11627,11627,3
2019-12-06,17:13:01.702000,11626,11627,11627,2
2019-12-06,17:13:01.806000,11626,11627,11627,5
2019-12-06,17:13:05.498000,11626,11627,11627,5
2019-12-06,17:13:05.556000,11626,11627,11627,8
2019-12-06,17:13:15.443000,11626,11627,11626,1
2019-12-06,17:13:15.656000,11626,11627,11627,2
2019-12-06,17:13:16.407000,11626,11627,11627,3
2019-12-06,17:13:19.604000,11626,11627,11626,1
2019-12-06,17:13:24.565000,11626,11627,11627,1
2019-12-06,17:13:25.899000,11626,11627,11627,1
2019-12-06,17:13:28.271000,11626,11627,11627,3
2019-12-06,17:13:28.361000,11626,11627,11626,1
2019-12-06,17:13:30.682000,11626,11627,11627,1
2019-12-06,17:13:38.315000,11626,11627,11627,1
2019-12-06,17:13:40.559000,11626,11627,11626,1
2019-12-06,17:13:41.138000,11626,11627,11627,1
2019-12-06,17:13:45.140000,11626,11627,11627,1
2019-12-06,17:13:46.307000,11626,11627,11627,1
2019-12-06,17:13:52.385000,11626,11627,11627,1
2019-12-06,17:13:53.083000,11626,11627,11627,3
2019-12-06,17:13:53.298000,11626,11627,11627,5
2019-12-06,17:13:54.135000,11626,11628,11626,2
2019-12-06,17:14:08.586000,11627,11628,11627,1
2019-12-06,17:14:10.934000,11626,11627,11627,1
2019-12-06,17:14:34.046000,11626,11627,11627,1
2019-12-06,17:14:34.298000,11626,11627,11627,1
2019-12-06,17:14:34.635000,11626,11627,11627,1
2019-12-06,17:14:34.828000,11626,11628,11628,1
2019-12-06,17:14:35.100000,11626,11628,11628,3
2019-12-06,17:14:35.361000,11626,11628,11628,2
2019-12-06,17:14:35.367000,11626,11628,11628,1
2019-12-06,17:14:35.499000,11626,11628,11628,3
2019-12-06,17:14:50.461000,11626,11627,11627,1
2019-12-06,17:14:50.461000,11626,11627,11628,1
2019-12-06,17:14:57.520000,11627,11628,11627,1
2019-12-06,17:14:59.055000,11627,11628,11627,1
2019-12-06,17:15:05.629000,11626,11627,11627,2
2019-12-06,17:15:05.629000,11626,11627,11628,2
2019-12-06,17:15:05.976000,11626,11628,11628,2
2019-12-06,17:15:07.027000,11626,11628,11628,1
2019-12-06,17:15:10.221000,11626,11627,11627,4
2019-12-06,17:15:25.055000,11626,11627,11626,1
2019-12-06,17:15:26.507000,11626,11627,11626,1
2019-12-06,17:15:37.049000,11626,11627,11626,1
2019-12-06,17:15:38.953000,11626,11627,11626,1
2019-12-06,17:15:41.178000,11626,11627,11626,1
2019-12-06,17:15:43.301000,11626,11627,11626,1
2019-12-06,17:15:45.585000,11626,11627,11626,1
2019-12-06,17:15:46.514000,11626,11627,11626,1
2019-12-06,17:15:49.037000,11626,11627,11626,1
2019-12-06,17:15:51.145000,11626,11627,11626,1
2019-12-06,17:16:11.927000,11626,11627,11626,11
2019-12-06,17:16:24.167000,11625,11626,11625,1
2019-12-06,17:16:25.522000,11625,11626,11625,3
2019-12-06,17:16:35.571000,11625,11626,11625,1
2019-12-06,17:16:35.683000,11625,11626,11626,1
2019-12-06,17:16:35.684000,11625,11626,11626,1
2019-12-06,17:16:39.930000,11625,11626,11626,1
2019-12-06,17:17:01.477000,11625,11626,11626,1
2019-12-06,17:17:02.341000,11625,11626,11626,1
2019-12-06,17:17:20.638000,11625,11626,11626,1
2019-12-06,17:17:23.932000,11625,11626,11626,17
2019-12-06,17:17:24.533000,11625,11627,11625,1
2019-12-06,17:17:44.134000,11625,11626,11626,1
2019-12-06,17:18:13.572000,11625,11626,11625,1
2019-12-06,17:18:16.503000,11625,11626,11625,1
2019-12-06,17:18:19.714000,11625,11626,11625,1
2019-12-06,17:18:25.232000,11625,11626,11626,1
2019-12-06,17:18:35.886000,11625,11626,11625,1
2019-12-06,17:18:35.930000,11625,11626,11625,3
2019-12-06,17:18:35.930000,11625,11626,11625,1
2019-12-06,17:18:35.930000,11625,11626,11625,2
2019-12-06,17:18:36.055000,11625,11626,11625,1
2019-12-06,17:18:36.055000,11625,11626,11625,5
2019-12-06,17:18:54.236000,11624,11625,11625,1
2019-12-06,17:18:58.540000,11624,11625,11625,1
2019-12-06,17:19:02.588000,11624,11625,11624,1
2019-12-06,17:19:04.984000,11624,11625,11624,1
2019-12-06,17:19:07.441000,11624,11625,11625,1
2019-12-06,17:19:17.049000,11624,11625,11625,1
2019-12-06,17:19:21.236000,11624,11625,11625,1
2019-12-06,17:19:47.271000,11625,11626,11625,1
2019-12-06,17:19:47.934000,11625,11626,11625,1
2019-12-06,17:19:51.540000,11625,11626,11625,1
2019-12-06,17:20:00.307000,11625,11626,11625,1
2019-12-06,17:20:13.666000,11625,11626,11625,1
2019-12-06,17:20:17.580000,11625,11626,11625,2
2019-12-06,17:20:23.367000,11624,11625,11625,1
2019-12-06,17:20:27.055000,11625,11626,11625,3
2019-12-06,17:20:27.180000,11625,11626,11625,1
2019-12-06,17:20:27.305000,11625,11626,11625,5
2019-12-06,17:20:27.430000,11625,11626,11625,1
2019-12-06,17:20:27.555000,11625,11626,11625,1
2019-12-06,17:20:27.805000,11625,11626,11625,1
2019-12-06,17:20:28.180000,11625,11626,11625,1
2019-12-06,17:20:32.680000,11625,11626,11625,2
2019-12-06,17:20:41.101000,11624,11626,11624,1
2019-12-06,17:20:57.300000,11624,11625,11625,1
2019-12-06,17:20:58.180000,11625,11626,11625,4
2019-12-06,17:21:04.055000,11625,11626,11625,1
2019-12-06,17:21:04.180000,11625,11626,11625,2
2019-12-06,17:21:11.169000,11624,11625,11625,2
2019-12-06,17:21:11.275000,11624,11625,11625,3
2019-12-06,17:21:11.305000,11625,11626,11625,3
2019-12-06,17:21:11.430000,11625,11626,11625,5
2019-12-06,17:21:14.177000,11624,11626,11625,1
2019-12-06,17:21:15.103000,11624,11625,11625,1
2019-12-06,17:21:23.930000,11625,11626,11625,1
2019-12-06,17:21:29.610000,11624,11626,11624,1
2019-12-06,17:22:15.088000,11624,11625,11624,1
2019-12-06,17:22:18.549000,11624,11625,11624,1
2019-12-06,17:22:22.622000,11624,11625,11624,1
2019-12-06,17:22:47.077000,11624,11625,11625,1
2019-12-06,17:22:57.098000,11624,11625,11625,8
2019-12-06,17:22:57.182000,11625,11626,11626,1
2019-12-06,17:22:57.184000,11625,11626,11626,1
2019-12-06,17:23:07.528000,11625,11626,11625,1
2019-12-06,17:23:40.928000,11625,11626,11626,1
2019-12-06,17:23:55.847000,11625,11626,11625,1
2019-12-06,17:23:56.607000,11625,11626,11625,1
2019-12-06,17:24:08.622000,11625,11626,11625,1
2019-12-06,17:24:21.518000,11625,11626,11626,1
2019-12-06,17:24:30.917000,11625,11626,11626,1
2019-12-06,17:24:31.237000,11625,11626,11625,1
2019-12-06,17:24:35.892000,11625,11626,11626,1
2019-12-06,17:24:43.456000,11625,11626,11626,1
2019-12-06,17:25:32.661000,11625,11626,11626,1
2019-12-06,17:25:35.932000,11625,11626,11626,1
2019-12-06,17:26:12.932000,11625,11626,11626,1
2019-12-06,17:26:26.930000,11625,11626,11625,22
2019-12-06,17:26:27.055000,11625,11626,11625,2
2019-12-06,17:26:32.350000,11624,11625,11625,1
2019-12-06,17:26:49.380000,11624,11625,11625,1
2019-12-06,17:26:53.712000,11624,11625,11624,10
2019-12-06,17:26:53.732000,11624,11625,11624,2
2019-12-06,17:26:53.732000,11624,11625,11624,8
2019-12-06,17:26:53.734000,11624,11625,11624,2
2019-12-06,17:26:53.734000,11624,11625,11624,4
2019-12-06,17:26:54.057000,11623,11624,11623,2
2019-12-06,17:26:54.335000,11623,11624,11623,1
2019-12-06,17:26:54.383000,11623,11624,11623,1
2019-12-06,17:26:54.555000,11623,11624,11623,1
2019-12-06,17:27:03.793000,11622,11624,11622,1
2019-12-06,17:27:04.832000,11622,11624,11622,1
2019-12-06,17:27:59.337000,11623,11624,11623,1
2019-12-06,17:28:14.253000,11623,11624,11624,2
2019-12-06,17:28:17.698000,11624,11625,11624,2
2019-12-06,17:29:02.286000,11623,11624,11624,2
2019-12-06,17:29:39.777000,11623,11624,11623,1
2019-12-06,17:30:02.187000,11623,11624,11624,1
2019-12-06,17:30:02.374000,11623,11624,11623,1
2019-12-06,17:30:03.155000,11623,11624,11624,1
2019-12-06,17:30:09.948000,11623,11624,11623,1
2019-12-06,17:30:19.056000,11623,11624,11624,5
2019-12-06,17:30:38.592000,11624,11625,11624,1
2019-12-06,17:30:38.592000,11624,11625,11624,1
2019-12-06,17:30:38.592000,11624,11625,11624,1
2019-12-06,17:30:53.740000,11623,11624,11624,1
2019-12-06,17:31:48.132000,11623,11624,11624,1
2019-12-06,17:31:48.307000,11623,11624,11624,1
2019-12-06,17:32:04.683000,11623,11624,11624,1
2019-12-06,17:32:05.231000,11623,11624,11623,2
2019-12-06,17:32:05.315000,11623,11624,11624,1
2019-12-06,17:32:12.803000,11623,11624,11624,2
2019-12-06,17:32:35.448000,11623,11624,11624,1
2019-12-06,17:32:38.464000,11623,11624,11624,1
2019-12-06,17:32:38.470000,11623,11624,11624,1
2019-12-06,17:32:38.555000,11623,11624,11624,1
2019-12-06,17:32:38.555000,11623,11624,11624,1
2019-12-06,17:33:01.631000,11623,11624,11624,1
2019-12-06,17:33:12.173000,11624,11625,11624,1
2019-12-06,17:33:25.734000,11624,11625,11624,1
2019-12-06,17:33:29.330000,11624,11625,11625,1
2019-12-06,17:33:30.968000,11624,11625,11625,25
2019-12-06,17:33:35.579000,11624,11625,11625,1
2019-12-06,17:33:39.492000,11624,11625,11625,1
2019-12-06,17:33:40.298000,11624,11625,11625,1
2019-12-06,17:33:51.040000,11625,11626,11625,1
2019-12-06,17:33:52.037000,11625,11626,11625,1
2019-12-06,17:34:09.610000,11625,11626,11625,1
2019-12-06,17:34:10.782000,11625,11626,11626,1
2019-12-06,17:34:21.743000,11625,11626,11625,5
2019-12-06,17:34:33.215000,11624,11625,11625,1
2019-12-06,17:34:54.182000,11624,11625,11625,1
2019-12-06,17:34:54.183000,11624,11625,11625,1
2019-12-06,17:36:10.158000,11624,11625,11625,1
2019-12-06,17:36:10.547000,11624,11625,11625,2
2019-12-06,17:36:37.555000,11624,11625,11624,1
2019-12-06,17:36:37.680000,11624,11625,11624,7
2019-12-06,17:36:37.681000,11624,11625,11624,5
2019-12-06,17:37:09.080000,11624,11625,11624,1
2019-12-06,17:37:40.551000,11623,11624,11624,1
2019-12-06,17:37:57.092000,11623,11624,11624,1
2019-12-06,17:38:02.185000,11623,11624,11624,2
2019-12-06,17:38:30.362000,11623,11624,11624,1
2019-12-06,17:38:50.904000,11623,11624,11624,1
2019-12-06,17:39:09.223000,11623,11624,11624,2
